4004 6188
459 325 568 384 519

1368 322 1426 375 Β.
1467 316 1718 378 CAROLI
1756 318 1974 379 MAG-Nl
2008 320 2162 379 OPP.
2202 319 2386 378 PARS
2423 321 2462 375 l.
2504 316 2870 375 SECTlO'lIl.

3594 333 3687 393 δεῖ)

705 438 1039 511 pcrsisteret,
1069 436 1143 491 ita
1172 445 1410 503 maneat,
1460 438 1562 493 sub
1590 452 1660 491 eo
1707 450 1933 509 prorsus
1958 445 2038 491 tc—
2067 445 2109 500 Α
2141 446 2323 493 erunt.
2364 436 2698 507 lnterrogate
2731 435 2947 506 quidem
2987 434 3173 492 lideles
3198 444 3420 507 vestros,
3450 450 3501 497 et
3527 453 3691 506 omnia

457 530 590 591 nore
626 553 639 587 :
686 531 832 595 utsi,
880 529 1108 584 Domino
1135 536 1407 583 annuente
1455 536 1511 583 et
1534 529 1696 584 beato
1725 527 1887 583 Petro
1913 544 2043 599 apo-

455 630 596 688 stolo
618 634 956 700 protegente,
978 638 1076 694 per
1092 629 1329 678 vestram
1353 622 1409 677 in
1423 622 1713 693 triumphis
1737 622 2043 687 victoriam,

457 720 573 794 ipsa
603 734 700 775 sua
722 715 879 779 sedes
905 713 980 768 illi
1004 713 1253 768 restituta
1280 711 1467 779 fuerit,
1493 711 1791 767 secundum
1814 712 2049 782 qualiter

457 810 716 883 pricdicta
746 804 947 861 Polana
993 803 1227 860 ecclesia
1278 803 1487 873 integra
1541 817 1665 857 eum
1713 801 1895 858 omnia
1944 802 2047 857 sibi

456 900 783 974 pertinentia
825 896 1161 967 susceperit,
1185 895 1267 950 sic
1309 894 1504 949 iterum
1531 908 1596 948 ea
1628 894 1965 959 restituatur,
1994 900 2052 948 et

458 1010 568 1051 non
592 994 660 1049 de
680 991 843 1047 rebus
871 987 990 1057 ejus
1010 992 1105 1041 aut
1148 984 1377 1054 pecunia
1425 982 1494 1037 ad
1523 998 1677 1039 suam
1703 980 1902 1039 debeat
1923 983 2052 1037 sub-

462 1084 678 1143 trahere
706 1083 909 1143 sedem,
937 1078 1034 1134 sed
1055 1092 1234 1147 neque
1253 1076 1508 1146 cuiquam
1529 1090 1597 1131 ex
1623 1074 1756 1144 ipsis
1777 1074 1939 1129 rebus
1954 1087 2051 1129 seu

458 1174 703 1246 pecuniis
734 1179 898 1241 atque
918 1169 1204 1240 speciebus
1239 1167 1369 1222 dare
1406 1181 1623 1239 quoquo
1661 1166 1822 1221 modo
1847 1179 2052 1236 praesu-

459 1276 574 1324 mat
595 1307 612 1333 ,
652 1273 712 1320 ut
753 1265 872 1335 ipsa
912 1254 1147 1318 ecclesia
1176 1275 1394 1330 semper
1447 1256 1900 1328 irrefragabiliter
1927 1272 2061 1313 cum-

458 1375 561 1416 suo
584 1360 832 1414 antistite
860 1355 1009 1412 salva
1047 1355 1285 1408 existere
1312 1353 1487 1423 possit
1513 1363 1562 1404 α.
1608 1351 1940 1407 Reservatur
1980 1352 2056 1405 si-

462 1451 681 1522 quidem
708 1450 767 1503 in
801 1446 933 1519 ipsis
969 1445 1170 1501 vestris
1209 1443 1586 1515 imperialibus
1619 1443 1895 1512 apicibus,
1923 1456 2056 1512 quo-

463 1541 626 1597 modo
684 1537 741 1593 iu
792 1537 966 1609 Aquis
1022 1534 1225 1606 palatio
1288 1533 1571 1589 nobiscum
1626 1530 1943 1603 providistis
1990 1531 2061 1589 de

461 1628 799 1701 Aquileiensi
816 1627 1074 1693 ecclesia,
1108 1625 1256 1681 velut
1282 1641 1387 1680 una
1414 1641 1539 1695 qum
1571 1640 1725 1680 suam
1752 1624 1937 1682 sedem
1962 1623 2060 1679 ha-

463 1721 621 1776 beret
650 1720 699 1773 ι’.
727 1718 926 1774 Credat
943 1716 1091 1773 enim
1115 1714 1272 1770 nobis
1295 1722 1477 1769 vestra
1500 1713 1805 1781 clementia,
1836 1721 1894 1769 et
1913 1712 2057 1783 quod

462 1811 726 1885 quidquid
750 1810 953 1867 ibidem
988 1823 1095 1864 una
1119 1807 1399 1863 vobiscum
1427 1807 1513 1863 vel
1538 1822 1664 1862 cum
1706 1804 1971 1862 fratribus
1996 1813 2054 1861 et
2081 1797 2133 1862 Β

463 1902 801 1976 coepiscopis
828 1899 1031 1957 nostris
1081 1906 1333 1954 oratores
1374 1898 1540 1952 vestri
1578 1896 2054 1967 pertractavimus,

463 1995 646 2053 omnia
677 1993 748 2047 ad
774 1990 1082 2046 mercedem
1103 1988 1299 2043 animae
1324 1998 1522 2043 vestra:
1566 2002 1663 2043 seu
1705 1987 1939 2044 ﬁliorum
1965 2002 2059 2044 ve-

463 2090 703 2138 strorum
724 2094 846 2136 esse
873 2077 1226 2149 conspicitur.
1249 2075 1609 2150 0muipotens
1648 2084 1705 2133 et
1747 2077 2061 2134 misericors

463 2175 606 2231 Deus
628 2187 726 2242 per
763 2169 1215 2226 intercessionem
1246 2176 1449 2225 sanctae
1474 2184 1588 2224 sua:
1602 2168 1909 2239 genitricis,
1931 2182 2063 2231 suos

464 2277 697 2332 rumque
717 2258 1090 2331 apostolon
1121 2257 1270 2314 Petri
1315 2265 1376 2314 et
1399 2257 1554 2313 Pauli
1585 2258 1678 2315 diu
1712 2272 1810 2314 vos
1855 2258 1912 2314 in
1954 2258 2061 2313 hoc

465 2353 671 2408 mundo
701 2363 1029 2407 conservare
1050 2348 1319 2419 dignetur,
1348 2356 1404 2404 et
1427 2360 1527 2418 per
1552 2348 1847 2404 multorum
1890 2360 2064 2402 anno-

466 2455 589 2496 rum
625 2439 898 2496 curricula
928 2439 1172 2495 coelestia
1200 2453 1369 2509 regna
1404 2454 1531 2495 cum
1582 2439 1697 2495 suis
1749 2437 1913 2495 faciat
1944 2436 2061 2493 adi-

463 2532 622 2604 pisci.
683 2530 998 2588 Piissimum
1064 2529 1270 2586 domini
1316 2531 1603 2602 imperium
1655 2531 1831 2604 gratia
1873 2544 2063 2601 super-

466 2640 537 2679 na
593 2623 886 2692 custodiat,
946 2622 1106 2694 eique
1164 2623 1408 2680 omnium
1467 2624 1709 2697 gentium
1754 2624 1896 2681 colla
1931 2624 2063 2704 sub-

466 2723 701 2773 sternat.

1041 2806 1156 2881 49
1203 2823 1462 2866 ειιιοιιι.
2052 2860 2057 2865 .

537 2903 608 2959 Et
643 2903 750 2961 hoc
790 2910 988 2961 vestrm
1020 2902 1304 2959 serenitati
1347 2903 1602 2960 intimare
1646 2904 1960 2962 curavimus
1995 2904 2064 2961 de

464 2995 694 3068 praefato
717 2996 1035 3060 Fortunato,
1062 3002 1127 3051 ut
1151 2996 1293 3051 sicut
1318 3010 1536 3067 semper
1556 3011 1657 3067 pro
1686 2996 1831 3053 illius
1856 2997 2062 3053 honore

469 3088 754 3159 temporali
783 3086 1066 3152 laboratis,
1095 3087 1172 3145 ita
1201 3097 1257 3143 et
1280 3089 1348 3145 de
1378 3088 1562 3145 anima
1595 3086 1714 3157 eius
1743 3103 1929 3145 curam
1963 3102 2062 3159 po-

468 3179 632 3243 natis,
671 3186 731 3234 ut
762 3193 863 3250 per
902 3188 1145 3235 vestrum
1188 3195 1464 3250 pavorem,
1506 3197 1664 3238 suum
1700 3182 2061 3255 ministerium

468 3268 665 3325 melius
684 3269 918 3341 expleat.
943 3267 1091 3337 Quia’
1109 3284 1216 3325 non
1239 3270 1546 3327 audivimus
1568 3270 1636 3327 de
1657 3286 1723 3326 eo
1742 3271 1885 3328 sicut
1910 3271 2065 3329 decet
2100 3304 2106 3309 η

473 3359 541 3415 de
574 3359 1006 3429 archiepiscopo,
1035 3374 1213 3429 neque
1244 3360 1309 3415 de
1338 3361 1586 3431 partibus
1619 3360 1759 3425 istis,
1786 3360 1963 3432 neque
1997 3361 2065 3419 de

469 3452 722 3521 partibus
766 3450 1032 3518 Franciae,
1074 3451 1166 3507 ubi
1209 3467 1334 3508 eum
1377 3451 1742 3510 beneﬁciastis
1776 3465 1823 3508 ο.
1861 3452 2064 3510 Tamen

470 3542 672 3613 gratias
699 3542 912 3613 agimus
940 3542 1073 3609 Deo,
1105 3541 1232 3613 quia
1264 3542 1448 3598 omnia
1475 3543 1629 3599 vobis
1657 3542 2063 3616 incognita‘nou

543 3732 590 3803 ﬁ;
609 3719 882 3806 Formulze
906 3720 1093 3806 Diqrni
1122 3718 1441 3806 pontiﬁcum
1478 3727 1610 3806 tunc
1649 3719 1886 3806 maximo
1908 3730 2064 3806 erant

474 3792 594 3847 usui
628 3810 642 3846 :
674 3807 843 3862 quare
866 3792 1013 3847 haud
1035 3805 1273 3849 canones
1297 3800 1355 3847 et
1401 3792 1619 3849 decreta
1648 3792 1800 3849 adire
1820 3794 2065 3861 oportuit

471 3860 729 3933 debonis
775 3861 1020 3933 ecclesia:
1065 3878 1171 3918 non
1199 3862 1522 3933 alienandis,
1553 3868 1660 3917 etc.
1689 3862 2064 3933 Easconsule

473 3929 652 4004 (ρίαν.
708 3947 832 4004 cap.
872 3932 1068 4004 5)_una
1117 3948 1240 4004 cum
1274 3930 1526 4004 Camerii
1581 3929 1841 4004 subjectis
1896 3934 2061 3989 notis.

471 4001 719 4073 Gregorii
743 4001 890 4059 enim
910 4001 1093 4075 Magni
1117 4003 1313 4058 litterae
1334 4003 1405 4058 ab
1425 4017 1492 4058 eo
1506 4002 1736 4059 laudata:
1758 4003 1866 4060 huc
1891 4004 2066 4058 maxi-

472 4085 562 4145 me
586 4081 851 4145 spectant.

547 4142 574 4181 ι’
603 4141 858 4214 Aquileia
885 4152 997 4199 tum
1035 4143 1299 4214 tempuris
1322 4141 1611 4214 videbatur
1629 4143 1907 4214 derelicta.
1925 4143 2066 4200 Hinc

473 4211 740 4295 siquidem
766 4212 1037 4295 ﬁrmlqu
1097 4211 1253 4295 sedes
1314 4212 1695 4295 patriarcbalis
1738 4211 2064 4295 jampridem

474 4282 735 4339 translata
764 4282 1044 4354 increpet
1069 4290 1192 4352 post
1217 4282 1397 4354 varias
1440 4282 1590 4339 vices
1639 4297 1727 4352 ap.
1779 4282 2061 4354 Ughellum

474 4354 754 4424 videndas,
780 4353 1026 4424 Forijulii
1068 4360 1199 4408 tunc
1248 4353 1524 4424 resident
1561 4353 1890 4424 patriarcha,
1919 4356 2062 4424 quod

474 4421 737 4494 Aquileiae
758 4423 1112 4494 municipium
1134 4430 1369 4494 vocatur
1398 4423 1481 4494 ing
1502 4421 1640 4478 actis
1675 4421 2067 4492 Foroiuliensis

474 4491 667 4563 synodi
693 4509 723 4547 a
756 4491 985 4548 Paulino
1012 4492 1299 4549 celebratae
1321 4509 1410 4548 an.
1450 4492 1575 4558 79l,
1604 4494 1679 4549 ita
1709 4504 1770 4549 ut
1795 4491 1851 4551 in
1880 4494 2059 4551 Caroli

474 4563 992 4635 etia‘m_testamento
1018 4578 1108 4617 an.
1134 4564 1259 4630 8ll,
1297 4580 1421 4635 non;
1435 4563 1681 4634 Aquileia
1722 4564 2058 4635 metropolis,

474 4633 571 4689 sed
618 4630 943 4704 Eorumjulii
994 4642 1344 4704 memoretur.
1391 4630 1531 4702 Quid
1578 4645 1759 4690 autem
1813 4630 1918 4689 an:
1956 4636 2064 4692 804

477 4702 721 4775 pontifex
743 4702 867 4759 cuin
889 4703 1089 4760 Carolo
1108 4708 1176 4759 de
1219 4704 1467 4775 Aquileia
1497 4706 1871 4769 deliberarint,
1915 4704 2063 4762 facili

474 4773 694 4845 negetio
730 4775 1072 4847 assequimur
1096 4788 1164 4847 ex
1185 4773 1302 4847 Aliis—
1320 4776 1501 4831 verbis
1538 4793 1551 4830 :
1578 4775 1735 4847 velut
1768 4793 1896 4839 una,
1943 4793 2063 4847 qua!

475 4844 839 4916 suamgsedem
861 4844 1091 4900 haberet.
1118 4845 1203 4916 Ad
1239 4844 1573 4903 Gradensem
1600 4846 1868 4916 siquidem
1890 4844 2064 4902 eccle-

475 4914 614 4969 siam
634 4913 759 4988 ,ἰυτέ
788 4923 877 4988 ,et_
919 4916 1058 4988 bona
1117 4915 1478 4987 Aquileiensis
1536 4913 1893 4988 transierant;
1937 4917 2064 4972 hinc

476 4993 657 5040 autem
719 4985 1115 5057 Forojuliensis
1162 4985 1319 5057 plura
1344 4987 1448 5043 sibi
1480 4988 1790 5052 asserebat;
1843 4987 1910 5042 de
1947 4987 2062 5057 ipsa

474 5056 827 5125 patriarchali
853 5055 980 5115 sede
1012 5055 1260 5128 Aquileia
1294 5060 1349 5113 in
1370 5066 1571 5128 statum
1592 5058 1885 5128 pristinum
1910 5055 2066 5112 revo-

477 5128 649 5183 canda
663 5141 733 5183 ne
753 5127 1094 5198 cogitabatur
1106 5129 1347 5198 quidem.
1367 5127 1729 5194 Quamobrem
1752 5127 1864 5181 Leo
1888 5128 2065 5197 egisse

475 5198 691 5269 videtqr
716 5196 843 5269 cum
864 5196 1059 5269 Carolo
1089 5196 1157 5254 de
1195 5197 1533 5269 Aquileiensi
1574 5199 1701 5254 sede
1731 5196 2065 5269 restituenda

475 5282 600 5322 cum
626 5267 874 5338 Forijulii
919 5267 1278 5326 detrimentoi
1308 5270 1364 5326 ld
1414 5268 1624 5324 scilicet
1673 5276 1905 5338 uterque
1929 5268 2061 5324 Cre-

475 5338 661 5461 gorius
678 5337 723 5393 ll
752 5337 808 5395 et
832 5339 906 5425 Ill.
943 5338 1234 5422 periclitati
1278 5348 1437 5396 erant
1488 5337 1831 5422 declarantes’
1867 5338 2064 5421 Forum

509 5408 604 5461 ulti
625 5411 968 5461 metronolmi
988 5409 1156 5461 solius
1180 5410 1407 5461 ducatus
1439 5410 1844 5461 Foroiuliensis.
1872 5409 1943 5461 At
1983 5425 2064 5461 m-

509 5408 608 5481 ulii
625 5408 968 5481 metropolim
988 5409 1156 5481 solius
1180 5410 1407 5466 ducatus
1439 5408 1844 5481 Foroiuliensis.
1870 5409 1943 5481 At
1983 5410 2067 5464 ni-

478 5478 551 5532 hil
580 5479 645 5534 de
673 5478 921 5551 Aquileia
946 5480 1248 5551 perfectum
1280 5496 1402 5537 esse
1424 5478 1661 5537 ostendit
1697 5481 1809 5536 Leo
1845 5478 1916 5535 IX
1946 5488 2075 5551 post

477 5563 651 5621 annos
835 5549 969 5606 Nam
998 5552 1066 5607 de
1087 5549 1444 5620 Foroiuliensi
1474 5551 1758 5621 metropoli
1785 5549 2068 5620 utriusque

476 5617 723 5687 Gregorii
748 5622 961 5676 decreta
991 5617 1288 5687 instaurat;
1330 5625 1424 5678 sed
1446 5622 1603 5691 longe
1632 5617 1692 5676 ut
1718 5622 1788 5677 de
1821 5617 2066 5691 Aquileia

486 5691 736 5762 restituta
775 5692 1069 5762 quidquam
1096 5692 1352 5762 proferat,
1379 5691 1618 5748 Crudum
1664 5707 1858 5747 novam
1902 5693 2070 5761 Aqui-

482 5758 640 5811 leiam
672 5758 941 5829 appellat,
975 5758 1131 5830 eique
1153 5758 1410 5819 Histriam
1438 5772 1494 5818 et
1522 5763 1801 5818 Venetiam
1826 5758 2063 5831 subjicit.

2144 533 2298 588 vobis
2334 540 2462 586 nota
2489 529 2638 593 fient,
2667 544 2735 585 eo
2758 528 2905 599 quod
2932 528 3033 596 illi,
3061 530 3154 599 qui
3183 531 3336 587 vobis
3374 548 3493 590 eum
3518 539 3697 597 collau-

2146 627 2297 690 dant,
2348 626 2449 681 hoc
2484 639 2582 694 per
2616 637 2840 679 munera
2883 630 2940 678 et
2974 622 3230 680 calciaria
3257 623 3285 665 ἀ
3316 623 3528 685 faciunt.
3574 631 3710 698 Quid.

2144 715 2304 772 nobis
2354 714 2476 785 plus
2522 714 2754 769 amabile
2800 721 2913 778 est,
2977 728 3139 784 quam
3199 723 3372 778 vestra
3418 719 3701 777 dulcissima

2147 807 2366 863 anima?
2418 806 2487 861 Et
2532 807 2675 861 Deus
2719 804 2969 876 cognitor
3013 812 3115 871 est,
3166 806 3292 876 quia
3335 817 3454 878 post
3497 810 3701 871 salutem

2147 899 2343 954 anima:
2367 907 2562 955 vestrae
2590 899 2706 954 haec
2734 899 2918 954 omnia
2946 898 3101 954 vobis
3125 899 3473 967 insinuamus,
3498 918 3558 963 eo
3579 908 3707 975 quod

2150 993 2217 1049 de
2256 1001 2411 1048 tanto
2457 1008 2662 1055 amore,
2713 1006 2875 1062 quem
2923 1007 3054 1063 erga
3099 1000 3336 1048 vestram
3386 996 3706 1053 serenitatem

2150 1084 2408 1157 gerimus,
2436 1084 2559 1139 ideo
2587 1082 2751 1139 silere
2776 1098 2883 1139 non
2907 1092 3214 1153 pessumus.
3246 1082 3472 1141 Potestis
3500 1087 3710 1142 interro-

2151 1192 2281 1248 gare
2302 1175 2524 1231 fratrem
2544 1183 2793 1232 nostrum
2812 1174 3175 1233 Hildibaldum
3204 1188 3229 1217 θ
3248 1177 3705 1252 archiepiscopum,

2152 1279 2208 1327 et
2250 1270 2647 1327 Ercanbaldum
2696 1270 2715 1310 ί
2761 1269 3165 1325 cancellarium.
3223 1269 3489 1327 Fortassis
3537 1274 3713 1329 exinde

2154 1359 2359 1431 aliquid
2405 1359 2790 1431 cognoveritis,
2836 1361 2965 1430 quia
3011 1360 3363 1432 cognovimus
3404 1376 3497 1419 eos
3538 1363 3713 1418 anima:

2154 1459 2354 1507 vestra:
2377 1449 2561 1506 ﬁdeles
2586 1449 2641 1505 in
2665 1449 2942 1507 omnibus.

2658 1582 2766 1656 50
2802 1582 3139 1640 EPISTOLA
3177 1584 3240 1640 ιι.

2300 1689 2571 1740 ρυλιιτειι
2611 1689 2748 1730 IISSI
2785 1689 3069 1731 JUSTITIAI
3110 1691 3343 1732 l-‘AC‘I'IJBI
3381 1691 3591 1734 DAINUH

2800 1761 3101 1801 FECEBUE'I‘.

2440 1791 2566 1910 (Ait.
2591 1835 2750 1891 Dom.
3168 1837 3356 1892 chron.
3379 1837 3461 1911 Ξ.)

2158 1925 2557 1986 Ancuucuruu.
2585 1958 2658 1968 —
2691 1928 2794 1983 Per
2826 1942 2953 1984 suos
2993 1927 3195 1988 missos
3222 1924 3483 1983 Joannem
3535 1927 3724 1997 episco-

2304 2015 2377 2066 m,
2404 2004 2459 2053 et
2482 1997 2740 2068 Basilium
2767 2000 3147 2068 hegumenum,
3173 1999 3545 2053 munusculum
3567 2000 3723 2053 sanci

2274 2070 2378 2125 etri
2412 2067 2657 2141 reliquiis
2682 2067 2894 2141 insigne
2922 2068 3227 2132 ali'erentcs,
3244 2069 3510 2139 queritur,
3541 2068 3724 2141 praedia

2230 2141 2440 2210 aliaque
2479 2140 2548 2196 ad
2570 2140 2830 2210 palatium
2853 2140 3163 2195 Bavmnate
3189 2141 3508 2210 spectantia,
3534 2140 3725 2209 pridem

2229 2213 2298 2267 ab
2326 2208 2587 2266 Hermino
2610 2208 2766 2278 jussu
2792 2208 2968 2268 Caroli
3009 2208 3282 2276 restituta,
3312 2211 3508 2264 iterum
3538 2208 3723 2264 invadi.

2230 2280 2472 2352 Oratque
2499 2289 2558 2336 ut
2582 2282 2928 2339 donationem
2959 2296 2990 2335 a
3016 2280 3241 2350 Pippino
3268 2280 3467 2352 factam
3503 2281 3639 2352 etab
3666 2296 3725 2334 eo

2231 2351 2604 2410 conﬁrmatam
2634 2351 2778 2408 nulla
2808 2367 2876 2407 ex
2894 2359 3048 2422 parte
3069 2351 3305 2422 patiatur
3334 2351 3593 2405 imminui.

2231 2445 2462 2501 Domino
2481 2444 2730 2515 piissimo
2765 2450 2820 2500 et
2845 2443 3214 2509 serenissima,
3241 2442 3439 2499 victori
3470 2458 3532 2498 ac
3556 2442 3728 2497 trium-

2158 2535 2398 2606 phaturi,
2440 2534 2603 2601 Filio,
2630 2533 2860 2591 amatori
2896 2534 2999 2589 Dei
3031 2549 3098 2590 ac
3139 2533 3373 2589 Domini.
3405 2534 3569 2589 nostri
3613 2530 3728 2587 Jesu

2160 2627 2386 2694 Christi,
2423 2626 2620 2684 Carolo
2649 2625 2913 2698 Augusto,
2944 2625 3058 2682 Leo
3086 2625 3379 2698 cpiscopus
3415 2640 3599 2681 servus
3628 2639 3731 2680 ser-

2160 2733 2351 2776 vorum
2374 2718 2472 2774 Dei
2496 2719 2543 2771 ε.

2230 2811 2316 2868 Ad
2362 2808 2471 2867 hoc
2519 2808 2864 2881 omnipotens
2911 2816 2968 2865 et
3019 2807 3311 2865 invisibilis
3364 2806 3508 2864 Deus
3564 2810 3734 2861 noster

2160 2909 2399 2959 vestram
2446 2915 2479 2956 a
2526 2899 2637 2956 Deo
2683 2907 2983 2970 protectam
3049 2898 3390 2969 imperialem
3454 2898 3733 2970 potentiam

2163 3002 2366 3053 sanctae
2389 3008 2504 3051 suae
2525 2992 2783 3049 Ecclesia;
2816 2990 2945 3049 fecit
2979 3006 3102 3049 esse
3130 2992 3437 3061 custodem,
3460 3001 3520 3049 ut
3553 2992 3737 3062 ubique

2164 3084 2557 3159 gubernatione
2592 3082 2848 3140 laudabili
2870 3082 2938 3138 ad
2962 3092 3318 3156 augmentum
3356 3084 3542 3156 gloriae
3560 3091 3737 3139 vestra:

2165 3173 2478 3247 vigilantior
2495 3174 2774 3239 existeret,
2795 3180 2850 3229 et
2873 3188 3009 3243 quos
3030 3173 3260 3230 consilio
3281 3175 3524 3230 exterius
3544 3173 3737 3246 regitis,
3838 3236 3848 3250 δ

2162 3266 2345 3337 perire
2386 3265 2618 3321 interius
2653 3279 2763 3320 non
2791 3264 3141 3334 permittatis,
3182 3274 3463 3335 quatenus
3504 3278 3599 3336 per
3636 3264 3742 3319 fru-

2164 3366 2312 3414 ctum
2341 3357 2447 3428 pia:
2466 3355 2848 3414 sollicitudinis
2867 3365 3066 3413 vestrze
3087 3356 3155 3412 ad
3176 3366 3386 3415 aeterna
3413 3373 3533 3428 qua:
3557 3357 3742 3413 sanctis

2162 3448 2278 3505 suis
2301 3448 2527 3505 daturus
2567 3457 2654 3505 est
2690 3447 2884 3520 gaudia
2922 3447 3231 3521 pertingere
3273 3449 3550 3515 merentis,
3595 3455 3744 3516 atque

2162 3555 2229 3596 ex
2254 3541 2521 3596 honorum
2544 3548 2848 3596 vestrorum
2870 3539 3080 3596 actibus
3100 3539 3323 3612 dignam
3346 3541 3741 3597 retributionem

2165 3718 2531 3795 Yidellaron:
2585 3718 2697 3791 (an.
2734 3716 2857 3785 729,
2889 3732 3039 3795 num.
3084 3716 3120 3773 5
3146 3714 3354 3789 seqq.).
3419 3715 3535 3771 Huc
3586 3713 3738 3795 etiam

2163 3790 2486 3867 Conringius
2512 3789 2796 3867 lectorem__
2811 3789 3038 3867 remittit
3058 3828 3073 3851 ,
3096 3857 3110 3867 _
3127 3802 3190 3867 se
3214 3802 3489 3867 nusquam
3521 3789 3743 3867 reperire

2164 3864 2318 3917 aiens
2349 3857 2479 3930 quid
2529 3860 2598 3915 de
2638 3858 2971 3929 Aquileiensi
2996 3857 3231 3915 ecclesia
3265 3857 3595 3930 Aquisgrani
3625 3870 3745 3910 con-

2170 3939 2382 3989 ventum
2414 3930 2597 3986 fuerit.
3002 3948 3029 3965 σι
3144 3948 3183 3980 ι

2237 4015 2262 4043 ο
2292 4000 2464 4068 Quam
2493 4008 2643 4056 recte
2681 3999 2825 4075 illius
2868 4014 3050 4055 mores
3090 3999 3337 4075 tenuerit
3375 3995 3637 4075 pontifex,
3671 3993 3745 4075 in-

2165 4067 2351 4147 secuta
2392 4069 3054 4147 temporapatefecerunt.
3090 4068 3232 4147 Nam
3263 4067 3493 4147 an_f8l8
3521 4067 3743 4147 reconci—

2166 4144 2296 4199 liata
2322 4157 2448 4198 cum
2475 4135 2695 4197 Venetis
2742 4140 2937 4211 gratia,
2963 4149 3024 4196 ut
3042 4140 3134 4211 ait
3157 4139 3443 4211 Sigonius,
3466 4135 3743 4211 ecclesiam

2163 4208 2768 4289 gradensem‘repetiit'
2802 4210 3165 4289 postmodum
3198 4208 3511 4289 maiestatis
3559 4221 3691 4289 reus-
3716 4219 3745 4257 a

2164 4282 2440 4340 Ludovico
2486 4276 2949 4347 Pio-accersitus,
2986 4276 3325 4337 conscientia
3353 4276 3744 4347 exstimulante,

2165 4351 2688 4423 Constantinopolim
2712 4361 2795 4407 est
2822 4345 3100 4423 profectus
3122 4350 3276 4423 (Bar.
3307 4365 3401 4405 an.
3433 4348 3558 4423 82!,
3583 4364 3637 4405 n.
3665 4345 3744 4407 59,

2165 4434 2221 4481 et
2254 4425 2329 4481 ibi
2354 4425 2428 4479 Pa
2470 4421 2537 4490 .)ξ
2561 4422 2762 4478 Conrin
2805 4421 2833 4476 .'
2858 4422 2912 4477 in
2939 4422 3085 4478 notis
3115 4421 3185 4477 ad
3216 4422 3365 4477 hanc
3390 4421 3549 4490 epist.
3577 4431 3641 4472 ex
3663 4431 3750 4469 an-

2166 4496 2380 4549 nalibus
2408 4441 2742 4549 harancorum
2768 4439 3070 4549 Euiuharto
3114 4491 3345 4548 tributis
3370 4491 3565 4547 eadem
3597 4485 3750 4543 refert

2166 4496 2380 4552 nalibus
2408 4485 2742 4549 irrancorum
2769 4485 3070 4566 Egiuharto
3114 4491 3345 4548 tributis
3370 4485 3565 4547 eadem
3597 4485 3750 4543 refert

2165 4567 2457 4717 “animo
2490 4649 2679 4717 vocem
2714 4633 2855 4717 εμπιιὶ
2878 4648 2978 4717 pro
3003 4634 3198 4717 quovis
3235 4647 3472 4717 munere
3498 4637 3554 4714 et
3573 4624 3753 4717 quavis

2162 4708 2423 4790 pensione
2443 4706 2701 4761 admonet
2729 4705 3051 4788 Pucangius
3091 4712 3206 4785 tum
3235 4704 3345 4760 hac
3381 4704 3440 4759 in
3465 4704 3622 4786 epist.
3645 4707 3750 4781 tum

2164 4794 2219 4833 in
2256 4778 2443 4832 charta
2479 4776 2766 4846 Athanasii
2809 4774 2877 4828 lll
2923 4790 3091 4846 episc.
3127 4774 3392 4846 IVeapLet
3429 4774 3593 4846 alibi;
3636 4769 3752 4823 licet

2164 4844 3257 4985 ⁰⁰¹ἐὝιξ¹¹ῧεὲὶέξῖἒξ¹¹ίιῗ⁰2ἶῖθ2ὶᾷξ²ιέιὲῗ
3279 4842 3755 4985 ﬂight»,

2164 4989 2343 5058 chiep.
2370 4987 2585 5045 obviam
2605 4987 2838 5042 mittitur
2862 4979 3030 5058 Leoni
3052 4988 3292 5058 primum
3324 4985 3434 5058 iter
3462 4981 3672 5058 facienti
3692 4979 3754 5031 ad

2163 5050 2417 5116 Carolum
2440 5075 2458 5115 :
2478 5064 2706 5128 eratque
2726 5058 2966 5128 archiep.
2992 5050 3276 5128 Colonien.
3302 5063 3372 5128 ut
3398 5055 3599 5128 habent
3622 5050 3754 5105 lian-

2165 5124 2654 5203 siz._(Germ._§ac.
2676 5135 2822 5203 tom.
2849 5124 2929 5199 ll)’
2943 5135 3000 5182 et
3032 5126 3254 5203 Cgring.
3289 5125 3413 5203 (cit.
3443 5124 3520 5203 Al.)

2244 5200 2263 5239 ί
2281 5187 2338 5254 lii
2365 5199 2652 5254 annalibus
2675 5187 2935 5254 Francor.
2967 5211 3054 5266 ap.
3073 5187 3270 5251 Daren.
3297 5187 3423 5267 ‘(an.
3439 5187 3569 5267 801,
3592 5209 3647 5247 ιι.
3670 5187 3755 5259 20)

2165 5271 2515 5327 Ercelbaldus
2548 5268 2797 5324 notarius
2823 5264 3144 5338 appellatur,
3180 5268 3275 5337 qui
3304 5264 3358 5321 in
3384 5264 3757 5338 Liguriam?“

2166 5343 2422 5422 missus__a
2451 5339 2648 5422 Carolo
2671 5340 2739 5394 ad
2764 5333 3061 5410 parandam
3083 5333 3344 5422 classem.
3383 5333 3613 5422 Utrique
3636 5333 3755 5388 hinc

2165 5421 2336 5484 patet,
2365 5410 2646 5466 Fortunati
2669 5423 2868 5479 pravos
2894 5423 3076 5464 mores
3101 5416 3420 5478 compertos
3443 5419 3587 5463 esse.

2241 5485 2267 5524 κ
2292 5481 2590 5553 Epistolam
2626 5482 2768 5536 hanc
2798 5480 3127 5553 Conringius
3144 5479 3341 5553 primae
3368 5477 3604 5553 codicis,
3643 5484 3754 5543 qua

2164 5548 2530 5610 nobis—tertia
2576 5561 2680 5616 est,
2723 5548 3444 5622 prteponendamconjicit;
3480 5554 3757 5622 utraqu

2168 5623 2574 5681 dubitabundus
2609 5610 2894 5693 consignat
2917 5637 3007 5675 an.
3033 5619 3159 5693 807.
3186 5610 3390 5691 Pagina
3407 5610 3556 5693 omni
3579 5610 3753 5693 procul

2168 5695 2333 5752 dubio
2357 5693 2424 5748 ad
2450 5694 2699 5749 eumdem
2723 5686 2923 5747 annum
2950 5705 3046 5746 eas
3065 5690 3229 5748 refert
3258 5686 3438 5762 (num.
3454 5688 3489 5744 9
3508 5686 3671 5757 seq.).
