4004 6188
314 355 415 414 535

591 351 745 416 COD.
786 354 1057 418 DIPLOBI.
1093 392 1163 404 -
1201 362 1490 430 MONUM.,
1532 365 1709 432 ETC.,
1750 365 1877 422 SEU

1981 358 2150 421 )DEX
2186 363 2597 423 CAROLINUS.
2636 397 2705 408 —-
2742 362 2891 421 ΕΡΡ.
2928 367 3181 427 ειεοΝιε
3218 372 3303 428 ιιι.

3469 376 3572 432 526

313 472 402 542 qui
434 471 621 528 vivunt
648 473 826 528 nullus
852 470 970 543 iam
996 474 1116 531 sine
1145 477 1477 548 blasphemio
1505 493 1627 535 esse
1649 479 1879 535 videtur.
1914 481 1961 539 Α
1988 479 2197 547 perium
2216 487 2377 550 atque
2395 479 2764 536 confusionem
2788 495 2896 535 non
2916 480 3289 538 habuissemus
3309 483 3364 538 in
3378 486 3573 544 faciem

312 556 458 617 Unde
470 561 645 625 nobis,
660 562 735 616 illi
748 563 1073 629 dulcissime,
1086 566 1215 635 quid
1230 567 1372 621 aliud
1385 568 1648 638 agendum
1669 577 1772 633 est,
1791 569 1895 625 nisi

306 668 493 722 preces
516 671 616 725 pro
642 656 748 720 his,
774 658 866 726 qui
888 658 1017 712 talia
1039 659 1191 715 vobis
1213 662 1423 717 mentiti
1449 672 1593 728 sunt,
1625 662 1692 718 ad
1717 664 1895 719 Domi-

310 759 433 798 num
463 743 790 801 fundamus?
827 745 980 801 Sicut
1008 749 1270 820 scriptum
1307 759 1430 808 est:
1474 752 1632 808 Orate
1665 770 1759 824 pro
1786 754 1896 807 ini-

304 832 454 885 micis
491 833 692 886 uestris.
740 832 938 890 Credat
989 836 1134 891 enim
1181 838 1336 893 nobis
1366 848 1543 895 vestra
1589 842 1889 907 serenitas,

304 924 431 992 quia
455 938 522 978 ea
542 938 663 993 quae
689 923 757 979 ad
784 926 978 980 anima:
1007 936 1197 983 vestra:
1225 929 1453 986 salutem
1481 933 1891 1003 cognoverimus

304 1013 451 1069 nullo
471 1015 632 1069 modo
662 1023 941 1081 tacemus;
981 1024 1036 1070 et
1071 1017 1118 1072 si
1142 1026 1266 1073 ante
1289 1020 1574 1085 tacuimus,
1612 1037 1757 1077 nunc
1795 1036 1892 1076 au-

302 1113 413 1160 tem
441 1120 549 1160 non
586 1121 881 1172 cessamus,
906 1107 1020 1162 sive
1048 1109 1114 1164 de
1148 1110 1326 1175 bonis,
1358 1111 1471 1168 sive
1500 1113 1567 1169 de
1593 1112 1769 1178 malis,
1800 1126 1892 1166 ve—

305 1203 432 1250 strae
471 1194 722 1250 intimare
744 1196 1020 1266 potentim.
1049 1197 1184 1253 Nam
1211 1199 1303 1269 qui
1329 1214 1427 1271 per
1462 1202 1798 1257 mendacium
1834 1209 1889 1257 et

306 1286 476 1340 malas
512 1286 938 1342 machinationes
983 1288 1097 1343 vult
1136 1289 1303 1345 lilium
1336 1305 1587 1360 separare
1622 1308 1653 1347 a
1694 1302 1884 1358 matre,

297 1376 564 1445 judicium
590 1377 807 1433 habebit
825 1393 947 1433 cum
971 1378 1086 1448 ipso
1114 1379 1380 1451 clavigero
1397 1393 1423 1420 ι
1453 1382 1606 1452 regni
1626 1382 1886 1439 caelorum

304 1465 654 1522 beatoPetro
680 1468 944 1537 apostolo.
983 1469 1118 1536 Quia
1146 1471 1277 1526 mihi
1306 1471 1358 1526 in
1386 1471 1488 1527 hoc
1526 1474 1727 1529 mundo
1752 1475 1886 1531 nihil

302 1558 595 1627 pretiosius
628 1568 732 1623 est,
771 1575 933 1630 quam
971 1561 1167 1617 anima:
1191 1571 1385 1619 vestrae
1409 1564 1575 1621 salus.
1616 1564 1725 1622 Sed
1759 1567 1886 1637 quia

293 1649 482 1704 omnia
520 1664 640 1719 qua:
677 1650 743 1706 de
767 1659 947 1705 vestra
971 1653 1328 1722 prosperitate
1363 1663 1526 1724 atque
1562 1656 1886 1713 exaltatione

300 1740 353 1793 ‘m
377 1739 546 1794 corde
582 1748 768 1796 nostro
790 1741 1028 1812 gerimus
1053 1757 1152 1813 per
1178 1744 1385 1814 singula
1412 1761 1637 1801 exarare
1657 1762 1763 1802 non
1791 1762 1885 1801 va-

1996 580 2257 625 nostram.
2290 570 2581 627 Recordari
2626 572 2896 627 credimus
2937 581 3173 628 vestram
3201 577 3573 646 serenitatem,

1994 661 2119 731 quia
2147 662 2353 717 vicibus
2380 661 2537 717 nobis
2569 663 2812 729 misistis,
2856 665 3000 734 quod
3026 666 3295 722 neminem
3335 669 3400 724 de
3422 672 3579 728 nobis

1995 750 2132 805 male
2146 751 2291 819 loqui
2304 751 2706 820 permitteretis,
2727 768 2899 821 neque
2919 753 3095 808 locum
3113 753 3187 808 illi
3203 756 3513 814 tribueretis
3525 758 3577 814 δ.

1994 838 2103 895 Sed
2123 839 2252 909 quid
2274 839 2438 909 igitur
2461 849 2652 905 restat,
2698 841 2802 896 nisi
2823 850 2884 895 ut
2912 841 3058 896 inter
3077 849 3255 899 tantas
3279 847 3579 902 accusatio-

1991 943 2109 995 nes,
2148 945 2268 999 quae
2306 930 2373 985 de
2410 930 2566 986 nobis
2602 938 2656 985 et
2689 928 2938 986 ﬁdelibus
2970 932 3192 997 nostris,
3224 934 3318 1003 qui
3359 934 3578 1006 aliquod

1989 1018 2289 1089 profectum
2325 1031 2527 1075 sancta:
2557 1028 2754 1075 nostra:
2799 1019 3056 1075 Ecclesiae
3095 1019 3382 1088 faciebant,
3427 1025 3580 1080 vobis

1989 1110 2146 1166 dieue
2172 1117 2318 1175 sunt,
2356 1126 2481 1166 cum
2508 1110 2767 1181 'lacrymis
2787 1110 2992 1179 gratias
3010 1125 3171 1181 agam
3204 1112 3316 1167 Deo
3336 1115 3580 1185 omnipo-

1990 1199 2169 1253 tenti?
2206 1198 2342 1254 Nam
2373 1200 2440 1255 de
2472 1200 2564 1254 illo
2588 1214 2791 1265 amore,
2840 1214 3000 1268 quem
3042 1215 3172 1268 erga
3196 1216 3295 1258 vos
3317 1204 3576 1273 gerimus,

1982 1291 2166 1346 nullus
2188 1291 2245 1346 in
2271 1291 2373 1347 hac
2390 1293 2503 1347 vita
2534 1307 2633 1347 nos
2655 1306 2909 1361 separare
2925 1299 3122 1361 potest,
3147 1293 3251 1347 nisi
3272 1295 3386 1349 sola
3407 1310 3576 1361 mors,

1987 1382 2308 1454 quandoque
2333 1382 2489 1439 nobis
2509 1383 2813 1439 obvenerit.
2856 1382 2962 1438 Sed
3009 1384 3137 1454 quid
3174 1393 3382 1441 tantum
3425 1386 3579 1443 fasti-

1987 1474 2134 1528 dium
2157 1472 2385 1529 facimus
2407 1474 2629 1528 auribus
2650 1474 2885 1529 vestris?
2905 1473 3220 1533 Certissime
3240 1478 3295 1531 in
3318 1486 3578 1546 quanth
3642 1508 3668 1527 ς

1986 1565 2144 1621 nobis
2169 1565 2311 1620 Deus
2337 1565 2522 1636 largiri
2566 1564 2817 1636 dignatus
2857 1573 2955 1631 est,
2998 1568 3078 1622 sic
3112 1568 3167 1621 in
3195 1576 3382 1623 nostro
3418 1585 3581 1627 sensu

1986 1653 2470 1724 cogitamus,un
2493 1653 2673 1711 nullus
2694 1655 2759 1710 de
2781 1656 3213 1713 antecessoribus
3239 1658 3438 1715 nostris
3457 1664 3583 1729 pa‘r-

1987 1744 2133 1801 tibus
2158 1744 2277 1799 istis
2313 1760 2436 1800 cum
2474 1752 2627 1803 tanto
2654 1759 2840 1801 amore
2880 1746 3148 1811 servierit,
3190 1756 3453 1817 quantum
3483 1765 3582 1804 nos

299 1830 505 1896 lemus,
542 1832 622 1886 sic
652 1831 807 1888 nobis
847 1833 1187 1903 omnipotens
1220 1835 1363 1891 Deus
1405 1837 1695 1905 retribuat,
1746 1839 1887 1894 sicut
1919 1816 1964 1876 Β
1990 1832 2328 1888 servivimus.
2368 1831 2475 1887 5εά
2494 1841 2738 1888 nostrum
2764 1833 3063 1898 servilium,
3099 1843 3159 1889 ιιι
3185 1835 3450 1902 videmus,
3479 1852 3576 1892 nc-

288 1922 363 1977 de
388 1932 577 1978 vestro
597 1923 802 1979 honore
824 1933 878 1979 et
904 1925 1164 1995 sospitate
1198 1928 1463 1998 cupimus.
1502 1931 1885 1988 Verumtamen

294 2028 418 2068 cum
442 2013 616 2069 multo
640 2029 824 2070 amore
851 2016 1124 2086 multaque
1158 2016 1262 2073 ﬁde
1289 2033 1417 2090 erga
1444 2036 1540 2077 vos
1565 2024 1888 2094 constringi-

294 2121 433 2169 mur,
480 2113 664 2160 tacere
700 2105 850 2161 nullo
892 2108 1051 2162 modo
1089 2122 1400 2178 possumus,
1448 2120 1507 2166 ut
1533 2127 1629 2168 vos
1659 2113 1758 2183 ipsi
1786 2128 1885 2183 pro

291 2196 473 2248 anima
512 2204 691 2250 vestra
716 2195 969 2267 vigiletis,
1008 2198 1243 2254 scientes
1269 2199 1396 2269 quia
1442 2200 1548 2256 ista
1592 2203 1791 2257 misera
1831 2213 1885 2259 et

222 2336 234 2346 ,
280 2284 499 2339 caduca
526 2285 635 2338 vita
664 2285 722 2339 in
756 2285 1026 2340 modicum
1064 2290 1456 2344 exterminatur
1481 2299 1543 2346 et
1585 2290 1746 2346 linem
1780 2293 1882 2347 ha-

291 2377 398 2442 bet,
448 2386 510 2435 et
551 2394 742 2435 omnes
778 2382 1042 2438 rationem
1079 2382 1339 2438 reddituri
1386 2392 1514 2439 sunt
1556 2383 1781 2439 Domino
1818 2384 1884 2440 de

290 2470 639 2539 vaniloquiis.
664 2472 833 2543 Igitur
850 2473 1163 2529 hominibus
1191 2490 1297 2529 non
1322 2475 1484 2532 citius
1504 2476 1739 2531 credatis
1757 2484 1883 2531 ante

279 2562 720 2618 satisfactionem
750 2564 799 2618 ιι.
839 2563 945 2620 Sed
969 2573 1145 2620 tamen
1184 2566 1230 2621 si
1252 2567 1515 2622 nosbene
1548 2567 1883 2638 suscepimus

281 2661 341 2708 et
365 2654 512 2708 bene
552 2654 936 2711 honoraviinus
976 2671 1075 2726 pro
1102 2665 1281 2712 vestro
1309 2673 1513 2724 amore,
1559 2658 1699 2714 Deus
1720 2658 1881 2715 nobis

279 2743 738 2807 retribuatbuna,
767 2751 821 2799 et
846 2760 942 2799 vos
979 2743 1293 2810 satisfaciat,
1325 2756 1383 2801 ut
1421 2746 1475 2800 in
1520 2746 1700 2802 causis
1734 2747 1878 2802 beati

287 2830 431 2887 Petri
471 2832 704 2902 apostoli
754 2834 982 2905 amplius
1018 2843 1073 2889 et
1109 2835 1339 2905 amplius
1375 2836 1701 2903 decertatis;
1741 2845 1794 2892 et
1831 2836 1880 2895 si

278 2938 390 2977 non
422 2922 583 2978 vobis
612 2924 978 2979 nuntiaverint
1003 2926 1271 2996 quomodo
1307 2941 1401 2981 eos
1436 2925 1728 2982 honorifice
1760 2941 1880 2982 sus-

286 3017 553 3081 cepimus,
578 3012 708 3081 quid
729 3012 874 3067 aliud
900 3012 1146 3068 dicamus
1164 3014 1274 3069 nisi
1304 3022 1363 3069 ut
1396 3013 1538 3070 Deus
1568 3015 1672 3069 illis
1701 3015 1879 3070 indul-

276 3110 405 3171 geat
422 3101 479 3155 εἳ
493 3101 876 3156 Verumtamen
898 3102 943 3157 si
962 3116 1131 3173 prope
1151 3102 1460 3168 fuissemus,
1476 3102 1877 3176 56adjuvante

284 3191 379 3246 Dei
404 3192 800 3262 omnipotentis
826 3191 1217 3260 misericordia,
1244 3209 1338 3249 vos
1384 3194 1708 3251 habuissetis
1733 3195 1874 3277 veri-

286 3290 451 3337 tatem
490 3292 551 3337 et
578 3282 916 3339 mendacium
942 3282 1281 3351 discernere;
1322 3284 1446 3353 quia
1478 3285 1639 3339 talem
1662 3285 1813 3339 vobis
1838 3300 1872 3340 a

280 3372 394 3427 Deo
418 3373 608 3427 datam
633 3383 755 3425 esse
782 3370 1412 3440 sapientiam-credimus,
1444 3380 1505 3427 ut
1541 3372 1646 3428 tale
1674 3372 1874 3443 impro-

354 3496 381 3557 ξ
401 3482 491 3538 Nil
517 3480 852 3557 frequentius
871 3481 1177 3557 audivimus
1197 3483 1249 3538 in
1271 3483 1402 3557 Cod.
1418 3483 1685 3557 Carolino,
1709 3502 1872 3557 quam

276 3552 596 3626 huiusmodi
640 3551 866 3626 titulum
902 3552 1027 3626 divo
1063 3551 1224 3626 Petro
1250 3555 1527 3609 tributum.
1560 3551 1701 3610 Idem
1727 3551 1872 3626 pene

274 3624 541 3679 omnibus
578 3622 633 3694 in
660 3621 898 3694 epistolis
933 3622 1162 3688 Leonis,
1202 3640 1321 3694 qua:
1350 3633 1585 3694 exstant,
1629 3621 1873 3682 videmus

281 3694 420 3758 ﬁeri,
449 3708 555 3748 nec
591 3692 787 3746 desunt
806 3692 909 3747 alia
938 3692 1281 3750 monumenta
1323 3693 1485 3749 medii
1524 3695 1625 3750 aevi
1656 3695 1872 3752 titulum

276 3764 430 3819 illum
453 3761 882 3833 prmseferentia.
896 3760 962 3833 ω
984 3763 1190 3819 scilicet
1211 3763 1390 3818 divino
1411 3765 1581 3819 hieret
1616 3766 1836 3822 oraculo
1854 3808 1869 3831 ,

283 3837 407 3905 dum
431 3832 620 3891 claves
639 3832 786 3901 regni
808 3832 1067 3905 cuilorum
1098 3835 1302 3905 tropice
1333 3835 1620 3905 traduntur
1638 3834 1801 3891 Petro
1839 3852 1869 3891 a

283 3903 571 3975 Salvatore
608 3910 811 3975 nostro,
852 3911 910 3975 u_t
930 3901 1139 3975 ligandi
1167 3901 1328 3973 atque
1367 3904 1606 3975 solvendi
1624 3914 1873 3975 potestas

284 3971 620 4046 designetur.
658 3971 1027 4046 Quamobrem
1063 3971 1410 4046 Augustinus
1435 3971 1652 4046 (Serm.
1686 3975 1758 4029 22
1806 3977 1872 4031 de

284 4042 417 4112 SS.)
446 4043 708 4112 aiebatzsc
746 4042 945 4112 Dignus
973 4051 1140 4107 certe,
1155 4042 1257 4112 qui
1278 4042 1607 4099 mdiﬁcandis
1632 4045 1684 4099 in
1711 4046 1871 4101 domo

282 4113 375 4167 Dei
397 4110 634 4182 populis
670 4110 805 4182 lapis
843 4119 986 4182 esset
1028 4113 1107 4182 ad
1138 4110 1542 4168 fundamentum
1568 4154 1585 4179 ,
1623 4114 1870 4171 columna

281 4183 345 4254 ad
371 4180 825 4254 sustentaculum,
852 4180 1018 4254 clavis
1044 4181 1111 4254 ad
1134 4197 1384 4254 regnum.
1420 4201 1441 4254 ρ
1472 4183 1590 4249 Quo
1612 4183 1658 4240 si
1691 4199 1872 4254 respe-

282 4253 491 4323 xissent
514 4250 842 4323 recentiores
861 4251 1081 4323 eruditi,
1096 4252 1185 4323 ubi
1208 4250 1352 4323 nacti
1373 4251 1555 4323 claves
1569 4254 1637 4306 ad
1659 4250 1870 4323 regii-um

273 4322 333 4392 in
358 4320 613 4392 Gregorii
632 4319 944 4392 llicpistola
978 4321 1046 4392 ad
1083 4319 1335 4375 Carolum
1372 4320 1670 4377 Martellum
1703 4319 1866 4392 (Cod.

268 4389 404 4445 Car.
431 4406 525 4461 ep.
570 4390 645 4461 l),
687 4389 809 4461 licet
847 4391 1100 4445 mendose
1133 4406 1345 4461 regnum
1392 4405 1491 4460 pro
1522 4389 1871 4461 frogum'scri-

1990 1921 2424 1991 miniacceptum
2462 1920 2564 1975 fuit
2591 1932 2637 1974 ο.
2680 1921 2756 1976 De
2790 1929 2971 1976 autem
3004 1924 3412 1981 accusatoribus
3448 1926 3581 1982 mis—

1989 2023 2175 2065 sorum
2204 2017 2529 2076 vestrorum,
2568 2008 2638 2065 de
2671 2011 2869 2080 quibus
2904 2012 3061 2069 nobis
3099 2014 3379 2080 emisistis,
3401 2024 3461 2071 ut
3483 2028 3579 2073 aut

1986 2100 2042 2155 in
2074 2110 2335 2167 nostram,
2364 2109 2458 2157 aut
2484 2103 2537 2157 in
2566 2110 2802 2158 vestram
2818 2105 3170 2172 pmsentiam
3191 2105 3259 2160 ad
3281 2107 3575 2169 discutien-

1986 2192 2113 2248 (hlm
2148 2194 2386 2260 veniant,
2436 2194 2482 2249 si
2508 2193 2694 2264 placet
2721 2194 2919 2263 pietati
2958 2203 3174 2261 vestrm,
3221 2197 3446 2254 missum
3485 2215 3579 2255 ve-

1984 2290 2156 2338 strum
2178 2283 2391 2355 dirigite
2417 2282 2619 2355 absque
2642 2283 2766 2351 illis,
2793 2285 3094 2355 qui-omnia
3118 2286 3373 2358 liquidius
3395 2289 3573 2361 inqui-

1983 2381 2100 2439 rat,
2146 2380 2202 2427 et
2234 2381 2427 2430 vestra;
2469 2376 2733 2444 imperiali
2774 2378 3030 2447 potentiae
3070 2377 3302 2435 fideliter
3340 2382 3571 2446 nuntiet,

1983 2464 2111 2535 quid
2136 2476 2230 2521 aut
2266 2466 2534 2536 quomodo
2572 2467 2691 2522 istis
2730 2468 2782 2523 in
2795 2469 3049 2538 partibus
3074 2470 3317 2539 egerint,
3357 2473 3572 2541 qualem

1981 2555 2280 2627 profectum
2305 2555 2501 2611 exinde
2526 2564 2712 2612 sancta
2758 2558 2851 2613 Dei
2881 2558 3124 2614 Ecclesia
3169 2570 3346 2617 mater
3387 2573 3567 2620 vestra
3626 2631 3633 2638 _

1981 2646 2178 2702 habeat
2205 2646 2249 2701 τ.
2277 2648 2661 2704 Verumtamen
2686 2648 2866 2703 omnia
2882 2648 2946 2702 in
2968 2656 3146 2705 vestro
3170 2652 3574 2710 committamus

1980 2737 2329 2807 sagacissimo
2351 2738 2596 2792 arbitrio.
2627 2737 2723 2793 llis
2746 2739 3060 2808 pmmissis,
3090 2739 3197 2811 57
3224 2744 3568 2813 omnipotens

1979 2836 2036 2882 et
2064 2827 2371 2882 misericors
2404 2828 2564 2891 Deus,
2603 2843 2699 2899 per
2734 2829 3178 2886 intercessionem
3217 2842 3418 2889 sanctxc
3458 2851 3571 2891 sua:

1979 2917 2259 2986 genitricis
2282 2932 2496 2986 semper
2528 2918 2763 2988 virginis
2789 2918 2970 2976 Maria:
3010 2920 3241 2978 domina:
3261 2934 3484 2991 nostra}.
3516 2935 3574 2981 et

1976 3007 2263 3063 beatorum
2283 3007 2596 3077 .principum
2619 3009 2987 3078 apostolorum
3009 3011 3156 3067 Petri
3177 3028 3243 3069 ac
3263 3012 3432 3082 Pauli,
3463 3016 3571 3074 tale

1979 3099 2131 3154 cordi
2159 3106 2341 3154 vestro
2380 3098 2595 3153 salubre
2638 3099 2923 3155 consilium
2966 3100 3212 3172 inspiret,
3264 3110 3322 3157 ut
3346 3103 3568 3171 oblatio,

1977 3205 2142 3260 quam
2168 3188 2511 3245 dulcissimus
2552 3189 2766 3259 genitor
2794 3198 2976 3246 vester
3012 3191 3263 3247 dominus
3304 3193 3564 3263 Pippinus

1974 3297 2070 3336 rex
2103 3282 2263 3336 beato
2285 3279 2447 3337 Petro
2472 3280 2714 3350 apostolo
2732 3280 2944 3345 obtulit,
2971 3288 3027 3335 et
3056 3297 3151 3337 vos
3181 3283 3563 3351 conlirmastis,

1973 3372 2090 3443 ipse
2111 3372 2343 3442 claviger
2366 3372 2519 3443 regni
2546 3371 2784 3428 caelestis
2804 3381 2930 3428 ante
2954 3386 3300 3444 conspectum
3321 3375 3416 3432 Dei
3437 3392 3562 3434 cum

2045 3483 2283 3541 dPlures
2313 3484 2453 3539 inter
2471 3483 2978 3554 Adrianiiepistolas
3001 3483 3186 3539 videre
3214 3493 3298 3541 est
3331 3486 3385 3541 in
3417 3487 3560 3544 hanc

1973 3556 2294 3611 sententiain
2321 3554 2674 3623 conscriptas.
2695 3553 2925 3609 Perinde
2949 3568 3071 3609 esse
3094 3555 3294 3609 factum
3315 3572 3346 3611 a
3365 3556 3563 3616 Carolo

1973 3641 2097 3679 cum
2121 3623 2300 3679 Leone
2319 3624 2445 3679 hinc
2464 3631 2671 3680 certum
2695 3624 2914 3678 scimus;
2927 3623 3319 3683 Argumentum
3341 3626 3565 3683 minime

2007 3642 2097 3679 um
2122 3642 2300 3679 Leone
2320 3642 2445 3679 ωηο
2464 3642 2671 3679 certum
2695 3642 2914 3678 SCIIDIIS.

1973 3641 2097 3679 cum
2122 3638 2300 3679 Leone
2320 3638 2445 3679 mne
2464 3638 2671 3680 certum
2695 3638 2914 3678 scimus.
2927 3638 3319 3695 argumentum
3341 3638 3565 3683 minime

1974 3695 2215 3775 dubium,
2256 3692 2530 3775 quod_una
2561 3707 2683 3775 cum
2722 3692 3001 3775 temporali
3027 3694 3414 3775 geminatione
3437 3711 3567 3775 sau-

1972 3773 2075 3846 ctaz
2096 3763 2239 3819 sedis
2266 3763 2485 3827 invidia,
2528 3769 2579 3817 ei
2622 3776 2689 3817 ex
2727 3776 2790 3817 ea
2835 3763 3099 3818 detractio
3142 3765 3414 3821 duxerint
3453 3767 3569 3824 ori-

1972 3848 2234 3984 ῳῐέθξζῖόθ
2268 3886 2910 3984 ᾶίεερτῑλῑίοιὶἓςηιοιᾳφ.
2940 3900 3253 3984 βδκ

2048 3972 2068 4012 ί
2108 3971 2207 4035 En.
2245 3972 2389 4044 quos!
2416 3970 2978 4044 supersisbemlcol;
3009 3970 3115 4044 593’!
3134 3970 3250 4044 hb't-
3278 3974 3357 4044 ε),
3396 3975 3564 4031 mio-

1972 4057 2097 4114 nem
2125 4039 2330 4097 certam
2348 4039 2789 4114 habendi_judi_cii
2817 4039 3114 4114 per__Caroli
3138 4039 3334 4099 διίεωέ
3361 4044 3477 4114 ipsa
3501 4046 3556 4100 in

1972 4113 2382 4183 ditionesancta:
2393 4110 2554 4164 sedis.
2572 4108 3560 4183 Pontifex’scilieetsummusprinceps

1972 4181 2024 4237 id
2044 4182 2287 4252 petebat.
2304 4179 2524 4252 summa
2542 4181 2695 4252 enim
2718 4190 2835 4233 erat
2853 4181 3141 4252 concordia
3163 4189 3280 4252 tum
3297 4179 3562 4252 temporis

1972 4249 2258 4307 sacerdotii
2284 4258 2339 4304 et
2364 4250 2596 4319 imperii.
2628 4249 2927 4318 Eapropter
2952 4250 3197 4306 videmus
3214 4249 3563 4309 Leonis—suc-

1972 4335 2242 4377 cessorem
2273 4319 2547 4389 Stephano
2583 4319 2890 4391 Ludovico,
2930 4319 3025 4391 qui
3053 4319 3249 4376 Carolo
3274 4323 3557 4388 successit,

1974 4392 2186 4448 nemine
2212 4405 2334 4445 eum
2357 4397 2601 4458 cogente,
2625 4389 2858 4444 voluisse
2883 4389 3197 4444 utCRomani
3221 4401 3563 4448 sacramento

267 4470 430 4529 ptum
457 4459 675 4540 fuerit,
707 4458 772 4540 in_
792 4465 870 4540 tot
910 4468 1125 4540 tamque
1155 4458 1345 4540 varias
1387 4458 1669 4540 opiniones
1708 4460 1870 4540 falsas
1900 4482 1945 4540 υ
1974 4460 2285 4540 ﬁdelitatem
2308 4458 2723 4540 pollicerentur,
2754 4461 2896 4529 quod
2924 4468 3111 4540 postea
3146 4459 3417 4540 Carolinis
3446 4477 3563 4540 om.

269 4527 384 4584 :iion
421 4529 707 4584 abiissent.
743 4527 852 4582 Aut
884 4527 1265 4600 enim'Petrus
1312 4527 1673 4600 appellaretur
1707 4531 1865 4586 claris
1900 4527 1941 4540 ν
1971 4531 2131 4600 nibus
2152 4527 2408 4600 Augustis
2430 4527 2631 4584 factum
2655 4527 3173 4600 essefcomperimus.
3196 4527 3266 4584 At

281 4600 346 4652 ad
370 4614 623 4669 regnum,
638 4607 731 4652 aut
766 4598 1058 4668 symbolice
1101 4598 1441 4655 mitterentur
1463 4598 1630 4654 claves
1676 4601 1745 4654 ad
1790 4617 1868 4654 re-

279 4684 459 4737 gnum,
484 4668 899 4736 haudquaquam
919 4670 982 4723 de
994 4683 1171 4739 regno
1197 4669 1582 4733 Romanorum,
1607 4669 1748 4739 quod
1772 4685 1867 4724 no-

282 4753 401 4791 men
426 4739 718 4792 exitiosum
745 4752 958 4807 semper
985 4737 1104 4802 fuit,
1135 4739 1502 4808 accipiendum
1530 4737 1666 4803 erat,
1689 4741 1781 4794 sed
1801 4740 1869 4795 de

282 4823 447 4878 regno
479 4809 763 4872 caalorum,
795 4808 938 4878 quod
959 4809 1173 4877 proprie
1203 4809 1431 4864 innuunt
1454 4808 1630 4864 claves
1658 4825 1687 4863 a
1712 4808 1869 4865 Chri-

280 4875 364 4948 sto
382 4875 513 4932 Jesu
543 4878 753 4933 tradita:
778 4875 1142 4948 apostolorum
1158 4879 1412 4948 principi.
1441 4878 1599 4933 Certe
1618 4880 1868 4934 omnibus

450 4962 767 5028 persuasum
794 4947 913 5004 erat
934 4947 991 5004 id
1014 4948 1288 5028 temporis,
1319 4947 1415 5028 per
1439 4949 1655 5004 Petrum
1678 4957 1869 5028 patere

280 5017 488 5088 aditum
509 5018 579 5072 ad
588 5018 864 5088 gualorum
894 5017 1285 5088 regnumjuxta
1305 5017 1543 5073 divinum
1565 5017 1865 5085 oraculum,

279 5087 552 5159 praecipue
587 5086 919 5159 Francorum
956 5086 1172 5159 regibus
1193 5095 1247 5143 et
1269 5088 1500 5159 populis,
1530 5098 1590 5143 ut
1630 5104 1733 5143 una
1765 5089 1869 5143 ista

279 5172 444 5210 causa
474 5156 636 5211 fuerit
655 5173 752 5213 cur
773 5165 960 5213 sancta
983 5156 1139 5213 sedes
1170 5174 1200 5214 e
1230 5156 1583 5213 barbarorum
1609 5159 1868 5213 servitute

176 5228 181 5233 ’
279 5235 607 5297 emergeret,
633 5243 696 5282 ac
717 5235 825 5281 tam
854 5227 1134 5350 magnifice
1155 5226 1506 5284 exaltaretur.
1533 5229 1736 5284 idcirco
1758 5236 1866 5283 tam

282 5295 541 5350 frequens
567 5296 812 5350 clariaeri
842 5297 942 5350 titu
966 5313 1030 5350 us
1064 5300 1300 5350 auditur.

282 5295 541 5367 frequens
564 5296 812 5367 clavigeri
842 5295 1030 5352 titulus
1064 5300 1300 5353 auditur.

352 5366 381 5404 ι’
399 5365 666 5441 Suaviter
690 5365 867 5441 arguit
894 5367 1167 5441 Carolum,
1206 5368 1350 5441 quod
1394 5382 1552 5441 aures
1576 5368 1869 5437 praebuerit

283 5435 512 5508 nimium
534 5435 717 5508 faciles
741 5435 1240 5500 calumniatoribus,
1258 5435 1363 5492 non
1384 5435 1657 5508 explorata
1680 5453 1865 5492 eorum

284 5503 409 5560 ﬁde.
475 5505 863 5589 Sgtisfgctignis
910 5509 1051 5562 hanc
1095 5509 1371 5589 notionem
1424 5503 1523 5562 nec
1566 5508 1869 5579 Ducangius

282 5589 464 5644 neque
483 5574 596 5644 ejus
621 5574 978 5631 illustratores
998 5584 1300 5633 senserunt.

355 5657 380 5684 ε
419 5645 587 5701 Deum
620 5646 879 5715 appellari
920 5652 1129 5718 testem
1156 5662 1185 5701 a
1228 5645 1482 5718 pontifice
1526 5653 1863 5718 sanctoima-

287 5714 501 5770 ximum
523 5714 891 5787 argumentum
932 5723 1014 5771 est
1057 5714 1316 5772 relatores
1346 5716 1478 5773 istos
1515 5717 1866 5773 calumniatus

1971 4532 2131 4585 nibus
2152 4532 2408 4600 Augustis
2430 4532 2631 4584 factum
2655 4532 3173 4604 essecomperimus.
3196 4532 3266 4584 At
3286 4532 3563 4612 pensanda

1968 4599 2235 4684 formula,
2245 4614 2350 4668 qua
2372 4600 2679 4684 ﬁgurantur;
2694 4598 3005 4684 cuiusmodi
3032 4606 3210 4684 exstat
3227 4609 3397 4684 etiam
3420 4602 3562 4684 ῃ)υὰ

1968 4668 2191 4742 Bingium
2218 4666 2343 4742 (an.
2371 4666 2496 4732 896,
2543 4683 2598 4742 n2
2646 4669 2713 4739 5)
2755 4684 2821 4722 ex
2849 4669 3226 4742 contjnuatore
3268 4666 3557 4742 Annalium

1968 4736 2194 4809 Fulden.
2229 4736 2247 4788 ἰ
2288 4736 2421 4791 Juro
2442 4751 2548 4809 per
2585 4736 2701 4791 hinc
2734 4738 3059 4809 omniaADei
3087 4740 3364 4809 mysteria,
3392 4742 3558 4809 quod,

1969 4809 2117 4863 salvo
2136 4807 2341 4863 honore
2362 4815 2417 4860 et
2438 4807 2554 4877 lege
2578 4821 2717 4870 mea,
2735 4815 2898 4875 atque
2922 4807 3178 4862 ﬁdelitate
3199 4809 3401 4864 domini
3412 4807 3560 4866 For-

1969 4878 2105 4934 mosi
2128 4892 2306 5000 papa,
2340 4876 2513 4958 ﬁdelis
2554 4891 2672 4930 sum
2709 4885 2890 4958 ctera
2928 4877 3178 4937 omnibus
3217 4879 3408 4935 diebus
3431 4882 3560 4936 vita:

1969 4964 2103 5003 mea:
2176 4947 2403 5015 rnolpho
2444 4954 2776 5014 imperatori.
2808 4966 2826 4999 ι
2870 4945 3135 5000 Cancrum
3160 4948 3230 5001 ad
3254 4947 3554 5005 Romanam

1970 5019 2180 5081 urbem,
2211 5016 2591 5085 Romanosque
2625 5017 2769 5084 quod
2791 5016 3004 5079 attinet,
3040 5032 3107 5085 ex
3141 5016 3409 5072 Carolinis
3434 5020 3557 5074 nul-

1968 5088 2078 5142 lum
2101 5095 2192 5141 ant
2215 5101 2312 5156 per
2334 5100 2411 5149 se,
2440 5084 2532 5139 aut
2555 5100 2655 5154 per
2676 5100 2805 5140 suos
2834 5087 3028 5156 missos
3045 5084 3249 5156 judicia
3275 5087 3551 5155 habuisse,

1969 5158 2071 5212 nisi
2099 5154 2312 5211 volente
2338 5171 2402 5210 ac
2426 5164 2690 5224 praesente
2711 5155 2987 5225 pontifice,
3008 5163 3120 5225 tum
3145 5154 3406 5225 Arnolphi
3431 5154 3553 5213 suc?-

1968 5243 2153 5282 cessor
2188 5223 2494 5280 Ludovicus
2537 5225 2603 5279 ill
2644 5225 2752 5295 (ap.
2783 5223 3116 5349 Florsntinj.
3143 5223 3421 5309 patefacit2
3456 5228 3553 5296 qui

1974 5317 1993 5349 ‹
2031 5313 2153 5349 cum
2183 5296 2371 5349 eodem
2408 5309 2617 5349 summo
2644 5295 2901 5349 pontiﬁce
2930 5307 3062 5349 mill
3104 5309 3209 5349 ICIO
3244 5296 3482 5349 resedit:
3528 5317 3549 5349 ι

1974 5317 1993 5349 ‹
2031 5313 2153 5352 cum
2183 5296 2371 5351 eodem
2408 5309 2617 5364 summo
2644 5295 2901 5364 pontiﬁce
2930 5295 2984 5349 in
3002 5295 3209 5361 judicio
3244 5295 3484 5361 resedit;
3528 5317 3549 5349 ι

1971 5378 2083 5422 tum
2120 5367 2387 5436 pnecipue
2417 5364 2554 5436 _0tto
2591 5363 2982 5436 Germanorum
3023 5364 3236 5436 primus
3275 5366 3553 5436 conceptis

1969 5433 2147 5511 verbis
2184 5437 2247 5511 in
2275 5433 2374 5491 suo
2408 5434 2717 5511 iuramento
2759 5436 2815 5490 id
2838 5433 3115 5511 derlarat:
3161 5452 3179 5483 ι
3217 5434 3279 5511 ll!
3308 5433 3551 5511 Romana

1970 5510 2099 5567 urbe
2137 5505 2340 5562 nullum
2380 5501 2637 5573 placitum
2683 5515 2776 5560 aut
2816 5504 3211 5560 ordinationem
3250 5501 3446 5559 faciam
3483 5507 3555 5561 de

1968 5577 2357 5657 Omnibusque
2385 5575 2551 5657 alte,
2573 5576 2773 5657 iutgd
2791 5573 3405 5657 humanos-pertinent.
3432 5575 3552 5657 sine

1970 5658 2062 5702 tuo
2085 5643 2309 5701 consilio
2341 5666 2362 5699 ι
2386 5644 2545 5714 (Dist.
2570 5645 2657 5707 63,
2689 5643 2805 5714 Tibi
2823 5643 3047 5714 Domino
3068 5643 3156 5706 53,
3180 5658 3301 5714 cap.
3324 5643 3553 5702 Romani

2005 5716 2243 5785 rincipes,
2267 5716 2335 5770 de
2346 5712 2644 5783 jurejuran.
2669 5713 2838 5785 Clem.
2856 5714 2950 5785 tit.
2971 5713 3025 5768 9.
3042 5712 3384 5783 Baron.’960,
3401 5732 3457 5771 n.
3481 5715 3551 5781 5;

2023 5784 2223 5844 orator.
2264 5792 2392 5841 tom.
2426 5786 2466 5842 γ
2498 5785 2658 5852 Ama,
2683 5799 2739 5861 p.
2771 5784 2919 5857 4:0).
