4004 6188
281 377 381 435 529

557 372 711 430 COD.
755 372 1031 430 ωηολε.
1061 402 1133 413 -
1170 372 1463 440 MONUM.,
1504 373 1680 439 ETC.,
1725 371 1858 435 SEU
1896 374 2127 433 CODEX
2163 378 2582 438 CAROLINUS.
2615 412 2682 424 ——
2726 381 2877 442 EPP.
2917 381 3161 439 LEONlS
3199 381 3288 437 lll.

3452 381 3561 439 530

279 491 443 549 nostri
471 490 685 552 itinere,
712 488 1043 555 missumque
1061 484 1244 539 statim
1271 492 1516 538 nostrum
1537 483 1854 549 direximus,
1888 494 1934 550 Α
1963 489 2105 543 inter
2140 505 2237 544 nos
2276 490 2428 544 ﬁrma
2462 501 2518 546 et
2536 492 2773 554 stabilis,
2804 490 2917 546 Deo
2949 474 3239 550 mediante.
3267 493 3564 549 constitua-

277 591 361 658 qui
390 597 611 640 omnem
650 579 1101 652 praeparationem
1143 575 1324 631 facere
1382 575 1606 631 deberet
1632 589 1691 640 ι,
1733 591 1867 647 qua-

278 688 431 733 tenus
474 691 597 731 cum
625 673 810 728 laetitia
847 671 917 724 ad
943 669 1127 723 limina
1155 667 1523 737 apostolorum
1562 675 1870 737 nostraeque

276 766 561 839 pusillitati
594 764 965 834 coniungeret.
1021 759 1192 830 igitur
1227 767 1351 828 post
1388 758 1652 823 modicos,
1678 766 1870 813 octavo

277 856 393 910 scil.
419 853 543 908 Kal.
580 853 736 922 Apr.,
767 849 1171 918 coniunxerunt
1199 849 1268 903 ad
1315 862 1416 903 uos
1462 847 1615 903 missi
1657 846 1871 917 praefati

277 946 370 1000 lilii
402 944 579 1000 nostri
608 942 790 998 domui
821 938 1033 1010 Pippini
1074 938 1241 1009 regis,
1294 946 1349 991 et
1378 936 1692 993 obtulerunt
1716 936 1873 993 nobis

278 1034 653 1093 honorabilem
691 1030 976 1102 epistolam
1028 1036 1290 1083 vestram.
1352 1026 1528 1094 Quam
1574 1026 1874 1097 relegentes

279 1126 582 1196 reperimus
611 1130 805 1179 vestra:
828 1120 1208 1192 prosperitatis
1243 1119 1471 1174 salutem
1503 1128 1667 1188 atque
1705 1119 1875 1175 soler-

277 1216 543 1270 tissimam
566 1229 752 1270 curam
778 1227 939 1281 quam
996 1226 1124 1283 erga
1182 1210 1631 1281 tranquillitatem
1675 1220 1876 1266 sancta:

278 1309 372 1364 Dei
409 1307 669 1362 Ecclesia:
697 1315 872 1360 vestra
896 1303 1163 1358 serenitas
1193 1318 1406 1372 semper
1434 1303 1594 1372 gerit,
1622 1313 1786 1373 atque
1810 1303 1877 1358 de

278 1400 512 1453 adventu
574 1396 669 1451 ﬁlii
725 1395 895 1450 nostri
960 1392 1141 1449 domui
1170 1391 1403 1462 Pippini,
1443 1400 1503 1445 ut
1550 1407 1658 1446 non
1719 1399 1876 1447 antea

278 1499 422 1548 esset
449 1498 732 1553 venturus,
763 1487 866 1541 nisi
887 1492 1011 1559 post
1035 1484 1177 1539 diem
1207 1491 1454 1539 sanctum
1481 1481 1724 1548 Paschxe,
1747 1491 1876 1553 apto

280 1562 549 1637 videlicet
578 1590 838 1649 tempore.
879 1565 1079 1634 Credat
1131 1575 1278 1631 enim
1330 1566 1493 1642 nobis.
1555 1582 1734 1629 vestra
1771 1573 1879 1629 cle-

280 1676 508 1740 mentia,
536 1674 664 1744 quia
702 1684 1024 1742 quocunque
1070 1676 1315 1738 tempore
1341 1668 1408 1722 ad
1447 1683 1547 1724 uos
1576 1666 1877 1738 conjunxe—

279 1769 375 1833 rit,
416 1782 547 1823 cum
572 1772 723 1822 tanto
761 1763 960 1835 gaudio
992 1768 1271 1833 tantaque
1317 1758 1503 1814 lmtitia
1548 1773 1673 1814 eum
1708 1758 1880 1814 susci-

1970 588 2078 634 tur.
2119 579 2175 634 in
2235 581 2459 636 veritate
2494 582 2640 637 enim
2697 581 2930 637 dicimus
2967 580 3094 652 quia
3137 581 3357 638 donavit
3404 582 3564 639 nobis

1969 670 2230 725 Dominus
2251 670 2538 741 paciﬁcum
2580 672 2990 740 imperatorem,
3041 671 3109 726 de
3148 685 3256 742 quo
3275 669 3566 740 Apostolus

1971 762 2139 818 dicit:
2181 762 2354 829 Quam
2401 764 2621 835 speciosi
2654 764 2810 835 pedes
2846 763 3319 835 euangelizandum
3359 781 3561 835 pacem,

1971 835 2438 923 euangelizandum
2476 852 2652 907 bona!
2691 852 2829 907 Nam
2883 853 3229 923 omnipotens
3288 852 3431 909 Deus
3473 870 3565 910 ve-

1972 952 2146 1000 strum
2185 954 2363 1015 potest
2407 961 2503 1002 cor
2542 945 2891 1013 satisfacere;
2938 946 3065 1018 quia
3113 946 3318 1022 nullam
3361 945 3569 1002 discor-

1973 1035 2118 1091 diam
2143 1036 2453 1107 nullamque
2482 1038 2823 1108 iniquitatem
2845 1037 2992 1092 circa
3015 1052 3137 1092 eum
3162 1037 3445 1103 habemus,
3472 1035 3568 1093 sed

1977 1126 2055 1183 sic
2080 1141 2205 1181 eum
2230 1127 2504 1197 diligimus
2531 1135 2588 1182 et
2624 1127 2768 1183 illius
2805 1126 3109 1197 profectum
3136 1127 3404 1197 cupimus,
3428 1127 3569 1181 situt.

1979 1216 2046 1272 de
2070 1217 2394 1273 charissimo
2421 1216 2563 1273 ﬁlio:
2596 1216 2690 1273 sed
2713 1218 2807 1288 qui
2850 1217 3061 1271 zizania
3102 1225 3323 1286 portant
3362 1216 3417 1271 in
3439 1231 3569 1271 con-

1978 1315 2165 1377 spectu
2200 1316 2384 1363 vestro
2431 1307 2516 1363 vel
2552 1307 2649 1362 lilii
2688 1307 2860 1363 nostri
2910 1308 3093 1364 domui
3134 1307 3342 1377 Pippini
3402 1307 3568 1377 regis,

1979 1399 2121 1467 quod
2152 1414 2253 1455 nos
2278 1414 2379 1455 nec
2401 1399 2456 1454 in
2500 1400 2665 1456 corde
2694 1400 2979 1466 habemus,
3035 1399 3382 1469 omnipotens
3401 1399 3565 1463 Deus,

1978 1489 2067 1558 qui
2100 1486 2279 1557 justus
2297 1487 2465 1558 inde:
2489 1499 2593 1555 est,
2635 1497 2765 1544 ante
2791 1488 2946 1559 cujus
2988 1496 3341 1558 conspectum
3381 1487 3566 1542 omnia

1978 1577 2191 1633 occulta
2234 1577 2517 1647 pateﬁunt,
2547 1576 2661 1647 ipse
2694 1576 2901 1646 iudicet
2927 1572 3073 1633 inter
3106 1592 3206 1632 nos
3232 1585 3286 1632 ct
3333 1577 3480 1647 ipsos
3511 1575 3567 1629 ἀ.

1980 1671 2057 1727 De
2083 1686 2213 1727 vero
2239 1670 2501 1726 Ecclesiis
2528 1670 2625 1725 Dei
2652 1679 2713 1729 ut
2757 1686 2885 1726 suas
2927 1671 3164 1726 habeant
3205 1669 3469 1739 justitias,
3493 1677 3575 1724 at-

1981 1780 2086 1836 que
2107 1766 2370 1821 littoraria
2396 1773 2584 1821 nostra
2602 1773 2658 1818 et
2681 1774 2863 1820 vestra
2895 1775 2919 1804 ο
2943 1764 3011 1819 ab
3039 1761 3384 1818 infestatione
3409 1776 3575 1832 paga-

277 1860 515 1930 piemus,
539 1863 801 1927 quantum
830 1854 1092 1911 condecet
1131 1850 1241 1905 ﬁlio
1279 1858 1389 1905 tam
1413 1851 1597 1922 magni
1633 1849 1879 1905 delenso-
1912 1847 1954 1906 Β
1982 1870 2172 1911 norum
2198 1863 2253 1911 et
2280 1854 2620 1911 inimicorum
2665 1864 2975 1910 nostrorum
3023 1862 3135 1908 tuta
3176 1852 3473 1908 reddantur
3492 1861 3576 1906 at-

281 1951 357 2006 ris
410 1957 623 2006 saucta:
670 1947 766 2003 Dei
802 1944 1057 2002 Ecclesia:
1093 1944 1153 1997 δε
1191 1942 1321 2013 quia
1376 1942 1597 2008 scimus,
1650 1941 1882 1999 Domino

283 2040 612 2112 opitulante,
652 2053 720 2094 eo
756 2037 900 2109 quod
919 2045 974 2091 et
993 2036 1153 2091 nobis
1178 2044 1232 2088 et
1258 2034 1332 2089 illi
1380 2033 1682 2105 profectum
1709 2033 1813 2087 erit
1834 2032 1881 2088 si

280 2148 378 2189 nos
402 2129 871 2202 conjunxerimus.
909 2127 1108 2182 lterum
1150 2134 1438 2196 postquam
1486 2122 1883 2192 coniunxerunt

277 2222 342 2277 ad
371 2237 482 2278 nos
516 2220 616 2291 ipsi
633 2218 879 2290 pmdicti
925 2217 1074 2272 missi
1109 2215 1205 2270 ﬁlii
1245 2214 1417 2270 nostri
1467 2212 1882 2283 domuil’ippini

279 2311 449 2382 regis,
492 2319 550 2365 et
593 2308 849 2363 dixerunt
885 2306 1042 2363 nobis
1082 2304 1224 2376 quod
1270 2305 1325 2359 in
1364 2304 1539 2359 media
1586 2304 1885 2373 quadrage-

277 2400 419 2456 sima
449 2398 678 2455 minime
726 2396 1051 2467 conjungere
1091 2404 1291 2468 potest,
1332 2404 1688 2466 porrexerunt
1729 2395 1885 2451 nobis

278 2491 495 2563 praefati
535 2488 689 2545 missi
716 2488 903 2554 vestri,
955 2487 1207 2543 videlicet
1252 2486 1617 2557 Helmgaudus
1658 2494 1713 2540 et
1739 2485 1887 2539 Hun-

281 2578 461 2635 fridus
475 2577 699 2651 gloriosi
713 2576 960 2643 comites,
977 2576 1138 2630 aliam
1154 2574 1435 2648 epistolam
1450 2575 1560 2646 60
1575 2575 1886 2632 serenitatis

280 2682 505 2736 vestrm,
558 2669 651 2725 ubi
682 2667 991 2724 continebat
1019 2675 1079 2722 ut
1116 2667 1219 2738 ipsi
1268 2666 1567 2723 ﬁdelissimi
1610 2666 1760 2722 missi
1791 2682 1885 2722 vc—

281 2765 380 2819 stri
409 2761 561 2833 apud
612 2760 781 2816 ﬁlium
805 2767 1051 2816 nostrum
1107 2759 1364 2815 domuum
1408 2758 1692 2833 Pippinum
1735 2760 1887 2829 prius

279 2857 505 2911 alii-ent
555 2861 612 2910 et
668 2853 736 2909 de
783 2860 965 2909 vestro
1002 2853 1169 2908 verbo
1204 2852 1254 2908 ei
1301 2851 1657 2922 prmciperent
1703 2850 1887 2907 utubi

282 2947 560 3002 ambobus
606 2943 900 3015 placuisset
941 2943 1099 2999 nobis
1140 2943 1355 2999 obviam
1393 2943 1721 2999 occurrisset
1764 2953 1786 2982 ο
1828 2950 1889 2997 ut

279 3038 432 3109 quod
458 3052 557 3091 vos
584 3034 894 3095 omnimodo
948 3035 1165 3105 optatis,
1212 3050 1337 3091 cum
1375 3034 1469 3090 Dei
1501 3033 1772 3104 adiutorio
1799 3051 1889 3091 ve-

283 3130 399 3188 niat
434 3129 511 3186 ad
570 3126 979 3202 perfectionem,
1021 3126 1078 3184 id
1112 3136 1193 3183 est
1246 3134 1304 3182 ut
1343 3142 1449 3197 pax
1487 3135 1543 3182 et
1595 3128 1887 3187 concordia

352 3257 381 3285 ι
417 3241 502 3303 Ita
529 3240 803 3312 Adrianus
853 3239 1026 3312 (Cod.
1049 3237 1175 3294 Car.
1215 3253 1302 3312 ep.
1452 3238 1522 3293 al.
1553 3237 1669 3312 65),
1702 3239 1888 3312 audito
1918 3236 1963 3302 C

282 3312 476 3370 Caroli
518 3311 702 3366 futuro
728 3309 942 3375 itinere,
1009 3310 1066 3363 in
1087 3309 1241 3364 vestri
1285 3309 1511 3373 ebriam,
1541 3309 1637 3373 ait,
1676 3310 1889 3364 ubicun-

281 3400 413 3467 que.
436 3397 531 3437 eos
585 3379 900 3435 voluerimus
953 3379 1288 3455 conjungere,
1339 3378 1686 3449 gradientium
1710 3380 1890 3504 8profi.

281 3470 411 3504 mn
468 3451 737 3504 volumus.
791 3450 858 3504 Et
905 3449 1068 3504 naulo
1122 3456 1249 3503 ante
1297 3449 1406 3504 (eo.
1441 3448 1529 3504 56.
1572 3448 1705 3503 al.5
1749 3448 1765 3504 l
1808 3464 1890 3504 re-

281 3448 413 3507 iisci
468 3451 737 3506 volumus.
791 3450 858 3504 Et
895 3448 1068 3521 paulo
1122 3448 1249 3521 ante
1297 3448 1406 3521 (ep.
1441 3448 1529 3521 56,
1572 3448 1646 3502 al.
1671 3448 1765 3519 58)
1790 3464 1890 3521 _re-

282 3524 413 3593 gius,
451 3530 777 3593 accepturus
834 3517 1053 3584 missos,
1106 3517 1316 3593 illico,
1344 3518 1539 3593 inquit,
1602 3517 1890 3573 secundum

281 3587 527 3665 qualiter
550 3587 739 3665 missos
768 3600 946 3645 t'estrw
972 3587 1163 3665 regulis
1205 3587 1468 3665 potentite
1493 3587 1658 3665 decet,
1687 3604 1890 3665 omnem

285 3656 763 3733 preparationem,
798 3676 892 3714 seu
914 3668 963 3733 _et
989 3656 1220 3733 caballos
1248 3658 1303 3711 in
1353 3657 1557 3712 obviam
1594 3658 1668 3711 eis
1696 3657 1892 3733 direxi-

283 3727 431 3786 inns'.
490 3730 651 3789 Nunc
696 3738 876 3785 autem
914 3727 1082 3783 Italia:
1144 3741 1324 3797 regem
1375 3735 1699 3796 accepturus
1749 3727 1893 3796 lega-

285 3811 408 3856 tum
440 3799 822 3872 apostolicum
859 3797 1172 3872 pramzittit,
1210 3798 1301 3868 qui
1327 3798 1512 3872 omnia
1559 3798 1813 3872 disponat
1836 3798 1890 3851 in

286 3867 505 3926 mactae
556 3869 701 3925 sedis
729 3867 934 3939 ditione
959 3883 1080 3939 quae
1106 3868 1176 3922 ad
1207 3867 1340 3939 ta_n_ti
1376 3867 1521 3938 regis
1545 3867 1887 3939 ubiquesus-

284 3941 623 4023 ceptionem.
647 3938 952 4023 necessaria
976 3936 1193 4023 ferant.
1254 3936 1382 4023 lion
1415 3936 1572 4023 secus
1611 3936 1779 4023 hodie
1819 3938 1893 3992 si-

286 4006 407 4066 mili
437 4009 732 4066 occasione
757 4008 930 4073 ﬁeret,
954 4021 1057 4061 nec
1092 4022 1250 4063 secus
1279 4006 1480 4062 factum
1504 4016 1719 4063 constat
1756 4022 1894 4075 pne-

284 4082 480 4136 teritis
499 4079 732 4140 saeculis,
773 4078 820 4133 si
845 4077 1062 4147 quando
1085 4077 1381 4147 imperator
1405 4086 1499 4134 aut
1524 4092 1679 4147 reges
1702 4077 1894 4132 Roma-

287 4166 424 4204 num
468 4150 578 4204 iter
611 4149 999 4204 instituerent:
1042 4147 1329 4202 discrimen
1378 4147 1752 4203 tantummodo
1796 4148 1894 4202 ali-

285 4221 442 4290 quod
480 4227 723 4283 notatur,
750 4219 895 4288 quod
915 4217 1228 4290 provinciae
1248 4215 1509 4290 praefecto
1536 4226 1630 4273 aut
1665 4218 1888 4282 rectori,

286 4288 396 4359 qua
420 4290 723 4359 imperator
745 4296 837 4343 aut
876 4301 1033 4360 reges
1062 4288 1341 4360 transituri
1363 4295 1539 4360 erant,
1567 4289 1892 4360 prmparatio

288 4357 396 4415 ista
457 4357 780 4438 committet)
817 4357 958 4412 tur.’
986 4357 1121 4413 Vide
1164 4357 1538 4414 Cteremonial.
1572 4357 1759 4430 ’(seﬁct.
1801 4358 1909 4438 i5,-

288 4443 415 4540 “Et
436 4430 1105 4569 gafpesggiliiiadvertimus
1132 4498 1187 4569 in
1232 4497 1378 4569 Cod.-
1402 4457 1527 4551 Car.
1548 4497 1889 4569 Francorum

1975 1961 2086 2018 que
2112 1946 2353 2013 defensa,
2378 1962 2500 2011 nos,
2528 1956 2790 2016 quantum
2816 1946 3080 2001 Dominus
3120 1945 3374 2000 virtutem
3408 1947 3574 2001 dona-

1980 2037 2139 2103 verit,
2168 2052 2289 2092 cum
2324 2037 2443 2106 ipso
2484 2036 2745 2106 prmdicto
2769 2035 2879 2089 ﬁlio
2925 2044 3113 2090 nostro
3154 2035 3391 2089 studium
3421 2036 3576 2105 poni-

1982 2140 2142 2181 mus:
2185 2124 2280 2180 sed
2305 2132 2546 2179 vestrum
2592 2123 2879 2178 consilium
2926 2131 2981 2178 et
3027 2131 3267 2178 vestrum
3318 2123 3570 2178 solatium

1982 2224 2039 2272 et
2065 2217 2220 2272 nobis
2242 2224 2296 2271 et
2322 2216 2397 2271 illi
2414 2228 2635 2271 necesse
2659 2223 2761 2271 est.
2788 2216 2862 2270 De
2886 2223 3066 2270 autem
3082 2213 3253 2270 insula
3277 2212 3496 2270 Corsica
3526 2214 3545 2254 ί
3556 2254 3571 2278 ,

1984 2308 2126 2364 unde
2161 2316 2215 2363 et
2238 2307 2291 2361 in
2326 2307 2545 2376 scriptis
2573 2314 2629 2361 ct
2672 2321 2770 2376 per
2795 2306 2992 2362 missos
3016 2314 3229 2361 vestros
3269 2305 3424 2360 nobis
3442 2304 3576 2360 emi-

1984 2399 2154 2465 sistis,
2184 2398 2240 2452 iu
2279 2408 2519 2453 vestrum
2561 2398 2849 2452 arbitrium
2875 2405 2930 2451 et
2956 2397 3276 2467 dispositum
3327 2396 3579 2450 commit-

1986 2491 2171 2555 timus,
2221 2490 2464 2561 atquein
2503 2503 2599 2546 ore
2633 2490 2915 2561 posuimus
2962 2489 3277 2559 lielmgaudi
3343 2489 3574 2552 comitis,

1986 2588 2046 2635 ut
2074 2588 2255 2636 vestra
2288 2579 2508 2635 donatio
2533 2595 2747 2650 semper
2790 2579 2943 2634 ﬁrma
2972 2588 3027 2635 et
3070 2580 3282 2635 stabilis
3319 2579 3425 2651 61
3458 2596 3581 2650 per-

1986 2676 2223 2734 maneat,
2265 2677 2321 2725 et
2367 2670 2435 2724 ab
2476 2669 2692 2724 insidiis
2740 2669 3086 2725 inimicorum
3131 2678 3246 2724 tuta
3296 2670 3578 2739 pet-sistat,

1985 2776 2084 2833 per
2107 2762 2550 2818 intercessionem
2572 2772 2772 2817 sach
2798 2762 2890 2818 Dei
2914 2762 3194 2834 genitricis
3219 2771 3275 2817 et
3294 2763 3579 2817 beatorum

1986 2856 2290 2928 principum
2312 2856 2679 2927 apostolorum
2731 2856 2876 2911 Petri
2917 2871 2982 2912 ac
3026 2855 3199 2921 Pauli,
3245 2865 3303 2911 et
3339 2865 3578 2911 vestrum

1989 2945 2343 3005 fortissimum
2388 2947 2693 3012 brachium,
2722 2958 2777 3002 et
2826 2948 3054 3003 Domino
3092 2948 3407 3014 miserante,
3437 2957 3579 3003 tem-

1990 3051 2122 3111 pore
2166 3046 2311 3111 apto,
2362 3044 2625 3106 quantum
2672 3036 2794 3109 plus
2833 3037 3068 3093 celerius
3109 3024 3455 3102 voluerimus,
3480 3053 3582 3109 per

1992 3126 2206 3184 ﬁdelem
2236 3126 2461 3192 missum
2503 3132 2750 3182 nostrum
2785 3126 2934 3182 omni
2993 3126 3227 3183 utilitate
3256 3134 3458 3184 sancta:
3488 3127 3587 3185 Dei

2070 3248 2094 3278 θ
2130 3235 2287 3294 Serio
2308 3236 2399 3293 hic
2421 3236 2601 3293 notari
2625 3236 2785 3292 velim
2810 3236 3065 3293 litterulis
3108 3234 3288 3294 nostra
3312 3249 3363 3294 et
3392 3251 3585 3296 vestra.

1996 3306 2263 3377 Suprema
2284 3307 2431 3380 enim
2471 3314 2712 3380 potestas
2755 3309 3041 3380 utriusque
3093 3310 3588 3380 principisindica-

1994 3376 2121 3452 tur:
2170 3376 2441 3452 pontiﬁcis
2474 3376 2764 3452 nimirum,
2797 3378 2924 3433 dum
2951 3376 3061 3434 one
3098 3376 3389 3437 maritima:
3426 3381 3589 3437 ditio-

1994 3449 2080 3505 nis
2137 3447 2517 3502 ecclesiasticaa
2565 3448 2902 3517 appellantur
2961 3459 3153 3504 nostra!
3175 3491 3190 3514 ,
3242 3465 3275 3505 e
3311 3452 3590 3507 contrario

1992 3518 2413 3593 ormmaritima:
2439 3516 2806 3593 regniltalici,
2838 3534 2959 3593 qua:
2988 3520 3057 3574 ad
3085 3519 3369 3593 Pippinum
3399 3537 3583 3593 regem

1992 3587 2351 3658 pertinebant,
2384 3586 2768 3658 non—Pippini,
2800 3586 2895 3644 sed
2925 3598 3106 3645 vestra:
3136 3586 3361 3648 otitttino
3385 3586 3582 3649 vocan-

1995 3657 2116 3711 tur:
2158 3672 2294 3730 nam
2305 3657 2563 3730 Dippinus
2591 3657 2760 3730 regno
2791 3659 3010 3730 inquam
3036 3660 3282 3730 precario
3308 3661 3583 3727 utebatur,

1993 3726 2231 3797 quandiu
2256 3726 2484 3782 Carolus
2515 3726 2678 3782 vixit:
2711 3727 2844 3795 Quis
2868 3726 3055 3782 autem
3084 3746 3190 3785 non
3226 3732 3371 3786 videt
3400 3732 3589 3787 discri-

1994 3796 2133 3868 men,
2153 3796 2297 3851 inter
2325 3797 2696 3868 Pippinianam
2725 3806 2781 3852 et
2805 3798 3134 3867 pontiﬁeiam
3172 3802 3582 3868 auctoritatem;

1993 3865 2585 3941 marimamqug’inter
2615 3865 2951 3941 pontiﬁeiam
2976 3869 3400 3941 etAimperialem
3434 3865 3586 3925 simi;

1994 3935 2321 4007 litudiuem?
2356 3937 2476 4007 Vid.
2519 3935 2652 3992 Cod.
2687 3936 2887 4001 Carol.,
2914 3952 3001 4007 ep.
3034 3938 3122 4002 65,
3145 3935 3227 3992 ‘al.
3262 3939 3583 4005 65,,necuon

1995 4004 2135 4082 infra
2157 4021 2245 4076 ep.
2270 4006 2325 4082 8,
2352 4006 2422 4060 al.
2451 4008 2503 4071 5,
2532 4007 2625 4062 ubi
2654 4007 2733 4082 ait
2754 4004 3028 4082 pontifex;
3065 4028 3084 4059 ι
3119 4004 3345 4081 Semper
3366 4018 3585 4082 postera

1993 4087 2048 4133 et
2085 4077 2349 4131 littoraria
2375 4085 2560 4132 nostra
2587 4077 2835 4134 ordinata
2864 4079 3168 4144 habuimus.
3214 4100 3233 4131 ι

2070 4148 2102 4219 ξ,
2132 4146 2250 4214 Quo
2303 4148 2574 4219 praecipue
2618 4163 2768 4219 anno,
2806 4148 3040 4204 insulam
3096 4150 3322 4206 Carolus
3381 4159 3584 4208 sanctae

1994 4217 2108 4292 sedi
2150 4217 2650 4292 don_averit,_’nemo
2689 4217 2951 4292 afﬁrmat.
2981 4219 3117 4275 Rem
3173 4236 3377 4292 negare
3422 4238 3585 4279 nemo

1994 4290 2174 4363 audet.
2215 4288 2541 4363 Muratorius
2563 4290 2677 4363 (an.
2703 4288 2830 4361 807)
2862 4289 3081 4363 ‘eﬁ‘eetu
3117 4288 3342 4363 vacuam
3391 4307 3586 4363 prooe-

1990 4358 2163 4413 dente-
2184 4366 2427 4428 tempore
2450 4358 2793 4414 donationem
2812 4358 2996 4415 visum
3022 4362 3088 4416 iri
3110 4358 3414 4417 minitatur:
3442 4362 3586 4420 Con-

1994 4428 2203 4503 ringiug
2224 4428 2351 4503 hinc
2378 4430 2555 4503 arguit
2588 4429 2913 4503 Qstieusem,
2944 4431 3396 4503 quigPippiniana:
3424 4434 3587 4489 dona-

1994 4497 2680 4577 tioui_CorsicaJu;adjc:cit.
2702 4497 3000 4577 _Annalis£a_
3029 4497 3317 4577 Ful'tleusis
3362 4513 3587 4577 praetcr-

284 4567 552 4650 regibus;
573 4568 797 4650 lfippino
828 4577 882 4624 et
912 4569 1106 4650 Carolo
1155 4568 1367 4650 titulum
1416 4568 1558 4650 aliud
1590 4584 1695 4621 non
1725 4567 1889 4650 tribui
1923 4590 1972 4650 ι)
1995 4568 2071 4650 ito
2100 4568 2318 4650 biennio
2342 4567 2624 4650 (_806-_8tl7)
2645 4570 2894 4650 classem
2943 4571 3155 4650 Pippini
3209 4574 3351 4650 regis
3364 4567 3583 4630 ‘contra

285 4637 807 4709 quamMDefﬁensoris
858 4648 1075 4709 stucth
1109 4638 1275 4709 sedis.
1321 4637 1522 4709 Eodem
1570 4653 1712 4693 nunc
1741 4638 1892 4709 audi-

288 4706 419 4765 mus
454 4707 714 4780 carnium
734 4707 1013 4780 iAugustea
1048 4706 1306 4780 dignitate
1338 4707 1602 4778 insignem
1635 4708 1890 4780 appellari

284 4794 317 4833 a
353 4777 626 4849 pontiﬁce
650 4791 666 4831 :
693 4777 747 4832 id
780 4776 1049 4849 siquidem
1099 4776 1260 4833 ofﬁcii
1300 4786 1421 4833 erat
1451 4776 1577 4849 'tam
1624 4776 1739 4849 regi
1763 4778 1891 4849 dum

285 4847 568 4918 patricius
623 4855 743 4929 erat
794 4847 1182 4929 llomanorum,
1251 4863 1414 4929 quam
1456 4847 1797 4929 imperatori,
1832 4859 1893 4902 ttt

287 4915 595 4982 tutaretur,
623 4915 952 4978 defenderet,
1015 4915 1326 4987 protegeret
1346 4915 1665 4983 Ecclesium,
1714 4932 1892 4987 neque

285 4988 467 5043 aliam
505 4987 889 5042 auctoritatem
932 4988 985 5042 in
1010 4986 1213 5042 ditione
1258 4986 1533 5058 pontiﬁcis
1587 4986 1887 5058 obtinebat,

284 5066 501 5127 praeter
561 5058 1036 5122 communicatam,
1100 5072 1195 5112 seu
1254 5057 1573 5127 delegatam,
1631 5066 1692 5112 ut
1741 5057 1892 5127 Pagii

284 5075 501 5127 prater
561 5075 1036 5122 communicatam,
1100 5075 1195 5112 seu
1254 5075 1573 5127 delegatum,
1631 5075 1692 5112 Ill.
1741 5075 1813 5112 1’3
1855 5076 1892 5112 ll

284 5128 615 5210 opinioest,
648 5127 724 5208 ab.
759 5127 876 5210 ipso
913 5127 1209 5210 pontiﬁeeh
1236 5141 1446 5209 summo
1482 5128 1763 5210 principe.
1809 5075 1895 5183 ἦι-

284 5196 638 5268 ςίιιωνὶιίεφ
667 5197 721 5250 in
759 5196 959 5252 Leonis
1001 5198 1242 5268 epistolis
1282 5197 1496 5268 nonnisi
1552 5196 1891 5253 defensorem

282 5267 561 5340 appellari
588 5266 777 5340 liquet,
820 5266 1178 5340 praeterquam
1204 5268 1259 5322 in
1295 5267 1644 5340 inscriptione
1671 5283 1735 5340 ac
1766 5269 1893 5323 sub-

283 5337 621 5408 scriptione,
647 5337 911 5408 robseq'uii
949 5354 1111 5392 causa
1134 5353 1262 5408 erga
1313 5337 1631 5408 dignitatem
1658 5353 1689 5391 a
1714 5338 1893 5393 Leone

284 5407 418 5477 ipso
467 5407 851 5478 excogitatam,
905 5407 1332 5477 ‘solemniterque
1367 5407 1440 5478 in
1471 5422 1594 5462 eum
1622 5407 1890 5478 collatam

284 5492 444 5549 novo
470 5477 850 5549 coronationis
864 5477 1109 5549 exemplo
1143 5493 1238 5548 per
1277 5477 1445 5549 ipsius
1483 5477 1753 5547 pontiﬁcis
1778 5493 1891 5532 ma-

282 5559 401 5603 nus
428 5546 487 5601 in
507 5547 685 5601 sancti
713 5544 857 5602 Petri
889 5544 1128 5603 basilica.

363 5629 393 5656 ο
432 5615 572 5671 Vide
592 5631 779 5683 supra,
812 5616 916 5673 col.
945 5617 1069 5683 528,
1101 5626 1214 5672 not.
1246 5628 1293 5672 ο.

359 5686 393 5727 δ
422 5683 558 5741 ‘Nou
580 5683 803 5758 dedecet
828 5688 1004 5742 virum
1030 5696 1278 5758 sanctum
1299 5687 1596 5758 calumnias
1615 5687 1886 5758 detegere,

274 5772 425 5812 eum
445 5756 713 5827 praecipue
746 5772 834 5813 res
853 5764 997 5813 esset
1016 5757 1299 5813 manifeste
1323 5757 1475 5822 falsa,
1502 5758 1702 5813 idcirco
1718 5756 1884 5813 Deum

513 5836 706 5883 testem
734 5827 986 5900 appellat,
1030 5844 1247 5900 suaeque
1271 5842 1446 5886 causa:
1464 5828 1698 5900 iudicem
1733 5828 1883 5884 facit.

1995 4638 2218 4716 Mauros
2237 4638 2466 4716 insulam
2494 4638 2825 4716 infestantes
2858 4638 3378 4716 processissetradit
3402 4663 3416 4699 :
3456 4660 3583 4716 per-

1993 4708 2116 4762 inde
2145 4707 2524 4786 __Eginhart_lus
2575 4712 2726 4786 apud
2794 4707 3029 4786 ΡείξςίιιηιΔ
3071 4713 3217 4783 (807,
3274 4729 3329 4767 n.
3385 4707 3584 4786 75).'IAt

1993 4777 2182 4832 tuendi
2211 4777 2373 4833 causa
2408 4777 2751 4835 donationem
2783 4777 2942 4837 ant'ca
3003 4777 3227 4849 factam,
3259 4798 3326 4838 eo
3352 4777 3579 4841 classem

1991 4849 2212 4903 missam
2242 4864 2362 4903 esse
2383 4860 2535 4904 certe
2555 4852 2813 4906 discimus
2849 4865 2915 4905 ex
2941 4852 3139 4907 charta
3179 4853 3463 4910 divisionis
3500 4870 3589 4909 τοι

1992 4918 2442 4993 gunrum_'Qar_oli
2498 4935 2668 4990 nuper
2711 4930 3026 4993 memorata,
3075 4937 3196 4993 qua:
3242 4923 3453 4993 Pippini
3496 4940 3582 4981 re-

1992 5003 2157 5110 gium
2213 4988 2401 5069 deﬁnit
2435 4988 2598 5061 usque
2650 4990 2720 5045 ad
2764 5006 2911 5044 mare
2958 4988 3190 5045 australe
3232 5003 3279 5046 et
3306 4988 3473 5066 usque
3507 4995 3581 5048 ad

2048 5072 2349 5110 rovmcmm.
2400 5058 2663 5110 Pontiﬁce
2715 5071 2894 5110 autem
2949 5061 3139 5110 Seruio
3178 5060 3218 5110 ll
3274 5065 3364 5110 alii
3395 5065 3579 5110 ‘rmnit.

2048 5057 2355 5132 rotjnciam.
2400 5057 2663 5132 Ponitiﬁee
2715 5071 2895 5132 autem
2948 5061 3142 5132 Sergio
3177 5060 3219 5115 ll
3274 5057 3579 5132 qui‘cmpit

1994 5142 2085 5181 an.
2108 5125 2234 5203 844,
2266 5131 2695 5203 ex__membrani_s
2734 5125 3084 5203 Famcsianls
3123 5130 3213 5203 (de
3244 5125 3450 5203 quibus
3476 5125 3576 5203 op-

1993 5196 2279 5275 portuuius
2305 5198 2415 5253 dixi
2455 5200 2507 5253 in
2541 5198 2871 5256 Praefatioue
2898 5218 2952 5255 n.
2979 5201 3051 5255 ‘22
3085 5196 3580 5275 seqq.)>'habcnttts

1999 5265 2017 5317 ἰ
2055 5265 2399 5322 Adelvertum
2431 5284 2765 5325 mareensem
2790 5280 2844 5326 et
2888 5279 3120 5327 tutorem
3162 5265 3468 5328 Corsicana
3492 5272 3577 5330 iu—

1986 5336 2125 5391 sula:
2164 5356 2184 5388 ι
2232 5350 2332 5407 pro
2385 5347 2570 5393 sancta
2609 5340 2851 5396 Romana
2913 5342 3175 5397 Ecclesia.
3244 5342 3398 5409 Quod
3441 5343 3575 5397 satis

1993 5419 2259 5475 superque
2279 5410 2594 5477 comprobat
2623 5411 2963 5466 donationem
2988 5409 3180 5466 eﬁ‘ectu
3209 5429 3315 5468 non
3337 5413 3576 5468 caruisse

1994 5478 2250 5530 adversus
2288 5476 2564 5552 Maratorii
2613 5481 2920 5552 opinionem
2969 5490 3024 5552 et
3064 5482 3259 5536 minas.
3315 5483 3575 5552 Equidem

1992 5562 2091 5616 pro
2113 5556 2264 5620 certo
2288 5547 2478 5620 habeo
2506 5547 2662 5620 quod
2690 5550 2907 5605 donatio
2941 5551 3028 5605 illa
3067 5566 3172 5620 per
3198 5553 3334 5608 lines
3375 5547 3435 5608 in
3481 5553 3568 5608 Li-

1991 5620 2145 5671 brum
2200 5616 2572 5690 Bontiﬁcalein
2626 5634 2693 5673 ex
2728 5620 2954 5690 apostol.
3006 5616 3225 5678 archiva
3274 5623 3461 5690 relata,
3505 5624 3576 5679 ad

1990 5700 2188 5760 annum
2219 5686 2322 5740 774
2347 5702 2457 5760 seu_
2483 5688 2577 5743 78l
2617 5697 2711 5742 aut
2736 5686 2966 5760 denique
3013 5690 3135 5754 787,
3181 5709 3303 5748 cum
3346 5686 3575 5750 Carolus

1988 5756 2224 5813 Adriano
2257 5765 2406 5827 pont.
2438 5757 2662 5813 Romam
2692 5759 2857 5828 venit,
2880 5756 3080 5818 referri
3101 5777 3205 5818 non
3235 5767 3415 5823 debet.
