4004 6188
478 392 574 447 531

1349 386 1409 441 Β.
1450 385 1703 441 CAROLI
1741 381 1953 439 MAGNI
1991 377 2141 435 OPP.
2184 378 2362 435 PARS
2398 379 2437 434 1.
2480 378 2722 436 SECTlO
2759 334 2844 436 ιιι.

3598 386 3690 442 5ζί

478 496 735 555 Ecclesia:
758 502 950 551 vestrae
978 493 1239 563 imperiali
1283 494 1536 564 potentiae
1564 493 1817 565 liquidius
1840 494 2049 546 innote-
2079 494 2120 545 Α
2156 487 2407 542 thol':cam
2429 496 2484 543 et
2512 489 2859 557 apostolicam
2877 483 3193 555 Ecclesiam,
3235 488 3499 548 fautricem
3533 503 3584 550 et
3605 513 3690 550 au-

483 590 707 644 scimus.
757 584 1105 655 Omnipotens
1159 583 1320 654 igitur
1367 589 1422 639 et
1463 584 1701 639 omnium
1749 582 2054 637 futurorum

488 677 749 739 praescius
793 675 937 730 Deus
979 674 1094 743 ipse
1143 688 1238 728 vos
1289 671 1449 728 faciat
1510 672 1780 743 prosperis
1829 668 2057 726 exaltari

490 766 797 838 .riumphis,
833 772 888 819 et
936 775 1059 834 post
1094 764 1388 833 longtevam
1430 763 1557 819 vitae
1606 772 1819 819 aetatem
1860 761 2054 833 gaudia

480 858 686 913 tribuat
752 853 1107 923 sempiterna.
1161 851 1472 907 Piissimum
1512 851 1714 907 domini
1772 850 2053 920 imperium

479 944 657 1018 gr'atia
701 952 932 1014 superna
984 941 1272 1006 custodiat,
1318 941 1476 1011 eique
1526 941 1765 997 omnium
1817 939 2055 1011 gentium

478 1035 615 1095 colla
640 1034 968 1092 substernat.

1040 1101 1376 1158 EPISTOLA
1424 1102 1489 1157 ν.

964 1205 1278 1247 αιιΑτιΑιιυι
1314 1202 1578 1247 Αοτιοδηε.

766 1280 892 1351 (An.
918 1276 1075 1334 Dom.
1103 1280 1237 1345 808,
1261 1280 1379 1333 cod.
1413 1294 1464 1342 v,
1493 1278 1672 1333 chron.
1696 1279 1783 1348 5.)

478 1371 877 1442 Anconem-run.
900 1401 966 1411 —
990 1370 1249 1442 Acceptis
1270 1369 1445 1425 Caroli
1468 1371 1680 1434 litteris,
1703 1372 2060 1442 Helmengau—

550 1442 677 1495 dum
704 1441 957 1510 comitem
978 1440 1209 1510 fideliter
1242 1456 1527 1496 enarrasse
1548 1441 1789 1510 agnoscit
1835 1440 1956 1510 qua}
1992 1443 2061 1497 ab

555 1524 623 1591 se.
642 1509 858 1591 credita.
874 1508 952 1591 illi
978 1508 1210 1591 inerant.
1272 1509 1477 1591 fidiicit
1512 1508 1759 1579 querelas
1801 1508 2062 1591 adversus

555 1578 747 1632 missos
771 1578 862 1647 qui
887 1580 954 1633 ad
975 1575 1241 1647 iustitiam
1269 1575 1567 1634 faciendam
1609 1587 1886 1634 venerant.
1930 1578 2063 1634 Ear-

555 1646 759 1701 dulfum
806 1647 1359 1703 Nordanhimbrorum
1409 1664 1589 1704 reaem
1633 1649 1769 1704 solio
1797 1649 2060 1704 deiectum

668 1664 759 1701 um
806 1664 1359 1703 noraanmmnrorum
1409 1664 1589 1715 regem
1633 1664 1769 1704 80110
1797 1664 2060 1715 delectum

555 1664 759 1701 annum
806 1664 1359 1703 noraanmmnrorum
1409 1664 1589 1719 regem
1633 1664 1769 1704 sono
1797 1664 2060 1715 deiectum

551 1718 693 1787 apud
717 1717 967 1787 Carolum
993 1718 1188 1787 degere
1212 1718 1534 1775 incolumem
1578 1719 1809 1774 laetatur.
1852 1720 1927 1774 De
1947 1719 2063 1775 Cm-

552 1786 737 1858 niilphi
754 1786 1081 1858 iterciornm’
1092 1787 1232 1857 regis
1253 1798 1306 1843 et
1327 1788 1565 1858 archiep.
1594 1789 1822 1844 Eborac.
1852 1790 2059 1844 discor-

685 1871 721 1942 a
740 1856 932 1942 Caroio
956 1856 1037 1942 vel
1060 1858 1129 1911 ab
1156 1854 1227 1911 'se
1252 1854 1661 1942 componendis,
1685 1859 1858 1942 deque
1894 1859 2060 1912 misso

556 1924 683 1996 illuc
704 1925 928 1996 legando
960 1924 1219 1981 alterutra
1242 1942 1304 1981 ex
1341 1924 1461 1980 aula
1484 1942 1607 1981 cum
1629 1924 1824 1983 litteris
1849 1936 2064 1996 aposto-

552 1993 672 2065 licis
692 1993 1152 2065 archiepiscopum
1163 2004 1218 2049 et
1236 1996 1412 2051 socios
1421 1998 1729 2052 θωπευοόί
1752 1993 1914 2053 causa
1937 2013 2066 2052 con-

552 2061 733 2137 silium
759 2061 912 2137 petit.
960 2061 1253 2137 ln'embolo
1266 2066 1624 2137 ministerium
1648 2068 1797 2137 credi
1815 2068 2065 2137 episcopo

552 2132 1091 2208 euidam_imp_rob_at_,
1141 2143 1197 2190 et
1228 2135 1555 2192 Ravennatis
1593 2132 2066 2208 archiepfprav'os

553 2217 737 2257 mores
760 2202 957 2258 Carolo
988 2202 1183 2259 defert.

556 2294 784 2350 Domino
808 2295 1054 2364 piissimo
1086 2302 1141 2351 et
1162 2296 1529 2361 serenissimo,
1570 2296 1761 2352 victori
1788 2312 1852 2352 ac
1877 2295 2067 2351 trium-

482 2385 717 2453 phaturi,
773 2385 903 2450 filio,
955 2386 1184 2441 amatori
1230 2386 1325 2441 Dei
1370 2402 1435 2442 ac
1470 2385 1681 2441 Domini
1723 2387 1892 2441 nostri
1937 2386 2066 2442 Jesu

483 2474 706 2540 Christi,
732 2475 926 2531 Carolo
950 2474 1211 2547 Augusto,
1239 2476 1348 2532 Leo
1369 2477 1651 2547 episcopus
1675 2489 1862 2531 servus
1882 2489 2067 2531 servo-

487 2582 606 2620 rum
639 2566 733 2621 Dei
760 2578 810 2620 α.
1081 2623 1083 2626 ι

556 2653 784 2725 Explere
804 2655 1003 2721 verbis,
1031 2653 1446 2711 clementissime
1469 2656 1566 2721 fili,
1595 2670 1701 2710 non
1724 2656 1875 2711 valeo
1893 2672 2067 2726 quan-

488 2754 603 2800 tum
628 2753 810 2801 vestro
832 2760 996 2816 opere
1042 2754 1329 2817 vestraque
1380 2746 1489 2801 vita
1520 2746 1780 2801 delector.
1848 2747 2069 2818 Magnas

487 2838 653 2908 igitur
680 2838 1038 2907 omnipotenti
1066 2838 1178 2893 Deo
1199 2840 1403 2910 gratias
1430 2839 1725 2904 reddimus,
1750 2839 1875 2909 quia
1899 2840 1951 2894 in
1975 2854 2072 2895 ore

489 2925 668 2982 cordis
688 2927 1061 2996 experimento
1089 2928 1262 2983 dulcis
1289 2928 1351 2982 tit
1381 2943 1542 2997 sapor
1570 2929 1872 2984 charitatis.
1934 2929 2070 2985 Cum

488 3018 774 3087 impleatur
795 3018 938 3088 quo]
958 3019 1217 3089 scriptum
1252 3019 1355 3074 sit:
1411 3018 1559 3075 Sicut
1586 3038 1722 3093 aqua
1768 3020 1963 3091 frigida
1992 3021 2072 3075 si-

488 3106 657 3171 tienti,
677 3108 753 3163 sic
772 3109 987 3164 nuntius
1012 3109 1175 3165 bonus
1201 3110 1265 3164 de
1288 3120 1429 3165 terra
1453 3109 1754 3185 longinqua.
1797 3113 2071 3169 Serenita-

490 3198 562 3252 tis
581 3214 813 3269 namque
837 3206 1031 3255 vestra:
1063 3210 1313 3270 suscepta
1344 3202 1499 3271 plena
1544 3202 1927 3259 consolationis
1960 3206 2073 3274 epi-

491 3288 648 3355 stola,
672 3290 945 3355 continuo,
992 3301 1052 3346 ut
1077 3291 1276 3356 decuit,
1306 3294 1601 3363 gratiarum
1628 3293 1865 3350 actiones
1897 3297 2072 3351 omni-

490 3382 695 3456 potenti
718 3380 826 3453 62
850 3380 960 3437 Deo
997 3382 1298 3447 retulimus,
1337 3382 1429 3452 qui
1465 3395 1701 3440 vestram
1740 3385 2072 3455 imperialem
2118 3392 2122 3396 “

493 3471 785 3542 potentiam
805 3472 954 3542 pacis
966 3473 1346 3528 ecclesiastica:
1358 3473 1486 3530 fecit
1504 3490 1627 3530 esse
1639 3477 1937 3531 custodem.
1953 3474 2070 3544 Ipsa

494 3576 735 3632 namque
748 3560 881 3618 ﬁdes
901 3577 998 3618 vos
1020 3572 1222 3628 servat,
1252 3578 1414 3633 quam
1443 3580 1571 3635 erga
1595 3575 1841 3622 sanctam
1862 3566 1956 3622 Dei
1982 3582 2074 3622 ca-

563 3696 603 3756 ni
626 3681 867 3756 Annales
904 3682 1213 3756 Euidenses
1255 3684 1452 3756 aliique
1500 3686 1641 3755 apud
1673 3683 2069 3756 Pagiumr(898.

493 3771 549 3809 υ.
585 3754 673 3824 10)
723 3754 955 3824 Eardulti
1002 3752 1301 3822 dejectione
1353 3752 1619 3811 deﬁniunt
1652 3752 1867 3810 atatem
1910 3752 2074 3824 liuius

489 3822 749 3895 epistulas.
810 3822 1169 3889 Quamobrem
1198 3839 1460 3881 consensu
1478 3840 1668 3880 omnes
1688 3839 1809 3879 eam
1833 3822 2075 3879 referunt

492 3894 561 3949 ad
598 3893 740 3949 hunc
764 3908 992 3950 annum.
1018 3893 1340 3951 Conrinaius
1361 3909 1552 3951 parum
1578 3894 1735 3951 scite.
1754 3903 1815 3949 ut
1840 3895 2070 3951 aiebam.

495 3909 561 3949 aa
598 3909 740 3949 nunc
764 3909 992 3950 annum.
1018 3909 1340 3963 uonrmgtus
1360 3909 1552 3965 parum
1578 3909 1735 3958 scite,
1754 3909 1815 3949 ut
1840 3909 2070 3957 arenam,

495 3963 818 4035 pmcedenti
841 3979 965 4035 eam
974 3964 1272 4035 pmmittit.
1303 3964 1374 4020 At
1390 3962 1927 4035 pontifeitperspicue
1948 3980 2075 4035 tiar-

496 4031 581 4086 i'at
611 4031 901 4102 inembolo
928 4031 1349 4102 Elmengaudum
1379 4031 1434 4089 et
1458 4031 1801 4097 Hunfridum,
1841 4034 1933 4102 qui
1966 4033 2075 4087 Ro-

496 4117 599 4157 mae
620 4101 845 4157 aderant
874 4103 962 4159 die
995 4102 1066 4156 25
1103 4101 1299 4164 Martii,
1334 4104 1403 4157 ab
1422 4118 1482 4157 se
1524 4102 1776 4158 dimissos
1804 4101 2074 4157 Ravennae

496 4171 793 4227 consistere
823 4172 1100 4228 Dominica
1128 4173 1182 4227 in
1207 4171 1428 4235 Palmis,
1473 4186 1568 4226 seu
1597 4170 1685 4226 die
1720 4168 1989 4240 9Aprilis.
2018 4182 2075 4226 et

496 4240 552 4295 in
580 4241 820 4311 epistolae
840 4249 1092 4298 contextu
1126 4256 1313 4311 eorum
1353 4240 1598 4296 meminit
1645 4255 1765 4309 qua:
1810 4241 1924 4311 ipse
1952 4240 2075 4311 Hel—

499 4309 797 4381 iueu'gaudo
842 4319 1051 4367 secreto
1111 4310 1457 4381 commiserat
1486 4311 1801 4381 nuntianda
1832 4309 2079 4367 Carolo.

497 4376 555 4434 id
581 4376 709 4501 v‘éro
743 4381 876 4435 satis
899 4389 1085 4451 aperte
1112 4380 1268 4435 docet
1311 4380 1450 4436 hanc
1483 4379 1557 4433 illi
1600 4380 1888 4436 succedere
1909 4420 1925 4445 ,
1965 4395 2073 4440 nou

498 4464 603 4501 con
631 4465 709 4501 ra.

498 4464 687 4504 contra
695 4488 709 4502 .

2097 3160 2146 3224 C

2156 577 2473 633 xiliatricem
2501 577 2553 631 in
2576 579 2825 633 omnibus
2843 580 3192 649 petitionibus
3214 581 3421 645 vestris.
3466 591 3609 654 atque
3644 587 3692 641 in

2155 669 2470 724 sacerdotali
2496 670 2705 724 unitate
2726 671 2971 726 scraatis.
3030 671 3272 742 Cumque
3295 690 3388 729 vos
3403 669 3525 746 jugo
3548 677 3695 749 pieta-

2155 758 2226 811 tis
2245 772 2340 813 cor
2364 768 2601 813 vestrum
2632 758 2909 814 humiliter
2936 770 3136 816 nostrae
3166 763 3572 833 pusillanimitati
3593 772 3697 825 sub-

2156 846 2302 910 ditis,
2331 847 2533 902 ctelesti
2571 850 2743 916 gratia
2767 850 2944 920 agitur
2972 858 3031 905 ut
3052 852 3229 907 omnia
3269 869 3385 923 qua:
3407 854 3540 910 circa
3554 857 3713 915 Deum

2156 950 2222 991 ex
2248 942 2422 991 vestra
2471 937 2758 1006 purissima
2804 939 3078 994 voluntate
3120 957 3280 1012 agere
3317 946 3505 1017 cupitis
3543 948 3701 1004 divino

2157 1026 2422 1096 adiutorio
2452 1027 2728 1099 suffragati
2779 1029 2847 1084 ad
2876 1026 3260 1099 perfectionem
3308 1034 3591 1091 secundum
3624 1054 3702 1094 ve-

2157 1124 2332 1172 strum
2360 1117 2673 1173 benevolum
2703 1118 3024 1175 desiderium
3071 1121 3353 1188 deducitis,
3397 1132 3449 1179 et
3488 1137 3703 1182 vestrum

2157 1208 2437 1263 brachium
2462 1206 2601 1264 forte
2627 1218 2817 1264 contra
2857 1210 3103 1267 inimicos
3130 1223 3330 1269 sancta:
3363 1214 3454 1270 Dei
3479 1216 3705 1272 Ecclesia:

2159 1306 2213 1353 et
2236 1308 2444 1354 vestros
2467 1299 2755 1355 extenditis
2782 1300 2833 1354 δ.
2870 1301 3219 1359 Dilectionem
3262 1304 3425 1374 igitur
3455 1313 3603 1375 atque
3626 1309 3708 1360 lir-

2161 1404 2301 1443 mam
2339 1389 2679 1455 charitatem,
2720 1406 2884 1459 quam
2922 1406 3048 1461 erga
3098 1394 3440 1449 serenitatem
3495 1405 3706 1450 vestram

2161 1480 2520 1548 gerimus,.est
2541 1480 2683 1536 Deus
2707 1482 2759 1535 in
2790 1482 2962 1548 caelis,
3010 1490 3280 1539 scrutator
3304 1488 3460 1541 corda
3483 1494 3535 1541 et
3548 1501 3707 1551 renes,

2161 1571 2254 1640 qui
2278 1571 2604 1640 scitqualem
2654 1586 2891 1627 amorem
2919 1580 2973 1627 et
3002 1573 3416 1629 sollicitudinem
3444 1575 3507 1631 de
3547 1584 3706 1631 vestra

2160 1661 2462 1717 dilutissima
2499 1663 2855 1731 prosperitate
2904 1664 3143 1733 quotidie
3194 1665 3452 1720 habemus
3484 1676 3529 1719 ε.
3589 1665 3711 1732 Quia

2162 1763 2284 1822 post
2311 1752 2478 1808 Deum
2500 1760 2555 1808 et
2579 1760 2794 1809 sanctos
2821 1769 2947 1810 suos
2970 1754 3175 1812 nullum
3198 1755 3581 1812 consolatorem
3621 1758 3708 1809 ha-

2092 1823 2139 1884 B
2168 1843 2373 1907 bemus,
2426 1844 2529 1899 nisi
2557 1844 2727 1899 solam
2771 1851 3005 1899 vestram
3034 1861 3065 1901 a
3088 1845 3198 1901 Deo
3239 1852 3533 1915 protectam
3565 1847 3715 1916 impe-

2169 1935 2355 1989 rialem
2381 1935 2695 2005 potentiam,
2746 1935 2886 1991 unde
2922 1950 3137 2005 semper
3157 1945 3527 2007 exspectamus
3553 1937 3716 1992 defen-

2165 2029 2371 2082 sionem
2407 2036 2461 2081 et
2485 2026 2901 2082 consolationem
2927 2026 2975 2080 ά.
3034 2026 3268 2084 Relectis
3291 2040 3518 2099 namque
3540 2028 3719 2083 vestris

2166 2117 2531 2188 imperialibus
2554 2118 2793 2190 syllabis,
2817 2119 3115 2188 reperimus
3140 2119 3195 2173 in
3222 2120 3304 2174 eis
3333 2128 3587 2190 quatenus
3610 2118 3718 2173 Hel-

2168 2207 2501 2279 mengaudus
2537 2223 2719 2264 comes
2765 2217 2946 2264 vester
2987 2218 3277 2280 nosterque
3327 2210 3494 2266 fidelis
3534 2210 3715 2273 omnia,

2168 2298 2428 2367 quidquid
2453 2312 2484 2351 a
2512 2296 2669 2353 nobis
2680 2297 2903 2363 audivit,
2935 2298 3089 2353 vobis
3109 2313 3205 2368 per
3225 2299 3435 2370 singula
3454 2298 3719 2353 nuntiavit.

2167 2388 2274 2443 Sed
2302 2388 2345 2443 si
2368 2388 2548 2443 omnia
2569 2404 2687 2458 quas
2711 2388 2950 2459 quotidie
2976 2388 3214 2458 patimur
3232 2390 3387 2445 vobis
3422 2389 3723 2444 insinuasset

2170 2485 2280 2532 tam
2308 2478 2421 2546 ipse
2440 2491 2599 2547 quam
2620 2478 2783 2533 etiam
2804 2480 2983 2534 casteri
3000 2480 3149 2535 missi
3174 2482 3341 2536 vestri
3363 2481 3453 2551 qui
3480 2478 3590 2535 istis
3613 2494 3723 2549 par-

2129 2586 2133 2591 '
2169 2568 2316 2625 tibus
2341 2568 2577 2634 veniunt,
2608 2568 2879 2624 fastidium
2902 2585 2995 2625 eos
3015 2571 3237 2626 auribus
3259 2571 3454 2626 vestris
3475 2570 3726 2625 credimus

2170 2659 2369 2715 facere.
2444 2657 2725 2716 Nescimus
2763 2661 2907 2715 enim
2957 2661 3002 2715 si
3030 2667 3208 2716 Vestra
3256 2660 3358 2717 fuit
3409 2660 3725 2719 demandatio

2171 2753 2311 2825 quod
2332 2752 2484 2808 missi
2515 2754 2677 2808 vestri
2705 2752 2797 2823 qui
2843 2762 3103 2809 venerunt
3129 2752 3194 2807 ad
3239 2753 3504 2823 justitiam
3551 2750 3727 2807 facien-

2173 2843 2295 2897 dam
2328 2854 2373 2907 ο,
2408 2840 2718 2898 detulerunt
2746 2857 2929 2897 secum
2967 2843 3213 2898 homines
3238 2842 3348 2916 63
3376 2842 3551 2914 plures
3573 2849 3624 2897 et
3640 2855 3729 2910 per

2172 2930 2410 3003 singulas
2434 2930 2678 2986 civitates
2702 2932 3111 2995 constituerunt,
3164 2931 3293 3002 quia
3315 2933 3515 2997 omnia,
3546 2944 3725 2987 secun-

2173 3023 2298 3078 dum
2328 3023 2471 3092 quod
2511 3021 2717 3077 solebat
2750 3023 2858 3077 dux
2883 3023 2976 3092 qui
3000 3036 3031 3077 a
3054 3024 3212 3078 nobis
3239 3032 3361 3079 erat
3404 3025 3727 3087 constitutus,

2173 3128 2272 3182 per
2311 3111 2714 3167 distractionem
2750 3126 3031 3167 causarum
3083 3113 3334 3168 tollerent
3369 3114 3646 3187 [tollere],
3679 3123 3728 3168 et

2177 3203 2332 3258 nobis
2353 3215 2502 3257 more
2524 3201 2684 3257 solito
2718 3217 2860 3257 nunc
2888 3201 3109 3274 [annue]
3157 3203 3401 3258 tribuere
3441 3203 3536 3273 ipsi
3558 3219 3732 3258 eorum

2174 3293 2421 3349 homines
2444 3297 2789 3363 peregerunt,
2853 3298 2909 3346 et
2952 3292 3177 3346 multam
3199 3292 3570 3348 collectionem
3602 3291 3731 3347 fece-

2175 3394 2300 3441 runt
2325 3385 2391 3439 de
2411 3384 2527 3455 ipso
2555 3382 2770 3454 populo,
2795 3383 2937 3439 unde
2961 3383 3062 3454 ipsi
3086 3382 3255 3440 duces
3280 3385 3499 3440 minime
3527 3393 3731 3455 possunt

2172 3474 2488 3545 suffragium
2509 3473 2664 3528 nobis
2693 3471 3002 3543 plenissime
3033 3480 3364 3541 praesentare
3390 3473 3432 3526 ί.
3479 3473 3736 3528 ὃεάνιΙιιθ

2172 3565 2330 3621 nobis
2344 3564 2522 3636 gravis
2544 3578 2665 3619 esse
2679 3562 2907 3627 videtur,
2940 3563 2986 3616 si
3008 3562 3161 3617 vobis
3181 3560 3458 3618 fastidium
3494 3563 3749 3618 facimusz.

2244 3691 2268 3719 θ
2310 3678 2437 3733 Hac
2459 3676 2567 3731 duo
2583 3674 2790 3729 dilectio
2805 3681 2867 3754 ,οι
2890 3672 3120 3754 altat-itas
3141 3672 3287 3754 inter
3310 3671 3659 3754 sacerdotium
3681 3678 3733 3725 et

2424 3759 2747 3838 magnopere
2769 3742 3096 3823 vigueruntu
3123 3750 3185 3796 ut
3230 3751 3386 3824 patet
3409 3757 3478 3797 ex
3507 3741 3733 3822 pluribus

2289 3858 2303 3871 .
2398 3816 2496 3872 rol.
2515 3815 2775 3883 epistolis.
2804 3812 2920 3865 Duo
2939 3812 3069 3883 haec
3084 3819 3213 3883 item
3241 3811 3734 3883 intersacerdottum

2173 3899 2228 4011 ft
2252 3879 2980 4011 Έιρεῧὲυωῐέῖᾘπξῖηωτ.
3048 3879 3257 3937 Idcirco
3280 3879 3523 3951 pontifex
3561 3896 3735 3935 eorum

2197 3972 2256 4011 es
2313 3972 2367 4011 m
2816 3989 2831 4004 .

2197 3969 2367 4011 estem
2394 3969 2562 4010 Deum
2582 3969 2831 4011 amelli“.

2243 3967 2367 4011 item
2394 3967 2562 4010 Deum
2582 3967 2831 4022 appellat.

2243 4027 2271 4068 ἀ
2308 4027 2386 4082 En
2402 4026 2594 4079 iterum
2618 4021 3023 4092 patriciatus_e_t
3039 4019 3597 4092 augustmidignitatis
3628 4016 3734 4072 olli.

2174 4098 2338 4161 cium,
2365 4094 2604 4151 defensio
2621 4088 2901 4161 Ecclesiae.
2938 4089 3025 4161 Nil
3047 4088 3407 4157 frequentius,
3439 4090 3625 4144 iterum
3647 4103 3733 4145 ur.

2175 4183 2293 4236 geo,
2325 4158 2380 4220 in
2406 4164 2538 4219 Cod.
2561 4161 2738 4236 Carol.
2759 4158 3019 4229 epistolis,
3050 4166 3249 4214 caetera
3285 4161 3568 4228 opiniones
3584 4164 3735 4214 sunt:

2175 4232 2383 4292 utinam
2409 4249 2513 4288 non
2540 4232 2701 4287 etiam
2729 4237 3055 4286 commenta.

2250 4317 2274 4345 ο
2310 4303 2500 4359 Nescio
2521 4317 2590 4356 an
2636 4298 2959 4355 luculentior
2988 4299 3280 4353 missorum
3307 4296 3582 4354 distinctio
3606 4294 3736 4351 desi-

2175 4374 2352 4431 derari
2375 4372 2562 4442 possit.
2630 4370 2734 4442 Alii
2755 4376 2911 4442 erant
2940 4368 3085 4423 missi
3120 4369 3213 4437 qui
3237 4368 3586 4442 legationem
3602 4367 3738 4421 obire

2173 4436 2568 4520 consueverunt
2586 4440 2653 4495 ad
2677 4437 3087 4520 pontificemhut
3106 4436 3191 4491 est
3227 4436 3673 4520 Hefmeuguudus,
3688 4442 3737 4520 et

571 4519 596 4556 ι’
624 4515 889 4590 Catholici
903 4518 1175 4590 principes
1191 4518 1484 4590 Romanam
1508 4517 1801 4590 Ecclesiam
1826 4519 2073 4590 venerari
2099 4504 2156 4568 Β
2175 4514 2275 4590 qui
2308 4514 2532 4590 Romam
2562 4504 2863 4590 .veniebant
2894 4524 2906 4558 :
2945 4507 3035 4587 alii
3068 4522 3220 4590 vero,
3271 4507 3369 4577 qui
3402 4504 3735 4590 adnjustitiaui

497 4582 925 4658 consueverunt:
964 4582 1231 4658 praecipue
1259 4589 1401 4658 quod
1425 4588 1549 4644 inde
1574 4588 1877 4644 Romanum
1907 4589 2075 4658 impe-

502 4657 640 4710 rium
666 4654 1000 4726 proﬂuxerit.
1075 4654 1252 4726 Quare
1278 4654 1545 4714 Honorius
1571 4658 1872 4740 Theodosio
1901 4654 2078 4740 aiebat

503 4723 709 4799 Quid.
724 4726 846 4782 coll.
878 4727 1057 4793 Rom.,
1087 4727 1291 4799 p.8l):
1323 4747 1342 4778 ε
1373 4727 1566 4784 Procul
1589 4728 1752 4799 dubio
1772 4728 1912 4782 illius
1928 4729 2079 4784 urlus

551 4794 745 4867 cglesia
791 4769 1008 4867 speciali
1038 4769 1194 4853 adibis
1229 4769 1377 4854 cultu
1403 4769 1706 4867 veneranda
1733 4806 1836 4863 est,
1874 4813 1940 4852 ex
1971 4769 2077 4866 qu;

502 4864 876 4939 et_Romanuin
896 4868 1252 4939 principatum
1276 4869 1600 4939 accepimus.
1616 4885 1650 4939 ι
1677 4864 1920 4939 Justinus
1948 4864 2080 4923 «bu-

505 4934 731 5007 miliavit
779 4952 838 5007 se
892 4934 1095 5007 pronus
1127 4946 1187 4994 et
1204 4934 1444 4991 adoravit
1492 4937 1854 5007 beatissimum
1886 4952 2077 5007 papam

503 5001 762 5078 Joannem
790 5001 948 5078 (apud
975 5006 1164 5078 Anast.
1196 5016 1329 5063 sect.
1358 5008 1470 5075 88).
1495 5026 1513 5058 ι
1533 5001 1918 5078 Justinianus'c
1948 5001 2079 5078 gau-

506 5074 595 5145 dio
624 5074 860 5145 repletus
878 5077 1177 5132 humiliavit
1202 5092 1261 5132 se
1290 5074 1488 5132 sanctze
1513 5077 1625 5132 sedi
1659 5074 1988 5145 apostolici,
2023 5086 2080 5133 et

505 5144 751 5229 adoravit
771 5144 1140 5229 beaiissimum
1166 5162 1360 5229 papam
1376 5146 1680 5221 Agapitum.
1692 5144 1928 5229 S'Ubid,
1940 5156 2075 5229 sect.

505 5211 619 5285 96).
689 5211 1026 5286 Iustinianus
1063 5211 1253 5284 iunior
1288 5236 1306 5268 ι
1335 5211 1459 5286 cum
1490 5211 1657 5286 rcgno
1711 5211 1765 5270 in
1811 5211 1988 5286 capite
2022 5232 2081 5273 se

502 5285 1227 5356 prostravitpedesosculans
1236 5285 1504 5356 pontiﬁcis
1514 5285 1849 5356 Constantini
1863 5285 2077 5356 i(lbid.,

507 5350 651 5427 sect.
670 5350 828 5427 {13):
868 5350 1071 5411 Potiori
1094 5354 1216 5427 jure
1236 5350 1363 5426 erga
1391 5350 2082 5427 RomanamﬁEccles'iamet

504 5423 842 5500 pontiﬁcem,
866 5423 1164 5500 praesertim
1188 5423 1422 5500 Leonem
1446 5426 1533 5490 lll,
1563 5424 1654 5494 qui
1672 5426 1865 5494 dignit.
1886 5426 2076 5500 imper.

505 5492 833 5565 instaurator
854 5492 1067 5565 _'fuerat
1085 5537 1107 5560 ,λ
1155 5494 1469 5565 obsequium
1517 5492 1676 5565 omne
1728 5492 2078 5563 promendum

506 5569 624 5613 erat
647 5577 676 5615 a
709 5562 923 5634 Carolo.
974 5562 1034 5622 Id
1078 5582 1202 5621 eum
1251 5562 1481 5634 gessisse
1518 5564 1627 5619 Leo
1673 5562 1904 5620 testatur
1958 5580 2081 5620 cum

506 5643 700 5706 magno
725 5629 928 5706 fenore.
985 5636 1061 5691 De
1084 5629 1343 5706 obsequio
1376 5634 1759 5706 imperatorum
1792 5635 2082 5706 etprinci-

504 5710 630 5766 pnm
653 5699 707 5754 in
735 5700 959 5756 Romam

506 5710 630 5766 pum
653 5703 707 5754 in
735 5703 959 5756 Romam
1056 5714 1134 5759 nt.
1162 5703 1270 5760 late
1295 5703 1685 5765 Thomassinus
1703 5703 1781 5775 (p.
1812 5703 1899 5769 ll,
1921 5703 1958 5758 l.
1994 5720 2079 5769 Ill,

506 5780 660 5839 capp.
689 5768 777 5836 ϐο,
805 5768 893 5836 62,
923 5719 1055 5839 δεῖξ’

2195 4572 2474 4638 ἱιοίεηόιιιιι
2505 4580 2857 4635 mittebantur
2882 4616 2897 4639 ,
2924 4577 3017 4646 sic
3048 4576 3262 4633 volente
3290 4572 3577 4646 'pontifice,
3606 4572 3737 4646 quod

2172 4649 2545 4728 infraplanius
2564 4650 2658 4706 fiet
2673 4645 3023 4728 _e_x.arcbie_p.
3048 4641 3382 4728 Ravennatis
3407 4641 3660 4728 pravigte
3675 4641 3736 4728 ad

2172 4714 2425 4779 Carolum
2440 4719 2635 4779 delata.
2673 4714 2985 4787 Huiusmodi
3008 4725 3186 4787 autem
3203 4714 3497 4774 missorum
3520 4714 3736 4787 ollicium

2172 4804 2229 4849 et
2253 4790 2545 4860 auctoritas
2570 4806 2643 4860 ne
2660 4785 3386 4860 pluristequo‘tesiimentur,
3415 4785 3736 4860 erui__debciit

2172 4848 2239 4919 ex
2266 4877 2384 4930 cap.
2412 4860 2446 4915 ι
2468 4848 3143 4930 Constitutionis_Lo_tharii
3172 4857 3276 4930 sub
3299 4848 3504 4930 Eugen.
3530 4855 3569 4930 l_l
3592 4848 3734 4924 (Coll.

2178 4926 2497 5001 Rom—part.
2514 4946 2590 5001 Ait,
2618 4944 2754 5001 pag.
2772 4926 2921 4997 208).
2955 4927 3042 5001 iis
3061 4926 3331 5001 siquidem
3352 4926 3616 5001 sexdecim
3631 4932 3738 4975 tau-

2180 5012 2290 5057 tum
2318 4993 2474 5055 annis
2496 4993 2662 5054 distat
2685 4993 2753 5053 ab
2776 4993 2936 5053 teta'te
2955 4995 3114 5065 hujus
3129 4993 3413 5065 epistola:
3448 5015 3468 5049 ι
3502 4993 3739 5050 Volumus

2175 5073 2359 5135 etiam,
2385 5069 2573 5141 inquit,
2603 5075 2664 5122 ut
2692 5067 2847 5141 missi
2862 5067 3260 5141 constituantur
3276 5080 3310 5119 a
3334 5066 3530 5141 domno
3547 5069 3739 5141 φθειρ-

2178 5142 2282 5197 lico
2309 5131 2364 5195 et
2390 5131 2421 5194 a
2443 5131 2616 5202 nobis,
2645 5136 2738 5207 qui
2762 5136 3037 5207 annuatim
3067 5136 3222 5207 nobis
3252 5137 3566 5207 renuntient
3582 5131 3740 5207 quali-

2180 5222 2263 5267 ter
2286 5209 2483 5289 singuli
2508 5202 2756 5289 duceset
2776 5204 3264 5289 iudicesiustitiam
3299 5207 3497 5289 popqu

2176 5291 2234 5337 et
2253 5275 2521 5350 quomodo
2541 5286 2723 5350 nostra
2743 5275 3060 5350 constitutio
3089 5284 3361 5331 servetur.
3395 5275 3741 5350 Decernimus

2180 5340 2380 5427 itaque,
2408 5359 2470 5405 ut
2487 5348 2722 5427 primum
2741 5363 2933 5427 omnes
2952 5346 3277 5427 clamores,
3315 5347 3409 5427 qui
3436 5340 3739 5427 negligentia

2180 5415 2373 5476 ducum
2397 5415 2747 5484 aut—iudicum
2769 5416 2987 5483 fuerint,
3007 5416 3073 5471 ad
3086 5416 3337 5471 notitiam
3350 5415 3532 5472 domui
3550 5420 3741 5484 aposio-

2182 5491 2268 5545 lici
2314 5480 2635 5552 referantur,
2690 5496 2752 5556 ut
2768 5487 2949 5542 statim
2973 5480 3080 5541 aut
3114 5486 3227 5556 ipse
3267 5499 3516 5556 persons
3542 5480 3745 5556 nuntios

2181 5560 2396 5615 eosdem
2420 5556 2696 5614 emendari
2731 5555 2915 5622 faciat,
2945 5566 3038 5611 aut
3055 5553 3211 5612 nobis
3240 5553 3506 5621 notilicet,
3524 5561 3584 5608 ut
3607 5553 3739 5620 lega-

2184 5632 2329 5700 tione
2356 5644 2386 5682 a
2422 5627 2580 5683 nobis
2603 5626 2809 5700 directa
2830 5627 3263 5700 emendentur.)
3315 5695 3326 5700 _
3418 5696 3448 5700 η
3493 5693 3524 5700 _
3630 5689 3659 5700 _.

2259 5698 2276 5738 ί
2310 5696 2418 5754 Ista
2440 5712 2549 5753 non
2578 5696 2806 5751 multum
2845 5696 3105 5752 abludunt
3138 5712 3170 5751 a
3207 5694 3451 5751 Lotharii
3483 5693 3742 5749 Constitth

2184 5770 2345 5827 tione.
2383 5764 2591 5824 Ducum
2616 5775 2778 5837 atque
2804 5766 3044 5838 iudicum
3077 5781 3276 5823 munus
3299 5775 3418 5822 erat
3445 5758 3743 5836 populisin-
