4004 6188
254 340 361 401 543

540 338 694 401 COD.
739 337 1013 401 DIPLOM.
1052 374 1123 384 —
1162 338 1454 407 MONUM.,
1493 340 1675 405 ETC.,
1714 337 1847 395 SEU
1887 337 2116 393 CODEX
2157 336 2570 394 CAllOLlNUS.
2612 368 2680 381 --
2718 338 2868 393 EPP.
2911 339 3156 397 LEONIS
3193 341 3281 397 Ill.

3438 343 3546 400 546

252 458 328 512 ad
358 457 646 533 legendum
677 454 1018 524 aperuimus.
1052 466 1229 522 neque
1250 450 1398 522 quod
1434 452 1486 507 in
1516 468 1581 508 ea
1607 450 1848 506 contine-
1874 450 1919 507 Α
1950 447 2035 502 nis
2062 446 2089 487 ει
2122 448 2398 504 vobiscum
2432 463 2540 505 non
2580 451 2925 521 spondemus,
2966 453 3094 523 quia
3132 471 3242 511 non
3282 466 3411 513 sunt
3443 461 3547 515 sub

254 557 351 603 tur
380 561 735 617 cognovnnus
760 557 811 609 ι,
851 544 956 600 nisi
989 545 1134 612 quod
1168 560 1267 614 per
1305 545 1457 601 illum
1495 545 1720 600 missum
1756 557 1856 599 no-

253 646 432 694 strum
458 638 617 693 nobis
646 637 701 691 in
726 636 910 692 verbis
935 636 1152 691 direxit.
1183 635 1239 689 ιιι
1266 643 1350 691 est
1372 636 1438 690 de
1464 635 1570 690 illis
1599 634 1855 689 Sarrace-

255 743 455 786 norum
492 727 674 782 missis
711 742 834 780 cum
873 726 1070 795 quibus
1110 734 1327 794 paetum
1366 724 1703 780 conﬁrmavit
1740 724 1854 793 ipse

254 820 522 890 patricius
551 819 606 873 in
628 832 799 872 annos
821 817 1029 873 decem.
1060 816 1285 871 Dicebat
1308 816 1452 870 enim
1478 815 1545 869 ad
1568 814 1856 883 prmdictos

258 911 458 964 missos
478 908 871 963 Saracenorum
898 924 912 960 :
938 906 1109 974 Quale
1134 906 1411 960 nobiscum
1438 914 1653 973 pactum
1678 905 1855 956 facere

254 1001 443 1066 vultis,
483 1014 609 1054 cum
642 1013 772 1052 ecce
803 996 920 1065 jam
953 995 1080 1049 anni
1117 1004 1241 1049 sunt
1274 994 1583 1064 octuaginta
1618 994 1856 1062 quinque

254 1091 403 1159 quod
431 1098 651 1160 pactum
684 1089 964 1143 nobiscum
1000 1086 1206 1141 fecistis
1239 1096 1293 1141 et
1328 1086 1543 1141 ﬁrmum
1578 1101 1684 1141 non
1722 1084 1858 1140 quI?

254 1182 374 1237 lino
400 1190 457 1237 et
480 1179 876 1236 Constantinus
905 1176 1189 1247 patricius,
1219 1176 1312 1246 qui
1342 1183 1469 1231 ante
1498 1191 1584 1230 me
1612 1174 1855 1245 prazfuit,

255 1274 315 1334 in
348 1274 533 1328 decem
566 1286 741 1326 annos
763 1269 1038 1325 vobiscum
1064 1276 1282 1337 pactum
1309 1266 1565 1332 ﬁrmavit,
1591 1281 1762 1336 usque
1791 1267 1860 1321 ad

258 1364 500 1420 futuram
547 1372 796 1418 octavam
844 1360 1193 1415 indictionem
1230 1359 1280 1424 ιι,
1327 1357 1422 1413 sed
1461 1372 1639 1428 neque
1686 1358 1858 1428 ipsum

253 1464 479 1526 pactum
514 1454 733 1508 ﬁrmum
771 1451 1041 1506 tenuistis.
1082 1449 1236 1504 Nunc
1269 1458 1450 1503 autem
1492 1448 1651 1517 quale
1684 1448 1863 1503 vobis-

251 1561 388 1601 cum
434 1552 651 1614 pactum
701 1541 997 1604 faciamus,
1045 1540 1200 1595 nobis
1248 1539 1579 1610 incognitum
1625 1547 1728 1594 est.
1780 1538 1863 1594 Ad

251 1633 383 1688 hac
416 1629 818 1701 respondebant
856 1628 958 1698 ipsi
994 1627 1389 1684 Saracenorum
1438 1627 1625 1693 missi,
1679 1629 1864 1683 dicen-

1955 538 2158 593 ditione
2181 541 2331 610 regni
2355 540 2526 596 nostri
2553 556 2568 594 :
2591 542 2702 611 78
2718 543 2814 597 sed
2832 543 2887 598 in
2911 554 3172 613 quantum
3192 545 3434 605 valemus
3451 563 3551 605 eos

1954 645 2232 699 superam,
2272 633 2414 688 sicut
2451 649 2546 688 vos
2582 634 2656 689 ita
2693 643 2748 690 et
2785 651 2884 691 nos
2921 647 3110 692 contra
3150 639 3271 695 illos
3304 641 3361 695 in
3398 657 3550 698 mare

1954 719 2214 777 dimicare
2250 725 2618 793 permittimus
2646 740 2662 779 :
2693 734 2751 780 et
2786 726 2833 782 si
2871 728 2971 782 soli
3012 731 3111 785 nos
3144 746 3251 785 non
3285 733 3550 793 valemus.

1956 826 2055 867 nos
2099 829 2127 867 a
2171 824 2324 883 parte
2366 826 2548 871 nostra
2594 825 2651 873 et
2693 833 2788 873 vos
2828 834 2857 873 ιι
2898 829 3078 875 vestra
3117 822 3552 880 Christianorum

1956 903 2153 958 ﬁnibus
2191 921 2286 959 eos
2319 905 2656 974 abjiciemus.
2687 907 2815 964 Post
2844 910 2961 965 haec
2985 926 3113 966 vero
3142 915 3394 969 convenit
3423 916 3550 979 illis,

1956 1002 2011 1045 et
2037 993 2427 1049 conﬁrmavere
2454 997 2506 1050 in
2535 998 2737 1067 scripto
2772 1000 2915 1055 inter
2950 1016 3009 1057 se
3042 1012 3258 1072 pactum
3297 1007 3350 1060 in
3379 1021 3555 1064 annos

1958 1080 2144 1136 decem
2192 1100 2205 1136 :
2253 1093 2308 1138 et
2351 1085 2500 1140 dedit
2544 1088 2624 1142 eis
2673 1089 2896 1144 missum
2938 1092 3152 1146 nomine
3196 1093 3550 1165 Theopistum

1959 1174 2261 1240 notarium.
2297 1184 2353 1229 et
2385 1177 2619 1233 reddidit
2660 1179 2765 1234 illis
2804 1189 3039 1250 quantos
3081 1184 3271 1241 habuit
3309 1201 3556 1257 compre-

1960 1264 2157 1320 hensos
2185 1265 2252 1320 de
2282 1267 2415 1335 ipsis
2447 1268 2751 1337 Sarawnis,
2779 1281 2839 1327 ut
2871 1272 2991 1346 illos
3016 1273 3375 1341 Christianos,
3413 1294 3554 1349 quo;

1961 1352 2027 1407 de
2069 1353 2184 1408 suis
2230 1355 2478 1423 partibus
2520 1358 2926 1425 prtedaverant,
2974 1362 3337 1418 reddidissent
3384 1376 3431 1419 ο.
3489 1366 3559 1422 Et

1959 1448 2244 1511 postquam
2276 1439 2392 1509 jam
2421 1443 2625 1498 dictum
2659 1456 2877 1514 pactum
2909 1448 3050 1503 inter
3079 1465 3139 1504 se
3170 1450 3556 1522 ﬁrmaverunt,

1961 1540 2018 1587 et
2047 1532 2245 1588 missus
2281 1534 2350 1588 ab
2384 1535 2502 1604 ipso
2537 1537 2768 1605 patricio
2798 1540 3080 1596 absolutus
3113 1551 3224 1607 est,
3262 1544 3468 1603 invenit
3499 1547 3557 1604 in

1961 1635 2152 1681 eatena
2193 1642 2361 1681 unum
2402 1628 2676 1684 hominem
2719 1631 2821 1686 sub
2859 1632 3027 1688 nimia
3056 1635 3342 1694 velocitate
3369 1639 3437 1695 ad
3466 1655 3562 1710 pa-

252 1733 350 1780 tes
375 1742 389 1779 :
419 1724 583 1778 Pater
612 1724 767 1778 istius
795 1720 1206 1775 Amiralmumin
1234 1732 1282 1785 ε,
1309 1720 1401 1790 qui
1428 1736 1574 1776 nunc
1599 1720 1736 1790 apud
1764 1736 1863 1776 nos
1897 1786 1937 1800 _
1962 1716 2181 1771 tricium
2230 1718 2482 1773 nuntiare
2529 1718 2793 1775 festinans
2817 1758 2833 1785 ,
2888 1723 3033 1791 quod
3083 1732 3291 1794 septem
3344 1729 3561 1800 navigia

252 1832 492 1889 regnare
534 1815 770 1878 videtur,
810 1802 1095 1867 defunctus
1131 1819 1249 1875 est,
1381 1810 1483 1865 iste
1519 1786 1741 1866 relictus
1776 1818 1860 1865 e-t
1897 1786 1939 1846 Β
1968 1804 2274 1861 Maurorum
2314 1808 2694 1878 prtedaverunt
2730 1786 3120 1869 unum-vicum
3146 1786 3221 1870 Iin
3268 1817 3459 1890 Regio,
3473 1786 3564 1875 "et

250 1907 541 1978 parvulus,
579 1913 636 1960 et
668 1904 761 1974 qui
790 1902 894 1957 fuit
927 1917 1118 1957 servus
1152 1900 1328 1956 factus
1361 1908 1447 1956 est
1479 1901 1634 1966 liber,
1675 1910 1729 1956 et
1765 1902 1860 1971 qui

252 2000 404 2053 liber
435 1996 538 2052 fuit
568 1994 796 2051 eﬁ'ectus
826 2002 911 2048 est
939 1992 1219 2057 dominus;
1259 1997 1316 2045 et
1348 1990 1553 2045 nullum
1584 2006 1644 2045 se
1677 2006 1861 2061 regem

254 2090 468 2145 habere
503 2087 801 2156 putabant;
850 2083 946 2138 sed
992 2097 1118 2136 ecce
1164 2096 1308 2136 nunc
1352 2089 1638 2151 postquam
1679 2081 1860 2135 omnia

252 2199 385 2253 quae
421 2195 577 2251 pater
610 2196 740 2236 suus
770 2177 958 2233 habuit
986 2177 1088 2232 sibi
1119 2174 1374 2243 subjecit,
1412 2175 1526 2229 vult
1560 2175 1712 2229 ﬁrma
1752 2183 1861 2229 sta-

256 2271 480 2328 bilitate
505 2270 609 2325 hoc
634 2268 779 2338 quod
810 2281 1066 2338 paramus
1099 2274 1317 2335 pactum
1342 2280 1601 2319 servare:
1631 2266 1696 2320 de
1727 2265 1862 2335 Spa-

338 2416 365 2444 ιι
404 2403 685 2458 Summam
726 2400 1000 2472 pontiﬁcis
1029 2378 1202 2472 ﬁdem
1247 2399 1303 2454 in
1347 2399 1512 2472 rebus
1554 2398 1860 2472 huiusmodi

254 2473 548 2529 laudabam
581 2467 877 2543 suprar(ep.
910 2470 962 2535 6,
994 2470 1064 2543 al.
1097 2471 1150 2543 8_.
1177 2469 1230 2524 in
1265 2467 1489 2543 none);
1526 2486 1606 2543 en_
1620 2467 1860 2543 ejusdem

254 2538 664 2626 argumentum
689 2538 839 2626 aliud
879 2541 1223 2626 luculentius.
1272 2538 1678 2626 {inﬁgat-oms
1723 2538 1861 2595 scri-

252 2610 454 2685 pserit,
478 2615 675 2683 quidve
697 2612 990 2695 Gregorius
1018 2610 1339 2691 reposuerit,
1370 2610 1676 2664 nullatenus
1703 2625 1863 2665 nosse

254 2684 402 2748 vult,
433 2686 790 2762 ne_ohsequlo
820 2680 1118 2762 antollicm
1148 2681 1288 2762 desit
1319 2697 1379 2762 in
1402 2679 1865 2762 Ca.rolu’m._fltta-

257 2747 394 2809 men
432 2747 788 2809 animadverti
822 2751 983 2805 velim
1025 2749 1169 2819 quod
1210 2752 1253 2804 si
1297 2749 1556 2819 patricius
1597 2747 1794 2806 Sicilia:
1831 2767 1862 2804 a

257 2824 450 2879 Leone
486 2825 623 2893 petit
661 2831 723 2877 ut
767 2822 976 2876 litteras
1020 2820 1181 2893 legat,
1226 2833 1519 2893 earumque
1556 2821 1880 2893 egemplum.

258 2909 364 2949 seu
404 2889 548 2962 ipsas
585 2893 950 2964 autographas
990 2889 1161 2964 ab'se
1202 2890 1442 2964 signatas
1484 2891 1538 2944 in
1578 2889 1862 2964 Franciam

259 2959 479 3027 mittat,
514 2959 742 3018 minime
776 2959 844 3017 iis
871 2961 1249 3017 continebatur
1286 2959 1578 3029 quidquam
1619 2961 1861 3029 pontiﬁci

258 3034 550 3088 celandum
579 3048 594 3087 :
623 3047 746 3088 eum
776 3030 1069 3100 ceteroqui
1095 3030 1163 3085 de
1192 3029 1376 3084 Sicilia
1405 3037 1517 3101 tum
1546 3032 1803 3101 temporis
1832 3048 1862 3087 a

260 3104 554 3158 Saracenis
584 3102 1116 3173 frequenterrvexata
1151 3115 1239 3173 res
1268 3108 1432 3173 esset.
1472 3100 1554 3173 At
1575 3100 1706 3155 num
1736 3118 1861 3173 age-

260 3183 419 3227 retur
447 3173 513 3227 de
546 3170 783 3227 ineundo
820 3172 1022 3227 fmdere
1048 3185 1171 3225 cum
1205 3170 1464 3241 Romanis
1492 3171 1558 3241 ad
1599 3170 1860 3241 repellen-

256 3242 366 3296 dos
398 3243 719 3307 Saracenos,
753 3258 821 3297 an
858 3243 925 3297 de
961 3239 1351 3313 commutanda
1378 3240 1551 3313 insula
1581 3239 1703 3295 cum
1734 3258 1859 3313 pro-

257 3313 459 3367 vinciis
486 3313 765 3367 Dalmatia:
796 3311 1069 3367 Liburniae
1101 3311 1307 3375 aliisve,
1340 3311 1392 3364 in
1419 3311 1650 3366 obscuro
1677 3311 1861 3368 omnia

260 3393 413 3437 sunt.
446 3382 622 3437 Unum
648 3382 1020 3437 tantummodo
1044 3388 1255 3436 certum
1276 3394 1290 3433 :
1315 3382 1461 3450 quod
1484 3379 1666 3435 Sicilia
1689 3398 1859 3450 usque

263 3454 338 3506 ad
374 3468 575 3507 annum
600 3453 704 3507 827
740 3450 1325 3522 imperatori_0rientis
1362 3451 1541 3520 paruit
1578 3451 1732 3522 (Dar.
1767 3468 1856 3505 an.

263 3522 395 3583 8‘27,
428 3540 480 3574 ιι.
506 3522 757 3606 24;.Pag.
783 3520 943 3606 ιδιά..
964 3539 1022 3606 n:
1049 3520 1136 3606 4).;
1168 3536 1273 3606 qua
1288 3522 1365 3606 de
1398 3536 1455 3575 re
1481 3520 1856 3591 opportunius,

262 3606 575 3734 afﬁgit?
591 3590 1587 3734 ἰᾳὲιὲιρέἶῗῧὲἓηιξῗὲιῗῆᾙερὲἇῑιοίοἱιιε
1612 3661 1861 3733 Gregorii

261 3732 633 3801 predecessor
674 3732 850 3788 fmdus
888 3749 1010 3788 cum
1042 3733 1330 3788 Saracenis
1373 3733 1424 3786 in
1464 3746 1635 3786 annos
1676 3732 1860 3788 decem

260 3811 625 3871 percusserat.
665 3803 733 3857 Et
762 3811 889 3857 nota
915 3805 1057 3873 quod
1092 3802 1302 3873 patricii
1335 3803 1425 3858 diu
1466 3811 1735 3871 prteerant
1776 3803 1863 3858 Si-

263 3873 425 3937 ciliae,
454 3882 513 3927 ut
544 3875 758 3944 planius
792 3873 1060 3944 intelligas
1135 3888 1259 3927 nam
1297 3873 1455 3943 longe
1479 3886 1511 3926 a
1536 3888 1665 3927 vero
1702 3875 1861 3928 abeat

266 3942 613 3998 Muratorius.
656 3944 745 3997 ubi
779 3947 1064 3998 patricium
1092 3890 1281 3998 ducem
1321 3943 1532 3998 classis.
1563 3959 1662 3998 oro
1695 3944 1861 3998 natri—

266 3942 613 4014 Iduratorius,
656 3944 745 3997 ubi
779 3942 1064 4012 patricium
1092 3942 1281 3998 ducem
1321 3942 1532 4014 classis,
1563 3959 1662 4013 pro
1694 3944 1864 4014 patri-

264 4013 354 4066 cio
386 4013 648 4081 praefecto
688 4014 886 4069 Siciliae
924 4014 1151 4084 accipit,
1193 4013 1336 4083 quod
1381 4015 1667 4068 monebam
1696 4013 1859 4083 Supra

268 4084 376 4152 (ep.
404 4085 461 4156 8,
490 4084 563 4138 al.
591 4086 646 4149 ὅ,
674 4084 728 4138 ἱιι
756 4093 869 4156 not:
898 4092 920 4120 ο
941 4087 982 4156 ).
1074 4151 1083 4156 _
1228 4154 1242 4156 _
1267 4110 1309 4156 __'

342 4164 366 4190 ε
403 4153 803 4209 Animadvertit
839 4151 1034 4225 Pagins
1064 4151 1190 4275 ian.
1219 4153 1341 4209 8l3.
1373 4169 1428 4207 n.
1455 4151 1563 4225 24)
1597 4153 1736 4206 amir
1765 4169 1859 4209 seu

342 4224 420 4275 iir.
456 4225 770 4275 nnefectum
807 4241 900 4275 seu
942 4241 1068 4275 rem]
1094 4240 1185 4275 um
1222 4223 1546 4275 significare.
1588 4232 1644 4275 at
1678 4224 1859 4275 addito

266 4224 420 4287 emir,
456 4225 770 4291 pnefectum
807 4241 901 4280 seu
924 4223 1185 4291 'regulum
1222 4223 1548 4292 signiﬁcare,
1588 4232 1644 4276 at
1678 4224 1863 4279 addito

267 4291 604 4348 Almumem'n
643 4296 901 4350 denotare
939 4294 1238 4350 principem
1284 4293 1549 4350 ﬁdelium.
1596 4308 1691 4347 seu
1731 4294 1862 4348 cali-

267 4310 604 4348 Αιιιιαιηεηιη
643 4310 901 4350 uenatare
939 4310 1238 4364 principem
1284 4310 1549 4358 noenum,
1596 4310 1691 4347 seu
1731 4310 1861 4348 can-

267 4362 451 4434 pham,
484 4362 640 4431 cujus
670 4365 815 4434 regia
844 4366 1001 4420 sedes
1029 4364 1281 4432 Bagdadi.
1308 4363 1573 4434 Elmacini
1604 4363 1733 4418 item
1761 4380 1861 4419 au-

267 4432 521 4487 ctoritate
546 4443 699 4489 notat
726 4432 792 4490 de
815 4434 1005 4489 Amnis
1032 4442 1205 4488 morte
1233 4434 1474 4504 Leonem,
1497 4432 1660 4503 loqui,
1697 4450 1859 4504 quam

1887 3132 1934 3195 C

1962 1897 2083 1952 duae
2113 1913 2278 1954 naves
2312 1914 2380 1954 ex
2405 1900 2486 1955 eis
2514 1910 2634 1971 post
2665 1916 2762 1957 eos
2786 1903 2857 1959 ad
2888 1903 3041 1959 littus
3071 1906 3321 1962 exierunt
3352 1922 3575 1967 vacum.‘

1963 1984 2099 2039 Nam
2128 1993 2183 2040 et
2214 1986 2316 2041 hoc
2346 1988 2615 2043 nuntiavit
2645 1990 2802 2045 nobis
2834 1990 2947 2062 ipse
2969 1994 3169 2050 missus
3189 2004 3394 2064 noster,
3419 2002 3563 2069 quod

1962 2077 2203 2132 audisset
2224 2079 2292 2133 ab
2312 2078 2621 2136 hominibus
2645 2079 3042 2137 Saracenorum
3063 2086 3262 2152 missis,
3289 2091 3433 2159 quod
3458 2092 3564 2149 isto

1961 2164 2122 2225 Junio
2164 2182 2348 2223 mense
2382 2177 2671 2227 transacta:
2709 2180 2879 2228 sextae
2919 2174 3231 2233 indictionis
3269 2179 3565 2240 voluissent

1963 2274 2085 2312 cum
2109 2258 2233 2313 aliis
2256 2266 2474 2315 centum
2507 2262 2736 2318 navibus
2762 2264 2831 2319 ad
2864 2263 3170 2321 Sardiniam
3199 2267 3218 2308 τ
3251 2284 3560 2344 peragrare,

1962 2405 1992 2446 c
2020 2390 2123 2444 iam
2151 2389 2460 2463 llaurorum
2488 2391 2774 2463 appellatio
2802 2393 2868 2449 iis
2894 2396 3125 2452 accessit
3156 2412 3171 2452 :
3207 2398 3281 2454 ita
3314 2410 3373 2455 ut
3397 2401 3565 2459 Sara-

1964 2477 2126 2534 cesms
2156 2461 2427 2531 Hispania:
2461 2461 2748 2534 appellatio
2781 2465 3044 2534 ejusmodi
3081 2483 3111 2521 a
3142 2471 3355 2525 caeteris
3393 2472 3562 2530 Sara-

1964 2531 2114 2611 cenis
2156 2540 2426 2611 secernat.
2477 2531 2770 2604 Utriusque
2809 2531 2895 2591 rei
2941 2537 3100 2592 testis
3141 2539 3562 2611 locupletissima

1963 2610 2049 2655 est
2081 2601 2198 2657 ιιωο
2222 2602 2469 2671 epistola.

2041 2673 2447 2754 esolemni
2495 2674 2596 2754 hoc
2642 2683 2878 2754 tractatu
2912 2677 3259 2754 captivorum
3303 2682 3560 2754 utrinque

1967 2741 2579 2815 restitutioneﬁrmato,
2626 2746 2701 2799 nil
2739 2747 2878 2815 apul
2912 2741 3201 2803 historicos
3239 2741 3512 2808 inVenitu'r
3542 2769 3556 2808 :

1966 2828 2136 2881 quare
2159 2813 2451 2883 singularis
2481 2815 2671 2871 notitia
2697 2813 2797 2875 ista
2821 2817 2910 2870 uni
2934 2817 3099 2873 Leoni
3125 2821 3365 2883 pontillci
3397 2823 3563 2879 refer-

1969 2882 2332 2955 turaccepta.
2371 2882 2532 2940 Certe
2566 2902 2736 2955 usque
2773 2886 2840 2941 ad
2880 2903 3080 2942 annum
3115 2882 3221 2944 827
3258 2890 3564 2950 Saracenos

1965 2952 2166 3009 Africa:
2203 2954 2461 3009 molestos
2501 2952 2669 3011 fuisse
2711 2957 2909 3013 Siculis
2944 2974 3051 3013 non
3091 2958 3249 3014 docet
3289 2961 3560 3019 historia:

1970 3031 2085 3079 tum
2108 3039 2238 3079 vero
2268 3024 2551 3111 Euphemii
2576 3026 2741 3082 Siculi
2771 3027 3077 3111 proditio-ne
3105 3027 3347 3111 Siciliam
3367 3034 3435 3111 in
3465 3033 3565 3111 Sa—

1969 3110 2288 3176 racenorum
2314 3103 2639 3176 potestatem
2668 3100 2880 3176 venisse
2907 3106 2961 3176 et
2988 3100 3255 3176 [jaronius
3281 3111 3337 3157 et
3367 3102 3566 3176 Pagius

1966 3165 2268 3240 (Bar._8‘27,
2296 3183 2352 3219 ιι.
2382 3166 2483 3232 25ς
2520 3168 2649 3240 Pag.
2679 3168 2778 3240 ξι..
2814 3186 2867 3223 ιι.
2894 3167 2950 3240 4)
2982 3168 3297 3226 Gnecorum
3325 3165 3565 3230 auctori-

1961 3244 2070 3313 tate
2100 3237 2489 3313 demonstrant.
2524 3238 2720 3293 Leonis
2746 3237 2939 3313 autem
2957 3239 3226 3313 Qstiensis
3251 3245 3565 3313 opinionem

1959 3308 2027 3383 de
2059 3307 2295 3383 adventu
2319 3306 2731 3383 Saracenorum
2767 3310 2821 3363 in
2860 3309 3103 3383 Siciliam
3134 3306 3419 3383 anno'S'ltl
3438 3313 3566 3383 jure

1960 3376 2226 3431 Batonius
2254 3376 2487 3433 refellit:
2525 3379 2600 3432 nil
2626 3379 2771 3434 enim
2795 3380 2998 3435 certius
3030 3380 3313 3436 invasione
3344 3376 3457 3438 ista'
3478 3385 3565 3439 Si-

1959 3447 2079 3502 cula
2112 3463 2201 3501 an.
2233 3447 2359 3511 827,
2386 3456 2510 3517 post
2536 3448 2828 3504 editionem
2856 3451 3097 3507 chronici
3131 3450 3561 3510 Siculo-Arabici

1961 3517 2106 3595 inter
2140 3518 2436 3595 scriptores
2470 3518 2598 3573 Rer.
2637 3518 2873 3595 Italicam
2913 3519 3103 3595 (Tom.
3141 3521 3188 3585 l,
3224 3533 3559 3595 part.li|.p.

1959 3588 2122 3663 245).
2163 3586 2526 3663 Quamobrem
2558 3590 2776 3663 veritati
2801 3586 2981 3645 fucum
3012 3586 3333 3663 faceret'qui
3363 3586 3565 3651 Sicilim

1960 3659 2197 3733 insplam
2224 3671 2397 3733 usque
2430 3659 2497 3733 ad
2532 3660 2853 3733 praedictum
2886 3676 3088 3717 annum
3115 3662 3221 3718 827
3255 3659 3563 3733 possessam

1960 3743 1994 3804 ιι
2026 3728 2250 3793 Graecis,
2289 3729 2413 3784 inde
2447 3729 2656 3785 duobus
2688 3731 2921 3800 amplius
2954 3733 3170 3804 mulis
3207 3728 3273 3804 inf
3297 3743 3567 3804 potestate

1963 3798 2356 3874 Saracenorum
2387 3798 2794 3874 permanentem
2825 3810 2919 3874 aut
2944 3816 2974 3855 a
3001 3802 3198 3874 Czurolo
3224 3798 3432 3874 Magno,
3470 3814 3567 3860 aut

1961 3870 2033 3942 ab
2070 3869 2246 3942 aliode
2283 3870 2691 3942 successoribus
2727 3869 2992 3942 Carolina:
3033 3873 3220 3942 stirpis
3258 3869 3565 3942 possessam

1962 3939 2128 3994 fuisse
2156 3938 2380 3994 die-aret.
2412 3939 2489 3994 Ea
2518 3939 2869 3995 nihilominus
2896 3941 2949 3995 in
2975 3938 3272 4008 diplomate
3299 3944 3562 4000 Ludovici

1961 4009 2042 4064 Pii
2082 4020 2397 4065 recenseiur
2423 4023 2439 4062 :
2467 4024 2636 4078 quare
2675 4017 2856 4065 autem
2894 4012 2969 4066 ita
3004 4010 3236 4077 factum,
3277 4016 3565 4070 ostendam

1963 4080 2019 4136 in
2060 4081 2282 4135 Dissert.
2316 4079 2383 4134 de
2422 4080 2612 4135 eodem
2653 4080 2962 4152 diplomate,
3004 4096 3126 4153 qua:
3165 4083 3265 4139 has
3302 4085 3564 4155 epistolas

1962 4159 2345 4220 consequetur.

2038 4221 2058 4260 ι
2101 4220 2350 4295 Narratio
2389 4222 2507 4295 haec
2533 4221 2599 4277 de
2638 4220 2925 4277 Saracenis
2959 4221 3162 4295 africa
3204 4231 3332 4295 ante
3371 4235 3564 4295 pactas

1963 4291 2283 4347 deeennales
2324 4291 2568 4347 inducias
2610 4307 2802 4362 parum
2847 4292 3120 4348 credibilis
3162 4291 3396 4350 videtur.
3448 4297 3563 4353 Leo

1962 4363 2077 4431 ipse
2098 4362 2345 4437 pluribus
2367 4363 2775 4437 utensteslibus
2797 4378 2910 4417 rem
2932 4362 3087 4437 valde
3112 4363 3331 4437 dubiam
3356 4368 3559 4437 scripto

1963 4450 2021 4489 se
2052 4431 2308 4488 mandare
2337 4433 2593 4488 ostendit.
2622 4431 2793 4487 Secus
2818 4440 2903 4487 est
2928 4434 2994 4489 de
3020 4432 3221 4489 Mauris
3246 4431 3559 4493 Sardiniam

269 4511 558 4573 consecuta
596 4513 684 4559 est
722 4505 911 4560 eodem
957 4506 1059 4560 hoc
1104 4519 1247 4558 anno
1284 4505 1372 4559 die
1408 4503 1481 4558 25
1525 4500 1859 4573 Septembris
1893 4500 1940 4559 D
1964 4512 2019 4557 et
2072 4503 2351 4559 Corsicam
2394 4516 2537 4572 saepe
2588 4501 2773 4572 przeda
2830 4510 2886 4558 et
2931 4504 3170 4559 caulibus
3214 4507 3560 4565 vexantibus.

269 4572 502 4625 Alamini
532 4571 715 4629 fratris
745 4576 949 4639 caales,
984 4584 1039 4630 et
1067 4574 1400 4629 Almamonis
1429 4571 1650 4629 alterius
1681 4575 1863 4631 fratris

272 4641 647 4725 igauguratio,‘
658 4660 817 4725 quem
843 4646 986 4725 intr'r
1007 4644 1247 4725 calipbas
1271 4644 1587 4699 vicesimum
1610 4654 1862 4700 octavum

272 4714 579 4766 n'umerant.
618 4715 981 4770 Almumenim
1010 4723 1067 4768 et
1110 4714 1481 4770 Almamonem
1512 4730 1678 4769 unum
1705 4730 1862 4769 eum-

271 4781 501 4855 dcmque
523 4799 646 4838 esse
675 4784 815 4838 facili
849 4785 1063 4855 negotio
1092 4800 1353 4855 asseqnor
1378 4802 1391 4838 :
1416 4792 1472 4838 at
1495 4799 1690 4840 nomen
1719 4786 1860 4840 idem

268 4864 378 4924 pro
402 4854 664 4924 principe,
695 4870 788 4909 seu
825 4854 1059 4924 calipha,
1090 4869 1212 4910 esse
1241 4854 1611 4924 accipiendum
1642 4872 1749 4910 non
1779 4856 1864 4910 in-

272 4920 624 4996 ιιειιὶερη-Αι]⁸
656 4938 767 4996 rem
812 4920 1055 4996 nostram
1103 4925 1247 4996 quod
1288 4920 1497 4996 attinet,
1550 4941 1861 4996 quanquam

270 4992 517 5065 nonnihil
554 4992 681 5065 falsi
714 4995 816 5051 hac
857 4994 912 5049 in
951 4992 1177 5065 epistola
1205 4992 1751 5065 contineaturfmofs
1783 5005 1865 5050 ta-

270 5062 647 5135 medealipha:
663 5063 817 5133 juxta
844 5062 1100 5120 adnotata
1124 5065 1365 5135 ejusdem
1391 5064 1542 5135 Pagii
1574 5077 1723 5122 certa
1756 5075 1858 5122 est.

266 5129 542 5205 Calvisius
563 5129 725 5188 etiam
756 5150 821 5189 ex
857 5136 963 5190 alio
1000 5129 1223 5190 aucto're
1255 5129 1540 5205 consign'at
1579 5138 1682 5193 hoc
1718 5153 1863 5193 anno

266 5200 405 5255 Imin
448 5203 651 5259 Amiraz
697 5213 955 5269 mortem.
1001 5220 1067 5260 ac
1110 5205 1393 5261 Maimonis
1413 5200 1857 5263 'surcessionem.

266 5271 591 5357 Qttie‘parva
621 5275 899 5355 nominum
931 5275 1289 5357 discrepantia
1320 5292 1437 5331 rem
1464 5292 1570 5357 non
1596 5286 1786 5357 mutat.

340 5341 367 5379 δ
405 5341 661 5419 Saraceni
701 5360 806 5419 ulla
851 5341 1153 5419 eademque
1174 5361 1309 5417 gens
1349 5355 1548 5401 erant:
1580 5348 1673 5403 sed
1712 5357 1863 5419 post-

264 5425 454 5486 quam.
487 5413 668 5469 Africa
699 5414 905 5481 invasa,
938 5413 1072 5470 inde
1094 5413 1404 5486 Hispaniam
1440 5427 1632 5472 octavo
1663 5413 1862 5474 sacculo

266 5481 489 5537 ineunte
513 5494 877 5559 occuparunt,
916 5486 1073 5559 eique
1110 5481 1455 5559 incubantes,
1486 5488 1707 5559 proprio
1749 5489 1862 5559 regi

268 5562 587 5627 paruerunt,
608 5552 879 5627 praefectis
900 5552 1016 5627 ejus
1040 5557 1355 5626 amplissimi
1380 5552 1529 5627 regni
1554 5552 1863 5627 provincias

269 5622 800 5708 administrantibus;
846 5622 988 5681 unde
1026 5622 1211 5708 postea
1250 5643 1415 5708 regna
1443 5622 1862 5708 quatuordecim

270 5707 575 5767 generare:
601 5704 714 5767 tum
735 5711 867 5753 vero
887 5698 1041 5767 quasi
1070 5698 1373 5767 perduelles
1399 5712 1437 5753 a'
1459 5698 1747 5755 Saracenis
1772 5716 1863 5756 ca-

266 5755 429 5832 lipha:
475 5765 739 5838 Bagdadis
785 5755 1041 5838 subjectis
1070 5755 1272 5826 'haberi
1315 5777 1442 5825 sunt
1493 5769 1677 5842 empti.
1720 5770 1861 5839 Quin

1964 4573 2260 4645 Fuldenses
2295 4573 2606 4645 annaleslet
2639 4575 2939 4645 monachus
2970 4574 3413 4645 Engolismensis,
3454 4595 3561 4635 una

1962 4659 2087 4699 cum
2127 4644 2457 4717 Eginhardo,
2499 4642 2756 4699 Carolum
2796 4643 3020 4715 ejusque
3059 4642 3230 4701 lilium
3272 4645 3560 4717 Pippinum

1964 4728 2145 4784 regem
2192 4713 2365 4769 classe
2410 4721 2609 4784 tutatos
2653 4728 2774 4769 esse
2816 4713 3163 4771 eas—insulas
3206 4713 3455 4783 tradunt,
3502 4730 3565 4775 ut

1962 4783 2164 4868 dictum
2190 4793 2275 4868 est
2289 4784 2396 4868 (ep.
2429 4783 2483 4868 ξ,
2509 4783 2741 4868 al._ﬁ,"in
2768 4794 2883 4841 not.
2914 4786 2986 4857 τ).
3009 4785 3466 4868 cumque-neutra
3497 4790 3564 4843 il-

1963 4856 2139 4910 larum
2164 4855 2460 4925 pertineret
2483 4856 2552 4911 ad
2576 4855 2743 4910 Italiae
2768 4855 3013 4926 regnum,
3041 4864 3097 4911 at
3123 4855 3343 4912 Gorsica
3374 4873 3406 4912 e
3433 4874 3563 4913 con-

1964 4929 2134 4981 trario
2171 4926 2367 4981 donata
2405 4933 2551 4979 esset
2579 4934 2783 4981 sancte
2818 4926 2967 4990 sedi,
3000 4935 3059 4980 ut
3098 4926 3294 4981 ibidem
3336 4928 3563 4983 demon-

1961 5005 2193 5052 stratum
2228 4994 2362 5059 fuit,
2395 4994 2645 5050 Sardinia
2679 4995 2868 5051 eadem
2898 4996 3112 5051 fortuna
3152 4996 3231 5050 uti
3259 4995 3559 5053 videretur.

1959 5067 2031 5121 At
2068 5066 2277 5121 nullum
2315 5064 2555 5136 suppetit
2592 5066 2973 5121 documentum
3015 5082 3123 5136 quo
3163 5080 3253 5120 res
3287 5065 3556 5121 ﬁrmetur.

1965 5138 2079 5193 Duo
2101 5137 2215 5191 haec
2237 5136 2501 5189 duntaxat
2523 5136 2723 5192 indicia
2746 5136 2860 5191 fere
2880 5144 3028 5192 certa
3053 5137 3239 5192 insunt
3257 5136 3362 5192 hac
3384 5138 3436 5191 in
3462 5152 3520 5190 re
3540 5154 3554 5191 :

1964 5207 2193 5263 insulam
2237 5204 2445 5277 scilicet
2474 5205 2968 5277 inecGrtecorum,
3009 5220 3183 5277 neque
3218 5206 3554 5263 Francorum

1904 5332 1922 5350 ,
1953 5278 2093 5350 juris
2119 5273 2358 5350 esse._Si
2399 5276 2542 5350 enim
2573 5273 3251 5350 Graecadominatio‘illuc
3286 5285 3562 5350 tumhper-

1962 5345 2228 5412 venisset,
2270 5345 2467 5401 Franci
2496 5347 2639 5402 haud
2670 5348 2944 5402 misissent
2978 5348 3106 5403 illuc
3135 5348 3365 5401 classem
3393 5345 3562 5403 sara-

1961 5418 2109 5489 ccnis
2136 5417 2385 5472 arcendis
2414 5435 2427 5470 :
2460 5419 2586 5489 etlsi
2617 5418 2791 5489 insula
2816 5418 3005 5473 fuisset
3036 5417 3367 5489 Francortnn
3393 5415 3556 5489 juris,

1964 5488 2103 5544 haud
2134 5489 2481 5544 terminasset
2506 5486 3005 5557 Carolns‘ltalicum
3037 5501 3259 5557 regnum
3289 5485 3558 5543 Tirrheno

1963 5558 2098 5614 mari
2134 5576 2148 5612 :
2199 5578 2217 5610 ι
2251 5574 2361 5613 una
2403 5573 2526 5613 cum
2568 5559 2764 5614 ducatu
2798 5548 3047 5614 Tuscano
3085 5548 3256 5626 tique
3296 5557 3365 5611 ad
3406 5572 3559 5614 mare

1960 5629 2211 5701 Australe
2227 5637 2281 5683 et
2302 5643 2472 5701 usque
2494 5628 2933 5701 adProviuciam.
2962 5650 2980 5681 ι
3006 5626 3310 5701 (Ap._Pith.,
3329 5636 3471 5701 part.
3493 5644 3553 5701 ιι,

1961 5718 2015 5772 p.
2044 5699 2160 5771 δι.)
2198 5698 2463 5772 Equidem
2490 5713 2710 5772 causam
2737 5699 2899 5752 aliam
2930 5698 3035 5772 non
3062 5698 3218 5772 video
3244 5698 3347 5754 cur
3366 5698 3561 5755 classis

1963 5768 2031 5828 ad
2050 5768 2302 5828 tuendam
2326 5770 2557 5828 insulam
2580 5768 2886 5826 mitteretur
2904 5784 2935 5826 a
2961 5769 3173 5833 Carolo,
3197 5778 3401 5840 pr.eter
3435 5784 3558 5824 enni
