4004 6188
263 352 376 404 5i!)

558 348 713 405 COD.
757 344 1031 405 DlPLOM.
1066 379 1131 388 -—
1171 346 1461 412 MONUM.,
1504 344 1680 413 ETC.,
1722 348 1853 404 SEU
1891 348 2121 405 CODEX
2158 348 2570 409 CAROLINUS.
2611 385 2679 395 -—
2719 355 2869 411 EPP.
2908 355 3156 413 LEONIS
3189 358 3280 415 li-L

3462 359 3575 413 δῖνα

265 470 458 524 liensis
477 462 640 523 simul
662 483 785 521 eum
810 476 996 522 nostra
1032 462 1314 520 emisimus
1334 465 1615 520 serenitati
1648 474 1862 528 vestrm,
1892 474 1938 527 Α
1966 466 2595 537 Constantinopolitanae,
2641 482 2695 526 et
2721 471 2887 542 cmpit
2929 488 3053 527 eum
3086 473 3168 528 eis
3210 474 3343 529 foris
3385 493 3571 531 nimus
3652 504 3662 526 δ

264 557 556 628 conjunxit
592 560 663 615 ad
692 575 792 614 nos
816 574 985 614 unum
1013 558 1287 628 navigium
1328 565 1573 612 nostrum
1617 573 1740 613 cum
1768 558 1866 611 ali-

266 655 469 722 quibus
492 650 704 706 Grzecis
727 650 1039 704 hominibus
1069 663 1084 702 :
1114 664 1183 703 ex
1212 650 1411 719 quibus
1440 662 1580 703 unus
1605 649 1740 704 dixit
1769 665 1867 703 no-

270 745 359 798 bis
375 743 522 814 quod
557 742 688 798 dum
723 751 865 797 esset
892 741 1021 806 Leo,
1064 742 1155 810 qui
1185 757 1326 795 nunc
1351 739 1574 795 cﬁ‘eetus
1595 750 1679 795 est
1701 741 1869 810 impe-

272 846 445 901 rator,
506 842 697 890 contra
740 833 1003 904 Bulgaros
1055 833 1123 886 ad
1170 832 1514 901 pugnandum
1541 871 1556 895 ,
1606 831 1866 900 Procopia

273 943 417 982 uxor
443 925 720 986 Michaelis
746 923 1092 994 imperatoris
1115 922 1392 978 habuiss:t
1423 921 1708 992 quemdam
1736 921 1871 975 ami-

273 1035 404 1073 eum
429 1018 650 1073 nomine
680 1015 1098 1072 Constantinum
1125 1013 1439 1084 patricium,
1471 1020 1526 1067 et
1550 1013 1868 1067 cxhortasse

269 1124 399 1163 eum
427 1107 594 1180 [etim]
614 1109 720 1178 81
748 1115 807 1162 ut
829 1108 934 1163 sibi
956 1120 1078 1161 eum
1112 1105 1362 1176 conjugio
1390 1105 1714 1176 eopulasset,
1745 1119 1873 1174 pro-

271 1201 500 1256 mittens
521 1199 573 1254 ei
603 1200 919 1253 thesaurum
952 1196 1326 1253 absconditum
1362 1195 1610 1261 multum,
1641 1195 1783 1266 quod
1813 1211 1872 1250 se

272 1294 521 1348 abditum
551 1305 583 1345 a
613 1298 769 1361 patre
801 1305 899 1345 suo
929 1289 1131 1344 habere
1164 1288 1404 1351 dicebat,
1441 1302 1539 1357 per
1584 1287 1728 1357 quod
1775 1302 1875 1356 po-

272 1383 467 1453 pulum
519 1396 747 1449 erogare
794 1380 1128 1445 debuissent,
1177 1378 1431 1448 quatinus
1491 1377 1872 1447 imperatorem

273 1490 404 1529 eum
450 1472 556 1528 sibi
601 1471 911 1542 elegissent.
942 1469 1097 1525 Tunc
1142 1469 1396 1525 reductus
1428 1465 1729 1540 [seductus]
1762 1482 1876 1523 ser-

278 1568 535 1623 monibus
569 1565 703 1636 ejus,
729 1564 911 1635 paruit
948 1564 1134 1633 iniquo
1170 1561 1315 1617 illius
1350 1561 1595 1626 consilio,
1624 1568 1679 1615 et
1714 1574 1877 1630 paca-

278 1659 361 1712 vit
386 1656 491 1711 sibi
520 1655 719 1710 multos
766 1654 902 1709 dans
943 1650 1186 1723 largiﬂua
1234 1650 1377 1706 dona
1404 1664 1419 1705 :
1446 1658 1569 1719 post
1598 1649 1713 1705 btec
1745 1663 1878 1703 vero

277 1748 694 1805 intromiserunt
726 1760 852 1802 eum
900 1746 955 1800 in
1004 1744 1265 1813 palatium
1317 1740 1616 1812 imperiale,
1663 1739 1875 1794 laudem

1970 559 2192 615 vocibus
2237 561 2444 631 magnis
2488 562 2708 617 laudare
2755 579 2820 618 ac
2866 565 3048 619 dicere
3096 578 3111 618 :
3154 564 3569 623 Constantiam
3651 567 3660 601 ί

1972 649 2219 721 Magnum
2233 650 2613 722 imperatorem
2628 653 2825 708 multos
2835 669 3026 709 annos.
3041 654 3153 725 sa
3164 654 3408 725 Cumque
3429 673 3575 712 nun-

1972 746 2161 800 tiatum
2189 744 2378 801 fuisset
2414 747 2557 814 quod
2593 747 2746 801 multi
2780 747 2979 801 milites
3009 746 3274 817 fugissent
3309 763 3338 801 τι
3364 748 3572 813 Leone,

1971 846 2025 890 et
2058 836 2331 891 venissent
2361 837 2430 891 ad
2472 852 2594 891 eum
2641 836 2923 892 laudantes
2973 837 3143 901 illum,
3178 837 3305 893 fecit
3338 839 3419 893 eis
3447 854 3579 911 ape-

1973 925 2067 980 riri
2115 933 2301 995 portas
2341 925 2598 988 civitatis,
2646 933 2705 979 ut
2751 941 2937 997 rogam
2980 926 3062 980 cis
3106 925 3235 982 dare
3274 927 3306 981 d
3343 927 3575 982 buisset.

1970 1016 2081 1073 Illis
2114 1025 2296 1072 autem
2341 1016 2783 1088 ingredientibus.
2836 1033 2942 1073 non
2993 1028 3355 1088 pepercerunt
3398 1035 3579 1090 neque

1973 1108 2105 1162 viris
2133 1122 2311 1178 neque
2344 1108 2682 1172 mulieribus,
2713 1109 2808 1164 sed
2837 1124 3016 1178 neque
3038 1110 3282 1179 parvulis
3322 1125 3459 1179 quos
3491 1110 3577 1164 in-

1972 1201 2156 1255 venire
2207 1208 2520 1269 potuerunt.
2562 1200 2629 1254 Et
2681 1200 2878 1256 mortui
2926 1210 3080 1265 sunt,
3128 1210 3187 1255 ut
3242 1200 3433 1266 fertur,
3480 1215 3571 1254 xvi

1974 1291 2142 1345 millia
2172 1291 2316 1346 inter
2350 1292 2499 1347 viros
2524 1302 2581 1347 et
2611 1292 2887 1347 mulieres.
2917 1291 3070 1348 Tunc
3107 1293 3224 1362 ipse
3262 1293 3371 1348 Leo
3406 1293 3581 1364 impe-

1973 1388 2125 1437 rator
2147 1382 2402 1437 misertus
2443 1391 2527 1437 est
2570 1383 2774 1452 populo
2813 1398 2934 1447 suo,
2973 1391 3028 1438 et
3070 1384 3229 1452 petiit
3264 1400 3389 1439 eum
3433 1384 3581 1440 Con-

1975 1472 2216 1526 stantino
2263 1472 2462 1528 bellum
2515 1473 2874 1539 committere,
2924 1489 2993 1529 ne
3044 1488 3145 1543 pro
3190 1476 3398 1529 ductus
3443 1475 3576 1531 viris

1977 1571 2251 1619 tantorum
2282 1563 2713 1620 Christianorum
2755 1565 2978 1637 sanguis
3014 1564 3400 1621 effunderetur.
3444 1562 3578 1620 Post

1977 1654 2118 1709 hanc
2144 1669 2273 1710 vero
2300 1655 2615 1725 petitionem
2664 1655 2891 1727 ingressi
2926 1664 3055 1712 sunt
3099 1656 3261 1711 ambo
3297 1655 3352 1710 in
3399 1652 3579 1711 locum

1979 1745 2070 1815 qui
2100 1745 2300 1800 dicitur
2327 1746 2688 1816 lppodromio,
2728 1753 2783 1800 et
2820 1746 3036 1801 occisus
3078 1758 3161 1802 est
3187 1746 3578 1803 Constantinus

279 1849 545 1895 canentes
598 1837 670 1894 ei.
718 1835 839 1908 Ipse
884 1842 1067 1890 autem
1108 1833 1494 1894 Constantinus
1539 1831 1667 1888 fecit
1705 1830 1773 1886 ad
1822 1844 1881 1885 se
1914 1822 1958 1883 Β
1984 1854 2014 1891 a
2040 1836 2221 1893 Leone
2250 1837 2591 1908 imperatore.
2622 1838 2677 1894 In
2702 1838 2892 1894 eadem
2928 1838 3060 1894 hora
3111 1839 3379 1895 interfecit
3403 1840 3582 1896 Theo.

284 1929 559 1987 accerseri
616 1924 924 2000 [accersiri]
970 1924 1331 1994 Nicephorum
1375 1922 1738 1994 patriarcham
1757 1962 1771 1985 ,
1827 1928 1885 1976 et

286 2022 430 2076 dixit
453 2035 513 2075 se
539 2032 801 2075 coronare
824 2014 1124 2089 [coronari]
1152 2015 1292 2070 sicut
1319 2030 1438 2069 mos
1471 2022 1554 2069 est
1593 2012 1885 2082 imperato-

290 2130 418 2169 rum
458 2126 508 2166 ι.
544 2113 636 2167 Ille
668 2111 829 2182 igitur
864 2108 1192 2179 patriarcha,
1228 2107 1418 2164 nolens
1449 2119 1711 2162 coronare
1757 2118 1884 2160 eum

292 2212 551 2267 manibus
613 2207 875 2278 propriis,
933 2204 1250 2261 interfectus
1301 2211 1403 2258 est.
1468 2200 1702 2257 Uxorem
1756 2213 1885 2275 vero

290 2302 498 2357 Leonis
553 2297 898 2369 imperatoris
943 2295 1265 2360 exorltavit,
1310 2303 1365 2348 et
1411 2292 1578 2348 ﬁlium
1613 2290 1730 2361 ejus
1758 2306 1885 2361 par-

291 2377 482 2447 vntum
532 2389 822 2463 interemit.
852 2387 981 2459 lloc
1012 2402 1133 2442 eum
1176 2384 1415 2441 audisset
1442 2382 1553 2439 Leo
1593 2383 1887 2452 imperator

290 2485 387 2540 ubi
422 2492 543 2539 erat
591 2481 645 2536 in
683 2480 881 2535 ﬁnibus
914 2479 1268 2550 Bulgarorum
1309 2476 1377 2532 ad
1425 2490 1683 2547 pugnam,
1722 2473 1886 2544 coepit

287 2573 509 2628 afflictis
573 2569 912 2627 sermonibus
976 2569 1260 2638 increpare
1315 2566 1573 2637 patricios
1632 2574 1688 2620 et
1747 2564 1886 2634 opti-

290 2674 475 2719 mates
523 2663 614 2733 qui
653 2677 775 2717 cum
827 2660 920 2716 illo
980 2668 1154 2723 erant,
1193 2658 1379 2714 dicens
1416 2677 1429 2711 :
1475 2656 1606 2713 Boni
1627 2666 1682 2711 et
1728 2655 1888 2711 Chri-

286 2754 613 2810 stianissimi
643 2751 766 2817 viri,
798 2768 895 2807 cur
933 2751 1092 2805 talem
1126 2750 1464 2821 iniquitatem
1506 2749 1559 2804 in
1590 2762 1674 2802 me
1708 2746 1888 2803 facere

286 2844 559 2907 voluistis,
603 2843 747 2912 quod
796 2842 1035 2912 elegistis
1067 2857 1152 2897 me
1178 2844 1257 2897 voi
1283 2842 1329 2895 is
1368 2841 1784 2911 imperatorem?
1830 2848 1886 2897 et

286 2947 421 2988 ecce
462 2947 605 2987 nunc
646 2940 701 2986 et
742 2946 966 2985 uxorem
992 2945 1168 2985 meam
1214 2937 1269 2985 et
1308 2929 1475 2984 ﬁlium
1516 2946 1692 2985 meum
1734 2930 1883 2986 oeci-

289 3024 488 3078 derunt
518 3028 573 3075 et
601 3020 912 3075 levaverunt
954 3019 1055 3073 slhi
1098 3018 1262 3072 alium
1304 3018 1706 3088 imperatorem.
1734 3019 1888 3076 Tunc

287 3128 486 3170 omnes
519 3120 738 3181 stupore
760 3126 956 3181 magno
988 3109 1176 3179 repleti
1202 3109 1456 3164 dixerunt
1484 3110 1535 3164 ei
1562 3128 1574 3162 :
1606 3109 1888 3178 Benignis-

289 3210 433 3266 sime
457 3206 690 3270 domine,
722 3205 929 3261 nullam
950 3204 1410 3274 perturbationem
1439 3212 1564 3258 ante
1598 3202 1882 3272 faciamus,

292 3305 471 3359 donec
514 3302 657 3356 intra
705 3299 978 3355 civitatem
1029 3296 1240 3369 ingredi
1292 3297 1585 3351 valeamus.
1637 3296 1707 3351 Et
1754 3297 1887 3352 inito

294 3395 527 3452 consilio
547 3392 794 3464 deposuit
820 3390 1153 3461 imperialem
1176 3399 1378 3445 vestem
1401 3396 1458 3445 et
1486 3388 1661 3445 induit
1693 3389 1889 3444 milita.

293 3504 437 3552 rem,
473 3495 530 3540 et
556 3485 751 3540 tollens
775 3498 957 3540 secum
988 3482 1227 3552 quinque
1259 3480 1424 3534 millia
1466 3480 1611 3535 viros
1648 3489 1889 3536 armatos

292 3579 500 3635 electos
518 3575 586 3631 ad
618 3574 888 3647 praelium,
917 3588 1166 3630 reversus
1188 3580 1271 3628 est
1304 3572 1371 3627 ad
1406 3587 1621 3627 murum
1652 3572 1890 3627 civitatis

368 3724 397 3753 ι
424 3712 747 3779 Quanquam
773 3707 956 3779 opinio
999 3705 1071 3761 sit
1113 3721 1143 3760 a
1187 3704 1461 3761 Marciano
1492 3704 1761 3779 originem
1794 3705 1891 3759 du-

295 3796 424 3838 cere
451 3775 857 3835 coronationem
888 3778 1053 3846 impp.
1083 3791 1179 3845 per
1203 3790 1394 3846 manus
1423 3775 1679 3846 episcopi,
1708 3782 1889 3829 tamen

294 3852 341 3907 Τ
344 3850 677 3928 illemontius
708 3844 1086 3928 animadvertit
1109 3846 1296 3928 (Leon.
1330 3845 1512 3928 1,39.
1633 3861 1739 3928 non
1761 3860 1891 3928 esse

296 3921 660 3991 antiquiorem
715 3918 895 3973 Leone
942 3918 995 3983 1,
1044 3915 1135 3991 (ιρί
1182 3930 1325 3991 anno
1380 3915 1483 3969 457
1516 3915 1594 3991 ab
1638 3915 1891 3970 Anatolio

293 3986 602 4064 patriarcha
634 3995 1044 4064 estcoronatus.
1075 3986 1248 4041 ‘l‘anto
1270 3987 1409 4064 viro,
1439 3986 1529 4055 qui
1560 3986 1890 4056 Augusteam

296 4056 579 4117 historiam
629 4059 759 4115 nulli
809 4058 1074 4114 secundus
1108 4056 1473 4126 persequitur,
1521 4071 1629 4110 non
1679 4064 1763 4110 est
1793 4071 1892 4111 cur

296 4133 458 4188 fidem
492 4144 806 4202 inegemus.‘
840 4128 923 4182 Ah
972 4143 1115 4182 anno
1164 4129 1329 4199 igitur
1350 4126 1890 4202 _65'1_in1peratores

296 4201 536 4258 Orientis
559 4196 809 4255 e'oronari
845 4207 1125 4268 cmperunt
1152 4196 1550 4268 a'patriarchis
1578 4196 1891 4268 Constanti-

302 4272 577 4343 uopolcos.
606 4270 714 4326 Sed
738 4270 1144 4343 coronatiojsta
1169 4267 1243 4343 nil
1268 4282 1552 4322 commune
1578 4267 1738 4322 habet
1765 4281 1889 4322 eum

299 4338 654 4399 coronatione
689 4355 720 4394 a
774 4340 954 4395 Leone
992 4339 1058 4393 111
1107 4338 1371 4408 instituta,
1424 4343 1624 4408 praeter
1669 4351 1885 4408 nomen.

300 4412 436 4469 Nam
460 4410 806 4467 Tillcmontio
849 4409 1038 4465 eodem
1070 4418 1205 4463 teste
1236 4406 1704 4463 Grarci'auctorcs
1746 4406 1890 4460 Ana-

300 4483 530 4538 stasium
561 4498 652 4536 an.
686 4480 783 4535 491
832 4480 899 4535 ab
934 4477 1170 4534 Ariadna
1207 4486 1522 4533 coronatum
1552 4478 1771 4532 tradunt
1796 4476 1886 4538 (In

299 4555 482 4608 Auast.
521 4550 724 4621 Biton,
750 4562 875 4621 art.
906 4548 994 4621 2);
1033 4549 1247 4621 tametsi
1290 4547 1647 4621 Theophanes
1691 4555 1745 4602 et
1787 4547 1888 4603 Ce-

296 4625 497 4677 drtnus
521 4623 591 4677 ab
620 4620 919 4689 Euphemio
944 4617 1253 4689 patriarcha
1302 4617 1356 4673 id
1398 4617 1599 4689 factum
1638 4625 1882 4689 narrent.

298 4693 493 4763 llamn.
516 4691 632 4763 (an.
656 4687 780 4755 491,
812 4687 1044 4763 ωηεν(
1075 4689 1360 4744 Theodoro
1398 4687 1598 4744 lectore
1620 4696 1677 4743 et
1708 4688 1884 4763 _Suida

297 4759 653 4831 Euphentium
688 4759 940 4816 ostendit
963 4770 1270 4831 aversatum
1317 4773 1437 4814 esse
1478 4759 1883 4831 corottationem

297 4827 535 4887 heretici
585 4832 838 4896 hominis,
885 4837 979 4885 aut
1024 4830 1215 4884 saltem
1266 4838 1531 4899 suspecta:
1577 4828 1738 4893 ﬁdei;
1780 4827 1884 4882 nisi

294 4902 446 4971 prius
466 4901 751 4958 catholica:
778 4900 899 4955 ﬁdei
928 4900 1321 4971 professionem
1360 4900 1573 4971 ederet;
1597 4908 1666 4971 _at
1694 4900 1882 4971 de_co-

298 4968 575 5029 innatione
600 4986 699 5041 per
736 4968 945 5041 manus
971 4969 1296 5041 patriarcha:
1334 4985 1439 5041 non
1466 4968 1721 5041 loquitur.
1744 4968 1879 5022 Cum

296 5050 474 5098 tamen
501 5038 673 5097 multo
707 5049 831 5096 ante
866 5038 1099 5096 Leonem
1125 5040 1149 5095 1
1178 5056 1209 5095 a
1236 5038 1545 5098 patriarcha
1566 5047 1883 5093 coronatum

294 5111 517 5183 liqueat,
539 5121 597 5170 et
622 5126 765 5183 anno
795 5110 901 5183 525
919 5109 1163 5183 Justinus
1184 5107 1447 5183 aqloanne
1474 5107 1768 5180 [pontiﬁce
1799 5123 1885 5163 se-

293 5180 470 5238 cundo
490 5182 741 5239 coronari
772 5181 1003 5236 voluerit
1049 5180 1352 5237 devotionis
1393 5193 1543 5250 ergo,
1572 5194 1694 5234 cum
1728 5193 1759 5232 a
1786 5193 1884 5247 pa-

295 5254 531 5309 triarcha
561 5261 688 5308 ante
724 5266 895 5307 annos
916 5258 1120 5322 septem
1146 5251 1498 5322 inauguratus
1522 5256 1685 5313 esset,
1717 5257 1774 5303 ut
1799 5255 1884 5303 est

293 5324 435 5404 gpnd
460 5319 1026 5404 eumdem-Daoniuin
1050 5319 1384 5404 ‘(an.525,.n.
1415 5320 1489 5404 '1),
1520 5334 1625 5404 non
1656 5328 1738 5404 est
1768 5335 1884 5404 am-

293 5389 583 5463 bigendum
631 5392 763 5463 quin
809 5392 950 5447 ritus
994 5389 1096 5448 iste
1133 5389 1877 5463 jam_fuerit__i_ntroductus.

292 5460 827 5545 Quamhcm'haud
870 5476 1008 5545 nova
1051 5460 1149 5541 res
1176 5477 1208 5516 a
1250 5461 1435 5545 Leone
1476 5460 1558 5545 111.
1577 5461 1881 5545 excogitata

292 5533 415 5597 fuit,
441 5531 841 5589 cumCarolum
878 5532 1461 5601 Magnum'coronavit,
1510 5531 1657 5587 circa
1707 5531 1879 5601 ipsam

290 5618 588 5685 coronam:
621 5603 897 5685 sedclrca
940 5602 1128 5685 ritum,
1147 5616 1322 5685 Lq'uem
1367 5618 1476 5685 non
1509 5603 1670 5658 modo
1702 5602 1881 5672 priva-

290 5682 404 5728 tum
433 5688 552 5755 esse
573 5672 747 5755 voluit
770 5671 999 5755 Romam
1033 5671 1330 5755 pontiﬁcis,
1346 5682 1412 5755 at
1430 5687 1658 5755 prorsus
1681 5671 1878 5755 nov_um

289 5744 634 5815 excogitavit,
672 5752 787 5800 tum
827 5741 1181 5814 professionis
1207 5741 1515 5802 emittenda:
1551 5744 1760 5801 ratione
1781 5743 1878 5798 ha-

1987 1930 2178 1985 dorum
2207 1930 2497 2000 patricium
2531 1940 2585 1986 et
2625 1947 2815 1987 omnes
2840 1933 2929 2001 qui
2963 1933 3015 1987 in
3047 1933 3163 2002 ipso
3186 1934 3417 1989 consilio
3457 1933 3575 1989 fuc-

1985 2031 2153 2076 runt:
2186 2022 2501 2093 Procopium
2536 2032 2715 2077 autem
2765 2040 2989 2079 uxorem
3030 2024 3308 2080 Michaelis
3352 2025 3581 2096 impera-

1986 2114 2121 2172 toris
2160 2116 2380 2183 occidit,
2413 2124 2468 2171 et
2510 2117 2750 2171 membra
2794 2115 2911 2185 ejus
2958 2117 3244 2172 abscidens
3305 2116 3584 2173 distribuit

1984 2220 2083 2276 per
2111 2221 2328 2262 murum
2367 2206 2620 2263 civitatis.
2668 2206 2912 2277 Cumque
2937 2207 3038 2262 sibi
3076 2207 3371 2263 vindictam
3404 2207 3587 2263 taliter

1984 2296 2300 2367 perfecisset
2328 2306 2384 2352 et
2407 2298 2709 2353 ordinasset
2737 2312 2976 2368 congrue
2999 2298 3298 2362 civitatem,
3331 2312 3582 2353 reversus

1984 2389 2069 2435 est
2094 2382 2162 2436 ad
2182 2380 2480 2436 exercitum
2499 2396 2655 2435 suum
2678 2380 2732 2434 in
2761 2379 2959 2436 ﬁnibus
2977 2381 3329 2452 Bulgarorum
3352 2382 3402 2434 δ.
3427 2380 3585 2436 Post-

1986 2473 2205 2529 modum
2234 2486 2364 2529 vero
2390 2472 2670 2543 conjunxit
2706 2472 2775 2527 ad
2801 2487 2898 2529 nos
2927 2488 3095 2528 unum
3140 2472 3413 2527 hominem
3441 2472 3582 2528 Gre-

1985 2564 2123 2633 gorii
2159 2563 2393 2634 patricii,
2442 2563 2535 2633 qui
2574 2563 2711 2618 dixit
2744 2563 2902 2618 nobis
2952 2562 3096 2633 quod
3143 2577 3318 2632 neque
3353 2562 3587 2634 patriar-

1986 2656 2145 2710 cham
2170 2654 2501 2718 occiderunt,
2543 2668 2717 2723 neque
2741 2667 2965 2709 uxorem
3004 2653 3204 2709 Leonis
3238 2654 3585 2724 imperatoris

1985 2747 2402 2811 exturbat-erunt,
2433 2745 2527 2800 sed
2558 2760 2732 2815 neque
2763 2745 2903 2800 filius
2951 2744 3070 2814 ejus
3115 2745 3434 2801 interfectus
3475 2755 3580 2811 est,

1985 2836 2091 2891 nisi
2144 2852 2305 2891 unam
2360 2835 2637 2905 parvulam
2701 2836 2867 2890 tiliam
2921 2850 3076 2890 suam
3139 2835 3268 2890 fecit
3315 2834 3579 2907 Procopio

1988 2942 2125 2981 uxor
2153 2925 2428 2982 Michaelis
2464 2926 2812 2995 imperatoris
2838 2925 3165 2981 interﬁcere.
3206 2925 3331 2982 Haec
3361 2941 3489 2981 vero
3513 2930 3583 2981 de

1987 3016 2193 3074 Graecis
2227 3018 2537 3073 hominibus
2584 3016 2866 3074 audientes
2908 3016 3186 3071 serenitati
3226 3024 3419 3070 vestrm
3459 3016 3586 3070 inti-

1989 3125 2140 3167 mare
2185 3108 2494 3165 curavimus
2540 3118 2587 3160 ε.
2636 3106 2733 3161 llis
2780 3104 3097 3176 praemissis,
3148 3105 3491 3175 omnipotens
3530 3112 3587 3161 et

1989 3201 2303 3256 misericors
2330 3199 2473 3253 Deus
2501 3212 2599 3253 sua
2625 3211 2720 3253 vos
2746 3196 3084 3265 protectione
3103 3195 3388 3261 custodiat,
3420 3204 3586 3265 atque

1985 3302 2108 3364 post
2134 3291 2429 3364 multorum
2457 3288 2730 3344 curricula
2763 3302 3027 3343 annorum
3063 3287 3131 3341 ad
3158 3286 3350 3357 gaudia
3377 3295 3583 3341 aeterna

1986 3359 2599 3454 perducatfl‘iissimum
2622 3378 2825 3435 domini
2852 3378 3135 3449 imperium
3153 3377 3327 3449 gratia
3349 3392 3585 3449 superna

1985 3474 2281 3540 custodiat,
2331 3474 2488 3542 eique
2515 3470 2759 3525 omnium
2797 3470 3040 3540 gentium
3074 3467 3214 3525 colla
3249 3469 3582 3524 substernat.

1988 3563 2253 3620 Absoluta
2280 3579 2355 3618 vn
2382 3562 2500 3616 Kal.
2526 3561 2812 3617 Decembr.

1987 3719 2122 3801 bita,
2169 3716 2519 3801 tum‘ete‘teris
2548 3715 2829 3801 _adjunetis
2862 3714 2987 3770 novi
3036 3715 3177 3770 ritus
3228 3715 3472 3779 attentis,
3517 3712 3585 3773 de

1989 3789 2186 3862 quibus
2215 3788 2334 3842 vide
2362 3784 2700 3850 Dissert.,’u.
2732 3784 2802 3841 50
2832 3801 2985 3856 seqq.

2017 3862 2089 3939 __b
2113 3856 2369 3939 Narratio
2388 3857 2486 3911 ista
2511 3866 2628 3939 tota
2645 3855 2994 3939 fabulosanest
3017 3873 3034 3939 ξ
3062 3869 3225 3939 qualn
3250 3862 3429 3939 tamen
3449 3870 3584 3926 pon-

1990 3930 2122 3986 tifex
2159 3945 2266 3984 non
2292 3927 2463 3983 solum
2486 3927 2734 3991 credidit,
2761 3928 2855 3982 sed
2877 3925 3072 3980 Carolo
3098 3925 3423 3979 credendam
3445 3925 3584 3981 nun-

1991 4000 2163 4057 tiavit.
2193 4000 2328 4054 Vera
2348 3998 2571 4052 historia
2596 3997 2883 4067 repetenda
2909 4007 2992 4051 est
3013 3996 3081 4050 ab
3100 3995 3413 4067 auctoribus
3433 3997 3584 4067 Graue

1990 4073 2070 4127 cis
2108 4071 2249 4141 apud
2299 4068 2586 4141 Baronium
2638 4066 2749 4141 (an.
2785 4068 2942 4141 _815,_
2972 4083 3028 4122 n.
3073 4067 3098 4119 1
3134 4066 3314 4141 θείη.)
3351 4074 3408 4141 et
3439 4066 3584 4135 apud

1988 4137 2236 4213 Pagium,
2264 4142 2355 4213 qui
2394 4137 3280 4213 Constantini_Porphyrogenneti
3316 4138 3580 4213 aliorum-

1989 4208 2095 4283 que
2129 4208 2532 4283 narrationibus
2574 4209 2821 4283 prolatis,
2873 4208 3158 4283 falsitatem
3201 4223 3418 4283 omnem
3467 4208 3586 4278 rpi-

1990 4278 2141 4339 stola:
2171 4281 2331 4352 hujus
2358 4280 2553 4335 refellit
2576 4278 2776 4352 (Μίαν
2810 4279 2928 4352 η.ᾲό
2963 4278 3161 4352 seqq.).
3206 4279 3429 4331 Summa
3456 4288 3577 4333 est:

1988 4353 2225 4410 Leonem
2242 4348 2543 4407 'Armenum
2571 4348 2609 4405 a‘
2624 4350 2934 4420 patriarcha
2964 4348 3077 4403 Nic,
3094 4350 3267 4419 phoro
3306 4358 3575 4420 rogatum,

1989 4433 2051 4479 ut
2092 4427 2212 4479 fidei
2251 4423 2557 4494 symbolum
2598 4419 2969 4494 proﬁteretur,
3025 4428 3336 4494 antequam_
3363 4419 3579 4487 imperii

1921 4519 1967 4575 ι)
1990 4510 2246 4550 coronam
2278 4488 2650 4575 acciperet,
2674 4491 2851 4546 facere
2877 4498 2988 4575 tuin
3018 4489 3281 4555 reuu‘isse,
3310 4488 3579 4575 facturum

1989 4581 2049 4621 se
2087 4575 2269 4620 tamen
2307 4560 2426 4619 esse
2468 4562 2785 4632 pollicitum,
2837 4569 3118 4632 postquam
3162 4570 3278 4615 rata
3314 4560 3580 4630 ﬁrmaque

1987 4644 2131 4716 esset
2157 4633 2476 4716 acclamatio
2506 4651 2519 4687 :
2550 4633 2901 4716 quamobrem
2946 4647 2988 4716 a‘
3022 4629 3324 4716 Nicephoro
3352 4645 3580 4716 corona-

1988 4713 2074 4761 tus
2103 4705 2349 4786 sequenti
2375 4704 2482 4767 die,
2528 4700 2649 4772 qua:
2700 4700 2826 4784 Julii
2878 4709 2996 4785 erat
3043 4701 3351 4785 undecima,
3388 4701 3578 4783 datam

1987 4777 2149 4831 ﬁdem
2186 4774 2393 4840 fefellit,
2433 4772 2698 4842 malisque
2744 4773 3052 4843 ingentibus
3094 4771 3371 4828 Orientale
3410 4786 3580 4840 unpe-

1987 4846 2125 4901 rinm
2149 4814 2399 4914 subjecit:

2059 4928 2080 4955 ε
2106 4916 2183 4997 Ne
2208 4910 2322 4971 haec
2346 4914 2563 4996 quidem
2600 4929 2673 4997 ea.
2691 4910 3004 4997 Gragcorum
3044 4924 3271 4997 _auctore
3309 4910 3422 4997 ullo
3449 4925 3580 4993 sup-

1984 4994 2174 5057 petunt
2212 5005 2224 5041 :
2263 4983 2431 5055 quare
2460 4985 2575 5055 ipsa
2602 4984 2768 5038 etiam
2800 4985 2943 5038 inter
2972 4983 3114 5055 vulgi
3157 4996 3407 5037 rumores
3452 4983 3580 5046 regio

1984 5057 2194 5115 cienda.
2240 5055 2478 5125 Epistola
2524 5064 2705 5109 autem
2750 5054 3171 5125 Aquisgranum,
3214 5051 3306 5125 ubi
3351 5052 3577 5125 Carolus

1984 5074 2194 5115 etenua.
2240 5074 2478 5125 nplswta
2524 5074 2705 5109 antem
2750 5074 3171 5125 aqutsgrauum,
3214 5074 3306 5106 um
3351 5074 3575 5106 uawuus

1984 5127 2277 5208 hiemabat,
2299 5126 2503 5208 delata,
2535 5125 2846 5208 paulo-ante
2886 5131 3185 5180 extremam
3224 5119 3575 5208 ejus‘laletu:

1984 5198 2164 5277 dinem
2187 5190 2270 5277 _ad‘
2296 5196 2431 5251 tanti
2480 5190 2756 5277 principis
2786 5211 2977 5277 manus
3013 5190 3303 5277 pervenio
3330 5190 3578 5277 ﬁantque

1982 5265 2238 5323 Januario
2282 5260 2565 5322 mense'in
2622 5260 2870 5321 morbum
2921 5260 3166 5320 incide-ns
3214 5262 3405 5332 quinm
3446 5260 3573 5332 lini.

1983 5338 2167 5405 Febr.,
2204 5346 2263 5394 ut
2287 5337 2451 5395 tradit
2481 5337 2823 5408 Eginhardus
2843 5337 2897 5392 in
2925 5336 3042 5405 ejus
3064 5335 3206 5408 Vita,
3230 5330 3325 5408 seu
3344 5340 3422 5385 ‘xv
3451 5330 3571 5408 Kal.

1982 5401 2162 5479 ejusd.
2205 5408 2425 5473 mensis,
2471 5401 2554 5463 ιη’
2570 5408 2735 5479 habet
2785 5401 3572 5479 monachusEngolismeusis,

1983 5471 2291 5555 supremum
2305 5471 2447 5555 diem
2465 5478 2618 5535 obiit.
2636 5478 2898 5555 Bai-opius
2914 5479 3024 5555 (an=
3048 5475 3173 5555 814,
3199 5471 3253 5555 li.
3277 5471 3345 5526 5'7
3367 5472 3570 5555 seqq).

1982 5544 2384 5626 Paigius_(eo_d._
2409 5563 2560 5626 ann.,
2623 5547 2799 5626 n.-22
2853 5544 3153 5626 seqq.),_et
3207 5544 3573 5626 Georgiusnin

1980 5614 2315 5746 animaldfad
2347 5619 2571 5691 Pagium
2599 5619 2733 5676 satis
2757 5614 3025 5689 superque
3070 5617 3176 5673 hac
3221 5615 3289 5672 de
3335 5614 3415 5670 re.
3464 5614 3573 5672 Eos

1980 5707 2149 5750 censu
2170 5708 2220 5747 c.
