  <div class='ocr_page' id='page_1' title='image "/cluster/home/n/w/nwhite01/storage/ocr_20150623/98/hvd.32044054759675/300.png"; bbox 0 0 4004 6188; ppageno 0'>
   <div class='ocr_carea' id='block_1_1' title="bbox 299 321 397 377">
    <p class='ocr_par' dir='ltr' id='par_1_1' title="bbox 299 321 397 377">
     <span class='ocr_line' id='line_1_1' title="bbox 299 321 397 377; baseline -0.031 0"><span class='ocrx_word' id='word_1_1' title='bbox 299 321 397 377; x_wconf 62' lang='grc' dir='ltr'><strong>59ιῖ</strong></span> 
     </span>
    </p>
   </div>
   <div class='ocr_carea' id='block_1_2' title="bbox 545 304 3288 377">
    <p class='ocr_par' dir='ltr' id='par_1_2' title="bbox 545 304 3288 377">
     <span class='ocr_line' id='line_1_2' title="bbox 545 304 3288 377; baseline -0.005 -4"><span class='ocrx_word' id='word_1_2' title='bbox 545 316 700 373; x_wconf 85' lang='lat' dir='ltr'><strong>COD.</strong></span> <span class='ocrx_word' id='word_1_3' title='bbox 742 313 1103 370; x_wconf 76' lang='lat' dir='ltr'><strong>Dll’LOM.-—</strong></span> <span class='ocrx_word' id='word_1_4' title='bbox 1144 311 1433 376; x_wconf 78' lang='lat' dir='ltr'><strong>MONUM.,</strong></span> <span class='ocrx_word' id='word_1_5' title='bbox 1477 311 1650 377; x_wconf 82' lang='lat' dir='ltr'><strong>ETC.,</strong></span> <span class='ocrx_word' id='word_1_6' title='bbox 1693 310 1823 366; x_wconf 84' lang='lat' dir='ltr'><strong>SEU</strong></span> <span class='ocrx_word' id='word_1_7' title='bbox 1863 309 2092 365; x_wconf 68' lang='lat' dir='ltr'><strong>CODEX</strong></span> <span class='ocrx_word' id='word_1_8' title='bbox 2129 306 2537 364; x_wconf 68' lang='lat' dir='ltr'><strong>CAROLINUS.</strong></span> <span class='ocrx_word' id='word_1_9' title='bbox 2573 338 2639 346; x_wconf 89' lang='lat'><strong>——</strong></span> <span class='ocrx_word' id='word_1_10' title='bbox 2679 305 2849 361; x_wconf 85' lang='lat' dir='ltr'><strong>DiPL.</strong></span> <span class='ocrx_word' id='word_1_11' title='bbox 2891 305 3142 363; x_wconf 76' lang='lat' dir='ltr'><strong>LUDOV.</strong></span> <span class='ocrx_word' id='word_1_12' title='bbox 3186 304 3288 360; x_wconf 78' lang='grc' dir='ltr'><strong>ΡΠ.</strong></span> 
     </span>
    </p>
   </div>
   <div class='ocr_carea' id='block_1_3' title="bbox 3435 308 3537 364">
    <p class='ocr_par' dir='ltr' id='par_1_3' title="bbox 3435 308 3537 364">
     <span class='ocr_line' id='line_1_3' title="bbox 3435 308 3537 364; baseline 0.039 -3"><span class='ocrx_word' id='word_1_13' title='bbox 3435 308 3537 364; x_wconf 74' lang='lat'><strong>586</strong></span> 
     </span>
    </p>
   </div>
   <div class='ocr_carea' id='block_1_4' title="bbox 293 415 3540 496">
    <p class='ocr_par' dir='ltr' id='par_1_4' title="bbox 293 415 3540 496">
     <span class='ocr_line' id='line_1_4' title="bbox 293 415 3540 496; baseline -0.004 -12"><span class='ocrx_word' id='word_1_14' title='bbox 293 434 360 486; x_wconf 81' lang='lat' dir='ltr'><strong>ita</strong></span> <span class='ocrx_word' id='word_1_15' title='bbox 388 429 455 482; x_wconf 91' lang='lat' dir='ltr'><strong>ad</strong></span> <span class='ocrx_word' id='word_1_16' title='bbox 485 435 727 482; x_wconf 87' lang='lat' dir='ltr'><strong>nostram</strong></span> <span class='ocrx_word' id='word_1_17' title='bbox 749 420 1029 496; x_wconf 97' lang='lat' dir='ltr'><strong>[vestram]</strong></span> <span class='ocrx_word' id='word_1_18' title='bbox 1055 429 1259 489; x_wconf 86' lang='lat' dir='ltr'><strong>partem</strong></span> <span class='ocrx_word' id='word_1_19' title='bbox 1291 435 1385 488; x_wconf 65' lang='lat' dir='ltr'><strong>p.rr</strong></span> <span class='ocrx_word' id='word_1_20' title='bbox 1411 420 1512 474; x_wconf 88' lang='lat' dir='ltr'><strong>hoc</strong></span> <span class='ocrx_word' id='word_1_21' title='bbox 1534 427 1715 474; x_wconf 90' lang='lat' dir='ltr'><strong>nostre</strong></span> <span class='ocrx_word' id='word_1_22' title='bbox 1735 433 1861 473; x_wconf 89' lang='lat' dir='ltr'><strong>con-</strong></span> <span class='ocrx_word' id='word_1_23' title='bbox 1889 422 1939 479; x_wconf 76' lang='grc' dir='ltr'><strong>Α</strong></span> <span class='ocrx_word' id='word_1_24' title='bbox 1966 418 2030 472; x_wconf 90' lang='lat' dir='ltr'><strong>de</strong></span> <span class='ocrx_word' id='word_1_25' title='bbox 2055 418 2373 487; x_wconf 78' lang='lat' dir='ltr'><strong>supradictis</strong></span> <span class='ocrx_word' id='word_1_26' title='bbox 2404 418 2711 473; x_wconf 87' lang='lat' dir='ltr'><strong>civitatibus</strong></span> <span class='ocrx_word' id='word_1_27' title='bbox 2748 415 2816 472; x_wconf 90' lang='lat' dir='ltr'><strong>ad</strong></span> <span class='ocrx_word' id='word_1_28' title='bbox 2842 425 3076 471; x_wconf 88' lang='lat' dir='ltr'><strong>vestram</strong></span> <span class='ocrx_word' id='word_1_29' title='bbox 3102 416 3397 472; x_wconf 84' lang='lat' dir='ltr'><strong>Ecclesiam</strong></span> <span class='ocrx_word' id='word_1_30' title='bbox 3418 434 3540 489; x_wconf 82' lang='lat' dir='ltr'><strong>per-</strong></span> 
     </span>
    </p>
   </div>
   <div class='ocr_carea' id='block_1_5' title="bbox 294 509 1870 574">
    <p class='ocr_par' dir='ltr' id='par_1_5' title="bbox 294 509 1870 574">
     <span class='ocr_line' id='line_1_5' title="bbox 294 509 1870 574; baseline -0.008 0"><span class='ocrx_word' id='word_1_31' title='bbox 294 519 615 574; x_wconf 88' lang='lat' dir='ltr'><strong>lirmationis</strong></span> <span class='ocrx_word' id='word_1_32' title='bbox 665 516 938 570; x_wconf 86' lang='lat' dir='ltr'><strong>decretum</strong></span> <span class='ocrx_word' id='word_1_33' title='bbox 961 525 984 551; x_wconf 77' lang='grc' dir='ltr'><strong>ιι</strong></span> <span class='ocrx_word' id='word_1_34' title='bbox 1021 513 1356 573; x_wconf 87' lang='lat' dir='ltr'><strong>roboramus,</strong></span> <span class='ocrx_word' id='word_1_35' title='bbox 1390 519 1447 562; x_wconf 92' lang='lat' dir='ltr'><strong>ut</strong></span> <span class='ocrx_word' id='word_1_36' title='bbox 1481 509 1534 562; x_wconf 94' lang='lat' dir='ltr'><strong>in</strong></span> <span class='ocrx_word' id='word_1_37' title='bbox 1573 517 1752 561; x_wconf 89' lang='lat' dir='ltr'><strong>vestro</strong></span> <span class='ocrx_word' id='word_1_38' title='bbox 1779 523 1870 562; x_wconf 89' lang='lat' dir='ltr'><strong>ve-</strong></span> 
     </span>
    </p>
   </div>
   <div class='ocr_carea' id='block_1_6' title="bbox 293 597 1867 677">
    <p class='ocr_par' dir='ltr' id='par_1_6' title="bbox 293 597 1867 677">
     <span class='ocr_line' id='line_1_6' title="bbox 293 597 1867 677; baseline -0.009 -12"><span class='ocrx_word' id='word_1_39' title='bbox 293 622 635 677; x_wconf 87' lang='lat' dir='ltr'><strong>strorumque</strong></span> <span class='ocrx_word' id='word_1_40' title='bbox 653 617 1021 660; x_wconf 83' lang='lat' dir='ltr'><strong>successorum</strong></span> <span class='ocrx_word' id='word_1_41' title='bbox 1045 609 1392 670; x_wconf 89' lang='lat' dir='ltr'><strong>permaneant</strong></span> <span class='ocrx_word' id='word_1_42' title='bbox 1411 597 1551 666; x_wconf 82' lang='lat' dir='ltr'><strong>jure,</strong></span> <span class='ocrx_word' id='word_1_43' title='bbox 1567 599 1867 668; x_wconf 79' lang='lat' dir='ltr'><strong>principatu</strong></span> 
     </span>
    </p>
   </div>
   <div class='ocr_carea' id='block_1_7' title="bbox 292 689 1870 770">
    <p class='ocr_par' dir='ltr' id='par_1_7' title="bbox 292 689 1870 770">
     <span class='ocr_line' id='line_1_7' title="bbox 292 689 1870 770; baseline -0.008 -15"><span class='ocrx_word' id='word_1_44' title='bbox 292 710 449 770; x_wconf 88' lang='lat' dir='ltr'><strong>atque</strong></span> <span class='ocrx_word' id='word_1_45' title='bbox 492 699 713 757; x_wconf 80' lang='lat' dir='ltr'><strong>ditione,</strong></span> <span class='ocrx_word' id='word_1_46' title='bbox 749 703 807 748; x_wconf 93' lang='lat' dir='ltr'><strong>ut</strong></span> <span class='ocrx_word' id='word_1_47' title='bbox 839 708 1013 762; x_wconf 87' lang='lat' dir='ltr'><strong>neque</strong></span> <span class='ocrx_word' id='word_1_48' title='bbox 1058 708 1090 746; x_wconf 90' lang='lat' dir='ltr'><strong>a</strong></span> <span class='ocrx_word' id='word_1_49' title='bbox 1139 693 1295 746; x_wconf 82' lang='lat' dir='ltr'><strong>nobis</strong></span> <span class='ocrx_word' id='word_1_50' title='bbox 1320 731 1334 754; x_wconf 91' lang='lat'><strong>,</strong></span> <span class='ocrx_word' id='word_1_51' title='bbox 1365 707 1538 759; x_wconf 90' lang='lat' dir='ltr'><strong>neque</strong></span> <span class='ocrx_word' id='word_1_52' title='bbox 1569 706 1598 743; x_wconf 91' lang='lat' dir='ltr'><strong>a</strong></span> <span class='ocrx_word' id='word_1_53' title='bbox 1635 690 1758 744; x_wconf 91' lang='lat' dir='ltr'><strong>ﬁliis</strong></span> <span class='ocrx_word' id='word_1_54' title='bbox 1786 689 1870 744; x_wconf 88' lang='lat' dir='ltr'><strong>vel</strong></span> 
     </span>
    </p>
   </div>
   <div class='ocr_carea' id='block_1_8' title="bbox 292 780 1870 852">
    <p class='ocr_par' dir='ltr' id='par_1_8' title="bbox 292 780 1870 852">
     <span class='ocr_line' id='line_1_8' title="bbox 292 780 1870 852; baseline -0.006 -9"><span class='ocrx_word' id='word_1_55' title='bbox 292 787 696 845; x_wconf 79' lang='lat' dir='ltr'><strong>successoribus</strong></span> <span class='ocrx_word' id='word_1_56' title='bbox 726 783 927 838; x_wconf 86' lang='lat' dir='ltr'><strong>nostris</strong></span> <span class='ocrx_word' id='word_1_57' title='bbox 944 797 1042 852; x_wconf 87' lang='lat' dir='ltr'><strong>per</strong></span> <span class='ocrx_word' id='word_1_58' title='bbox 1062 781 1340 850; x_wconf 92' lang='lat' dir='ltr'><strong>quodlibet</strong></span> <span class='ocrx_word' id='word_1_59' title='bbox 1360 790 1731 850; x_wconf 80' lang='lat' dir='ltr'><strong>argumentum</strong></span> <span class='ocrx_word' id='word_1_60' title='bbox 1758 780 1870 834; x_wconf 91' lang='lat' dir='ltr'><strong>sive</strong></span> 
     </span>
    </p>
   </div>
   <div class='ocr_carea' id='block_1_9' title="bbox 295 871 1869 944">
    <p class='ocr_par' dir='ltr' id='par_1_9' title="bbox 295 871 1869 944">
     <span class='ocr_line' id='line_1_9' title="bbox 295 871 1869 944; baseline -0.008 -8"><span class='ocrx_word' id='word_1_61' title='bbox 295 879 752 936; x_wconf 84' lang='lat' dir='ltr'><strong>machinationem</strong></span> <span class='ocrx_word' id='word_1_62' title='bbox 781 876 834 929; x_wconf 92' lang='lat' dir='ltr'><strong>in</strong></span> <span class='ocrx_word' id='word_1_63' title='bbox 866 886 1184 944; x_wconf 89' lang='lat' dir='ltr'><strong>quacunque</strong></span> <span class='ocrx_word' id='word_1_64' title='bbox 1223 881 1372 940; x_wconf 86' lang='lat' dir='ltr'><strong>parte</strong></span> <span class='ocrx_word' id='word_1_65' title='bbox 1399 871 1668 925; x_wconf 82' lang='lat' dir='ltr'><strong>minuatur</strong></span> <span class='ocrx_word' id='word_1_66' title='bbox 1693 881 1869 925; x_wconf 88' lang='lat' dir='ltr'><strong>vestra</strong></span> 
     </span>
    </p>
   </div>
   <div class='ocr_carea' id='block_1_10' title="bbox 293 960 1872 1041">
    <p class='ocr_par' dir='ltr' id='par_1_10' title="bbox 293 960 1872 1041">
     <span class='ocr_line' id='line_1_10' title="bbox 293 960 1872 1041; baseline -0.008 -17"><span class='ocrx_word' id='word_1_67' title='bbox 293 979 540 1041; x_wconf 82' lang='lat' dir='ltr'><strong>potestas</strong></span> <span class='ocrx_word' id='word_1_68' title='bbox 568 1007 583 1030; x_wconf 93' lang='lat'><strong>,</strong></span> <span class='ocrx_word' id='word_1_69' title='bbox 631 974 724 1020; x_wconf 91' lang='lat' dir='ltr'><strong>aut</strong></span> <span class='ocrx_word' id='word_1_70' title='bbox 767 964 920 1018; x_wconf 82' lang='lat' dir='ltr'><strong>vobis</strong></span> <span class='ocrx_word' id='word_1_71' title='bbox 958 963 1022 1016; x_wconf 91' lang='lat' dir='ltr'><strong>de</strong></span> <span class='ocrx_word' id='word_1_72' title='bbox 1075 961 1452 1031; x_wconf 87' lang='lat' dir='ltr'><strong>suprascriptis</strong></span> <span class='ocrx_word' id='word_1_73' title='bbox 1498 960 1748 1014; x_wconf 90' lang='lat' dir='ltr'><strong>omnibus</strong></span> <span class='ocrx_word' id='word_1_74' title='bbox 1787 960 1872 1013; x_wconf 87' lang='lat' dir='ltr'><strong>vel</strong></span> 
     </span>
    </p>
   </div>
   <div class='ocr_carea' id='block_1_11' title="bbox 294 1051 1872 1118">
    <p class='ocr_par' dir='ltr' id='par_1_11' title="bbox 294 1051 1872 1118">
     <span class='ocr_line' id='line_1_11' title="bbox 294 1051 1872 1118; baseline -0.008 -3"><span class='ocrx_word' id='word_1_75' title='bbox 294 1057 700 1116; x_wconf 88' lang='lat' dir='ltr'><strong>successoribus</strong></span> <span class='ocrx_word' id='word_1_76' title='bbox 728 1054 916 1108; x_wconf 82' lang='lat' dir='ltr'><strong>vestris</strong></span> <span class='ocrx_word' id='word_1_77' title='bbox 956 1053 1078 1107; x_wconf 92' lang='lat' dir='ltr'><strong>inde</strong></span> <span class='ocrx_word' id='word_1_78' title='bbox 1105 1052 1304 1118; x_wconf 81' lang='lat' dir='ltr'><strong>aliquid</strong></span> <span class='ocrx_word' id='word_1_79' title='bbox 1326 1051 1764 1113; x_wconf 86' lang='lat' dir='ltr'><strong>subtrahatur,de</strong></span> <span class='ocrx_word' id='word_1_80' title='bbox 1784 1065 1872 1103; x_wconf 87' lang='lat' dir='ltr'><strong>su—</strong></span> 
     </span>
    </p>
   </div>
   <div class='ocr_carea' id='block_1_12' title="bbox 298 1141 1869 1222">
    <p class='ocr_par' dir='ltr' id='par_1_12' title="bbox 298 1141 1869 1222">
     <span class='ocr_line' id='line_1_12' title="bbox 298 1141 1869 1222; baseline -0.008 -16"><span class='ocrx_word' id='word_1_81' title='bbox 298 1149 623 1222; x_wconf 85' lang='lat' dir='ltr'><strong>prascriptis</strong></span> <span class='ocrx_word' id='word_1_82' title='bbox 648 1145 891 1200; x_wconf 89' lang='lat' dir='ltr'><strong>videlicet</strong></span> <span class='ocrx_word' id='word_1_83' title='bbox 921 1143 1232 1212; x_wconf 84' lang='lat' dir='ltr'><strong>provinciis,</strong></span> <span class='ocrx_word' id='word_1_84' title='bbox 1271 1142 1512 1205; x_wconf 85' lang='lat' dir='ltr'><strong>urbibus,</strong></span> <span class='ocrx_word' id='word_1_85' title='bbox 1541 1141 1869 1204; x_wconf 89' lang='lat' dir='ltr'><strong>civitatibus,</strong></span> 
     </span>
    </p>
   </div>
   <div class='ocr_carea' id='block_1_13' title="bbox 296 1230 1873 1309">
    <p class='ocr_par' dir='ltr' id='par_1_13' title="bbox 296 1230 1873 1309">
     <span class='ocr_line' id='line_1_13' title="bbox 296 1230 1873 1309; baseline -0.008 -15"><span class='ocrx_word' id='word_1_86' title='bbox 296 1239 532 1309; x_wconf 90' lang='lat' dir='ltr'><strong>oppidis,</strong></span> <span class='ocrx_word' id='word_1_87' title='bbox 558 1239 767 1298; x_wconf 79' lang='lat' dir='ltr'><strong>castris,</strong></span> <span class='ocrx_word' id='word_1_88' title='bbox 795 1233 1003 1295; x_wconf 90' lang='lat' dir='ltr'><strong>viculis,</strong></span> <span class='ocrx_word' id='word_1_89' title='bbox 1034 1231 1239 1295; x_wconf 90' lang='lat' dir='ltr'><strong>insulis,</strong></span> <span class='ocrx_word' id='word_1_90' title='bbox 1284 1230 1568 1284; x_wconf 88' lang='lat' dir='ltr'><strong>territoriis</strong></span> <span class='ocrx_word' id='word_1_91' title='bbox 1596 1237 1755 1298; x_wconf 90' lang='lat' dir='ltr'><strong>atque</strong></span> <span class='ocrx_word' id='word_1_92' title='bbox 1777 1244 1873 1300; x_wconf 92' lang='lat' dir='ltr'><strong>pa-</strong></span> 
     </span>
    </p>
   </div>
   <div class='ocr_carea' id='block_1_14' title="bbox 294 1319 1872 1392">
    <p class='ocr_par' dir='ltr' id='par_1_14' title="bbox 294 1319 1872 1392">
     <span class='ocr_line' id='line_1_14' title="bbox 294 1319 1872 1392; baseline -0.008 -8"><span class='ocrx_word' id='word_1_93' title='bbox 294 1329 584 1392; x_wconf 86' lang='lat' dir='ltr'><strong>trimoniis,</strong></span> <span class='ocrx_word' id='word_1_94' title='bbox 616 1340 821 1380; x_wconf 88' lang='lat' dir='ltr'><strong>necnon</strong></span> <span class='ocrx_word' id='word_1_95' title='bbox 855 1331 910 1376; x_wconf 90' lang='lat' dir='ltr'><strong>et</strong></span> <span class='ocrx_word' id='word_1_96' title='bbox 949 1322 1296 1391; x_wconf 72' lang='lat' dir='ltr'><strong>pensionibus</strong></span> <span class='ocrx_word' id='word_1_97' title='bbox 1321 1327 1480 1388; x_wconf 90' lang='lat' dir='ltr'><strong>atque</strong></span> <span class='ocrx_word' id='word_1_98' title='bbox 1503 1320 1767 1373; x_wconf 83' lang='lat' dir='ltr'><strong>censibus.</strong></span> <span class='ocrx_word' id='word_1_99' title='bbox 1796 1319 1872 1372; x_wconf 91' lang='lat' dir='ltr'><strong>lta</strong></span> 
     </span>
    </p>
   </div>
   <div class='ocr_carea' id='block_1_15' title="bbox 293 1405 1872 1488">
    <p class='ocr_par' dir='ltr' id='par_1_15' title="bbox 293 1405 1872 1488">
     <span class='ocr_line' id='line_1_15' title="bbox 293 1405 1872 1488; baseline -0.011 -13"><span class='ocrx_word' id='word_1_100' title='bbox 293 1431 349 1475; x_wconf 91' lang='lat' dir='ltr'><strong>ut</strong></span> <span class='ocrx_word' id='word_1_101' title='bbox 383 1431 565 1488; x_wconf 89' lang='lat' dir='ltr'><strong>neque</strong></span> <span class='ocrx_word' id='word_1_102' title='bbox 597 1429 696 1469; x_wconf 91' lang='lat' dir='ltr'><strong>nos</strong></span> <span class='ocrx_word' id='word_1_103' title='bbox 729 1427 793 1468; x_wconf 89' lang='lat' dir='ltr'><strong>ea</strong></span> <span class='ocrx_word' id='word_1_104' title='bbox 843 1411 1265 1473; x_wconf 87' lang='lat' dir='ltr'><strong>subtrahamus,</strong></span> <span class='ocrx_word' id='word_1_105' title='bbox 1323 1421 1494 1472; x_wconf 85' lang='lat' dir='ltr'><strong>neque</strong></span> <span class='ocrx_word' id='word_1_106' title='bbox 1547 1405 1872 1475; x_wconf 69' lang='lat' dir='ltr'><strong>quibuslibet</strong></span> 
     </span>
    </p>
   </div>
   <div class='ocr_carea' id='block_1_16' title="bbox 291 1494 1873 1566">
    <p class='ocr_par' dir='ltr' id='par_1_16' title="bbox 291 1494 1873 1566">
     <span class='ocr_line' id='line_1_16' title="bbox 291 1494 1873 1566; baseline -0.009 -2"><span class='ocrx_word' id='word_1_107' title='bbox 291 1509 617 1565; x_wconf 78' lang='lat' dir='ltr'><strong>subtrahere</strong></span> <span class='ocrx_word' id='word_1_108' title='bbox 645 1502 940 1556; x_wconf 87' lang='lat' dir='ltr'><strong>volentibus</strong></span> <span class='ocrx_word' id='word_1_109' title='bbox 968 1499 1398 1554; x_wconf 84' lang='lat' dir='ltr'><strong>consentiamus:</strong></span> <span class='ocrx_word' id='word_1_110' title='bbox 1425 1504 1505 1551; x_wconf 89' lang='lat' dir='ltr'><strong>set</strong></span> <span class='ocrx_word' id='word_1_111' title='bbox 1529 1494 1664 1566; x_wconf 89' lang='lat' dir='ltr'><strong>[sed]</strong></span> <span class='ocrx_word' id='word_1_112' title='bbox 1695 1495 1873 1564; x_wconf 87' lang='lat' dir='ltr'><strong>potius</strong></span> 
     </span>
    </p>
   </div>
   <div class='ocr_carea' id='block_1_17' title="bbox 292 1586 1869 1665">
    <p class='ocr_par' dir='ltr' id='par_1_17' title="bbox 292 1586 1869 1665">
     <span class='ocr_line' id='line_1_17' title="bbox 292 1586 1869 1665; baseline -0.01 -12"><span class='ocrx_word' id='word_1_113' title='bbox 292 1599 478 1654; x_wconf 89' lang='lat' dir='ltr'><strong>omnia</strong></span> <span class='ocrx_word' id='word_1_114' title='bbox 513 1610 615 1665; x_wconf 90' lang='lat' dir='ltr'><strong>que</strong></span> <span class='ocrx_word' id='word_1_115' title='bbox 667 1593 914 1662; x_wconf 82' lang='lat' dir='ltr'><strong>superius</strong></span> <span class='ocrx_word' id='word_1_116' title='bbox 960 1590 1241 1660; x_wconf 88' lang='lat' dir='ltr'><strong>leguntur,</strong></span> <span class='ocrx_word' id='word_1_117' title='bbox 1298 1588 1350 1641; x_wconf 90' lang='lat' dir='ltr'><strong>id</strong></span> <span class='ocrx_word' id='word_1_118' title='bbox 1397 1596 1478 1642; x_wconf 90' lang='lat' dir='ltr'><strong>est</strong></span> <span class='ocrx_word' id='word_1_119' title='bbox 1527 1586 1827 1655; x_wconf 82' lang='lat' dir='ltr'><strong>provincias</strong></span> <span class='ocrx_word' id='word_1_120' title='bbox 1855 1625 1869 1649; x_wconf 92' lang='lat'><strong>,</strong></span> 
     </span>
    </p>
   </div>
   <div class='ocr_carea' id='block_1_18' title="bbox 293 1675 1873 1751">
    <p class='ocr_par' dir='ltr' id='par_1_18' title="bbox 293 1675 1873 1751">
     <span class='ocr_line' id='line_1_18' title="bbox 293 1675 1873 1751; baseline -0.011 -7"><span class='ocrx_word' id='word_1_121' title='bbox 293 1690 568 1751; x_wconf 80' lang='lat' dir='ltr'><strong>civitates,</strong></span> <span class='ocrx_word' id='word_1_122' title='bbox 597 1685 775 1746; x_wconf 90' lang='lat' dir='ltr'><strong>urbes,</strong></span> <span class='ocrx_word' id='word_1_123' title='bbox 807 1683 1021 1750; x_wconf 84' lang='lat' dir='ltr'><strong>oppida,</strong></span> <span class='ocrx_word' id='word_1_124' title='bbox 1060 1679 1295 1742; x_wconf 87' lang='lat' dir='ltr'><strong>castella,</strong></span> <span class='ocrx_word' id='word_1_125' title='bbox 1331 1677 1600 1733; x_wconf 88' lang='lat' dir='ltr'><strong>territoria</strong></span> <span class='ocrx_word' id='word_1_126' title='bbox 1627 1683 1680 1730; x_wconf 92' lang='lat' dir='ltr'><strong>et</strong></span> <span class='ocrx_word' id='word_1_127' title='bbox 1704 1675 1873 1745; x_wconf 83' lang='lat' dir='ltr'><strong>patri-</strong></span> 
     </span>
    </p>
   </div>
   <div class='ocr_carea' id='block_1_19' title="bbox 1973 505 3543 579">
    <p class='ocr_par' dir='ltr' id='par_1_19' title="bbox 1973 505 3543 579">
     <span class='ocr_line' id='line_1_19' title="bbox 1973 505 3543 579; baseline 0.005 -18"><span class='ocrx_word' id='word_1_128' title='bbox 1973 508 2265 563; x_wconf 89' lang='lat' dir='ltr'><strong>tinentibus</strong></span> <span class='ocrx_word' id='word_1_129' title='bbox 2313 509 2378 562; x_wconf 89' lang='lat' dir='ltr'><strong>ad</strong></span> <span class='ocrx_word' id='word_1_130' title='bbox 2430 524 2530 563; x_wconf 91' lang='lat' dir='ltr'><strong>nos</strong></span> <span class='ocrx_word' id='word_1_131' title='bbox 2575 508 2782 562; x_wconf 90' lang='lat' dir='ltr'><strong>veniret</strong></span> <span class='ocrx_word' id='word_1_132' title='bbox 2808 505 3083 579; x_wconf 85' lang='lat' dir='ltr'><strong>[venerit].</strong></span> <span class='ocrx_word' id='word_1_133' title='bbox 3117 508 3435 566; x_wconf 81' lang='lat' dir='ltr'><strong>subtrahere</strong></span> <span class='ocrx_word' id='word_1_134' title='bbox 3480 528 3543 569; x_wconf 75' lang='lat' dir='ltr'><strong>se</strong></span> 
     </span>
    </p>
   </div>
   <div class='ocr_carea' id='block_1_20' title="bbox 1970 597 3544 671">
    <p class='ocr_par' dir='ltr' id='par_1_20' title="bbox 1970 597 3544 671">
     <span class='ocr_line' id='line_1_20' title="bbox 1970 597 3544 671; baseline 0.006 -22"><span class='ocrx_word' id='word_1_135' title='bbox 1970 597 2155 652; x_wconf 89' lang='lat' dir='ltr'><strong>volens</strong></span> <span class='ocrx_word' id='word_1_136' title='bbox 2181 599 2244 652; x_wconf 89' lang='lat' dir='ltr'><strong>de</strong></span> <span class='ocrx_word' id='word_1_137' title='bbox 2270 605 2446 653; x_wconf 89' lang='lat' dir='ltr'><strong>vestra</strong></span> <span class='ocrx_word' id='word_1_138' title='bbox 2461 599 2658 653; x_wconf 89' lang='lat' dir='ltr'><strong>ditione</strong></span> <span class='ocrx_word' id='word_1_139' title='bbox 2673 599 2755 652; x_wconf 90' lang='lat' dir='ltr'><strong>vel</strong></span> <span class='ocrx_word' id='word_1_140' title='bbox 2776 605 3060 667; x_wconf 81' lang='lat' dir='ltr'><strong>potestate,</strong></span> <span class='ocrx_word' id='word_1_141' title='bbox 3079 597 3162 654; x_wconf 89' lang='lat' dir='ltr'><strong>vel</strong></span> <span class='ocrx_word' id='word_1_142' title='bbox 3182 598 3340 654; x_wconf 90' lang='lat' dir='ltr'><strong>aliam</strong></span> <span class='ocrx_word' id='word_1_143' title='bbox 3355 616 3544 671; x_wconf 84' lang='lat' dir='ltr'><strong>quam-</strong></span> 
     </span>
    </p>
   </div>
   <div class='ocr_carea' id='block_1_21' title="bbox 1971 688 3544 762">
    <p class='ocr_par' dir='ltr' id='par_1_21' title="bbox 1971 688 3544 762">
     <span class='ocr_line' id='line_1_21' title="bbox 1971 688 3544 762; baseline 0.003 -20"><span class='ocrx_word' id='word_1_144' title='bbox 1971 688 2099 743; x_wconf 90' lang='lat' dir='ltr'><strong>libet</strong></span> <span class='ocrx_word' id='word_1_145' title='bbox 2122 689 2358 759; x_wconf 91' lang='lat' dir='ltr'><strong>iniquam</strong></span> <span class='ocrx_word' id='word_1_146' title='bbox 2384 689 2666 762; x_wconf 86' lang='lat' dir='ltr'><strong>[aliquam]</strong></span> <span class='ocrx_word' id='word_1_147' title='bbox 2693 689 3154 744; x_wconf 83' lang='lat' dir='ltr'><strong>machinationem</strong></span> <span class='ocrx_word' id='word_1_148' title='bbox 3181 699 3544 756; x_wconf 87' lang='lat' dir='ltr'><strong>metuens,aut</strong></span> 
     </span>
    </p>
   </div>
   <div class='ocr_carea' id='block_1_22' title="bbox 1971 777 3545 851">
    <p class='ocr_par' dir='ltr' id='par_1_22' title="bbox 1971 777 3545 851">
     <span class='ocr_line' id='line_1_22' title="bbox 1971 777 3545 851; baseline 0.004 -21"><span class='ocrx_word' id='word_1_149' title='bbox 1971 777 2182 847; x_wconf 88' lang='lat' dir='ltr'><strong>culpam</strong></span> <span class='ocrx_word' id='word_1_150' title='bbox 2208 780 2550 834; x_wconf 87' lang='lat' dir='ltr'><strong>commissam</strong></span> <span class='ocrx_word' id='word_1_151' title='bbox 2579 778 2806 851; x_wconf 81' lang='lat' dir='ltr'><strong>fugiens,</strong></span> <span class='ocrx_word' id='word_1_152' title='bbox 2839 779 2983 834; x_wconf 92' lang='lat' dir='ltr'><strong>nullo</strong></span> <span class='ocrx_word' id='word_1_153' title='bbox 3013 779 3172 834; x_wconf 91' lang='lat' dir='ltr'><strong>modo</strong></span> <span class='ocrx_word' id='word_1_154' title='bbox 3216 796 3338 835; x_wconf 90' lang='lat' dir='ltr'><strong>eum</strong></span> <span class='ocrx_word' id='word_1_155' title='bbox 3385 783 3545 840; x_wconf 80' lang='lat' dir='ltr'><strong>aliter</strong></span> 
     </span>
    </p>
   </div>
   <div class='ocr_carea' id='block_1_23' title="bbox 1972 869 3545 939">
    <p class='ocr_par' dir='ltr' id='par_1_23' title="bbox 1972 869 3545 939">
     <span class='ocr_line' id='line_1_23' title="bbox 1972 869 3545 939; baseline 0.004 -17"><span class='ocrx_word' id='word_1_156' title='bbox 1972 869 2307 938; x_wconf 87' lang='lat' dir='ltr'><strong>recipiemus,</strong></span> <span class='ocrx_word' id='word_1_157' title='bbox 2332 871 2434 925; x_wconf 90' lang='lat' dir='ltr'><strong>nisi</strong></span> <span class='ocrx_word' id='word_1_158' title='bbox 2465 870 2537 924; x_wconf 88' lang='lat' dir='ltr'><strong>&#39;ad</strong></span> <span class='ocrx_word' id='word_1_159' title='bbox 2571 869 2772 938; x_wconf 86' lang='lat' dir='ltr'><strong>justam</strong></span> <span class='ocrx_word' id='word_1_160' title='bbox 2813 885 2914 939; x_wconf 90' lang='lat' dir='ltr'><strong>pro</strong></span> <span class='ocrx_word' id='word_1_161' title='bbox 2943 885 3008 924; x_wconf 90' lang='lat' dir='ltr'><strong>eo</strong></span> <span class='ocrx_word' id='word_1_162' title='bbox 3034 869 3334 926; x_wconf 89' lang='lat' dir='ltr'><strong>faciendam</strong></span> <span class='ocrx_word' id='word_1_163' title='bbox 3379 872 3545 928; x_wconf 88' lang='lat' dir='ltr'><strong>inter-</strong></span> 
     </span>
    </p>
   </div>
   <div class='ocr_carea' id='block_1_24' title="bbox 1971 957 3548 1028">
    <p class='ocr_par' dir='ltr' id='par_1_24' title="bbox 1971 957 3548 1028">
     <span class='ocr_line' id='line_1_24' title="bbox 1971 957 3548 1028; baseline 0.004 -19"><span class='ocrx_word' id='word_1_164' title='bbox 1971 957 2268 1010; x_wconf 84' lang='lat' dir='ltr'><strong>cessionem</strong></span> <span class='ocrx_word' id='word_1_165' title='bbox 2300 975 2312 1010; x_wconf 90' lang='lat'>:</span> <span class='ocrx_word' id='word_1_166' title='bbox 2344 957 2417 1012; x_wconf 90' lang='lat' dir='ltr'><strong>ita</strong></span> <span class='ocrx_word' id='word_1_167' title='bbox 2465 958 2757 1023; x_wconf 78' lang='lat' dir='ltr'><strong>duntaxat,</strong></span> <span class='ocrx_word' id='word_1_168' title='bbox 2803 958 2848 1012; x_wconf 88' lang='lat' dir='ltr'><strong>si</strong></span> <span class='ocrx_word' id='word_1_169' title='bbox 2879 957 3035 1026; x_wconf 88' lang='lat' dir='ltr'><strong>culpa</strong></span> <span class='ocrx_word' id='word_1_170' title='bbox 3080 973 3241 1028; x_wconf 88' lang='lat' dir='ltr'><strong>quam</strong></span> <span class='ocrx_word' id='word_1_171' title='bbox 3277 961 3548 1016; x_wconf 88' lang='lat' dir='ltr'><strong>commisit</strong></span> 
     </span>
    </p>
   </div>
   <div class='ocr_carea' id='block_1_25' title="bbox 1972 1049 3543 1120">
    <p class='ocr_par' dir='ltr' id='par_1_25' title="bbox 1972 1049 3543 1120">
     <span class='ocr_line' id='line_1_25' title="bbox 1972 1049 3543 1120; baseline 0.004 -19"><span class='ocrx_word' id='word_1_172' title='bbox 1972 1049 2196 1104; x_wconf 88' lang='lat' dir='ltr'><strong>venialis</strong></span> <span class='ocrx_word' id='word_1_173' title='bbox 2236 1051 2399 1104; x_wconf 90' lang='lat' dir='ltr'><strong>fuerit</strong></span> <span class='ocrx_word' id='word_1_174' title='bbox 2446 1051 2700 1104; x_wconf 87' lang='lat' dir='ltr'><strong>inventa:</strong></span> <span class='ocrx_word' id='word_1_175' title='bbox 2735 1051 2816 1104; x_wconf 92' lang='lat' dir='ltr'><strong>sin</strong></span> <span class='ocrx_word' id='word_1_176' title='bbox 2853 1049 3009 1104; x_wconf 88' lang='lat' dir='ltr'><strong>aliter</strong></span> <span class='ocrx_word' id='word_1_177' title='bbox 3035 1089 3050 1114; x_wconf 92' lang='lat'><strong>,</strong></span> <span class='ocrx_word' id='word_1_178' title='bbox 3097 1052 3543 1120; x_wconf 88' lang='lat' dir='ltr'><strong>comprehensum</strong></span> 
     </span>
    </p>
   </div>
   <div class='ocr_carea' id='block_1_26' title="bbox 1971 1137 3542 1212">
    <p class='ocr_par' dir='ltr' id='par_1_26' title="bbox 1971 1137 3542 1212">
     <span class='ocr_line' id='line_1_26' title="bbox 1971 1137 3542 1212; baseline 0.003 -22"><span class='ocrx_word' id='word_1_179' title='bbox 1971 1147 2148 1193; x_wconf 87' lang='lat' dir='ltr'><strong>vestre</strong></span> <span class='ocrx_word' id='word_1_180' title='bbox 2189 1139 2442 1208; x_wconf 90' lang='lat' dir='ltr'><strong>potestati</strong></span> <span class='ocrx_word' id='word_1_181' title='bbox 2490 1154 2610 1193; x_wconf 89' lang='lat' dir='ltr'><strong>eum</strong></span> <span class='ocrx_word' id='word_1_182' title='bbox 2676 1140 3013 1196; x_wconf 86' lang='lat' dir='ltr'><strong>remittamus</strong></span> <span class='ocrx_word' id='word_1_183' title='bbox 3060 1137 3446 1212; x_wconf 85' lang='lat' dir='ltr'><strong>[remittemus]</strong></span> <span class='ocrx_word' id='word_1_184' title='bbox 3494 1153 3542 1194; x_wconf 78' lang='grc' dir='ltr'><strong>ε.</strong></span> 
     </span>
    </p>
   </div>
   <div class='ocr_carea' id='block_1_27' title="bbox 1972 1227 3547 1297">
    <p class='ocr_par' dir='ltr' id='par_1_27' title="bbox 1972 1227 3547 1297">
     <span class='ocr_line' id='line_1_27' title="bbox 1972 1227 3547 1297; baseline 0.002 -18"><span class='ocrx_word' id='word_1_185' title='bbox 1972 1227 2222 1297; x_wconf 81' lang='lat' dir='ltr'><strong>Exceptis</strong></span> <span class='ocrx_word' id='word_1_186' title='bbox 2247 1228 2331 1282; x_wconf 90' lang='lat' dir='ltr'><strong>his</strong></span> <span class='ocrx_word' id='word_1_187' title='bbox 2359 1228 2451 1297; x_wconf 87' lang='lat' dir='ltr'><strong>qui</strong></span> <span class='ocrx_word' id='word_1_188' title='bbox 2476 1228 2780 1282; x_wconf 88' lang='lat' dir='ltr'><strong>violentiam</strong></span> <span class='ocrx_word' id='word_1_189' title='bbox 2807 1228 2889 1281; x_wconf 89' lang='lat' dir='ltr'><strong>vel</strong></span> <span class='ocrx_word' id='word_1_190' title='bbox 2919 1227 3319 1296; x_wconf 89' lang='lat' dir='ltr'><strong>oppressionem</strong></span> <span class='ocrx_word' id='word_1_191' title='bbox 3357 1238 3547 1296; x_wconf 89' lang='lat' dir='ltr'><strong>poten-</strong></span> 
     </span>
    </p>
   </div>
   <div class='ocr_carea' id='block_1_28' title="bbox 1972 1314 3547 1388">
    <p class='ocr_par' dir='ltr' id='par_1_28' title="bbox 1972 1314 3547 1388">
     <span class='ocr_line' id='line_1_28' title="bbox 1972 1314 3547 1388; baseline 0.002 -20"><span class='ocrx_word' id='word_1_192' title='bbox 1972 1316 2168 1370; x_wconf 88' lang='lat' dir='ltr'><strong>tiorum</strong></span> <span class='ocrx_word' id='word_1_193' title='bbox 2212 1317 2355 1385; x_wconf 91' lang='lat' dir='ltr'><strong>passi</strong></span> <span class='ocrx_word' id='word_1_194' title='bbox 2383 1316 2503 1371; x_wconf 91' lang='lat' dir='ltr'><strong>ideo</strong></span> <span class='ocrx_word' id='word_1_195' title='bbox 2529 1316 2594 1369; x_wconf 91' lang='lat' dir='ltr'><strong>ad</strong></span> <span class='ocrx_word' id='word_1_196' title='bbox 2623 1331 2721 1370; x_wconf 92' lang='lat' dir='ltr'><strong>nos</strong></span> <span class='ocrx_word' id='word_1_197' title='bbox 2759 1317 3005 1370; x_wconf 86' lang='lat' dir='ltr'><strong>venerint</strong></span> <span class='ocrx_word' id='word_1_198' title='bbox 3051 1314 3316 1388; x_wconf 90' lang='lat' dir='ltr'><strong>[veniunt]</strong></span> <span class='ocrx_word' id='word_1_199' title='bbox 3345 1324 3404 1370; x_wconf 94' lang='lat' dir='ltr'><strong>ut</strong></span> <span class='ocrx_word' id='word_1_200' title='bbox 3447 1332 3547 1386; x_wconf 90' lang='lat' dir='ltr'><strong>per</strong></span> 
     </span>
    </p>
   </div>
   <div class='ocr_carea' id='block_1_29' title="bbox 1971 1404 3547 1472">
    <p class='ocr_par' dir='ltr' id='par_1_29' title="bbox 1971 1404 3547 1472">
     <span class='ocr_line' id='line_1_29' title="bbox 1971 1404 3547 1472; baseline 0 -13"><span class='ocrx_word' id='word_1_201' title='bbox 1971 1414 2208 1460; x_wconf 88' lang='lat' dir='ltr'><strong>nostram</strong></span> <span class='ocrx_word' id='word_1_202' title='bbox 2252 1405 2691 1459; x_wconf 86' lang='lat' dir='ltr'><strong>intercessionem</strong></span> <span class='ocrx_word' id='word_1_203' title='bbox 2727 1404 2996 1472; x_wconf 87' lang='lat' dir='ltr'><strong>justitiam</strong></span> <span class='ocrx_word' id='word_1_204' title='bbox 3026 1405 3267 1472; x_wconf 87' lang='lat' dir='ltr'><strong>accipere</strong></span> <span class='ocrx_word' id='word_1_205' title='bbox 3305 1421 3547 1459; x_wconf 78' lang='lat' dir='ltr'><strong>merean-</strong></span> 
     </span>
    </p>
   </div>
   <div class='ocr_carea' id='block_1_30' title="bbox 1974 1493 3548 1568">
    <p class='ocr_par' dir='ltr' id='par_1_30' title="bbox 1974 1493 3548 1568">
     <span class='ocr_line' id='line_1_30' title="bbox 1974 1493 3548 1568; baseline 0.005 -21"><span class='ocrx_word' id='word_1_206' title='bbox 1974 1504 2080 1548; x_wconf 90' lang='lat' dir='ltr'><strong>tur.</strong></span> <span class='ocrx_word' id='word_1_207' title='bbox 2126 1493 2365 1560; x_wconf 85' lang='lat' dir='ltr'><strong>Quorum</strong></span> <span class='ocrx_word' id='word_1_208' title='bbox 2413 1493 2584 1547; x_wconf 89' lang='lat' dir='ltr'><strong>altera</strong></span> <span class='ocrx_word' id='word_1_209' title='bbox 2615 1494 2851 1548; x_wconf 90' lang='lat' dir='ltr'><strong>conditio</strong></span> <span class='ocrx_word' id='word_1_210' title='bbox 2881 1503 2979 1559; x_wconf 84' lang='lat' dir='ltr'><strong>est,</strong></span> <span class='ocrx_word' id='word_1_211' title='bbox 3018 1505 3072 1550; x_wconf 92' lang='lat' dir='ltr'><strong>et</strong></span> <span class='ocrx_word' id='word_1_212' title='bbox 3115 1513 3146 1550; x_wconf 92' lang='lat' dir='ltr'><strong>a</strong></span> <span class='ocrx_word' id='word_1_213' title='bbox 3181 1499 3548 1568; x_wconf 77' lang='lat' dir='ltr'><strong>superioribus</strong></span> 
     </span>
    </p>
   </div>
   <div class='ocr_carea' id='block_1_31' title="bbox 1970 1586 2537 1655">
    <p class='ocr_par' dir='ltr' id='par_1_31' title="bbox 1970 1586 2537 1655">
     <span class='ocr_line' id='line_1_31' title="bbox 1970 1586 2537 1655; baseline -0.009 -12"><span class='ocrx_word' id='word_1_214' title='bbox 1970 1594 2054 1643; x_wconf 89' lang='lat' dir='ltr'><strong>est</strong></span> <span class='ocrx_word' id='word_1_215' title='bbox 2078 1586 2232 1640; x_wconf 87' lang='lat' dir='ltr'><strong>valde</strong></span> <span class='ocrx_word' id='word_1_216' title='bbox 2254 1586 2537 1655; x_wconf 85' lang='lat' dir='ltr'><strong>disjuncta.</strong></span> 
     </span>
    </p>
   </div>
   <div class='ocr_carea' id='block_1_32' title="bbox 2042 1673 3549 1744">
    <p class='ocr_par' dir='ltr' id='par_1_32' title="bbox 2042 1673 3549 1744">
     <span class='ocr_line' id='line_1_32' title="bbox 2042 1673 3549 1744; baseline 0.003 -16"><span class='ocrx_word' id='word_1_217' title='bbox 2042 1675 2106 1728; x_wconf 86' lang='lat' dir='ltr'><strong>Et</strong></span> <span class='ocrx_word' id='word_1_218' title='bbox 2136 1675 2345 1744; x_wconf 87' lang='lat' dir='ltr'><strong>quando</strong></span> <span class='ocrx_word' id='word_1_219' title='bbox 2371 1673 2548 1728; x_wconf 86' lang='lat' dir='ltr'><strong>divina</strong></span> <span class='ocrx_word' id='word_1_220' title='bbox 2577 1676 2854 1730; x_wconf 89' lang='lat' dir='ltr'><strong>vocatione</strong></span> <span class='ocrx_word' id='word_1_221' title='bbox 2887 1674 3046 1743; x_wconf 88' lang='lat' dir='ltr'><strong>hujus</strong></span> <span class='ocrx_word' id='word_1_222' title='bbox 3069 1677 3432 1734; x_wconf 87' lang='lat' dir='ltr'><strong>sacratissime</strong></span> <span class='ocrx_word' id='word_1_223' title='bbox 3465 1694 3549 1735; x_wconf 90' lang='lat' dir='ltr'><strong>se-</strong></span> 
     </span>
    </p>
   </div>
   <div class='ocr_carea' id='block_1_33' title="bbox 292 1763 3550 1845">
    <p class='ocr_par' dir='ltr' id='par_1_33' title="bbox 292 1763 3550 1845">
     <span class='ocr_line' id='line_1_33' title="bbox 292 1763 3550 1845; baseline -0.002 -13"><span class='ocrx_word' id='word_1_224' title='bbox 292 1779 500 1842; x_wconf 86' lang='lat' dir='ltr'><strong>monia,</strong></span> <span class='ocrx_word' id='word_1_225' title='bbox 533 1786 696 1845; x_wconf 88' lang='lat' dir='ltr'><strong>atque</strong></span> <span class='ocrx_word' id='word_1_226' title='bbox 728 1773 929 1827; x_wconf 89' lang='lat' dir='ltr'><strong>insulas</strong></span> <span class='ocrx_word' id='word_1_227' title='bbox 948 1812 962 1835; x_wconf 88' lang='lat'><strong>,</strong></span> <span class='ocrx_word' id='word_1_228' title='bbox 992 1786 1184 1826; x_wconf 89' lang='lat' dir='ltr'><strong>census</strong></span> <span class='ocrx_word' id='word_1_229' title='bbox 1216 1777 1271 1824; x_wconf 89' lang='lat' dir='ltr'><strong>et</strong></span> <span class='ocrx_word' id='word_1_230' title='bbox 1310 1769 1594 1838; x_wconf 88' lang='lat' dir='ltr'><strong>pensiones</strong></span> <span class='ocrx_word' id='word_1_231' title='bbox 1635 1766 1870 1820; x_wconf 88' lang='lat' dir='ltr'><strong>Ecclesie</strong></span> <span class='ocrx_word' id='word_1_232' title='bbox 1904 1775 1944 1831; x_wconf 71' lang='lat'><strong>[3</strong></span> <span class='ocrx_word' id='word_1_233' title='bbox 1974 1764 2055 1818; x_wconf 89' lang='lat' dir='ltr'><strong>dis</strong></span> <span class='ocrx_word' id='word_1_234' title='bbox 2089 1763 2327 1832; x_wconf 77' lang='lat' dir='ltr'><strong>pontifex</strong></span> <span class='ocrx_word' id='word_1_235' title='bbox 2359 1764 2424 1818; x_wconf 89' lang='lat' dir='ltr'><strong>de</strong></span> <span class='ocrx_word' id='word_1_236' title='bbox 2453 1765 2556 1818; x_wconf 90' lang='lat' dir='ltr'><strong>hoc</strong></span> <span class='ocrx_word' id='word_1_237' title='bbox 2589 1765 2788 1818; x_wconf 90' lang='lat' dir='ltr'><strong>mundo</strong></span> <span class='ocrx_word' id='word_1_238' title='bbox 2818 1765 3150 1835; x_wconf 83' lang='lat' dir='ltr'><strong>migraverit.</strong></span> <span class='ocrx_word' id='word_1_239' title='bbox 3177 1768 3351 1823; x_wconf 91' lang='lat' dir='ltr'><strong>nullus</strong></span> <span class='ocrx_word' id='word_1_240' title='bbox 3373 1783 3438 1824; x_wconf 83' lang='lat' dir='ltr'><strong>ex</strong></span> <span class='ocrx_word' id='word_1_241' title='bbox 3464 1787 3550 1825; x_wconf 88' lang='lat' dir='ltr'><strong>re-</strong></span> 
     </span>
    </p>
   </div>
   <div class='ocr_carea' id='block_1_34' title="bbox 294 1854 1872 1934">
    <p class='ocr_par' dir='ltr' id='par_1_34' title="bbox 294 1854 1872 1934">
     <span class='ocr_line' id='line_1_34' title="bbox 294 1854 1872 1934; baseline -0.01 -12"><span class='ocrx_word' id='word_1_242' title='bbox 294 1868 436 1922; x_wconf 86' lang='lat' dir='ltr'><strong>beati</strong></span> <span class='ocrx_word' id='word_1_243' title='bbox 493 1866 638 1919; x_wconf 86' lang='lat' dir='ltr'><strong>Petri</strong></span> <span class='ocrx_word' id='word_1_244' title='bbox 687 1862 933 1934; x_wconf 88' lang='lat' dir='ltr'><strong>apostoli,</strong></span> <span class='ocrx_word' id='word_1_245' title='bbox 985 1869 1038 1914; x_wconf 88' lang='lat' dir='ltr'><strong>et</strong></span> <span class='ocrx_word' id='word_1_246' title='bbox 1083 1857 1425 1928; x_wconf 84' lang='lat' dir='ltr'><strong>pomiﬁcibus</strong></span> <span class='ocrx_word' id='word_1_247' title='bbox 1453 1856 1504 1909; x_wconf 92' lang='lat' dir='ltr'><strong>in</strong></span> <span class='ocrx_word' id='word_1_248' title='bbox 1533 1854 1872 1909; x_wconf 87' lang='lat' dir='ltr'><strong>sanctissima</strong></span> 
     </span>
    </p>
   </div>
   <div class='ocr_carea' id='block_1_35' title="bbox 293 1948 1873 2022">
    <p class='ocr_par' dir='ltr' id='par_1_35' title="bbox 293 1948 1873 2022">
     <span class='ocr_line' id='line_1_35' title="bbox 293 1948 1873 2022; baseline -0.009 -9"><span class='ocrx_word' id='word_1_249' title='bbox 293 1960 438 2013; x_wconf 74' lang='lat' dir='ltr'><strong>illius</strong></span> <span class='ocrx_word' id='word_1_250' title='bbox 487 1957 615 2011; x_wconf 89' lang='lat' dir='ltr'><strong>sede</strong></span> <span class='ocrx_word' id='word_1_251' title='bbox 660 1955 714 2008; x_wconf 92' lang='lat' dir='ltr'><strong>in</strong></span> <span class='ocrx_word' id='word_1_252' title='bbox 760 1961 1077 2022; x_wconf 87' lang='lat' dir='ltr'><strong>perpetuum</strong></span> <span class='ocrx_word' id='word_1_253' title='bbox 1120 1948 1491 2010; x_wconf 82' lang='lat' dir='ltr'><strong>residentibus,</strong></span> <span class='ocrx_word' id='word_1_254' title='bbox 1523 1962 1578 2000; x_wconf 82' lang='lat' dir='ltr'><strong>In</strong></span> <span class='ocrx_word' id='word_1_255' title='bbox 1615 1958 1873 2014; x_wconf 89' lang='lat' dir='ltr'><strong>quantum</strong></span> 
     </span>
    </p>
   </div>
   <div class='ocr_carea' id='block_1_36' title="bbox 295 2035 1876 2116">
    <p class='ocr_par' dir='ltr' id='par_1_36' title="bbox 295 2035 1876 2116">
     <span class='ocr_line' id='line_1_36' title="bbox 295 2035 1876 2116; baseline -0.008 -17"><span class='ocrx_word' id='word_1_256' title='bbox 295 2059 606 2116; x_wconf 85' lang='lat' dir='ltr'><strong>possumus,</strong></span> <span class='ocrx_word' id='word_1_257' title='bbox 659 2057 758 2096; x_wconf 93' lang='lat' dir='ltr'><strong>nos</strong></span> <span class='ocrx_word' id='word_1_258' title='bbox 815 2039 1102 2095; x_wconf 81' lang='lat' dir='ltr'><strong>defendere</strong></span> <span class='ocrx_word' id='word_1_259' title='bbox 1153 2036 1512 2107; x_wconf 89' lang='lat' dir='ltr'><strong>promittimus</strong></span> <span class='ocrx_word' id='word_1_260' title='bbox 1556 2035 1622 2089; x_wconf 89' lang='lat' dir='ltr'><strong>ad</strong></span> <span class='ocrx_word' id='word_1_261' title='bbox 1668 2035 1772 2088; x_wconf 89' lang='lat' dir='ltr'><strong>hoc</strong></span> <span class='ocrx_word' id='word_1_262' title='bbox 1815 2042 1876 2087; x_wconf 89' lang='lat' dir='ltr'><strong>ut</strong></span> 
     </span>
    </p>
   </div>
   <div class='ocr_carea' id='block_1_37' title="bbox 295 2125 1876 2201">
    <p class='ocr_par' dir='ltr' id='par_1_37' title="bbox 295 2125 1876 2201">
     <span class='ocr_line' id='line_1_37' title="bbox 295 2125 1876 2201; baseline -0.008 -10"><span class='ocrx_word' id='word_1_263' title='bbox 295 2137 480 2191; x_wconf 88' lang='lat' dir='ltr'><strong>omnia</strong></span> <span class='ocrx_word' id='word_1_264' title='bbox 519 2148 586 2188; x_wconf 90' lang='lat' dir='ltr'><strong>ea</strong></span> <span class='ocrx_word' id='word_1_265' title='bbox 630 2133 687 2187; x_wconf 91' lang='lat' dir='ltr'><strong>in</strong></span> <span class='ocrx_word' id='word_1_266' title='bbox 741 2132 885 2185; x_wconf 91' lang='lat' dir='ltr'><strong>illius</strong></span> <span class='ocrx_word' id='word_1_267' title='bbox 933 2126 1177 2201; x_wconf 90' lang='lat' dir='ltr'><strong>[nullius]</strong></span> <span class='ocrx_word' id='word_1_268' title='bbox 1225 2126 1427 2181; x_wconf 89' lang='lat' dir='ltr'><strong>ditione</strong></span> <span class='ocrx_word' id='word_1_269' title='bbox 1450 2125 1518 2179; x_wconf 91' lang='lat' dir='ltr'><strong>ad</strong></span> <span class='ocrx_word' id='word_1_270' title='bbox 1543 2127 1796 2180; x_wconf 88' lang='lat' dir='ltr'><strong>utendum</strong></span> <span class='ocrx_word' id='word_1_271' title='bbox 1822 2132 1876 2178; x_wconf 88' lang='lat' dir='ltr'><strong>et</strong></span> 
     </span>
    </p>
   </div>
   <div class='ocr_carea' id='block_1_38' title="bbox 295 2214 1876 2290">
    <p class='ocr_par' dir='ltr' id='par_1_38' title="bbox 295 2214 1876 2290">
     <span class='ocr_line' id='line_1_38' title="bbox 295 2214 1876 2290; baseline -0.008 -11"><span class='ocrx_word' id='word_1_272' title='bbox 295 2224 587 2279; x_wconf 87' lang='lat' dir='ltr'><strong>fruendum</strong></span> <span class='ocrx_word' id='word_1_273' title='bbox 615 2264 631 2288; x_wconf 91' lang='lat'><strong>,</strong></span> <span class='ocrx_word' id='word_1_274' title='bbox 681 2228 842 2290; x_wconf 88' lang='lat' dir='ltr'><strong>atque</strong></span> <span class='ocrx_word' id='word_1_275' title='bbox 873 2216 1258 2287; x_wconf 86' lang='lat' dir='ltr'><strong>disponendum</strong></span> <span class='ocrx_word' id='word_1_276' title='bbox 1308 2215 1536 2269; x_wconf 88' lang='lat' dir='ltr'><strong>ﬁrmiter</strong></span> <span class='ocrx_word' id='word_1_277' title='bbox 1577 2214 1749 2269; x_wconf 89' lang='lat' dir='ltr'><strong>valeat</strong></span> <span class='ocrx_word' id='word_1_278' title='bbox 1783 2229 1876 2283; x_wconf 91' lang='lat' dir='ltr'><strong>op-</strong></span> 
     </span>
    </p>
   </div>
   <div class='ocr_carea' id='block_1_39' title="bbox 296 2311 798 2386">
    <p class='ocr_par' dir='ltr' id='par_1_39' title="bbox 296 2311 798 2386">
     <span class='ocr_line' id='line_1_39' title="bbox 296 2311 798 2386; baseline -0.008 -18"><span class='ocrx_word' id='word_1_279' title='bbox 296 2316 460 2370; x_wconf 89' lang='lat' dir='ltr'><strong>tineri</strong></span> <span class='ocrx_word' id='word_1_280' title='bbox 486 2311 798 2386; x_wconf 67' lang='lat' dir='ltr'><strong>[obtinere].</strong></span> 
     </span>
    </p>
   </div>
   <div class='ocr_carea' id='block_1_40' title="bbox 367 2401 1878 2472">
    <p class='ocr_par' dir='ltr' id='par_1_40' title="bbox 367 2401 1878 2472">
     <span class='ocr_line' id='line_1_40' title="bbox 367 2401 1878 2472; baseline -0.005 -14"><span class='ocrx_word' id='word_1_281' title='bbox 367 2405 691 2472; x_wconf 73' lang='lat' dir='ltr'><strong>Nullamque</strong></span> <span class='ocrx_word' id='word_1_282' title='bbox 735 2403 790 2457; x_wconf 77' lang='lat' dir='ltr'><strong>in</strong></span> <span class='ocrx_word' id='word_1_283' title='bbox 830 2403 908 2457; x_wconf 88' lang='lat' dir='ltr'><strong>eis</strong></span> <span class='ocrx_word' id='word_1_284' title='bbox 937 2401 1091 2457; x_wconf 90' lang='lat' dir='ltr'><strong>nobis</strong></span> <span class='ocrx_word' id='word_1_285' title='bbox 1135 2406 1343 2469; x_wconf 88' lang='lat' dir='ltr'><strong>partem</strong></span> <span class='ocrx_word' id='word_1_286' title='bbox 1371 2439 1384 2460; x_wconf 94' lang='lat'><strong>,</strong></span> <span class='ocrx_word' id='word_1_287' title='bbox 1423 2407 1514 2451; x_wconf 91' lang='lat' dir='ltr'><strong>aut</strong></span> <span class='ocrx_word' id='word_1_288' title='bbox 1558 2405 1878 2466; x_wconf 88' lang='lat' dir='ltr'><strong>potestatem</strong></span> 
     </span>
    </p>
   </div>
   <div class='ocr_carea' id='block_1_41' title="bbox 215 2487 1880 2570">
    <p class='ocr_par' dir='ltr' id='par_1_41' title="bbox 215 2487 1880 2570">
     <span class='ocr_line' id='line_1_41' title="bbox 215 2487 1880 2570; baseline -0.008 -16"><span class='ocrx_word' id='word_1_289' title='bbox 215 2567 220 2570; x_wconf 95' lang='lat'><em>_</em></span> <span class='ocrx_word' id='word_1_290' title='bbox 299 2497 645 2570; x_wconf 74' lang='lat' dir='ltr'><strong>disponendi,</strong></span> <span class='ocrx_word' id='word_1_291' title='bbox 686 2493 769 2548; x_wconf 90' lang='lat' dir='ltr'><strong>vel</strong></span> <span class='ocrx_word' id='word_1_292' title='bbox 795 2491 1068 2561; x_wconf 70' lang='lat' dir='ltr'><strong>iudicandi</strong></span> <span class='ocrx_word' id='word_1_293' title='bbox 1110 2488 1542 2551; x_wconf 88' lang='lat' dir='ltr'><strong>subtrahendive,</strong></span> <span class='ocrx_word' id='word_1_294' title='bbox 1579 2495 1671 2541; x_wconf 87' lang='lat' dir='ltr'><strong>aut</strong></span> <span class='ocrx_word' id='word_1_295' title='bbox 1707 2487 1880 2541; x_wconf 82' lang='lat' dir='ltr'><strong>mino-</strong></span> 
     </span>
    </p>
   </div>
   <div class='ocr_carea' id='block_1_42' title="bbox 300 2574 1875 2649">
    <p class='ocr_par' dir='ltr' id='par_1_42' title="bbox 300 2574 1875 2649">
     <span class='ocr_line' id='line_1_42' title="bbox 300 2574 1875 2649; baseline -0.008 -8"><span class='ocrx_word' id='word_1_296' title='bbox 300 2588 456 2641; x_wconf 88' lang='lat' dir='ltr'><strong>randi</strong></span> <span class='ocrx_word' id='word_1_297' title='bbox 497 2585 848 2638; x_wconf 87' lang='lat' dir='ltr'><strong>vendicamus</strong></span> <span class='ocrx_word' id='word_1_298' title='bbox 874 2621 888 2646; x_wconf 90' lang='lat'><strong>,</strong></span> <span class='ocrx_word' id='word_1_299' title='bbox 936 2580 1038 2635; x_wconf 89' lang='lat' dir='ltr'><strong>nisi</strong></span> <span class='ocrx_word' id='word_1_300' title='bbox 1101 2579 1252 2649; x_wconf 84' lang='lat'><strong>131</strong></span> <span class='ocrx_word' id='word_1_301' title='bbox 1313 2577 1526 2648; x_wconf 85' lang='lat' dir='ltr'><strong>quando</strong></span> <span class='ocrx_word' id='word_1_302' title='bbox 1567 2574 1875 2648; x_wconf 88' lang='lat' dir='ltr'><strong>[quatenus]</strong></span> 
     </span>
    </p>
   </div>
   <div class='ocr_carea' id='block_1_43' title="bbox 301 2665 1879 2742">
    <p class='ocr_par' dir='ltr' id='par_1_43' title="bbox 301 2665 1879 2742">
     <span class='ocr_line' id='line_1_43' title="bbox 301 2665 1879 2742; baseline -0.006 -14"><span class='ocrx_word' id='word_1_303' title='bbox 301 2676 369 2729; x_wconf 90' lang='lat' dir='ltr'><strong>ab</strong></span> <span class='ocrx_word' id='word_1_304' title='bbox 404 2675 498 2728; x_wconf 91' lang='lat' dir='ltr'><strong>illo</strong></span> <span class='ocrx_word' id='word_1_305' title='bbox 527 2672 714 2742; x_wconf 78' lang='lat' dir='ltr'><strong>quieo</strong></span> <span class='ocrx_word' id='word_1_306' title='bbox 749 2678 990 2740; x_wconf 84' lang='lat' dir='ltr'><strong>tempore</strong></span> <span class='ocrx_word' id='word_1_307' title='bbox 1020 2665 1178 2735; x_wconf 89' lang='lat' dir='ltr'><strong>hujus</strong></span> <span class='ocrx_word' id='word_1_308' title='bbox 1225 2675 1408 2720; x_wconf 90' lang='lat' dir='ltr'><strong>sancte</strong></span> <span class='ocrx_word' id='word_1_309' title='bbox 1453 2665 1690 2720; x_wconf 89' lang='lat' dir='ltr'><strong>Ecclesie</strong></span> <span class='ocrx_word' id='word_1_310' title='bbox 1740 2665 1879 2736; x_wconf 82' lang='lat' dir='ltr'><strong>regi-</strong></span> 
     </span>
    </p>
   </div>
   <div class='ocr_carea' id='block_1_44' title="bbox 303 2755 1879 2832">
    <p class='ocr_par' dir='ltr' id='par_1_44' title="bbox 303 2755 1879 2832">
     <span class='ocr_line' id='line_1_44' title="bbox 303 2755 1879 2832; baseline -0.007 -12"><span class='ocrx_word' id='word_1_311' title='bbox 303 2779 427 2820; x_wconf 85' lang='lat' dir='ltr'><strong>men</strong></span> <span class='ocrx_word' id='word_1_312' title='bbox 460 2763 691 2819; x_wconf 87' lang='lat' dir='ltr'><strong>tenuerit</strong></span> <span class='ocrx_word' id='word_1_313' title='bbox 718 2760 890 2832; x_wconf 85' lang='lat' dir='ltr'><strong>rogati</strong></span> <span class='ocrx_word' id='word_1_314' title='bbox 917 2758 1175 2813; x_wconf 81' lang='lat' dir='ltr'><strong>fuerimus</strong></span> <span class='ocrx_word' id='word_1_315' title='bbox 1206 2757 1255 2809; x_wconf 69' lang='lat' dir='ltr'><strong>b.</strong></span> <span class='ocrx_word' id='word_1_316' title='bbox 1285 2756 1352 2810; x_wconf 89' lang='lat' dir='ltr'><strong>Et</strong></span> <span class='ocrx_word' id='word_1_317' title='bbox 1388 2759 1433 2810; x_wconf 83' lang='lat' dir='ltr'><strong>si</strong></span> <span class='ocrx_word' id='word_1_318' title='bbox 1473 2755 1698 2826; x_wconf 87' lang='lat' dir='ltr'><strong>quilibet</strong></span> <span class='ocrx_word' id='word_1_319' title='bbox 1718 2755 1879 2811; x_wconf 91' lang='lat' dir='ltr'><strong>homo</strong></span> 
     </span>
    </p>
   </div>
   <div class='ocr_carea' id='block_1_45' title="bbox 373 2869 1880 2965">
    <p class='ocr_par' dir='ltr' id='par_1_45' title="bbox 373 2869 1880 2965">
     <span class='ocr_line' id='line_1_45' title="bbox 373 2869 1880 2965; baseline -0.006 -12"><span class='ocrx_word' id='word_1_320' title='bbox 373 2912 398 2940; x_wconf 77' lang='grc' dir='ltr'>ι</span> <span class='ocrx_word' id='word_1_321' title='bbox 429 2899 550 2953; x_wconf 80' lang='lat' dir='ltr'><strong>Non</strong></span> <span class='ocrx_word' id='word_1_322' title='bbox 577 2869 674 2951; x_wconf 88' lang='lat' dir='ltr'><strong>abs</strong></span> <span class='ocrx_word' id='word_1_323' title='bbox 695 2909 754 2950; x_wconf 91' lang='lat' dir='ltr'><strong>re</strong></span> <span class='ocrx_word' id='word_1_324' title='bbox 774 2911 876 2950; x_wconf 79' lang='lat' dir='ltr'><strong>vox</strong></span> <span class='ocrx_word' id='word_1_325' title='bbox 897 2902 1124 2965; x_wconf 79' lang='lat' dir='ltr'><strong>partum,</strong></span> <span class='ocrx_word' id='word_1_326' title='bbox 1155 2890 1441 2965; x_wconf 60' lang='lat' dir='ltr'><strong>cmtemqui</strong></span> <span class='ocrx_word' id='word_1_327' title='bbox 1491 2889 1622 2945; x_wconf 90' lang='lat' dir='ltr'><strong>satis</strong></span> <span class='ocrx_word' id='word_1_328' title='bbox 1647 2897 1804 2965; x_wconf 67' lang='lat' dir='ltr'><strong>nota,</strong></span> <span class='ocrx_word' id='word_1_329' title='bbox 1825 2898 1880 2965; x_wconf 82' lang='lat' dir='ltr'><strong>et</strong></span> 
     </span>
    </p>
   </div>
   <div class='ocr_carea' id='block_1_46' title="bbox 303 2962 1881 3030">
    <p class='ocr_par' dir='ltr' id='par_1_46' title="bbox 303 2962 1881 3030">
     <span class='ocr_line' id='line_1_46' title="bbox 303 2962 1881 3030; baseline -0.006 -7"><span class='ocrx_word' id='word_1_330' title='bbox 303 2970 355 3023; x_wconf 91' lang='lat' dir='ltr'><strong>in</strong></span> <span class='ocrx_word' id='word_1_331' title='bbox 385 2967 701 3030; x_wconf 86' lang='lat' dir='ltr'><strong>Ottoniano,</strong></span> <span class='ocrx_word' id='word_1_332' title='bbox 726 2975 780 3021; x_wconf 88' lang='lat' dir='ltr'><strong>et</strong></span> <span class='ocrx_word' id='word_1_333' title='bbox 799 2962 1122 3020; x_wconf 80' lang='lat' dir='ltr'><strong>Henriciano</strong></span> <span class='ocrx_word' id='word_1_334' title='bbox 1147 2962 1366 3030; x_wconf 90' lang='lat' dir='ltr'><strong>diplom.</strong></span> <span class='ocrx_word' id='word_1_335' title='bbox 1397 2976 1506 3014; x_wconf 89' lang='lat' dir='ltr'><strong>non</strong></span> <span class='ocrx_word' id='word_1_336' title='bbox 1533 2970 1760 3018; x_wconf 83' lang='lat' dir='ltr'><strong>mutata.</strong></span> <span class='ocrx_word' id='word_1_337' title='bbox 1792 2962 1881 3016; x_wconf 85' lang='lat' dir='ltr'><strong>hic</strong></span> 
     </span>
    </p>
   </div>
   <div class='ocr_carea' id='block_1_47' title="bbox 305 3031 1882 3107">
    <p class='ocr_par' dir='ltr' id='par_1_47' title="bbox 305 3031 1882 3107">
     <span class='ocr_line' id='line_1_47' title="bbox 305 3031 1882 3107; baseline -0.005 -15"><span class='ocrx_word' id='word_1_338' title='bbox 305 3040 498 3093; x_wconf 82' lang='lat' dir='ltr'><strong>iterum</strong></span> <span class='ocrx_word' id='word_1_339' title='bbox 535 3051 633 3107; x_wconf 92' lang='lat' dir='ltr'><strong>per</strong></span> <span class='ocrx_word' id='word_1_340' title='bbox 651 3037 912 3088; x_wconf 78' lang='lat' dir='ltr'><strong>decretum</strong></span> <span class='ocrx_word' id='word_1_341' title='bbox 935 3033 1256 3107; x_wconf 76' lang='lat' dir='ltr'><strong>exprimitur</strong></span> <span class='ocrx_word' id='word_1_342' title='bbox 1269 3049 1293 3107; x_wconf 71' lang='grc'><strong>⁸;</strong></span> <span class='ocrx_word' id='word_1_343' title='bbox 1325 3046 1449 3085; x_wconf 88' lang='lat' dir='ltr'><strong>nam</strong></span> <span class='ocrx_word' id='word_1_344' title='bbox 1471 3031 1534 3107; x_wconf 82' lang='lat' dir='ltr'><strong>de</strong></span> <span class='ocrx_word' id='word_1_345' title='bbox 1556 3032 1882 3107; x_wconf 73' lang='lat' dir='ltr'><strong>conﬁrman-</strong></span> 
     </span>
    </p>
   </div>
   <div class='ocr_carea' id='block_1_48' title="bbox 1973 1859 3550 1934">
    <p class='ocr_par' dir='ltr' id='par_1_48' title="bbox 1973 1859 3550 1934">
     <span class='ocr_line' id='line_1_48' title="bbox 1973 1859 3550 1934; baseline 0.005 -21"><span class='ocrx_word' id='word_1_346' title='bbox 1973 1876 2078 1919; x_wconf 71' lang='lat' dir='ltr'><strong>gno</strong></span> <span class='ocrx_word' id='word_1_347' title='bbox 2121 1869 2305 1916; x_wconf 87' lang='lat' dir='ltr'><strong>nostro</strong></span> <span class='ocrx_word' id='word_1_348' title='bbox 2345 1867 2436 1913; x_wconf 88' lang='lat' dir='ltr'><strong>aut</strong></span> <span class='ocrx_word' id='word_1_349' title='bbox 2480 1859 2738 1925; x_wconf 86' lang='lat' dir='ltr'><strong>Francus,</strong></span> <span class='ocrx_word' id='word_1_350' title='bbox 2769 1869 2860 1916; x_wconf 88' lang='lat' dir='ltr'><strong>aut</strong></span> <span class='ocrx_word' id='word_1_351' title='bbox 2900 1862 3307 1934; x_wconf 84' lang='lat' dir='ltr'><strong>Langobardus,</strong></span> <span class='ocrx_word' id='word_1_352' title='bbox 3355 1873 3447 1920; x_wconf 88' lang='lat' dir='ltr'><strong>aut</strong></span> <span class='ocrx_word' id='word_1_353' title='bbox 3483 1867 3550 1922; x_wconf 89' lang='lat' dir='ltr'><strong>do</strong></span> 
     </span>
    </p>
   </div>
   <div class='ocr_carea' id='block_1_49' title="bbox 1973 1952 3550 2025">
    <p class='ocr_par' dir='ltr' id='par_1_49' title="bbox 1973 1952 3550 2025">
     <span class='ocr_line' id='line_1_49' title="bbox 1973 1952 3550 2025; baseline 0.004 -20"><span class='ocrx_word' id='word_1_354' title='bbox 1973 1954 2209 2022; x_wconf 82' lang='lat' dir='ltr'><strong>qualibet</strong></span> <span class='ocrx_word' id='word_1_355' title='bbox 2230 1961 2389 2023; x_wconf 82' lang='lat' dir='ltr'><strong>gente</strong></span> <span class='ocrx_word' id='word_1_356' title='bbox 2413 1952 2575 2006; x_wconf 89' lang='lat' dir='ltr'><strong>homo</strong></span> <span class='ocrx_word' id='word_1_357' title='bbox 2600 1953 2699 2008; x_wconf 89' lang='lat' dir='ltr'><strong>sub</strong></span> <span class='ocrx_word' id='word_1_358' title='bbox 2726 1960 2911 2008; x_wconf 89' lang='lat' dir='ltr'><strong>nostra</strong></span> <span class='ocrx_word' id='word_1_359' title='bbox 2937 1963 3204 2025; x_wconf 89' lang='lat' dir='ltr'><strong>potestate</strong></span> <span class='ocrx_word' id='word_1_360' title='bbox 3225 1958 3550 2013; x_wconf 89' lang='lat' dir='ltr'><strong>constitutus</strong></span> 
     </span>
    </p>
   </div>
   <div class='ocr_carea' id='block_1_50' title="bbox 1974 2042 3550 2117">
    <p class='ocr_par' dir='ltr' id='par_1_50' title="bbox 1974 2042 3550 2117">
     <span class='ocr_line' id='line_1_50' title="bbox 1974 2042 3550 2117; baseline 0.005 -22"><span class='ocrx_word' id='word_1_361' title='bbox 1974 2042 2242 2098; x_wconf 86' lang='lat' dir='ltr'><strong>licentiam</strong></span> <span class='ocrx_word' id='word_1_362' title='bbox 2279 2044 2474 2098; x_wconf 86' lang='lat' dir='ltr'><strong>habeat</strong></span> <span class='ocrx_word' id='word_1_363' title='bbox 2517 2050 2706 2097; x_wconf 91' lang='lat' dir='ltr'><strong>contra</strong></span> <span class='ocrx_word' id='word_1_364' title='bbox 2756 2043 3028 2100; x_wconf 80' lang='lat' dir='ltr'><strong>Romanos</strong></span> <span class='ocrx_word' id='word_1_365' title='bbox 3073 2054 3167 2101; x_wconf 91' lang='lat' dir='ltr'><strong>aut</strong></span> <span class='ocrx_word' id='word_1_366' title='bbox 3205 2047 3417 2117; x_wconf 80' lang='lat' dir='ltr'><strong>publice</strong></span> <span class='ocrx_word' id='word_1_367' title='bbox 3454 2057 3550 2103; x_wconf 90' lang='lat' dir='ltr'><strong>aut</strong></span> 
     </span>
    </p>
   </div>
   <div class='ocr_carea' id='block_1_51' title="bbox 1972 2132 3547 2204">
    <p class='ocr_par' dir='ltr' id='par_1_51' title="bbox 1972 2132 3547 2204">
     <span class='ocr_line' id='line_1_51' title="bbox 1972 2132 3547 2204; baseline 0.004 -18"><span class='ocrx_word' id='word_1_368' title='bbox 1972 2133 2178 2204; x_wconf 87' lang='lat' dir='ltr'><strong>private</strong></span> <span class='ocrx_word' id='word_1_369' title='bbox 2209 2133 2474 2198; x_wconf 86' lang='lat' dir='ltr'><strong>veniendi,</strong></span> <span class='ocrx_word' id='word_1_370' title='bbox 2513 2140 2607 2186; x_wconf 88' lang='lat' dir='ltr'><strong>aut</strong></span> <span class='ocrx_word' id='word_1_371' title='bbox 2639 2132 2956 2188; x_wconf 89' lang='lat' dir='ltr'><strong>electionem</strong></span> <span class='ocrx_word' id='word_1_372' title='bbox 2990 2134 3221 2192; x_wconf 82' lang='lat' dir='ltr'><strong>faciendi</strong></span> <span class='ocrx_word' id='word_1_373' title='bbox 3241 2136 3267 2176; x_wconf 76' lang='grc' dir='ltr'><strong>ιι</strong></span> <span class='ocrx_word' id='word_1_374' title='bbox 3294 2150 3309 2190; x_wconf 92' lang='lat'><strong>:</strong></span> <span class='ocrx_word' id='word_1_375' title='bbox 3338 2137 3547 2192; x_wconf 87' lang='lat' dir='ltr'><strong>nullus-</strong></span> 
     </span>
    </p>
   </div>
   <div class='ocr_carea' id='block_1_52' title="bbox 1974 2221 3551 2290">
    <p class='ocr_par' dir='ltr' id='par_1_52' title="bbox 1974 2221 3551 2290">
     <span class='ocr_line' id='line_1_52' title="bbox 1974 2221 3551 2290; baseline 0.006 -15"><span class='ocrx_word' id='word_1_376' title='bbox 1974 2236 2077 2290; x_wconf 89' lang='lat' dir='ltr'><strong>que</strong></span> <span class='ocrx_word' id='word_1_377' title='bbox 2107 2221 2160 2276; x_wconf 90' lang='lat' dir='ltr'><strong>in</strong></span> <span class='ocrx_word' id='word_1_378' title='bbox 2197 2221 2508 2276; x_wconf 84' lang='lat' dir='ltr'><strong>civitatibus</strong></span> <span class='ocrx_word' id='word_1_379' title='bbox 2551 2221 2636 2276; x_wconf 88' lang='lat' dir='ltr'><strong>vel</strong></span> <span class='ocrx_word' id='word_1_380' title='bbox 2681 2223 2973 2278; x_wconf 89' lang='lat' dir='ltr'><strong>territoriis</strong></span> <span class='ocrx_word' id='word_1_381' title='bbox 3015 2225 3084 2280; x_wconf 88' lang='lat' dir='ltr'><strong>ad</strong></span> <span class='ocrx_word' id='word_1_382' title='bbox 3125 2225 3363 2282; x_wconf 88' lang='lat' dir='ltr'><strong>Ecclesie</strong></span> <span class='ocrx_word' id='word_1_383' title='bbox 3404 2228 3551 2284; x_wconf 85' lang='lat' dir='ltr'><strong>beati</strong></span> 
     </span>
    </p>
   </div>
   <div class='ocr_carea' id='block_1_53' title="bbox 1975 2314 3549 2390">
    <p class='ocr_par' dir='ltr' id='par_1_53' title="bbox 1975 2314 3549 2390">
     <span class='ocr_line' id='line_1_53' title="bbox 1975 2314 3549 2390; baseline 0.003 -20"><span class='ocrx_word' id='word_1_384' title='bbox 1975 2315 2119 2370; x_wconf 89' lang='lat' dir='ltr'><strong>Petri</strong></span> <span class='ocrx_word' id='word_1_385' title='bbox 2169 2314 2393 2385; x_wconf 84' lang='lat' dir='ltr'><strong>apostoli</strong></span> <span class='ocrx_word' id='word_1_386' title='bbox 2428 2323 2752 2384; x_wconf 88' lang='lat' dir='ltr'><strong>potestatem</strong></span> <span class='ocrx_word' id='word_1_387' title='bbox 2803 2317 3196 2386; x_wconf 87' lang='lat' dir='ltr'><strong>pertinentibus</strong></span> <span class='ocrx_word' id='word_1_388' title='bbox 3249 2320 3406 2390; x_wconf 73' lang='lat'><strong>132</strong></span> <span class='ocrx_word' id='word_1_389' title='bbox 3453 2319 3549 2374; x_wconf 81' lang='lat' dir='ltr'><strong>ali-</strong></span> 
     </span>
    </p>
   </div>
   <div class='ocr_carea' id='block_1_54' title="bbox 1974 2403 3543 2478">
    <p class='ocr_par' dir='ltr' id='par_1_54' title="bbox 1974 2403 3543 2478">
     <span class='ocr_line' id='line_1_54' title="bbox 1974 2403 3543 2478; baseline 0.003 -16"><span class='ocrx_word' id='word_1_390' title='bbox 1974 2408 2094 2478; x_wconf 91' lang='lat' dir='ltr'><strong>quis</strong></span> <span class='ocrx_word' id='word_1_391' title='bbox 2121 2403 2379 2478; x_wconf 86' lang='lat' dir='ltr'><strong>[aliquod]</strong></span> <span class='ocrx_word' id='word_1_392' title='bbox 2407 2406 2606 2459; x_wconf 91' lang='lat' dir='ltr'><strong>malum</strong></span> <span class='ocrx_word' id='word_1_393' title='bbox 2630 2413 2852 2476; x_wconf 90' lang='lat' dir='ltr'><strong>propter</strong></span> <span class='ocrx_word' id='word_1_394' title='bbox 2876 2407 2980 2463; x_wconf 91' lang='lat' dir='ltr'><strong>hoc</strong></span> <span class='ocrx_word' id='word_1_395' title='bbox 3005 2406 3184 2464; x_wconf 89' lang='lat' dir='ltr'><strong>facere</strong></span> <span class='ocrx_word' id='word_1_396' title='bbox 3201 2419 3475 2478; x_wconf 88' lang='lat' dir='ltr'><strong>presumat</strong></span> <span class='ocrx_word' id='word_1_397' title='bbox 3497 2421 3543 2465; x_wconf 80' lang='grc' dir='ltr'><strong>ο.</strong></span> 
     </span>
    </p>
   </div>
   <div class='ocr_carea' id='block_1_55' title="bbox 1976 2495 3546 2569">
    <p class='ocr_par' dir='ltr' id='par_1_55' title="bbox 1976 2495 3546 2569">
     <span class='ocr_line' id='line_1_55' title="bbox 1976 2495 3546 2569; baseline 0.003 -17"><span class='ocrx_word' id='word_1_398' title='bbox 1976 2497 2070 2552; x_wconf 84' lang='lat' dir='ltr'><strong>Set</strong></span> <span class='ocrx_word' id='word_1_399' title='bbox 2100 2495 2239 2569; x_wconf 83' lang='lat' dir='ltr'><strong>[sed]</strong></span> <span class='ocrx_word' id='word_1_400' title='bbox 2287 2496 2444 2551; x_wconf 89' lang='lat' dir='ltr'><strong>liceat</strong></span> <span class='ocrx_word' id='word_1_401' title='bbox 2470 2495 2729 2550; x_wconf 81' lang='lat' dir='ltr'><strong>Romanis</strong></span> <span class='ocrx_word' id='word_1_402' title='bbox 2779 2511 2901 2551; x_wconf 91' lang='lat' dir='ltr'><strong>cum</strong></span> <span class='ocrx_word' id='word_1_403' title='bbox 2936 2497 3082 2553; x_wconf 92' lang='lat' dir='ltr'><strong>omni</strong></span> <span class='ocrx_word' id='word_1_404' title='bbox 3105 2500 3451 2556; x_wconf 88' lang='lat' dir='ltr'><strong>veneratione</strong></span> <span class='ocrx_word' id='word_1_405' title='bbox 3488 2511 3546 2557; x_wconf 89' lang='lat' dir='ltr'><strong>et</strong></span> 
     </span>
    </p>
   </div>
   <div class='ocr_carea' id='block_1_56' title="bbox 1976 2588 3550 2661">
    <p class='ocr_par' dir='ltr' id='par_1_56' title="bbox 1976 2588 3550 2661">
     <span class='ocr_line' id='line_1_56' title="bbox 1976 2588 3550 2661; baseline 0.003 -16"><span class='ocrx_word' id='word_1_406' title='bbox 1976 2591 2091 2646; x_wconf 87' lang='lat' dir='ltr'><strong>sine</strong></span> <span class='ocrx_word' id='word_1_407' title='bbox 2125 2589 2306 2659; x_wconf 89' lang='lat' dir='ltr'><strong>aliqua</strong></span> <span class='ocrx_word' id='word_1_408' title='bbox 2334 2588 2739 2660; x_wconf 88' lang='lat' dir='ltr'><strong>perturbatione</strong></span> <span class='ocrx_word' id='word_1_409' title='bbox 2772 2589 3125 2645; x_wconf 85' lang='lat' dir='ltr'><strong>honoriﬁcam</strong></span> <span class='ocrx_word' id='word_1_410' title='bbox 3168 2592 3408 2661; x_wconf 92' lang='lat' dir='ltr'><strong>pontiﬁci</strong></span> <span class='ocrx_word' id='word_1_411' title='bbox 3450 2608 3550 2650; x_wconf 86' lang='lat' dir='ltr'><strong>suo</strong></span> 
     </span>
    </p>
   </div>
   <div class='ocr_carea' id='block_1_57' title="bbox 1975 2679 3553 2753">
    <p class='ocr_par' dir='ltr' id='par_1_57' title="bbox 1975 2679 3553 2753">
     <span class='ocr_line' id='line_1_57' title="bbox 1975 2679 3553 2753; baseline 0.001 -17"><span class='ocrx_word' id='word_1_412' title='bbox 1975 2681 2233 2736; x_wconf 80' lang='lat' dir='ltr'><strong>exhibere</strong></span> <span class='ocrx_word' id='word_1_413' title='bbox 2284 2681 2612 2750; x_wconf 88' lang='lat' dir='ltr'><strong>sepulturam</strong></span> <span class='ocrx_word' id='word_1_414' title='bbox 2645 2679 2689 2745; x_wconf 67' lang='grc' dir='ltr'><strong>ί,</strong></span> <span class='ocrx_word' id='word_1_415' title='bbox 2730 2689 2784 2735; x_wconf 91' lang='lat' dir='ltr'><strong>et</strong></span> <span class='ocrx_word' id='word_1_416' title='bbox 2813 2695 2935 2736; x_wconf 89' lang='lat' dir='ltr'><strong>eum</strong></span> <span class='ocrx_word' id='word_1_417' title='bbox 2979 2697 3140 2752; x_wconf 90' lang='lat' dir='ltr'><strong>quem</strong></span> <span class='ocrx_word' id='word_1_418' title='bbox 3169 2682 3347 2737; x_wconf 90' lang='lat' dir='ltr'><strong>divina</strong></span> <span class='ocrx_word' id='word_1_419' title='bbox 3382 2682 3553 2753; x_wconf 87' lang='lat' dir='ltr'><strong>inspi-</strong></span> 
     </span>
    </p>
   </div>
   <div class='ocr_carea' id='block_1_58' title="bbox 1976 2771 3549 2830">
    <p class='ocr_par' dir='ltr' id='par_1_58' title="bbox 1976 2771 3549 2830">
     <span class='ocr_line' id='line_1_58' title="bbox 1976 2771 3549 2830; baseline 0.002 -4"><span class='ocrx_word' id='word_1_420' title='bbox 1976 2773 2183 2827; x_wconf 89' lang='lat' dir='ltr'><strong>ratione</strong></span> <span class='ocrx_word' id='word_1_421' title='bbox 2213 2780 2268 2828; x_wconf 90' lang='lat' dir='ltr'><strong>et</strong></span> <span class='ocrx_word' id='word_1_422' title='bbox 2295 2773 2439 2827; x_wconf 89' lang='lat' dir='ltr'><strong>beati</strong></span> <span class='ocrx_word' id='word_1_423' title='bbox 2483 2771 2627 2827; x_wconf 88' lang='lat' dir='ltr'><strong>Petri</strong></span> <span class='ocrx_word' id='word_1_424' title='bbox 2660 2771 3044 2828; x_wconf 86' lang='lat' dir='ltr'><strong>intercessione</strong></span> <span class='ocrx_word' id='word_1_425' title='bbox 3087 2788 3274 2828; x_wconf 87' lang='lat' dir='ltr'><strong>omnes</strong></span> <span class='ocrx_word' id='word_1_426' title='bbox 3318 2772 3549 2830; x_wconf 79' lang='lat' dir='ltr'><strong>Romani</strong></span> 
     </span>
    </p>
   </div>
   <div class='ocr_carea' id='block_1_59' title="bbox 1977 2902 3551 2975">
    <p class='ocr_par' dir='ltr' id='par_1_59' title="bbox 1977 2902 3551 2975">
     <span class='ocr_line' id='line_1_59' title="bbox 1977 2902 3551 2975; baseline -0.001 -16"><span class='ocrx_word' id='word_1_427' title='bbox 1977 2904 2138 2975; x_wconf 86' lang='lat' dir='ltr'><strong>phani</strong></span> <span class='ocrx_word' id='word_1_428' title='bbox 2164 2904 2228 2960; x_wconf 87' lang='lat' dir='ltr'><strong>Ill</strong></span> <span class='ocrx_word' id='word_1_429' title='bbox 2261 2903 2672 2975; x_wconf 19' lang='lat' dir='ltr'><strong>temporeﬂditio</strong></span> <span class='ocrx_word' id='word_1_430' title='bbox 2697 2902 2972 2975; x_wconf 77' lang='lat' dir='ltr'><strong>pontiﬁcia</strong></span> <span class='ocrx_word' id='word_1_431' title='bbox 3015 2918 3128 2975; x_wconf 91' lang='lat' dir='ltr'><strong>non</strong></span> <span class='ocrx_word' id='word_1_432' title='bbox 3153 2903 3551 2975; x_wconf 81' lang='lat' dir='ltr'><strong>extendebatur</strong></span> 
     </span>
    </p>
   </div>
   <div class='ocr_carea' id='block_1_60' title="bbox 1979 2973 3550 3042">
    <p class='ocr_par' dir='ltr' id='par_1_60' title="bbox 1979 2973 3550 3042">
     <span class='ocr_line' id='line_1_60' title="bbox 1979 2973 3550 3042; baseline 0.001 -14"><span class='ocrx_word' id='word_1_433' title='bbox 1979 2973 2120 3028; x_wconf 80' lang='lat' dir='ltr'><strong>ultra</strong></span> <span class='ocrx_word' id='word_1_434' title='bbox 2149 2975 2360 3028; x_wconf 91' lang='lat' dir='ltr'><strong>Latium</strong></span> <span class='ocrx_word' id='word_1_435' title='bbox 2383 2988 2477 3028; x_wconf 90' lang='lat' dir='ltr'><strong>seu</strong></span> <span class='ocrx_word' id='word_1_436' title='bbox 2500 2974 2750 3027; x_wconf 86' lang='lat' dir='ltr'><strong>Tusciam</strong></span> <span class='ocrx_word' id='word_1_437' title='bbox 2789 2981 2845 3026; x_wconf 89' lang='lat' dir='ltr'><strong>et</strong></span> <span class='ocrx_word' id='word_1_438' title='bbox 2875 2973 3223 3042; x_wconf 88' lang='lat' dir='ltr'><strong>Campaniam</strong></span> <span class='ocrx_word' id='word_1_439' title='bbox 3249 2973 3550 3029; x_wconf 70' lang='lat' dir='ltr'><strong>Romanam</strong></span> 
     </span>
    </p>
   </div>
   <div class='ocr_carea' id='block_1_61' title="bbox 1979 3042 3554 3114">
    <p class='ocr_par' dir='ltr' id='par_1_61' title="bbox 1979 3042 3554 3114">
     <span class='ocr_line' id='line_1_61' title="bbox 1979 3042 3554 3114; baseline -0.002 -15"><span class='ocrx_word' id='word_1_440' title='bbox 1979 3045 2184 3114; x_wconf 89' lang='lat' dir='ltr'><strong>antiqui</strong></span> <span class='ocrx_word' id='word_1_441' title='bbox 2194 3043 2352 3112; x_wconf 87' lang='lat' dir='ltr'><strong>juris,</strong></span> <span class='ocrx_word' id='word_1_442' title='bbox 2371 3053 2425 3098; x_wconf 91' lang='lat' dir='ltr'><strong>et</strong></span> <span class='ocrx_word' id='word_1_443' title='bbox 2447 3045 2796 3114; x_wconf 71' lang='lat' dir='ltr'><strong>exarchatum</strong></span> <span class='ocrx_word' id='word_1_444' title='bbox 2817 3057 2909 3098; x_wconf 89' lang='lat' dir='ltr'><strong>seu</strong></span> <span class='ocrx_word' id='word_1_445' title='bbox 2931 3042 3208 3114; x_wconf 61' lang='lat' dir='ltr'><strong>IEmiliam</strong></span> <span class='ocrx_word' id='word_1_446' title='bbox 3222 3053 3276 3098; x_wconf 89' lang='lat' dir='ltr'><strong>et</strong></span> <span class='ocrx_word' id='word_1_447' title='bbox 3288 3043 3554 3114; x_wconf 80' lang='lat' dir='ltr'><strong>Pentapo-</strong></span> 
     </span>
    </p>
   </div>
   <div class='ocr_carea' id='block_1_62' title="bbox 303 3101 1880 3194">
    <p class='ocr_par' dir='ltr' id='par_1_62' title="bbox 303 3101 1875 3194">
     <span class='ocr_line' id='line_1_62' title="bbox 303 3101 1875 3194; baseline -0.005 -31"><span class='ocrx_word' id='word_1_448' title='bbox 303 3110 383 3190; x_wconf 72' lang='lat' dir='ltr'><strong>dis</strong></span> <span class='ocrx_word' id='word_1_449' title='bbox 405 3101 721 3185; x_wconf 61' lang='lat' dir='ltr'><strong>spontaneis</strong></span> <span class='ocrx_word' id='word_1_450' title='bbox 745 3119 958 3174; x_wconf 87' lang='lat' dir='ltr'><strong>quoque</strong></span> <span class='ocrx_word' id='word_1_451' title='bbox 989 3102 1364 3194; x_wconf 53' lang='lat' dir='ltr'><strong>narrationibus</strong></span> <span class='ocrx_word' id='word_1_452' title='bbox 1405 3101 1599 3194; x_wconf 73' lang='lat' dir='ltr'><strong>agitur,</strong></span> <span class='ocrx_word' id='word_1_453' title='bbox 1626 3117 1745 3171; x_wconf 82' lang='lat' dir='ltr'><strong>quae</strong></span> <span class='ocrx_word' id='word_1_454' title='bbox 1776 3102 1875 3157; x_wconf 90' lang='lat' dir='ltr'><strong>mi-</strong></span> 
     </span>
    </p>
   </div>
   <div class='ocr_carea' id='block_1_63' title="bbox 1980 3101 3552 3194">
    <p class='ocr_par' dir='ltr' id='par_1_63' title="bbox 1980 3101 3552 3194">
     <span class='ocr_line' id='line_1_63' title="bbox 1980 3101 3552 3194; baseline -0.001 -25"><span class='ocrx_word' id='word_1_455' title='bbox 1980 3116 2072 3194; x_wconf 87' lang='lat' dir='ltr'><strong>li_m</strong></span> <span class='ocrx_word' id='word_1_456' title='bbox 2098 3101 2165 3170; x_wconf 73' lang='lat' dir='ltr'><strong>ex</strong></span> <span class='ocrx_word' id='word_1_457' title='bbox 2182 3101 2467 3194; x_wconf 68' lang='lat' dir='ltr'><strong>donatione</strong></span> <span class='ocrx_word' id='word_1_458' title='bbox 2493 3112 2808 3194; x_wconf 69' lang='lat' dir='ltr'><strong>Pippiniana</strong></span> <span class='ocrx_word' id='word_1_459' title='bbox 2827 3130 2840 3165; x_wconf 88' lang='lat'><strong>:</strong></span> <span class='ocrx_word' id='word_1_460' title='bbox 2861 3101 3552 3194; x_wconf 64' lang='lat' dir='ltr'><strong>quare_Stephanusdecer-</strong></span> 
     </span>
    </p>
   </div>
   <div class='ocr_carea' id='block_1_64' title="bbox 305 3170 1450 3244">
    <p class='ocr_par' dir='ltr' id='par_1_64' title="bbox 305 3170 1450 3244">
     <span class='ocr_line' id='line_1_64' title="bbox 305 3170 1450 3244; baseline -0.01 -12"><span class='ocrx_word' id='word_1_461' title='bbox 305 3170 454 3232; x_wconf 81' lang='lat' dir='ltr'><strong>nimé</strong></span> <span class='ocrx_word' id='word_1_462' title='bbox 477 3192 546 3229; x_wconf 82' lang='lat' dir='ltr'><strong>ex</strong></span> <span class='ocrx_word' id='word_1_463' title='bbox 576 3170 1242 3244; x_wconf 43' lang='lat' dir='ltr'><strong>pactis—conventisfactie</strong></span> <span class='ocrx_word' id='word_1_464' title='bbox 1275 3179 1450 3244; x_wconf 69' lang='lat' dir='ltr'><strong>erant.</strong></span> 
     </span>
    </p>
   </div>
   <div class='ocr_carea' id='block_1_65' title="bbox 372 3238 1874 3307">
    <p class='ocr_par' dir='ltr' id='par_1_65' title="bbox 372 3238 1874 3307">
     <span class='ocr_line' id='line_1_65' title="bbox 372 3238 1874 3307; baseline -0.003 -7"><span class='ocrx_word' id='word_1_465' title='bbox 372 3249 400 3286; x_wconf 72' lang='grc' dir='ltr'><strong>ιι</strong></span> <span class='ocrx_word' id='word_1_466' title='bbox 432 3238 594 3300; x_wconf 68' lang='lat' dir='ltr'><strong>lianc</strong></span> <span class='ocrx_word' id='word_1_467' title='bbox 617 3259 730 3298; x_wconf 89' lang='lat' dir='ltr'><strong>rem</strong></span> <span class='ocrx_word' id='word_1_468' title='bbox 775 3250 1019 3298; x_wconf 84' lang='lat' dir='ltr'><strong>testatam</strong></span> <span class='ocrx_word' id='word_1_469' title='bbox 1069 3241 1307 3295; x_wconf 87' lang='lat' dir='ltr'><strong>invenies</strong></span> <span class='ocrx_word' id='word_1_470' title='bbox 1351 3240 1594 3307; x_wconf 86' lang='lat' dir='ltr'><strong>pluribus</strong></span> <span class='ocrx_word' id='word_1_471' title='bbox 1639 3238 1874 3295; x_wconf 82' lang='lat' dir='ltr'><strong>Carolini</strong></span> 
     </span>
    </p>
   </div>
   <div class='ocr_carea' id='block_1_66' title="bbox 304 3309 1878 3383">
    <p class='ocr_par' dir='ltr' id='par_1_66' title="bbox 304 3309 1878 3383">
     <span class='ocr_line' id='line_1_66' title="bbox 304 3309 1878 3383; baseline -0.004 -12"><span class='ocrx_word' id='word_1_472' title='bbox 304 3317 520 3371; x_wconf 73' lang='lat' dir='ltr'><strong>COdicis</strong></span> <span class='ocrx_word' id='word_1_473' title='bbox 548 3314 789 3383; x_wconf 85' lang='lat' dir='ltr'><strong>epistolis</strong></span> <span class='ocrx_word' id='word_1_474' title='bbox 832 3330 846 3365; x_wconf 88' lang='lat'><strong>:</strong></span> <span class='ocrx_word' id='word_1_475' title='bbox 875 3323 931 3383; x_wconf 84' lang='lat' dir='ltr'><strong>at</strong></span> <span class='ocrx_word' id='word_1_476' title='bbox 961 3312 1226 3383; x_wconf 65' lang='lat' dir='ltr'><strong>prascipue</strong></span> <span class='ocrx_word' id='word_1_477' title='bbox 1259 3309 1580 3383; x_wconf 56' lang='lat' dir='ltr'><strong>consulendi:</strong></span> <span class='ocrx_word' id='word_1_478' title='bbox 1607 3324 1878 3383; x_wconf 64' lang='lat' dir='ltr'><strong>commen-</strong></span> 
     </span>
    </p>
   </div>
   <div class='ocr_carea' id='block_1_67' title="bbox 306 3377 1876 3454">
    <p class='ocr_par' dir='ltr' id='par_1_67' title="bbox 306 3377 1876 3454">
     <span class='ocr_line' id='line_1_67' title="bbox 306 3377 1876 3454; baseline -0.004 -14"><span class='ocrx_word' id='word_1_479' title='bbox 306 3387 438 3440; x_wconf 86' lang='lat' dir='ltr'><strong>tatio</strong></span> <span class='ocrx_word' id='word_1_480' title='bbox 468 3377 670 3454; x_wconf 48' lang='lat' dir='ltr'><strong>prae-via</strong></span> <span class='ocrx_word' id='word_1_481' title='bbox 713 3384 780 3437; x_wconf 90' lang='lat' dir='ltr'><strong>ad</strong></span> <span class='ocrx_word' id='word_1_482' title='bbox 813 3377 1073 3454; x_wconf 77' lang='lat' dir='ltr'><strong>epistolas</strong></span> <span class='ocrx_word' id='word_1_483' title='bbox 1098 3379 1318 3434; x_wconf 83' lang='lat' dir='ltr'><strong>Adriani</strong></span> <span class='ocrx_word' id='word_1_484' title='bbox 1361 3379 1437 3454; x_wconf 82' lang='lat' dir='ltr'><strong>(n_.</strong></span> <span class='ocrx_word' id='word_1_485' title='bbox 1469 3379 1498 3431; x_wconf 89' lang='lat'><strong>7</strong></span> <span class='ocrx_word' id='word_1_486' title='bbox 1533 3377 1876 3454; x_wconf 87' lang='lat' dir='ltr'><strong>scqq.)._Po-</strong></span> 
     </span>
    </p>
   </div>
   <div class='ocr_carea' id='block_1_68' title="bbox 305 3449 1880 3517">
    <p class='ocr_par' dir='ltr' id='par_1_68' title="bbox 305 3449 1880 3517">
     <span class='ocr_line' id='line_1_68' title="bbox 305 3449 1880 3517; baseline -0.004 -7"><span class='ocrx_word' id='word_1_487' title='bbox 305 3449 506 3510; x_wconf 73' lang='lat' dir='ltr'><strong>strema</strong></span> <span class='ocrx_word' id='word_1_488' title='bbox 537 3455 701 3507; x_wconf 89' lang='lat' dir='ltr'><strong>verba</strong></span> <span class='ocrx_word' id='word_1_489' title='bbox 729 3454 782 3506; x_wconf 90' lang='lat' dir='ltr'><strong>in</strong></span> <span class='ocrx_word' id='word_1_490' title='bbox 810 3449 1100 3508; x_wconf 77' lang='lat' dir='ltr'><strong>Ottoniaiio</strong></span> <span class='ocrx_word' id='word_1_491' title='bbox 1130 3465 1234 3503; x_wconf 92' lang='lat' dir='ltr'><strong>non</strong></span> <span class='ocrx_word' id='word_1_492' title='bbox 1261 3449 1633 3517; x_wconf 89' lang='lat' dir='ltr'><strong>reperiuntur,</strong></span> <span class='ocrx_word' id='word_1_493' title='bbox 1665 3449 1759 3503; x_wconf 88' lang='lat' dir='ltr'><strong>sed</strong></span> <span class='ocrx_word' id='word_1_494' title='bbox 1794 3465 1880 3503; x_wconf 89' lang='lat' dir='ltr'><strong>re-</strong></span> 
     </span>
    </p>
   </div>
   <div class='ocr_carea' id='block_1_69' title="bbox 307 3517 1881 3590">
    <p class='ocr_par' dir='ltr' id='par_1_69' title="bbox 307 3517 1881 3590">
     <span class='ocr_line' id='line_1_69' title="bbox 307 3517 1881 3590; baseline -0.003 -12"><span class='ocrx_word' id='word_1_495' title='bbox 307 3541 426 3578; x_wconf 91' lang='lat' dir='ltr'><strong>rum</strong></span> <span class='ocrx_word' id='word_1_496' title='bbox 459 3533 516 3578; x_wconf 91' lang='lat' dir='ltr'><strong>et</strong></span> <span class='ocrx_word' id='word_1_497' title='bbox 560 3530 860 3590; x_wconf 87' lang='lat' dir='ltr'><strong>temporum</strong></span> <span class='ocrx_word' id='word_1_498' title='bbox 891 3520 1116 3575; x_wconf 89' lang='lat' dir='ltr'><strong>mutatio</strong></span> <span class='ocrx_word' id='word_1_499' title='bbox 1145 3519 1342 3590; x_wconf 81' lang='lat' dir='ltr'><strong>ingens</strong></span> <span class='ocrx_word' id='word_1_500' title='bbox 1383 3517 1522 3572; x_wconf 89' lang='lat' dir='ltr'><strong>facta</strong></span> <span class='ocrx_word' id='word_1_501' title='bbox 1563 3527 1710 3590; x_wconf 54' lang='lat' dir='ltr'><strong>erat.</strong></span> <span class='ocrx_word' id='word_1_502' title='bbox 1737 3519 1881 3573; x_wconf 73' lang='lat' dir='ltr'><strong>Prte-</strong></span> 
     </span>
    </p>
   </div>
   <div class='ocr_carea' id='block_1_70' title="bbox 309 3587 1881 3658">
    <p class='ocr_par' dir='ltr' id='par_1_70' title="bbox 309 3587 1881 3658">
     <span class='ocr_line' id='line_1_70' title="bbox 309 3587 1881 3658; baseline -0.002 -11"><span class='ocrx_word' id='word_1_503' title='bbox 309 3604 457 3647; x_wconf 90' lang='lat' dir='ltr'><strong>terea</strong></span> <span class='ocrx_word' id='word_1_504' title='bbox 488 3593 546 3645; x_wconf 91' lang='lat' dir='ltr'><strong>in</strong></span> <span class='ocrx_word' id='word_1_505' title='bbox 584 3587 906 3658; x_wconf 75' lang='lat' dir='ltr'><strong>juramento,</strong></span> <span class='ocrx_word' id='word_1_506' title='bbox 939 3591 1084 3657; x_wconf 86' lang='lat' dir='ltr'><strong>quod</strong></span> <span class='ocrx_word' id='word_1_507' title='bbox 1131 3587 1246 3643; x_wconf 85' lang='lat' dir='ltr'><strong>ﬁeri</strong></span> <span class='ocrx_word' id='word_1_508' title='bbox 1298 3596 1534 3656; x_wconf 70' lang='lat' dir='ltr'><strong>emptum</strong></span> <span class='ocrx_word' id='word_1_509' title='bbox 1585 3589 1652 3643; x_wconf 92' lang='lat' dir='ltr'><strong>ab</strong></span> <span class='ocrx_word' id='word_1_510' title='bbox 1687 3588 1881 3644; x_wconf 90' lang='lat' dir='ltr'><strong>Ottone</strong></span> 
     </span>
    </p>
   </div>
   <div class='ocr_carea' id='block_1_71' title="bbox 307 3659 1882 3718">
    <p class='ocr_par' dir='ltr' id='par_1_71' title="bbox 307 3659 1882 3718">
     <span class='ocr_line' id='line_1_71' title="bbox 307 3659 1882 3718; baseline -0.004 0"><span class='ocrx_word' id='word_1_511' title='bbox 307 3675 656 3718; x_wconf 81' lang='lat' dir='ltr'><strong>successores</strong></span> <span class='ocrx_word' id='word_1_512' title='bbox 674 3675 861 3714; x_wconf 88' lang='lat' dir='ltr'><strong>omnes</strong></span> <span class='ocrx_word' id='word_1_513' title='bbox 873 3663 1120 3714; x_wconf 84' lang='lat' dir='ltr'><strong>emittere</strong></span> <span class='ocrx_word' id='word_1_514' title='bbox 1145 3663 1556 3717; x_wconf 85' lang='lat' dir='ltr'><strong>consueverunt,</strong></span> <span class='ocrx_word' id='word_1_515' title='bbox 1578 3659 1746 3712; x_wconf 90' lang='lat' dir='ltr'><strong>multo</strong></span> <span class='ocrx_word' id='word_1_516' title='bbox 1767 3673 1882 3711; x_wconf 91' lang='lat' dir='ltr'><strong>am-</strong></span> 
     </span>
    </p>
   </div>
   <div class='ocr_carea' id='block_1_72' title="bbox 309 3725 1884 3802">
    <p class='ocr_par' dir='ltr' id='par_1_72' title="bbox 309 3725 1884 3802">
     <span class='ocr_line' id='line_1_72' title="bbox 309 3725 1884 3802; baseline -0.002 -18"><span class='ocrx_word' id='word_1_517' title='bbox 309 3733 478 3802; x_wconf 85' lang='lat' dir='ltr'><strong>pliora</strong></span> <span class='ocrx_word' id='word_1_518' title='bbox 519 3739 575 3784; x_wconf 89' lang='lat' dir='ltr'><strong>et</strong></span> <span class='ocrx_word' id='word_1_519' title='bbox 605 3729 931 3802; x_wconf 66' lang='lat' dir='ltr'><strong>dilucidiora</strong></span> <span class='ocrx_word' id='word_1_520' title='bbox 964 3729 1236 3802; x_wconf 86' lang='lat' dir='ltr'><strong>leguntur,</strong></span> <span class='ocrx_word' id='word_1_521' title='bbox 1270 3742 1390 3794; x_wconf 78' lang='lat' dir='ltr'><strong>quae</strong></span> <span class='ocrx_word' id='word_1_522' title='bbox 1415 3727 1484 3780; x_wconf 92' lang='lat' dir='ltr'><strong>ad</strong></span> <span class='ocrx_word' id='word_1_523' title='bbox 1521 3725 1760 3802; x_wconf 79' lang='lat' dir='ltr'><strong>Francos</strong></span> <span class='ocrx_word' id='word_1_524' title='bbox 1791 3729 1884 3802; x_wconf 77' lang='lat' dir='ltr'><strong>mi-</strong></span> 
     </span>
    </p>
   </div>
   <div class='ocr_carea' id='block_1_73' title="bbox 309 3797 1884 3867">
    <p class='ocr_par' dir='ltr' id='par_1_73' title="bbox 309 3797 1884 3867">
     <span class='ocr_line' id='line_1_73' title="bbox 309 3797 1884 3867; baseline -0.004 -13"><span class='ocrx_word' id='word_1_525' title='bbox 309 3797 453 3854; x_wconf 85' lang='lat' dir='ltr'><strong>nime</strong></span> <span class='ocrx_word' id='word_1_526' title='bbox 485 3798 845 3867; x_wconf 86' lang='lat' dir='ltr'><strong>pertinebant.</strong></span> <span class='ocrx_word' id='word_1_527' title='bbox 878 3797 936 3851; x_wconf 89' lang='lat' dir='ltr'><strong>ld</strong></span> <span class='ocrx_word' id='word_1_528' title='bbox 957 3797 1221 3866; x_wconf 64' lang='lat' dir='ltr'><strong>priecipue</strong></span> <span class='ocrx_word' id='word_1_529' title='bbox 1248 3810 1560 3867; x_wconf 84' lang='lat' dir='ltr'><strong>expressum</strong></span> <span class='ocrx_word' id='word_1_530' title='bbox 1588 3797 1768 3867; x_wconf 89' lang='lat' dir='ltr'><strong>videas</strong></span> <span class='ocrx_word' id='word_1_531' title='bbox 1792 3797 1884 3850; x_wconf 89' lang='lat' dir='ltr'><strong>ad-</strong></span> 
     </span>
    </p>
   </div>
   <div class='ocr_carea' id='block_1_74' title="bbox 309 3863 1882 3936">
    <p class='ocr_par' dir='ltr' id='par_1_74' title="bbox 309 3863 1882 3936">
     <span class='ocr_line' id='line_1_74' title="bbox 309 3863 1882 3936; baseline -0.003 -14"><span class='ocrx_word' id='word_1_532' title='bbox 309 3863 501 3924; x_wconf 75' lang='lat' dir='ltr'><strong>versus</strong></span> <span class='ocrx_word' id='word_1_533' title='bbox 525 3885 620 3922; x_wconf 89' lang='lat' dir='ltr'><strong>eos</strong></span> <span class='ocrx_word' id='word_1_534' title='bbox 649 3869 740 3936; x_wconf 91' lang='lat' dir='ltr'><strong>qui</strong></span> <span class='ocrx_word' id='word_1_535' title='bbox 775 3863 994 3921; x_wconf 80' lang='lat' dir='ltr'><strong>Romam</strong></span> <span class='ocrx_word' id='word_1_536' title='bbox 1021 3863 1188 3936; x_wconf 82' lang='lat' dir='ltr'><strong>ipsam</strong></span> <span class='ocrx_word' id='word_1_537' title='bbox 1211 3863 1472 3936; x_wconf 88' lang='lat' dir='ltr'><strong>subjicere</strong></span> <span class='ocrx_word' id='word_1_538' title='bbox 1502 3863 1754 3936; x_wconf 77' lang='lat' dir='ltr'><strong>Augustis</strong></span> <span class='ocrx_word' id='word_1_539' title='bbox 1777 3881 1882 3919; x_wconf 91' lang='lat' dir='ltr'><strong>non</strong></span> 
     </span>
    </p>
   </div>
   <div class='ocr_carea' id='block_1_75' title="bbox 311 3935 1884 4001">
    <p class='ocr_par' dir='ltr' id='par_1_75' title="bbox 311 3935 1884 4001">
     <span class='ocr_line' id='line_1_75' title="bbox 311 3935 1884 4001; baseline -0.003 -10"><span class='ocrx_word' id='word_1_540' title='bbox 311 3947 606 3992; x_wconf 88' lang='lat' dir='ltr'><strong>verentur:</strong></span> <span class='ocrx_word' id='word_1_541' title='bbox 643 3935 751 3990; x_wconf 64' lang='lat' dir='ltr'><strong>(In</strong></span> <span class='ocrx_word' id='word_1_542' title='bbox 798 3936 1038 3989; x_wconf 80' lang='lat' dir='ltr'><strong>Romana</strong></span> <span class='ocrx_word' id='word_1_543' title='bbox 1087 3935 1218 3987; x_wconf 89' lang='lat' dir='ltr'><strong>urbe</strong></span> <span class='ocrx_word' id='word_1_544' title='bbox 1251 3935 1452 3987; x_wconf 91' lang='lat' dir='ltr'><strong>nullum</strong></span> <span class='ocrx_word' id='word_1_545' title='bbox 1498 3935 1752 4001; x_wconf 82' lang='lat' dir='ltr'><strong>placitum</strong></span> <span class='ocrx_word' id='word_1_546' title='bbox 1792 3943 1884 3988; x_wconf 90' lang='lat' dir='ltr'><strong>aut</strong></span> 
     </span>
    </p>
   </div>
   <div class='ocr_carea' id='block_1_76' title="bbox 309 4003 1884 4076">
    <p class='ocr_par' dir='ltr' id='par_1_76' title="bbox 309 4003 1884 4076">
     <span class='ocr_line' id='line_1_76' title="bbox 309 4003 1884 4076; baseline -0.003 -14"><span class='ocrx_word' id='word_1_547' title='bbox 309 4008 704 4062; x_wconf 84' lang='lat' dir='ltr'><strong>ordinationem</strong></span> <span class='ocrx_word' id='word_1_548' title='bbox 739 4005 933 4059; x_wconf 83' lang='lat' dir='ltr'><strong>faciam</strong></span> <span class='ocrx_word' id='word_1_549' title='bbox 962 4006 1027 4058; x_wconf 90' lang='lat' dir='ltr'><strong>de</strong></span> <span class='ocrx_word' id='word_1_550' title='bbox 1048 4004 1314 4064; x_wconf 87' lang='lat' dir='ltr'><strong>onmibus,</strong></span> <span class='ocrx_word' id='word_1_551' title='bbox 1353 4017 1472 4076; x_wconf 68' lang='lat' dir='ltr'><strong>qum</strong></span> <span class='ocrx_word' id='word_1_552' title='bbox 1503 4003 1570 4056; x_wconf 92' lang='lat' dir='ltr'><strong>ad</strong></span> <span class='ocrx_word' id='word_1_553' title='bbox 1598 4011 1672 4076; x_wconf 76' lang='lat' dir='ltr'><strong>te,</strong></span> <span class='ocrx_word' id='word_1_554' title='bbox 1700 4006 1884 4076; x_wconf 88' lang='lat' dir='ltr'><strong>autad</strong></span> 
     </span>
    </p>
   </div>
   <div class='ocr_carea' id='block_1_77' title="bbox 311 4073 1881 4144">
    <p class='ocr_par' dir='ltr' id='par_1_77' title="bbox 311 4073 1881 4144">
     <span class='ocr_line' id='line_1_77' title="bbox 311 4073 1881 4144; baseline -0.002 -13"><span class='ocrx_word' id='word_1_555' title='bbox 311 4079 590 4132; x_wconf 73' lang='lat' dir='ltr'><strong>Romanos</strong></span> <span class='ocrx_word' id='word_1_556' title='bbox 619 4076 907 4144; x_wconf 87' lang='lat' dir='ltr'><strong>pertinent,</strong></span> <span class='ocrx_word' id='word_1_557' title='bbox 961 4076 1078 4127; x_wconf 89' lang='lat' dir='ltr'><strong>sine</strong></span> <span class='ocrx_word' id='word_1_558' title='bbox 1122 4081 1212 4126; x_wconf 90' lang='lat' dir='ltr'><strong>tuo</strong></span> <span class='ocrx_word' id='word_1_559' title='bbox 1259 4073 1503 4126; x_wconf 88' lang='lat' dir='ltr'><strong>consilio.</strong></span> <span class='ocrx_word' id='word_1_560' title='bbox 1537 4093 1554 4124; x_wconf 74' lang='grc' dir='ltr'><strong><em>ι</em></strong></span> <span class='ocrx_word' id='word_1_561' title='bbox 1584 4073 1742 4142; x_wconf 81' lang='lat' dir='ltr'><strong>(Dist.</strong></span> <span class='ocrx_word' id='word_1_562' title='bbox 1775 4075 1844 4128; x_wconf 77' lang='grc'><strong>65</strong></span> <span class='ocrx_word' id='word_1_563' title='bbox 1865 4114 1881 4138; x_wconf 89' lang='grc'><strong><em>,</em></strong></span> 
     </span>
    </p>
   </div>
   <div class='ocr_carea' id='block_1_78' title="bbox 312 4148 476 4202">
    <p class='ocr_par' dir='ltr' id='par_1_78' title="bbox 312 4148 476 4202">
     <span class='ocr_line' id='line_1_78' title="bbox 312 4148 476 4202; baseline -0.024 -1"><span class='ocrx_word' id='word_1_564' title='bbox 312 4164 360 4201; x_wconf 90' lang='lat' dir='ltr'><strong>c.</strong></span> <span class='ocrx_word' id='word_1_565' title='bbox 385 4148 476 4202; x_wconf 76' lang='grc'><strong>55.</strong></span> 
     </span>
    </p>
   </div>
   <div class='ocr_carea' id='block_1_79' title="bbox 386 4146 1881 4282">
    <p class='ocr_par' dir='ltr' id='par_1_79' title="bbox 386 4146 1881 4282">
     <span class='ocr_line' id='line_1_79' title="bbox 386 4146 1881 4282; baseline -0.003 -13"><span class='ocrx_word' id='word_1_566' title='bbox 386 4146 582 4276; x_wconf 40' lang='lat' dir='ltr'><strong>caligae,</strong></span> <span class='ocrx_word' id='word_1_567' title='bbox 610 4227 728 4281; x_wconf 64' lang='lat' dir='ltr'><strong>qua:</strong></span> <span class='ocrx_word' id='word_1_568' title='bbox 765 4211 890 4282; x_wconf 88' lang='lat' dir='ltr'><strong>jure</strong></span> <span class='ocrx_word' id='word_1_569' title='bbox 936 4212 1162 4265; x_wconf 86' lang='lat' dir='ltr'><strong>silentur</strong></span> <span class='ocrx_word' id='word_1_570' title='bbox 1189 4212 1257 4265; x_wconf 90' lang='lat' dir='ltr'><strong>ab</strong></span> <span class='ocrx_word' id='word_1_571' title='bbox 1297 4210 1491 4282; x_wconf 90' lang='lat' dir='ltr'><strong>Ottone</strong></span> <span class='ocrx_word' id='word_1_572' title='bbox 1523 4219 1591 4282; x_wconf 7' lang='lat' dir='ltr'><strong>[et</strong></span> <span class='ocrx_word' id='word_1_573' title='bbox 1631 4209 1881 4277; x_wconf 85' lang='lat' dir='ltr'><strong>Henrico,</strong></span> 
     </span>
    </p>
   </div>
   <div class='ocr_carea' id='block_1_80' title="bbox 315 4279 1887 4354">
    <p class='ocr_par' dir='ltr' id='par_1_80' title="bbox 315 4279 1887 4354">
     <span class='ocr_line' id='line_1_80' title="bbox 315 4279 1887 4354; baseline -0.001 -16"><span class='ocrx_word' id='word_1_574' title='bbox 315 4286 380 4338; x_wconf 88' lang='lat' dir='ltr'><strong>ad</strong></span> <span class='ocrx_word' id='word_1_575' title='bbox 407 4299 546 4354; x_wconf 88' lang='lat' dir='ltr'><strong>quos</strong></span> <span class='ocrx_word' id='word_1_576' title='bbox 572 4279 874 4354; x_wconf 75' lang='lat' dir='ltr'><strong>nullatenus</strong></span> <span class='ocrx_word' id='word_1_577' title='bbox 897 4283 1199 4354; x_wconf 75' lang='lat' dir='ltr'><strong>pertinebat</strong></span> <span class='ocrx_word' id='word_1_578' title='bbox 1222 4279 1607 4354; x_wconf 73' lang='lat' dir='ltr'><strong>reciprocailla</strong></span> <span class='ocrx_word' id='word_1_579' title='bbox 1637 4284 1887 4354; x_wconf 79' lang='lat' dir='ltr'><strong>sacerdo-</strong></span> 
     </span>
    </p>
   </div>
   <div class='ocr_carea' id='block_1_81' title="bbox 317 4350 1883 4422">
    <p class='ocr_par' dir='ltr' id='par_1_81' title="bbox 317 4350 1883 4422">
     <span class='ocr_line' id='line_1_81' title="bbox 317 4350 1883 4422; baseline -0.001 -14"><span class='ocrx_word' id='word_1_580' title='bbox 317 4355 374 4408; x_wconf 88' lang='lat' dir='ltr'><strong>tii</strong></span> <span class='ocrx_word' id='word_1_581' title='bbox 403 4350 458 4408; x_wconf 60' lang='lat' dir='ltr'><strong>c&#39;t</strong></span> <span class='ocrx_word' id='word_1_582' title='bbox 487 4351 638 4422; x_wconf 89' lang='lat' dir='ltr'><strong>regni</strong></span> <span class='ocrx_word' id='word_1_583' title='bbox 666 4352 1020 4422; x_wconf 78' lang='lat' dir='ltr'><strong>observantia,</strong></span> <span class='ocrx_word' id='word_1_584' title='bbox 1042 4351 1313 4404; x_wconf 91' lang='lat' dir='ltr'><strong>societatis</strong></span> <span class='ocrx_word' id='word_1_585' title='bbox 1331 4359 1384 4422; x_wconf 79' lang='lat' dir='ltr'><strong>et</strong></span> <span class='ocrx_word' id='word_1_586' title='bbox 1410 4350 1660 4422; x_wconf 68' lang='lat' dir='ltr'><strong>amicitia:</strong></span> <span class='ocrx_word' id='word_1_587' title='bbox 1683 4351 1883 4422; x_wconf 59' lang='lat' dir='ltr'><strong>findere</strong></span> 
     </span>
    </p>
   </div>
   <div class='ocr_carea' id='block_1_82' title="bbox 317 4419 1884 4491">
    <p class='ocr_par' dir='ltr' id='par_1_82' title="bbox 317 4419 1884 4491">
     <span class='ocr_line' id='line_1_82' title="bbox 317 4419 1884 4491; baseline -0.002 -13"><span class='ocrx_word' id='word_1_588' title='bbox 317 4439 432 4478; x_wconf 84' lang='lat' dir='ltr'><strong>eam</strong></span> <span class='ocrx_word' id='word_1_589' title='bbox 459 4419 734 4491; x_wconf 71' lang='lat' dir='ltr'><strong>exigente;</strong></span> <span class='ocrx_word' id='word_1_590' title='bbox 777 4421 1060 4491; x_wconf 87' lang='lat' dir='ltr'><strong>ediscenda</strong></span> <span class='ocrx_word' id='word_1_591' title='bbox 1091 4428 1214 4473; x_wconf 90' lang='lat' dir='ltr'><strong>sunt</strong></span> <span class='ocrx_word' id='word_1_592' title='bbox 1237 4419 1737 4491; x_wconf 67' lang='lat' dir='ltr'><strong>ex_C_odicis_Carol.</strong></span> <span class='ocrx_word' id='word_1_593' title='bbox 1772 4422 1884 4490; x_wconf 89' lang='lat' dir='ltr'><strong>epi-</strong></span> 
     </span>
    </p>
   </div>
   <div class='ocr_carea' id='block_1_83' title="bbox 319 4487 1887 4560">
    <p class='ocr_par' dir='ltr' id='par_1_83' title="bbox 319 4487 1887 4560">
     <span class='ocr_line' id='line_1_83' title="bbox 319 4487 1887 4560; baseline -0.001 -13"><span class='ocrx_word' id='word_1_594' title='bbox 319 4493 487 4555; x_wconf 82' lang='lat' dir='ltr'><strong>stolis,</strong></span> <span class='ocrx_word' id='word_1_595' title='bbox 509 4487 810 4560; x_wconf 62' lang='lat' dir='ltr'><strong>praesertim</strong></span> <span class='ocrx_word' id='word_1_596' title='bbox 835 4507 956 4559; x_wconf 83' lang='lat' dir='ltr'><strong>epp.</strong></span> <span class='ocrx_word' id='word_1_597' title='bbox 981 4489 1064 4551; x_wconf 84' lang='lat'><strong>&#39;16,</strong></span> <span class='ocrx_word' id='word_1_598' title='bbox 1093 4491 1181 4553; x_wconf 79' lang='lat'><strong>97,</strong></span> <span class='ocrx_word' id='word_1_599' title='bbox 1206 4489 1275 4541; x_wconf 90' lang='lat' dir='ltr'><strong>al.</strong></span> <span class='ocrx_word' id='word_1_600' title='bbox 1307 4487 1393 4552; x_wconf 77' lang='lat'><strong>75,</strong></span> <span class='ocrx_word' id='word_1_601' title='bbox 1418 4487 1505 4542; x_wconf 80' lang='lat'><strong>85.</strong></span> <span class='ocrx_word' id='word_1_602' title='bbox 1533 4488 1660 4542; x_wconf 80' lang='lat' dir='ltr'><strong>Inde</strong></span> <span class='ocrx_word' id='word_1_603' title='bbox 1682 4487 1887 4557; x_wconf 80' lang='lat' dir='ltr'><strong>pateblt</strong></span> 
     </span>
    </p>
   </div>
   <div class='ocr_carea' id='block_1_84' title="bbox 319 4560 1889 4629">
    <p class='ocr_par' dir='ltr' id='par_1_84' title="bbox 319 4560 1889 4629">
     <span class='ocr_line' id='line_1_84' title="bbox 319 4560 1889 4629; baseline 0 -14"><span class='ocrx_word' id='word_1_604' title='bbox 319 4563 479 4616; x_wconf 88' lang='lat' dir='ltr'><strong>nimia</strong></span> <span class='ocrx_word' id='word_1_605' title='bbox 510 4561 740 4614; x_wconf 82' lang='lat' dir='ltr'><strong>facilitas</strong></span> <span class='ocrx_word' id='word_1_606' title='bbox 767 4560 1053 4613; x_wconf 87' lang='lat' dir='ltr'><strong>damnandi</strong></span> <span class='ocrx_word' id='word_1_607' title='bbox 1081 4569 1423 4614; x_wconf 86' lang='lat' dir='ltr'><strong>monumenta</strong></span> <span class='ocrx_word' id='word_1_608' title='bbox 1453 4566 1662 4623; x_wconf 86' lang='lat' dir='ltr'><strong>vetera,</strong></span> <span class='ocrx_word' id='word_1_609' title='bbox 1694 4560 1739 4613; x_wconf 92' lang='lat' dir='ltr'><strong>si</strong></span> <span class='ocrx_word' id='word_1_610' title='bbox 1777 4562 1889 4629; x_wconf 83' lang='lat' dir='ltr'><strong>opi-</strong></span> 
     </span>
    </p>
   </div>
   <div class='ocr_carea' id='block_1_85' title="bbox 321 4631 1123 4700">
    <p class='ocr_par' dir='ltr' id='par_1_85' title="bbox 321 4631 1123 4700">
     <span class='ocr_line' id='line_1_85' title="bbox 321 4631 1123 4700; baseline -0.007 -13"><span class='ocrx_word' id='word_1_611' title='bbox 321 4633 462 4686; x_wconf 90' lang='lat' dir='ltr'><strong>nioni</strong></span> <span class='ocrx_word' id='word_1_612' title='bbox 493 4631 726 4700; x_wconf 72' lang='lat' dir='ltr'><strong>propriae</strong></span> <span class='ocrx_word' id='word_1_613' title='bbox 750 4631 1123 4700; x_wconf 82' lang='lat' dir='ltr'><strong>adversentur.</strong></span> 
     </span>
    </p>
   </div>
   <div class='ocr_carea' id='block_1_86' title="bbox 387 4697 1888 4768">
    <p class='ocr_par' dir='ltr' id='par_1_86' title="bbox 387 4697 1888 4768">
     <span class='ocr_line' id='line_1_86' title="bbox 387 4697 1888 4768; baseline 0.001 -14"><span class='ocrx_word' id='word_1_614' title='bbox 387 4700 411 4739; x_wconf 74' lang='grc' dir='ltr'><strong><em>ἀ</em></strong></span> <span class='ocrx_word' id='word_1_615' title='bbox 442 4697 748 4768; x_wconf 69' lang='lat' dir='ltr'><strong>Stephanus</strong></span> <span class='ocrx_word' id='word_1_616' title='bbox 772 4699 837 4753; x_wconf 89' lang='lat' dir='ltr'><strong>lll</strong></span> <span class='ocrx_word' id='word_1_617' title='bbox 879 4699 931 4752; x_wconf 90' lang='lat' dir='ltr'><strong>in</strong></span> <span class='ocrx_word' id='word_1_618' title='bbox 961 4698 1187 4753; x_wconf 88' lang='lat' dir='ltr'><strong>concilio</strong></span> <span class='ocrx_word' id='word_1_619' title='bbox 1232 4697 1481 4752; x_wconf 89' lang='lat' dir='ltr'><strong>Lateran.</strong></span> <span class='ocrx_word' id='word_1_620' title='bbox 1525 4712 1668 4753; x_wconf 91' lang='lat' dir='ltr'><strong>anno</strong></span> <span class='ocrx_word' id='word_1_621' title='bbox 1691 4699 1793 4755; x_wconf 84' lang='lat'><strong>769</strong></span> <span class='ocrx_word' id='word_1_622' title='bbox 1821 4700 1888 4755; x_wconf 90' lang='lat' dir='ltr'><strong>de</strong></span> 
     </span>
    </p>
   </div>
   <div class='ocr_carea' id='block_1_87' title="bbox 321 4768 1886 4837">
    <p class='ocr_par' dir='ltr' id='par_1_87' title="bbox 321 4768 1886 4837">
     <span class='ocr_line' id='line_1_87' title="bbox 321 4768 1886 4837; baseline 0 -13"><span class='ocrx_word' id='word_1_623' title='bbox 321 4770 578 4824; x_wconf 80' lang='lat' dir='ltr'><strong>electione</strong></span> <span class='ocrx_word' id='word_1_624' title='bbox 598 4768 754 4822; x_wconf 75' lang='lat' dir='ltr'><strong>Rom.</strong></span> <span class='ocrx_word' id='word_1_625' title='bbox 778 4777 927 4837; x_wconf 86' lang='lat' dir='ltr'><strong>pont.</strong></span> <span class='ocrx_word' id='word_1_626' title='bbox 955 4768 1028 4822; x_wconf 84' lang='lat' dir='ltr'><strong>ita</strong></span> <span class='ocrx_word' id='word_1_627' title='bbox 1049 4768 1285 4823; x_wconf 87' lang='lat' dir='ltr'><strong>decrevit</strong></span> <span class='ocrx_word' id='word_1_628' title='bbox 1308 4785 1320 4819; x_wconf 90' lang='lat'>:</span> <span class='ocrx_word' id='word_1_629' title='bbox 1355 4785 1374 4818; x_wconf 82' lang='grc'><em>‹</em></span> <span class='ocrx_word' id='word_1_630' title='bbox 1401 4768 1475 4822; x_wconf 92' lang='lat' dir='ltr'><strong>De</strong></span> <span class='ocrx_word' id='word_1_631' title='bbox 1497 4770 1689 4824; x_wconf 84' lang='lat' dir='ltr'><strong>castris</strong></span> <span class='ocrx_word' id='word_1_632' title='bbox 1709 4778 1886 4824; x_wconf 88' lang='lat' dir='ltr'><strong>autem</strong></span> 
     </span>
    </p>
   </div>
   <div class='ocr_carea' id='block_1_88' title="bbox 324 4837 1889 4908">
    <p class='ocr_par' dir='ltr' id='par_1_88' title="bbox 324 4837 1889 4908">
     <span class='ocr_line' id='line_1_88' title="bbox 324 4837 1889 4908; baseline 0 -16"><span class='ocrx_word' id='word_1_633' title='bbox 324 4839 530 4894; x_wconf 68' lang='lat' dir='ltr'><strong>Tusciae</strong></span> <span class='ocrx_word' id='word_1_634' title='bbox 556 4841 636 4892; x_wconf 90' lang='lat' dir='ltr'><strong>vel</strong></span> <span class='ocrx_word' id='word_1_635' title='bbox 662 4838 985 4908; x_wconf 76' lang='lat' dir='ltr'><strong>Campaniae,</strong></span> <span class='ocrx_word' id='word_1_636' title='bbox 1011 4837 1092 4892; x_wconf 91' lang='lat' dir='ltr'><strong>vel</strong></span> <span class='ocrx_word' id='word_1_637' title='bbox 1117 4837 1181 4892; x_wconf 92' lang='lat' dir='ltr'><strong>de</strong></span> <span class='ocrx_word' id='word_1_638' title='bbox 1202 4838 1322 4891; x_wconf 90' lang='lat' dir='ltr'><strong>aliis</strong></span> <span class='ocrx_word' id='word_1_639' title='bbox 1339 4837 1474 4908; x_wconf 90' lang='lat' dir='ltr'><strong>locis</strong></span> <span class='ocrx_word' id='word_1_640' title='bbox 1497 4837 1676 4894; x_wconf 92' lang='lat' dir='ltr'><strong>nullus</strong></span> <span class='ocrx_word' id='word_1_641' title='bbox 1697 4840 1889 4894; x_wconf 86' lang='lat' dir='ltr'><strong>audeat</strong></span> 
     </span>
    </p>
   </div>
   <div class='ocr_carea' id='block_1_89' title="bbox 327 4907 1890 4978">
    <p class='ocr_par' dir='ltr' id='par_1_89' title="bbox 327 4907 1890 4978">
     <span class='ocr_line' id='line_1_89' title="bbox 327 4907 1890 4978; baseline -0.001 -15"><span class='ocrx_word' id='word_1_642' title='bbox 327 4909 548 4963; x_wconf 72' lang='lat' dir='ltr'><strong>Romam</strong></span> <span class='ocrx_word' id='word_1_643' title='bbox 586 4907 813 4978; x_wconf 71' lang='lat' dir='ltr'><strong>ingredi,</strong></span> <span class='ocrx_word' id='word_1_644' title='bbox 860 4923 960 4962; x_wconf 91' lang='lat' dir='ltr'><strong>nec</strong></span> <span class='ocrx_word' id='word_1_645' title='bbox 999 4924 1028 4960; x_wconf 92' lang='lat' dir='ltr'><strong>a</strong></span> <span class='ocrx_word' id='word_1_646' title='bbox 1054 4907 1656 4978; x_wconf 13' lang='lat' dir='ltr'><strong>quopiamiinvitentur,</strong></span> <span class='ocrx_word' id='word_1_647' title='bbox 1682 4917 1774 4962; x_wconf 93' lang='lat' dir='ltr'><strong>aut</strong></span> <span class='ocrx_word' id='word_1_648' title='bbox 1809 4909 1890 4962; x_wconf 90' lang='lat' dir='ltr'><strong>in-</strong></span> 
     </span>
    </p>
   </div>
   <div class='ocr_carea' id='block_1_90' title="bbox 327 4976 1888 5048">
    <p class='ocr_par' dir='ltr' id='par_1_90' title="bbox 327 4976 1888 5048">
     <span class='ocr_line' id='line_1_90' title="bbox 327 4976 1888 5048; baseline 0.001 -18"><span class='ocrx_word' id='word_1_649' title='bbox 327 4989 406 5032; x_wconf 89' lang='lat' dir='ltr'><strong>tra</strong></span> <span class='ocrx_word' id='word_1_650' title='bbox 444 4976 720 5032; x_wconf 82' lang='lat' dir='ltr'><strong>civitatem</strong></span> <span class='ocrx_word' id='word_1_651' title='bbox 752 4979 1185 5048; x_wconf 81' lang='lat' dir='ltr'><strong>introducantur.</strong></span> <span class='ocrx_word' id='word_1_652' title='bbox 1220 4976 1338 5048; x_wconf 88' lang='lat' dir='ltr'><strong>Sed</strong></span> <span class='ocrx_word' id='word_1_653' title='bbox 1365 4992 1464 5032; x_wconf 91' lang='lat' dir='ltr'><strong>nec</strong></span> <span class='ocrx_word' id='word_1_654' title='bbox 1495 4978 1780 5048; x_wconf 91' lang='lat' dir='ltr'><strong>quisquam</strong></span> <span class='ocrx_word' id='word_1_655' title='bbox 1822 4993 1888 5031; x_wconf 79' lang='lat' dir='ltr'><strong>ex</strong></span> 
     </span>
    </p>
   </div>
   <div class='ocr_carea' id='block_1_91' title="bbox 324 5047 1889 5119">
    <p class='ocr_par' dir='ltr' id='par_1_91' title="bbox 324 5047 1889 5119">
     <span class='ocr_line' id='line_1_91' title="bbox 324 5047 1889 5119; baseline 0 -17"><span class='ocrx_word' id='word_1_656' title='bbox 324 5047 493 5119; x_wconf 83' lang='lat' dir='ltr'><strong>servis</strong></span> <span class='ocrx_word' id='word_1_657' title='bbox 517 5056 626 5101; x_wconf 87' lang='lat' dir='ltr'><strong>tam</strong></span> <span class='ocrx_word' id='word_1_658' title='bbox 655 5048 783 5102; x_wconf 88' lang='lat' dir='ltr'><strong>cleri</strong></span> <span class='ocrx_word' id='word_1_659' title='bbox 810 5061 1077 5119; x_wconf 79' lang='lat' dir='ltr'><strong>quamque</strong></span> <span class='ocrx_word' id='word_1_660' title='bbox 1101 5047 1303 5119; x_wconf 74' lang='lat' dir='ltr'><strong>militia:</strong></span> <span class='ocrx_word' id='word_1_661' title='bbox 1329 5047 1382 5100; x_wconf 90' lang='lat' dir='ltr'><strong>in</strong></span> <span class='ocrx_word' id='word_1_662' title='bbox 1416 5049 1603 5119; x_wconf 85' lang='lat' dir='ltr'><strong>eadem</strong></span> <span class='ocrx_word' id='word_1_663' title='bbox 1631 5047 1889 5119; x_wconf 74' lang='lat' dir='ltr'><strong>electione</strong></span> 
     </span>
    </p>
   </div>
   <div class='ocr_carea' id='block_1_92' title="bbox 325 5116 1891 5185">
    <p class='ocr_par' dir='ltr' id='par_1_92' title="bbox 325 5116 1891 5185">
     <span class='ocr_line' id='line_1_92' title="bbox 325 5116 1891 5185; baseline 0 -14"><span class='ocrx_word' id='word_1_664' title='bbox 325 5118 665 5172; x_wconf 82' lang='lat' dir='ltr'><strong>inveniatur:</strong></span> <span class='ocrx_word' id='word_1_665' title='bbox 716 5116 986 5172; x_wconf 64' lang='lat' dir='ltr'><strong>nec&#39;ullus</strong></span> <span class='ocrx_word' id='word_1_666' title='bbox 1027 5117 1238 5185; x_wconf 86' lang='lat' dir='ltr'><strong>penitus</strong></span> <span class='ocrx_word' id='word_1_667' title='bbox 1273 5132 1391 5170; x_wconf 90' lang='lat' dir='ltr'><strong>cum</strong></span> <span class='ocrx_word' id='word_1_668' title='bbox 1419 5117 1585 5171; x_wconf 91' lang='lat' dir='ltr'><strong>armis</strong></span> <span class='ocrx_word' id='word_1_669' title='bbox 1630 5127 1686 5172; x_wconf 88' lang='lat' dir='ltr'><strong>et</strong></span> <span class='ocrx_word' id='word_1_670' title='bbox 1731 5116 1891 5172; x_wconf 90' lang='lat' dir='ltr'><strong>fusti-</strong></span> 
     </span>
    </p>
   </div>
   <div class='ocr_carea' id='block_1_93' title="bbox 326 5184 1892 5256">
    <p class='ocr_par' dir='ltr' id='par_1_93' title="bbox 326 5184 1892 5256">
     <span class='ocr_line' id='line_1_93' title="bbox 326 5184 1892 5256; baseline 0 -14"><span class='ocrx_word' id='word_1_671' title='bbox 326 5189 440 5242; x_wconf 78' lang='lat' dir='ltr'><strong>bus.</strong></span> <span class='ocrx_word' id='word_1_672' title='bbox 474 5207 492 5239; x_wconf 76' lang='grc' dir='ltr'><strong><em>ι</em></strong></span> <span class='ocrx_word' id='word_1_673' title='bbox 528 5186 657 5242; x_wconf 83' lang='lat' dir='ltr'><strong>Item</strong></span> <span class='ocrx_word' id='word_1_674' title='bbox 691 5205 710 5236; x_wconf 84' lang='grc'><strong>‹</strong></span> <span class='ocrx_word' id='word_1_675' title='bbox 732 5186 788 5241; x_wconf 88' lang='lat' dir='ltr'><strong>Si</strong></span> <span class='ocrx_word' id='word_1_676' title='bbox 817 5188 940 5256; x_wconf 86' lang='lat' dir='ltr'><strong>quis</strong></span> <span class='ocrx_word' id='word_1_677' title='bbox 965 5184 1156 5253; x_wconf 81' lang='lat' dir='ltr'><strong>juvare</strong></span> <span class='ocrx_word' id='word_1_678' title='bbox 1180 5193 1272 5240; x_wconf 90' lang='lat' dir='ltr'><strong>aut</strong></span> <span class='ocrx_word' id='word_1_679' title='bbox 1305 5186 1643 5242; x_wconf 75' lang='lat' dir='ltr'><strong>introducere</strong></span> <span class='ocrx_word' id='word_1_680' title='bbox 1675 5187 1726 5242; x_wconf 89' lang='lat' dir='ltr'><strong>in</strong></span> <span class='ocrx_word' id='word_1_681' title='bbox 1754 5187 1892 5242; x_wconf 89' lang='lat' dir='ltr'><strong>hanc</strong></span> 
     </span>
    </p>
   </div>
   <div class='ocr_carea' id='block_1_94' title="bbox 326 5257 1892 5329">
    <p class='ocr_par' dir='ltr' id='par_1_94' title="bbox 326 5257 1892 5329">
     <span class='ocr_line' id='line_1_94' title="bbox 326 5257 1892 5329; baseline 0.001 -19"><span class='ocrx_word' id='word_1_682' title='bbox 326 5257 808 5329; x_wconf 63' lang='lat' dir='ltr'><strong>civitatemﬁomaa</strong></span> <span class='ocrx_word' id='word_1_683' title='bbox 838 5257 1254 5329; x_wconf 59' lang='lat' dir='ltr'><strong>praesumpserit,</strong></span> <span class='ocrx_word' id='word_1_684' title='bbox 1292 5270 1615 5329; x_wconf 74' lang='lat' dir='ltr'><strong>quemquam</strong></span> <span class='ocrx_word' id='word_1_685' title='bbox 1650 5258 1716 5329; x_wconf 85' lang='lat' dir='ltr'><strong>de</strong></span> <span class='ocrx_word' id='word_1_686' title='bbox 1752 5271 1892 5329; x_wconf 86' lang='lat' dir='ltr'><strong>qua-</strong></span> 
     </span>
    </p>
   </div>
   <div class='ocr_carea' id='block_1_95' title="bbox 324 5325 1891 5398">
    <p class='ocr_par' dir='ltr' id='par_1_95' title="bbox 324 5325 1891 5398">
     <span class='ocr_line' id='line_1_95' title="bbox 324 5325 1891 5398; baseline 0.001 -17"><span class='ocrx_word' id='word_1_687' title='bbox 324 5341 538 5398; x_wconf 83' lang='lat' dir='ltr'><strong>cunque</strong></span> <span class='ocrx_word' id='word_1_688' title='bbox 561 5327 799 5388; x_wconf 84' lang='lat' dir='ltr'><strong>civitate.</strong></span> <span class='ocrx_word' id='word_1_689' title='bbox 829 5325 923 5380; x_wconf 78' lang='lat' dir='ltr'><strong>aut</strong></span> <span class='ocrx_word' id='word_1_690' title='bbox 946 5325 1143 5398; x_wconf 81' lang='lat' dir='ltr'><strong>castro,</strong></span> <span class='ocrx_word' id='word_1_691' title='bbox 1177 5325 1258 5398; x_wconf 77' lang='lat' dir='ltr'><strong>vel</strong></span> <span class='ocrx_word' id='word_1_692' title='bbox 1291 5326 1408 5398; x_wconf 82' lang='lat' dir='ltr'><strong>loc_o</strong></span> <span class='ocrx_word' id='word_1_693' title='bbox 1433 5325 1714 5398; x_wconf 80' lang='lat' dir='ltr'><strong>pontificis</strong></span> <span class='ocrx_word' id='word_1_694' title='bbox 1740 5327 1891 5397; x_wconf 87' lang='lat' dir='ltr'><strong>prius</strong></span> 
     </span>
    </p>
   </div>
   <div class='ocr_carea' id='block_1_96' title="bbox 328 5394 1890 5467">
    <p class='ocr_par' dir='ltr' id='par_1_96' title="bbox 328 5394 1890 5467">
     <span class='ocr_line' id='line_1_96' title="bbox 328 5394 1890 5467; baseline -0.001 -14"><span class='ocrx_word' id='word_1_695' title='bbox 328 5394 620 5467; x_wconf 72' lang='lat' dir='ltr'><strong>discessum</strong></span> <span class='ocrx_word' id='word_1_696' title='bbox 644 5412 924 5467; x_wconf 86' lang='lat' dir='ltr'><strong>quousque</strong></span> <span class='ocrx_word' id='word_1_697' title='bbox 950 5396 1007 5467; x_wconf 10' lang='lat' dir='ltr'><strong>[in</strong></span> <span class='ocrx_word' id='word_1_698' title='bbox 1031 5396 1157 5450; x_wconf 87' lang='lat' dir='ltr'><strong>sede</strong></span> <span class='ocrx_word' id='word_1_699' title='bbox 1185 5395 1331 5467; x_wconf 89' lang='lat' dir='ltr'><strong>beati</strong></span> <span class='ocrx_word' id='word_1_700' title='bbox 1349 5394 1504 5467; x_wconf 66' lang='lat' dir='ltr'><strong>_l_’etri</strong></span> <span class='ocrx_word' id='word_1_701' title='bbox 1539 5394 1781 5467; x_wconf 73' lang='lat' dir='ltr'><strong>pontifex</strong></span> <span class='ocrx_word' id='word_1_702' title='bbox 1802 5413 1890 5453; x_wconf 87' lang='lat' dir='ltr'><strong>or-</strong></span> 
     </span>
    </p>
   </div>
   <div class='ocr_carea' id='block_1_97' title="bbox 329 5465 1892 5529">
    <p class='ocr_par' dir='ltr' id='par_1_97' title="bbox 329 5465 1892 5529">
     <span class='ocr_line' id='line_1_97' title="bbox 329 5465 1892 5529; baseline 0.002 -10"><span class='ocrx_word' id='word_1_703' title='bbox 329 5465 540 5520; x_wconf 88' lang='lat' dir='ltr'><strong>dinatus</strong></span> <span class='ocrx_word' id='word_1_704' title='bbox 588 5465 767 5529; x_wconf 78' lang='lat' dir='ltr'><strong>fuerit,</strong></span> <span class='ocrx_word' id='word_1_705' title='bbox 817 5465 1104 5520; x_wconf 77' lang='lat' dir='ltr'><strong>anathema</strong></span> <span class='ocrx_word' id='word_1_706' title='bbox 1150 5466 1239 5519; x_wconf 84' lang='lat' dir='ltr'><strong>sit.</strong></span> <span class='ocrx_word' id='word_1_707' title='bbox 1286 5483 1304 5515; x_wconf 73' lang='grc' dir='ltr'><strong>ι</strong></span> <span class='ocrx_word' id='word_1_708' title='bbox 1348 5465 1548 5519; x_wconf 82' lang='lat' dir='ltr'><strong>Horum</strong></span> <span class='ocrx_word' id='word_1_709' title='bbox 1597 5466 1790 5522; x_wconf 88' lang='lat' dir='ltr'><strong>similia</strong></span> <span class='ocrx_word' id='word_1_710' title='bbox 1827 5468 1892 5522; x_wconf 85' lang='lat' dir='ltr'><strong>de</strong></span> 
     </span>
    </p>
   </div>
   <div class='ocr_carea' id='block_1_98' title="bbox 331 5533 1893 5607">
    <p class='ocr_par' dir='ltr' id='par_1_98' title="bbox 331 5533 1893 5607">
     <span class='ocr_line' id='line_1_98' title="bbox 331 5533 1893 5607; baseline 0.003 -20"><span class='ocrx_word' id='word_1_711' title='bbox 331 5533 548 5607; x_wconf 75' lang='lat' dir='ltr'><strong>Francis</strong></span> <span class='ocrx_word' id='word_1_712' title='bbox 591 5536 818 5607; x_wconf 81' lang='lat' dir='ltr'><strong>aliisque</strong></span> <span class='ocrx_word' id='word_1_713' title='bbox 858 5535 1068 5607; x_wconf 87' lang='lat' dir='ltr'><strong>populis</strong></span> <span class='ocrx_word' id='word_1_714' title='bbox 1110 5535 1378 5607; x_wconf 77' lang='lat' dir='ltr'><strong>Ludovico</strong></span> <span class='ocrx_word' id='word_1_715' title='bbox 1403 5535 1633 5607; x_wconf 83' lang='lat' dir='ltr'><strong>subditis</strong></span> <span class='ocrx_word' id='word_1_716' title='bbox 1678 5538 1893 5592; x_wconf 72' lang='lat' dir='ltr'><strong>decreta</strong></span> 
     </span>
    </p>
   </div>
   <div class='ocr_carea' id='block_1_99' title="bbox 332 5603 1892 5676">
    <p class='ocr_par' dir='ltr' id='par_1_99' title="bbox 332 5603 1892 5676">
     <span class='ocr_line' id='line_1_99' title="bbox 332 5603 1892 5676; baseline 0.003 -20"><span class='ocrx_word' id='word_1_717' title='bbox 332 5605 476 5661; x_wconf 84' lang='lat' dir='ltr'><strong>vides</strong></span> <span class='ocrx_word' id='word_1_718' title='bbox 509 5603 1041 5676; x_wconf 55' lang='lat' dir='ltr'><strong>consilio&#39;pontilicis,</strong></span> <span class='ocrx_word' id='word_1_719' title='bbox 1074 5613 1134 5658; x_wconf 91' lang='lat' dir='ltr'><strong>ut</strong></span> <span class='ocrx_word' id='word_1_720' title='bbox 1157 5603 1312 5676; x_wconf 85' lang='lat' dir='ltr'><strong>plena</strong></span> <span class='ocrx_word' id='word_1_721' title='bbox 1335 5612 1478 5676; x_wconf 86' lang='lat' dir='ltr'><strong>esset</strong></span> <span class='ocrx_word' id='word_1_722' title='bbox 1513 5604 1743 5676; x_wconf 83' lang='lat' dir='ltr'><strong>libertas</strong></span> <span class='ocrx_word' id='word_1_723' title='bbox 1785 5607 1892 5662; x_wconf 83' lang='lat' dir='ltr'><strong>ele-</strong></span> 
     </span>
    </p>
   </div>
   <div class='ocr_carea' id='block_1_100' title="bbox 327 5674 1893 5743">
    <p class='ocr_par' dir='ltr' id='par_1_100' title="bbox 327 5674 1893 5743">
     <span class='ocr_line' id='line_1_100' title="bbox 327 5674 1893 5743; baseline 0.001 -13"><span class='ocrx_word' id='word_1_724' title='bbox 327 5676 538 5730; x_wconf 76' lang='lat' dir='ltr'><strong>ctionis.</strong></span> <span class='ocrx_word' id='word_1_725' title='bbox 576 5674 730 5730; x_wconf 86' lang='lat' dir='ltr'><strong>Serio</strong></span> <span class='ocrx_word' id='word_1_726' title='bbox 753 5683 933 5729; x_wconf 86' lang='lat' dir='ltr'><strong>autem</strong></span> <span class='ocrx_word' id='word_1_727' title='bbox 969 5674 1367 5730; x_wconf 84' lang='lat' dir='ltr'><strong>animadvertas</strong></span> <span class='ocrx_word' id='word_1_728' title='bbox 1392 5675 1747 5743; x_wconf 86' lang='lat' dir='ltr'><strong>disciplinam.</strong></span> <span class='ocrx_word' id='word_1_729' title='bbox 1778 5678 1893 5731; x_wconf 84' lang='lat' dir='ltr'><strong>Ste-</strong></span> 
     </span>
    </p>
   </div>
   <div class='ocr_carea' id='block_1_101' title="bbox 724 5787 1320 5850">
    <p class='ocr_par' dir='ltr' id='par_1_101' title="bbox 724 5787 1320 5850">
     <span class='ocr_line' id='line_1_101' title="bbox 724 5787 1320 5850; baseline 0 -2"><span class='ocrx_word' id='word_1_730' title='bbox 724 5787 994 5848; x_wconf 67' lang='lat' dir='ltr'><strong>Pnnon.</strong></span> <span class='ocrx_word' id='word_1_731' title='bbox 1051 5787 1320 5850; x_wconf 71' lang='lat' dir='ltr'><strong>XCVIII.</strong></span> 
     </span>
    </p>
   </div>
   <div class='ocr_carea' id='block_1_102' title="bbox 1976 3183 3552 3252">
    <p class='ocr_par' dir='ltr' id='par_1_102' title="bbox 1976 3183 3552 3252">
     <span class='ocr_line' id='line_1_102' title="bbox 1976 3183 3552 3252; baseline 0.001 -14"><span class='ocrx_word' id='word_1_732' title='bbox 1976 3186 2056 3238; x_wconf 93' lang='lat' dir='ltr'><strong>nit</strong></span> <span class='ocrx_word' id='word_1_733' title='bbox 2081 3201 2149 3238; x_wconf 90' lang='lat' dir='ltr'><strong>ne</strong></span> <span class='ocrx_word' id='word_1_734' title='bbox 2170 3185 2235 3239; x_wconf 89' lang='lat' dir='ltr'><strong>de</strong></span> <span class='ocrx_word' id='word_1_735' title='bbox 2257 3183 2450 3237; x_wconf 89' lang='lat' dir='ltr'><strong>Tuscia</strong></span> <span class='ocrx_word' id='word_1_736' title='bbox 2473 3191 2528 3236; x_wconf 89' lang='lat' dir='ltr'><strong>et</strong></span> <span class='ocrx_word' id='word_1_737' title='bbox 2547 3183 2837 3252; x_wconf 89' lang='lat' dir='ltr'><strong>Campania</strong></span> <span class='ocrx_word' id='word_1_738' title='bbox 2857 3183 2969 3237; x_wconf 89' lang='lat' dir='ltr'><strong>sive</strong></span> <span class='ocrx_word' id='word_1_739' title='bbox 3012 3183 3078 3252; x_wconf 90' lang='lat' dir='ltr'><strong>de</strong></span> <span class='ocrx_word' id='word_1_740' title='bbox 3105 3183 3228 3238; x_wconf 89' lang='lat' dir='ltr'><strong>aliis</strong></span> <span class='ocrx_word' id='word_1_741' title='bbox 3256 3183 3389 3238; x_wconf 87' lang='lat' dir='ltr'><strong>locis</strong></span> <span class='ocrx_word' id='word_1_742' title='bbox 3411 3184 3552 3239; x_wconf 84' lang='lat' dir='ltr'><strong>ullus</strong></span> 
     </span>
    </p>
   </div>
   <div class='ocr_carea' id='block_1_103' title="bbox 1977 3251 3554 3322">
    <p class='ocr_par' dir='ltr' id='par_1_103' title="bbox 1977 3251 3554 3322">
     <span class='ocr_line' id='line_1_103' title="bbox 1977 3251 3554 3322; baseline -0.001 -13"><span class='ocrx_word' id='word_1_743' title='bbox 1977 3255 2136 3309; x_wconf 90' lang='lat' dir='ltr'><strong>homo</strong></span> <span class='ocrx_word' id='word_1_744' title='bbox 2159 3253 2530 3307; x_wconf 88' lang='lat' dir='ltr'><strong>introducatur</strong></span> <span class='ocrx_word' id='word_1_745' title='bbox 2557 3252 2610 3306; x_wconf 93' lang='lat' dir='ltr'><strong>in</strong></span> <span class='ocrx_word' id='word_1_746' title='bbox 2637 3251 2854 3318; x_wconf 85' lang='lat' dir='ltr'><strong>Urbem,</strong></span> <span class='ocrx_word' id='word_1_747' title='bbox 2881 3251 3317 3322; x_wconf 82' lang='lat' dir='ltr'><strong>quoadpontifex</strong></span> <span class='ocrx_word' id='word_1_748' title='bbox 3341 3255 3554 3308; x_wconf 86' lang='lat' dir='ltr'><strong>ordina-</strong></span> 
     </span>
    </p>
   </div>
   <div class='ocr_carea' id='block_1_104' title="bbox 1978 3321 3551 3391">
    <p class='ocr_par' dir='ltr' id='par_1_104' title="bbox 1978 3321 3551 3391">
     <span class='ocr_line' id='line_1_104' title="bbox 1978 3321 3551 3391; baseline -0.001 -13"><span class='ocrx_word' id='word_1_749' title='bbox 1978 3332 2064 3378; x_wconf 88' lang='lat' dir='ltr'><strong>tus</strong></span> <span class='ocrx_word' id='word_1_750' title='bbox 2085 3324 2244 3377; x_wconf 83' lang='lat' dir='ltr'><strong>fuerit</strong></span> <span class='ocrx_word' id='word_1_751' title='bbox 2265 3340 2294 3376; x_wconf 91' lang='lat' dir='ltr'><strong>a</strong></span> <span class='ocrx_word' id='word_1_752' title='bbox 2323 3323 2466 3377; x_wconf 90' lang='lat' dir='ltr'><strong>clero</strong></span> <span class='ocrx_word' id='word_1_753' title='bbox 2487 3331 2538 3374; x_wconf 89' lang='lat' dir='ltr'><strong>et</strong></span> <span class='ocrx_word' id='word_1_754' title='bbox 2565 3323 2760 3391; x_wconf 91' lang='lat' dir='ltr'><strong>populo</strong></span> <span class='ocrx_word' id='word_1_755' title='bbox 2783 3321 3044 3386; x_wconf 80' lang='lat' dir='ltr'><strong>Romano,</strong></span> <span class='ocrx_word' id='word_1_756' title='bbox 3053 3321 3207 3390; x_wconf 83' lang='lat' dir='ltr'><strong>juxta</strong></span> <span class='ocrx_word' id='word_1_757' title='bbox 3234 3324 3551 3378; x_wconf 86' lang='lat' dir='ltr'><strong>canonicam</strong></span> 
     </span>
    </p>
   </div>
   <div class='ocr_carea' id='block_1_105' title="bbox 1978 3393 3554 3463">
    <p class='ocr_par' dir='ltr' id='par_1_105' title="bbox 1978 3393 3554 3463">
     <span class='ocr_line' id='line_1_105' title="bbox 1978 3393 3554 3463; baseline -0.001 -15"><span class='ocrx_word' id='word_1_758' title='bbox 1978 3394 2311 3455; x_wconf 86' lang='lat' dir='ltr'><strong>electionem,</strong></span> <span class='ocrx_word' id='word_1_759' title='bbox 2342 3402 2396 3445; x_wconf 91' lang='lat' dir='ltr'><strong>et</strong></span> <span class='ocrx_word' id='word_1_760' title='bbox 2415 3393 2626 3463; x_wconf 85' lang='lat' dir='ltr'><strong>plenam</strong></span> <span class='ocrx_word' id='word_1_761' title='bbox 2659 3393 2960 3463; x_wconf 77' lang='lat' dir='ltr'><strong>libertatem</strong></span> <span class='ocrx_word' id='word_1_762' title='bbox 2990 3393 3411 3463; x_wconf 67' lang='lat' dir='ltr'><strong>consecrationis</strong></span> <span class='ocrx_word' id='word_1_763' title='bbox 3431 3407 3554 3463; x_wconf 66' lang='lat' dir='ltr'><strong>quae</strong></span> 
     </span>
    </p>
   </div>
   <div class='ocr_carea' id='block_1_106' title="bbox 1981 3461 3551 3533">
    <p class='ocr_par' dir='ltr' id='par_1_106' title="bbox 1981 3461 3551 3533">
     <span class='ocr_line' id='line_1_106' title="bbox 1981 3461 3551 3533; baseline -0.002 -16"><span class='ocrx_word' id='word_1_764' title='bbox 1981 3471 2109 3517; x_wconf 90' lang='lat' dir='ltr'><strong>tunc</strong></span> <span class='ocrx_word' id='word_1_765' title='bbox 2131 3463 2364 3533; x_wconf 82' lang='lat' dir='ltr'><strong>vigebat.</strong></span> <span class='ocrx_word' id='word_1_766' title='bbox 2415 3462 2679 3533; x_wconf 82' lang='lat' dir='ltr'><strong>Tempore</strong></span> <span class='ocrx_word' id='word_1_767' title='bbox 2720 3469 2899 3533; x_wconf 86' lang='lat' dir='ltr'><strong>autem</strong></span> <span class='ocrx_word' id='word_1_768' title='bbox 2914 3461 3188 3533; x_wconf 77' lang='lat' dir='ltr'><strong>Ludovici</strong></span> <span class='ocrx_word' id='word_1_769' title='bbox 3223 3461 3301 3516; x_wconf 78' lang='lat' dir='ltr'><strong>Pii</strong></span> <span class='ocrx_word' id='word_1_770' title='bbox 3336 3461 3551 3533; x_wconf 71' lang='lat' dir='ltr'><strong>Langu-</strong></span> 
     </span>
    </p>
   </div>
   <div class='ocr_carea' id='block_1_107' title="bbox 1980 3531 3553 3599">
    <p class='ocr_par' dir='ltr' id='par_1_107' title="bbox 1980 3531 3553 3599">
     <span class='ocr_line' id='line_1_107' title="bbox 1980 3531 3553 3599; baseline 0 -13"><span class='ocrx_word' id='word_1_771' title='bbox 1980 3533 2178 3595; x_wconf 86' lang='lat' dir='ltr'><strong>bardis,</strong></span> <span class='ocrx_word' id='word_1_772' title='bbox 2194 3531 2390 3586; x_wconf 81' lang='lat' dir='ltr'><strong>eorum</strong></span> <span class='ocrx_word' id='word_1_773' title='bbox 2415 3531 2628 3599; x_wconf 82' lang='lat' dir='ltr'><strong>regibus</strong></span> <span class='ocrx_word' id='word_1_774' title='bbox 2647 3532 2872 3595; x_wconf 82' lang='lat' dir='ltr'><strong>exactis,</strong></span> <span class='ocrx_word' id='word_1_775' title='bbox 2894 3531 3312 3586; x_wconf 90' lang='lat' dir='ltr'><strong>dominabantur</strong></span> <span class='ocrx_word' id='word_1_776' title='bbox 3338 3531 3553 3597; x_wconf 83' lang='lat' dir='ltr'><strong>Franci,</strong></span> 
     </span>
    </p>
   </div>
   <div class='ocr_carea' id='block_1_108' title="bbox 1982 3600 3553 3671">
    <p class='ocr_par' dir='ltr' id='par_1_108' title="bbox 1982 3600 3553 3671">
     <span class='ocr_line' id='line_1_108' title="bbox 1982 3600 3553 3671; baseline -0.001 -16"><span class='ocrx_word' id='word_1_777' title='bbox 1982 3617 2208 3671; x_wconf 91' lang='lat' dir='ltr'><strong>quorum</strong></span> <span class='ocrx_word' id='word_1_778' title='bbox 2225 3600 2472 3671; x_wconf 70' lang='lat' dir='ltr'><strong>prmsidia</strong></span> <span class='ocrx_word' id='word_1_779' title='bbox 2493 3602 2546 3653; x_wconf 93' lang='lat' dir='ltr'><strong>in</strong></span> <span class='ocrx_word' id='word_1_780' title='bbox 2567 3603 2716 3671; x_wconf 87' lang='lat' dir='ltr'><strong>regni</strong></span> <span class='ocrx_word' id='word_1_781' title='bbox 2742 3601 2905 3655; x_wconf 66' lang='lat' dir='ltr'><strong>Italiae</strong></span> <span class='ocrx_word' id='word_1_782' title='bbox 2919 3601 3143 3671; x_wconf 78' lang='lat' dir='ltr'><strong>urbibus</strong></span> <span class='ocrx_word' id='word_1_783' title='bbox 3167 3604 3516 3656; x_wconf 87' lang='lat' dir='ltr'><strong>morabantur</strong></span> <span class='ocrx_word' id='word_1_784' title='bbox 3537 3618 3553 3654; x_wconf 91' lang='lat'><strong>:</strong></span> 
     </span>
    </p>
   </div>
   <div class='ocr_carea' id='block_1_109' title="bbox 1986 3670 3556 3738">
    <p class='ocr_par' dir='ltr' id='par_1_109' title="bbox 1986 3670 3556 3738">
     <span class='ocr_line' id='line_1_109' title="bbox 1986 3670 3556 3738; baseline 0.002 -14"><span class='ocrx_word' id='word_1_785' title='bbox 1986 3670 2186 3725; x_wconf 89' lang='lat' dir='ltr'><strong>idcirco</strong></span> <span class='ocrx_word' id='word_1_786' title='bbox 2215 3670 2441 3738; x_wconf 82' lang='lat' dir='ltr'><strong>utraque</strong></span> <span class='ocrx_word' id='word_1_787' title='bbox 2485 3683 2616 3737; x_wconf 82' lang='lat' dir='ltr'><strong>gens</strong></span> <span class='ocrx_word' id='word_1_788' title='bbox 2639 3670 2958 3738; x_wconf 86' lang='lat' dir='ltr'><strong>prohibetur</strong></span> <span class='ocrx_word' id='word_1_789' title='bbox 3004 3670 3237 3724; x_wconf 88' lang='lat' dir='ltr'><strong>libertati</strong></span> <span class='ocrx_word' id='word_1_790' title='bbox 3272 3673 3556 3727; x_wconf 75' lang='lat' dir='ltr'><strong>electionis</strong></span> 
     </span>
    </p>
   </div>
   <div class='ocr_carea' id='block_1_110' title="bbox 1983 3740 3557 3809">
    <p class='ocr_par' dir='ltr' id='par_1_110' title="bbox 1983 3740 3557 3809">
     <span class='ocr_line' id='line_1_110' title="bbox 1983 3740 3557 3809; baseline 0.001 -15"><span class='ocrx_word' id='word_1_791' title='bbox 1983 3740 2266 3803; x_wconf 87' lang='lat' dir='ltr'><strong>obsistere,</strong></span> <span class='ocrx_word' id='word_1_792' title='bbox 2289 3747 2382 3809; x_wconf 87' lang='lat' dir='ltr'><strong>aut</strong></span> <span class='ocrx_word' id='word_1_793' title='bbox 2409 3740 2632 3809; x_wconf 63' lang='lat' dir='ltr'><strong>liomam</strong></span> <span class='ocrx_word' id='word_1_794' title='bbox 2655 3740 2858 3809; x_wconf 79' lang='lat' dir='ltr'><strong>ingredi</strong></span> <span class='ocrx_word' id='word_1_795' title='bbox 2885 3740 3133 3793; x_wconf 91' lang='lat' dir='ltr'><strong>turbandi</strong></span> <span class='ocrx_word' id='word_1_796' title='bbox 3153 3756 3312 3794; x_wconf 89' lang='lat' dir='ltr'><strong>causa</strong></span> <span class='ocrx_word' id='word_1_797' title='bbox 3336 3742 3557 3796; x_wconf 86' lang='lat' dir='ltr'><strong>electio-</strong></span> 
     </span>
    </p>
   </div>
   <div class='ocr_carea' id='block_1_111' title="bbox 1986 3807 3556 3878">
    <p class='ocr_par' dir='ltr' id='par_1_111' title="bbox 1986 3807 3556 3878">
     <span class='ocr_line' id='line_1_111' title="bbox 1986 3807 3556 3878; baseline 0.003 -17"><span class='ocrx_word' id='word_1_798' title='bbox 1986 3823 2108 3862; x_wconf 90' lang='lat' dir='ltr'><strong>nem</strong></span> <span class='ocrx_word' id='word_1_799' title='bbox 2140 3809 2205 3862; x_wconf 93' lang='lat' dir='ltr'><strong>ad</strong></span> <span class='ocrx_word' id='word_1_800' title='bbox 2237 3808 2379 3862; x_wconf 89' lang='lat' dir='ltr'><strong>solos</strong></span> <span class='ocrx_word' id='word_1_801' title='bbox 2406 3807 2678 3863; x_wconf 81' lang='lat' dir='ltr'><strong>Romanos</strong></span> <span class='ocrx_word' id='word_1_802' title='bbox 2697 3807 2819 3875; x_wconf 79' lang='lat' dir='ltr'><strong>jure</strong></span> <span class='ocrx_word' id='word_1_803' title='bbox 2845 3810 3220 3878; x_wconf 86' lang='lat' dir='ltr'><strong>pertinentem.</strong></span> <span class='ocrx_word' id='word_1_804' title='bbox 3256 3809 3556 3865; x_wconf 81' lang='lat' dir='ltr'><strong>Viden‘Lu-</strong></span> 
     </span>
    </p>
   </div>
   <div class='ocr_carea' id='block_1_112' title="bbox 1985 3878 3549 3964">
    <p class='ocr_par' dir='ltr' id='par_1_112' title="bbox 1985 3878 3549 3964">
     <span class='ocr_line' id='line_1_112' title="bbox 1985 3878 3549 3964; baseline 0.003 -34"><span class='ocrx_word' id='word_1_805' title='bbox 1985 3878 2230 3932; x_wconf 89' lang='lat' dir='ltr'><strong>dovicum</strong></span> <span class='ocrx_word' id='word_1_806' title='bbox 2261 3878 2848 3964; x_wconf 38' lang='lat' dir='ltr'><strong>intactani‘relinquere</strong></span> <span class='ocrx_word' id='word_1_807' title='bbox 2882 3878 3224 3964; x_wconf 57' lang='lat' dir='ltr'><strong>&#39;pontiﬁciam</strong></span> <span class='ocrx_word' id='word_1_808' title='bbox 3256 3879 3549 3964; x_wconf 76' lang='lat' dir='ltr'><strong>ditionem,</strong></span> 
     </span>
    </p>
   </div>
   <div class='ocr_carea' id='block_1_113' title="bbox 1986 3946 3554 4016">
    <p class='ocr_par' dir='ltr' id='par_1_113' title="bbox 1986 3946 3554 4016">
     <span class='ocr_line' id='line_1_113' title="bbox 1986 3946 3554 4016; baseline 0.003 -17"><span class='ocrx_word' id='word_1_809' title='bbox 1986 3962 2243 4015; x_wconf 88' lang='lat' dir='ltr'><strong>suamque</strong></span> <span class='ocrx_word' id='word_1_810' title='bbox 2290 3946 2723 4000; x_wconf 86' lang='lat' dir='ltr'><strong>constitutionem</strong></span> <span class='ocrx_word' id='word_1_811' title='bbox 2768 3948 2834 4001; x_wconf 89' lang='lat' dir='ltr'><strong>ad</strong></span> <span class='ocrx_word' id='word_1_812' title='bbox 2876 3946 3136 4016; x_wconf 82' lang='lat' dir='ltr'><strong>Francos,</strong></span> <span class='ocrx_word' id='word_1_813' title='bbox 3173 3946 3554 4016; x_wconf 85' lang='lat' dir='ltr'><strong>Langobardos</strong></span> 
     </span>
    </p>
   </div>
   <div class='ocr_carea' id='block_1_114' title="bbox 1986 4015 3554 4085">
    <p class='ocr_par' dir='ltr' id='par_1_114' title="bbox 1986 4015 3554 4085">
     <span class='ocr_line' id='line_1_114' title="bbox 1986 4015 3554 4085; baseline 0.001 -15"><span class='ocrx_word' id='word_1_814' title='bbox 1986 4017 2330 4084; x_wconf 88' lang='lat' dir='ltr'><strong>subditasque</strong></span> <span class='ocrx_word' id='word_1_815' title='bbox 2352 4016 2485 4070; x_wconf 89' lang='lat' dir='ltr'><strong>alias</strong></span> <span class='ocrx_word' id='word_1_816' title='bbox 2524 4016 2625 4070; x_wconf 84' lang='lat' dir='ltr'><strong>sibi</strong></span> <span class='ocrx_word' id='word_1_817' title='bbox 2649 4024 2835 4085; x_wconf 84' lang='lat' dir='ltr'><strong>gentes</strong></span> <span class='ocrx_word' id='word_1_818' title='bbox 2853 4015 3116 4070; x_wconf 76' lang='lat' dir='ltr'><strong>duntaxat</strong></span> <span class='ocrx_word' id='word_1_819' title='bbox 3134 4015 3460 4074; x_wconf 74' lang='lat' dir='ltr'><strong>extendere?</strong></span> <span class='ocrx_word' id='word_1_820' title='bbox 3479 4020 3554 4074; x_wconf 89' lang='lat' dir='ltr'><strong>Ita</strong></span> 
     </span>
    </p>
   </div>
   <div class='ocr_carea' id='block_1_115' title="bbox 1987 4085 3553 4156">
    <p class='ocr_par' dir='ltr' id='par_1_115' title="bbox 1987 4085 3553 4156">
     <span class='ocr_line' id='line_1_115' title="bbox 1987 4085 3553 4156; baseline 0.001 -16"><span class='ocrx_word' id='word_1_821' title='bbox 1987 4085 2498 4156; x_wconf 81' lang='lat' dir='ltr'><strong>scilicetStepbanus</strong></span> <span class='ocrx_word' id='word_1_822' title='bbox 2510 4085 2571 4139; x_wconf 94' lang='lat' dir='ltr'><strong>lll</strong></span> <span class='ocrx_word' id='word_1_823' title='bbox 2588 4087 2652 4140; x_wconf 90' lang='lat' dir='ltr'><strong>de</strong></span> <span class='ocrx_word' id='word_1_824' title='bbox 2663 4086 2773 4156; x_wconf 75' lang='lat' dir='ltr'><strong>suis</strong></span> <span class='ocrx_word' id='word_1_825' title='bbox 2786 4093 2990 4139; x_wconf 89' lang='lat' dir='ltr'><strong>tantum</strong></span> <span class='ocrx_word' id='word_1_826' title='bbox 3005 4087 3212 4156; x_wconf 89' lang='lat' dir='ltr'><strong>populis</strong></span> <span class='ocrx_word' id='word_1_827' title='bbox 3224 4089 3553 4144; x_wconf 85' lang='lat' dir='ltr'><strong>decreverat.</strong></span> 
     </span>
    </p>
   </div>
   <div class='ocr_carea' id='block_1_116' title="bbox 2061 4154 3554 4222">
    <p class='ocr_par' dir='ltr' id='par_1_116' title="bbox 2061 4154 3554 4222">
     <span class='ocr_line' id='line_1_116' title="bbox 2061 4154 3554 4222; baseline 0.005 -16"><span class='ocrx_word' id='word_1_828' title='bbox 2061 4166 2084 4194; x_wconf 80' lang='grc' dir='ltr'><strong>ο</strong></span> <span class='ocrx_word' id='word_1_829' title='bbox 2112 4154 2465 4208; x_wconf 86' lang='lat' dir='ltr'><strong>Astronomus</strong></span> <span class='ocrx_word' id='word_1_830' title='bbox 2496 4156 2549 4210; x_wconf 91' lang='lat' dir='ltr'><strong>in</strong></span> <span class='ocrx_word' id='word_1_831' title='bbox 2580 4156 2696 4208; x_wconf 88' lang='lat' dir='ltr'><strong>Vita</strong></span> <span class='ocrx_word' id='word_1_832' title='bbox 2739 4155 2994 4210; x_wconf 86' lang='lat' dir='ltr'><strong>Ludovici</strong></span> <span class='ocrx_word' id='word_1_833' title='bbox 3007 4154 3121 4222; x_wconf 30' lang='lat' dir='ltr'><strong>’l’ii,</strong></span> <span class='ocrx_word' id='word_1_834' title='bbox 3168 4157 3235 4212; x_wconf 90' lang='lat' dir='ltr'><strong>de</strong></span> <span class='ocrx_word' id='word_1_835' title='bbox 3267 4157 3461 4214; x_wconf 87' lang='lat' dir='ltr'><strong>Leonis</strong></span> <span class='ocrx_word' id='word_1_836' title='bbox 3489 4159 3554 4214; x_wconf 84' lang='lat' dir='ltr'><strong>Ill</strong></span> 
     </span>
    </p>
   </div>
   <div class='ocr_carea' id='block_1_117' title="bbox 1987 4225 3558 4293">
    <p class='ocr_par' dir='ltr' id='par_1_117' title="bbox 1987 4225 3558 4293">
     <span class='ocr_line' id='line_1_117' title="bbox 1987 4225 3558 4293; baseline 0.001 -13"><span class='ocrx_word' id='word_1_837' title='bbox 1987 4239 2238 4293; x_wconf 88' lang='lat' dir='ltr'><strong>suprema</strong></span> <span class='ocrx_word' id='word_1_838' title='bbox 2265 4225 2575 4278; x_wconf 87' lang='lat' dir='ltr'><strong>inﬁrmitate</strong></span> <span class='ocrx_word' id='word_1_839' title='bbox 2603 4225 2843 4292; x_wconf 85' lang='lat' dir='ltr'><strong>loquens,</strong></span> <span class='ocrx_word' id='word_1_840' title='bbox 2891 4226 3057 4281; x_wconf 87' lang='lat' dir='ltr'><strong>refert</strong></span> <span class='ocrx_word' id='word_1_841' title='bbox 3083 4227 3372 4293; x_wconf 74' lang='lat' dir='ltr'><strong>Romanos,</strong></span> <span class='ocrx_word' id='word_1_842' title='bbox 3401 4245 3558 4285; x_wconf 57' lang='lat' dir='ltr'><strong>occa.</strong></span> 
     </span>
    </p>
   </div>
   <div class='ocr_carea' id='block_1_118' title="bbox 1988 4293 3552 4364">
    <p class='ocr_par' dir='ltr' id='par_1_118' title="bbox 1988 4293 3552 4364">
     <span class='ocr_line' id='line_1_118' title="bbox 1988 4293 3552 4364; baseline 0.003 -16"><span class='ocrx_word' id='word_1_843' title='bbox 1988 4295 2376 4364; x_wconf 11' lang='lat' dir='ltr'><strong>sionegcaptata</strong></span> <span class='ocrx_word' id='word_1_844' title='bbox 2422 4293 2616 4348; x_wconf 82' lang='lat' dir='ltr'><strong>Leonis</strong></span> <span class='ocrx_word' id='word_1_845' title='bbox 2654 4295 2716 4348; x_wconf 93' lang='lat' dir='ltr'><strong>lll</strong></span> <span class='ocrx_word' id='word_1_846' title='bbox 2737 4303 2980 4350; x_wconf 83' lang='lat' dir='ltr'><strong>extremo</strong></span> <span class='ocrx_word' id='word_1_847' title='bbox 3006 4298 3193 4351; x_wconf 90' lang='lat' dir='ltr'><strong>morbo</strong></span> <span class='ocrx_word' id='word_1_848' title='bbox 3221 4297 3552 4362; x_wconf 85' lang='lat' dir='ltr'><strong>laborantis.</strong></span> 
     </span>
    </p>
   </div>
   <div class='ocr_carea' id='block_1_119' title="bbox 1987 4361 3558 4434">
    <p class='ocr_par' dir='ltr' id='par_1_119' title="bbox 1987 4361 3558 4434">
     <span class='ocr_line' id='line_1_119' title="bbox 1987 4361 3558 4434; baseline 0.004 -16"><span class='ocrx_word' id='word_1_849' title='bbox 1987 4361 2186 4434; x_wconf 65' lang='lat' dir='ltr'><strong>praedia</strong></span> <span class='ocrx_word' id='word_1_850' title='bbox 2230 4361 2484 4434; x_wconf 74' lang='lat' dir='ltr'><strong>Ecclesia:</strong></span> <span class='ocrx_word' id='word_1_851' title='bbox 2513 4365 2794 4434; x_wconf 89' lang='lat' dir='ltr'><strong>diripuisse</strong></span> <span class='ocrx_word' id='word_1_852' title='bbox 2825 4374 2985 4434; x_wconf 89' lang='lat' dir='ltr'><strong>atque</strong></span> <span class='ocrx_word' id='word_1_853' title='bbox 3012 4381 3318 4434; x_wconf 86' lang='lat' dir='ltr'><strong>usurpasse,</strong></span> <span class='ocrx_word' id='word_1_854' title='bbox 3351 4377 3410 4422; x_wconf 89' lang='lat' dir='ltr'><strong>ut</strong></span> <span class='ocrx_word' id='word_1_855' title='bbox 3445 4361 3558 4424; x_wconf 52' lang='lat' dir='ltr'><strong>aio?</strong></span> 
     </span>
    </p>
   </div>
   <div class='ocr_carea' id='block_1_120' title="bbox 1915 4432 3554 4562">
    <p class='ocr_par' dir='ltr' id='par_1_120' title="bbox 1915 4432 3554 4562">
     <span class='ocr_line' id='line_1_120' title="bbox 1915 4432 3554 4562; baseline 0.004 -75"><span class='ocrx_word' id='word_1_856' title='bbox 1915 4445 1964 4504; x_wconf 78' lang='grc' dir='ltr'><strong>ι)</strong></span> <span class='ocrx_word' id='word_1_857' title='bbox 1988 4432 2111 4487; x_wconf 82' lang='lat' dir='ltr'><strong>bam</strong></span> <span class='ocrx_word' id='word_1_858' title='bbox 2157 4448 2334 4501; x_wconf 88' lang='lat' dir='ltr'><strong>supra.</strong></span> <span class='ocrx_word' id='word_1_859' title='bbox 2366 4433 2496 4513; x_wconf 80' lang='lat' dir='ltr'><strong>ipsis</strong></span> <span class='ocrx_word' id='word_1_860' title='bbox 2524 4432 2832 4514; x_wconf 58' lang='lat' dir='ltr'><strong>Ast&#39;ronomi</strong></span> <span class='ocrx_word' id='word_1_861' title='bbox 2878 4432 3053 4490; x_wconf 73' lang='lat' dir='ltr'><strong>verbis</strong></span> <span class='ocrx_word' id='word_1_862' title='bbox 3101 4432 3277 4491; x_wconf 76' lang='lat' dir='ltr'><strong>allatis</strong></span> <span class='ocrx_word' id='word_1_863' title='bbox 3303 4438 3554 4562; x_wconf 59' lang='lat' dir='ltr'><strong>[DisserL</strong></span> 
     </span>
     <span class='ocr_line' id='line_1_121' title="bbox 1989 4502 3554 4562; baseline 0.006 -9"><span class='ocrx_word' id='word_1_864' title='bbox 1989 4518 2136 4556; x_wconf 90' lang='lat' dir='ltr'><strong>num.</strong></span> <span class='ocrx_word' id='word_1_865' title='bbox 2173 4503 2247 4562; x_wconf 88' lang='lat'><strong>8).</strong></span> <span class='ocrx_word' id='word_1_866' title='bbox 2293 4502 2372 4554; x_wconf 89' lang='lat' dir='ltr'><strong>Ex</strong></span> <span class='ocrx_word' id='word_1_867' title='bbox 2400 4503 2594 4562; x_wconf 83' lang='lat' dir='ltr'><strong>quibus</strong></span> <span class='ocrx_word' id='word_1_868' title='bbox 2635 4503 2822 4562; x_wconf 83' lang='lat' dir='ltr'><strong>liquet.</strong></span> <span class='ocrx_word' id='word_1_869' title='bbox 2854 4514 2964 4558; x_wconf 90' lang='lat' dir='ltr'><strong>tum</strong></span> <span class='ocrx_word' id='word_1_870' title='bbox 3011 4504 3281 4562; x_wconf 76' lang='lat' dir='ltr'><strong>Stephano</strong></span> <span class='ocrx_word' id='word_1_871' title='bbox 3339 4509 3398 4562; x_wconf 86' lang='lat' dir='ltr'><strong>V.</strong></span> <span class='ocrx_word' id='word_1_872' title='bbox 3423 4509 3554 4562; x_wconf 89' lang='lat' dir='ltr'><strong>Leo-</strong></span> 
     </span>
    </p>
   </div>
   <div class='ocr_carea' id='block_1_121' title="bbox 1989 4502 3558 4574">
    <p class='ocr_par' dir='ltr' id='par_1_121' title="bbox 1989 4502 3558 4574">
     <span class='ocr_line' id='line_1_122' title="bbox 1989 4502 3558 4574; baseline 0.005 -18"><span class='ocrx_word' id='word_1_873' title='bbox 1989 4503 2247 4574; x_wconf 36' lang='lat' dir='ltr'><strong>nuinLS).</strong></span> <span class='ocrx_word' id='word_1_874' title='bbox 2293 4502 2372 4554; x_wconf 88' lang='lat' dir='ltr'><strong>Ex</strong></span> <span class='ocrx_word' id='word_1_875' title='bbox 2400 4503 2594 4574; x_wconf 89' lang='lat' dir='ltr'><strong>quibus</strong></span> <span class='ocrx_word' id='word_1_876' title='bbox 2635 4503 2822 4574; x_wconf 88' lang='lat' dir='ltr'><strong>liquet,</strong></span> <span class='ocrx_word' id='word_1_877' title='bbox 2854 4514 2964 4558; x_wconf 88' lang='lat' dir='ltr'><strong>tmn</strong></span> <span class='ocrx_word' id='word_1_878' title='bbox 3011 4504 3281 4574; x_wconf 78' lang='lat' dir='ltr'><strong>Stephano</strong></span> <span class='ocrx_word' id='word_1_879' title='bbox 3309 4502 3398 4574; x_wconf 78' lang='grc' dir='ltr'><strong>ιν,</strong></span> <span class='ocrx_word' id='word_1_880' title='bbox 3423 4509 3558 4564; x_wconf 82' lang='lat' dir='ltr'><strong>Leo—</strong></span> 
     </span>
    </p>
   </div>
   <div class='ocr_carea' id='block_1_122' title="bbox 1989 4571 3554 4648">
    <p class='ocr_par' dir='ltr' id='par_1_122' title="bbox 1989 4571 3554 4648">
     <span class='ocr_line' id='line_1_123' title="bbox 1989 4571 3554 4648; baseline 0.004 -22"><span class='ocrx_word' id='word_1_881' title='bbox 1989 4575 2070 4648; x_wconf 82' lang='lat' dir='ltr'><strong>nis</strong></span> <span class='ocrx_word' id='word_1_882' title='bbox 2102 4571 2165 4625; x_wconf 92' lang='lat' dir='ltr'><strong>Ill</strong></span> <span class='ocrx_word' id='word_1_883' title='bbox 2207 4571 2554 4648; x_wconf 70' lang='lat' dir='ltr'><strong>Successuri,_</strong></span> <span class='ocrx_word' id='word_1_884' title='bbox 2576 4571 2882 4648; x_wconf 32' lang='lat' dir='ltr'><strong>non’longe</strong></span> <span class='ocrx_word' id='word_1_885' title='bbox 2908 4571 3136 4648; x_wconf 80' lang='lat' dir='ltr'><strong>petenda</strong></span> <span class='ocrx_word' id='word_1_886' title='bbox 3175 4576 3342 4632; x_wconf 87' lang='lat' dir='ltr'><strong>fuisse</strong></span> <span class='ocrx_word' id='word_1_887' title='bbox 3385 4571 3554 4648; x_wconf 86' lang='lat' dir='ltr'><strong>hujus</strong></span> 
     </span>
    </p>
   </div>
   <div class='ocr_carea' id='block_1_123' title="bbox 1989 4641 3555 4715">
    <p class='ocr_par' dir='ltr' id='par_1_123' title="bbox 1989 4641 3555 4715">
     <span class='ocr_line' id='line_1_124' title="bbox 1989 4641 3555 4715; baseline 0.004 -21"><span class='ocrx_word' id='word_1_888' title='bbox 1989 4642 2066 4715; x_wconf 83' lang='lat' dir='ltr'><strong>rei</strong></span> <span class='ocrx_word' id='word_1_889' title='bbox 2094 4641 2367 4711; x_wconf 85' lang='lat' dir='ltr'><strong>exempla;</strong></span> <span class='ocrx_word' id='word_1_890' title='bbox 2397 4649 2507 4715; x_wconf 84' lang='lat' dir='ltr'><strong>tum</strong></span> <span class='ocrx_word' id='word_1_891' title='bbox 2535 4641 3220 4715; x_wconf 12' lang='lat' dir='ltr'><strong>Ludovicianum[diploma</strong></span> <span class='ocrx_word' id='word_1_892' title='bbox 3251 4649 3410 4703; x_wconf 89' lang='lat' dir='ltr'><strong>rebus</strong></span> <span class='ocrx_word' id='word_1_893' title='bbox 3437 4641 3555 4703; x_wconf 78' lang='lat' dir='ltr'><strong>cer-</strong></span> 
     </span>
    </p>
   </div>
   <div class='ocr_carea' id='block_1_124' title="bbox 1989 4711 3555 4785">
    <p class='ocr_par' dir='ltr' id='par_1_124' title="bbox 1989 4711 3555 4785">
     <span class='ocr_line' id='line_1_125' title="bbox 1989 4711 3555 4785; baseline 0.005 -20"><span class='ocrx_word' id='word_1_894' title='bbox 1989 4711 2060 4766; x_wconf 90' lang='lat' dir='ltr'><strong>tis</strong></span> <span class='ocrx_word' id='word_1_895' title='bbox 2118 4719 2172 4764; x_wconf 91' lang='lat' dir='ltr'><strong>et</strong></span> <span class='ocrx_word' id='word_1_896' title='bbox 2203 4711 2910 4785; x_wconf 34' lang='lat' dir='ltr'><strong>prgesentibusuinhmrerea</strong></span> <span class='ocrx_word' id='word_1_897' title='bbox 2951 4711 3153 4770; x_wconf 77' lang='lat' dir='ltr'><strong>Octavo</strong></span> <span class='ocrx_word' id='word_1_898' title='bbox 3199 4715 3323 4771; x_wconf 93' lang='lat' dir='ltr'><strong>inde</strong></span> <span class='ocrx_word' id='word_1_899' title='bbox 3375 4734 3555 4785; x_wconf 89' lang='lat' dir='ltr'><strong>anno,</strong></span> 
     </span>
    </p>
   </div>
   <div class='ocr_carea' id='block_1_125' title="bbox 1990 4780 3556 4850">
    <p class='ocr_par' dir='ltr' id='par_1_125' title="bbox 1990 4780 3556 4850">
     <span class='ocr_line' id='line_1_126' title="bbox 1990 4780 3556 4850; baseline 0.005 -16"><span class='ocrx_word' id='word_1_900' title='bbox 1990 4796 2179 4850; x_wconf 90' lang='lat' dir='ltr'><strong>nempe</strong></span> <span class='ocrx_word' id='word_1_901' title='bbox 2218 4780 2343 4845; x_wconf 74' lang='grc'><strong>824,</strong></span> <span class='ocrx_word' id='word_1_902' title='bbox 2373 4781 2594 4850; x_wconf 83' lang='lat' dir='ltr'><strong>Eugenii</strong></span> <span class='ocrx_word' id='word_1_903' title='bbox 2622 4781 2665 4836; x_wconf 86' lang='lat' dir='ltr'><strong>ll</strong></span> <span class='ocrx_word' id='word_1_904' title='bbox 2708 4782 3027 4838; x_wconf 87' lang='lat' dir='ltr'><strong>auctoritate</strong></span> <span class='ocrx_word' id='word_1_905' title='bbox 3059 4785 3345 4841; x_wconf 89' lang='lat' dir='ltr'><strong>Lotharius</strong></span> <span class='ocrx_word' id='word_1_906' title='bbox 3378 4780 3556 4842; x_wconf 56' lang='lat' dir='ltr'><strong>Ludo;</strong></span> 
     </span>
    </p>
   </div>
   <div class='ocr_carea' id='block_1_126' title="bbox 1989 4850 3556 4912">
    <p class='ocr_par' dir='ltr' id='par_1_126' title="bbox 1989 4850 3556 4912">
     <span class='ocr_line' id='line_1_127' title="bbox 1989 4850 3556 4912; baseline 0.006 -10"><span class='ocrx_word' id='word_1_907' title='bbox 1989 4850 2094 4904; x_wconf 90' lang='lat' dir='ltr'><strong>vici</strong></span> <span class='ocrx_word' id='word_1_908' title='bbox 2121 4850 2262 4905; x_wconf 90' lang='lat' dir='ltr'><strong>ﬁlius</strong></span> <span class='ocrx_word' id='word_1_909' title='bbox 2289 4853 2341 4904; x_wconf 88' lang='lat' dir='ltr'><strong>in</strong></span> <span class='ocrx_word' id='word_1_910' title='bbox 2375 4851 2516 4906; x_wconf 90' lang='lat' dir='ltr'><strong>atrio</strong></span> <span class='ocrx_word' id='word_1_911' title='bbox 2559 4851 2704 4906; x_wconf 90' lang='lat' dir='ltr'><strong>beati</strong></span> <span class='ocrx_word' id='word_1_912' title='bbox 2751 4851 2893 4906; x_wconf 80' lang='lat' dir='ltr'><strong>Petri</strong></span> <span class='ocrx_word' id='word_1_913' title='bbox 2929 4855 3212 4908; x_wconf 88' lang='lat' dir='ltr'><strong>constituit</strong></span> <span class='ocrx_word' id='word_1_914' title='bbox 3255 4870 3270 4908; x_wconf 91' lang='lat'><strong>:</strong></span> <span class='ocrx_word' id='word_1_915' title='bbox 3308 4874 3326 4906; x_wconf 75' lang='grc' dir='ltr'><strong><em>ι</em></strong></span> <span class='ocrx_word' id='word_1_916' title='bbox 3364 4856 3434 4912; x_wconf 88' lang='lat' dir='ltr'><strong>Ut</strong></span> <span class='ocrx_word' id='word_1_917' title='bbox 3461 4857 3556 4911; x_wconf 61' lang='lat' dir='ltr'><strong>dco</strong></span> 
     </span>
    </p>
   </div>
   <div class='ocr_carea' id='block_1_127' title="bbox 1989 4920 3556 4990">
    <p class='ocr_par' dir='ltr' id='par_1_127' title="bbox 1989 4920 3556 4990">
     <span class='ocr_line' id='line_1_128' title="bbox 1989 4920 3556 4990; baseline 0.004 -17"><span class='ocrx_word' id='word_1_918' title='bbox 1989 4920 2361 4989; x_wconf 68' lang='lat' dir='ltr'><strong>prtedationes,</strong></span> <span class='ocrx_word' id='word_1_919' title='bbox 2379 4935 2498 4990; x_wconf 70' lang='lat' dir='ltr'><strong>qua:</strong></span> <span class='ocrx_word' id='word_1_920' title='bbox 2523 4921 2780 4975; x_wconf 87' lang='lat' dir='ltr'><strong>hactenus</strong></span> <span class='ocrx_word' id='word_1_921' title='bbox 2807 4921 2920 4975; x_wconf 81' lang='lat' dir='ltr'><strong>fieri</strong></span> <span class='ocrx_word' id='word_1_922' title='bbox 2944 4922 3204 4989; x_wconf 88' lang='lat' dir='ltr'><strong>solebant,</strong></span> <span class='ocrx_word' id='word_1_923' title='bbox 3230 4925 3375 4980; x_wconf 92' lang='lat' dir='ltr'><strong>nullo</strong></span> <span class='ocrx_word' id='word_1_924' title='bbox 3397 4928 3556 4980; x_wconf 86' lang='lat' dir='ltr'><strong>modo</strong></span> 
     </span>
    </p>
   </div>
   <div class='ocr_carea' id='block_1_128' title="bbox 1991 4989 3555 5060">
    <p class='ocr_par' dir='ltr' id='par_1_128' title="bbox 1991 4989 3555 5060">
     <span class='ocr_line' id='line_1_129' title="bbox 1991 4989 3555 5060; baseline 0.005 -17"><span class='ocrx_word' id='word_1_925' title='bbox 1991 4991 2140 5053; x_wconf 87' lang='lat' dir='ltr'><strong>liant,</strong></span> <span class='ocrx_word' id='word_1_926' title='bbox 2186 5004 2361 5060; x_wconf 89' lang='lat' dir='ltr'><strong>neque</strong></span> <span class='ocrx_word' id='word_1_927' title='bbox 2400 4989 2619 5060; x_wconf 39' lang='lat' dir='ltr'><strong>’vivente</strong></span> <span class='ocrx_word' id='word_1_928' title='bbox 2650 4990 2925 5060; x_wconf 87' lang='lat' dir='ltr'><strong>pontiﬁce,</strong></span> <span class='ocrx_word' id='word_1_929' title='bbox 2972 5006 3144 5059; x_wconf 87' lang='lat' dir='ltr'><strong>neque</strong></span> <span class='ocrx_word' id='word_1_930' title='bbox 3175 4993 3445 5048; x_wconf 89' lang='lat' dir='ltr'><strong>defuncto.</strong></span> <span class='ocrx_word' id='word_1_931' title='bbox 3495 4995 3555 5051; x_wconf 90' lang='lat' dir='ltr'><strong>Si</strong></span> 
     </span>
    </p>
   </div>
   <div class='ocr_carea' id='block_1_129' title="bbox 1991 5059 3554 5134">
    <p class='ocr_par' dir='ltr' id='par_1_129' title="bbox 1991 5059 3554 5134">
     <span class='ocr_line' id='line_1_130' title="bbox 1991 5059 3554 5134; baseline 0.003 -21"><span class='ocrx_word' id='word_1_932' title='bbox 1991 5059 2112 5134; x_wconf 85' lang='lat' dir='ltr'><strong>quis</strong></span> <span class='ocrx_word' id='word_1_933' title='bbox 2139 5059 2522 5134; x_wconf 37' lang='lat' dir='ltr'><strong>vero’ulterius</strong></span> <span class='ocrx_word' id='word_1_934' title='bbox 2548 5059 2885 5134; x_wconf 34' lang='lat' dir='ltr'><strong>hqc’fccerit,</strong></span> <span class='ocrx_word' id='word_1_935' title='bbox 2916 5061 3128 5134; x_wconf 71' lang='lat' dir='ltr'><strong>sciatse</strong></span> <span class='ocrx_word' id='word_1_936' title='bbox 3156 5062 3312 5134; x_wconf 84' lang='lat' dir='ltr'><strong>legali</strong></span> <span class='ocrx_word' id='word_1_937' title='bbox 3339 5074 3554 5118; x_wconf 85' lang='lat' dir='ltr'><strong>senten—</strong></span> 
     </span>
    </p>
   </div>
   <div class='ocr_carea' id='block_1_130' title="bbox 1991 5129 3558 5203">
    <p class='ocr_par' dir='ltr' id='par_1_130' title="bbox 1991 5129 3558 5203">
     <span class='ocr_line' id='line_1_131' title="bbox 1991 5129 3558 5203; baseline 0.003 -21"><span class='ocrx_word' id='word_1_938' title='bbox 1991 5129 2062 5203; x_wconf 80' lang='lat' dir='ltr'><strong>tia</strong></span> <span class='ocrx_word' id='word_1_939' title='bbox 2087 5129 2570 5203; x_wconf 76' lang='lat' dir='ltr'><strong>condemnandum.</strong></span> <span class='ocrx_word' id='word_1_940' title='bbox 2588 5129 2716 5203; x_wconf 74' lang='lat' dir='ltr'><strong>Qua:</strong></span> <span class='ocrx_word' id='word_1_941' title='bbox 2744 5143 2870 5183; x_wconf 80' lang='lat' dir='ltr'><strong>vero</strong></span> <span class='ocrx_word' id='word_1_942' title='bbox 2887 5141 3041 5203; x_wconf 77' lang='lat' dir='ltr'><strong>retro</strong></span> <span class='ocrx_word' id='word_1_943' title='bbox 3065 5129 3233 5186; x_wconf 58' lang='lat' dir='ltr'><strong>facta?</strong></span> <span class='ocrx_word' id='word_1_944' title='bbox 3247 5142 3390 5197; x_wconf 91' lang='lat' dir='ltr'><strong>sunt,</strong></span> <span class='ocrx_word' id='word_1_945' title='bbox 3412 5135 3558 5203; x_wconf 81' lang='lat' dir='ltr'><strong>lega-</strong></span> 
     </span>
    </p>
   </div>
   <div class='ocr_carea' id='block_1_131' title="bbox 1993 5197 3554 5258">
    <p class='ocr_par' dir='ltr' id='par_1_131' title="bbox 1993 5197 3554 5258">
     <span class='ocr_line' id='line_1_132' title="bbox 1993 5197 3554 5258; baseline 0.002 -6"><span class='ocrx_word' id='word_1_946' title='bbox 1993 5199 2114 5253; x_wconf 88' lang='lat' dir='ltr'><strong>liter</strong></span> <span class='ocrx_word' id='word_1_947' title='bbox 2163 5197 2535 5254; x_wconf 83' lang='lat' dir='ltr'><strong>emendentur.</strong></span> <span class='ocrx_word' id='word_1_948' title='bbox 2573 5220 2590 5252; x_wconf 71' lang='grc' dir='ltr'><strong><em>ι</em></strong></span> <span class='ocrx_word' id='word_1_949' title='bbox 2634 5200 2839 5256; x_wconf 82' lang='lat' dir='ltr'><strong>Caetera</strong></span> <span class='ocrx_word' id='word_1_950' title='bbox 2885 5200 3023 5255; x_wconf 85' lang='lat' dir='ltr'><strong>infra</strong></span> <span class='ocrx_word' id='word_1_951' title='bbox 3052 5210 3338 5257; x_wconf 86' lang='lat' dir='ltr'><strong>occurrent</strong></span> <span class='ocrx_word' id='word_1_952' title='bbox 3369 5205 3423 5258; x_wconf 91' lang='lat' dir='ltr'><strong>in</strong></span> <span class='ocrx_word' id='word_1_953' title='bbox 3468 5197 3554 5257; x_wconf 58' lang='lat' dir='ltr'><strong>die</strong></span> 
     </span>
    </p>
   </div>
   <div class='ocr_carea' id='block_1_132' title="bbox 1991 5263 3557 5340">
    <p class='ocr_par' dir='ltr' id='par_1_132' title="bbox 1991 5263 3557 5340">
     <span class='ocr_line' id='line_1_133' title="bbox 1991 5263 3557 5340; baseline 0.003 -18"><span class='ocrx_word' id='word_1_954' title='bbox 1991 5267 2242 5340; x_wconf 86' lang='lat' dir='ltr'><strong>plomatis</strong></span> <span class='ocrx_word' id='word_1_955' title='bbox 2263 5268 2476 5340; x_wconf 80' lang='lat' dir='ltr'><strong>Ottonis</strong></span> <span class='ocrx_word' id='word_1_956' title='bbox 2501 5279 2556 5322; x_wconf 89' lang='lat' dir='ltr'><strong>et</strong></span> <span class='ocrx_word' id='word_1_957' title='bbox 2581 5263 2799 5326; x_wconf 72' lang='lat' dir='ltr'><strong>Hen&#39;rici</strong></span> <span class='ocrx_word' id='word_1_958' title='bbox 2841 5272 2932 5340; x_wconf 84' lang='lat' dir='ltr'><strong>qui</strong></span> <span class='ocrx_word' id='word_1_959' title='bbox 2961 5272 3189 5326; x_wconf 84' lang='lat' dir='ltr'><strong>alienam</strong></span> <span class='ocrx_word' id='word_1_960' title='bbox 3217 5271 3557 5327; x_wconf 51' lang='lat' dir='ltr'><strong>constitutio-</strong></span> 
     </span>
    </p>
   </div>
   <div class='ocr_carea' id='block_1_133' title="bbox 1992 5339 3560 5397">
    <p class='ocr_par' dir='ltr' id='par_1_133' title="bbox 1992 5339 3560 5397">
     <span class='ocr_line' id='line_1_134' title="bbox 1992 5339 3560 5397; baseline 0.002 -5"><span class='ocrx_word' id='word_1_961' title='bbox 1992 5354 2114 5393; x_wconf 89' lang='lat' dir='ltr'><strong>nem</strong></span> <span class='ocrx_word' id='word_1_962' title='bbox 2154 5354 2303 5392; x_wconf 78' lang='lat' dir='ltr'><strong>suam</strong></span> <span class='ocrx_word' id='word_1_963' title='bbox 2335 5339 2511 5393; x_wconf 89' lang='lat' dir='ltr'><strong>facere</strong></span> <span class='ocrx_word' id='word_1_964' title='bbox 2534 5341 2797 5394; x_wconf 86' lang='lat' dir='ltr'><strong>videntur.</strong></span> <span class='ocrx_word' id='word_1_965' title='bbox 2843 5339 3000 5395; x_wconf 83' lang='lat' dir='ltr'><strong>Plura</strong></span> <span class='ocrx_word' id='word_1_966' title='bbox 3031 5341 3270 5397; x_wconf 87' lang='lat' dir='ltr'><strong>invenies</strong></span> <span class='ocrx_word' id='word_1_967' title='bbox 3292 5340 3345 5395; x_wconf 90' lang='lat' dir='ltr'><strong>in</strong></span> <span class='ocrx_word' id='word_1_968' title='bbox 3375 5341 3560 5396; x_wconf 88' lang='lat' dir='ltr'><strong>admo-</strong></span> 
     </span>
    </p>
   </div>
   <div class='ocr_carea' id='block_1_134' title="bbox 1992 5408 3556 5483">
    <p class='ocr_par' dir='ltr' id='par_1_134' title="bbox 1992 5408 3556 5483">
     <span class='ocr_line' id='line_1_135' title="bbox 1992 5408 3556 5483; baseline 0.002 -21"><span class='ocrx_word' id='word_1_969' title='bbox 1992 5409 2192 5483; x_wconf 81' lang='lat' dir='ltr'><strong>nitione</strong></span> <span class='ocrx_word' id='word_1_970' title='bbox 2220 5410 2288 5483; x_wconf 82' lang='lat' dir='ltr'><strong>ad</strong></span> <span class='ocrx_word' id='word_1_971' title='bbox 2318 5408 2525 5483; x_wconf 77' lang='lat' dir='ltr'><strong>litteras</strong></span> <span class='ocrx_word' id='word_1_972' title='bbox 2555 5409 2756 5483; x_wconf 53' lang='lat' dir='ltr'><strong>Steph.</strong></span> <span class='ocrx_word' id='word_1_973' title='bbox 2783 5409 2848 5466; x_wconf 85' lang='lat' dir='ltr'><strong>lll</strong></span> <span class='ocrx_word' id='word_1_974' title='bbox 2877 5420 2934 5483; x_wconf 85' lang='lat' dir='ltr'><strong>et</strong></span> <span class='ocrx_word' id='word_1_975' title='bbox 2962 5411 3344 5483; x_wconf 54' lang='lat' dir='ltr'><strong>inﬂamment.</strong></span> <span class='ocrx_word' id='word_1_976' title='bbox 3387 5425 3556 5483; x_wconf 76' lang='lat' dir='ltr'><strong>pnev.</strong></span> 
     </span>
    </p>
   </div>
   <div class='ocr_carea' id='block_1_135' title="bbox 1993 5478 3559 5549">
    <p class='ocr_par' dir='ltr' id='par_1_135' title="bbox 1993 5478 3559 5549">
     <span class='ocr_line' id='line_1_136' title="bbox 1993 5478 3559 5549; baseline 0.004 -19"><span class='ocrx_word' id='word_1_977' title='bbox 1993 5479 2059 5532; x_wconf 89' lang='lat' dir='ltr'><strong>ad</strong></span> <span class='ocrx_word' id='word_1_978' title='bbox 2087 5478 2343 5549; x_wconf 86' lang='lat' dir='ltr'><strong>epistolas</strong></span> <span class='ocrx_word' id='word_1_979' title='bbox 2383 5478 2625 5549; x_wconf 53' lang='lat' dir='ltr'><strong>Adriani.</strong></span> <span class='ocrx_word' id='word_1_980' title='bbox 2652 5478 2792 5535; x_wconf 46' lang='lat' dir='ltr'><strong>‘Vide</strong></span> <span class='ocrx_word' id='word_1_981' title='bbox 2818 5481 2979 5536; x_wconf 85' lang='lat' dir='ltr'><strong>etiam</strong></span> <span class='ocrx_word' id='word_1_982' title='bbox 3009 5478 3450 5537; x_wconf 80' lang='lat' dir='ltr'><strong>Dissertationcnt</strong></span> <span class='ocrx_word' id='word_1_983' title='bbox 3491 5483 3559 5537; x_wconf 88' lang='lat' dir='ltr'><strong>ad</strong></span> 
     </span>
    </p>
   </div>
   <div class='ocr_carea' id='block_1_136' title="bbox 1992 5547 2438 5616">
    <p class='ocr_par' dir='ltr' id='par_1_136' title="bbox 1992 5547 2438 5616">
     <span class='ocr_line' id='line_1_137' title="bbox 1992 5547 2438 5616; baseline -0.004 -15"><span class='ocrx_word' id='word_1_984' title='bbox 1992 5547 2333 5616; x_wconf 55' lang='lat' dir='ltr'><strong>eppJLeonis</strong></span> <span class='ocrx_word' id='word_1_985' title='bbox 2354 5547 2438 5602; x_wconf 89' lang='lat' dir='ltr'><strong>lll.</strong></span> 
     </span>
    </p>
   </div>
   <div class='ocr_carea' id='block_1_137' title="bbox 2069 5617 3565 5692">
    <p class='ocr_par' dir='ltr' id='par_1_137' title="bbox 2069 5617 3565 5692">
     <span class='ocr_line' id='line_1_138' title="bbox 2069 5617 3565 5692; baseline 0.005 -20"><span class='ocrx_word' id='word_1_986' title='bbox 2069 5617 2087 5654; x_wconf 74' lang='grc' dir='ltr'>ί</span> <span class='ocrx_word' id='word_1_987' title='bbox 2115 5617 2332 5692; x_wconf 75' lang='lat' dir='ltr'><strong>Statim</strong></span> <span class='ocrx_word' id='word_1_988' title='bbox 2386 5633 2451 5672; x_wconf 92' lang='lat' dir='ltr'><strong>ac</strong></span> <span class='ocrx_word' id='word_1_989' title='bbox 2497 5618 2737 5687; x_wconf 81' lang='lat' dir='ltr'><strong>pontifex</strong></span> <span class='ocrx_word' id='word_1_990' title='bbox 2768 5619 2927 5692; x_wconf 84' lang='lat' dir='ltr'><strong>morti</strong></span> <span class='ocrx_word' id='word_1_991' title='bbox 2971 5628 3091 5692; x_wconf 72' lang='lat' dir='ltr'><strong>erat</strong></span> <span class='ocrx_word' id='word_1_992' title='bbox 3139 5621 3415 5692; x_wconf 78' lang='lat' dir='ltr'><strong>proximus</strong></span> <span class='ocrx_word' id='word_1_993' title='bbox 3471 5623 3565 5680; x_wconf 81' lang='lat' dir='ltr'><strong>de-</strong></span> 
     </span>
    </p>
   </div>
   <div class='ocr_carea' id='block_1_138' title="bbox 1995 5689 3548 5757">
    <p class='ocr_par' dir='ltr' id='par_1_138' title="bbox 1995 5689 3548 5757">
     <span class='ocr_line' id='line_1_139' title="bbox 1995 5689 3548 5757; baseline 0.007 -17"><span class='ocrx_word' id='word_1_994' title='bbox 1995 5690 2273 5757; x_wconf 68' lang='lat' dir='ltr'><strong>serebatur</strong></span> <span class='ocrx_word' id='word_1_995' title='bbox 2302 5703 2397 5757; x_wconf 87' lang='lat' dir='ltr'><strong>per</strong></span> <span class='ocrx_word' id='word_1_996' title='bbox 2425 5703 2488 5742; x_wconf 88' lang='lat' dir='ltr'><strong>ea</strong></span> <span class='ocrx_word' id='word_1_997' title='bbox 2525 5697 2766 5757; x_wconf 84' lang='lat' dir='ltr'><strong>tempora</strong></span> <span class='ocrx_word' id='word_1_998' title='bbox 2797 5689 2909 5743; x_wconf 89' lang='lat' dir='ltr'><strong>fere</strong></span> <span class='ocrx_word' id='word_1_999' title='bbox 2936 5691 3003 5743; x_wconf 89' lang='lat' dir='ltr'><strong>ab</strong></span> <span class='ocrx_word' id='word_1_1000' title='bbox 3027 5689 3304 5754; x_wconf 81' lang='lat' dir='ltr'><strong>omnibus,</strong></span> <span class='ocrx_word' id='word_1_1001' title='bbox 3340 5709 3444 5749; x_wconf 90' lang='lat' dir='ltr'><strong>non</strong></span> <span class='ocrx_word' id='word_1_1002' title='bbox 3472 5709 3548 5752; x_wconf 73' lang='lat' dir='ltr'><strong>so</strong></span> 
     </span>
    </p>
   </div>
   <div class='ocr_carea' id='block_1_139' title="bbox 3058 5803 3130 5863">
    <p class='ocr_par' dir='ltr' id='par_1_139' title="bbox 3058 5803 3130 5863">
     <span class='ocr_line' id='line_1_140' title="bbox 3058 5803 3130 5863; baseline -0.014 0"><span class='ocrx_word' id='word_1_1003' title='bbox 3058 5803 3130 5863; x_wconf 85' lang='grc'><strong>19</strong></span> 
     </span>
    </p>
   </div>
  </div>
