4068 6188
378 353 483 409 753
521 351 676 408 con.
718 331 1458 413 DIPL.'—MONUM.,ETC.,
1486 342 1617 400 seu
1649 342 1800 401 con.
1825 321 2467 397 CAROLINUS.-—APP.
2491 317 2732 392 ὲ-Ειδι».
2774 335 3123 393 ιιυῡοιιδιιι
3153 335 3409 392 l.-—LIB.
3430 332 3494 391 ιι.
3538 337 3647 393 7st

378 477 490 521 s'ter
520 462 771 532 tripudio?
794 459 1048 514 ineﬁ'abili
1085 460 1520 532 fecundatus,1iu
1560 462 1737 532 sinum
1766 457 1953 532 gratige
1981 465 2037 523 Α
2056 452 2282 532 singulis
2309 453 2461 532 vobis
2496 452 2663 532 ipsius
2706 451 2952 532 eloquio.
2972 453 3354 532 proponendis,
3379 454 3654 532 eidemﬁc

379 545 574 589 vestra:
593 526 836 606 colligite
857 545 1165 606 quiesnmus
1208 531 1377 606 ﬁlium
1405 528 1730 606 singularem
1762 526 1957 606 vestris

377 615 430 659 et
460 602 655 658 matris
682 598 936 655 Ecclesia:
968 600 1319 668 beneplacitis
1343 614 1556 668 semper
1587 600 1639 652 in
1676 598 1960 668 omninspi-

378 677 517 729 ritus
561 670 984 741 promptitudine
1025 666 1362 741 pariturunt,
1415 666 1681 741 opus_Dei
1728 666 1958 734 benigne

376 738 731 813 perﬁci—entes
751 740 809 813 in
852 740 1007 813 nnbis
1034 755 1102 793 ex
1126 740 1325 813 tradita
1370 739 1523 813 vobis
1549 738 1778 813 desuper
1804 743 1957 805 pote-

376 808 521 867 state
548 824 596 863 ιι.
640 808 1021 865 Verisimillter
1048 809 1246 878 quippe
1273 824 1379 863 non
1410 808 1663 862 arbitrari
1701 822 1807 878 non
1833 822 1959 876 pos—

375 898 599 943 sumus,
631 879 795 951 369
821 880 963 951 quod
989 888 1095 932 tam
1124 877 1306 933 ardua;
1332 879 1409 933 rei
1439 877 1831 951 consummatio
1869 892 1958 929 ve-

374 964 507 1010 strae
536 953 608 1006 sit
635 948 848 1005 éélitus
872 949 1056 1019 gloria:
1087 962 1357 1019 reservata
1376 988 1391 1012 ,
1423 956 1485 1019 ut
1517 948 1570 1019 in
1618 948 1838 1019 dextera
1869 960 1961 1019 re-

375 1034 491 1079 stra
531 1020 817 1091 perﬁciat,
853 1017 1006 1091 cujus
1033 1018 1255 1088 gratiosi
1292 1017 1529 1091 prazsidii
1559 1034 1589 1071 a
1620 1017 1957 1091 sublimntio-

377 1094 465 1148 nis
497 1085 696 1145 nostra:
739 1085 1004 1159 principio
1039 1085 1102 1143 se
1140 1103 1245 1159 non
1278 1085 1766 1159 sensitexpertem.
1818 1085 1959 1159 Ecce

375 1176 511 1233 ergo
542 1156 797 1215 venerab.
820 1156 1071 1233 fratrem
1118 1158 1799 1233 lienricnmjasiliensem
1842 1156 1958 1225 epi-

376 1227 626 1300 scdpum,
661 1238 788 1291 etc.,
820 1229 850 1268 ιι
875 1228 1028 1282 vobis
1056 1239 1111 1282 et
1138 1227 1395 1300 Ecclesiae
1418 1228 1677 1300 Romanae
1705 1228 1957 1300 devotum

377 1302 447 1356 ad
475 1296 825 1356 beatimdinis
850 1306 1043 1352 vestra:
1076 1299 1239 1365 pedes
1270 1296 1673 1353 ﬁducialissime
1705 1296 1957 1365 duximus

377 1371 763 1438 destinandum
790 1368 1015 1438 supplici
1051 1364 1333 1422 devotione
1357 1376 1603 1438 petentes
1624 1408 1646 1438 ,ν
1685 1375 1745 1421 ut
1789 1366 1867 1438 ei,
1904 1364 1957 1416 in

378 1455 543 1509 quem
591 1437 981 1509 transfudimus
1025 1438 1215 1509 intima
1261 1436 1443 1509 cordis
1481 1437 1685 1509 nostri,
1716 1436 1958 1509 auditum

374 1503 626 1580 praebere
654 1507 1004 1580 benevolum,
1028 1516 1105 1580 __et
1131 1508 1187 1560 in
1213 1508 1464 1580 omnibus
1486 1508 1694 1580 nostris
1738 1503 1959 1580 agendis

378 1574 544 1634 iidem
594 1578 870 1633 credulam
915 1577 1173 1631 adhibere
1205 1576 1529 1646 dignemini,
1574 1577 1715 1630 sicut
1769 1574 1954 1636 nobis,

373 1648 732 1706 exauditione
760 1646 849 1718 [ex
876 1646 1172 1718 auditione]
1203 1647 1438 1715 gratuita
1468 1648 1851 1715 subsequente.

947 1758 1276 1815 EPISTOLA
1314 1759 1377 1815 ll.

384 1850 696 1921 Rudolplms
739 1851 915 1905 scribit
957 1851 1215 1904 cardinali
1251 1861 1364 1921 post
1393 1835 1608 1906 mortem
1642 1849 1880 1920 Gregorii
1911 1848 1959 1902 Χ

452 1932 599 1991 pont.
628 1938 794 1985 max.,
826 1931 873 1975 et
907 1921 1072 1975 eidem
1102 1921 1425 1975 commendat
1456 1921 1683 1990 legatum
1714 1936 1887 1975 suum.

707 2009 829 2082 (Αη.
860 2009 1014 2063 Dom.
1046 2009 1199 2075 1276,
1227 2009 1343 2064 cod.
1380 2008 1522 2064 Rud.
1560 2011 1646 2081 ιι.)

380 2100 782 2155 Annuussruu.
816 2131 884 2140 —
911 2100 1108 2154 Eadem
1143 2101 1428 2157 occasione
1466 2116 1678 2156 sacrum
1713 2103 1962 2158 cardina-

457 2171 589 2224 lium
624 2170 905 2240 collegium
933 2171 1202 2231 admonet,
1238 2185 1295 2225 se
1318 2172 1385 2226 ad
1414 2188 1608 2226 novum
1634 2172 1959 2241 pontiﬁcem,

457 2251 514 2293 et
549 2256 654 2295 una
684 2241 841 2295 simul
871 2241 935 2293 ad
962 2255 1054 2295 eos
1084 2249 1353 2295 oratorem
1384 2242 1628 2307 mittere;
1668 2244 1964 2298 deStinasse

459 2310 802 2367 Basiliensem
838 2311 1165 2383 episcopum,
1199 2311 1287 2379 qui
1317 2312 1430 2367 suis
1459 2314 1686 2383 negotiis
1728 2322 1961 2380 vacaret,

457 2396 689 2449 eumque
716 2381 966 2436 omnibus
990 2383 1349 2435 commendat.

463 2469 685 2535 Mutato,
734 2471 961 2525 Domino
1008 2479 1067 2524 ut
1110 2471 1344 2540 placuit,-
1379 2481 1738 2528 sacrosancta:
1774 2474 1966 2529 matris

391 2540 647 2613 Ecclesia:
686 2549 831 2596 statu
866 2542 1266 2613 inOpinabiliter
1289 2543 1371 2597 his
1396 2543 1588 2598 diebus
1623 2555 1680 2608 ο,
1714 2544 1769 2597 in
1811 2544 1966 2613 cuius

388 2610 690 2683 inntatione
742 2619 852 2665 tam
900 2611 1077 2666 subita
1116 2620 1308 2683 noster
1350 2614 1576 2667 stabiliri
1612 2628 1716 2667 non
1770 2610 1961 2683 potuit,

384 2680 518 2754 quin
540 2696 661 2735 cum
677 2696 754 2754 eo
774 2683 1085 2754 mutationis
1108 2682 1446 2754 incommoda
1472 2680 1787 2739 sustineret:
1804 2685 1968 2754 37o

385 2749 529 2805 Ecce
553 2751 695 2819 quod
718 2767 903 2806 vener.
930 2751 995 2805 N.
1035 2753 1119 2806 cui
1147 2760 1330 2805 nostra
1359 2754 1538 2808 cordis
1579 2768 1776 2808 arcana
1812 2749 1962 2807 cuin:

386 2822 661 2893 niunicata
711 2830 837 2893 sunt
882 2824 1101 2893 omnia,
1134 2821 1301 2893 velut
1344 2823 1720 2893 imaginarium
1768 2832 1967 2878 nostrxe

384 2890 795 2963 pra-srntirenad
831 2892 1175 2963 reatitudinis
1201 2890 1526 2963 apostolica
1572 2894 1754 2963 pedes,
1800 2903 1853 2948 et
1898 2894 1966 2946 ad

387 2957 484 3013 ros
516 2957 540 2996 ά
567 2960 886 3015 ﬁducialiter
910 2962 1160 3017 duximus
1183 2957 1589 3028 destinandum,'
1610 2972 1861 3031 rogantes
1886 2970 1964 3018 at-

384 3030 609 3094 tentius,
648 3040 701 3085 et
750 3031 1045 3097 hortantes,
1093 3043 1357 3101 quatenus
1404 3048 1567 3102 super
1600 3034 1865 3088 universis
1909 3042 1965 3088 et

2060 520 2178 577 dem
2204 522 2477 577 credulam
2503 522 2762 593 adbibere
2786 520 3006 584 curetis,
3054 522 3211 577 nobis
3243 523 3310 576 ad
3344 526 3647 593 expeditit»

2059 608 2181 673 nem
2216 606 2421 673 eorum,
2453 592 2941 673 gratuitamnopem
2986 599 3043 673 ent
3088 606 3329 673 operam,
3361 592 3536 673 prout
3572 595 3642 652 de

2061 670 2240 716 vestra
2254 660 2584 731 benignitate
2594 661 2934 726 conﬁdimus,
2948 660 3239 717 efﬁcaciter
3255 660 3573 732 applicando
3590 676 3636 720 ο.

2627 772 2961 828 EPISTOLA
2996 773 3081 829 ῙΠ.

2060 866 2262 922 Gaudet
2298 868 2361 921 de
2399 884 2528 948 nono
2563 866 2720 919 electo
2758 866 3029 948 pontiﬁce,
3056 875 3114 948 et
3154 877 3545 948 procuratorem
3584 868 3640 923 in

2471 936 2710 991 Romana
2747 936 2895 989 curia
2922 936 3208 990 constituit.

2358 1029 2484 1100 (An.
2518 1029 2670 1082 Dom.
2709 1028 2877 1094 1277,
2905 1030 3022 1083 cod.
3054 1027 3196 1084 Rud.
3225 1029 3335 1102 ιιι.)

2059 1122 2452 1175 Ancum-mrsu.
2477 1151 2548 1160 —
2570 1120 2676 1175 Per
2701 1122 2804 1175 hoc
2841 1121 3044 1191 regium
3087 1122 3318 1191 diploma
3361 1125 3641 1180 constituit

2131 1207 2326 1245 novum
2370 1199 2807 1265 procuratorem,
2861 1206 2953 1245 seu
3008 1191 3241 1265 legatum
3286 1207 3444 1265 suum
3499 1197 3641 1265 apud

2130 1269 2372 1315 sanctam
2414 1262 2597 1315 sedem
2641 1276 2761 1314 cum
2804 1261 3122 1315 necessariis
3166 1261 3641 1320 facultatibus—De

2131 1331 2293 1401 rebus
2330 1330 2740 1401 gerendisneum
2775 1330 3022 1394 instruit,
3051 1331 3270 1400 praemia
3312 1347 3410 1401 pro
3447 1333 3638 1390 iisdem

2132 1400 2268 1455 bene
2295 1398 2460 1468 gestis
2490 1398 2792 1467 pollicetur.

2132 1490 2410 1544 Exaltator
2447 1489 2728 1542 humilium
2776 1488 2918 1542 Deus
2963 1495 3082 1541 vota
3126 1496 3309 1543 nostra
3336 1490 3404 1544 ab
3427 1492 3640 1547 excelso

2101 1560 2438 1627 respiciendo
2482 1559 2863 1619 desideratum,
2904 1558 3012 1611 imo
3048 1560 3221 1611 virum
3252 1559 3639 1616 desideriorum

2101 1573 2438 1627 rosprcnenuo
2482 1573 2863 1619 desideratum,
2904 1573 3012 1611 uno
3048 1573 3221 1611 Virum
3252 1573 3639 1616 uesmertorum

2060 1573 2317 1684 Ecclesia:
2342 1645 2452 1682 suze
2487 1636 2686 1681 sancta:
2728 1642 2979 1696 sponsum
3022 1627 3266 1696 praevidit
3291 1628 3561 1695 idoneum,
3587 1641 3642 1685 ct

2062 1701 2106 1753 si
2140 1700 2285 1767 quid,
2337 1700 2381 1753 si
2417 1714 2481 1751 au
2510 1710 2674 1751 emus
2718 1697 2915 1759 dicere,
2955 1697 3006 1767 in
3053 1699 3165 1752 suis
3211 1701 3642 1755 antecessoribus

1990 1796 2039 1855 Β
2062 1765 2267 1855 exstitit
2297 1766 2616 1850 imperfecti,
2648 1767 2797 1855 quasi
2838 1781 2934 1855 per
2967 1765 3192 1855 fnrmam
3233 1769 3551 1855 completanm
3585 1770 3639 1823 in

2064 1838 2405 1893 sanctissimo
2433 1845 2575 1891 nunc
2602 1846 2752 1905 patre
2777 1844 2962 1891 nostro
2973 1838 3198 1906 domino
3221 1852 3357 1906 papa
3384 1839 3642 1906 perﬁcere

2064 1908 2485 1963 misericorditer
2504 1916 2587 1961 est
2606 1904 2858 1976 dignatus
2883 1906 2928 1958 ί.
2960 1904 3103 1959 Sane
3130 1907 3182 1959 in
3202 1904 3318 1975 ipso
3336 1904 3527 1961 noster
3554 1923 3642 1963 re—

2063 1979 2292 2046 quiescit
2344 1977 2576 2049 animus,
2632 1977 2684 2049 in
2735 1990 2849 2043 Ipso
2893 1976 3146 2044 ponimus
3193 1977 3484 2049 anchoram
3525 1978 3642 2049 spei

2064 2057 2280 2110 nostrae,
2313 2056 2370 2101 ut
2401 2048 2514 2116 ipse
2558 2046 2836 2116 nobiscum
2868 2061 3087 2115 regnum
3116 2053 3285 2115 regat,
3319 2046 3372 2100 in
3416 2046 3642 2116 imperio

2065 2118 2310 2186 imperet,
2334 2115 2562 2174 ordinet,
2596 2124 2651 2169 et
2676 2115 2939 2186 disponat,
2968 2131 3086 2184 quzc
3107 2117 3388 2186 utriusque
3406 2115 3642 2173 hominis

2064 2184 2191 2243 sunt
2217 2189 2374 2256 371
2403 2186 2590 2239 salutis
2615 2184 2947 2256 8._Pr:cterca
2973 2185 3267 2245 credimus,
3295 2184 3404 2256 imo
3431 2195 3642 2242 certum

2064 2254 2493 2328 gerimui'Quod
2535 2254 2679 2328 apud
2730 2255 2904 2328 ipsum
2954 2264 3138 2328 noster
3157 2270 3276 2310 esse
3303 2255 3501 2328 debeas
3530 2256 3645 2328 [tle-

2063 2324 2209 2398 beat]
2249 2324 2438 2398 oculus
2466 2324 2585 2379 non
2621 2324 2935 2398 dormitans,
2973 2325 3123 2379 auris
3143 2333 3377 2398 patens,
3421 2324 3642 2383 desiera

2064 2394 2256 2451 manus
2295 2395 2433 2450 facta
2481 2404 2665 2450 nostra
2704 2394 2941 2462 dirigens
2974 2403 3029 2449 et
3070 2395 3415 2464 gubernans;
3456 2398 3535 2452 sic
3582 2407 3644 2452 ut

2064 2476 2249 2520 nostra
2275 2466 2501 2521 directio
2522 2464 2653 2520 etin
2679 2479 2835 2520 sacro
2864 2463 3107 2520 Romano
3128 2463 3355 2533 imperio
3369 2467 3643 2533 provectio

2066 2536 2160 2589 tibi
2190 2537 2403 2605 tuisque
2429 2551 2461 2589 a
2487 2535 2742 2604 progenie
2777 2534 2830 2590 in
2856 2533 3141 2605 progenies
3167 2533 3235 2589 ad
3259 2535 3641 2592 exultationem

2065 2606 2257 2660 cedere
2279 2606 2470 2661 debeat
2488 2605 2721 2660 nominis
2731 2613 2785 2659 et
2806 2605 3027 2659 honoris
3046 2605 3096 2657 ιι.
3114 2605 3287 2659 Porro
3307 2606 3447 2673 apud
3465 2606 3639 2675 ipsum

2066 2676 2466 2730 sanctissimum
2494 2683 2701 2743 patrem
2736 2682 3002 2741 nostrum,
3029 2681 3082 2728 te
3105 2683 3348 2729 nostrum
3384 2689 3643 2744 procura-

2066 2755 2237 2799 torem
2280 2745 2657 2800 constituimus
2701 2745 2769 2798 ad
2815 2744 3235 2810 consulendum,
3281 2752 3336 2799 et
3381 2745 3644 2803 allectivis

2065 2815 2506 2895 persuasionibus
2535 2814 2927 2895 impetrandum
2965 2815 3147 2895 omnin
3197 2830 3353 2870 sacro
3400 2815 3643 2895 Romano

2065 2883 2292 2954 imperio
2320 2884 2628 2954 profutura,
2659 2883 2985 2939 sanctissimi
3031 2885 3171 2939 votis
3214 2900 3320 2940 non
3350 2888 3641 2953 contraria,

2066 2954 2160 3008 sed
2184 2968 2281 3024 per
2299 2954 2479 3025 omnia
2506 2954 2607 3010 sibi
2628 2962 2987 3025 consentanea
3015 2955 3031 2995 ί
3060 2971 3213 3025 suum
3231 2971 3464 3025 namque
3486 2957 3642 3021 velle,

2066 3023 2220 3078 suum
2259 3024 2399 3078 nolle
2441 3040 2472 3078 a
2507 3033 2692 3079 nostra
2725 3039 2831 3078 non
2873 3023 3200 3095 discrepabit
3246 3023 3643 3096 ullo‘tempore

458 3196 485 3224 ι
523 3182 747 3257 Adhasc
773 3190 1013 3257 tempora
1038 3184 1312 3257 pertinere
1334 3183 1583 3257 ridentur
1606 3192 1851 3257 patentes
1873 3183 1961 3239 lit-
1984 3162 2030 3221 ο
2130 3183 2155 3223 d
2186 3182 2474 3257 Quidquid
2500 3183 2559 3257 in
2601 3184 2830 3257 negotio
2872 3184 3275 3257 coronatinnis,
3330 3186 3647 3257 ueterisque

387 3262 520 3310 teras
567 3253 685 3324 (lib.
731 3268 902 3324 1,,ep.
931 3254 1020 3322 28)
1057 3254 1210 3324 queis
1243 3255 1520 3309 Mediolani
1550 3271 1609 3324 se
1652 3254 1961 3309 adfuturum

383 3320 741 3394 pollicebatur
765 3320 864 3377 die
878 3320 1067 3377 sancto
1092 3320 1398 3386 Paschatis,
1421 3339 1515 3378 seu
1542 3323 1576 3377 5
1596 3324 1814 3394 Aprilis,
1840 3324 1965 3379 inde

389 3393 459 3447 ad
504 3393 706 3449 Urbem
747 3407 1180 3462 progressurum.
1230 3394 1346 3447 Non
1377 3395 1519 3448 enim
1563 3393 1824 3448 credibile
1856 3403 1960 3457 est,

390 3465 548 3518 datas
596 3462 759 3532 fuisse
805 3471 1088 3531 postquam
1139 3463 1453 3532 lludolpbus
1496 3472 1579 3517 est
1625 3465 1822 3518 vetitus
1846 3478 1964 3531 pro-

389 3533 564 3602 gredi.
597 3531 734 3585 Num
763 3540 941 3586 autem
970 3548 1076 3587 uno
1102 3531 1399 3602 eodemque
1425 3543 1665 3601 tempore
1693 3534 1834 3588 datm
1858 3533 1964 3587 fue-

390 3605 504 3656 rint
528 3618 650 3656 cum
681 3602 1045 3670 gratulatoriis
1084 3603 1237 3665 istis,
1277 3619 1343 3657 an
1366 3604 1611 3665 seorsim,
1654 3603 1961 3671 expeditum

388 3688 499 3727 non
526 3680 614 3743 est
636 3672 949 3743 decernere.
995 3673 1151 3727 Certe
1174 3681 1299 3727 ante
1334 3672 1643 3743 praedictam
1665 3672 1960 3727 Innocentii

386 3742 811 3812 admonitionem
823 3750 1065 3810 utrmque
1085 3744 1299 3812 scriptae
1329 3742 1483 3807 Sunt;
1514 3743 1799 3812 utrobique
1819 3743 1965 3812 enim

387 3813 457 3865 de
479 3810 743 3882 imperiali
763 3811 1063 3882 diademate
1079 3810 1416 3881 suscipiendo
1444 3814 1634 3882 agitur,
1656 3811 1675 3880 j
1714 3810 1810 3865 ita
1832 3810 1966 3867 Gre-

388 3896 489 3949 gor
512 3882 526 3934 i
558 3879 1023 3935 deliberationem.
1224 3879 1240 3881 “
1318 3926 1325 3932 .

463 3952 489 3989 h
517 3950 752 4005 Litteras
776 3949 1082 4017 aliquandiu
1106 3958 1229 4005 ante
1265 3952 1498 4005 oratoris
1525 3952 1809 4005 adventum
1848 3966 1967 4005 esse

386 4019 583 4090 allatas
610 4019 835 4073 Ruinam
859 4020 1127 4089 colligitur
1150 4035 1217 4073 ex
1239 4018 1453 4073 laudata
1477 4022 1831 4075 cardinalium
1855 4021 1967 4090 epi-

388 4089 550 4152 szola,
590 4104 723 4160 eum
762 4090 1026 4158 siquidem
1087 4090 1462 4160 supervenisse
1510 4091 1711 4153 dicunt,
1748 4092 1871 4145 dum
1889 4089 1966 4144 de

388 4158 761 4227 componenda
788 4158 1170 4214 controversia
1186 4160 1447 4227 agebatur
1474 4174 1488 4213 :
1525 4178 1543 4209 ‹
1578 4161 1814 4213 Tandem
1843 4175 1963 4212 ven.

389 4172 761 4281 conponenda
788 4172 1153 4214 controversia
1186 4172 1447 4227 agebatur
1474 4174 1488 4213 :
1525 4178 1543 4209 ‹
1579 4172 1814 4213 "tandem
1843 4175 1963 4212 ven.

389 4228 459 4282 Ir.
539 4228 775 4282 asiliensi
802 4229 1054 4297 episeopo
1099 4236 1280 4282 vestro
1304 4238 1431 4283 tunc
1470 4231 1657 4284 nuntio
1682 4231 1749 4283 ad
1787 4231 1967 4283 sedem

389 4297 738 4369 apostolicam
790 4299 1097 4369 accedente,
1145 4312 1224 4369 ac
1237 4299 1543 4369 excellente
1580 4300 1824 4369 principe
1868 4298 1966 4369 do—

392 4367 541 4437 mino
565 4366 760 4437 Carolo
787 4366 980 4421 illustri
1021 4382 1147 4437 rege
1194 4365 1394 4421 Siciliae
1436 4365 1773 4424 citatissimo
1800 4367 1968 4436 ipsius

390 4436 647 4491 Ecclesia:
675 4436 784 4506 tilio
808 4439 947 4506 apud
974 4437 1155 4491 sedem
1184 4437 1448 4506 existente
1474 4439 1803 4506 praedictam,
1831 4452 1968 4505 prte-

2064 3253 2386 3309 tractatihus
2410 3253 2477 3307 ad
2500 3253 2839 3322 Rudolphum
2861 3255 3228 3323 spectantibus
3247 3265 3427 3311 actum
3447 3253 3641 3321 fuerat,

2063 3339 2129 3395 ex
2158 3323 2385 3395 consilio
2415 3324 2554 3395 sacri
2585 3323 2793 3395 collegii
2820 3322 3021 3395 factum
3048 3325 3300 3381 vidimus.
3328 3325 3505 3392 Quare
3519 3325 3646 3395 jure

2062 3394 2369 3448 destinatur
2412 3393 2619 3462 legatus
2647 3394 2714 3448 ad
2733 3393 3049 3463 pontiﬁcem
3093 3402 3148 3451 et
3174 3395 3495 3461 cardinales,
3525 3393 3644 3453 sive

2063 3464 2131 3517 ad
2159 3463 2506 3523 apostolicam
2533 3463 2737 3518 sedem.

2138 3544 2161 3571 θ
2192 3532 2502 3615 ‘lfiotandum
2534 3532 2824 3613 discrimen
2850 3550 2863 3586 :
2888 3532 3161 3615 pontiﬁcis
3184 3533 3501 3601 auctoritas,
3523 3551 3645 3592 car-

2064 3600 2328 3672 dinaiium
2356 3602 2719 3672 patrocinium
2749 3600 3073 3672 exquiritur.

2140 3672 2159 3710 f
2202 3671 2427 3724 Fallitur
2473 3670 2614 3725 haud
2664 3670 3127 3727 dubie—collector
3165 3671 3232 3726 ad
3276 3673 3573 3730 Innocentii
3599 3677 3643 3731 γ
3744 3726 3751 3732 .

2063 3741 2433 3811 pontiﬁcatum
2481 3748 2724 3808 spectare
2756 3749 2949 3811 putans
2974 3742 3079 3796 hoc
3101 3742 3353 3811 diploma,
3385 3746 3528 3811 quod
3562 3746 3645 3799 in—

2065 3809 2227 3879 Super
2248 3826 2346 3880 pro
2364 3809 2558 3863 litteris
2577 3809 3182 3881 gratulatoriis,iterum
3200 3810 3368 3881 falsus
3388 3809 3442 3865 in
3466 3814 3640 3881 titulo,

2063 3895 2124 3935 se
2152 3879 2487 3935 demonstrat
2514 3879 2777 3948 accipere.
2805 3879 2862 3934 In
2886 3880 3007 3934 cod.
3033 3880 3196 3935 etiam
3225 3879 3471 3936 Caesareo
3495 3879 3645 3938 eum?-

2066 3951 2187 4020 dem
2216 3948 2427 4020 titulum
2459 3948 2589 4018 legit
2626 3957 2815 4003 auctor
2852 3949 2989 4020 Piet.
3017 3949 3171 4020 Aust.
3198 3949 3314 4020 (lib.
3348 3966 3403 4020 1,,
3423 3966 3472 4005 c.
3498 3952 3551 4013 9,

2066 3969 2187 4004 (lem
2217 3969 2427 4003 ιιιιιιιιιιι
2459 3969 2589 4018 tegit.
2626 3969 2815 4003 θυοιοι·
2852 3969 2989 4003 ιἰθι.
3017 3969 3171 4003 AUSI.
3198 3969 3314 4020 μη).
3348 3969 3387 4013 1,
3423 3969 3472 4005 C.
3498 3969 3551 4013 υ,

2064 4018 2176 4090 56).
2211 4019 2568 4090 Recteautem
2584 4024 2798 4090 aetatem
2822 4017 2999 4073 differt
3019 4019 3088 4090 ad
3110 4017 3404 4090 Nigqlarlll
3427 3969 3645 4090 pontii:1

2065 4087 2266 4153 catum,
2296 4088 2385 4158 qui
2415 4088 2580 4158 cmpit
2614 4088 2714 4143 sub
2740 4088 2903 4143 ﬁnem
2949 4087 3075 4158 annui
3113 4087 3274 4141 1277.
3309 4088 3366 4143 Si
3393 4087 3538 4145 enim
3578 4092 3646 4146 de

2065 4157 2375 4213 Innocentio
2402 4157 2706 4227 sermonem
2751 4158 2974 4212 haberet
3007 4157 3340 4227 Rudolpbus,
3393 4159 3448 4213 in
3494 4170 3646 4217 ante-

2066 4226 2698 4297 cessoribusimperl‘ecti
2734 4227 2935 4297 aliquid
2975 4226 3238 4295 suspicari
3267 4243 3374 4283 non
3400 4230 3641 4286 auderet.

2068 4297 2172 4369 Uni
2196 4298 2340 4369 enim
2368 4296 2630 4369 Gregorio
2656 4296 2998 4369 Innocentius
3025 4306 3379 4369 successerat,
3404 4299 3469 4353 de
3492 4299 3646 4369 cujus

2066 4366 2437 4437 benevolentia
2463 4382 2529 4422 ac
2554 4367 2877 4437 liberalitate
2903 4374 3013 4420 tam
3038 4365 3206 4420 multa
3243 4367 3380 4421 dixit
3416 4368 3468 4421 in
3506 4365 3646 4437 prte-

2066 4437 2378 4508 cedentibus
2403 4436 2617 4508 litteris.
2656 4435 2841 4508 Itaque
2883 4437 3001 4508 loco
3027 4438 3346 4508 movendnm
3372 4446 3454 4492 est
3477 4435 3647 4508 diplo-

390 4506 534 4559 fatus
566 4505 802 4576 pontifex
838 4500 1176 4561 Innocentius
1200 4500 1731 4568 laboravit'sollicite,
1761 4500 1967 4561 ac'dili—
1994 4500 2042 4559 D
2068 4521 2154 4576 ma
2180 4505 2341 4569 istud,
2383 4513 2437 4559 et
2457 4506 2524 4561 ad
2554 4500 2911 4560 annum'1277
2944 4520 3081 4576 pene
3118 4506 3440 4575 completum
3472 4500 3646 4563 trans-

389 4584 579 4644 genter
608 4575 928 4644 interposuit
974 4586 1155 4643 partes
1198 4590 1345 4639 suas,
1395 4585 1453 4630 ut
1492 4584 1756 4632 tractatus
1791 4576 1971 4643 hujus-

390 4645 537 4715 nlodi
564 4652 807 4713 optatum
834 4645 1035 4698 exitum
1062 4645 1403 4700 sortirentur.
1444 4646 1551 4701 Sed
1578 4648 1768 4701 eodem
1792 4647 1970 4715 ponti-

391 4713 847 4784 ﬁcelnnocentio,
873 4714 1014 4768 sicut
1054 4715 1120 4769 de
1146 4714 1496 4784 dispositione
1523 4713 1972 4784 processit'Altis-

390 4783 536 4846 simi,
560 4798 685 4853 eum
729 4784 1039 4838 incurrente
1083 4783 1409 4839 inﬁrmitatis
1434 4784 1751 4848 articulum,
1785 4785 1838 4837 in
1865 4799 1971 4853 quo

392 4852 705 4922 temporalis
732 4868 951 4908 cursum
986 4853 1323 4923 vitzentinivit,
1351 4861 1616 4909 tractatus
1640 4855 1741 4923 ipsi
1762 4852 1972 4909 deside-

393 4921 526 4976 rata:
545 4922 1026 4993 consninmationis
1059 4921 1307 4993 effectum
1333 4924 1589 4993 consequi
1616 4921 1836 4977 minime
1876 4937 1972 4992 po-

391 5000 664 5061 tuerunt.»
693 4990 845 5047 Unde
868 4999 1035 5061 patet,
1060 4991 1385 5061 destinatum
1408 4990 1573 5048 fuisse
1605 4990 1895 5056 oratorem,
1913 5000 1972 5046 ut

390 5061 593 5116 habent
630 5060 824 5115 littera:
848 5060 875 5123 ,’
911 5062 1007 5116 sed
1051 5060 1167 5128 ejus
1209 5062 1495 5116 adventum
1538 5072 1593 5114 et
1652 5062 1969 5129 praedictum

390 5130 594 5185 Sicilia
618 5131 762 5201 regis
782 5131 1104 5199 bomagiom,
1136 5139 1189 5201 et
1213 5132 1514 5201 pontiﬁcias
1540 5132 1748 5185 litteras
1773 5130 1974 5185 Rudol—

389 5202 499 5270 pho
518 5200 924 5269 persuadentes,
948 5210 1006 5253 ut
1026 5200 1128 5254 iter
1147 5200 1387 5254 Italicum
1410 5211 1498 5255 aut
1524 5218 1631 5256 non
1653 5201 1969 5268 susciperet,

392 5277 485 5323 aut
511 5270 888 5339 suspenderet,
920 5270 1192 5338 praeivisse
1219 5278 1450 5338 Oportet.
1476 5270 1645 5326 Secus
1680 5270 1825 5324 enim
1852 5284 1972 5324 car-

391 5337 650 5392 dinaliuin
678 5339 872 5394 litteris
911 5337 1034 5394 cum
1067 5337 1423 5406 Rudolphinis
1464 5340 1685 5395 minime
1718 5340 1972 5395 conveni-

393 5408 772 5489 ret,.quod_ne
796 5409 1140 5480 cogitandum
1163 5408 1380 5477 quidem
1408 5408 1476 5464 de
1502 5417 1609 5463 tam
1642 5409 1865 5479 integris
1894 5409 1972 5464 rei

393 5478 739 5533 testimoniis.

466 5556 490 5585 ο
519 5544 1009 5620 Etasiitterarum
1033 5548 1276 5603 innuitur
1300 5548 1458 5617 paulo
1485 5557 1606 5620 post
1634 5549 1695 5603 Β.
1727 5547 1971 5620 Gregorii

393 5625 646 5688 mortem.
680 5616 833 5673 Unde
862 5618 1031 5688 magis
1060 5616 1337 5688 magisque
1365 5619 1734 5683 conﬁrmatur,
1772 5616 1974 5673 Riidol-

433 5685 560 5739 lium
587 5686 653 5741 de
675 5687 908 5742 oratoris
935 5685 1291 5742 destinatione
1328 5688 1491 5757 loqui,
1521 5704 1679 5756 quem
1727 5689 1974 5743 cardina—

418 5770 477 5809 es
500 5765 622 5825 post.
656 5771 868 5812 menses
892 5757 1095 5826 aliquot
1127 5757 1352 5812 Romam
1384 5758 1594 5813 venisse
1625 5759 1791 5812 aiunt.

2071 4574 2199 4629 ferri
2230 4576 2407 4630 debet.

2145 4646 2169 4684 ε
2208 4644 2458 4717 Magnum
2488 4658 2674 4698 revera
2704 4645 3039 4715 obsequium,
3070 4646 3345 4717 magna-Vin
3388 4647 3647 4717 principis

2070 4714 2435 4783 apostolorum
2478 4728 2820 4769 successores
2858 4714 3197 4770 reverentia]
3248 4714 3647 4772 Sacerdotifet

2072 4782 2223 4853 regni
2268 4783 2611 4863 concordiam
2650 4784 2852 4839 indicat
2875 4800 2993 4863 per
3035 4794 3324 4863 utrumqne
3353 4787 3643 4863 hominem.

2070 4866 2264 4921 nempe
2288 4867 2385 4921 per
2406 4852 2715 4922 pontiﬁcem
2747 4852 3061 4920 maximum,
3088 4863 3143 4909 et
3165 4852 3505 4909 se’futurum
3546 4856 3645 4910 im—

2070 4930 2392 4991 peratorem.

2143 4992 2169 5030 ιι
2209 4989 2340 5062 Cum
2370 4990 2693 5062 documento
2737 4992 2893 5048 valde
2938 4990 3056 5062 utili
3091 4992 3368 5062 quibusvis
3410 5007 3645 5047 summo»

2072 5075 2192 5131 rum
2216 5060 2520 5130 principum
2546 5061 2879 5116 administris
2904 5060 3180 5131 conjungit
3204 5062 3529 5131 prmcipuum
3555 5078 3647 5114 nc-

2071 5129 2337 5200 gotiorum
2367 5129 2627 5200 omnium,
2655 5129 3052 5200 provectionetn
3096 5129 3344 5187 videlicet
3368 5129 3434 5185 ad
3478 5132 3644 5199 impe-

2073 5197 2211 5269 rium
2243 5212 2339 5269 per
2374 5197 2671 5269 Romanam
2700 5202 3121 5265 coronationem,
3153 5217 3184 5255 a
3220 5216 3323 5269 qua
3365 5215 3464 5269 per
3490 5197 3643 5269 bien-

2071 5268 2242 5339 niurn_
2273 5267 2485 5339 Nicolai
2527 5270 2952 5339 praedecessores
2988 5267 3326 5325 Innocentius
3364 5267 3420 5324 et
3452 5268 3649 5323 Adria-

2072 5353 2172 5392 nus
2200 5337 2242 5391 γ
2267 5346 2427 5406 atque
2457 5336 2688 5393 Joannes
2714 5340 2833 5394 XXI
2864 5356 2961 5409 pro
2987 5341 3128 5394 bono
3148 5340 3294 5409 pacis
3314 5354 3433 5392 eum
3457 5355 3643 5393 arcue-

2075 5414 2216 5460 rant.

2151 5478 2165 5517 ί
2199 5475 2514 5531 Przeclarius
2530 5475 2768 5544 ejusdem
2795 5478 3094 5533 concordiae
3112 5477 3500 5541 testimonium,
3524 5491 3619 5546 per
3635 5508 3648 5520 -

2074 5554 2291 5618 petiiqu
2339 5547 2517 5615 magni
2565 5548 2723 5616 hujus
2757 5548 3112 5618 progenitoris
3152 5548 3406 5618 Augusta:
3454 5548 3647 5601 domus

2074 5613 2370 5686 Austriacaz
2415 5613 2838 5686 monumentum.
2861 5613 3020 5683 'Quae
3058 5613 3262 5673 scilich
3287 5626 3538 5673 constans
3570 5618 3645 5686 pii

2075 5685 2334 5757 principis
2362 5684 2607 5757 voluntas
2633 5689 2701 5741 ab
2730 5687 2842 5757 ipsa
2869 5687 3129 5742 electione
3156 5688 3414 5757 originem
3452 5684 3599 5741 ducit
3626 5704 3641 5741 :

2082 5703 2334 5756 pl‘lnClpIS
2362 5703 2607 5741 vonuntas
2633 5703 2701 5741 an
2730 5703 2744 5740 ι
2787 5703 2842 5740 sa
2869 5703 3129 5742 electione
3156 5704 3414 5757 originem
3452 5703 3599 5741 Cthtt
3626 5704 3641 5741 :

2082 5775 2098 5806 ι
2136 5754 2480 5824 Subﬁcimus,
2516 5756 2707 5826 inquit,
2748 5703 2998 5811 iiumcros
3020 5758 3334 5823 imbecilles,
3365 5766 3642 5827 sperantes

2153 5907 2176 5932 Ὦ
