4068 6188
473 294 572 352 851

1348 288 1407 342 Β.
1448 288 1696 344 CAROLI
1727 289 1939 344 MAG-Nl
1975 289 2122 344 OPI’.
2162 290 2339 346 PARS
2377 293 2417 346 l.
2453 293 2693 350 SECTIO
2730 293 2794 348 lll

3627 295 3735 352 852

477 421 536 467 ut
564 410 876 480 eﬁiagitantt
906 405 1104 476 populo
1125 418 1328 480 morem
1364 413 1612 480 gereth
1626 419 1767 460 anno
1799 405 2051 480 {208sex
2082 406 2128 465 Α
2157 405 2470 480 tiescunque
2522 407 2786 460 senatoris
2813 406 3031 480 electio,
3089 406 3167 460 vel
3215 405 3458 470 alterius,
3486 421 3734 480 quocun-

475 491 530 538 et
551 473 938 550 qtiinquaginta
975 473 1253 550 senatores
1275 473 1508 550 instituit
1537 473 1710 545 (ϐεδε.
1746 491 1894 529 num.
1926 475 2049 537 141,

475 545 615 620 seq.)
638 545 935 618 praedicens
960 545 1454 620 pessimOApublico
1483 551 1690 598 tantum
1725 559 1911 620 eorum
1953 561 2054 620 nu-

476 613 684 674 merum
719 613 1054 672 creatunriri
1087 632 1100 666 :
1138 633 1157 664 ι
1197 613 1488 669 Senatores
1528 622 1735 676 autem,
1785 616 1923 670 sicut
1956 615 2054 669 do-

476 690 654 744 minus
671 701 807 756 papa
833 685 1170 756 praedixerat,
1199 691 1308 737 tam
1333 683 1471 756 male
1495 685 1549 738 in
1560 683 1750 756 ptiicio
1775 685 2054 755 regiminis

473 753 845 828 segesseru‘nt‘,
863 762 922 807 ut
946 769 978 806 a
995 753 1232 828 qunlibet
1258 761 1366 808 tam
1390 753 1531 828 intra
1559 753 1754 808 Urbem
1779 753 1938 828 quam
1961 769 2052 828 ex_-

476 823 579 890 tra',
606 824 868 879 maleﬁcia
899 823 1367 877 committerentur
1389 823 1626 890 impune,
1651 837 1784 890 pace
1809 838 1872 878 ac
1891 823 2052 890 justi-

473 897 546 950 tia
570 894 781 964 penitus
824 892 1104 964 relegat_is._
1121 890 1273 964 Unde
1297 891 1522 960 populus
1555 893 1719 964 cmpit
1741 893 1876 948 adeo
1897 908 2052 948 exse-

474 961 635 1025 erari,
673 972 731 1017 ut
749 962 1045 1031 oportuerit
1074 961 1350 1014 dominum
1373 975 1564 1030 papam
1603 963 1668 1016 ad
1709 977 2050 1017 communem

472 1033 653 1105 populi
680 1032 990 1105 petitionem
1020 1045 1186 1084 unum
1215 1031 1296 1084 eis
1339 1038 1642 1105 senatorem
1671 1031 1987 1086 concedere.
2024 1053 2044 1084 ι

473 1099 613 1170 Quid
647 1099 812 1156 vero?
843 1107 934 1154 aut
975 1114 1143 1170 unus,
1178 1109 1270 1153 aut
1304 1099 1484 1168 plures
1527 1110 1708 1154 essent
1737 1110 2046 1170 senatores,

471 1169 667 1250 inagnp
696 1185 911 1240 semper
953 1169 1334 1250 impedimento
1361 1170 1690 1250 eandiguitas
1734 1169 1872 1250 fuit,
1918 1173 2046 1250 quin

470 1239 752 1313 prnftiﬁces
773 1239 985 1313 summa
1007 1247 1308 1313 ιιιεειτξιιιιιι·Δ
1320 1239 1642 1313 auctoritate
1665 1239 1719 1292 in
1734 1239 1892 1313 _Urbe
1911 1239 1965 1293 et
1991 1241 2046 1295 in

470 1307 586 1379 ejus
605 1309 901 1367 territorio.
929 1308 1070 1376 Quin
1094 1307 1257 1379 etiam
1282 1307 1494 1379 factiosi
1524 1309 1749 1379 Romani
1773 1318 2047 1379 potentem

471 1376 658 1445 unum,
692 1379 990 1434 alterumve
1033 1377 1334 1448 principem
1359 1376 1434 1448 ad
1457 1378 1740 1432 senatorias
1770 1376 2049 1448 dignitatis

470 1451 694 1519 gradum
705 1448 824 1519 ausi
851 1456 977 1519 sunt
999 1447 1293 1514 provehere
1317 1447 1466 1519 (dum
1480 1454 1666 1519 sancta
1687 1447 1857 1519 sedes,
1873 1451 2050 1517 ponti-

470 1515 705 1588 ﬁcesque
729 1516 1120 1588 defensionem,
1148 1515 1373 1588 vacante
1399 1516 1646 1585 imperio,
1661 1515 2048 1588 aliunde‘quze-

369 1597 371 1604 '
470 1605 591 1644 rere
602 1584 726 1643 sunt
739 1584 1022 1655 compulsi)
1035 1585 1125 1653 qui
1151 1584 1348 1640 Urbem
1362 1584 1530 1654 ipsam
1546 1587 1764 1655 proprio
1783 1584 2048 1644 arbitratu

471 1673 679 1729 regere,
702 1665 797 1712 aut
826 1655 1205 1729 seditiosorum
1232 1655 1432 1708 civium
1457 1655 1683 1709 consilia
1697 1657 1877 1729 potius
1892 1659 2046 1726 sequi

471 1673 679 1729 regere,
702 1671 797 1712 aut
826 1671 1203 1710 seditiosorum
1232 1671 1432 1708 civrum
1457 1671 1766 1780 consurgit»

470 1743 633 1799 quam
665 1727 860 1799 sulnnti
881 1725 1141 1799 principis
1158 1724 1642 1799 obtemperare'ma
1679 1795 1690 1799 Α
1717 1735 1766 1780 at

468 1792 685 1854 bantur.
714 1792 1133 1850 Tales'fuerunt
1178 1792 1403 1848 Carolus
1446 1793 1744 1850 Provinciae
1785 1804 1840 1850 et
1868 1792 2048 1850 Ande-

469 1869 638 1934 gavia:
649 1881 832 1922 comes
851 1871 1140 1934 perpetuus
1158 1872 1378 1934 senator
1398 1863 1707 1932 designatus
1728 1880 1869 1919 anno
1887 1866 2042 1930 1264,

469 1932 524 1991 et
552 1936 816 1991 Henricus
836 1932 1081 1988 Castella‘.
1105 1933 1249 2002 regis
1295 1932 1462 2002 ftjater
1487 1947 1629 1987 anno
1671 1935 1806 1988 1267
1829 1944 2055 1990 senator

469 2007 665 2061 factus.
707 2004 841 2060 Cum
878 2003 1024 2058 enim
1061 2002 1308 2057 Urbanus
1335 2001 1401 2056 IV
1433 2002 1758 2070 periclitanti
1790 2005 2045 2060 Ecclesia:

468 2090 626 2144 opem
662 2074 890 2128 validam
914 2072 1274 2144 iqumsivisset
1299 2087 1328 2124 a
1356 2081 1546 2126 sancto
1583 2072 1854 2144 Ludovico
1885 2074 2048 2129 Fran-

468 2141 654 2199 corum
686 2158 832 2210 rege,
859 2141 1323 2212 adeoque‘Sicilize
1349 2157 1573 2210 regnum
1614 2142 1693 2196 illi
1739 2145 2042 2210 obtulisset,

467 2214 640 2284 sancti
668 2207 810 2282 regis
836 2207 1062 2266 consilio
1081 2207 1483 2284 Andcgavensis
1507 2227 1690 2284 comes
1720 2212 1891 2267 frater
1929 2207 2048 2284 ejus

467 2284 537 2338 ad
561 2283 689 2337 illud
713 2298 933 2350 regnum
957 2282 1342 2350 capessendum
1363 2289 1448 2336 est
1475 2283 1790 2337 accersitus.
1817 2282 2046 2348 Romani

468 2361 653 2409 autem
680 2350 948 2422 probitate
986 2350 1260 2420 pontiﬁcis
1281 2353 1588 2422 abutentes,
1617 2354 1834 2422 propria
1862 2365 2047 2411 aucto-

469 2425 630 2478 ritate
661 2421 972 2493 senatorem
997 2429 1328 2493 rperpetuum
1353 2421 1639 2490 designant
1660 2421 1910 2479 eumdem
1945 2426 2047 2480 Ca-

467 2493 663 2548 rolum.
695 2491 801 2549 Res
830 2491 1070 2562 pontiﬁci
1093 2491 1148 2546 et
1174 2493 1536 2564 cardinalibus
1565 2493 1783 2564 indigna
1802 2494 1915 2564 visa
1939 2505 2043 2561 est,

467 2574 694 2619 externo
720 2563 947 2632 principi
988 2564 1175 2617 urbem
1223 2563 1446 2617 Romam
1474 2577 1607 2632 cum
1632 2563 1923 2632 pentiﬁeize
1951 2581 2047 2619 au-

470 2631 739 2688 ctoritatis
769 2631 1090 2688 detrimento
1118 2632 1402 2686 committi.
1439 2631 1797 2687 Nihilominus
1819 2636 2047 2690 consilio

469 2703 672 2767 habito,
699 2703 753 2756 in
779 2703 1004 2756 summis
1029 2701 1427 2756 diﬁicultatibus
1458 2702 1775 2757 electionem
1814 2717 1919 2756 non
1946 2705 2048 2760 im-

469 2775 720 2842 probant,
746 2771 842 2842 sed
864 2773 1029 2827 certis
1053 2771 1258 2840 legibus
1279 2773 1586 2826 constitutis
1605 2772 1855 2827 Carolum
1883 2775 2044 2842 quin-

470 2841 693 2912 quennii
717 2841 784 2896 ad
807 2857 1076 2896 summum
1105 2843 1279 2912 spatio
1317 2843 1577 2912 dignitate
1620 2843 1708 2896 illa
1750 2841 1916 2912 502’
1938 2843 2046 2898 frui

467 2913 805 2983 permittunt,
852 2912 926 2966 ita
951 2920 1170 2983 tamen
1204 2921 1263 2964 ut
1307 2925 1340 2964 a
1389 2912 1581 2983 populo
1623 2912 1691 2967 ad
1734 2914 2046 2982 pontiﬁcem

469 2980 687 3038 creandi
729 2982 994 3037 senatoris
1036 2980 1344 3036 facultatem
1359 2980 1534 3036 redire
1563 2980 1752 3044 curet,
1778 2989 1833 3037 et
1858 2984 2044 3037 statim

469 3060 643 3122 atque
661 3051 859 3122 Sicilia}
872 3065 1056 3122 regno
1086 3051 1343 3120 potiatur,
1359 3050 1687 3122 dignitatem
1709 3051 1873 3122 illam,
1884 3053 2037 3108 abdi-

468 3098 2043 3192 ῖιξῖὶῖιῗῖῖὶίῖ⁷ῖιῖξ”ἕὲᾆἱιό)ἷ’”ὃίὶῖιὶι”ἶεὶἱι’”ὁῖἲιξὶὸὲἶε
2071 3098 2117 3160 (³

472 3189 760 3246 admodum
785 3191 980 3245 litteris
1022 3189 1072 3244 ei
1113 3189 1502 3254 signiﬁcat-unt,
1530 3190 1768 3245 nondum
1809 3191 1954 3246 enim
1990 3192 2046 3246 in

467 3259 679 3315 Italiam
705 3266 942 3321 venerat,
970 3259 1129 3330 qung
1156 3257 1415 3330 Blanfredi
1443 3259 1944 3330 superatisinsidiis
1969 3259 2046 3316 fe-

470 3330 546 3384 cit
578 3329 822 3399 sequenti
851 3344 1011 3382 anno.
1045 3328 1300 3382 Triennio
1337 3338 1478 3398 post,
1510 3328 1692 3385 turbis
1718 3329 1772 3382 in
1802 3329 2044 3384 Romana

473 3398 618 3454 Urbe
665 3398 1032 3469 gliscentibus,
1084 3397 1325 3469 llenrico
1381 3399 1522 3469 regis
1573 3397 1770 3454 Sicilia:
1793 3414 2044 3469 consan-

470 3438 697 3538 amo?
713 3438 1170 3530 ὁὶῖῖιὶἱὲἒὶἷὲιηιοῖ
1180 3438 1770 3538 εεὲἷιῖιοτιῖιδὶιίςιῖἱὶξὲῗ
1781 3438 2042 3538 ιὲᾆῖἵζίἐ,

470 3536 741 3608 plerisque
790 3537 1028 3608 omnium
1054 3537 1253 3608 invitis,
1279 3536 1573 3608 confertur.
1608 3537 1666 3592 id
1706 3553 1833 3608 vero
1853 3536 1954 3592 fuit
1987 3541 2044 3594 in

471 3605 763 3662 causa‘cur
793 3607 1039 3661 Clemens
1081 3605 1149 3661 1V
1181 3606 1308 3662 Urbi
1357 3607 1644 3662 consulens
1689 3607 1920 3662 assiduis
1959 3625 2046 3664 se-

471 3677 766 3732 ditionibus
790 3675 1072 3747 laboranti,
1099 3675 1348 3747 Carolum
1391 3677 1565 3746 ipsum
1603 3676 2043 3747 Andegavensem

471 3755 778 3802 senatorem
814 3745 880 3799 ad
907 3745 1223 3800 decennium
1265 3745 1566 3815 designaret
1598 3761 1740 3801 anno
1764 3745 1926 3812 ηδε,
1957 3749 2045 3803 die

471 3816 541 3871 l6
567 3815 917 3885 Septembris,
950 3825 1009 3870 ut
1035 3829 1198 3885 supra
1228 3817 1498 3870 diximus:
1523 3831 1686 3885 quam
1707 3817 1794 3871 ille
1817 3817 2046 3885 dignita-

471 3832 541 3871 ιιι
567 3832 917 3940 aegpemnns,
950 3832 1009 3870 ut
1035 3832 1198 3939 supra
1228 3832 1462 3870 uiximus
1485 3833 1498 3868 :
1523 3832 1686 3885 quam
1707 3832 2044 3900 nteaigmta-

470 3895 582 3968 tein
657 3885 824 3968 replao
843 3884 1096 3968 ‘lllnpontt
1137 3899 1200 3940 ce
1223 3899 1364 3941 anno
1404 3885 1540 3942 1278
1570 3887 1810 3956 ιιι-ωιιιοιι
1841 3901 2044 3944 mensis

470 3957 658 4012 eadem
688 3955 775 4010 die
809 3955 1098 4010 abdicavit.

542 4024 676 4079 Xlll.
704 4024 973 4094 Quamvis
993 4033 1175 4094 autem
1204 4027 1466 4094 pessimus
1495 4026 1700 4088 Romae,
1730 4032 1893 4094 atque
1927 4025 2044 4094 ejus

469 4095 727 4150 territorii
751 4102 924 4150 status
946 4093 1277 4149 Clementem
1303 4095 1370 4150 IV
1397 4095 1786 4163 quodammodo
1806 4093 2043 4151 audacia:

471 4165 834 4234 Romanorum
876 4164 1244 4218 obsecundare
1280 4165 1644 4234 compulisset,
1673 4163 1922 4219 Nicolaus
1962 4173 2043 4219 ta-

469 4249 592 4289 men
625 4233 690 4288 111
717 4248 786 4288 ne
811 4246 1088 4304 suprema:
1121 4233 1492 4304 successorum
1527 4234 1778 4304 potestati
1813 4234 2039 4288 damno-

469 4320 596 4359 sum
613 4302 917 4372 exemplum
934 4303 1138 4372 posteri
1163 4317 1396 4371 unquam
1417 4302 2044 4365 imitarentur,'constitu-

469 4375 668 4428 tionem
693 4371 838 4427 illam
866 4371 1717 4443 celeberrimam(Fundamenta,
1739 4373 1805 4443 de
1833 4373 2035 4436 Electo,

2154 489 2258 544 que
2285 476 2502 531 nomine
2527 485 2812 531 censeatur
2829 529 2842 545 ν,
2898 477 3340 545 quinquocunque
3375 477 3552 540 modo,
3599 492 3736 545 quo-

2151 543 2361 616 cunque
2399 545 2554 601 titulo
2590 547 2757 616 ipsius
2788 543 2956 616 Urbis
2978 543 3173 616 debeat
3197 543 3430 614 praeesse
3457 543 3730 616 regimini,

2152 615 2206 684 in
2236 623 2511 684 posterum
2564 614 2884 674 imminebit.
2934 614 3114 668 nullus
3152 614 3464 683 imperator,
3511 614 3607 670 seu
3634 632 3733 672 rex

2150 683 2544 756 Romanorum,
2575 693 2668 739 aut
2693 684 2832 738 alius
2856 684 3166 756 imperator,
3192 684 3274 756 vel
3311 698 3426 756 rex,
3456 685 3731 756 princeps,

2151 755 2414 818 marcbio,
2437 754 2566 817 dux,
2595 769 2798 817 comes,
2823 761 2914 808 aut
2942 755 3102 816 baro,
3133 754 3216 807 vel
3241 753 3332 822 qui
3377 753 3601 810 altét'ius
3633 753 3733 809 rio-

2149 825 2332 894 tabilis
2347 825 2781 894 praeminentiae,
2807 824 3080 894 potentiae,
3108 837 3203 877 seu
3223 825 3524 894 potestatis,
3551 825 3734 880 excel-

2149 891 2453 957 lentum—vel
2471 894 2750 962 dignitatis
2782 891 3010 959 existat;
3041 891 3239 956 frater,
3259 891 3419 957 ﬁlius,
3451 893 3535 948 vel
3563 909 3734 1018 nepos

2149 975 2334 1016 eorum
2366 963 2433 1016 ad
2459 970 2686 1018 tempus.
2716 963 2799 1017 vel
2831 963 2882 1016 in
2905 971 3242 1018 perpetuum.
3264 977 3360 1017 seu
3397 963 3624 1018 auivisa
3647 965 3734 1018 ius

2148 963 2433 1033 eorumiad
2459 970 2686 1032 tempus,
2716 963 2799 1017 vel
2831 963 2882 1016 in
2904 971 3242 1033 perpetuum,
3264 977 3360 1017 seu
3397 963 3575 1031 quivis
3592 963 3734 1019 alius

2148 1031 2289 1085 ultra
2316 1031 2473 1102 503
2497 1031 2683 1085 annale
2711 1031 2940 1102 spatium
2980 1031 3170 1101 quovis
3206 1033 3385 1094 modo,
3415 1033 3617 1097 colore,
3642 1033 3732 1088 vel

2149 1115 2309 1155 causa
2333 1101 2536 1171 per’se,
2574 1102 2660 1156 vel
2684 1101 2781 1170 per
2829 1101 2990 1155 aliam
3018 1117 3301 1170 personam
3327 1103 3734 1170 quomodolibet

2149 1172 2591 1252 submittendam,
2641 1173 2695 1240 in
2733 1180 3061 1252 senatorem,
3115 1172 3501 1252 capitapeum,
3557 1173 3731 1252 patri—

2148 1240 2437 1310 cium,aut
2460 1249 2744 1304 rectorem,
2774 1242 2856 1294 vel
2902 1241 2970 1294 ad
2995 1239 3236 1307 ejusdem
3268 1240 3431 1295 Urbis
3458 1239 3725 1310 regimen,

2149 1323 2242 1363 seu
2268 1309 2501 1364 officium
2521 1311 2843 1374 nominetur,
2867 1310 3114 1379 eligatur,
3143 1324 3237 1364 seu
3272 1309 3409 1364 alias
3443 1309 3606 1364 etiam
3635 1327 3730 1364 as-

2148 1387 2396 1461 sumatur
2415 1380 2619 1462 absque
2643 1380 2858 1434 licentia
2885 1379 3028 1462 sedis
3043 1379 3350 1462 apostolica;
3374 1380 3615 1462 speciali,
3632 1395 3736 1462 per

2149 1447 2318 1517 ipsius
2346 1449 2491 1504 sedis
2508 1447 2718 1504 litteras
2730 1447 3131 1504 concessionem
3163 1447 3733 1519 licentim’hujusmodi

2148 1519 2457 1600 specialiter
2474 1520 2863 1600 exprimentes.
2911 1539 2930 1571 ι

2219 1586 2357 1659 XIV.
2395 1586 2659 1659 Religioni
2692 1589 2816 1643 duxi
2858 1589 3260 1659 constitutionis
3306 1596 3517 1659 partem
3569 1588 3734 1643 istam

2147 1658 2444 1725 prmtcrire,
2474 1658 2614 1713 unde
2655 1673 2962 1726 supremum
3010 1658 3323 1726 pontificum
3357 1658 3653 1713 dominium
3677 1659 3733 1712 in

1756 1727 1833 1808 tis
1867 1741 2050 1808 spena-
2080 1737 2127 1799 Β
2153 1727 2285 1808 urbe
2309 1727 2574 1808 simulque
2591 1729 2906 1808 auctoritas,
2931 1743 3092 1808 quam
3109 1729 3402 1808 imperator
3413 1728 3733 1808 princepsve

2149 1797 2290 1849 alius
2317 1794 2599 1865 acquirere
2627 1797 2680 1850 in
2732 1797 2922 1852 eadem
2949 1794 3235 1866 poterat'a
3263 1794 3517 1866 supremo
3537 1794 3732 1851 eodem

2149 1866 2414 1937 domino,
2443 1873 2552 1920 tam
2583 1867 2877 1937 evidenter
2908 1874 3110 1937 patent,
3153 1875 3212 1921 ut
3248 1882 3435 1937 corum
3473 1882 3593 1937 quae
3635 1867 3734 1921 hu.

2147 1950 2350 2004 cusque
2368 1936 2598 1991 disserui
2619 1936 2920 2004 complexio
2941 1937 3042 1990 dici
3066 1937 3256 2005 possit.
3282 1936 3570 1992 Enimvero
3599 1937 3732 1991 dum

2147 2005 2387 2073 pontifex
2414 2005 2856 2060 constitutionem
2882 2007 3039 2059 istam
3073 2006 3258 2068 edidit,
3291 2005 3450 2060 Urbis
3477 2006 3730 2073 regimini

2147 2085 2376 2145 prmerat
2402 2075 2669 2129 senatoria
2710 2075 2969 2145 dignitate
3019 2075 3341 2143 conspicuus
3395 2089 3489 2129 rex
3529 2075 3733 2129 Sicilia:

2147 2143 2390 2209 Carolus,
2417 2145 2728 2212 Rudolphus
2770 2143 2864 2199 rex
2888 2145 3250 2199 Romanorum
3299 2145 3394 2199 seu
3434 2145 3733 2213 imperator

2145 2214 2350 2269 electus
2373 2215 2518 2269 brevi
2541 2213 2882 2284 profecturus
2915 2224 3032 2268 erat
3059 2215 3281 2268 Romam
3310 2215 3606 2284 imperialia
3639 2215 3730 2268 in-

2147 2284 2315 2354 signia
2345 2285 2411 2340 de
2433 2287 2702 2354 pontiﬁcis
2735 2301 2897 2339 manu
2951 2293 3347 2354 suscepturus:
3377 2284 3732 2339 nihilominus

2145 2353 2386 2424 pontifex
2408 2353 2507 2424 pro
2536 2369 2785 2424 suprema
2833 2355 3154 2424 auctoritate
3203 2354 3256 2424 in
3302 2353 3644 2424 Rudolphum
3673 2363 3730 2408 et

2145 2423 2397 2493 Carolum
2424 2423 2681 2493 prtedicta
2708 2424 3004 2478 constituit.
3037 2423 3169 2489 Quis
3212 2423 3379 2492 igitur
3423 2439 3529 2477 non
3581 2423 3731 2478 videt

2145 2492 2438 2554 Ludovici,
2455 2493 2687 2558 Ottonis,
2710 2502 2764 2547 et
2795 2493 3010 2548 lienrici
3039 2493 3199 2546 verba
3241 2507 3274 2547 a
3320 2493 3730 2548 successoribus

2145 2577 2316 2631 usque
2343 2563 2413 2617 ad
2446 2562 2699 2618 Ottonem
2728 2563 2795 2618 Ν
2819 2563 3124 2624 ratihabita,
3157 2579 3176 2611 ι
3206 2562 3346 2616 sicut
3371 2577 3402 2615 a
3427 2561 3732 2630 praedeces-

2147 2633 2360 2687 soribus
2385 2632 2581 2686 vestris
2607 2647 2776 2701 usque
2805 2647 2949 2686 nunc
2978 2631 3033 2685 in
3061 2639 3239 2702 vestra
3266 2639 3532 2702 potestate
3556 2640 3612 2686 et
3644 2631 3732 2684 di-

2147 2702 2292 2756 tione
2322 2702 2570 2757 tenuistis
2609 2711 2664 2756 et
2691 2700 3053 2771 idisposuistis
3101 2700 3376 2771 civitatem
3424 2700 3728 2771 Romanam

2146 2785 2270 2826 cum
2307 2772 2505 2826 ducatu
2531 2787 2649 2827 suo.
2686 2791 2706 2824 ι
2745 2769 2962 2827 Necnon
3006 2771 3111 2824 alia
3155 2771 3225 2824 ab
3271 2769 3484 2825 Ottonis
3508 2769 3576 2825 IV
3606 2785 3729 2825 aevo
3799 2773 3815 2783 ‘

2145 2841 2393 2922 usurpari
2415 2849 2610 2911 empta,
2637 2850 2745 2895 tota
2770 2851 2930 2922 terga,
2969 2856 3086 2922 qua;
3118 2848 3195 2921 est
3221 2856 3260 2922 ei
3285 2839 3729 2922 Radicppuqus-

2145 2927 2244 2982 que
2273 2907 2611 2982 Ceperan'um,
2642 2926 2751 2982 non
2773 2907 3012 2982 indicare
3047 2907 3340 2964 dominium
3377 2907 3729 2982 Urbis,-ejus:

2147 2977 2251 3050 gae
2278 2977 2507 3050 ducatus
2554 2981 2623 3034 ab
2663 2981 2924 3050 Augustis
2983 2992 3298 3050 concessum
3330 2977 3595 3050 pontiﬁci,
3627 2979 3728 3033 sed

2147 3049 2424 3104 Paschalis
2477 3050 2498 3104 1
2541 3047 3021 3118 successorumque
3068 3048 3284 3116 sapiens
3321 3047 3628 3111 consilium,
3663 3054 3727 3102 ut

2144 3119 2474 3188 praecipuum
2493 3134 2560 3174 ex
2587 3119 2844 3174 Ecclesiae
2857 3117 3354 3188 juﬁhusimperiali
3376 3117 3725 3188 auctoritate,

2144 3186 2204 3243 ut
2223 3186 2403 3244 omnia
2429 3196 2647 3253 cretera,
2696 3186 2995 3244 niteretur?
3053 3186 3329 3253 Qui'euim
3357 3188 3491 3242 alias
3528 3187 3728 3241 Roma-

2145 3273 2246 3312 nos
2269 3259 2416 3312 cives
2440 3258 2650 3327 populis
2669 3259 2882 3313 caeteris
2901 3257 2969 3312 ad
2993 3257 3345 3327 deliciendum
3372 3256 3728 3327 procliviores

2145 3325 2568 3383 continuissent?
2599 3326 2720 3382 lam
2747 3328 2914 3396 liquet
2942 3326 3263 3397 sacrilegum
3291 3325 3482 3380 horum
3509 3325 3728 3397 facinus

2144 3399 2199 3453 in
2227 3406 2472 3452 sanctum
2497 3397 2728 3452 Leonem
2763 3395 2828 3452 lll
2857 3397 3024 3452 fuisse
3065 3396 3118 3450 in
3145 3395 3354 3462 causa,
3399 3410 3498 3450 cur
3548 3395 3724 3450 Roma

2143 3467 2369 3537 ejusque
2404 3467 2630 3537 ducatus
2669 3467 3056 3537 Augustorum
3085 3465 3467 3537 diplomatibus
3506 3463 3727 3537 contir-

2144 3533 2299 3591 mari
2316 3536 2540 3606 coeperit
2573 3551 2696 3590 cum
2724 3533 2926 3591 sancta;
2949 3533 3577 3606 sedisjuribus‘caeteris;
3610 3544 3725 3606 est—

2143 3621 2248 3676 que
2270 3603 2542 3676 uberrime
2558 3607 2980 3661 demonstratum
3005 3604 3295 3676 Augustos
3329 3603 3476 3672 ipsos
3499 3604 3723 3672 proprio

2143 3673 2382 3746 periculo
2406 3675 2779 3746 Romanorum
2828 3673 3448 3746 audaciam'nreprimere
3494 3683 3723 3746 conatos

2142 3741 2282 3806 esse.
2306 3745 2361 3800 ld
2387 3746 2554 3814 probe
2581 3745 2728 3800 novit
2759 3745 3083 3816 Rudolphus,
3131 3742 3189 3816 in
3215 3741 3371 3816 quas
3391 3757 3495 3816 me
3551 3743 3722 3816 aliqui

2217 3824 2348 3870 nunt
2371 3811 2492 3883 qua:
2517 3829 2705 3886 supra
2727 3815 2879 3886 attuli
2923 3811 3086 3886 (Diss.
3119 3811 3210 3886 den
3234 3811 3499 3881 Rudolpbi
3554 3812 3716 3882 epist.

2167 3887 2237 3941 ib.
2280 3900 2343 3939 ιιι
2361 3881 2472 3948 [ιι.
2500 3881 2600 3954 461
2620 3884 2888 3954 videlicet,
2915 3881 3106 3938 inultos
3146 3881 3553 3954 Alemannorum
3576 3881 3721 3954 reges

2144 3955 2318 4026 ltalia_
2333 3950 2668 4026 consumpsit.
2723 3953 2864 4026 Quae
2889 3955 2958 4008 ab
2993 3953 3181 4008 eodem
3229 3950 3595 4026 pronuntiata
3620 3950 3721 4005 ali-

2143 4022 2356 4093 quando
2383 4039 2523 4090 esse,
2547 4020 2766 4078 tametsi
2800 4025 2868 4078 ad
2912 4030 3213 4078 extremum
3231 4020 3421 4093 iusque
3465 4020 3720 4090 spiritum

2144 4091 2437 4173 Romanam
2479 4093 2881 4149 coronationem
2947 4091 3301 4163 exoptaverit,
3357 4104 3559 4160 negare
3606 4107 3718 4145 non

2143 4179 2335 4218 ³1181111.

2215 4233 2466 4314 XV._V'ix
2499 4232 2662 4313 _enim
2723 4232 2976 4314 credibile
3027 4230 3513 4314 cst,_p§eterii_ssg
3561 4229 3716 4284 illum

2143 4303 2384 4370 exempla
2410 4301 2690 4371 majorum.
2723 4301 2874 4368 Quod
2903 4303 2948 4356 si
2977 4300 3199 4356 cruenta
3221 4301 3387 4356 italia:
3412 4300 3550 4353 bella
3571 4314 3716 4367 pm-

2145 4374 2488 4427 decessorum
2500 4372 2668 4436 novit,
2683 4372 2850 4426 multo
2863 4372 3032 4441 magis
3055 4372 3420 4441 Romanorum
3439 4369 3715 4441 ingenium

471 4444 638 4498 Electi
658 4449 856 4511 potest.
885 4441 938 4494 in
961 4440 1015 4511 6)
1034 4440 1202 4495 edidit
1229 4437 1451 4497 Viterbii
1498 4457 1565 4495 xv
1595 4441 1712 4496 Kal.
1744 4441 1905 4511 Aug.,
1934 4457 2039 4511 qua
2070 4443 2120 4502 D
2143 4443 2193 4496 ei
2222 4441 2389 4496 fuisse
2410 4449 2770 4511 perspectum,
2794 4437 3173 4511 coronationes
3193 4441 3248 4494 in
3279 4440 3422 4495 Urbe
3445 4439 3604 4492 toties
3629 4437 3714 4511 fa-

468 4512 700 4582 plurima
734 4511 928 4565 damna
957 4519 1158 4582 sancta:
1181 4511 1292 4564 sedi
1320 4511 1476 4582 illata
1501 4512 1570 4582 ab
1591 4512 2043 4582 exteris_senato-

469 4580 620 4660 tibus
645 4587 966 4660 exaggerat;
994 4580 1262 4660 prmeipue
1286 4581 1354 4660 ab
1372 4580 1603 4660 Henrico
1619 4580 2041 4660 regis_t_]astellae

465 4650 654 4714 fratre,
675 4648 771 4718 qui
795 4648 1110 4718 religionem
1127 4649 1308 4718 ipsam
1333 4649 1386 4704 in
1409 4648 1706 4706 discrimen
1719 4650 1962 4714 adduxit,
1986 4661 2040 4706 et

473 4738 493 4770 ι
531 4717 709 4788 ipsam
731 4717 930 4773 Urbem
957 4717 1233 4787 speculum
1269 4718 1390 4774 ﬁdei
1417 4728 1565 4774 tanta
1605 4722 1863 4788 respersit
1901 4720 2039 4775 infa-

469 4789 600 4859 mia,
627 4795 688 4842 ιιι
719 4803 750 4859 a
799 4794 972 4842 matre
1016 4802 1113 4859 sua
1147 4789 1386 4859 Romana
1409 4789 1650 4859 Ecclesia
1693 4789 1799 4843 ﬁlia
1845 4792 2039 4859 praedi-

462 4858 606 4928 lecta
629 4857 844 4913 deviare
889 4857 1162 4928 compulsa
1205 4858 1470 4926 quondam
1503 4857 1866 4914 Conradinuni
1912 4861 2035 4928 (qui

464 4926 533 4998 de
569 4941 836 4998 venenosa
866 4927 1051 4998 radice
1087 4926 1345 4982 Friderici
1373 4929 1640 4998 quondam
1673 4926 2032 4998 Romanorum

465 4996 811 5066 imperatoris
849 4996 1056 5051 colubri
1105 4998 1331 5051 tortuosi
1371 4996 1520 5064 justo
1565 4997 1819 5052 Ecclesiae
1865 4998 2033 5066 ipsius

462 5066 668 5150 judicio
713 5067 983 5191 rzprobati
1031 5067 1294 5148 prodiisse
1332 5067 1614 5123 videbatur
1661 5067 1716 5148 in
1767 5069 2032 5150 regulum,

465 5151 666 5191 autaue
713 5151 743 5189 a
824 5144 1202 5190 exterminium
1244 5137 1498 5191 Romana:
1547 5145 1737 5191 matris
1781 5135 2032 5191 Ecclesne

465 5135 666 5206 quique
713 5135 782 5191 ad
808 5135 1202 5206 exterminium
1244 5137 1520 5206 Romanae
1547 5137 1737 5191 matris
1781 5135 2032 5192 ECCieSitB

463 5204 763 5261 manifestis
804 5205 1018 5260 indiciis
1046 5221 1151 5258 una
1191 5221 1313 5260 cum
1342 5207 1456 5261 suis
1499 5204 1797 5260 fautoribus
1830 5207 2033 5261 asnira-

462 5275 577 5345 bat)
603 5276 657 5330 in
677 5284 1041 5344 contemptum
1065 5275 1177 5337 Dei,
1204 5290 1314 5329 suae
1345 5277 1552 5339 matris,
1585 5291 1650 5329 ac
1678 5275 1845 5345 ipsius
1872 5275 2032 5331 Urbis

461 5343 810 5416 opprobrium
868 5343 1112 5416 patenter
1169 5347 1478 5414 exciperet,
1528 5343 1744 5416 recepto
1781 5343 2027 5410 faveret,

463 5415 816 5476 constituens,
839 5430 897 5468 se
921 5429 1016 5484 per
1037 5415 1142 5468 hoc
1177 5423 1285 5484 tam
1317 5415 1549 5484 patentis
1586 5415 1757 5469 hostis
1784 5429 1893 5469 suae
1916 5431 2030 5468 ma-

463 5485 564 5540 tris
616 5485 865 5540 Ecclesia:
913 5482 1075 5538 ﬁliam
1113 5482 1447 5551 adjutricem.
1504 5503 1522 5536 ι
1572 5484 1772 5538 Deinde
1808 5485 1946 5538 hunc
1977 5486 2030 5539 in

463 5555 677 5608 Illodllm
723 5554 962 5608 decernit
1010 5571 1023 5606 :
1074 5571 1093 5602 ι
1144 5553 1218 5608 De
1264 5553 1490 5608 fratrum
1547 5563 1850 5608 nostrorum
1896 5569 2028 5608 con-

463 5622 762 5704 siliohliac
822 5622 1174 5704 irrcfragabili
1221 5632 1276 5704 et
1330 5624 1384 5678 in
1439 5633 1756 5704 perpetuum
1803 5624 2028 5704 valitura

465 5693 842 5748 constitutione
890 5693 1182 5759 sancimus,
1215 5701 1272 5748 ut
1319 5694 1744 5765 quandocunquc
1793 5701 1846 5749 ct
1887 5709 2023 5764 quo-

2141 4521 2243 4566 ctaa
2277 4507 2563 4566 testantur.
2613 4509 2873 4581 Tempora
2920 4509 3292 4581 Qarolinorum
3340 4517 3623 4581 prastereo,
3645 4507 3714 4562 de

2142 4580 2208 4650 iis
2233 4581 2428 4650 quippe
2479 4577 2792 4650 Rudolpluis
2819 4579 2979 4650 5(MI
3005 4579 3200 4634 nullam
3231 4577 3490 4633 rationem
3527 4577 3712 4650 habet.

2141 4647 2596 4720 Trium—Ottonum
2612 4647 2774 4720 opera
2795 4647 3085 4705 seditiones
3102 4663 3454 4720 «impressas,
3470 4647 3715 4720 eosdem:-

2139 4735 2244 4788 que
2271 4720 2520 4774 simulato
2542 4716 2903 4774 Romanorum
2935 4719 3194 4788 obsequio
3217 4716 3342 4773 dum
3380 4717 3626 4788 aderant,
3658 4716 3714 4771 id

2137 4787 2397 4844 suadente
2415 4799 2582 4852 metu,
2604 4788 2840 4852 affectos,
2868 4787 3166 4857 injuria,’et
3183 4795 3492 4856 contemptu
3517 4787 3714 4857 absen-

2128 4863 2240 4939 tes,
2261 4868 2594 4939 compertum
2622 4855 3066 4939 egploratumque
3091 4866 3194 4914 est.
3228 4858 3304 4912 De
3325 4855 3513 4939 sancto
3541 4855 3714 4939 impe-

2139 4937 2316 4983 ratore
2368 4925 2598 4984 Henrico
2650 4925 2922 4982 Ditmarus
2967 4925 3084 4996 (lib.
3129 4943 3226 4989 vn,
3259 4926 3458 4996 princ.)
3487 4925 3716 4980 hrccre-

2136 4997 2240 5052 fert
2277 5017 2291 5052 :
2330 5017 2347 5048 ι
2379 4999 2435 5053 lu
2459 5006 2650 5053 octavo
2671 5013 2799 5052 vero
2821 4997 2907 5052 die
2930 4998 3070 5052 inter
3086 4998 3421 5051 Rorrianoset
3443 5002 3715 5050 nostrates

2137 5083 2327 5137 magna
2353 5069 2526 5121 oritur
2547 5067 2836 5122 commotio
2857 5067 2909 5120 in
2951 5075 3112 5136 ponte
3141 5065 3424 5137 Tiberino,
3457 5073 3512 5119 et
3541 5063 3715 5137 utriu-

2135 5132 2252 5204 que
2273 5138 2420 5190 multi
2447 5145 2784 5199 corruerunt,
2835 5132 2994 5204 nocte
3043 5152 3135 5191 eos
3178 5136 3245 5190 ad
3281 5135 3529 5204 ultimum
3579 5132 3715 5204 diri-

2135 5201 2334 5274 mente.
2372 5228 2390 5258 ι
2430 5206 2505 5260 De
2533 5221 2846 5260 successore
2879 5203 2993 5274 ejus
3042 5205 3289 5260 Conrado
3342 5202 3522 5274 Salico
3579 5201 3709 5274 Otto

2134 5273 2494 5345 Frisingensis
2537 5275 2676 5344 apud
2727 5271 3013 5329 Baronium
3063 5276 3288 5345 lnquens
3329 5271 3612 5345 (l0i7,_n.
3653 5271 3710 5342 1)

2139 5343 2387 5407 testatur,
2439 5343 2583 5414 quod
2634 5363 2652 5394 ι
2701 5345 2752 5398 in
2807 5345 2922 5414 ipsa
2969 5345 3211 5400 Paschali
3245 5343 3579 5397 hebdomada
3621 5349 3709 5414 tu-

2140 5415 2309 5468 multu
2336 5410 2627 5470 orto-inter
2659 5410 2857 5469 milites
2895 5415 3234 5483 imperatoris
3256 5420 3312 5466 et
3331 5410 3711 5483 civestgravis

2139 5499 2316 5560 pugna
2327 5485 2701 5560 committitur,
2724 5480 2985 5560 caesisque
3000 5485 3200 5560 multis,
3222 5483 3481 5560 Romanis
3504 5480 3710 5560 fugient

2141 5553 2283 5608 tibus
2305 5555 2598 5623 imperator
2648 5554 2869 5608 victoria
2911 5554 3132 5623 potitur.
3170 5573 3187 5603 ι
3221 5553 3263 5606 E
3287 5553 3563 5606 contrario
3589 5557 3710 5623 post

2139 5639 2310 5677 annos
2337 5619 2550 5678 cénttnn
2574 5638 2694 5678 cum
2718 5619 2979 5679 lletn'icits
3010 5624 3045 5678 ι’
3073 5623 3313 5677 hetitiant
3339 5619 3709 5675 coronationis

2139 5695 2394 5765 sacrilege
2441 5693 2778 5763 disturbavit,
2817 5711 2833 5745 ι
2869 5693 3093 5751 Romani
3127 5701 3248 5765 post
3291 5693 3516 5749 alterum
3569 5688 3715 5746 diem
