4026 6188
250 315 353 374 895

248 439 351 539 agi
396 423 595 475 ultimus
646 421 853 470 moritur
897 416 1083 479 absque
1116 411 1291 497 prole,

250 607 460 666 lipperii,
485 606 593 655 208.

314 649 592 717 {finitimis
627 676 792 713 comis
832 661 1120 710 Juliaeeusis
1162 658 1293 709 Colo-
1357 657 1531 703 narior.
1552 649 1645 716 pro
1664 654 1849 714 Jugero
1888 652 2034 700 solvit
2070 659 2246 700 sanctae
2275 649 2405 706 sedi.

253 728 409 780 triensi
430 726 792 787 archiepiscopo
811 723 1045 782 iul‘eusu-,
1066 722 1175 780 572,
1195 728 1294 768 tru-
1355 721 1386 769 5
1405 721 1469 776 t7.

252 793 458 851 cidatur,
481 787 599 837 ibid.

858 303 917 360 Β.
957 300 1207 359 CAROLl
1244 297 1457 357 MAGNI
1494 296 1644 359 OPP.
1682 294 1859 353 PARS
1898 290 1964 346 ll.

2010 286 2249 344 SECTIO
2287 285 2326 339 1.
2364 315 2436 324 -
2472 279 2855 338 EPISTOLIE.

1415 404 2076 475 Wissardnsliohettusdu}
2123 399 2406 475 Ardiaei
2529 462 2561 475 ..
2592 462 2625 475 ..
2689 464 2701 475 .
2814 473 2843 475 η

343 462 357 533 ξ
398 462 594 475 ’ω’-’-
647 462 844 470 ”’”””’
902 462 1017 479 ὟἽ
1063 462 1078 464 “
1116 462 1137 497 ν’
1275 462 1289 470 ’
1353 469 1816 533 CalabriarNeol'io
1853 468 1897 519 ll
1942 482 1966 517 e

1975 474 1994 515 t
2033 462 2182 533 Greg.
2220 462 2303 533 Vl_l
2323 463 2406 524 ju-
2496 462 2849 533 _Zylleslanum
2887 462 3418 533 sigiliurnabuﬂeine:

268 525 583 594 :Willelmus
622 543 841 604 archiep.
903 537 1021 586 Rav.
1071 538 1296 600 princeps
1358 531 1748 604 [ain,_lidelitatis
1768 537 1963 604 praestat
2004 540 2090 604 p‘o
2117 525 2403 604 investitnra
2466 525 2775 604 rbse’gatum
2795 534 2903 571 cum
2934 531 3077 582 pomo
3115 529 3268 566 aureo
3288 525 3511 577 crucige-

1357 596 1564 653 Siciliae,
1614 592 1719 642 HQ.
1765 587 1972 653 Censum
2006 587 2268 637 duodecim
2313 587 2404 653 ἀς·-
2466 588 2670 653 ro,_259_.

3407 274 3511 329 896

2528 462 2849 526 Zylleslanum
2887 455 3103 517 sigilium
3139 456 3200 504 ab
3245 454 3517 526 Heineeeio

2528 634 2811 758 Ζνκξξὲαιθη.
2838 649 3044 694 monast.
3069 639 3222 689 codex
3250 634 3519 699 Rudolphi-

2528 726 2571 758 is.
2604 715 2641 758 -1
2696 746 2707 757 .

2469 723 2571 759 nus.
2600 715 2707 758 2116.

1662 906 1966 914 _————

1662 920 1966 929 ...ἡμὴ-.-

970 904 2420 932 W

275 914 1241 946 Ψ

1056 1040 1227 1150 Β.
1304 1026 1984 1149 αλιωιι
2053 1029 2674 1143 MAGNI

1672 1221 2141 1278 IMPERATORIS

1425 1387 2353 1545 SCRIPTA

1820 1632 1966 1683 Sl\'E

437 1797 1010 1923 OMNIUM
1094 1788 1426 1907 EJUS
1509 1787 2077 1903 OPERUM
2151 1787 2497 1900 PARS
2583 1788 3278 1906 SECUNDA.

1120 2008 1504 2084 sne'rro
1552 2005 1935 2081 PRIMA.
1973 2028 2085 2056 --
2125 1953 2688 2078 EPISTOL/E.

761 2284 1095 2345 EPISTULA
1132 2282 1347 2338 PRIMA

649 2419 714 2459 ΑΙ)
740 2416 909 2456 υΗ-’ᾹΜ
940 2414 1111 2453 REGE)!
1142 2411 1471 2457 MICBCIORIJM,

485 2519 611 2575 Post
646 2518 873 2571 devictos
908 2513 1279 2582 Langobardos
1304 2517 1351 2562 et
1380 2507 1639 2563 Saxones.

879 2624 1056 2693 (Anno
1081 2619 1234 2692 77.5.)

719 2715 812 2778 [Ex
852 2713 998 2762 “ausi
1023 2712 1167 2763 Cone.
1193 2708 1420 2769 ColleeL]

334 2806 566 2867 Carolus
592 2802 764 2874 gratia
790 2798 886 2854 Dei
912 2809 1007 2851 rex
1034 2794 1364 2849 Francorum
1394 2800 1449 2846 et
1470 2788 1856 2860 Langobardo-

265 2919 391 2959 rmn
414 2908 470 2954 et
487 2894 747 2967 patricius
770 2890 1134 2951 Romanorum
1155 2884 1269 2938 viro
1295 2884 1601 2936 venerando
1628 2888 1683 2933 et
1704 2878 1858 2932 fratri

264 2991 596 3051 charissimo
615 2986 803 3043 Oll‘ano
824 2980 1147 3037 Merciorum
1186 2977 1300 3047 regi
1325 2975 1576 3041 salutem,
1598 2973 1858 3028 honorem

265 3099 320 3142 et
357 3096 627 3141 amorem.
712 3134 724 3149 ,
942 3122 943 3125 η

348 3178 493 3233 Cum
532 3175 720 3228 deceat
758 3181 916 3238 reges
958 3171 1208 3234 potentes
1246 3171 1300 3216 et
1330 3160 1567 3235 famosos
1611 3158 1864 3213 amicitia:

265 3267 486 3324 {mttere
535 3259 829 3319 convincin'
878 3265 935 3311 et
984 3254 1191 3309 mutuis
1243 3252 1452 3322 gaudiis
1508 3251 1576 3305 ad
1628 3250 1864 3305 invicem

265 3353 567 3428 gratulari,
615 3360 677 3406 ut
717 3350 771 3403 in
814 3335 1027 3402 vinculo
1055 3344 1339 3401 charilatis
1374 3342 1625 3397 Christus
1655 3342 1709 3395 in
1744 3356 1865 3395 om-

267 3449 441 3504 nibus
474 3452 530 3498 et
569 3444 639 3498 ab
667 3440 918 3497 omnibus
960 3437 1313 3508 gloriﬁcetur,
1354 3442 1546 3489 vestrae
1584 3432 1865 3487 serenitati

268 3542 379 3595 hoc
410 3536 687 3606 eulogium
715 3533 966 3589 duximus
994 3530 1392 3585 destinandum.
1430 3526 1563 3581 Cum
1597 3524 1870 3579 nobilissi-

1880 2283 1925 2339 Α
1956 2286 2083 2332 strre
2109 2277 2375 2333 mercedis
2420 2287 2790 2349 augmentum,
2822 2279 3064 2335 Uuisioni
3093 2281 3344 2351 episcopo
3373 2282 3546 2339 Osua-

1958 2371 2213 2440 hurgensi
2258 2385 2369 2425 suae
2418 2370 2693 2435 Ecclesiae,
2739 2386 2903 2440 quam
2927 2386 3027 2426 nos
3052 2372 3284 2441 primam
3313 2374 3368 2427 in
3394 2376 3544 2430 omni

1959 2460 2215 2526 Saxonia,
2253 2460 2308 2515 in
2339 2462 2601 2516 honorem
2629 2461 2688 2515 S.
2718 2461 2863 2516 Petri
2898 2462 3158 2532 principis
3179 2465 3541 2532 apostolorum

1957 2562 2013 2609 et
2046 2562 2355 2609 sanctorum
2382 2563 2683 2625 martyrum
2708 2553 2943 2624 Crispini
2970 2563 3026 2609 et
3067 2554 3390 2624 Crispiniani
3418 2572 3548 2611 con-

1906 2685 1916 2694 .
1957 2646 2275 2711 struximus,
2319 2645 2588 2714 quoddam
2635 2658 2826 2699 nemus
2864 2646 2946 2699 vel
2974 2644 3233 2701 lorestum
3259 2647 3402 2701 intra
3426 2647 3543 2701 haec

1962 2736 2078 2790 loca
2099 2735 2969 2800 Farnewinchel,Rustenstheim,
2998 2734 3231 2806 Angara,
3254 2735 3549 2804 OSningse-

1961 2827 2142 2892 nethe,
2174 2827 2514 2892 Dershosset,
2557 2826 2933 2897 Egesterfeldt,
2965 2828 3248 2881 innumera
3279 2826 3553 2882 collauda-

1963 2918 2109 2973 tione
2134 2918 2277 2974 illius
2301 2918 2539 2989 regionis
2565 2926 2862 2987 potentum,
2903 2934 3027 2973 cum
3061 2918 3208 2973 omni
3245 2917 3553 2987 integritate

1965 3012 2019 3065 in
2068 3012 2249 3081 porcis
2298 3012 2638 3066 silvestribus
2665 3052 2677 3076 ,
2731 3011 2935 3075 cervis,
2980 3009 3171 3064 avibus
3216 3016 3272 3064 et
3317 3009 3556 3078 piscibus

1964 3105 2221 3175 omnique
2242 3105 2526 3159 venatione
2544 3119 2663 3173 quae
2688 3104 2790 3158 sub
2813 3102 2990 3156 hanno
3014 3101 3188 3155 usuali
3209 3101 3276 3156 ad
3295 3099 3555 3154 forestum

1967 3199 2257 3267 deputatur
2301 3197 2369 3251 ad
2401 3194 2813 3267 similitudinem
2876 3193 3093 3247 forestri
3139 3191 3314 3245 nostri
3357 3188 3558 3259 Aquis-

1966 3288 2118 3358 grani
2146 3288 2200 3341 in
2229 3286 2432 3342 Silveta
2458 3286 2702 3355 Osningi,
2729 3286 2781 3340 in
2809 3293 3127 3355 perpetuum
3156 3283 3374 3353 pietatis
3398 3298 3559 3337 usum

1968 3380 2289 3436 donavimus
2312 3421 2327 3444 ,
2356 3395 2419 3434 ea
2463 3365 2712 3434 videlicet
2749 3377 2981 3442 ratione,
3021 3376 3166 3445 quod
3199 3375 3244 3429 si
3280 3374 3560 3443 ‘quispiam

1968 3476 2072 3530 hoc
2107 3475 2247 3529 idem
2286 3489 2477 3528 nemus
2510 3479 2696 3527 nostro
2730 3472 2910 3525 hanno
2944 3470 3213 3524 munitum
3259 3468 3377 3521 sine
3416 3481 3561 3535 pra:-

1972 3565 2129 3618 dictze
2154 3563 2298 3618 sedis
2324 3562 2563 3631 episcopi
2598 3560 2815 3615 licentia
2843 3559 3021 3614 studio
3047 3556 3279 3613 venandi
3305 3556 3388 3610 vel
3415 3554 3561 3611 aliud

268 3645 446 3726 mam.
480 3622 959 3726 Longomrdqmnf
1012 3619 1286 3726 Chium?
1329 3632 1451 3672 cum
1475 3616 1612 3717 ,θυῖε
1657 3613 1869 3726 Cifilr's
1899 3635 1942 3692 Β
1970 3655 2164 3726 agendi
2191 3613 2429 3723 unquam
2457 3613 2748 3717 introierit,
2778 3652 2915 3706 sciat
2939 3666 2999 3705 se
3034 3657 3144 3703 tam
3172 3648 3367 3704 divinae
3396 3662 3561 3718 quam

266 3717 535 3774 omnibus
573 3719 760 3769 nostro
807 3709 1106 3766 dominatui
1149 3706 1635 3777 subjugaverimus,
1679 3712 1733 3757 et
1771 3703 1868 3757 lla-

266 3810 404 3865 liam
451 3816 617 3861 totam
661 3811 846 3859 nostro
873 3800 1102 3872 imperio
1141 3798 1371 3854 feliciter
1407 3794 1869 3864 subjugzwerimus

266 3900 487 3957 Christi
513 3896 807 3966 adiutorio,
843 3894 928 3948 cui
958 3890 1204 3946 famulari
1232 3889 1618 3949 desideramus,
1650 3898 1743 3939 rex
1779 3884 1871 3938 De-

266 3993 522 4050 siderius
580 3989 1056 4061 Langobardorum
1081 4027 1096 4051 ,
1138 3986 1407 4054 ducesque
1436 3980 1706 4044 SilXOllltl‘,
1734 3991 1871 4047 quos

267 4086 486 4142 nostris
501 4084 719 4139 nutibus
740 4079 1138 4142 inclinavimus,
1156 4075 1560 4129 Withimumlus
1579 4079 1633 4126 et
1653 4069 1867 4133 Albion,

266 4192 399 4232 cum
428 4174 546 4229 fere
572 4172 825 4229 omnibus
845 4170 1038 4225 incolis
1065 4167 1314 4222 Saxouia:
1344 4164 1596 4235 baptismi
1623 4175 1874 4231 suscepe-

265 4275 406 4321 runt
449 4269 869 4327 sacramentum,
911 4259 1139 4314 Domino
1176 4255 1301 4311 Jesu
1331 4256 1552 4311 Christo
1581 4255 1646 4309 de
1675 4265 1872 4308 ca‘tcro

262 4356 615 4413 ﬁunulaturi.
654 4354 765 4409 lloc
812 4352 977 4423 igitur
1006 4350 1208 4405 salubri
1238 4348 1490 4403 mandato
1519 4360 1617 4415 ego
1646 4343 1873 4399 Carolus

263 4462 473 4519 regum
488 4446 918 4502 Christianormn
948 4440 1289 4496 orientalium
1317 4436 1725 4508 potentissimus
1753 4449 1868 4500 vos,

260 4557 298 4596 o
320 4540 526 4597 Oll‘ane
562 4551 749 4608 regum
778 4532 1191 4590 occidentalium
1223 4529 1651 4585 Christianorum
1680 4533 1875 4596 potene

263 4629 526 4693 tissime,
558 4627 716 4697 cupio
749 4624 1028 4680 hctiﬁcare
1074 4630 1129 4676 et
1158 4630 1208 4683 te
1239 4622 1290 4675 in
1323 4620 1610 4677 dilectione
1653 4616 1874 4688 speciali

259 4721 538 4793 amplecti
567 4719 853 4776 sincerius.

867 4824 1196 4885 erasmus
1237 4825 1298 4887 ιι.
1652 4896 1654 4899 τ

296 4959 436 4999 εινε
464 4955 747 4996 υκεκιὶτωι
775 4956 841 4995 DE
867 4954 1082 4994 SClIOLIS
1105 4948 1523 4993 OSNABRUGENSlS
1553 4944 1837 4984 litICIJ'ZSlJ'Z.

914 5051 1092 5123 (Anno
1120 5048 1268 5117 787.)
1429 5121 1439 5130 .

741 5162 834 5225 [Ex
856 5163 1065 5213 Baronlo
1089 5162 1214 5211 Ann.
1237 5158 1449 5221 Eccles.)

341 5272 411 5328 in
464 5268 685 5323 nomine
727 5274 929 5322 sanet-.13
954 5273 1009 5319 et
1035 5265 1325 5320 individua:
1353 5261 1636 5318 Trinitatis
1657 5258 1884 5315 Carolus

255 5364 409 5431 imp.
446 5357 727 5427 Augustus
752 5355 1054 5410 Romanum
1090 5356 1396 5426 gubernans
1438 5353 1746 5423 imperium,
1783 5352 1881 5405 do-

256 5453 469 5509 minus
503 5455 558 5503 ct
583 5461 680 5501 rex
710 5446 1064 5512 Francorum,
1115 5455 1170 5500 et
1202 5445 1702 5517 Longobardorum,
1755 5458 1882 5498 ncc-

259 5557 386 5597 non
420 5538 738 5593 dominator
762 5544 814 5591 et
841 5536 1138 5593 Saxonum.

341 5630 565 5685 Notum
612 5629 684 5683 sit
728 5627 981 5684 omnibus
1039 5636 1239 5684 sanctae
1286 5628 1541 5684 Ecclesia:
1586 5626 1835 5685 ﬁdelibus
1862 5667 1878 5692 ,

261 5720 602 5791 nostrisque
640 5719 1000 5793 pmsentihus
1038 5728 1094 5777 et
1118 5719 1335 5789 futuris.
1362 5721 1506 5792 quod
1539 5736 1640 5778 nos
1688 5721 1757 5777 ob
1784 5736 1882 5775 no-

1970 3746 2130 3817 regiae
2154 3746 2377 3801 ultionis
2400 3746 2692 3800 vindictam
2715 3745 3079 3807 ineursurum,
3108 3757 3319 3797 necnon
3340 3755 3440 3810 pro
3464 3741 3561 3796 de-

1969 3836 2098 3890 licto
2125 3834 2404 3913 sexaginta
2453 3834 2653 3913 solidos
2695 3833 2867 3888 nostri
2916 3831 3190 3903 ponderis,
3236 3845 3371 3899 quos
3405 3830 3563 3884 nobis

1969 3944 2068 3997 pro
2097 3907 2274 3980 hanno
2301 3907 2500 3980 violato
2525 3925 2724 3980 debere
2757 3924 3067 3987 statuimus,
3096 3922 3453 3977 redditurum.

2042 4016 2266 4085 insuper
2297 4014 2634 4073 verer-cidem
2669 4015 2922 4084 episcopo
2956 4012 3179 4082 ejusque
3230 4012 3566 4068 successori-

1970 4108 2073 4163 bus
2100 4114 2418 4176 perpetuam
2452 4106 2801 4162 concedimus
2835 4106 3134 4169 licentiam,
3171 4104 3476 4159 libertatem
3509 4111 3563 4158 et

1972 4200 2041 4253 ab
2062 4199 2211 4253 omni
2240 4199 2406 4269 regali
2434 4199 2663 4269 imperio
2689 4198 3105 4260 absolutionem,
3138 4197 3240 4251 nisi
3269 4196 3409 4251 forte
3430 4212 3562 4251 con-

1930 4306 1935 4311 ’
1974 4290 2146 4360 tingat
2184 4298 2242 4343 ut
2290 4290 2587 4361 imperator
2620 4290 2988 4345 Romanorum
3024 4295 3077 4342 et
3120 4303 3213 4341 rex
3255 4287 3565 4361 Graecorum

1975 4381 2277 4452 eonjugalia
2304 4380 2507 4436 fmzlera
2535 4382 2677 4436 inter
2704 4381 2842 4436 ﬁlios
2875 4396 3065 4436 eorum
3099 4380 3345 4436 contrahi
3381 4380 3567 4449 dispo-

1974 4482 2148 4527 nant:
2184 4480 2311 4527 tunc
2348 4472 2605 4527 Ecclesiae
2658 4471 2802 4526 illius
2847 4472 3132 4541 episcopus
3179 4487 3301 4526 cum
3351 4479 3569 4540 sumptu

1977 4580 2007 4618 a
2044 4579 2172 4634 rege
2196 4564 2278 4619 vel
2306 4565 2375 4619 ab
2410 4564 2738 4634 imperatore
2760 4564 3023 4629 adhibito,
3054 4563 3294 4618 laborem
3332 4563 3491 4617 simul
3517 4570 3573 4616 et

1976 4656 2238 4710 honorem
2266 4653 2409 4709 illius
2440 4655 2724 4725 legationis
2771 4663 3029 4710 assmnet.
3074 4656 3141 4709 Et
3183 4671 3247 4710 ea
3298 4654 3363 4710 de
3408 4670 3571 4710 causa

1978 4746 2268 4801 statuimus
2293 4747 2437 4816 quod
2486 4747 2539 4801 in
2575 4746 2767 4802 eodem
2816 4746 2936 4801 loco
2984 4745 3202 4801 Graecas
3246 4753 3302 4800 et
3349 4744 3577 4801 Latinas

1979 4837 2195 4891 scholas
2227 4836 2284 4890 in
2315 4844 2633 4906 perpetuum
2658 4851 2880 4890 manere
2912 4836 3299 4896 ordinavimus,
3341 4850 3443 4888 nec
3478 4848 3554 4888 un

1980 4943 2141 4996 quam
2178 4926 2405 4982 clericos
2430 4927 2713 4996 utriusque
2737 4927 2933 4995 linguae
2959 4940 3156 4997 gnaros
3182 4925 3370 4979 deesse
3398 4923 3572 4978 conﬁ-

1982 5018 2179 5072 dimus.
2207 5017 2275 5071 Et
2301 5026 2359 5070 ut
2379 5017 2495 5071 haec
2521 5017 2817 5072 auctoritas
2840 5016 3048 5071 ﬁrmior
3073 5016 3354 5078 habeatur,
3380 5023 3434 5068 et
3460 5014 3569 5070 diu-

1983 5110 2156 5163 turnis
2211 5110 2544 5179 temporibus
2577 5110 2769 5165 melius
2813 5116 3181 5173 conservetur,
3234 5123 3394 5161 manu
3440 5122 3571 5176 pro-

1981 5200 2099 5268 pria
2125 5201 2313 5255 subter
2333 5216 2396 5256 ea
2418 5201 2676 5256 roborare
2702 5202 3058 5266 decrevimus,
3080 5208 3135 5256 et
3158 5200 3357 5255 annulo
3382 5208 3570 5255 nostro

1983 5296 2222 5367 sigillare
2260 5296 2543 5366 iussimus.
2583 5298 2704 5352 Dat.
2759 5298 2918 5353 tertio
2968 5297 3237 5353 Kalendas
3285 5295 3568 5363 Januarii,

1985 5403 2128 5443 anno
2162 5395 2355 5457 quarto
2382 5387 2599 5442 Christo
2621 5388 2857 5458 propitio
2882 5389 3090 5458 imperii
3127 5389 3318 5453 nostri,
3357 5388 3572 5458 trigesi-

1989 5496 2078 5536 mo
2114 5480 2343 5550 septimo
2370 5479 2517 5550 regni
2547 5480 2717 5535 nostri
2745 5480 2799 5533 in
2826 5479 3075 5543 Francia,
3104 5486 3266 5551 atque
3292 5479 3571 5551 trigesimo

1986 5574 2163 5644 primo
2191 5573 2244 5627 in
2271 5572 2439 5628 l'talia.
2466 5570 2659 5628 Actum
2681 5571 3004 5643 Aquisgrani
3042 5573 3096 5628 in
3131 5572 3332 5643 palatio
3380 5574 3434 5629 in
3468 5590 3571 5631 no-

1988 5669 2133 5726 mine
2159 5667 2371 5723 Domini
2395 5667 2642 5723 feliciter.
2669 5666 2862 5722 Amen.
