4026 6188
285 299 382 354 897

1731 298 2115 356 EPISTOLIE.

3439 297 3542 356 89S

282 409 640 482 gobardorum
661 445 678 472 ,
728 420 792 460 ac
838 413 1094 475 patricius
1135 404 1500 459 Romanorum
1522 446 1537 471 ,
1584 404 1853 475 religiosis
1881 411 1930 468 Α
1959 407 2174 460 mittere
2189 409 2576 475 studuimus,et
2591 422 2686 479 per
2705 417 2756 462 te
2769 407 3314 465 dulcissimisﬁliabus
3327 415 3548 484 nostris,

282 501 572 557 lectoribus
617 505 818 553 nostra:
857 497 1048 552 ditioui
1077 496 1354 566 subjectis.
1386 495 1520 550 Cum
1549 513 1648 552 nos
1676 497 1860 552 divina

281 603 493 660 semper
540 589 684 644 domi
731 588 951 656 orisque
1001 587 1288 641 clementia
1337 587 1452 640 sive
1508 589 1563 641 in
1599 588 1862 642 bellorum

281 677 582 740 eventibus,
611 678 728 731 sine
756 677 810 730 in
836 677 985 746 pacis
1017 677 1408 745 tranquillitate
1437 678 1727 742 custodiat,
1759 677 1863 732 etsi

279 767 571 835 quidquam
599 766 891 834 rependere
920 761 1037 833 ejus
1065 766 1340 819 beneﬁciis
1367 767 1603 820 tenuitas
1629 768 1863 821 humana

282 873 387 912 non
399 857 683 926 prazvalet;
705 863 884 909 tamen
901 857 1025 926 quia
1047 865 1127 910 est
1144 856 1532 911 inznstimahilis
1556 859 1864 914 misericor-

279 949 381 1003 ἀίω
395 949 537 1001 Deus
551 959 752 1012 noster,
783 947 1003 1002 devotas
1021 963 1133 1002 sure
1149 948 1394 1001 servituti
1417 950 1647 1018 benigne
1672 965 1864 1018 appro—

277 1039 371 1092 bat
384 1038 707 1092 voluntates.
735 1037 902 1107 igitur
929 1037 1055 1106 quia
1075 1053 1217 1090 cur-.e
1243 1037 1397 1091 nobis
1419 1044 1501 1090 est
1525 1045 1585 1090 ut
1605 1038 1863 1092 ecclesia-

277 1143 397 1182 rum
431 1134 739 1181 nostrarum
767 1127 835 1180 ad
864 1125 1085 1179 meliora
1125 1139 1339 1194 semper
1375 1125 1624 1194 proﬁciat
1651 1134 1858 1192 status,

274 1217 636 1271 oblitteratam
649 1229 786 1284 pene
800 1214 1061 1284 majorum
1075 1223 1380 1270 nostrorum
1393 1217 1595 1271 desidia
1611 1233 1659 1270 l‘l.
1671 1229 1798 1286 para
1806 1232 1863 1271 re

275 1306 516 1376 vigilanti
545 1306 724 1360 studio
749 1305 1050 1358 litterarum
1077 1306 1373 1376 satagimus
1397 1305 1689 1374 officinam,
1715 1316 1772 1361 et
1794 1309 1863 1364 ad

268 1402 640 1470 pernoscenda
679 1416 955 1454 sacrorum
998 1399 1258 1454 librorum
1282 1399 1412 1471 [.Lll.,
1443 1401 1744 1455 liberalium
1774 1417 1865 1454 ar-

271 1489 433 1561 tium]
465 1490 638 1543 studia
669 1496 854 1542 nostro
881 1489 1044 1543 etiam
1075 1505 1210 1557 quos
1238 1503 1524 1558 possumus
1569 1490 1863 1545 invitamus

269 1583 539 1652 exemplo.
573 1583 715 1636 Inter
742 1597 862 1651 qua:
886 1579 1210 1650 jampridem
1244 1581 1526 1636 universos
1564 1583 1766 1638 veteris
1794 1598 1860 1638 ac

272 1671 399 1725 novi
430 1671 760 1724 Testamenti
801 1670 966 1725 libros
1005 1671 1348 1725 librariorum
1377 1671 1644 1740 imperitia
1672 1673 1861 1740 depra-

1963 498 2048 552 vel
2067 499 2279 555 ueteris
2300 500 2544 557 ﬁdelibus
2563 501 2764 558 nostris
2787 510 2962 556 tecum
2983 504 3341 558 manentibus.
3368 505 3551 562 Scien-

1963 592 2073 640 tem
2102 595 2154 641 te
2182 589 2325 643 enim
2364 589 2590 645 facimus
2617 592 2742 662 quia
2783 593 2984 662 gratias
3029 593 3138 647 Deo
3168 593 3284 647 sani
3323 603 3378 649 et
3415 597 3550 653 salvi

1963 691 2168 730 sumus.
2199 677 2392 734 Missus
2419 681 2634 749 quidem
2664 681 2843 735 dilecti
2875 681 2971 735 ﬁlii
3001 683 3172 736 nostri
3201 682 3413 754 Pippini
3444 701 3545 740 no-

1964 766 2107 820 mine
2138 767 2212 820 ill.
2248 768 2404 823 nobis
2436 769 2703 822 nuntiavit
2741 769 2806 824 de
2845 768 2962 837 ejus
2990 771 3222 825 sanitate
3247 788 3312 827 ac
3361 773 3545 828 domui

1963 857 2266 924 apostolici,
2299 858 2382 911 vel
2416 859 2482 912 de
2509 858 2806 913 salvatione
2833 859 3125 914 conﬁnium
3156 871 3466 917 nostrorum
3493 863 3547 916 il-

1963 946 2030 1000 lis
2064 948 2306 1015 partibus
2329 949 2663 1016 positorum;
2695 949 2836 1003 unde
2864 949 3016 1004 valde
3051 950 3308 1006 laetiﬁcati
3335 953 3550 1008 exstiti-

1964 1051 2103 1090 mus.
2148 1037 2216 1090 Et
2256 1038 2475 1106 insuper
2514 1037 2698 1091 retulit
2743 1038 2898 1092 nobis
2941 1039 3171 1107 qualiter
3214 1041 3316 1095 illa:
3357 1057 3545 1107 scane,

1963 1141 2096 1194 quas
2115 1126 2265 1195 prius
2289 1128 2354 1181 de
2376 1127 2526 1180 Italia
2541 1126 2802 1194 jussimus
2825 1142 3048 1198 pergere
3067 1131 3312 1198 partibus
3335 1130 3546 1185 Avarlze

1963 1216 2019 1270 in
2048 1217 2122 1270 ill.
2153 1216 2386 1272 conﬁnia
2427 1218 2804 1283 residendum,
2847 1229 3203 1286 perrexerunt
3244 1220 3382 1276 infra
3411 1221 3548 1277 ﬁnes

1964 1305 2202 1375 ipsorum
2244 1307 2451 1362 decimo
2495 1307 2764 1361 Kalendas
2811 1307 3161 1377 Septembris,
3208 1319 3262 1364 et
3310 1311 3550 1366 inierunt

1961 1410 2197 1466 pugnam
2226 1412 2349 1450 cum
2377 1396 2458 1450 eis
2483 1413 2495 1448 :
2532 1404 2586 1449 et
2623 1397 2770 1450 dedit
2805 1396 2885 1449 eis
2914 1398 3054 1450 Deus
3082 1399 3422 1466 omnipotens
3450 1415 3549 1469 pro

1963 1500 2060 1538 sua
2090 1486 2458 1541 misericordia
2486 1486 2788 1551 victoriam,
2817 1494 2874 1539 et
2898 1487 3295 1542 multitudinem
3325 1490 3390 1543 de
3418 1490 3550 1558 ipsis

1963 1575 2156 1630 Avaris
2183 1576 2589 1642 interfecerunt,
2623 1577 2678 1630 in
2719 1583 2926 1630 tantum
2945 1617 2960 1641 ,
2994 1584 3052 1630 ut
3079 1577 3294 1642 dicunt,
3320 1580 3462 1646 quod
3494 1579 3550 1633 in

1965 1666 2151 1720 multis
2175 1666 2364 1720 diebus
2389 1665 2559 1736 major
2587 1675 2796 1736 strages
2817 1669 2881 1721 de
2903 1667 3034 1735 ipsis
3060 1666 3253 1721 Avaris
3276 1666 3417 1722 facta
3440 1685 3548 1724 non

273 1769 447 1824 vatos,
473 1762 581 1814 Deo
602 1775 699 1814 nos
720 1760 774 1814 in
795 1761 1044 1815 omnibus
1069 1759 1374 1828 adjuvante,
1389 1760 1716 1814 examussim
1738 1777 1859 1815 cor-
1891 1755 1937 1815 Β
1964 1756 2085 1810 fuit.
2113 1758 2174 1811 Et
2201 1758 2636 1827 exspoliavcrunt
2652 1759 2826 1827 ipsum
2850 1759 3068 1824 vallum,
3088 1767 3142 1812 et
3168 1761 3422 1815 sederunt
3444 1763 3548 1816 ibi-

270 1851 533 1905 reximus.
551 1849 775 1904 Accensi
790 1856 1050 1918 praeterea
1070 1848 1387 1902 venerandae
1401 1849 1671 1926 memoria:
1682 1847 1858 1916 Pippi-

267 1941 324 1994 ni
345 1940 610 2011 genitoris
624 1939 794 1993 nostri
814 1938 1092 2007 exemplis,
1106 1938 1197 2007 qui
1220 1946 1361 1992 totas
1372 1936 1668 1992 Galliarum
1687 1939 1860 1992 eccle-

271 2035 381 2088 sias
410 2049 508 2087 suo
535 2031 714 2086 studio
746 2031 999 2085 Romamn
1026 2031 1330 2085 traditionis
1355 2031 1605 2085 cantibus
1635 2032 1857 2085 decora-

271 2126 379 2190 vit;
406 2139 508 2178 nos
533 2123 883 2177 nihilominus
922 2121 1106 2176 solerti
1147 2124 1362 2176 easdem
1383 2137 1636 2176 curamus
1657 2123 1857 2201 intuitu

263 2217 662 2286 pmcipuarum
691 2215 950 2284 insignire
971 2214 1111 2270 serie
1135 2215 1444 2270 lectionum.
1470 2215 1856 2285 Denique‘quia

269 2309 335 2362 ad
364 2306 685 2362 nocturnale
712 2305 952 2361 ofﬁcium
981 2307 1298 2376 compilatas
1319 2309 1674 2376 quorumdam
1699 2322 1856 2362 casso

270 2395 476 2459 labore,
508 2393 634 2447 licet
676 2402 825 2449 recto
861 2393 1080 2460 intuitu,
1123 2395 1302 2449 minus
1341 2404 1522 2449 tamen
1561 2397 1750 2450 idonee
1780 2410 1859 2450 re-

267 2485 508 2555 perimus
551 2485 854 2539 lectiones:
897 2485 1092 2554 quippe
1145 2501 1288 2554 quze'
1318 2495 1372 2540 et
1417 2487 1532 2540 sine
1575 2487 1858 2542 auctoru'm

271 2578 550 2633 vocabulis
579 2585 760 2632 essent
787 2578 996 2647 positis,
1021 2586 1074 2630 et
1107 2578 1334 2632 inﬁnitis
1363 2579 1618 2633 vitiorum
1648 2579 1860 2635 anfrac-

272 2669 419 2724 tibus
469 2676 775 2733 scaterent;
827 2683 934 2725 non
968 2683 1154 2722 sumus
1183 2669 1328 2736 passi
1355 2669 1559 2724 nostris
1587 2670 1776 2724 diebus
1803 2670 1859 2724 in

274 2759 476 2814 divinis
502 2758 823 2814 lectionibus
851 2774 1129 2814 sacrorum
1157 2758 1461 2814 ofﬁciorum
1497 2761 1858 2816 inconsonan-

273 2860 353 2905 tes
380 2857 723 2920 perstrepere
748 2847 1104 2913 soloecismos,
1145 2856 1308 2918 atque
1335 2851 1642 2904 earumdem
1675 2851 1861 2906 lectio-

274 2955 402 2993 num
432 2938 488 2992 in
524 2938 717 2992 melius
763 2938 1058 2992 reformare
1093 2939 1386 3003 tramitem,
1417 2947 1656 2992 mentem
1689 2940 1861 2995 inten-

271 3029 485 3082 dimus:
518 3027 681 3097 idque
717 3042 854 3096 opus
902 3026 1068 3080 Paulo
1109 3027 1344 3082 Diacono
1383 3026 1633 3082 familiari
1673 3039 1858 3086 nostro

269 3092 979 3186 elimandum—injunsimus,
1021 3116 1227 3172 scilicet
1263 3125 1323 3171 ut
1351 3119 1589 3174 studiose
1614 3131 1638 3159 α
1663 3121 1852 3175 catho-
1885 3092 1930 3154 ο

272 3209 496 3263 licorum
527 3208 746 3262 Patrum
779 3209 921 3262 dicta
950 3222 1302 3277 percurrens,
1341 3210 1505 3264 veluti
1535 3210 1853 3266 florentissi-

270 3298 370 3351 mis
399 3312 587 3351 eorum
609 3299 777 3366 pratis
804 3307 981 3352 certos
1011 3313 1253 3368 quosque
1273 3300 1524 3357 flosculos
1551 3303 1775 3373 legeret,
1801 3312 1856 3358 et

270 3387 321 3442 in
351 3404 520 3443 unum
558 3403 783 3458 quzeque
811 3399 991 3444 essent
1015 3390 1185 3456 utilia,
1209 3392 1366 3461 quasi
1396 3403 1600 3447 sertum
1621 3404 1852 3463 aptaret.

269 3478 368 3545 Qui
391 3486 593 3532 nostne
614 3479 918 3533 celsitudiui
942 3481 1131 3535 devote
1150 3497 1342 3550 parere
1367 3483 1696 3550 desiderans,
1720 3492 1857 3538 trac-

270 3579 412 3625 tatus
459 3580 620 3638 atque
656 3585 934 3624 sermones
976 3579 1030 3624 et
1075 3572 1335 3627 homelias
1390 3573 1722 3627 diversorum
1770 3589 1856 3628 ca-

270 3661 592 3715 tholicorum
638 3659 855 3712 Patrum
901 3661 1212 3730 perlegens,
1273 3671 1328 3715 et
1373 3663 1578 3732 optima
1626 3677 1855 3731 quaeque

269 3754 582 3820 decerpens,
622 3752 676 3805 in
723 3753 930 3807 duobus
973 3753 1331 3808 voluminibus
1372 3769 1468 3824 per
1508 3755 1675 3808 totius
1721 3755 1851 3809 anni

270 3844 533 3899 circulum
574 3853 936 3914 congruentes
976 3846 1171 3913 cuique
1201 3845 1478 3900 festivitati
1511 3847 1763 3900 distincte
1800 3855 1856 3900 et

268 3939 472 4006 absque
492 3936 636 3991 vitiis
656 3937 812 3991 nobis
831 3938 1025 3992 obtulit
1049 3937 1326 3993 lectiones.
1353 3940 1590 4004 Quarqu
1611 3941 1854 3995 omnium

271 4034 479 4082 textum
511 4035 694 4081 nostra
720 4028 1014 4097 sagacitate
1041 4030 1448 4098 perpendentes,
1482 4039 1666 4084 nostra
1688 4031 1854 4085 etiam

269 4118 592 4174 auctoritate
636 4120 824 4173 eadem
869 4121 1353 4187 constabilivimus,
1395 4131 1692 4194 vestraeque
1733 4125 1855 4180 reli-

271 4211 418 4278 gioni
445 4211 502 4266 in
527 4210 727 4265 Christi
755 4211 1010 4266 Ecclesiis
1039 4213 1302 4266 tradimus
1326 4213 1394 4267 ad
1415 4213 1719 4283 legendum.

337 4301 540 4356 Paulus
570 4302 857 4357 Diaconus.
1117 4303 1307 4358 Carole
1334 4305 1602 4373 princeps,

343 4391 506 4446 Utere
533 4390 660 4444 felix
1124 4392 1298 4462 Atque
1327 4401 1506 4463 togate

342 4483 565 4537 Murere
593 4483 795 4537 Christi
1118 4484 1336 4539 Arbiter
1362 4487 1531 4549 orbis,

340 4571 593 4627 Pluribus
619 4573 794 4637 annis,
1111 4574 1536 4644 Dardanidzeque

341 4667 586 4736 Luxquc,
619 4666 888 4736 decusque
1108 4666 1290 4722 Gloria
1320 4668 1515 4737 gentis.

345 4757 535 4828 Magne
558 4767 774 4813 tuorum

844 4847 1178 4904 EPISTOLA
1228 4849 1292 4902 ν.

718 4956 786 4995 AD
812 4955 1124 4995 FASTRAIMII
1154 4955 1406 4995 REGINAM.

562 5031 636 5087 De
666 5033 881 5087 victoria
907 5033 1150 5096 Avarico,
1178 5032 1309 5086 et‘de
1342 5031 1586 5085 Litam’is.

893 5122 1070 5195 (Anno
1101 5120 1249 5192 792.)

713 5214 804 5276 [Ex
835 5215 984 5262 Μειυεὶ
1017 5213 1160 5262 Cone.
1187 5213 1414 5276 Collect.]

344 5301 574 5355 Carolus
621 5299 793 5370 gratia
836 5296 930 5351 Dei
961 5310 1055 5350 rex
1105 5295 1434 5350 Francorum
1464 5303 1519 5349 ct
1556 5295 1869 5366 Langobar-

278 5396 471 5448 dorum
527 5408 590 5448 ac
645 5390 908 5461 patricius
953 5388 1319 5444 Romanorum
1372 5387 1582 5442 dilecta:
1611 5387 1769 5442 nobis
1814 5396 1869 5442 et

280 5486 434 5538 valde
462 5482 680 5537 amabili
709 5481 925 5552 conjugi
956 5487 1154 5535 nostra:
1182 5478 1455 5533 Fastradze
1481 5479 1704 5550 reginae.

351 5573 595 5629 Salutem
633 5573 919 5628 amabilem
957 5572 1056 5626 tibi
1085 5570 1140 5624 in
1172 5571 1400 5625 Domino
1430 5585 1527 5640 per
1557 5571 1658 5626 hos
1687 5571 1868 5642 apices

1963 1846 2084 1900 dem
2107 1846 2222 1914 ipsa
2247 1855 2425 1911 nocte,
2449 1847 2532 1900 vel
2558 1847 2611 1900 in
2650 1848 2904 1912 crastina,
2937 1863 3107 1917 usque
3137 1849 3269 1903 hora
3301 1851 3407 1904 diei
3447 1860 3551 1904 ter-

1963 1934 2058 1987 tia.
2092 1935 2156 1988 Et
2185 1936 2423 2004 acceptis
2462 1937 2650 2005 spoliis
2679 1938 2882 1991 reversi
2907 1948 3033 1992 sunt
3063 1939 3117 1992 in
3147 1955 3306 2008 pace;
3339 1950 3394 1994 et
3421 1956 3548 1996 cen-

1961 2035 2076 2081 tum
2102 2028 2493 2100 quinquaginta
2534 2031 2600 2084 de
2633 2029 2766 2099 ipsis
2790 2030 2985 2085 Avaris
3021 2032 3170 2087 vivos
3201 2037 3551 2104 comprehen-

1960 2118 2192 2184 derunt,
2241 2134 2376 2188 quos
2429 2129 2841 2174 reservaverth
2891 2129 2952 2176 ut
3006 2131 3192 2177 nostra
3242 2124 3336 2178 ﬁat
3374 2124 3549 2194 jussio

1959 2207 2192 2277 qualiter
2221 2210 2414 2264 exinde
2438 2224 2601 2280 agere
2622 2211 2871 2265 debeant.
2896 2211 3108 2268 Fideles
3137 2214 3232 2268 Dei
3261 2231 3326 2270 ac
3353 2218 3547 2284 nostri,

1958 2298 2051 2368 qui
2079 2299 2182 2354 hoc
2211 2309 2456 2369 egerunt,
2487 2300 2702 2355 fuerunt
2732 2301 2820 2355 ille
2848 2302 3152 2373 episcopus,
3187 2305 3275 2358 ille
3301 2307 3429 2373 dux,
3459 2308 3550 2363 ille

1959 2398 2015 2443 et
2037 2389 2127 2445 ille
2143 2391 2481 2446 eomites.lll.
2506 2392 2610 2446 dux
2635 2393 2700 2446 de
2720 2393 2946 2459 Histria,
2964 2403 3022 2447 ut
3035 2394 3239 2450 dictum
3258 2404 3342 2450 est
3369 2399 3547 2464 nobis,

1959 2481 2160 2536 ibidem
2205 2483 2341 2536 bene
2382 2481 2511 2537 fecit
2548 2499 2672 2538 cum
2709 2484 2822 2539 suis
2862 2486 3193 2542 hominibus.
3224 2489 3380 2544 Vassi
3417 2505 3548 2548 vero

1961 2575 2134 2629 nostri
2166 2574 2384 2630 fuerunt
2410 2575 2508 2629 illi.
2541 2575 2650 2631 Nos
2674 2585 2856 2631 autem
2882 2578 3112 2633 Domino
3139 2579 3426 2649 adjuvante
3446 2583 3550 2638 tri-

1959 2663 2062 2716 bus
2097 2663 2290 2718 diebus
2330 2664 2572 2719 litaniam
2601 2665 2848 2731 fecimus,
2882 2667 2935 2723 id
2963 2677 3065 2734 est,
3100 2668 3267 2725 Nonis
3303 2670 3551 2742 Septem~

1959 2755 2093 2818 bris,
2125 2756 2268 2824 quod
2304 2755 2406 2810 fuit
2431 2757 2600 2812 Lunis
2637 2759 2742 2825 die,
2786 2759 3122 2830 incipientes,
3165 2771 3221 2817 et
3251 2763 3457 2831 Martis,
3489 2775 3547 2821 et

1961 2842 2238 2909 Memoris,
2281 2845 2381 2900 Dei
2431 2846 2856 2902 misericordiam
2904 2850 3254 2918 deprecantes
3293 2862 3354 2908 ut
3393 2856 3551 2912 nobis

1959 2946 2148 3001 pacem
2191 2942 2246 2989 et
2281 2935 2568 2990 sanitatem
2607 2944 2772 3006 atque
2808 2937 3093 2994 victoriam
3137 2949 3192 2995 et
3226 2957 3546 3013 prosperum

1963 3025 2068 3078 iter
2115 3027 2351 3082 tribuere
2389 3027 2658 3098 dignetur,
2702 3038 2754 3083 et
2791 3038 2852 3084 ut
2889 3031 2943 3084 in
2973 3047 3068 3086 sua
3099 3033 3466 3091 misericordia
3497 3046 3552 3094 et

1959 3116 2162 3184 pietate
2207 3118 2365 3173 nobis
2402 3120 2618 3188 adjutor
2657 3127 2713 3174 et
2746 3121 3062 3178 consiliator
3095 3131 3260 3192 atque
3299 3125 3553 3182 defensor

1956 3205 2011 3259 in
2044 3207 2295 3262 omnibus
2345 3209 2610 3277 angustiis
2653 3210 2855 3264 nostris
2893 3211 3112 3265 existat.
3157 3213 3224 3268 Et
3258 3229 3289 3268 a
3328 3215 3456 3270 vino
3494 3225 3552 3270 et

1957 3312 2124 3352 carne
2173 3297 2562 3352 ordinaverunt
2615 3301 2925 3356 sacerdotes
2971 3303 3164 3367 nostri,
3209 3306 3300 3373 qui
3331 3313 3553 3376 propter

1959 3386 2329 3440 inﬁrmitatem
2386 3395 2480 3441 aut
2530 3390 2933 3444 senectudinem
2992 3399 3086 3445 aut
3133 3389 3547 3460 juventudinem

1957 3477 2229 3531 abstinere
2249 3485 2518 3546 poterant,
2550 3487 2610 3532 ut
2636 3481 3023 3536 abstinuissent
3047 3500 3058 3536 :
3091 3491 3146 3536 et
3167 3485 3259 3553 qui
3284 3486 3552 3542 redimere

1957 3566 2215 3621 voluisset
2269 3569 2410 3636 quod
2455 3569 2640 3622 viuum
2686 3569 2960 3625 licentiam
3007 3573 3284 3628 habuisset
3332 3576 3554 3633 bibendi

1959 3657 2091 3726 ipsis
2119 3658 2296 3713 tribus
2338 3659 2559 3723 diebus,
2609 3660 2834 3717 ditiores
2859 3672 2914 3716 et
2949 3666 3284 3732 potentiores
3308 3668 3556 3726 homines

1959 3749 2013 3802 in
2039 3765 2360 3820 unaquaque
2403 3751 2490 3805 die
2534 3751 2764 3806 solidum
2810 3770 2976 3808 unum
3019 3757 3323 3824 dedissent,
3375 3763 3555 3818 minus

1955 3849 2206 3910 potentes
2245 3840 2400 3910 juxta
2437 3842 2851 3910 possibilitatem
2897 3845 3159 3914 ipsorum,
3206 3857 3262 3902 et
3306 3852 3401 3919 qui
3432 3867 3551 3906 am-

1957 3932 2100 4001 plius
2128 3933 2256 3986 dare
2278 3949 2384 3987 non
2407 3941 2638 4002 poterat,
2669 3944 2724 3988 et
2758 3936 2940 3990 vinum
2969 3937 3154 3992 bibere
3188 3941 3416 4005 volebat,
3447 3943 3557 3997 sal-

1957 4031 2068 4076 tem
2087 4022 2170 4076 vel
2189 4038 2354 4076 unum
2379 4023 2660 4078 denarium
2691 4025 2964 4092 donasset,
2993 4027 3394 4100 eleemosynam
3419 4045 3553 4087 vero

1959 4113 2330 4182 unusquisque
2369 4114 2665 4174 secundum
2711 4118 2984 4184 propriam
3024 4126 3188 4188 atque
3216 4121 3412 4176 bonam
3456 4138 3558 4179 vo-

1959 4195 2222 4256 luntatem
2246 4202 2329 4257 vel
2345 4202 2502 4273 juxta
2526 4205 2939 4272 possibilitatem
2966 4206 3198 4264 fecisset.
3219 4211 3287 4265 Et
3303 4213 3556 4268 sacerdos

1959 4295 2328 4364 unusquisque
2352 4310 2571 4349 missam
2604 4297 2892 4366 specialem
2918 4298 3156 4366 fecisset,
3187 4302 3290 4374 uisi
3324 4303 3556 4358 inﬁrmi-

1961 4393 2044 4439 tas
2069 4386 2407 4455 impedisset;
2437 4393 2492 4439 et
2516 4387 2699 4442 clerici
2722 4389 2811 4458 qui
2838 4390 3076 4458 psalmos
3099 4392 3364 4458 sciebant,
3394 4409 3557 4448 unus-

1959 4477 2188 4547 quisque
2231 4477 2626 4547 quinquaginta
2660 4488 2935 4535 cantasset
2984 4499 2998 4536 :
3041 4491 3096 4536 et
3140 4483 3359 4539 interim
3411 4487 3556 4556 quod

1958 4570 2104 4639 ipsas
2131 4569 2347 4624 litanias
2371 4570 2658 4636 faciebant,
2697 4573 3008 4628 disealceati
3043 4577 3432 4640 ambulassem.
3462 4578 3556 4634 Sic

1959 4659 2436 4714 consideraverunt
2465 4663 2775 4717 sacerdotes
2807 4665 3002 4731 nostri,
3037 4675 3093 4720 et
3119 4682 3218 4722 nos
3250 4683 3442 4723 omnes
3473 4669 3550 4724 ita

1960 4749 2387 4819 aptiftcavimus,
2437 4762 2492 4805 et
2536 4753 2766 4808 Domino
2809 4755 3100 4824 adjuvante
3143 4759 3553 4827 complevimus,

1965 4839 2117 4895 Unde
2143 4842 2392 4896 volumus
2417 4851 2478 4896 ut
2501 4852 2558 4897 tu
2582 4860 2706 4899 cum
2738 4845 2812 4899 ill.
2842 4855 2897 4900 et
2920 4847 2995 4900 ill.
3025 4847 3108 4900 vel
3143 4850 3357 4903 caeteris
3381 4850 3555 4904 ﬁdeli-

1967 4931 2069 4985 bus
2095 4933 2293 4986 nostris
2323 4933 2666 4987 considerare
2703 4935 2900 4990 debeas
2927 4937 3157 5005 qualiter
3184 4937 3312 5005 ipsae
3354 4937 3556 4992 litania:

1971 5020 2168 5075 ibidem
2200 5021 2353 5076 factu:
2389 5023 2538 5077 ﬁant.
2567 5023 2647 5077 Tu
2692 5033 2872 5078 autem
2900 5024 3055 5093 juxta
3101 5026 3245 5094 quod
3277 5033 3368 5080 tua
3412 5025 3560 5080 inﬁr-

1971 5113 2133 5166 mitas
2156 5113 2422 5182 permittit
2447 5113 2502 5167 in
2538 5121 2632 5168 tuo
2663 5116 3053 5170 committimus
3083 5115 3331 5170 arbitrio.
3364 5115 3434 5169 Et
3461 5117 3558 5170 mi-

1973 5217 2090 5255 rum
2122 5201 2276 5256 nobis
2303 5199 2404 5255 fuit
2428 5202 2555 5270 quia
2585 5211 2762 5258 vester
2787 5204 2980 5258 missus
3006 5217 3104 5258 nec
3139 5203 3387 5273 epistola,
3415 5213 3558 5274 post-

1973 5310 2134 5364 quam
2186 5296 2251 5349 de
2294 5295 2721 5366 Ragenisburgo,
2767 5297 2834 5351 ad
2887 5312 2986 5351 nos
3035 5313 3142 5352 non
3187 5297 3355 5351 venit.
3404 5295 3558 5352 Unde

1972 5388 2218 5444 volumus
2243 5397 2302 5443 ut
2327 5389 2524 5458 smpius
2557 5389 2714 5444 nobis
2744 5391 2809 5445 de
2833 5367 2925 5444 {ua
2952 5389 3183 5444 sanitate
3207 5389 3291 5442 vel
3316 5389 3382 5443 de
3411 5388 3558 5444 aliud

1971 5480 2113 5550 quod
2137 5479 2401 5548 placuerit
2421 5477 2730 5549 signiﬁcare
2763 5479 2961 5535 debeas
2988 5495 3004 5534 :
3033 5479 3338 5549 iterumque
3363 5477 3566 5532 saluta-

1972 5587 2093 5626 mus
2119 5580 2170 5625 te
2204 5569 2431 5625 multum
2459 5570 2512 5624 in
2540 5569 2788 5625 Domino.

358 5728 386 5757 ι
418 5715 524 5782 AL,
555 5723 810 5770 tractatu:
836 5723 988 5785 atque
1010 5728 1268 5766 sermones
1294 5711 1612 5766 dir-errorum
1641 5712 2014 5766 catholicorum
2045 5708 2280 5764 Patrum.
