4026 6188
570 339 672 397 399

1123 448 1457 507 EPISTOLA
1490 450 1582 508 Vl.

658 560 727 597 AD
752 556 1051 596 ELIPANDUM
1077 558 1144 597 ΕΤ
1175 558 1432 598 CETEROS
1466 557 1741 597 EPISCOPOS
1768 555 2049 598 HISPANI£.

571 634 585 684 ἶ
603 650 635 687 n
666 650 768 704 qua
798 632 954 685 trium
981 633 1137 685 etiam
1174 635 1500 703 superiorum
1532 631 1823 686 libellorum
1851 632 1913 701 ﬁt
1938 632 2148 685 mentio.

1188 743 1364 816 (Anno
1391 744 1538 812 794.)

998 854 1091 915 [Ex
1119 856 1270 905 Mansi
1297 855 1476 905 Concil.
1503 854 1621 906 Coll.
1649 855 1717 916 7.]

556 984 559 987 ν
640 974 665 1001 ³
702 960 925 1015 Carolus
951 961 1121 1030 gratia
1160 960 1256 1013 Dei
1278 973 1373 1012 rex
1400 959 1731 1013 Francorum
1757 967 1812 1012 et
1837 956 2152 1027 Longobar-

570 1052 779 1115 dorum,
824 1066 887 1105 ac
923 1050 1183 1118 patricius
1226 1049 1612 1113 Romanorum,
1646 1049 1787 1102 ﬁlius
1811 1057 1865 1100 et
1905 1047 2156 1102 defensor

568 1151 768 1195 sanctae
788 1140 883 1194 Dei
908 1140 1181 1202 Ecclesize,
1210 1138 1471 1207 Elipando
1489 1137 1759 1192 Toletante
1783 1137 2020 1191 civitatis
2043 1150 2155 1189 me-

567 1233 913 1301 tropolitano,
942 1240 998 1284 et
1042 1231 1252 1285 caeteris
1288 1230 1340 1283 in
1376 1231 1620 1298 partibus
1660 1230 1931 1298 Hispania:
1968 1244 2154 1283 consa-

566 1322 877 1376 cerdotibus
899 1322 1212 1376 orthodoxae
1239 1322 1361 1375 ﬁdei
1383 1330 1438 1374 et
1472 1320 1721 1376 fraternae
1753 1320 2062 1382 charitatis,
2099 1320 2152 1374 in

564 1412 785 1466 Christo
812 1412 907 1465 Dei
934 1411 1070 1465 Filio
1098 1412 1319 1481 proprio
1355 1420 1408 1463 et
1431 1426 1558 1465 vero
1583 1420 1832 1479 optamus
1864 1411 2111 1463 salutem.

639 1502 847 1556 Gaudet
872 1503 1044 1569 pietas
1067 1503 1372 1557 Christiana
1402 1503 1596 1556 divinzc
1623 1503 1828 1556 scilicet
1856 1510 2018 1570 atque
2052 1502 2155 1554 fra-

569 1599 738 1645 terna:
781 1606 879 1659 per
921 1591 1027 1644 lata
1074 1599 1336 1645 terrarum
1381 1591 1553 1660 spatia
1589 1592 1830 1660 duplices
1867 1592 2153 1646 charitatis

554 1681 683 1733 alas
706 1682 1018 1747 extendere,
1049 1688 1109 1734 ut
1146 1689 1389 1735 materno
1415 1681 1592 1736 foveat
1615 1682 1809 1736 aﬁ‘ectu
1836 1698 1971 1751 quos
1998 1698 2152 1737 sacro

1438 341 1496 395 Β.
1538 338 1787 395 cauom
1825 335 2037 393 MAGNl
2075 312 2226 391 opp.
2268 309 2448 387 rans
2485 332 2549 386 ιι.
2591 329 2833 386 saeuo
2868 331 2911 384 ι.

2183 452 2224 510 Α
2254 444 2376 499 dam
2410 456 2531 500 esse
2559 444 2907 500 censuimus:
2947 444 3101 499 valde
3135 445 3503 514 desiderantes,
3538 446 3771 517 Deumque

3674 324 3764 390 900

2251 549 2319 589 ex
2345 536 2536 589 intimo
2559 535 2737 590 cordis
2761 532 2953 589 aﬁ'ectu
2980 535 3346 605 deprecantes,
3371 546 3607 604 quatenus
3628 538 3677 593 in
3696 550 3773 592 ve-

2255 642 2328 681 ra)
2353 625 2475 680 ﬁdei
2502 624 2773 679 soliditate
2799 625 3027 679 ﬁrmiter
3046 628 3298 697 utrinque
3320 644 3707 700 pcrmaneamus,
3728 638 3774 684 et

2255 717 2396 770 inter
2434 715 2747 785 ﬂuctivagos
2778 715 2937 785 hujus
2974 718 3153 773 seculi
3186 729 3365 785 (estus,
3402 719 3593 789 Spiritu
3617 729 3773 774 sancto

2253 806 2527 876 navigium
2553 805 2716 859 vestri
2739 806 2892 877 [Ms.,
2923 808 3115 861 nostri.
3157 807 3255 880 11.]
3282 804 3463 864 cursus
3490 819 3698 879 regente,
3720 811 3775 863 ad

2252 906 2465 965 portum
2492 906 2761 967 perpetuae
2778 898 3180 967 tranquillitatis
3204 903 3474 969 pervenire
3498 914 3772 955 mereamur.

2255 986 2338 1040 Ad
2392 988 2531 1041 hanc
2569 996 2748 1040 autem
2802 989 3246 1057 tranquillitatem
3294 992 3585 1060 capiendam
3624 991 3775 1044 oculus

2255 1076 2433 1130 cordis
2466 1076 2570 1131 ﬁde
2605 1077 2974 1146 puriﬁcandus
3014 1086 3116 1142 est,
3164 1088 3218 1133 et
3261 1081 3483 1135 assiduis
3515 1090 3775 1135 sanctarum

2255 1167 2557 1221 orationum
2580 1167 2830 1236 precihus
2857 1169 3052 1223 mentis
3079 1171 3224 1225 acies
3250 1172 3566 1236 illustrauda,
3588 1178 3638 1225 ut
3661 1184 3779 1240 pura:

2255 1243 2500 1313 veritatis
2524 1260 2709 1313 lumen
2736 1260 2882 1314 omni
2910 1276 3152 1314 errorum
3182 1264 3322 1315 nube
3348 1264 3555 1332 expulsa
3577 1269 3779 1317 contem-

2254 1350 2388 1418 plari
2424 1350 2618 1414 valeat,
2647 1366 2713 1404 ne
2742 1351 2793 1405 in
2821 1352 3101 1419 Opiniones
3131 1354 3305 1406 noxis:
3339 1353 3577 1407 falsitatis
3601 1350 3781 1407 temeri-

2257 1448 2339 1492 tas
2376 1439 2679 1493 inordinata
2722 1441 2991 1494 incautius
3025 1441 3330 1511 gra.Lientcs
3362 1442 3654 1510 praecipitet.
3694 1440 3779 1493 Nec

2254 1530 2433 1599 pigeat
2454 1528 2816 1584 Christianum
2848 1532 2941 1585 ubi
2980 1531 3189 1585 hmsitet
3214 1549 3482 1601 quaerere;
3511 1547 3600 1588 nec
3618 1533 3781 1601 pudeat

2255 1618 2344 1672 ubi
2372 1618 2579 1673 nesciat
2613 1619 2819 1673 discere
2845 1636 2857 1671 :
2886 1620 3138 1688 quoniam
3166 1621 3251 1689 pia
3289 1620 3552 1674 humilitas
3583 1620 3779 1674 discendi

2256 1707 2533 1777 sapientiae
2568 1709 2735 1761 intrat
2778 1716 3020 1768 secreta;
3068 1718 3122 1763 et
3158 1709 3351 1764 melius
3394 1718 3475 1763 est
3509 1707 3780 1777 discipulum

556 1779 831 1839 genuerat
865 1773 1206 1839 baptismate.
1240 1771 1305 1824 Et
1330 1771 1561 1823 maxima
1600 1780 1683 1825 est
1717 1779 1916 1826 sancta:
1963 1772 2143 1825 matris

2256 1771 2375 1849 esse
2399 1797 2661 1861 veritatis,
2702 1813 2860 1866 quam
2890 1800 3162 1853 doctorem
3194 1799 3425 1853 existere
3448 1798 3688 1853 falsitatis.
3711 1796 3781 1851 Ille

571 1860 828 1914 Ecclesiae
875 1861 1183 1924 exsultatio,
1234 1876 1456 1914 suorum
1498 1860 1753 1914 adunatio
1795 1860 2047 1927 ﬁliorum,
2093 1868 2153 1914 ut

571 1951 681 2004 sint
705 1951 1061 2004 consummati
1089 1951 1141 2003 in
1169 1967 1354 2014 unum,
1384 1951 1475 2019 qui
1501 1952 1763 2019 redempti
1789 1960 1914 2005 sunt
1934 1955 2003 2007 ab
2023 1969 2146 2015 uno,

571 2046 786 2099 dicente
836 2047 1028 2100 eodem
1087 2044 1442 2112 Redemptore
1503 2045 1728 2099 Domino
1787 2053 1974 2100 nostro
2026 2045 2152 2101 Jesu

567 2135 783 2190 Christo
812 2153 826 2189 :
858 2135 1020 2189 Pater
1048 2144 1246 2198 sancte,
1277 2151 1421 2189 serva
1446 2152 1532 2189 eos
1555 2136 1611 2189 in
1646 2137 1858 2190 nomine
1883 2146 1993 2202 tuo,
2021 2154 2151 2208 quos

569 2225 759 2278 dedisti
786 2225 933 2289 mihi,
977 2234 1032 2277 ut
1057 2239 1236 2277 omnes
1265 2240 1428 2277 unum
1461 2225 1585 2288 sint,
1614 2226 1747 2277 sicut
1781 2233 1830 2277 et
1869 2241 1962 2278 nos
1988 2242 2150 2280 unum

565 2332 746 2369 sumus
777 2314 959 2383 (Joan.
997 2313 1149 2384 xvn).
1190 2313 1341 2369 Unde
1368 2320 1422 2367 et
1454 2315 1506 2368 in
1547 2315 1770 2370 Cautico
1816 2317 2151 2371 canticorum

550 2407 633 2459 .dc
666 2412 852 2459 sancta
889 2404 1087 2459 dicitur
1128 2405 1366 2459 Ecclesia
1396 2423 1408 2458 :
1450 2405 1718 2460 Terribilis
1755 2415 1814 2460 ut
1857 2416 2147 2461 castrorum

563 2495 702 2548 acies
729 2494 974 2548 ordinata
1011 2494 1188 2565 (Cant.
1228 2496 1326 2565 vl).
1365 2496 1675 2565 Constipata
1700 2499 1980 2553 exercitus
2008 2500 2152 2555 ordi-

546 2584 732 2649 -Iatio,
767 2591 822 2636 et
848 2584 1119 2637 unanimis
1140 2584 1456 2639 bellatorum
1479 2584 1758 2653 fortitudo,
1790 2602 1986 2658 magno
2013 2588 2150 2642 solet

544 2672 815 2726 hostibus
837 2685 959 2726 esse
980 2672 1174 2726 terrori
1207 2691 1218 2725 :
1248 2672 1330 2727 sic
1354 2672 1591 2728 ﬁliorum
1613 2682 1815 2730 sancta:
1840 2676 2032 2730 matris
2055 2675 2151 2729 Ec-

558 2758 742 2814 clesia:
761 2760 904 2814 intra
930 2776 1146 2815 murum
1169 2761 1451 2816 catholica:
1473 2762 1596 2817 ﬁdei
1621 2763 1845 2833 paciﬁca
1867 2764 2144 2828 adunatio,

558 2848 1120 2917 aereispotestatihus
1149 2850 1374 2904 nimium
1401 2860 1613 2905 constat
1641 2853 1917 2917 terribilis,
1937 2861 1991 2906 et
2016 2854 2148 2923 igni-

556 2940 634 2994 tis
659 2939 910 3008 malignae
942 2940 1183 3008 perﬁdia:
1215 2941 1438 3008 spiculis
1474 2942 1696 2998 omnino
1721 2943 2147 3011 impenetrabilis

558 3039 758 3095 exstat,
811 3032 951 3085 sicut
996 3039 1052 3085 et
1093 3033 1406 3088 verissimus
1434 3036 1673 3103 gentium
1708 3037 2048 3104 praedicator,
2092 3047 2146 3091 et

542 3120 888 3175 fortissimus
924 3121 1177 3176 Ecclesia:
1218 3124 1492 3191 praaliator
1517 3126 1777 3194 praecipit,
1816 3126 2042 3181 dicens:
2079 3126 2147 3181 In
2175 3132 2222 3196 ο

554 3211 799 3265 munibus
824 3221 1146 3265 assumeutes
1179 3222 1385 3266 scutum
1416 3214 1564 3281 ﬁdei,
1593 3216 1649 3269 in
1674 3232 1777 3286 quo
1799 3217 2012 3285 possitis
2038 3234 2149 3271 om-

540 3303 651 3356 mia
674 3301 778 3355 tela
804 3303 1107 3372 nequiss'mi
1140 3305 1306 3373 ignita
1343 3307 1671 3375 exstinguere
1706 3307 1921 3377 (Ephes.
1960 3319 2058 3381 vr),
2095 3318 2150 3364 et

557 3389 663 3446 hoc
688 3391 946 3447 saeculum
981 3406 1213 3461 nequam
1241 3394 1413 3449 libero
1437 3396 1505 3449 ad
1540 3397 1780 3451 caelestia
1814 3399 1995 3453 volatu
2021 3414 2149 3453 eva-

538 3480 706 3535 «dere.
738 3479 865 3534 Sine
885 3480 991 3548 ﬁde
1016 3482 1152 3535 enim
1179 3483 1497 3552 impossibile
1517 3494 1592 3539 est
1615 3484 1820 3554 placere
1839 3487 1949 3542 Deo
1986 3488 2143 3561 (Heb.

558 3567 660 3640 χι).
699 3570 1035 3638 lmpossihile
1067 3581 1153 3625 est
1197 3575 1343 3642 quod
1384 3575 1605 3630 omnino
1646 3577 1716 3630 ah
1765 3577 1983 3633 homine
2030 3580 2148 3634 ﬁeri

561 3675 673 3718 non
704 3668 902 3728 potest.
930 3660 1259 3731 Principium
1288 3672 1370 3718 est
1395 3664 1586 3720 salutis
1610 3675 1810 3722 nostra:
1837 3668 1970 3723 ﬁdes
1999 3686 2011 3722 :
2042 3685 2147 3738 qua

559 3747 907 3814 intemerata,
936 3759 991 3803 et
1016 3751 1224 3821 integra
1248 3755 1482 3808 sanitate
1506 3756 1843 3821 conﬁrmata,
1872 3759 2041 3813 totius
2066 3760 2148 3812 vi-

538 3847 848 3894 .ttecursus
874 3854 973 3909 per
997 3842 1263 3897 honorum
1288 3845 1512 3915 vestigia
1541 3860 1764 3914 operum
1791 3846 2019 3902 feliciter
2042 3848 2148 3903 ﬁne

559 3935 717 3987 tenus
742 3930 932 3984 currit.
976 3929 1080 3984 Per
1115 3932 1276 4000 ﬁdem
1317 3934 1475 3999 enim,
1525 3935 1666 3989 sicut
1713 3936 1853 3990 idem
1892 3937 2149 4007 prmissus

555 4021 746 4081 doctor
768 4022 825 4077 in
853 4022 1093 4091 Epistola
1117 4025 1185 4079 ad
1219 4024 1474 4080 Baehreas
1500 4033 1745 4090 testatur,
1777 4044 1954 4082 omnes
1977 4032 2146 4084 sueti

530 4110 864 4183 placuerunt
888 4113 1018 4168 Deo.

623 4224 774 4280 Hanc
794 4224 960 4295 igitur
977 4225 1010 4279 ﬁ
1022 4228 1137 4280 dem
1158 4230 1536 4293 orthodoxam,
1555 4240 1608 4284 et
1628 4234 1694 4286 ab
1714 4232 2023 4300 apostolicis
2038 4242 2145 4286 tra-

551 4313 721 4368 ditam
750 4314 1085 4381 doctoribus,
1113 4322 1167 4368 et
1188 4318 1257 4371 ah
1278 4319 1566 4374 universali
1587 4329 1855 4375 servatam
1877 4322 2139 4389 Ecclesia,

538 4416 762 4470 nospno
781 4404 977 4457 virium
999 4413 1306 4460 nostrarum
1328 4410 1576 4477 portione
1592 4412 1790 4481 ubique
1815 4413 1867 4467 in
1889 4414 2139 4469 omnibus

548 4505 766 4545 scrvare
786 4499 845 4545 et
872 4494 1170 4561 praedicare
1196 4498 1516 4564 proﬁtemur
1541 4518 1554 4553 :
1580 4502 1705 4571 quia
1726 4516 1835 4557 non
1857 4512 1939 4558 est
1957 4504 2010 4557 in
2030 4505 2135 4558 alia

531 4580 727 4648 aliqua
746 4581 895 4635 salus
918 4582 1020 4636 nisi
1046 4584 1097 4636 in
1125 4586 1236 4650 illa,
1259 4603 1420 4656 quam
1440 4592 1662 4659 paciﬁca
1683 4593 1751 4647 ab
1776 4594 1931 4649 initio
1949 4596 2139 4651 salutis

545 4679 749 4725 nostra;
771 4672 1130 4728 unanimitate
1179 4689 1396 4746 semper
1443 4683 1694 4736 servabat
1728 4684 1967 4739 Ecclesia
1998 4703 2009 4738 :
2039 4701 2138 4755 pro

546 4775 655 4830 qua
682 4760 877 4828 etiam,
903 4762 1006 4817 viri
1032 4762 1250 4830 fratres,
1279 4776 1334 4821 et
1358 4779 1537 4824 vestra
1562 4772 1702 4826 bona
1725 4774 1956 4841 devotio,
1974 4792 2138 4845 quam

543 4865 642 4906 vos
660 4851 867 4907 habere
895 4854 1050 4909 decet
1078 4857 1131 4910 in
1163 4858 1406 4925 Domino,
1427 4861 1504 4915 his
1529 4863 1776 4930 partibus
1804 4864 1924 4920 ﬁdei
1946 4875 2137 4922 vestra:

542 4943 753 5000 litteras
788 4946 1024 5018 dirigere
1050 4951 1301 5015 curastis,
1331 4962 1646 5024 utrumque,
1683 4965 1737 5010 et
1763 4959 2041 5028 generales
2069 4963 2136 5016 ad

541 5037 904 5093 sacerdotales
931 5041 1308 5097 sanctissimas
1334 5059 1514 5108 aures,
1551 5048 1620 5101 ad
1654 5064 1752 5102 nos
1777 5065 1989 5120 quoque
2016 5066 2135 5121 spe-

541 5129 725 5183 ciales.
754 5130 814 5184 in
840 5147 1069 5200 quarum
1096 5135 1285 5205 utique
1327 5139 1467 5193 serie
1510 5139 1811 5197 litterarum
1852 5160 1960 5199 non
1997 5148 2127 5202 satis

541 5220 698 5275 nobis
729 5220 994 5290 elucebat,
1044 5240 1113 5279 an
1157 5229 1312 5296 quasi
1355 5243 1421 5285 ex
1472 5233 1794 5287 auctoritate
1828 5236 2124 5306 magisterii

540 5325 640 5365 nos
669 5321 849 5367 vestra
872 5316 1070 5370 docere
1095 5318 1454 5388 disposuistis,
1494 5339 1562 5379 an
1597 5339 1662 5379 ex
1695 5326 2016 5383 humilitatis
2043 5330 2124 5384 di-

538 5403 807 5473 scipulam
830 5415 1018 5463 nostra
1046 5410 1253 5466 discere
1279 5414 1612 5471 desideratis.
1640 5418 1843 5474 Tamen
1861 5421 1974 5476 sive
1996 5422 2117 5489 hoc,

540 5494 654 5549 sive
678 5497 811 5553 illud
832 5503 1030 5557 vestris
1058 5503 1258 5560 inesset
1283 5505 1497 5572 animis,
1525 5510 1840 5578 petitionem
1863 5520 2118 5580 vestram,

541 5583 802 5641 charitate
821 5588 1140 5649 Christiana:
1169 5597 1441 5667 religionis
1467 5610 1711 5669 cogente,
1738 5620 1843 5658 non
1873 5621 2124 5675 spernen-

612 5707 641 5735 ι
670 5696 749 5751 Ex
777 5701 964 5756 eodem
995 5704 1270 5762 Sirmondi
1294 5712 1622 5779 apographo.
1649 5713 1825 5769 llann.

2250 1888 2320 1939 ad
2346 1887 2538 1941 altiora
2569 1902 2780 1956 semper
2819 1889 3151 1957 provehitur,
3184 1898 3288 1943 iste
3322 1891 3387 1944 ad
3422 1888 3654 1943 inferiora
3675 1901 3781 1941 sem-

2250 1991 2348 2045 per
2370 1978 2625 2032 dilabitur
2649 1997 2660 2030 :
2688 1988 2743 2031 et
2767 1979 2891 2033 inde
2917 1980 3171 2048 magister
3194 1980 3429 2036 efﬁcitur
3448 1980 3647 2047 erroris,
3670 1979 3782 2032 unde

2252 2068 2467 2122 auditor
2499 2070 2825 2137 contempsit
2851 2083 2970 2123 esse
3002 2070 3263 2124 veritatis.

2321 2156 2471 2210 Hanc
2506 2156 2687 2225 igitur,
2729 2157 2941 2221 fratres,
2990 2160 3357 2227 perniciosam
3392 2161 3669 2215 devitantes
3695 2158 3783 2211 ela-

2251 2246 2471 2309 tionem,
2493 2254 2801 2301 sanctorum
2823 2246 3041 2302 Patrum
3068 2258 3122 2302 et
3142 2251 3522 2307 catholicorum
3549 2252 3781 2305 doctorum

2250 2339 2420 2393 sacris
2442 2338 2799 2392 inhaereamus
2824 2340 3092 2394 sensibus.
3133 2340 3417 2397 Diseamus
3449 2359 3560 2412 quin
3589 2341 3780 2409 scripse—

2251 2437 2397 2491 runt,
2422 2430 2705 2483 credamus
2724 2444 2844 2497 qum
2869 2431 3185 2498 docuerunt,
3216 2440 3273 2486 et
3294 2448 3399 2487 non
3421 2434 3715 2488 declinemus
3729 2429 3781 2482 ad

2251 2519 2547 2583 dexteram,
2576 2532 2749 2586 neque
2778 2520 2847 2575 ad
2875 2520 3170 2587 sinistram,
3211 2525 3305 2578 sed
3329 2539 3427 2592 per
3452 2525 3583 2577 viam
3615 2521 3781 2592 regiam

2249 2611 2318 2663 ad
2342 2623 2522 2678 regem
2548 2618 2602 2663 et
2632 2610 3068 2681 Bedemptorem,
3107 2614 3276 2668 Deum
3313 2625 3367 2668 ct
3396 2615 3656 2670 Dominum
3688 2627 3783 2667 nos-

2250 2710 2394 2757 trum
2419 2702 2601 2757 Jesum
2629 2704 2902 2760 Christum
2932 2709 3188 2763 concordi
3218 2709 3342 2764 ﬁiiei
3369 2720 3421 2764 et
3446 2709 3668 2764 veritatis
3686 2722 3784 2762 cur-

2250 2808 2433 2846 ramus
2456 2793 2810 2861 professione.
2841 2795 3008 2850 Corde
3041 2799 3178 2852 enim
3207 2800 3437 2853 creditur
3459 2800 3525 2853 ad
3546 2798 3778 2867 iustitiam,

2250 2898 2337 2935 ore
2380 2892 2552 2935 autem
2604 2883 2861 2952 confessio
2893 2886 2956 2953 ﬁt
2985 2886 3052 2939 ad
3079 2887 3303 2942 salutem
3331 2887 3501 2959 (Rom.
3535 2888 3605 2959 Χ),
3628 2884 3781 2941 eodem

2249 2982 2542 3028 attestantc
2609 2976 2852 3044 apostolo
2900 2994 2913 3030 :
2964 2977 3149 3033 Justus
3204 2992 3378 3034 autem
3432 2997 3493 3033 ex
3549 2979 3646 3048 ﬁde
3689 2977 3781 3029 sirit

2251 3062 2427 3134 (Rom.
2458 3063 2519 3135 ι).
2551 3063 2607 3117 Si
2627 3062 2807 3131 justus
2828 3081 2893 3120 ex
2926 3065 3030 3120 ﬁde
3056 3068 3206 3133 vivit,
3243 3069 3511 3142 quomodo
3550 3068 3632 3136 qui
3655 3064 3782 3119 ﬁdem

2253 3169 2359 3207 non
2407 3154 2567 3208 habet
2600 3162 2805 3210 rectam
2850 3170 2908 3210 se
2956 3156 3137 3211 vivere
3170 3160 3452 3214 insumat?
3498 3158 3598 3213 Nos
3626 3168 3781 3223 nempe

2252 3258 2359 3296 non
2385 3259 2571 3297 sumus
2604 3244 2935 3299 inﬁJelitatis
2963 3246 3056 3300 ﬁlii
3091 3247 3142 3299 in
3180 3249 3554 3317 perditionem,
3578 3248 3660 3302 sed
3683 3242 3781 3299 ﬁdei

2251 3332 2304 3386 in
2341 3334 2750 3403 acquisitionem
2794 3334 3007 3389 animm.
3059 3337 3365 3405 Sequamur
3394 3348 3676 3393 sanctorum
3698 3332 3781 3387 Pa-

2250 3435 2391 3480 trum
2428 3427 2755 3481 venerabilia
2783 3427 2837 3480 in
2864 3429 3129 3482 charitatc
3163 3442 3454 3501 prmcepta.
3495 3432 3643 3486 Decet
3664 3426 3779 3481 enim

2250 3523 2309 3568 ut
2334 3515 2573 3569 omnium
2599 3514 3025 3570 Christianorum
3054 3533 3157 3571 una
3196 3519 3265 3572 sit
3304 3519 3452 3585 ﬁdes,
3480 3528 3530 3573 et
3553 3530 3674 3571 unus
3695 3511 3783 3567 ani-

2249 3621 2389 3670 mus,
2419 3606 2557 3658 sicut
2583 3612 2665 3658 est
2688 3621 2855 3659 unum
2889 3606 3029 3660 ovile
3065 3616 3119 3660 et
3146 3624 3289 3663 unus
3326 3619 3523 3678 pastor.
3558 3606 3649 3672 Qui
3679 3613 3780 3655 vero

2248 3704 2401 3748 extra
2439 3696 2791 3750 ecclesiastici
2835 3697 2993 3751 ovilis
3041 3705 3192 3766 septa
3244 3700 3591 3762 invenientur,
3632 3694 3779 3762 lupina

2249 3784 2398 3837 rahie
2443 3786 2870 3850 devorabuntur,
2909 3788 3036 3856 quia
3070 3802 3261 3843 vocem
3300 3791 3425 3845 boui
3457 3788 3667 3859 pastoris
3693 3797 3777 3837 non

2248 3876 2492 3941 audiunt,
2527 3877 2618 3945 qui
2650 3885 2774 3930 ante
2806 3893 2931 3932 suas
2956 3893 3084 3933 oves
3120 3879 3452 3950 ingredietur
3481 3890 3532 3933 et
3577 3874 3776 3947 egredie-

2248 3971 2354 4030 tur,
2401 3974 2460 4019 ut
2500 3978 2599 4021 eos
2639 3968 2706 4021 ad
2732 3982 2930 4035 pascua
2957 3968 3079 4023 vita:
3107 3972 3371 4037 perducat
3396 3979 3614 4026 aztcrnze.
3646 3961 3776 4019 Nobis

2244 4056 2428 4125 itaque
2455 4057 2654 4111 dictum
2688 4057 3049 4129 intelligamus
3073 4063 3218 4128 quod
3245 4061 3486 4131 egregius
3510 4058 3778 4129 praelian

2244 4148 2357 4200 suis
2382 4146 2715 4202 charissimis
2741 4148 2864 4201 ﬁliis
2883 4150 3233 4218 praecipiebat
3258 4153 3441 4207 dicens
3467 4150 3693 4205 :Obsecro
3708 4158 3775 4197 vos

2242 4252 2335 4306 per
2360 4252 2545 4290 nomen
2568 4223 2782 4290 Domini
2806 4240 2969 4291 nostri
2989 4238 3117 4293 Jesu
3143 4240 3363 4307 Christi,
3402 4251 3457 4296 ut
3486 4254 3633 4295 unum
3662 4234 3776 4288 dica-

2242 4328 2309 4381 tis
2336 4345 2533 4393 omnes,
2570 4338 2618 4382 et
2654 4345 2759 4383 non
2782 4331 2885 4384 sint
2911 4332 2966 4384 in
2994 4332 3133 4386 vobis
3155 4334 3442 4389 schismata
3469 4350 3487 4388 :
3512 4332 3615 4388 sitis
3636 4335 3773 4382 autem

2242 4420 2456 4489 perfecti
2487 4422 2541 4475 in
2569 4438 2669 4475 uno
2695 4440 2850 4477 sensu
2882 4432 2929 4478 et
2954 4425 3007 4478 in
3046 4426 3230 4481 eadem
3276 4428 3491 4482 utentia
3517 4425 3564 4496 (I
3597 4422 3701 4477 Cor.
3723 4418 3771 4487 ι).

2242 4509 2366 4564 llzcc
2400 4510 2660 4565 habentes
2685 4514 2990 4581 apostolicae
3016 4518 3361 4572 auctoritatis
3384 4521 3649 4587 praecepta,
3671 4523 3775 4564 con-

2238 4602 2457 4655 cordate
2478 4602 2778 4656 nobiscum.
2805 4604 3087 4675 Diligimus
3107 4622 3206 4663 vos
3236 4627 3249 4662 :
3276 4610 3378 4665 hoc
3404 4608 3548 4667 vobis
3570 4605 3773 4660 volumus

2240 4693 2293 4745 in
2325 4693 2566 4759 Domino,
2598 4696 2741 4764 qu..d
2766 4704 2820 4750 et
2846 4697 3000 4751 nobis
3027 4716 3039 4751 :
3065 4700 3192 4768 quia
3219 4701 3455 4771 perfecta
3480 4714 3627 4769 quam
3647 4694 3775 4751 habe-

2239 4799 2361 4836 mus
2404 4783 2460 4837 in
2509 4783 2727 4839 Christo
2779 4786 3016 4841 charitas
3064 4804 3398 4862 congregare
3445 4789 3642 4860 gaudet,
3684 4793 3771 4837 ῐιοίι

2239 4888 2521 4944 spargere;
2574 4876 2830 4943 adunare,
2884 4893 2990 4932 non
3032 4881 3318 4945 scindere;
3354 4892 3407 4939 et
3443 4876 3768 4938 inconsutilcm

2240 4965 2534 5022 Salvator-is
2574 4970 2744 5023 nostri
2787 4971 3023 5026 tunicam
3051 4974 3317 5045 integram
3344 4990 3570 5039 scrvare,
3592 4986 3684 5027 nan
3706 4965 3764 5021 di-

2236 5057 2418 5111 videre
2447 5075 2458 5109 :
2489 5059 2844 5127 prtevidentes
2865 5061 2969 5116 hoc
2994 5063 3132 5117 idem
3161 5065 3215 5118 in
3251 5081 3384 5135 pace
3408 5064 3594 5119 Christi
3617 5066 3769 5116 custo-

2236 5147 2370 5213 dire,
2400 5151 2545 5218 quod
2573 5150 2770 5205 milites
2795 5152 2851 5207 in
2875 5154 3123 5222 passione
3152 5156 3273 5225 ejus
3298 5156 3656 5211 observabant.

2306 5237 2399 5292 llis
2424 5240 2498 5293 ita
2524 5241 2835 5310 puclihatis,
2886 5245 3081 5299 vestris
3115 5245 3167 5299 in
3217 5247 3444 5301 Domino
3486 5243 3625 5297 valde
3658 5249 3769 5293 eca-

2231 5334 2526 5402 gaudemus
2552 5335 2898 5404 profectibus.
2931 5338 3003 5392 ita
3030 5347 3087 5394 ut
3119 5340 3170 5393 in
3199 5340 3451 5395 cordibus
3475 5333 3655 5391 nostris
3680 5327 3767 5381 fra-

2229 5433 2386 5479 terno
2404 5427 2669 5482 vulnerati
2697 5444 2901 5494 amore,
2931 5439 3185 5495 vestram,
3217 5446 3377 5501 quam
3400 5423 3626 5500 patimini
3652 5421 3767 5474 ἰιιῑθΐ

2228 5525 2436 5587 gentes,
2476 5516 2808 5589 lacrymahili
2852 5522 3047 5591 gemitu
3093 5521 3470 5577 comicis-anius
3502 5508 3764 5586 ορριηξδεῖο-

2229 5624 2351 5662 nem
2382 5628 2394 5662 :
2426 5611 2518 5665 scd
2547 5610 2750 5682 majore
2782 5614 2949 5669 multo
2983 5615 3196 5669 tristitia
3243 5615 3501 5685 lugcmus,
3530 5610 3572 5664 si
3594 5596 3763 5673 aliquid
