4092 6188
473 287 569 344 9η

1919 280 2302 347 ΕΡῘΞΤΟΙΑΕ.

3641 311 3749 367 902

469 401 735 457 diabolica
759 399 947 457 fraude
974 402 1202 457 inmitis
1242 401 1607 472 oppressimus
1641 415 1737 471 per
1763 395 2054 455 inﬁdelita—
2082 396 2128 454 Α
2158 410 2279 452 rum
2318 399 2559 457 subdolis
2596 404 2992 463 assertionibus
3033 411 3416 483 consentirem,
3444 419 3540 474 sed
3578 422 3749 493 pluri-

471 498 579 545 tem
605 491 688 545 vel
723 491 1009 561 cujuslibet
1052 493 1383 549 schismatici
1431 494 1631 548 erroris
1673 490 1954 562 patiamini
1996 491 2052 546 in

469 583 743 638 cordibus.
767 584 873 639 Iste
895 592 981 641 est
1007 586 1296 640 continuus
1321 586 1472 641 dolor
1493 585 1803 654 pectoribus
1827 584 2046 651 nostris,

466 682 518 728 et
543 689 682 743 pene
706 676 1137 732 irremcdicabile
1167 677 1379 741 vulnus,
1413 678 1515 733 nisi
1560 691 1657 746 per
1690 676 1806 745 ejus
1837 677 2051 732 miseri-

464 763 725 829 cordiam,
780 765 872 833 qui
918 774 1072 820 sanat
1121 768 1384 822 contritos
1416 769 1597 833 corde,
1630 775 1684 821 et
1713 768 1828 823 vult
1859 783 2049 825 omnes

465 854 711 909 homines
735 856 913 912 salvos
936 855 1073 922 ﬁeri,
1110 859 1179 913 ad
1204 860 1639 928 agnitionemquc
1666 860 1911 914 veritatis
1930 874 2050 928 pcr-

464 945 664 1009 vcnire,
695 945 768 998 illi
798 962 898 1001 nos
925 948 1199 1003 hetiﬁcent
1222 950 1313 1017 qui
1349 951 1825 1004 contristaveruut.
1856 953 2045 1007 Vestra

460 1034 628 1104 igitur
654 1038 923 1090 correctio
951 1045 1138 1093 nostra
1180 1046 1262 1092 est
1308 1038 1598 1094 hctiﬁcatio
1627 1058 1640 1093 :
1679 1041 2047 1097 desiderantes

458 1138 555 1178 vos
584 1125 760 1180 socios
788 1126 988 1180 habere
1014 1126 1068 1182 in
1099 1127 1202 1181 ﬁde
1244 1130 1532 1195 catholica,
1568 1138 1622 1183 et
1660 1140 2044 1200 cooperatores

456 1214 512 1267 in
537 1217 920 1284 prtedicatione
945 1218 1208 1285 veritatis,
1240 1228 1298 1274 ut
1323 1222 1596 1291 gaudium,
1625 1224 1769 1291 quod
1794 1222 2044 1277 Christus

457 1308 570 1361 suis
586 1309 1148 1379 promisitdiscipulis,
1187 1312 1391 1365 habitet
1420 1313 1472 1366 in
1511 1314 1683 1378 nobis,
1713 1322 1766 1368 et
1792 1316 2041 1383 gaudium

457 1408 703 1453 nostrum
734 1400 1019 1470 impleatur
1046 1403 1099 1456 in
1128 1404 1297 1459 vobis.

528 1488 609 1544 Ad
654 1490 1022 1560 impletionem
1059 1508 1187 1549 vero
1232 1494 1392 1564 hujus
1437 1497 1637 1565 gaudii,
1687 1496 1924 1552 fraterna
1958 1515 2044 1554 eo-

452 1588 610 1651 gcnte
652 1581 935 1648 charitate,
967 1582 1233 1653 jussimus
1278 1594 1586 1640 sanctorum
1633 1586 1853 1642 Patrum
1889 1604 2045 1660 syno-

453 1670 571 1723 dale
617 1684 685 1724 ex
727 1672 980 1728 omnibus
1028 1675 1265 1744 undique
1310 1686 1511 1731 nostra:
1536 1677 1755 1732 ditionis
1780 1680 2039 1735 Ecclesiis

2151 504 2364 545 morum
2406 494 2731 551 testimoniis
2772 499 3082 555 roboratam
3126 503 3287 560 ﬁdem
3328 507 3558 565 ﬁrmiter
3595 522 3747 570 tene-

2152 597 2286 637 rem.
2323 584 2486 640 Facio
2511 588 2835 655 certissime,
2879 592 2990 647 Deo
3028 594 3257 652 Domino
3291 613 3411 653 meo
3436 600 3565 657 Jesu
3588 603 3747 660 Chri-

2150 681 2236 729 sto
2261 675 2516 743 donante,
2554 678 2746 733 horum
2791 696 2878 735 me
2916 684 3274 741 sanctissima:
3316 689 3650 747 multitudini
3689 702 3745 749 et

2147 766 2541 835 probatissima:
2560 772 2865 826 auctoritati
2891 773 2948 826 in
2975 788 3115 830 verre
3142 775 3264 831 ﬁdei
3290 779 3629 847 professione
3653 784 3745 840 ﬁr-

2151 856 2310 911 miter
2332 861 2631 927 associans,
2662 878 2761 918 nec
2787 874 2983 920 vestrm
3010 881 3096 920 me
3134 872 3392 937 paucitati
3430 875 3483 928 in
3512 891 3744 932 consen-

2148 947 2301 1001 sione
2349 949 2508 1019 hujus
2533 968 2685 1011 nova:
2718 956 3040 1013 assertionis
3075 962 3280 1016 socium
3325 964 3553 1022 admitto
3592 986 3605 1021 :
3647 970 3743 1025 sed

2146 1040 2454 1106 apostolica}
2496 1044 2629 1108 sedi,
2659 1052 2713 1099 et
2756 1046 2997 1116 antiquis
3039 1051 3108 1103 ab
3143 1052 3299 1107 initio
3342 1059 3616 1114 nascentis
3640 1060 3745 1116 Ec-

2142 1130 2343 1198 clesiee,
2377 1140 2431 1188 et
2453 1135 2736 1191 catholicis
2778 1140 3155 1197 traditionibus
3196 1153 3308 1199 tota
3334 1150 3533 1204 utentis
3565 1152 3745 1207 inten-

2144 1222 2310 1288 tione,
2340 1232 2453 1279 tota
2496 1227 2674 1281 cordis
2717 1228 2999 1287 alacritate
3038 1231 3329 1305 conjungo.
3371 1237 3639 1309 Quidquid
3685 1242 3741 1296 in

2146 1311 2359 1365 illorum
2401 1312 2598 1382 legitur
2642 1316 2813 1381 libris,
2844 1320 2938 1385 qui
2982 1321 3164 1376 divino
3192 1324 3399 1392 Spiritu
3425 1327 3609 1393 aﬁlati,
3640 1332 3740 1386 toti

2145 1401 2261 1455 orbi
2297 1417 2328 1455 a
2364 1402 2474 1456 Deo
2500 1403 2716 1459 Christo
2741 1405 2853 1461 dati
2898 1418 3026 1463 sunt
3070 1412 3336 1478 doctores,
3375 1417 3741 1475 indubitanter

2148 1500 2347 1546 teneo:
2379 1493 2482 1548 hoc
2523 1496 2592 1549 ad
2632 1496 2864 1551 salutem
2919 1500 3113 1556 animae
3164 1519 3298 1558 mete
3340 1506 3588 1563 sufﬁcere
3622 1526 3742 1565 cre—

2146 1584 2298 1649 dens,
2326 1585 2470 1653 quod
2507 1587 2890 1642 sacratissima:
2923 1593 3247 1660 evangelicae
3274 1596 3520 1652 veritatis
3551 1602 3740 1669 pandit

2147 1673 2391 1737 historia,
2419 1676 2564 1743 quod
2607 1677 2903 1744 apostolica
2946 1680 3002 1732 in
3028 1682 3143 1736 suis
3167 1684 3414 1751 epistolis
3451 1689 3741 1747 conﬁrmat

451 1762 768 1831 congregari
795 1762 1104 1829 concilium,
1135 1774 1404 1832 quatenus
1431 1775 1615 1821 sancta
1643 1768 1883 1822 omnium
1908 1784 2036 1823 una—
2068 1744 2115 1801 Β
2143 1765 2457 1829 ἓιιοιοτὶωε,
2486 1768 2629 1834 quod
2652 1768 2837 1822 eximii
2877 1786 3045 1825 sacrate
3072 1771 3369 1842 Scriptura:
3395 1784 3733 1845 tractatores,

453 1850 717 1904 nimitati‘s
744 1851 977 1906 ﬁrmiter
1001 1854 1334 1920 decerneret,
1366 1857 1494 1925 quid
1521 1859 1847 1912 credendqu
1874 1860 1946 1914 sit
1972 1861 2037 1916 de

450 1941 737 2011 adoptione
762 1944 943 1998 carnis
968 1943 1192 2011 Christi,
1220 1961 1383 2014 quam
1411 1962 1583 2016 nuper
1606 1948 1764 2003 novis
1788 1950 2038 2004 assertio-

450 2035 611 2088 nibus
660 2043 715 2088 et
764 2044 965 2091 sancta:
1011 2037 1106 2091 Dei
1157 2039 1445 2093 universali
1495 2040 1750 2096 Ecclesim
1798 2042 2037 2111 antiquis

450 2126 784 2194 temporibus
811 2127 1087 2195 inauditis,
1114 2145 1212 2184 vos
1241 2145 1306 2183 ex
1331 2130 1529 2185 vestris
1552 2132 1771 2200 scriptis
1792 2133 2037 2187 intulisse

447 2219 816 2287 cognovimus.
847 2220 958 2277 hno
980 2229 1038 2276 et
1057 2223 1125 2277 ad
1151 2223 1521 2278 beatissimum
1551 2225 1862 2293 apostolica:
1893 2227 2037 2280 sedis

446 2313 780 2380 pontiﬁcem,
807 2315 874 2369 de
900 2317 998 2370 hac
1024 2331 1163 2371 nova
1191 2316 1528 2383 inventione,
1564 2327 1764 2373 nostrae
1790 2320 2035 2373 devotio-

416 2407 533 2459 vnis
561 2412 643 2457 ter
667 2413 970 2475 quaterque
996 2406 1293 2463 direximus
1318 2407 1515 2462 missos
1543 2427 1556 2461 :
1588 2409 1728 2464 scire
1758 2411 2036 2478 cupientes

434 2498 575 2565 .quij
600 2505 789 2552 sancta
814 2497 1055 2553 Romana
1082 2498 1344 2566 Ecclesia,
1368 2501 1681 2569 apostolicis
1703 2502 1893 2557 cdocta
1923 2510 2034 2555 tra-

444 2587 740 2641 ditionibus
756 2627 771 2651 ,
802 2589 866 2641 de
892 2588 994 2644 hac
1018 2591 1345 2659 respondere
1378 2591 1637 2647 voluisset
1661 2593 2031 2662 inquisitione.

446 2677 556 2731 Nec
582 2693 687 2732 non
712 2686 769 2731 et
795 2680 861 2733 de
887 2679 1179 2735 Britannia:
1198 2682 1447 2750 partibus
1472 2683 1684 2752 aliquos
1704 2685 2037 2740 ecclesiasti-

444 2783 523 2822 cae
569 2767 865 2837 disciplina:
906 2769 1054 2823 viros
1097 2773 1536 2839 eonvocavimus,
1567 2782 1624 2828 ut
1651 2788 1717 2828 ex
1742 2776 2035 2830 multorum

442 2858 684 2929 diligenti
730 2859 1165 2915 consideratione
1211 2863 1413 2918 veritas
1460 2866 1741 2921 catholica:
1787 2866 1911 2921 ﬁdei
1957 2866 2036 2920 iu-

445 2951 804 3020 vestigaretur
825 2990 840 3015 ,
896 2960 955 3008 et
1006 2954 1407 3021 probatissimis
1451 2966 1762 3013 sanctorum
1810 2959 2032 3014 Patrum

432 3038 571 3113 hinc
614 3040 739 3094 inde
784 3041 1040 3096 roborata
1087 3043 1411 3100 testimoniis
1445 3047 1648 3116 absque
1682 3048 1789 3103 ulla
1820 3048 2033 3104 dubita-

444 3128 589 3183 tione
641 3136 907 3185 teneatur.
951 3132 1156 3188 ldcirco
1198 3135 1350 3189 vobis
1390 3151 1485 3205 per
1532 3138 1773 3208 singulos
1821 3139 2031 3195 libellos

443 3219 676 3289 dirigere
716 3222 1026 3278 curavimus
1074 3225 1205 3293 quid
1248 3228 1630 3295 prmdictorum
1671 3230 1892 3285 Patrum
1940 3232 2029 3300 pia

443 3311 793 3377 unanimitas,
822 3321 876 3365 et
917 3314 1142 3383 paciﬁca
1167 3320 1548 3385 perscrutatio,
1584 3322 1908 3375 auctoritate
1941 3335 2031 3377 ec-

443 3400 742 3457 clesiastica
776 3405 1064 3472 inveniret,
1092 3407 1389 3473 statuisset,
1422 3410 1791 3468 conﬁrmaret.

511 3491 695 3548 Primo
710 3494 839 3563 quid
855 3495 1104 3550 dominus
1124 3494 1275 3567 Mle,
1294 3499 1543 3555 domnus.
1568 3500 1663 3572 [1.]
1679 3503 2025 3571 apostolicus,

441 3602 565 3641 cum
613 3595 801 3645 saliua
845 3586 1088 3641 Romana
1132 3588 1393 3655 Ecclesia,
1441 3601 1497 3645 et
1541 3593 1810 3662 episcopis
1840 3593 1947 3647 illis
1972 3594 2027 3647 in

438 3679 683 3748 partibus
717 3694 1149 3749 quaquaversum
1192 3685 1673 3749 commorantihus,
1711 3694 1765 3739 et
1797 3686 2027 3740 catholi-

439 3771 518 3826 cis
554 3773 865 3827 doctoribus
909 3774 1155 3840 sentiret,
1193 3778 1292 3829 sub
1321 3777 1479 3832 unius
1515 3777 1675 3833 libelli
1706 3786 1894 3831 tenore
1917 3784 2028 3833 sta-

441 3865 666 3919 luimus.

512 3957 711 4012 Deinde
750 3972 913 4010 sccun
938 3958 989 4011 lo
1035 3957 1174 4022 loco,
1202 3959 1331 4027 quid
1374 3958 1727 4014 ecclesiastici
1779 3960 2028 4014 doctores

438 4058 493 4105 et
517 4049 826 4103 sacerdotes
849 4048 1200 4102 ecclesiarum
1235 4047 1439 4103 Christi
1463 4050 1529 4103 de
1551 4047 2030 4118 propinquioribus

438 4140 603 4197 Italia:
641 4140 917 4209 partibus,
961 4154 1086 4194 cum
1132 4137 1293 4192 Petro
1341 4139 1723 4194 Mediolanensi
1761 4137 2029 4206 archiepi—

438 4245 623 4300 scopo,
658 4238 712 4282 et
747 4229 972 4283 Paulino
1014 4227 1443 4296 Forojulianensi
1490 4228 1575 4281 vel
1624 4227 2027 4296 Aquileianensi

437 4322 763 4392 patriarcha,
791 4320 922 4373 viris
944 4322 999 4375 in
1018 4316 1246 4373 Domino
1262 4315 1414 4370 valde
1437 4316 1851 4381 venerabilibus,
1870 4316 2028 4371 intel-

2143 1860 2197 1905 et
2236 1854 2491 1923 praecipui
2521 1855 2844 1912 Christianae
2875 1859 2997 1913 ﬁdei
3019 1862 3285 1928 doctores,
3321 1867 3388 1920 ad
3420 1877 3738 1938 perpetuam

2141 1944 2375 2011 posteris
2415 1945 2676 2015 scriptum
2712 1949 3050 2018 reliquerunt
3091 1957 3429 2011 memoriam.
3473 1958 3608 2015 Cum
3650 1962 3739 2019 his

2142 2047 2357 2101 quoque
2402 2034 2741 2100 doctoribus,
2789 2046 2843 2091 et
2880 2048 3081 2094 sancta:
3122 2042 3379 2099 Ecclesia:
3402 2048 3734 2115 pastoribus,

2143 2140 2324 2179 veram
2347 2127 2582 2195 praedico
2608 2128 2790 2194 ﬁdem,
2817 2146 2955 2201 quos
2992 2134 3045 2187 in
3072 2138 3325 2203 praesenti
3354 2146 3598 2209 tempore
3643 2143 3737 2197 ille

2141 2216 2296 2271 nobis
2330 2218 2475 2273 dedit
2506 2220 2813 2285 luminaria,
2852 2225 2945 2292 qui
2972 2226 3145 2281 dixit:
3177 2229 3314 2283 Ecce
3352 2248 3449 2301 ego
3470 2233 3734 2288 vobiscum

2138 2322 2255 2359 sum
2293 2310 2533 2363 cornibus
2568 2312 2748 2366 diebus
2788 2331 2950 2385 usque
2991 2317 3061 2370 ad
3086 2323 3589 2378 consummationem
3633 2342 3735 2380 ac-

2139 2402 2244 2454 cul’i
2272 2401 2487 2473 (Matth.
2516 2405 2732 2470 XXVIII).

2208 2496 2273 2550 Hi
2302 2506 2429 2550 sunt
2452 2505 2879 2566 propugnatores
2907 2499 3030 2553 ﬁdei
3058 2510 3276 2569 uostrm,
3306 2503 3362 2557 hi
3402 2512 3530 2559 sunt
3554 2514 3734 2562 recto-

2138 2602 2227 2642 res
2250 2602 2349 2655 per
2373 2587 2617 2642 diversas
2649 2589 2805 2655 sedes
2849 2590 3086 2644 civitatis
3109 2589 3312 2647 Christi
3343 2610 3356 2645 :
3385 2593 3541 2662 cujus
3582 2603 3735 2651 ante-

2138 2680 2345 2735 muralc
2386 2688 2471 2733 est
2513 2680 2647 2735 ﬁdes
2679 2681 2966 2745 catholica,
3008 2690 3064 2738 et
3106 2684 3345 2740 charitas
3389 2686 3734 2743 ﬁrmissimus

2137 2785 2345 2833 nmrus,
2374 2778 2427 2823 et
2462 2772 2863 2839 propugnacula
2906 2773 3208 2828 divinarum
3249 2777 3555 2832 testimonia
3585 2777 3733 2834 Scri-

2137 2868 2418 2928 pturarnm
2444 2879 2455 2912 :
2484 2868 2542 2915 et
2568 2861 2771 2916 divitia:
2799 2863 2989 2917 salutis
3029 2864 3082 2917 in
3112 2880 3175 2919 ea
3204 2874 3329 2919 sunt
3354 2868 3641 2936 sapientia,
3676 2878 3733 2924 et

2138 2952 2381 3015 scientia,
2430 2959 2483 3004 et
2532 2966 2658 3019 spes
2698 2960 2976 3019 portarum
3016 2956 3260 3008 custodia
3294 2972 3305 3007 :
3337 2971 3457 3024 qua:
3493 2965 3731 3025 quatuor

2138 3043 2401 3106 clavibus,
2459 3042 2512 3095 id
2552 3051 2638 3097 est
2668 3044 2975 3111 prudentia,
3008 3044 3241 3113 justitia,
3288 3046 3634 3111 fortitudine.
3675 3056 3731 3103 et

2138 3135 2512 3202 temperantia,
2545 3133 2646 3202 piis
2683 3134 3000 3202 aperiuntur
3025 3136 3242 3190 animis.
3286 3136 3457 3209 Hujus
3494 3152 3624 3193 vero
3646 3139 3727 3193 ci-

2131 3225 2315 3278 vitatis
2350 3225 2465 3293 ipse
2492 3225 2585 3279 Dei
2614 3241 2771 3279 verus
2799 3235 2853 3280 et
2878 3227 3129 3294 proprius
3150 3226 3339 3292 Filius,
3366 3228 3509 3285 Deus
3540 3243 3724 3295 verus,

2130 3317 2291 3372 homo
2336 3334 2513 3383 verus,
2541 3316 2699 3372 Jesus
2723 3316 2992 3383 Christus,
3022 3318 3283 3372 Dominus
3319 3326 3522 3382 uoster,
3553 3319 3726 3389 regali

2129 3409 2380 3477 pnesidet
2405 3409 2645 3477 potentia
2679 3428 2691 3461 :
2721 3408 2877 3478 cujus
2902 3411 3076 3479 gratia
3104 3419 3272 3467 totam
3313 3410 3458 3464 ill;us
3483 3411 3724 3466 civitatis

2130 3506 2460 3552 structuram
2482 3500 2639 3568 regit,
2659 3500 2897 3554 defendit
2922 3509 2975 3556 et
2993 3501 3212 3555 exaltat.
3232 3501 3488 3570 Quisquis
3500 3501 3566 3555 ad
3582 3501 3723 3555 hanc

2129 3590 2425 3653 civitatem,
2454 3598 2603 3643 recta
2629 3590 2733 3643 sibi
2760 3592 3055 3658 praeviante
3081 3592 3204 3656 ﬁde,
3236 3606 3429 3647 manus
3454 3592 3720 3646 honorum

2128 3695 2352 3750 operum
2421 3680 2626 3734 habens
2673 3680 3016 3748 plenissimas
3042 3721 3058 3744 ,
3138 3682 3422 3749 pervenire
3480 3681 3721 3744 festinat,

2128 3781 2346 3843 apertas
2389 3771 2626 3826 inveniet
2649 3779 2856 3839 portas,
2882 3779 2941 3825 et
2973 3786 3157 3840 regem
3200 3786 3391 3840 regum
3418 3787 3541 3826 cum
3564 3770 3726 3826 milli-

2130 3867 2230 3920 bus
2280 3871 2588 3918 sanc-torum
2654 3862 2931 3932 agminum
2995 3862 3215 3916 obviare
3277 3863 3379 3917 sibi
3445 3862 3722 3931 gaudebit.

2131 3957 2235 4012 Sed
2271 3965 2325 4011 et
2358 3956 2562 4024 gratias
2591 3955 2741 4008 vobis
2780 3953 2992 4022 agimus
3023 3953 3088 4006 de
3122 3953 3380 4006 instantia
3416 3952 3724 4007 orationum

2129 4055 2454 4111 vestrarum,
2484 4045 2681 4113 quibus
2706 4044 3023 4099 memoriam
3065 4043 3239 4098 nostri
3266 4043 3482 4098 assidue
3506 4057 3603 4097 vos
3626 4042 3724 4096 ha-

2127 4142 2258 4196 bere
2281 4137 2495 4194 dixistis
2526 4156 2538 4190 :
2565 4145 2814 4207 optantes
2838 4146 2899 4192 ut
2920 4152 3110 4205 preces
3135 4145 3328 4192 vestra:
3365 4135 3726 4204 acceptabiles

2130 4232 2240 4286 sint
2282 4230 2510 4285 Domino
2536 4230 2648 4284 Deo
2685 4228 2956 4284 Salvatori
3005 4237 3192 4284 nostro
3216 4269 3230 4293 ,
3274 4236 3330 4283 et
3370 4236 3429 4281 ut
3469 4228 3587 4297 ipse
3624 4243 3724 4296 per

2131 4339 2285 4379 suam
2329 4323 2757 4378 misericordiam
2783 4323 2977 4391 dignos
3012 4337 3107 4376 vos
3140 4321 3339 4378 cﬁciat
3374 4321 3639 4384 exaudiri,
3669 4325 3726 4374 et

437 4408 529 4478 ligi
551 4408 632 4463 vel
649 4408 876 4462 ﬁrmiter
891 4408 1038 4462 credi
1061 4406 1375 4473 voluissent,
1406 4407 1518 4462 suis
1542 4408 1777 4477 propriis
1804 4423 2026 4477 respon-
2056 4428 2109 4487 ι)
2132 4415 2201 4469 ad
2224 4415 2488 4468 unitatem
2517 4420 2720 4469 sancire
2743 4427 2856 4468 suae
2882 4411 3141 4466 Ecclesia)
3166 4426 3425 4465 revocare
3444 4411 3719 4480 dignetur,

436 4501 681 4558 sionibus
731 4510 1015 4555 exaratum
1073 4500 1355 4568 posuimus
1411 4499 1648 4554 libellum
1675 4541 1690 4565 ,
1742 4500 1868 4569 quia
1920 4501 2019 4569 ipsi

436 4605 650 4663 quoilue
674 4600 969 4661 prmsentes
1004 4599 1190 4646 nostro
1229 4590 1472 4660 synodali
1515 4591 1805 4645 conventui
1839 4591 2027 4646 adfue-

436 4693 585 4745 runt.

507 4780 636 4834 Post
656 4778 775 4833 inec
801 4785 948 4833 tenet
972 4786 1029 4832 et
1053 4776 1248 4831 tertius
1280 4775 1493 4831 libellus
1517 4775 1872 4830 orthodoxam
1899 4790 2026 4831 san-

432 4881 647 4927 etorum
680 4869 903 4925 Patrum
936 4868 1335 4937 episcoporum,
1368 4874 1426 4920 et
1462 4866 1701 4921 virorum
1744 4866 2027 4921 venerabi—

436 4962 565 5018 lium
594 4959 773 5027 ﬁdem,
798 4960 893 5030 qui
934 4960 994 5017 in
1024 4958 1355 5023 Germaniae,
1380 4957 1588 5023 Galliae,
1616 4957 1939 5027 Aquitaniae,
1970 4968 2026 5013 et

437 5053 728 5108 Britannia:
766 5051 1010 5121 partibus
1056 5049 1236 5121 dignis
1288 5050 1398 5105 Deo
1447 5048 1762 5104 deserviunt
1808 5049 2020 5114 oﬁiciis,

437 5145 737 5214 vestrisque
796 5143 1194 5213 objectionibus
1254 5151 1568 5199 sanctarum
1616 5142 2021 5213 Scriptorum

438 5236 762 5292 testimoniis
800 5238 1082 5295 roberatas
1104 5234 1313 5290 obtinet
1340 5234 1736 5304 responsiones.

506 5328 640 5383 Dein
672 5335 868 5397 quarto
903 5327 1023 5385 loco
1056 5341 1189 5382 mete
1220 5326 1456 5396 propriae
1480 5327 1872 5392 Imanimitatis,
1900 5345 2023 5384 cum

435 5423 520 5479 his
561 5422 921 5479 sanctissimis
956 5420 1340 5492 praedictorum
1390 5420 1612 5476 Patrum
1650 5419 1919 5488 decretis,
1969 5430 2027 5478 et

433 5517 720 5573 catholicis
760 5515 981 5571 statutis
1024 5528 1351 5571 consensum
1393 5514 1678 5578 subnexui,
1719 5513 1862 5569 sicut
1901 5530 2026 5571 vos-

436 5608 650 5679 metipsi
692 5610 747 5663 in
771 5616 950 5664 vestra
976 5607 1223 5677 epistola,
1249 5622 1411 5676 quam
1455 5620 1576 5662 meo
1603 5608 1910 5677 specialiter
1938 5626 2027 5666 as-

430 5703 690 5775 signastis
731 5700 956 5767 nomini,
978 5714 1176 5771 rogare
1200 5698 1431 5753 cerastis
1458 5717 1471 5752 :
1514 5698 1567 5754 id
1599 5708 1704 5766 est,
1733 5715 1801 5756 ne
1824 5715 2026 5771 pauco-

2125 4512 2179 4558 ct
2205 4501 2445 4571 ejusdem
2467 4502 2692 4571 pietatis
2712 4501 2960 4555 trumeris
2996 4501 3051 4555 in
3071 4508 3279 4557 sanae
3318 4500 3511 4554 matris
3532 4498 3726 4554 Eccle-

2124 4598 2220 4653 siae
2258 4605 2499 4666 reportet
2535 4594 2695 4657 ovile,
2729 4609 2836 4663 qua
2876 4593 2944 4647 de
2983 4593 3136 4648 castis
3170 4593 3393 4647 veniens
3432 4606 3591 4646 ovem
3632 4605 3722 4645 re-

2124 4689 2341 4757 quirere
2356 4687 2643 4756 perditam,
2675 4686 3059 4753 inventamque
3076 4699 3208 4739 cum
3237 4684 3510 4752 triumpho
3535 4682 3721 4753 gloria:

2125 4780 2193 4835 ad
2218 4780 2400 4834 sedem
2424 4787 2663 4849 paterna:
2686 4777 2990 4846 maiestatis
3017 4777 3245 4831 revexit.

2196 4871 2330 4926 illud
2364 4886 2600 4940 quoque,
2631 4871 2774 4938 quod
2812 4869 2966 4922 vobis
3006 4874 3247 4921 nostram
3284 4867 3543 4935 pietatem
3571 4864 3722 4936 ﬁngi-

2127 4973 2245 5018 tare
2271 4962 2496 5031 placuit,
2533 4969 2804 5031 quatenus
2829 4960 2883 5013 in
2909 4958 3199 5028 praesentia
3224 4965 3408 5010 nostra
3437 4954 3602 5009 libelli
3630 4969 3723 5011 ve-

2126 5056 2225 5111 stri
2272 5054 2545 5123 legeretur
2587 5059 2794 5116 textus,
2837 5060 2891 5105 et
2929 5056 3306 5119 perscrutante
3356 5046 3717 5115 pluruma

2125 5144 2371 5208 oonsilio,
2400 5144 2544 5213 quod
2569 5143 2625 5197 in
2651 5157 2716 5197 eo
2740 5148 2902 5195 rectae
2929 5139 3052 5194 ﬁdei
3075 5136 3452 5192 sanctionibus
3484 5147 3713 5188 consen-

2126 5239 2266 5292 tiens
2304 5235 2641 5291 inveniretur
2678 5251 2691 5286 :
2729 5231 2960 5288 fecimus
3006 5230 3147 5284 sicut
3194 5226 3428 5297 petistis.
3469 5222 3718 5279 collectis

2126 5332 2383 5400 undique,
2411 5327 2576 5383 veluti
2598 5324 2813 5396 prmfati
2838 5338 3047 5386 sumus,
3075 5318 3462 5376 ecclesiasticis
3482 5314 3716 5370 doctori-

2124 5424 2248 5487 bus,
2276 5429 2329 5476 et
2345 5418 2542 5489 populi
2568 5404 2859 5472 Christiani
2884 5413 3189 5470 rectoribus
3214 5428 3227 5463 :
3254 5409 3522 5478 nobisque
3538 5404 3719 5465 omni-

2126 5515 2229 5570 bus
2246 5509 2476 5582 paciﬁca
2499 5505 2877 5565 unanimitatis
2913 5505 3082 5560 choro
3119 5500 3537 5558 consulentibus
3558 5510 3721 5553 eum»

2128 5609 2249 5663 dem
2304 5595 2539 5659 libellum
2580 5617 2611 5655 a
2638 5599 2817 5668 capite
2856 5598 3165 5652 calcetcnus
3213 5608 3311 5662 per
3338 5589 3725 5646 distinctiones

2131 5696 2552 5765 uniuscujusque
2591 5689 2895 5755 sentcntiae,
2923 5696 2978 5743 et
3000 5702 3101 5758 per
3140 5686 3592 5752 intermgattoncs
3635 5673 3724 5731 vel
