4092 6188
383 285 489 340 905

1237 275 1296 328 Β.
1339 271 1589 328 CAROLI
1630 268 1844 325 MAGNI
1878 265 2030 323 OPP.
2071 263 2252 322 PARS
2287 265 2349 321 ll.
2391 263 2699 321 SECTIOI.

3531 253 3637 310 90$

381 395 779 468 responsiones,
820 399 980 462 prout
1027 404 1222 459 cuique
1270 387 1444 451 libuit,
1487 385 1761 456 perlegere
1800 382 1963 451 jussi-
1994 382 2039 440 Α
2066 379 2331 452 gloriosos
2367 389 2512 435 stare
2553 378 2831 444 concedat,
2882 385 2937 433 et
2978 392 3166 433 vocem
3205 376 3496 447 optabilem
3533 393 3656 435 cum

383 503 526 542 mus.
589 485 729 552 Quid
754 497 883 537 vero
907 482 974 536 de
1009 495 1074 534 eo
1102 477 1279 532 libello
1321 475 1580 545 przesnles
1605 472 1968 528 Ecclesiarum
2067 472 2442 542 operatoribus
2469 469 2778 540 apostolica:
2828 469 2951 524 ﬁdei
3001 469 3189 524 audire
3215 468 3376 524 faciat
3403 486 3417 499 ·
3462 468 3658 538 Venite,

385 576 620 639 Christi,
670 575 902 642 ﬁdeique
937 570 1216 626 catholica:
1263 569 1513 622 doctores
1561 564 1966 626 intellexissent,

2070 565 2321 619 benedicti
2335 563 2512 618 Patris
2532 565 2652 628 mei,
2674 563 2921 634 percipite
2949 579 3159 632 regnum
3184 563 3322 633 quod
3342 563 3478 618 vobis
3505 581 3665 634 paru—

387 684 494 723 non
519 683 655 736 opus
680 675 764 720 est
796 665 924 718 mihi
961 664 1014 716 in
1042 663 1144 715 hac
1185 673 1307 715 mea
1351 659 1548 712 iterare
1572 655 1816 724 cpistola,
1844 653 1973 707 dum
2069 663 2182 706 tum
2195 662 2269 707 est
2295 653 2359 707 ab
2374 655 2572 723 origine
2586 652 2768 706 mundi
2793 652 3008 724 (Matth.
3035 668 3143 706 xxv
3173 691 3187 705 .
3222 653 3471 707 Paratum
3501 655 3669 724 igitur

387 761 604 815 illorum
644 757 856 812 libellus
895 755 1143 825 proprius
1185 754 1285 807 hoc
1312 751 1466 806 vobis
1491 749 1767 804 evidenter
1795 756 1976 802 osten-

388 852 487 906 dit.

461 939 731 1008 Scriptam
772 939 952 1006 itaque
982 935 1038 990 in
1081 933 1306 1004 epistola
1335 941 1514 987 vestra
1552 928 1857 1000 huiusmodi
1883 927 1978 982 ob-

389 1031 745 1086 secrationem
797 1027 1144 1082 invenimus:
1193 1023 1485 1077 Poscentes
1535 1037 1632 1074 vos
1682 1034 1780 1088 per
1829 1032 1974 1080 emn,

389 1120 480 1188 qui
518 1134 617 1188 pro
644 1127 697 1172 te
733 1118 784 1171 in
822 1131 988 1171 cruce
1014 1129 1207 1168 manus
1236 1113 1484 1167 innoxias
1510 1110 1772 1171 extendit,
1800 1114 1855 1161 et
1879 1119 1980 1174 pro

390 1218 444 1264 te
484 1210 798 1279 sanguinem
845 1207 1142 1276 pretiosum
1189 1203 1394 1269 cﬁ'udit,
1437 1211 1492 1256 et
1529 1217 1628 1271 pro
1669 1208 1723 1254 te
1747 1205 1978 1252 mortem

387 1299 609 1370 pertulit
651 1309 705 1354 et
729 1299 1084 1368 sepulturam,
1115 1296 1183 1349 ad
1226 1295 1536 1349 liberandos
1563 1293 1767 1347 electos
1809 1290 1876 1343 ad
1903 1289 1984 1342 in-

392 1395 601 1449 fernum
641 1393 936 1454 descendit,
967 1398 1020 1444 et
1047 1404 1145 1457 pro
1181 1396 1233 1441 te
1267 1400 1575 1455 resurgens,
1605 1383 1701 1436 tibi
1740 1383 1881 1436 viam
1915 1380 1985 1435 ad

389 1483 559 1538 cmlos
601 1481 930 1543 revertendi,
960 1479 1167 1532 scilicet
1208 1477 1276 1530 ad
1301 1476 1582 1530 calestem
1611 1472 1860 1542 patriam,
1893 1471 1986 1525 de-

391 1571 734 1635 monstravit,
764 1579 824 1623 ut
848 1585 945 1636 per
972 1569 1205 1636 teipsum
1231 1565 1436 1620 arbiter
1469 1564 1680 1619 sedeas.
1719 1562 1860 1616 Ecce
1883 1574 1985 1630 ego

391 1661 589 1717 vestris
635 1660 990 1730 petitionibus
1024 1656 1384 1720 satisfaciens,
1436 1651 1840 1724 congregationi
1898 1665 1985 1704 sa-

391 1755 672 1810 cerdotum
708 1754 922 1807 auditor
955 1760 1010 1805 et
1046 1750 1250 1804 arbiter
1279 1749 1475 1803 assedi.
1518 1746 1901 1809 Discrevimus,
1931 1753 1986 1799 et

392 1847 505 1901 Deo
531 1847 766 1900 donante
791 1843 1148 1906 decrevimus,
1190 1841 1320 1910 quid
1357 1847 1501 1894 esset
1527 1838 1593 1893 de
1624 1837 1727 1892 hac
1761 1835 1988 1906 inquisi-

392 1939 542 1992 tione
566 1936 798 1990 tirmiter
831 1934 1139 1988 tenendum.
1181 1931 1287 1986 Sed
1313 1931 1474 1986 modo
1500 1946 1596 1999 per
1621 1929 1866 1985 eamdem
1892 1929 1988 1982 ob—

393 2029 752 2084 secrationem
795 2041 892 2080 vos
933 2027 1126 2079 iterum
1171 2024 1476 2092 iterumque
1515 2023 1780 2085 obtestor,
1824 2028 1883 2073 ut
1931 2019 1986 2074 in

392 2120 620 2191 paciﬁca
663 2118 1025 2172 unanimitate
1075 2124 1130 2170 et
1164 2115 1446 2170 catholica:
1485 2113 1612 2168 ﬁdei
1653 2111 1990 2181 professione

393 2211 678 2265 nobiscum
704 2209 934 2263 ﬁrmiter
960 2206 1227 2262 maneatis
1256 2224 1268 2259 :
1302 2221 1401 2260 nec
1428 2220 1523 2260 vos
1549 2204 1818 2259 doctiores
1843 2201 1991 2256 testi-

395 2299 558 2354 tnetis
598 2297 889 2354 universali
921 2305 1106 2352 sancta
1135 2296 1229 2350 Dei
1259 2295 1518 2350 Ecclesia.
1561 2295 1689 2348 Eam
1719 2292 1875 2347 ﬁdem
1911 2299 1992 2346 tc-

397 2397 514 2453 net,
559 2404 722 2459 quam
767 2387 1052 2443 orthodoxi
1095 2387 1284 2442 Patres
1311 2387 1365 2441 in
1391 2387 1505 2441 suis
1553 2385 1708 2440 nobis
1733 2382 1992 2454 symbolis

396 2479 656 2548 scriptam
703 2479 1056 2547 reliquerunt.
1111 2478 1178 2531 Et
1227 2478 1395 2532 nolite
1428 2477 1550 2547 plus
1598 2490 1788 2545 sapere
1827 2488 1990 2543 quam

395 2577 610 2637 oportet
648 2583 858 2637 sapere,
903 2569 997 2624 sed
1037 2583 1228 2638 sapere
1269 2569 1335 2623 ad
1361 2569 1729 2623 sobrietatem.
1769 2564 1880 2620 Nec
1906 2579 1993 2617 ra-

398 2659 707 2715 tiocinando
744 2659 981 2715 humano
1025 2660 1238 2731 ingenio
1279 2661 1455 2716 divina
1483 2676 1578 2715 vos
1612 2657 1868 2730 mysteria
1911 2656 1994 2710 in-

398 2752 666 2822 vestigare
703 2751 1043 2808 arbitremini
1075 2770 1088 2806 :
1118 2754 1214 2808 sed
1239 2754 1412 2824 magis
1437 2753 1706 2809 credendo
1730 2751 1995 2805 honorate

397 2858 519 2911 qua:
542 2842 777 2898 humana
803 2841 1068 2913 fragilitas
1097 2852 1300 2900 temere
1325 2845 1712 2914 perscrutando
1750 2838 1995 2896 invenire

399 2948 508 2988 non
531 2934 695 2988 valet.

2072 747 2227 802 vobis
2259 762 2482 818 regnum
2512 749 2582 801 ab
2605 746 2815 816 origine
2850 745 3034 800 mundi
3071 745 3373 799 indubitata
3423 746 3670 801 veritatis

2073 837 2432 906 promissione
2474 835 2723 906 speratis,
2753 836 2797 890 si
2825 835 3103 890 catholica:
3149 835 3272 890 ﬁdei
3324 837 3669 891 unanimitati

2075 927 2432 996 vosmetipsos
2471 925 2762 996 adiungere
2792 926 3012 980 curetis.
3052 925 3366 980 Exteriorcs
3392 928 3672 983 servitutis

2077 1019 2354 1074 molestias
2382 1018 2590 1074 interna
2620 1017 2893 1072 ﬁdelitatis
2920 1033 3018 1086 spe
3047 1016 3421 1072 consolamini.
3474 1017 3672 1074 Oculos

2078 1109 2275 1163 mentis
2303 1116 2495 1163 vestra:
2517 1109 2584 1163 ad
2606 1123 2729 1163 cum
2745 1107 2948 1179 'erigite
2968 1107 3059 1177 qui
3085 1125 3182 1164 vos
3204 1109 3403 1178 eripuit
3427 1108 3494 1164 de
3518 1118 3674 1178 pote-

2080 1209 2220 1254 state
2249 1202 2614 1266 tenebrarum,
2654 1215 2709 1257 et
2737 1201 3011 1255 transtulit
3047 1202 3100 1255 in
3130 1217 3354 1272 regnum
3383 1201 3505 1256 Filii
3538 1202 3674 1258 dile-

2081 1291 2278 1346 ctionis
2309 1305 2440 1345 suae.

2156 1381 2454 1444 Hactenus,
2495 1390 2784 1451 antequam
2821 1381 2981 1450 huius
3025 1382 3330 1452 adoptionis
3372 1383 3425 1437 in
3460 1382 3677 1440 Christo

2084 1487 2282 1526 nomen
2320 1487 2352 1525 a
2387 1473 2540 1527 vobis
2573 1481 2822 1527 exortum
2861 1482 3078 1528 nostros
3111 1473 3407 1530 offenderet
3444 1476 3676 1543 animos,

2087 1579 2186 1619 vos
2211 1565 2582 1634 germanitatis
2615 1581 2801 1620 amore
2821 1566 3128 1622 dileximus.
3157 1567 3271 1622 Etsi
3301 1583 3399 1623 nos
3431 1578 3675 1626 vestrum

2086 1655 2367 1725 corporale
2413 1656 2693 1710 servitium
2747 1656 3130 1721 contristaret,
3190 1658 3456 1712 rectitude
3494 1670 3676 1714 tamen

2017 1721 2064 1782 Β
2089 1721 2212 1800 ﬁdei
2238 1745 2516 1800 catholica:
2540 1744 2830 1800 laetiﬁcavit
2857 1745 2910 1799 in
2939 1746 3112 1802 vobis.
3139 1746 3293 1802 Nunc
3320 1763 3447 1804 vero
3475 1747 3679 1820 duplici

2088 1851 2187 1905 pro
2205 1837 2356 1892 vobis
2379 1835 2663 1907 aﬁligimur
2684 1852 2936 1903 maerore,
2952 1838 3214 1894 diabolica
3237 1839 3424 1896 fraude
3440 1843 3680 1912 decepti!

2091 1925 2143 1977 in
2180 1925 2362 1989 corde,
2397 1933 2451 1980 et
2485 1925 2701 1980 inimica
2739 1927 3001 1981 servitute
3029 1929 3303 1997 oppressis
3343 1930 3394 1983 iu
3429 1946 3676 2000 corpore.

2091 2012 2196 2069 Sed
2230 2015 2418 2080 redite,
2459 2016 2704 2080 obsecro,
2742 2016 2809 2070 ad
2841 2016 3104 2071 unitatem
3132 2027 3332 2073 sancta:
3358 2021 3550 2075 matris
3576 2021 3681 2076 Ee-

2089 2104 2286 2171 clesim,
2322 2114 2514 2160 ut'vos
2545 2113 2702 2160 eruat
2739 2107 2806 2161 de
2831 2107 3081 2176 angustia
3113 2109 3394 2164 servitutis
3432 2118 3683 2176 terrena},

2089 2196 2182 2267 qui
2211 2211 2305 2251 vos
2327 2210 2424 2266 per
2447 2196 2701 2264 baptismi
2730 2196 2958 2266 gratiam
2997 2212 3027 2250 a
3056 2197 3270 2252 vinculo
3297 2197 3546 2254 liberavit
3569 2200 3684 2255 ori-

2091 2287 2284 2356 ginalis
2318 2287 2543 2356 peccati.
2573 2287 2929 2356 Exspoliastis
2951 2297 3188 2344 veterem
3222 2289 3516 2357 hominem,
3551 2307 3686 2362 quo-

2093 2377 2252 2431 modo
2273 2377 2489 2442 iterum,
2512 2377 2700 2433 fraude
2721 2379 2929 2448 decepti
2956 2380 3208 2452 maligna,
3236 2383 3528 2438 induamini
3563 2384 3688 2441 illo!

2093 2466 2410 2537 Adoptionis
2436 2467 2530 2521 ﬁlii
2562 2467 2670 2523 Deo
2685 2467 2832 2523 Patri
2869 2469 2995 2524 facti
3021 2470 3154 2526 estis
3180 2486 3276 2540 per
3303 2487 3427 2526 cum
3459 2474 3552 2542 qui
3581 2489 3690 2529 non

2094 2567 2180 2614 est
2216 2559 2533 2629 adoptivus,
2571 2561 2666 2616 sed
2695 2562 2945 2630 proprius
2973 2580 2986 2616 :
3022 2571 3163 2618 state
3187 2579 3284 2633 per
3316 2565 3437 2620 ﬁdei
3467 2566 3692 2622 inviola-

2095 2651 2256 2706 bilem
2279 2651 2674 2708 confessionem
2705 2653 2758 2706 in
2782 2653 3030 2709 libertate
3053 2655 3283 2710 ﬁliorum
3301 2657 3417 2723 Dei,
3443 2666 3497 2713 et
3523 2658 3692 2716 nolito

2095 2742 2426 2798 inﬁdelitatis
2444 2741 2629 2813 iugum
2655 2743 2856 2798 subire.
2886 2743 3151 2814 Expellite
3171 2746 3383 2802 vincula
3408 2748 3689 2804 diabolica:

2096 2834 2426 2904 deceptionis
2453 2836 2518 2890 de
2540 2835 2813 2901 cordibus,
2845 2845 3111 2906 quatenus
3129 2838 3271 2893 Deus
3285 2837 3552 2905 Christus,
3592 2841 3691 2910 qui

2097 2924 2259 2983 solvit
2297 2927 2650 2997 compeditos,
2689 2929 2930 2982 excutiat
2965 2937 3211 2984 catenam
3243 2932 3418 3001 gentis
3459 2932 3693 2990 inimica:

471 3023 790 3092 Exemplum
842 3025 974 3079 mihi
1025 3025 1366 3081 Constantini
1417 3027 1758 3097 imperatoris
1799 3044 2068 3108 prono—0
2099 3020 2167 3076 de
2199 3021 2447 3076 manibus
2485 3021 2700 3076 vestris.
2740 3021 2961 3078 Habetis
3000 3039 3131 3090 nos,
3180 3025 3359 3080 divina
3399 3027 3696 3084 auxiliante

403 3113 609 3175 suistis,
648 3113 807 3183 cuius
853 3115 1066 3171 initium
1111 3118 1170 3171 Β.
1204 3118 1466 3172 lsidorum
1505 3120 1753 3177 laudasse
1794 3123 1994 3189 dicitis,

400 3211 456 3258 et
482 3204 644 3260 ﬁnem
671 3205 908 3262 doluisse
935 3225 948 3260 :
989 3210 1131 3278 quod
1175 3225 1243 3263 ne
1279 3211 1408 3264 mihi
1446 3211 1657 3266 accidat
1688 3228 1786 3282 per
1811 3230 2001 3284 quem-

403 3293 527 3346 dam
571 3295 828 3360 beatum,
877 3311 1038 3365 quem
1079 3296 1487 3366 Antiphrasium
1538 3302 1996 3372 cognominastis,

401 3383 634 3454 benigne
658 3387 918 3441 suadetis.
961 3387 1075 3444 lloc
1115 3389 1300 3454 etiam,
1331 3390 1510 3444 divina
1549 3393 1840 3448 miserante
1878 3410 2001 3464 gra-

402 3475 498 3540 tia,
526 3491 834 3544 praecavere
867 3487 1054 3549 satago
1082 3497 1095 3532 :
1126 3497 1232 3534 non
1258 3483 1326 3536 ab
1365 3483 1458 3537 illo
1486 3487 1878 3550 tantummodo,
1905 3488 2000 3542 sed

405 3564 570 3617 etiam
597 3567 665 3618 ab
689 3567 947 3622 omnibus
971 3569 1064 3636 qui
1101 3569 1303 3638 aliquid
1330 3581 1490 3626 recta:
1517 3572 1638 3627 ﬁdei
1665 3578 1999 3632 contrarium

405 3652 602 3718 docere
649 3652 904 3708 videntur
950 3671 966 3709 :
1008 3658 1333 3727 assiduaque
1382 3661 1666 3717 devotione
1715 3665 2000 3721 Dominum

405 3743 657 3810 deposco,
699 3751 754 3797 et
778 3759 1132 3816 quoscunque
1171 3763 1240 3802 ex
1280 3748 1404 3804 ﬁliis
1442 3759 1646 3806 sancta:
1686 3755 1876 3809 matris
1902 3755 2002 3810 Ec-

406 3832 591 3886 clesia:
635 3833 806 3901 valeo,
851 3837 983 3890 mihi
1028 3837 1080 3890 in
1118 3838 1221 3893 hac
1253 3840 1514 3908 petitione
1555 3842 1830 3912 adjutores
1873 3861 2002 3899 con-

407 3937 562 3987 voco,
609 3939 680 3978 ne
717 3940 805 3979 me
838 3923 1067 3994 alicujus
1094 3928 1318 3983 verbosa
1361 3931 1618 3998 adulatio,
1664 3933 1749 3988 vel
1785 3933 2004 3988 fraudu-

404 4011 549 4066 lenta
577 4014 814 4069 laudatio
841 4017 1132 4086 decipiens,
1163 4033 1194 4072 a
1220 4021 1308 4074 via
1333 4022 1579 4078 veritatis
1627 4034 1858 4091 avertat,
1904 4043 2004 4081 sc-

404 4106 527 4176 pius
552 4123 678 4163 cum
703 4111 966 4180 propheta
992 4112 1307 4179 decantans,
1337 4115 1592 4188 Corripiet
1619 4136 1700 4173 me
1729 4120 1908 4190 justus
1948 4122 2003 4175 in

404 4195 786 4264 misericordia,
816 4210 864 4252 et
891 4200 1181 4270 increpabit
1218 4219 1300 4256 me
1323 4220 1340 4256 :
1368 4203 1538 4259 oleum
1567 4217 1739 4261 autem
1765 4219 2004 4278 peccato-

406 4283 480 4336 ris
525 4300 630 4338 non
679 4286 970 4356 impinguet
1022 4300 1177 4359 caput
1228 4307 1396 4345 meum
1434 4293 1606 4365 (Psal.
1635 4299 1846 4367 cxun).
1896 4299 2005 4354 Vos

2097 3113 2290 3184 gratia,
2331 3120 2712 3180 cooperatores
2751 3113 2930 3182 gaudii
2967 3114 3156 3180 vestri,
3185 3115 3230 3169 si
3271 3130 3366 3170 vos
3410 3117 3695 3172 nobiscum

2099 3202 2377 3257 catholicae
2405 3203 2527 3257 ﬁdei
2557 3202 2718 3258 vultis
2743 3219 2861 3258 esse
2883 3203 3286 3274 prazdicatorcs.
3317 3205 3694 3264 Certissilnum

2100 3291 2283 3362 itaque
2327 3293 2398 3347 ibi
2453 3293 2559 3348 erit
2603 3293 2797 3348 divinae
2848 3295 3214 3350 miserationis
3263 3297 3544 3358 auxilium.
3597 3299 3694 3355 ubi

2100 3398 2208 3437 una
2245 3393 2328 3438 est
2362 3385 2528 3440 totius
2561 3385 2817 3441 Ecclesiae
2856 3387 3114 3454 Charitas,
3154 3396 3208 3443 et
3249 3405 3353 3444 una
3395 3407 3536 3447 vera:
3569 3392 3694 3450 ﬁdei

2101 3474 2390 3530 confessio.
2439 3476 2520 3530 Ad
2558 3477 2955 3533 multitudinem
2995 3479 3176 3548 populi
3205 3478 3516 3549 Christiani,
3546 3493 3601 3539 et
3621 3486 3694 3541 ad

2103 3565 2456 3622 sacerdotalis
2503 3567 2714 3623 concilii
2756 3570 3164 3626 unanimitatem
3223 3574 3574 3628 revertimini.
3631 3574 3694 3630 Si

2101 3657 2244 3712 enim
2283 3658 2510 3712 duorum
2556 3658 2638 3713 vel
2685 3660 2848 3714 trium
2894 3669 3083 3716 sancto
3133 3664 3333 3733 pioque
3383 3666 3691 3729 consensui,

2104 3749 2400 3804 secundum
2433 3765 2585 3804 suam
2621 3751 3058 3819 promissionem,
3087 3755 3374 3809 Dominum
3406 3771 3527 3810 esse
3561 3771 3701 3826 pm

2103 3849 2313 3895 sentem
2345 3855 2450 3894 non
2487 3841 2827 3907 dubitemus;
2866 3852 3068 3911 quanto
3107 3846 3282 3915 magis
3327 3845 3415 3899 ubi
3457 3855 3537 3900 tot
3573 3861 3700 3900 san-

2103 3933 2333 3989 ctissimi
2371 3931 2580 3998 Patres,
2621 3941 2701 3987 tot
2736 3935 3073 3991 venerabiles
3106 3935 3322 4001 fratres,
3355 3946 3433 3993 tot
3470 3938 3562 3992 ﬁl.i
3595 3939 3700 4008 pia:

2104 4022 2294 4076 matris
2321 4022 2596 4086 Ecclesiae,
2623 4023 2676 4076 in
2704 4023 2922 4080 nomine
2954 4024 3098 4079 illius
3123 4027 3346 4094 paciﬁca
3369 4029 3700 4082 conveniunt

2104 4113 2487 4176 unanimitate,
2529 4129 2651 4168 eum
2690 4115 2881 4170 adesse
2919 4117 3154 4172 medium
3194 4133 3300 4172 non
3337 4127 3420 4173 est
3451 4119 3702 4174 dubitan-

2107 4204 2254 4269 dum,
2281 4212 2335 4258 et
2363 4204 2579 4260 illorum
2605 4221 2794 4276 regere
2827 4207 3072 4275 consilia,
3099 4209 3189 4278 qui
3215 4211 3298 4265 sui
3325 4210 3558 4266 nominis
3582 4209 3710 4266 lan-

2109 4297 2230 4352 dcm
2252 4311 2496 4366 quaerere
2524 4297 2950 4368 dignoscantur?

406 4387 539 4427 vero
566 4375 970 4446 vobismetipsis
1005 4389 1213 4445 cavete,
1248 4384 1390 4451 quod
1425 4400 1524 4440 nos
1553 4384 1790 4444 fraterno
1819 4389 2004 4445 admo»
2034 4396 2086 4458 ι)
2179 4385 2263 4440 Ad
2283 4387 2649 4442 conﬁrmanda
2678 4387 2843 4458 igitur
2865 4390 3028 4445 corda
3054 4397 3232 4445 vestra
3265 4389 3318 4444 in
3347 4391 3452 4446 ﬁde
3481 4399 3535 4446 ct
3559 4390 3702 4446 veri-

408 4462 605 4518 nuistis
644 4479 832 4521 amore
873 4478 1230 4536 procurantes
1265 4473 1676 4545 diligentissime
1704 4519 1718 4532 .
1757 4480 2007 4550 omnipo-

407 4553 682 4623 tentisque
705 4555 801 4610 Dei
826 4557 978 4613 vobis
999 4559 1233 4616 assiduis
1253 4565 1504 4633 precibus
1528 4567 2004 4626 clementissimam

408 4653 705 4699 convocate
747 4647 996 4717 gratiam,
1027 4665 1096 4705 nc
1141 4653 1332 4709 callida
1381 4657 1590 4727 antiqui
1624 4657 1794 4715 hostis
1821 4675 2008 4716 versu-

409 4732 484 4786 tia
511 4748 704 4789 seusus
729 4745 941 4793 vestros
983 4739 1037 4792 in
1063 4741 1242 4812 aliqua
1268 4753 1421 4814 parte
1462 4757 1794 4818 corrumpat,
1825 4757 1880 4804 et
1912 4764 2007 4818 pe-

407 4822 494 4897 ius
536 4826 630 4879 ﬁat
672 4827 900 4884 interius
941 4831 1140 4886 diaboli
1182 4836 1498 4902 servitium,
1557 4852 1720 4906 quam
1765 4840 2005 4896 exterius

409 4916 588 4984 gentis
630 4917 885 4976 inimicae.
933 4921 1177 4992 Eumque
1216 4936 1524 4996 exspectate
1565 4929 2002 5000 Redemptorem,

408 5021 568 5075 quem
596 5008 785 5065 salutis
812 5021 1007 5068 vestr-.c
1033 5014 1298 5072 habuistis
1323 5029 1623 5074 auctorem.
1662 5022 1815 5076 Illum
1843 5022 2008 5094 glori-

410 5096 569 5152 ticate
609 5098 663 5152 in
691 5103 874 5168 corde,
901 5114 954 5159 et
979 5115 1193 5174 portate
1233 5110 1286 5163 in
1318 5126 1578 5180 corpore;
1621 5122 1675 5168 et
1700 5115 1913 5185 dignam
1951 5115 2006 5170 in

411 5187 564 5243 vobis
603 5188 681 5244 illi
723 5204 1024 5262 praeparate
1065 5198 1453 5256 habitationem
1499 5203 1552 5256 in
1595 5204 1717 5270 ﬁde,
1756 5221 1876 5276 qua:
1909 5222 2008 5277 per

411 5284 758 5340 dilectionem
799 5297 1086 5358 operatur,
1135 5303 1402 5363 quatenus
1445 5311 1541 5352 vos
1581 5297 1726 5354 illius
1769 5299 2004 5370 gloriosa

411 5376 680 5442 potentia,
705 5387 776 5443 _et
827 5381 1112 5439 ineffabilis
1158 5386 1548 5450 misericordia,
1599 5390 1669 5445 ab
1723 5392 2008 5460 utriusque

414 5469 692 5526 servitutis
720 5472 987 5541 molestia,
1015 5479 1287 5534 exteriore
1318 5480 1526 5536 scilicet
1554 5490 1608 5536 et
1638 5483 1914 5548 interiore,
1945 5483 2010 5538 Ii-

418 5557 568 5612 beret
596 5568 652 5614 et
679 5565 967 5631 custodiat,
995 5576 1050 5623 et
1077 5569 1132 5623 in
1159 5585 1356 5642 magno
1384 5573 1472 5628 die
1497 5581 1626 5630 ante
1652 5583 2003 5645 conspectum

416 5651 601 5725 gloria:
634 5671 745 5712 sua:
778 5671 902 5713 cum
938 5659 1326 5731 multiplicibus
1365 5664 1566 5723 laboris
1598 5667 1764 5725 vestri
1807 5665 2008 5725 divitiis

2104 4483 2234 4541 tate,
2262 4476 2400 4532 hanc
2432 4477 2603 4533 nostri
2630 4477 2883 4546 nominis,
2914 4479 3151 4536 fraterna
3187 4481 3480 4554 instigante
3512 4483 3692 4538 chari-

2104 4575 2235 4633 tate,
2266 4566 2548 4636 epistolam
2590 4569 2830 4624 scribere
2864 4571 3196 4636 curavimus,
3225 4581 3476 4642 optantes
3513 4581 3570 4627 ut
3601 4587 3701 4627 no-

2105 4667 2238 4725 stra,
2274 4674 2436 4729 quam
2463 4659 2723 4716 habemus
2753 4676 2852 4730 pro
2888 4661 2991 4716 ﬁde
3021 4663 3305 4728 catholica,
3332 4665 3579 4734 proﬁciat
3605 4666 3701 4720 de-

2105 4753 2270 4816 votio,
2314 4759 2369 4806 et
2401 4765 2498 4806 vos
2531 4752 2710 4807 divina
2738 4752 3025 4807 clementia
3053 4755 3119 4809 ad
3148 4754 3308 4810 ﬁdem
3343 4759 3568 4813 reducat
3605 4773 3700 4812 ca-

2106 4842 2382 4899 tholicam.
2408 4842 2550 4897 Ante
2576 4843 2741 4913 igitur
2764 4858 2928 4912 quam
2963 4843 3124 4912 hujus
3157 4847 3431 4916 smpedicti
3459 4849 3699 4904 scandali

2105 4951 2137 4990 a
2186 4935 2342 4990 vobis
2388 4935 2624 4990 oriretur
2680 4932 2940 5000 offensio,
2979 4935 3178 5005 duplici
3231 4937 3516 5004 charitate,
3562 4939 3704 4994 sicut

2106 5029 2476 5099 przediximus,
2523 5027 2810 5083 dileximus
2841 5044 2960 5093 vos,
3003 5029 3058 5084 id
3099 5037 3202 5095 est,
3257 5031 3310 5085 in
3363 5031 3704 5088 orationibus

2107 5120 2310 5176 nostris
2348 5135 2446 5190 per
2483 5134 2670 5174 omnes
2707 5120 2859 5189 regni
2893 5121 3063 5176 nostri
3099 5121 3370 5177 Eeclesias
3414 5123 3704 5180 habuimus

2109 5213 2307 5274 socios,
2343 5219 2398 5265 et
2433 5210 2599 5264 vestri
2638 5212 2954 5265 memoriam
2992 5212 3235 5281 quotidie
3271 5211 3574 5269 facientes:
3611 5213 3707 5268 iti-

2109 5303 2232 5358 dem
2258 5317 2473 5370 quoque
2497 5310 2552 5356 et
2578 5302 2689 5357 Deo
2711 5303 3024 5368 auxiliante,
3058 5304 3392 5359 voluntatem
3417 5306 3706 5362 habuimus

2108 5411 2206 5451 vos
2241 5396 2474 5452 liberare
2502 5411 2534 5450 a
2559 5397 2781 5452 servitio
2807 5399 3084 5455 saecularis
3121 5403 3480 5469 necessitatis,
3511 5418 3706 5458 secun-

2109 5489 2238 5544 dum
2277 5488 2536 5558 temporis
2564 5490 3048 5559 opportunitatem,
3078 5503 3131 5548 et
3162 5497 3327 5550 vestri
3358 5497 3566 5552 consilii
3604 5498 3704 5553 ad-

2109 5577 2492 5634 hortationem.
2530 5577 2683 5635 Nunc
2709 5594 2839 5635 vero
2877 5581 2978 5636 hac
3008 5583 3204 5652 duplici
3241 5585 3505 5642 charitate
3535 5588 3703 5658 (quod

2111 5669 2228 5727 sine
2254 5669 2440 5728 dolore
2465 5685 2572 5727 non
2599 5669 2850 5744 dicimus)
2874 5670 3164 5731 fraudastis
3186 5678 3563 5750 vosmetipsos,
3589 5693 3700 5735 non
