4092 6188
450 340 556 397 905
613 304 619 309 ’

1904 328 2289 390 EPISTULA}.

3616 330 3720 388 θοι

449 449 811 525 intelligentes
842 464 939 509 vos
976 448 1165 510 fraude
1197 447 1460 508 diabolica
1493 463 1613 505 esse
1658 446 1935 517 deceptos,
1970 452 2035 501 ut
2061 448 2112 511 Α
2137 445 2416 502 tummodo
2449 460 2732 516 personam
2752 486 2767 512 ,
2812 460 2913 515 pro
2957 444 3128 500 salute
3162 445 3380 501 humani
3415 449 3630 519 generis
3658 453 3725 507 de

449 554 680 615 utroque
694 541 973 614 juvamine
991 558 1088 598 vos
1113 541 1429 607 denudaret,
1453 539 1507 595 id
1524 547 1607 597 est
1623 538 2036 611 participatione

449 633 595 701 ﬁdei,
633 642 688 691 et
732 634 1039 690 orationum
1085 640 1417 698 nostrarum,
1470 631 1553 686 vel
1604 630 1799 686 solatio
1848 628 2035 684 auxilii

449 726 642 784 nostri.
679 725 889 791 Videte,
929 723 1127 787 videte,
1169 738 1332 794 quam
1374 721 1577 792 grande
1612 719 1813 775 malum
1847 719 2038 775 adver-

448 833 569 873 sum
603 814 961 884 vosmetipsos
1003 807 1216 868 habetis
1252 808 1477 879 factum,
1517 813 1659 882 quod
1696 826 2036 881 nequaquam

448 906 566 961 ausi
598 921 785 961 sumus
813 920 972 960 orare
996 920 1095 975 pro
1120 904 1293 969 vobis,
1324 903 1465 959 sicut
1499 919 1598 975 pro
1624 902 1873 959 ﬁdelibus
1915 917 2039 957 sanu-

448 1009 551 1058 cta:
584 1000 681 1055 Dei
718 999 975 1055 Ecclesiae
1012 998 1169 1065 ﬁliis;
1207 1015 1308 1055 nec
1346 1012 1442 1053 vos
1478 998 1734 1069 adjuvare
1768 996 2038 1068 quomodo

451 1097 647 1154 fratres
672 1098 727 1152 in
748 1097 945 1153 vestris
967 1082 1228 1152 maximis
1243 1095 1678 1152 necessitatibus.
1700 1093 2041 1163 Quapropter

451 1188 783 1246 revertimini
809 1188 878 1243 ad
899 1187 1039 1242 hanc
1060 1186 1325 1256 duplicem
1352 1185 1796 1249 consolationem,
1822 1191 1877 1239 et
1902 1182 2041 1254 abji-

450 1281 557 1337 cite
583 1295 614 1335 a
646 1278 798 1335 vobis
823 1278 963 1334 hanc
994 1274 1284 1347 malignam
1310 1276 1590 1335 diabolica:
1622 1274 1825 1332 fraudis
1856 1292 2043 1331 versu-

449 1361 603 1437 tiam,
658 1379 718 1425 ut
764 1370 980 1440 possitis
1027 1370 1309 1426 nobiscum
1362 1369 1694 1425 consortium
1740 1370 1939 1426 habere
1986 1370 2041 1426 in

451 1462 598 1518 omni
635 1461 899 1517 eharitate
929 1468 983 1517 et
1009 1461 1210 1516 auxilio
1237 1468 1559 1531 opportuno.
1588 1459 1714 1516 Post
1747 1461 1889 1517 hanc
1913 1476 2042 1518 vero

451 1555 869 1624 correptioncm,
915 1554 1028 1609 sive
1057 1552 1481 1608 admonitionem
1521 1552 1827 1623 apostolica:
1856 1562 2044 1610 aucto-

453 1644 632 1698 ritatis
669 1651 724 1699 et
762 1643 1036 1715 synodalis
1074 1642 1465 1710 unanimitatis,
1498 1644 1544 1700 si
1583 1660 1692 1699 non
1729 1646 2044 1715 resipiscitis

454 1735 524 1790 ab
562 1750 748 1790 errore
790 1742 990 1800 vestro,
1033 1735 1227 1791 scitote
1266 1735 1487 1791 omnino
1517 1750 1613 1791 vos
1648 1751 1745 1807 pro
1774 1736 2042 1792 haereticis

2140 533 2345 607 Spiritu
2378 545 2568 593 sancto
2603 546 2658 593 et
2682 537 2848 591 Maria
2872 537 3081 608 virgine
3114 536 3480 606 ineat-natam;
3529 547 3589 595 ut
3632 542 3725 611 qui

2139 634 2257 684 erat
2291 628 2358 683 de
2393 628 2674 684 divinitate
2711 628 2804 683 Dei
2843 626 3021 682 Patris
3054 626 3241 695 Filius,
3270 638 3412 685 esset
3442 638 3505 705 et
3544 632 3597 686 in
3628 632 3727 687 hu-

2138 720 2400 775 manitate
2426 720 2663 775 hominis
2692 720 2884 775 matris
2911 719 3080 774 Filius
3110 736 3122 773 :
3162 718 3432 789 perfectus
3459 722 3512 777 in
3537 723 3730 779 divini-

2140 818 2252 865 tate
2276 811 2437 875 Deus,
2466 810 2737 881 perfectus
2759 809 2815 864 in
2841 810 3179 864 humanitate
3204 810 3366 865 homo
3395 829 3408 865 :
3440 812 3581 867 Deus
3605 821 3729 869 antv

2139 903 2321 957 omnia
2348 902 2564 969 smeula,
2588 902 2752 958 homo
2774 902 2830 957 in
2858 901 2964 958 ﬁne
2988 902 3171 958 szeculi
3195 920 3209 956 :
3239 919 3398 960 verus
3424 906 3480 960 in
3506 914 3729 978 utraque

2139 997 2441 1051 substantia
2471 998 2563 1052 Dei
2590 997 2790 1064 Filius;
2830 1012 2937 1053 non
2963 999 3259 1067 putativus,
3289 1001 3385 1056 sed
3411 1015 3599 1068 verus;
3625 1018 3734 1059 non

2140 1087 2459 1157 adoptione,
2509 1086 2603 1143 sed
2646 1088 3022 1159 proprietate:
3059 1105 3164 1144 una
3216 1106 3446 1160 persona
3495 1093 3638 1149 Deus
3680 1101 3768 1152 ct.

2143 1178 2323 1243 homo,
2356 1195 2494 1233 unus
2516 1179 2779 1235 mediator
2803 1179 2897 1234 Dei
2929 1188 2983 1235 et
3005 1179 3285 1236 hominum
3312 1183 3326 1235 ὲ
3358 1182 3411 1236 in
3438 1181 3611 1239 forma
3638 1185 3732 1241 Dei

2141 1269 2364 1339 aequalis
2390 1268 2556 1335 Patri,
2587 1270 2641 1324 in
2665 1268 2838 1325 forma
2865 1270 3011 1325 servi
3036 1271 3214 1327 minor
3235 1271 3396 1328 Patre
3428 1289 3442 1326 :
3481 1274 3533 1328 in
3561 1274 3735 1330 forma

2143 1358 2238 1414 Dei
2259 1366 2489 1424 creator,
2522 1358 2575 1413 in
2600 1358 2772 1414 forma
2805 1360 2947 1415 servi
2974 1360 3302 1431 redemptor.
3329 1361 3479 1418 Unus
3504 1363 3560 1418 in
3589 1372 3738 1420 utro-

2142 1464 2249 1520 que
2276 1449 2369 1503 Dei
2393 1447 2561 1503 Filius
2588 1448 2843 1518 proprius
2884 1456 2939 1504 et
2975 1448 3267 1521 perfectus,
3308 1453 3378 1508 ad
3412 1453 3736 1525 implendam

2143 1538 2392 1595 humana:
2418 1539 2609 1594 salutis
2632 1539 3108 1610 dispensationem,
3136 1557 3329 1612 passus
3358 1551 3441 1599 est
3464 1561 3592 1601 vera
3617 1561 3739 1601 car-

2143 1629 2230 1684 nis
2252 1630 2521 1699 passione,
2549 1637 2795 1686 mortuus
2818 1647 2947 1687 vera
2986 1634 3232 1703 corporis
3254 1635 3337 1689 sui
3366 1643 3542 1693 morte
3572 1655 3584 1691 :
3614 1653 3736 1693 sur-

2145 1722 2286 1777 rexit
2316 1736 2439 1775 vera
2472 1722 2654 1776 carnis
2682 1737 2794 1778 sua:
2831 1724 3248 1792 resurrectione,
3290 1732 3344 1781 et
3380 1739 3508 1781 vera
3544 1728 3741 1784 animae

454 1824 667 1892 haberi,
707 1841 808 1882 nec
847 1826 1011 1881 ullam
1038 1827 1313 1883 vobiscum
1344 1806 1776 1885 communionem
1804 1843 1904 1900 pro
1934 1829 2046 1885 Deo
2076 1806 2122 1867 Β
2150 1814 2517 1884 “sumptio”
2553 1830 2567 1867 ³
2606 1821 2660 1871 ei
2689 1814 2880 1870 905cm
2919 1830 3165 1886 corpore:
3202 1832 3309 1888 (Ιυο
3334 1831 3525 1887 Passus
3549 1826 3653 1884 εει,
3687 1826 3742 1873 ει

454 1918 718 1978 audemus
749 1918 967 1974 habere.
996 1918 1211 1975 Currite
1246 1921 1374 1976 dum
1408 1919 1585 1977 lucem
1618 1921 1849 1986 habetis,
1875 1937 1945 1977 ne
1966 1930 2049 1977 te-

456 2009 639 2063 nebra:
662 2023 760 2063 vos
788 2007 1146 2065 anathematis
1182 2009 1603 2080 apprehendant,
1633 2011 1774 2067 unde
1811 2027 1917 2067 non
1951 2027 2049 2082 po-

455 2100 609 2155 testis
626 2099 791 2169 pedes
812 2108 1024 2157 vestros
1044 2102 1334 2172 explicare,
1360 2104 1454 2161 sed
1476 2110 1681 2161 aeterna
1704 2104 2050 2162 damnatione

456 2193 698 2251 irretitos
736 2208 857 2251 esse
898 2194 1166 2267 lugebitis.
1206 2196 1399 2254 Adhuc
1428 2199 1575 2255 enim
1623 2201 1711 2271 pia
1748 2209 1925 2258 mater
1947 2202 2049 2258 Ec-

454 2285 621 2343 clesia
669 2295 890 2343 revocat
926 2302 1021 2343 vos
1065 2289 1132 2344 ad
1158 2290 1422 2361 gremium
1476 2305 1589 2348 sua:
1640 2292 2045 2361 misericordiae,

455 2376 643 2433 volens
676 2393 770 2433 vos
803 2378 915 2434 Deo
948 2380 1158 2437 nutrire
1196 2379 1249 2434 in
1288 2380 1445 2436 ﬁlios.
1489 2381 1718 2442 Tantum
1752 2384 1921 2439 nolite
1952 2399 2049 2442 vos

455 2468 776 2525 abstrahere
801 2470 870 2526 ab
896 2468 1010 2539 ejus
1033 2472 1251 2541 pietate,
1277 2472 1370 2544 qui
1387 2487 1485 2528 vos
1505 2473 1719 2529 vocavit
1740 2475 1793 2530 in
1822 2491 2067 2546 regnum,

456 2557 577 2613 Filii
601 2559 905 2616 dilectionis
929 2576 1061 2643 sum.
1494 2630 1497 2633 _

527 2667 812 2726 Credimus
850 2671 903 2725 in
940 2687 1108 2727 unum
1144 2672 1314 2728 Deum
1346 2673 1563 2731 Patrem
1600 2679 2045 2748 omnipotentem,

455 2754 716 2814 factorem
745 2760 868 2816 caeli
907 2769 962 2816 et
987 2769 1165 2829 tame,
1195 2764 1486 2820 visibilium
1522 2768 1762 2824 omnium
1784 2778 1840 2824 et
1864 2771 2051 2827 invisi-

377 2932 387 2941 l
455 2847 668 2919 bilium.
703 2850 985 2908 Credimus
1006 2861 1060 2909 et
1092 2855 1147 2910 in
1173 2872 1337 2913 unum
1367 2858 1650 2915 Dominum
1685 2868 1931 2918 nostrum
1960 2862 2050 2919 Je-

456 2955 577 2995 sum
614 2940 923 3012 Christum,
961 2945 1161 3002 Filium
1205 2948 1301 3004 Dei
1344 2951 1699 3021 unigenitum,
1752 2962 1941 3011 natum
1981 2970 2048 3012 ex

456 3029 617 3087 Patre
652 3042 783 3090 ante
815 3037 997 3091 omnia
1035 3039 1252 3105 saecula,
1296 3049 1350 3101 et
1384 3050 1512 3098 ante
1551 3044 1731 3100 omnia
1758 3053 2045 3117 tempora:

455 3121 636 3233 lumen
663 3124 731 3181 de
757 3124 978 3194 lumine,
1010 3128 1179 3186 Deum
1202 3147 1390 3188 verum
1413 3133 1481 3190 de
1506 3135 1618 3194 Deo
1640 3152 1769 3195 vero
1794 3157 1806 3192 :
1836 3150 2048 3201 natum.
2079 3176 2125 3233 ο

456 3230 563 3273 non
596 3215 796 3273 factum
827 3236 841 3271 :
874 3222 1200 3289 naturalem,
1234 3240 1341 3280 non
1375 3225 1687 3298 adoptivum
1715 3248 1727 3284 :
1766 3246 1863 3300 per
1886 3247 2049 3303 quem

455 3306 637 3360 omnia
686 3307 903 3364 condita
952 3319 1097 3377 sunt,
1142 3313 1384 3369 caelestia
1435 3324 1491 3371 et
1534 3320 1846 3386 terrestria,
1888 3320 2052 3380 unius

456 3398 706 3454 essentia:
743 3407 799 3455 et
835 3400 997 3457 unius
1031 3404 1348 3462 substantia:
1386 3424 1509 3464 cum
1550 3409 1728 3466 Patre.
1768 3411 2052 3472 Credimus

455 3498 511 3542 ct
546 3489 599 3544 in
629 3488 889 3560 Spiritum
929 3493 1199 3562 sanctum,
1230 3497 1397 3553 Deum
1427 3516 1632 3567 verum,
1660 3502 2048 3560 viviﬁcatorem

455 3580 730 3647 omnium,
772 3597 804 3637 a
833 3581 993 3638 Patre
1034 3592 1089 3640 et
1118 3584 1255 3640 Filio
1285 3590 1699 3657 procedentem,
1733 3608 1856 3647 cum
1889 3592 2051 3650 Patre

456 3676 513 3720 et
535 3666 671 3723 Filio
695 3670 1092 3728 coadorandum
1121 3682 1175 3730 et
1201 3676 1737 3748 eonglorilicandum.
1766 3680 2049 3738 Credimus

456 3760 700 3816 eamdem
733 3771 976 3818 sanctam
1010 3764 1350 3834 Trinitatem,
1385 3767 1622 3839 Patrem,
1663 3781 1717 3827 et
1741 3771 1958 3838 Filium,
1995 3780 2050 3829 et

459 3848 725 3920 Spiritum
752 3861 1019 3921 sanctum,
1049 3857 1208 3911 unius
1235 3873 1355 3913 esse
1397 3860 1733 3927 substantiie,
1761 3863 1921 3917 unius
1955 3879 2050 3932 po-

457 3944 641 3998 tentia:
677 3953 731 3999 et
766 3946 924 4001 unius
958 3949 1207 4004 essentia:
1245 3957 1355 4005 tres
1390 3966 1667 4020 pers:rnas,
1695 3962 1749 4010 et
1782 3955 2049 4026 singulam

453 4048 726 4104 quamque
776 4038 831 4091 in
858 4035 1125 4091 Triuitate
1168 4054 1456 4109 personam
1497 4042 1716 4111 plenum
1766 4044 1956 4110 Deum,
1995 4053 2050 4100 et

454 4130 596 4177 totas
632 4132 742 4179 tres
767 4139 1030 4195 personas
1062 4142 1226 4182 unum
1258 4130 1425 4185 Deum
1454 4134 1916 4203 omnipotentem:
1947 4135 2050 4191 Pa-

454 4227 592 4273 trem
627 4219 943 4290 ingenitum,
978 4221 1169 4277 Filium
1203 4224 1462 4294 genitum,
1505 4226 1766 4298 Spiritum
1800 4238 2048 4285 sanctum

454 4312 835 4379 procedentem
859 4328 925 4368 ex
944 4312 1105 4370 Patre
1130 4323 1185 4370 et
1210 4316 1377 4373 Filio:
1398 4334 1499 4374 nec
1519 4318 1734 4375 Patrem
1758 4321 2050 4391 aliquando

451 4403 702 4472 cwpisse,
747 4404 843 4461 sed
889 4408 1030 4463 sicut
1074 4423 1288 4479 semper
1331 4419 1416 4466 est
1446 4412 1606 4479 Deus,
1646 4413 1719 4468 ita
1754 4429 1968 4485 semper
1994 4424 2050 4472 et

2147 1904 2466 1968 resurrexit,
2498 1906 2742 1961 ascendit
2772 1906 2829 1961 in
2859 1907 3046 1973 emlos,
3077 1909 3272 1965 sedens
3311 1909 3365 1964 in
3395 1910 3618 1966 dextera
3645 1911 3743 1968 Dei

2148 1993 2327 2049 Patris
2357 2012 2370 2048 :
2413 2002 2469 2050 et
2505 1994 2560 2049 in
2599 1995 2789 2052 eadem
2825 1994 3020 2064 forma,
3054 2013 3161 2069 qua
3194 2000 3457 2067 ascendit,
3483 2010 3743 2058 venturus

2139 2083 2388 2155 judicare
2425 2088 2578 2144 vivos
2613 2103 2679 2144 ae
2713 2097 2990 2157 mortuos;
3034 2090 3191 2162 cujus
3223 2092 3372 2162 regni
3403 2107 3511 2149 non
3537 2093 3643 2149 erit
3679 2094 3745 2149 ﬁ-

2148 2179 2253 2234 nis.
2300 2178 2665 2236 Przedieamus
2699 2196 2862 2236 unam
2897 2189 3144 2239 sanctam
3169 2182 3265 2240 Dei
3293 2184 3590 2241 Ecclesium
3627 2193 3744 2242 toto

2147 2272 2280 2328 orbe
2325 2271 2609 2342 diffusam,
2671 2274 2807 2330 locis
2859 2285 3185 2346 separatam,
3237 2277 3343 2334 ﬁde
3379 2286 3434 2334 et
3480 2280 3746 2339 charitate

2148 2363 2492 2436 eonjunctam
2520 2384 2535 2420 :
2565 2374 2620 2422 et
2652 2382 2833 2422 veram
2880 2368 3256 2425 remissionem
3297 2379 3645 2441 peccatorum
3689 2374 3745 2429 in

2149 2455 2338 2513 eadem
2367 2456 2631 2525 Ecclesia,
2659 2458 2772 2514 sive
2796 2473 2895 2529 per
2918 2460 3266 2531 baptismum,
3306 2461 3421 2517 sive
3452 2475 3551 2534 per
3571 2465 3746 2535 pinni-

2151 2547 2397 2615 tcntiam,
2446 2549 2627 2605 divina
2676 2550 2910 2607 donante
2953 2553 3147 2623 gratia,
3197 2561 3253 2609 et
3295 2555 3437 2611 bona
3472 2555 3747 2614 voluntate

2149 2636 2385 2693 hominis
2408 2645 2755 2709 cooperante.
2781 2638 3065 2697 Credimus
3087 2651 3143 2698 et
3168 2658 3358 2701 omnes
3386 2643 3634 2703 homines
3658 2663 3744 2704 re-

2150 2728 2492 2784 surrecturos
2533 2744 2673 2797 esse,
2721 2737 2777 2786 et
2816 2731 3056 2802 singulos
3107 2735 3401 2792 secundum
3448 2752 3547 2793 sua
3578 2752 3745 2809 opera

2145 2816 2374 2888 judicari
2416 2836 2428 2872 :
2465 2820 2661 2891 impios
2693 2823 2911 2878 teternis
2949 2824 3228 2895 suppliciis
3254 2826 3587 2887 damnandos
3621 2847 3745 2887 cum

2149 2910 2365 2968 diabolo
2403 2920 2458 2969 et
2494 2913 2700 2984 angelis
2741 2912 2889 2984 ejus;
2930 2926 3149 2973 sanctos
3171 2933 3299 2974 vero
3338 2926 3540 2976 aeterna
3574 2922 3746 2994 gloria

2150 3003 2513 3070 (monendos,
2542 3020 2665 3059 cum
2701 3004 2916 3061 Christo
2958 3014 3011 3062 ct
3042 3009 3246 3063 sanctis
3279 3010 3485 3082 angelis
3526 3011 3645 3082 ejus
3687 3012 3742 3067 in

2150 3096 2347 3152 saecula
2374 3098 2703 3168 sempiterna

2226 3210 2353 3268 "me
2394 3221 2478 3269 est
2507 3213 2642 3271 ﬁdes
2676 3217 2964 3284 catholica,
2996 3227 3051 3274 ct
3092 3220 3212 3276 ilco
3252 3229 3468 3290 nostra;
3497 3232 3750 3293 optamus

2150 3305 2315 3360 etiam
2350 3312 2404 3360 et
2432 3315 2610 3360 vestra
2640 3324 2652 3360 :
2683 3307 2810 3377 quia
2849 3325 2955 3364 una
2993 3320 3077 3365 est
3103 3310 3257 3379 tides,
3284 3322 3338 3369 et
3370 3330 3534 3369 unum
3573 3316 3749 3386 bapti-

2149 3411 2287 3462 sma,
2322 3404 2377 3450 et
2405 3412 2544 3458 unus
2566 3398 2827 3455 Dominus
2857 3409 3042 3457 noster
3065 3400 3224 3458 Jesus
3250 3403 3517 3471 Christus,
3548 3407 3641 3477 qui
3664 3414 3750 3462 est

2150 3489 2292 3545 Deus
2319 3506 2501 3557 verus,
2525 3499 2579 3546 ct
2602 3508 2763 3547 verus
2788 3493 2970 3560 homo,
3001 3511 3161 3551 verus
3186 3495 3349 3563 Deus,
3387 3505 3441 3552 et
3463 3513 3625 3554 verus
3648 3499 3746 3554 Dei

2149 3579 2338 3647 Filius,
2392 3582 2444 3635 in
2478 3590 2707 3652 utraque
2753 3592 2946 3638 natura
2996 3601 3135 3640 unus
3188 3586 3438 3658 idemque
3481 3588 3749 3644 mediator

2149 3669 2247 3723 Dei
2277 3678 2331 3724 et
2354 3670 2632 3726 hominum
2664 3672 2826 3729 homo
2859 3673 3018 3730 Jesus
3049 3677 3317 3746 Christus,
3347 3680 3440 3749 qui
3470 3689 3572 3762 \est
3603 3682 3748 3737 Deus

2148 3758 2464 3815 benedictus
2517 3761 2569 3815 in
2618 3762 2834 3817 smcnla.
2883 3763 3035 3820 Hanc
3078 3769 3237 3824 ﬁdem
3285 3786 3400 3836 vos,
3442 3758 3746 3829 eharissimi

2147 3847 2366 3917 fratres,
2400 3851 2628 3908 ﬁrmiter
2652 3861 2835 3909 tenere
2860 3855 2915 3910 in
2941 3873 3232 3915 commune
3261 3860 3616 3932 deprecamur
3647 3881 3661 3917 :
3691 3872 3748 3919 et

2149 3942 2193 3996 si
2233 3943 2391 3998 aliter
2418 3952 2576 4001 antea
2614 3948 2667 4002 in
2712 3949 2954 4019 quolibet
2985 3953 3150 4008 verbo
3192 3956 3459 4021 sensistis,
3489 3958 3747 4029 corrigitc

2147 4035 2522 4103 vosmetipsos,
2577 4045 2632 4092 et
2681 4039 2748 4093 ad
2800 4040 3066 4097 unitatem
3107 4054 3308 4101 sancta:
3351 4047 3447 4102 Dei
3489 4048 3747 4105 Ecclesia:

2147 4140 2281 4194 pura
2316 4126 2418 4181 ﬁde
2444 4127 2730 4186 festinate:
2768 4140 2825 4188 et
2848 4136 3225 4193 contentiones
3258 4139 3558 4207 nominum,
3590 4142 3746 4196 novi-

2147 4225 2395 4289 tatcsque
2424 4237 2618 4278 vocum
2645 4224 2893 4290 devitate,
2910 4228 3059 4297 quia,
3082 4227 3239 4298 juxta
3264 4229 3600 4302 Apostolum,
3628 4251 3739 4289 non

2147 4319 2231 4366 est
2272 4312 2557 4370 hznreticus
2598 4316 2702 4371 nisi
2745 4332 2811 4372 ex
2858 4322 3225 4376 contentione.
3258 4322 3366 4378 Vos
3404 4322 3568 4393 igitur
3614 4325 3742 4394 quia

2145 4404 2302 4473 pauci
2343 4406 2495 4473 estis,
2524 4408 2665 4463 unde
2689 4411 2893 4479 putatis
2926 4428 3022 4468 vos
3047 4413 3251 4484 aliquid
3278 4414 3459 4471 verius
3503 4417 3746 4473 invenire

453 4491 612 4549 Pater
637 4504 738 4563 est,
769 4499 892 4568 quia
925 4514 1143 4570 semper
1187 4502 1375 4558 habui;
1399 4503 1614 4559 Filium,
1658 4505 1920 4563 Amemus
1946 4507 2046 4562 pa-
2078 4529 2124 4588 Β
2148 4498 2407 4588 potuisse,
2435 4514 2597 4569 quam
2623 4502 2767 4569 quod
2788 4509 2974 4559 sancta
3002 4505 3320 4562 universalis
3351 4515 3465 4564 toto
3489 4510 3621 4566 orbe
3642 4510 3745 4564 dif.

453 4593 555 4651 ter,
595 4596 834 4645 mternus
877 4589 1064 4659 Filius,
1106 4600 1343 4650 :nternus
1384 4604 1439 4652 et
1477 4596 1948 4667 Spiritussanctus
1974 4616 2040 4656 ex

451 4676 610 4734 Patre
645 4679 891 4752 Filioque
927 4687 1225 4753 procedens
1258 4705 1271 4742 :
1305 4705 1444 4746 unus
1483 4691 1624 4745 Dens
1676 4693 2038 4763 omnipotens,

450 4767 611 4826 Pater
649 4778 703 4827 et
735 4772 905 4829 Filius
938 4783 991 4830 et
1017 4775 1253 4846 Spiritus
1285 4789 1506 4853 sanctus
1543 4783 1742 4852 ubique
1779 4799 2036 4853 pl'iL‘StllS,

450 4860 650 4933 ubique
698 4870 873 4930 totus,
912 4865 1056 4922 Deus
1100 4876 1364 4937 aeternus,
1400 4872 1705 4940 ineﬁahilis,
1736 4874 2040 4945 incompre-

449 4949 748 5009 hensibilis.
774 4955 832 5010 In
861 4971 967 5027 qua
999 4968 1185 5014 saneta
1213 4961 1476 5018 Trinitate
1510 4964 1655 5019 nulla
1697 4974 1779 5020 cst
1808 4982 2038 5036 persona

449 5043 534 5099 vel
565 5051 808 5115 tempore
845 5050 1132 5119 posterior,
1165 5051 1248 5107 vel
1275 5054 1443 5123 gradu
1490 5054 1732 5122 inferior,
1772 5059 1853 5112 vel
1888 5066 2041 5128 pote-

448 5146 587 5195 state
622 5141 801 5213 minor
836 5160 849 5196 :
889 5145 982 5200 sed
1031 5160 1129 5219 per
1161 5148 1344 5202 omnia
1387 5149 1610 5219 aequalis
1662 5150 1815 5207 Patri
1847 5151 2036 5219 Filim,

447 5231 667 5301 aequalis
693 5232 841 5291 Patri
873 5244 929 5290 et
953 5236 1090 5294 Filio
1114 5238 1350 5310 Spiritus
1366 5250 1588 5299 sanctus
1614 5244 1913 5311 divinitate,
1945 5261 2040 5301 vos

446 5319 670 5391 luntate,
708 5328 1023 5396 operatione
1058 5338 1114 5385 et
1166 5331 1356 5403 gloria.
1395 5332 1548 5389 Alius
1575 5335 1949 5392 tauhunmor'm
1983 5336 2037 5391 in

446 5428 674 5483 persona
699 5417 877 5487 Pater,
910 5421 1048 5477 alius
1091 5423 1145 5478 in
1175 5440 1406 5495 persona
1432 5426 1626 5494 Filius,
1663 5428 1802 5484 alius
1831 5428 1887 5484 in
1917 5444 2041 5499 per-

446 5521 577 5565 sona
601 5508 833 5581 Spiritus
862 5520 1103 5570 sanctus.
1152 5515 1268 5572 Non
1301 5518 1466 5585 aliud,
1500 5521 1596 5576 sed
1626 5535 1790 5575 unum
1818 5528 2033 5588 natura,

445 5601 685 5668 potentia
719 5612 774 5659 et
796 5606 1029 5661 essentia
1064 5607 1206 5662 Deus
1229 5608 1407 5677 Pater,
1434 5620 1489 5667 et
1511 5612 1699 5679 Filius,
1728 5619 1783 5668 et
1802 5612 2037 5685 Spiritus

446 5703 685 5750 sanctus.
728 5696 1012 5754 Credimus
1034 5715 1106 5754 ex-
1133 5699 1233 5755 hac
1262 5713 1448 5759 sancta
1475 5705 1738 5763 Tt'initate
1762 5704 1791 5763 Ι
1811 5704 1888 5763 ilii
1917 5713 2035 5759 tan-

805 5790 1083 5853 Parnm"
1136 5792 1414 5855 XCVIII.

2147 4584 2267 4642 fusa
2307 4598 2452 4645 tenet
2478 4591 2756 4648 Ecclesia?
2801 4593 2915 4651 Sub
2952 4597 3189 4667 tegmine
3229 4598 3439 4655 alarum
3472 4600 3616 4657 illius
3656 4617 3742 4657 re-

2144 4681 2425 4749 quiescite,
2459 4700 2527 4739 ne
2565 4700 2660 4740 vos
2684 4688 2840 4742 avida
2869 4687 3067 4745 diaboli
3109 4690 3397 4760 rapacitas,
3426 4691 3472 4747 si
3496 4690 3629 4748 foris
3660 4692 3743 4749 inl-

2144 4777 2343 4842 veniat,
2374 4777 2604 4835 nefando
2628 4790 2847 4857 gutture
2871 4783 3111 4839 devoret.
3142 4768 3335 4841 Redite
3357 4787 3425 4841 ad
3450 4786 3598 4857 pium
3625 4803 3741 4842 ma-

2142 4870 2242 4926 tris
2272 4872 2526 4930 Ecclesia:
2562 4876 2849 4945 gremium.
2902 4877 2996 4934 llla
3044 4895 3142 4935 vos
3186 4880 3367 4936 foveat
3412 4889 3468 4936 et
3509 4882 3737 4948 nutriat,

2141 4963 2314 5022 donec
2346 4968 2648 5025 occurratis
2684 4969 2739 5023 in
2781 4970 2954 5024 virum
2990 4971 3312 5040 perfectum,
3340 4979 3395 5027 et
3425 4972 3479 5027 in
3505 4971 3740 5042 plenitu-

2141 5055 2321 5113 dinem
2365 5062 2610 5131 corporis
2641 5060 2864 5117 Christi.
2909 5061 3173 5118 liabetote
3217 5078 3318 5119 nos
3356 5070 3741 5134 cooperatores

2144 5149 2334 5205 salutis
2368 5160 2582 5218 vestrm,
2623 5153 2906 5210 catholica:
2942 5155 3093 5224 pacis
3130 5155 3479 5212 auxiliatores
3514 5173 3527 5209 :
3557 5162 3612 5211 et
3649 5169 3738 5210 so.

2140 5243 2310 5299 eietas
2342 5252 2529 5303 nostra
2560 5245 2632 5302 sit
2663 5246 2718 5301 iu
2753 5244 2970 5302 Christo
2997 5245 3126 5303 Jesu
3156 5247 3384 5304 Domino
3410 5254 3616 5312 nostro,
3642 5246 3736 5318 qui

2141 5351 2238 5392 vos
2269 5337 2550 5394 nobiscum
2577 5338 2922 5411 incorruptos
2950 5348 3007 5394 et
3046 5339 3424 5407 immaculatos
3457 5338 3563 5395 ﬁde
3588 5339 3737 5410 pari-

2142 5436 2227 5486 ter
2251 5438 2305 5485 ct
2329 5444 2492 5501 opere
2510 5432 2800 5499 custodiat,
2829 5440 2884 5488 et
2908 5432 3206 5488 constituat
3232 5439 3358 5488 ante
3383 5438 3735 5503 conspectum

2142 5519 2328 5592 gloria:
2371 5536 2485 5577 sua:
2534 5522 2992 5579 incontaminatos
3038 5528 3093 5577 et
3115 5519 3632 5593 irreprehensibiles,
3675 5526 3735 5577 et

2140 5621 2417 5685 perpetuae
2452 5614 2798 5673 beatitudinis
2848 5614 3093 5673 haeredes
3142 5614 3346 5687 pariter
3393 5614 3639 5687 perﬁciat
3673 5612 3732 5669 in

2141 5715 2426 5763 aiternum.
2466 5706 2657 5765 Amen.
