4092 6188
346 280 448 337 90.7
510 310 515 313 -

883 389 1213 449 EPISTOLA
1257 391 1363 446 ΥΠ.

698 500 767 541 Δί)
805 499 975 541 οιιτιυι
1017 497 1194 538 REGE!
1235 498 1567 539 HERCIORUI.

953 574 1130 645 (Anno
1158 573 1306 646 795.)

694 664 787 727 (Ex
814 665 984 725 llansi,
1003 664 1327 716 Conciliorum
1352 665 1585 728 Collect.)

413 750 670 815 Carolus,
714 749 884 820 gratia
918 746 1010 802 Dei
1042 761 1133 801 rex
1167 747 1502 802 Francorum
1533 756 1588 803 et
1616 746 1931 819 Langobar-

346 844 538 898 dorum
572 850 627 896 et
668 839 927 911 patricius
972 839 1358 905 Romanorum,
1394 840 1511 896 viro
1545 838 1853 895 venerando
1878 848 1934 896 et

345 934 500 989 fratri
524 932 843 988 charissimo
863 928 995 985 Oﬁ'aa
1026 929 1140 999 regi
1165 929 1486 985 Merciorum
1512 929 1763 986 salutem.

416 1023 598 1080 Primo
622 1021 822 1092 gratias
861 1018 1217 1088 omnipotenti
1257 1019 1367 1075 Deo
1413 1019 1623 1089 agimus
1647 1017 1714 1074 de
1749 1016 1937 1073 catho-

348 1115 466 1169 lica:
492 1111 613 1168 ﬁdei
639 1109 952 1167 sinceritate
980 1122 1141 1176 quam
1172 1108 1227 1163 in
1255 1110 1451 1164 vestris
1477 1108 1818 1164 laudabiliter
1843 1122 1939 1178 pa-

346 1206 487 1275 ginis
519 1205 817 1275 reperimus
849 1213 1148 1259 exaratam.
1192 1203 1267 1258 De
1311 1202 1613 1274 peregrinis
1660 1218 1807 1266 vero,
1842 1201 1935 1272 qui
1976 1212 1977 1215 ‘

345 1312 444 1366 pro
466 1310 650 1351 amore
672 1293 766 1349 Dei
794 1303 849 1348 et
874 1293 1049 1348 salute
1075 1293 1379 1347 animarum
1410 1308 1631 1347 suarum
1652 1292 1936 1347 beatorum

346 1384 711 1456 apostolorum
751 1382 936 1437 limina
960 1382 1270 1438 desiderant
1303 1382 1471 1447 adire,
1496 1398 1619 1439 cum
1657 1398 1793 1453 pace
1822 1383 1940 1438 sine

345 1478 493 1533 omni
542 1475 944 1548 perturbatione
981 1476 1198 1529 vadant.
1246 1474 1353 1531 Sed
1396 1475 1442 1529 si
1484 1474 1647 1544 aliqui
1674 1491 1781 1530 non
1814 1474 1939 1530 reli-

347 1569 494 1639 gioni
545 1567 862 1633 servientes,
914 1567 1007 1622 sed
1049 1567 1261 1624 lucrum
1311 1575 1603 1633 sectantes,
1663 1567 1805 1622 inter
1846 1582 1941 1623 eos

347 1657 714 1721 inveniantur,
737 1655 871 1712 locis
896 1657 1212 1728 Opportun’s
1239 1665 1438 1712 statuta
1470 1658 1682 1714 solvant
1704 1658 1935 1714 telonea.

318 1746 723 1818 Negotiatores
759 1762 972 1817 quoque
998 1748 1247 1802 volumus
1270 1756 1330 1802 ut
1356 1764 1422 1804 ex
1462 1750 1720 1805 mandato
1753 1759 1939 1804 nostro
1972 1736 2017 1796 Β

349 1838 709 1907 νειιιιςτςίηἰιιηι
746 1836 979 1891 habeant
1015 1837 1069 1891 in
1098 1851 1265 1909 regno
1295 1848 1483 1894 nostro
1511 1839 1766 1909 legitime.
1798 1840 1864 1895 Et
1893 1841 1941 1897 si

348 1929 530 2001 aliquo
557 1929 676 1984 loco
706 1928 904 2000 injusta
927 1928 1235 2000 allligantur
1255 1929 1622 2000 oppressione,
1648 1930 1944 1986 reclament

350 2034 409 2072 se
433 2018 500 2072 ad
529 2033 626 2072 nos
672 2017 755 2073 vel
797 2026 1013 2073 nostros
1059 2017 1283 2089 iudices,
1315 2027 1370 2074 et
1390 2017 1603 2090 plenam
1631 2018 1943 2089 jubebimus

344 2110 611 2179 justitiam
643 2110 777 2164 ﬁeri.
803 2110 1106 2182 Cognoscat
1128 2127 1341 2184 quoque
1364 2112 1578 2168 dilectio
1598 2120 1776 2168 vestra
1799 2113 1945 2184 quod

350 2202 585 2273 aliquam
628 2201 1016 2275 benignitatem
1049 2204 1115 2259 de
1154 2204 1456 2260 dalmaticis
1494 2204 1696 2260 nostris
1723 2203 1805 2260 vel
1836 2202 1943 2274 pal-

350 2293 439 2348 liis
487 2294 554 2349 ad
601 2293 840 2365 singulas
882 2293 1039 2351 sedes
1072 2295 1406 2365 episcopales
1456 2295 1604 2367 regni
1652 2295 1816 2350 vestri
1860 2294 1943 2350 vel

350 2384 644 2440 Ethelfredi
671 2385 969 2441 direximus
996 2386 1049 2441 in
1078 2387 1478 2458 eleemosyuam
1518 2387 1699 2443 domui
1728 2395 1944 2456 aposto-

351 2479 442 2532 tici
466 2477 709 2543 Adriani,
738 2476 1091 2547 deprecantes
1116 2489 1167 2532 u'
1196 2492 1296 2548 pro
1317 2493 1382 2532 eo
1408 2477 1663 2532 intercedi
1685 2470 1941 2546 jubeatis,

351 2565 553 2620 nullam
585 2566 846 2621 habentes
875 2566 1266 2621 dubitationem
1296 2567 1503 2621 beatam
1536 2566 1680 2620 illius
1706 2566 1944 2621 animam

352 2660 408 2714 in
435 2658 619 2729 requie
650 2673 789 2724 esse,
826 2658 920 2714 sed
956 2665 1015 2713 ut
1046 2658 1204 2714 ﬁdem
1234 2667 1289 2714 et
1333 2659 1675 2714 dilectionem
1699 2659 1946 2715 ostenda-

352 2765 475 2806 mus
496 2752 550 2805 in
577 2750 809 2805 amicum
834 2760 1074 2807 nostrum
1101 2752 1501 2807 charissimuzn.
1532 2751 1638 2809 Sed
1661 2760 1713 2806 et
1736 2753 1802 2808 de
1829 2753 1946 2807 lbe-

351 2858 518 2898 sauro
548 2844 909 2898 humanarum
942 2860 1142 2911 rerum,
1175 2860 1335 2915 quem
1368 2844 1628 2900 Dominus
1650 2844 1809 2901 Jesus
1848 2862 1946 2901 no-

354 2934 441 2990 bis
469 2936 700 3004 gratuita
728 2935 925 3006 pietate
959 2938 1249 2998 concessit,
1279 2936 1478 3006 aliquid
1508 2952 1607 3007 per
1644 2936 1947 3008 metropoli-

355 3035 514 3080 tanas
548 3025 798 3081 civitates
838 3027 1152 3083 direximus.
1184 3027 1392 3083 Vestm
1425 3042 1641 3099 quoque
1671 3028 1944 3083 dilectioni

1208 277 1268 332 Β.
1307 276 1558 333 (ᾈΒΟΙᾸ
1598 272 1816 329 MAGNl
1855 269 2006 327 ΟΡΡ.
2047 268 2228 325 PARS
2266 271 2328 326 ll.
2374 265 2615 325 SECTEO
2652 268 2691 323 Ι.

3515 262 3617 318 908

1954 385 2003 446 Α
2030 402 2154 441 cum
2192 385 2499 441 dilectionis
2525 397 2747 439 munera
2774 382 2914 453 patri
2942 394 3062 441 meo
3087 379 3401 436 dulcissimo
3417 383 3622 449 piabile-

2033 474 2238 531 cessori
2303 483 2486 531 vestro
2536 472 2770 544 dirigere
2829 484 3168 542 paraveram,
3218 477 3278 524 ut
3343 467 3626 525 charitatis

2033 554 2197 638 quam
2249 565 2305 622 in
2340 580 2405 622 eo
2430 565 2593 620 habui
2622 562 3008 619 muniﬁcentia:
3058 561 3309 633 largitate
3362 569 3625 615 monstra-

2034 672 2149 714 rem
2177 655 2622 728 magnitudinem,
2650 662 2706 708 et
2730 653 3066 710 suavissimre
3106 652 3248 708 inter
3272 667 3371 706 nos
3398 650 3625 707 familia-

2034 748 2214 805 ritatis
2240 749 2472 804 ﬁdelitas
2498 747 2793 803 multorum
2841 745 3218 801 ostenderetur
3254 743 3447 808 oculis,
3500 756 3628 797 ecce

2036 840 2237 907 subito,
2273 839 2417 909 quod
2463 838 2581 893 sine
2623 836 2807 893 dolore
2841 852 2950 891 non
2985 836 3181 900 dicam,
3218 835 3335 908 sine
3375 832 3628 904 lacrymis

2035 946 2146 986 non
2172 930 2350 1000 cogito
2383 943 2497 999 pne
2523 928 2766 993 tristitia,
2798 926 2981 982 obitus
3022 925 3168 981 illius
3201 925 3469 996 legatione
3502 939 3629 978 eon-

2037 1035 2313 1083 sternatus
2335 1040 2476 1091 sum,
2496 1032 2551 1078 et
2572 1024 2659 1078 ubi
2689 1023 2890 1078 lmtitim
2914 1034 3233 1092 paraveram
3262 1018 3513 1089 insignia,
3554 1016 3626 1072 ibi

2037 1130 2127 1171 me
2154 1116 2391 1170 tristitia:
2418 1114 2774 1169 turbaverunt
2811 1111 3080 1182 lugubria.
3111 1108 3226 1164 Etsi
3253 1107 3543 1177 Apostolus
3562 1104 3631 1161 de

2039 1205 2272 1261 mortuis
2306 1203 2620 1260 contristari
2671 1203 2942 1273 prohibet,
2973 1208 3155 1255 tamen
3193 1199 3431 1255 charitas
3458 1198 3630 1269 lacry-

2039 1311 2158 1351 mas
2182 1295 2380 1351 elicere
2405 1309 2513 1349 non
2567 1300 2765 1349 cessat.
2827 1291 2943 1346 Non
2992 1292 3146 1361 quasi
3178 1299 3450 1345 mortuum
3479 1288 3630 1359 plan-

2039 1394 2248 1457 gentes,
2278 1383 2372 1441 sed
2391 1383 2543 1455 quasi
2596 1382 2790 1438 melius
2826 1398 2950 1437 cum
2986 1381 3203 1437 Christo
3230 1381 3498 1435 viventem
3546 1393 3630 1433 re-

2040 1476 2347 1541 cordantes,
2376 1476 2421 1530 si
2447 1489 2547 1529 nos
2572 1472 2837 1543 corporali
2878 1472 3164 1542 prmsentia
3210 1470 3478 1535 amisisse,
3523 1485 3629 1523 non

2041 1573 2223 1620 tamen
2258 1563 2486 1635 spiritali
2512 1560 2768 1633 sull’ragio
2795 1562 2946 1616 illum
2982 1576 3082 1615 nos
3122 1560 3373 1614 amittere
3399 1558 3630 1612 arbitra-

2041 1676 2182 1715 mur.
2222 1658 2327 1714 Sed
2364 1671 2619 1730 magnum
2659 1656 2841 1712 divina
2892 1654 3048 1710 nobis
3092 1651 3417 1724 praevidebat
3459 1650 3630 1723 gratia

2042 1751 2317 1818 solatium,
2353 1752 2480 1807 dum
2528 1765 2646 1817 vos,
2675 1749 2760 1804 vir
2784 1747 3110 1813 venerande,
3157 1746 3211 1799 in
3265 1744 3443 1799 locum
3491 1742 3633 1797 illius

2042 1844 2377 1915 subrogavit,
2426 1850 2486 1898 ut
2512 1850 2656 1898 esset
2685 1843 2779 1911 qui
2808 1841 3048 1911 quotidie
3085 1838 3227 1910 apud
3267 1837 3484 1893 beatum
3537 1832 3633 1891 Pe-

2042 1946 2187 1992 trum
2211 1936 2511 2007 principem
2537 1933 2903 2006 apostolorum
2926 1947 3027 2002 pro
3050 1932 3218 1986 totius
3245 1927 3500 1985 Ecclesize
3524 1934 3635 1982 sta-

2041 2028 2272 2095 bilitate,
2300 2036 2357 2082 et
2381 2028 2472 2098 qui
2498 2042 2597 2097 pro
2625 2026 2798 2081 salute
2829 2040 2949 2080 mea
2978 2034 3328 2092 meorumque
3373 2019 3630 2085 ﬁdelium,

2044 2120 2153 2176 imo
2178 2127 2232 2173 et
2269 2133 2369 2188 pro
2394 2118 2561 2173 totius
2596 2116 2891 2172 stabilitate
2940 2114 3090 2186 regni
3119 2112 3274 2168 nobis
3312 2127 3341 2167 a
3373 2112 3486 2166 Deo
3522 2108 3633 2164 dati

2045 2215 2423 2280 intercederet,
2465 2219 2520 2267 et
2564 2220 2789 2283 paterna
2836 2210 3037 2282 pietate
3077 2223 3177 2263 nos
3220 2207 3277 2262 in
3317 2204 3487 2260 ﬁlium
3530 2202 3633 2261 sibi

2044 2310 2364 2380 adoptaret.
2408 2306 2491 2363 Ad
2536 2303 2844 2361 dilectionis
2892 2301 3174 2373 paciﬁcam
3222 2298 3635 2355 unanimitatem

2047 2401 2423 2473 Angilbertum
2480 2397 2786 2452 manualem
2864 2392 3247 2449 familiaritatis
3301 2398 3497 2446 vestrae
3556 2388 3638 2443 (li-

2046 2493 2286 2548 reximus
2311 2488 2607 2554 sanctitati,
2642 2499 2801 2559 quem
2829 2486 3000 2556 prius,
3017 2485 3159 2541 sicut
3183 2482 3529 2555 promisimus
3543 2494 3639 2551 per

2045 2580 2329 2653 religiosos
2352 2580 2497 2635 viros
2518 2574 2833 2646 Campolnm
2855 2584 2910 2630 et
2924 2575 3293 2640 Anastasium,
3322 2571 3639 2630 beatissimo

2044 2672 2184 2742 patri
2211 2679 2399 2725 nostro
2422 2667 2806 2740 prtedecessori
2836 2675 3018 2722 vestro
3041 2665 3273 2738 dirigere
3295 2663 3636 2728 curavimus;

2047 2762 2175 2829 sed,
2209 2768 2271 2816 ut
2308 2760 2518 2830 praefati
2562 2774 2781 2825 sumus,
2838 2758 2968 2814 dum
2999 2759 3190 2814 exenia
3230 2756 3413 2812 omnia
3449 2762 3638 2825 parata

2045 2861 2223 2918 erant,
2252 2851 2465 2923 lugubri
2491 2860 2731 2922 patemte
2760 2856 2953 2907 mortis
2986 2852 3176 2906 nuntio
3202 2856 3426 2920 repente
3461 2847 3640 2902 tarda-

2050 2955 2163 3001 tum
2191 2952 2273 3001 est
2300 2945 2403 3000 iter
2437 2944 2602 3000 illius.
2634 2943 2740 3000 Sed
2768 2944 2927 3000 modo
2952 2943 3187 2999 laetiores
3208 2942 3275 2999 de
3299 2949 3495 2997 vestrae
3516 2954 3640 2996 san-

2047 3038 2257 3097 ctitatis
2278 3036 2624 3094 successione
2655 3034 2804 3103 facti,
2830 3036 2973 3107 quod
3002 3034 3429 3092 desideravimus
3457 3036 3511 3089 in
3550 3033 3642 3088 illo

356 3131 524 3170 nnutn
563 3116 800 3170 balteum
844 3126 901 3172 et
939 3133 1103 3172 unum
1146 3117 1382 3187 gladium
1431 3088 1727 3173 liuniscum
1761 3126 1816 3174 et
1840 3118 1946 3175 duo
1968 3088 2022 3156 α
3456 3126 3643 3195 Illique

358 3206 517 3275 pallia
539 3222 713 3263 serica
738 3208 991 3263 duximus
1014 3208 1353 3263 destinanda.
1385 3208 1536 3264 Vale.

908 3324 1241 3382 EPISTOLA
1281 3326 1414 3381 Vill.

831 3435 898 3474 AD
936 3436 1145 3474 LEOXEH
1188 3436 1247 3474 Ill
1291 3435 1488 3483 ΡΑΡΑΙ,

467 3510 634 3569 Missa
656 3529 750 3583 per
776 3514 1133 3586 Augilbertum
1169 3515 1408 3569 abbatem
1454 3514 1835 3570 Centulcmcm.

969 3604 1148 3678 (Anno
1187 3605 1334 3678 796.)

799 3694 890 3756 (Ex
930 3695 1104 3757 Ilansi,
1127 3696 1269 3746 Cone.
1297 3697 1527 3760 Collec'.)

430 3777 675 3843 Carolus,
701 3779 877 3848 gratia
901 3778 996 3833 Dei
1051 3794 1143 3834 rex
1193 3780 1524 3837 Francorum
1561 3791 1615 3837 et
1641 3783 1952 3855 Langobar-

360 3873 550 3927 dorum
578 3884 642 3924 ae
676 3869 936 3939 patricius
962 3870 1349 3939 Romanorum,
1381 3873 1544 3928 Leoni
1578 3889 1729 3944 papa:
1763 3889 1953 3946 perpe-

361 3970 471 4015 tua:
497 3958 845 4014 beatitudinis
868 3960 920 4013 in
948 3959 1167 4014 Christo
1202 3961 1452 4016 salutem.

434 4049 692 4105 Pcriectis
739 4050 1072 4105 excellentia:
1100 4061 1291 4106 vestrae
1341 4053 1537 4107 litteris
1571 4063 1625 4108 et
1656 4057 1840 4112 audita
1861 4056 1957 4111 de-

361 4142 549 4198 crctali
576 4141 841 4207 chartula,
865 4142 1037 4205 valde,
1069 4149 1126 4197 ut
1165 4142 1355 4208 fateor,
1394 4146 1563 4216 gavisi
1591 4163 1798 4213 smnus,
1858 4163 1953 4203 seu

360 4237 417 4287 in
459 4232 740 4288 electionis
792 4235 1166 4298 unanimitate,
1207 4248 1301 4289 seu
1333 4237 1385 4289 in
1414 4237 1736 4293 humilitatis
1761 4247 1955 4295 vestra:

361 4326 687 4392 obedientia,
723 4333 779 4380 et
825 4326 878 4380 in
905 4327 1280 4395 promissionis
1328 4328 1395 4382 ad
1433 4344 1533 4384 nos
1589 4330 1865 4385 lidditate.
1893 4331 1952 4386 ln

363 4419 561 4489 quibus
587 4419 839 4474 omnibus
859 4433 925 4473 ex
966 4420 1159 4474 intinto
1184 4420 1363 4474 cordis
1388 4420 1582 4476 all'cctu
1618 4422 1815 4479 divinte
1836 4425 1952 4495 pie-
1986 4435 2032 4495 ι)

366 4510 462 4564 tati
489 4510 701 4580 agimus
726 4511 948 4578 gratias,
995 4511 1119 4579 quia
1165 4511 1319 4565 nobis
1339 4521 1461 4581 post
1489 4513 1553 4566 Ia:
1573 4515 1833 4583 rymabile
1853 4516 1951 4572 do-

368 4600 500 4654 loris
532 4597 727 4653 vulnus
752 4599 895 4667 quad
924 4600 1118 4654 animm
1166 4609 1364 4656 nostra:
1412 4603 1747 4660 dilectissimi
1784 4609 1954 4677 patris

367 4699 421 4743 et
458 4687 756 4744 ﬁdelissimi
782 4690 942 4745 amici
970 4690 1150 4746 obitus
1176 4691 1390 4760 inflixit,
1430 4694 1535 4747 tale
1558 4695 1612 4749 in
1641 4698 1793 4753 vobis
1826 4699 1954 4753 soli-

370 4791 424 4836 ta
446 4797 558 4837 suze
582 4781 881 4837 clementia:
900 4781 1242 4851 providentia
1268 4785 1516 4840 solatitun
1543 4788 1841 4855 perdonare
1874 4790 1955 4846 di-

369 4884 568 4944 gnatus
591 4882 694 4929 est.
725 4872 878 4932 Unde
901 4884 955 4928 et
982 4884 1176 4929 vestrze
1224 4878 1517 4943 sanctitati,
1559 4879 1713 4948 quasi
1753 4882 1955 4937 vicario

371 4967 571 5021 i;etiti;e
611 4979 853 5033 munere,
902 4981 1001 5036 per
1025 4965 1266 5036 ejusdem
1317 4969 1411 5025 Dei
1438 4979 1493 5024 et
1522 4971 1731 5029 Domini
1782 4974 1952 5028 nostri

371 5056 497 5114 Iesu
524 5056 723 5113 Christi
763 5056 1209 5125 misericordiam,
1255 5061 1346 5129 qui
1374 5071 1576 5118 saneta:
1629 5080 1743 5119 sua:
1771 5065 1958 5121 Eccle-

373 5151 468 5207 si:e
493 5151 548 5206 in
574 5158 770 5205 vestra:
803 5150 1151 5207 beatitudinis
1181 5152 1509 5209 exsultatione
1532 5156 1823 5222 consuluit,
1859 5174 1958 5213 no-

368 5252 539 5299 stram
565 5242 916 5312 omniumque
960 5241 1196 5297 ﬁdelium
1231 5254 1540 5301 nostrorum
1567 5247 1959 5307 demandamus

371 5336 806 5404 prosperitatem,
837 5348 1048 5391 necnon
1075 5345 1130 5391 et
1161 5337 1442 5407 paciﬁcam
1470 5341 1524 5395 in
1560 5341 1655 5395 Dei
1682 5341 1958 5400 voluntate

373 5426 540 5482 totius
583 5426 734 5498 regni
781 5430 954 5485 nostri
999 5429 1388 5485 innotescimns
1431 5433 1860 5502 unanimitatem,
1900 5446 1959 5491 ut

375 5529 526 5586 aeque
551 5517 606 5571 in
631 5525 831 5574 nostra:
859 5519 1160 5576 devotionis
1183 5523 1463 5591 gaudeatis
1495 5525 1637 5581 sicut
1662 5534 1718 5582 et
1757 5542 1858 5581 nos
1905 5528 1959 5582 in

377 5614 569 5661 vestae
602 5610 909 5665 sanctitatis
946 5610 1193 5667 itetamur
1226 5615 1588 5673 successibus.
1627 5616 1734 5674 Sed
1774 5628 1830 5673 et
1857 5619 1959 5675 hoc

375 5706 568 5755 vestrm
593 5700 948 5760 sanctissimae
972 5705 1359 5765 benevolentiae
1384 5709 1789 5776 innotescimus,
1813 5714 1960 5785 quod

2047 3223 2230 3280 (mnia
2258 3221 2593 3292 iniunximus
2618 3236 2739 3291 quae
2772 3221 2854 3274 vel
2870 3220 3027 3276 nobis
3051 3219 3355 3276 voluntaria
3379 3218 3464 3274 vel
3489 3219 3642 3273 vobis

2050 3315 2355 3371 necessaria
2404 3326 2528 3369 esse
2566 3313 2905 3380 videbantur,
2965 3320 3027 3367 ut
3049 3325 3115 3367 ex
3142 3313 3431 3368 collatione
3455 3318 3639 3365 mutua

2051 3408 2345 3466 conferatis
2393 3409 2476 3463 vel
2509 3407 2767 3479 quidquid
2795 3407 2865 3461 ad
2901 3405 3287 3460 exaltationem
3318 3411 3520 3460 sanctae
3545 3402 3641 3458 Dei

2053 3500 2329 3567 Ecclesiae,
2356 3498 2441 3553 vel
2471 3499 2539 3553 ad
2561 3499 2913 3554 stabilitatem
2929 3497 3151 3552 honoris
3167 3497 3355 3561 vestri,
3378 3496 3460 3548 vel
3476 3495 3642 3566 patri-

2050 3592 2227 3648 cintus
2260 3592 2431 3647 nostri
2481 3589 2789 3644 ﬁrmitatem
2840 3588 3204 3643 necessarium
3247 3585 3638 3657 intelligeretis.

2055 3683 2210 3739 Sicut
2254 3683 2400 3737 enim
2451 3696 2574 3736 cum
2624 3680 2939 3735 beatissimo
3004 3677 3401 3749 prmdecessore
3450 3686 3641 3733 vestra:

2053 3781 2255 3829 sancta:
2279 3770 2621 3841 paternitatis
2655 3779 2873 3839 pactum
2897 3768 3013 3832 inii,
3045 3768 3124 3822 sic
3154 3783 3277 3823 cum
3313 3767 3644 3823 beatitudine

2054 3869 2233 3917 vestra
2271 3859 2513 3928 ejusdem
2552 3859 2673 3915 ﬁdei
2712 3867 2765 3913 et
2804 3857 3088 3912 charitatis
3122 3857 3430 3912 inviolabile
3469 3857 3644 3911 foedus

2054 3963 2295 4010 statuere
2342 3954 2620 4019 desidero;
2671 3961 2939 4023 quatenus
3000 3950 3307 4020 apostolica:
3368 3951 3643 4005 sanctitati

2055 4054 2270 4111 vestrm,
2315 4046 2495 4101 divina
2538 4045 2773 4101 donante
2810 4046 2982 4115 gratia
3029 4051 3340 4098 sanctorum
3380 4042 3641 4097 advocata

2053 4140 2306 4209 precibus
2330 4152 2416 4193 me
2440 4138 2640 4207 ubique
2667 4137 2962 4207 apostolica
3001 4135 3307 4192 benedictio
3348 4150 3643 4205 consequa-

2056 4237 2177 4295 tur,
2220 4236 2277 4282 et
2331 4227 2673 4283 sanctiSsima
2718 4227 2976 4281 Romana:
3009 4225 3264 4281 Ecclesim
3302 4225 3492 4291 sedes,
3534 4226 3643 4280 Deo

2054 4321 2319 4386 donante,
2356 4328 2538 4375 nostra
2583 4334 2799 4389 semper
2833 4319 3118 4373 devotione
3160 4316 3495 4374 defendatur.
3538 4316 3643 4373 No-

2055 4417 2231 4466 strum
2261 4419 2363 4476 est,
2391 4410 2684 4466 secundum
2719 4410 2977 4465 auxilium
3016 4409 3211 4465 divina:
3252 4411 3491 4480 pietatis,
3519 4424 3645 4465 san-

2055 4510 2197 4557 ctam
2236 4502 2436 4571 ubique
2481 4499 2684 4555 Christi
2710 4500 3007 4554 Ecciesiam
3053 4501 3122 4556 ab
3146 4501 3364 4556 incursu
3404 4514 3641 4570 pagano-

2058 4610 2176 4648 rum
2202 4602 2256 4647 et
2291 4593 2361 4647 ab
2397 4591 2692 4646 inﬁdelium
2733 4589 3106 4646 devaStatione
3131 4592 3299 4646 armis
3334 4588 3635 4654 defendere,

2056 4682 2191 4740 foris
2227 4692 2283 4737 et
2317 4683 2467 4739 intus
2501 4681 2781 4738 catholica:
2812 4680 2935 4736 ﬁdei
2970 4681 3248 4751 agnitione
3284 4682 3517 4736 munire.
3543 4679 3639 4736 Vc-

2056 4794 2231 4842 strum
2255 4794 2358 4851 est,
2393 4784 2735 4840 sanctissime
2765 4782 2945 4850 Pater,
2963 4784 3187 4840 elevatis
3221 4784 3288 4839 ad
3319 4784 3487 4838 Deum
3519 4799 3643 4838 cum

2059 4876 2243 4948 Moyse
2283 4878 2551 4941 manibus,
2594 4885 2835 4932 nostram
2874 4876 3131 4947 adjuvare
3150 4875 3419 4943 militiam,
3457 4882 3644 4945 quate-

2058 4984 2161 5025 nus
2200 4969 2353 5025 vobis
2394 4969 2879 5035 intercedentibus,
2925 4970 3035 5024 Deo
3080 4968 3306 5024 ductore
3339 4978 3395 5023 et
3434 4968 3641 5059 datorc’,

2057 5059 2286 5131 populus
2310 5060 2649 5116 Christianus
2676 5075 2837 5129 super
2859 5060 3108 5115 inimicos
3144 5063 3227 5114 sui
3264 5059 3436 5116 sancti
3473 5059 3646 5115 nomi-

2059 5155 2145 5209 nis
2178 5152 2377 5222 ubiquc
2402 5165 2615 5221 semper
2654 5152 2853 5206 habeat
2876 5152 3183 5218 victoriam,
3215 5160 3271 5205 et
3309 5165 3503 5206 nomen
3542 5150 3645 5203 Do—

2059 5248 2192 5304 mini
2232 5247 2404 5304 nostri
2453 5245 2581 5302 Jesu
2632 5247 2833 5303 Christi
2854 5256 2969 5303 toto
3005 5248 3334 5303 clariﬁcetur
3382 5248 3438 5302 in
3492 5246 3642 5302 orbe.

2061 5340 2268 5397 Vestra:
2304 5353 2439 5397 vero
2474 5339 2816 5395 auctoritatis
2849 5339 3134 5409 prudentia
3169 5355 3406 5395 canones
3446 5340 3645 5408 ubique

2059 5440 2338 5504 sequatur,
2371 5440 2638 5503 quatenus
2663 5432 2827 5486 totius
2861 5432 3167 5488 sanctitatis
3201 5431 3446 5501 exempla
3471 5431 3646 5486 omni-

2061 5525 2163 5581 bus
2198 5524 2478 5580 evidenter
2505 5527 2558 5581 in
2608 5534 2787 5580 vestra
2833 5524 3070 5595 fulgeant
3108 5524 3551 5588 conversatione,
3589 5532 3646 5578 et

2062 5625 2266 5674 sancta:
2311 5618 2696 5674 admonitionis
2740 5619 3048 5674 exhortatio
3108 5617 3362 5685 audiatur
3397 5616 3467 5671 ab
3513 5627 3639 5678 ore;

2062 5720 2330 5784 quatenus
2355 5712 2435 5768 sic
2464 5712 2637 5767 luceat
2677 5711 2769 5768 lux
2799 5720 2976 5768 vestra
3013 5725 3196 5769 coram
3245 5708 3555 5766 hominibus
3580 5715 3642 5762 ut
