4092 6188
464 328 573 387 909

1904 312 2289 380 ειηετοιιε.

3623 309 3726 370 9η

461 445 680 500 videant
707 452 868 514 opera
896 449 1075 499 veStra
1106 440 1269 512 bona,
1295 450 1350 498 et
1373 441 1673 515 gloriﬁcent
1701 440 1915 496 Patrem
1941 450 2035 493 ve-
2059 439 2110 498 Α
2136 446 2274 504 quos
2294 431 2368 489 ibi
2394 429 2641 498 mittetis,
2661 444 2729 487 ne
2750 427 3040 500 aliquando
3061 427 3439 484 mandatorum
3462 426 3561 484 Dei
3583 428 3730 484 viam

460 543 655 599 atrum,
682 534 774 603 qui
806 532 863 587 in
887 534 1040 589 cmlis
1062 541 1166 590 est.
1186 533 1537 605 Omnipotens
1559 534 1921 589 Deusvestra:
1946 545 2046 586 au-

459 625 729 681 ctoritatis
755 622 1141 680 beatitudinem
1167 629 1235 682 ad
1257 633 1459 681 sanctae
1480 640 1592 681 suae
1613 623 1867 681 Ecclesia:
1891 622 2043 677 exal~

461 715 721 770 tationem
753 730 851 785 per
883 710 1049 771 multa
1091 701 1367 772 annorum.
1406 715 1673 773 curricula
1708 714 2036 771 incolumem

458 817 782 863 conservare
812 806 1080 877 dignetur.

1004 890 1339 956 EPISTOLA
1388 890 1481 953 IX.

867 1004 934 1046 AD
972 1006 1344 1048 ANCILBERTUI
1384 1005 1646 1047 ΑΒΒΔΤΕΙι

460 1081 922 1154 Commonitorium
970 1081 1271 1154 Angilberto
1296 1125 1310 1147 ,
1369 1083 1459 1154 qui
1510 1099 1627 1154 cum
1683 1081 2038 1152 superioribus

762 1153 951 1208 litteris
984 1152 1720 1223 ad'pontiﬁcem'utittebatur.

1073 1243 1252 1313 (Anno
1292 1242 1440 1315 796.)

891 1333 985 1396 (Ex
1016 1334 1191 1395 “ausi,
1213 1334 1360 1385 Cone.
1384 1333 1612 1395 thllect.)

527 1419 776 1486 Carolus,
818 1418 993 1488 gratia
1036 1417 1153 1486 Dei,
1191 1433 1286 1474 rex
1328 1426 1384 1472 et
1416 1416 1669 1474 defensor
1699 1426 1904 1473 sanctae
1938 1418 2039 1475 Eos

458 1513 657 1578 clesite,
681 1512 916 1568 Homero
940 1511 1265 1568 auriculario
1291 1510 1522 1566 salutem
1543 1523 1593 1564 ι.

528 1610 719 1666 Divina
745 1615 966 1678 regente
989 1606 1380 1671 misericordia,
1404 1606 1601 1662 iterum
1626 1613 1681 1662 et
1703 1620 1962 1677 prospere
1986 1612 2040 1661 te

459 1702 761 1760 addueente
779 1700 848 1756 ad
869 1702 1126 1757 damnum
1154 1698 1507 1770 apostolicum
1532 1710 1726 1768 papam
1766 1705 2034 1762 nostrum,

459 1795 751 1850 admoneas
794 1807 919 1849 eum
964 1792 1249 1862 diligenter
1285 1790 1352 1846 de
1386 1789 1533 1844 omni
1580 1789 1863 1844 honestate
1915 1788 2039 1843 vitze
2070 1779 2119 1842 Β

458 1900 588 1950 θυῖε,
629 1891 685 1940 et
718 1884 990 1954 prmeipue
1020 1883 1088 1938 de
1123 1888 1434 1938 sanctorum
1470 1880 1846 1936 observatione
1875 1895 2043 1935 cano-

459 1995 609 2046 num,
650 1982 717 2038 de
749 1982 837 2051 pia
873 1987 1075 2036 sancta:
1116 1979 1212 2034 Dei
1235 1978 1489 2034 Ecclesia:
1514 1978 1922 2048 gubernatione,
1960 1990 2021 2030 se

457 2073 694 2130 cundum
719 2072 1177 2142 opportunitatem
1204 2071 1510 2127 collationis
1540 2071 1684 2126 inter
1704 2085 1821 2136 vos,
1849 2077 1904 2125 et
1933 2067 2046 2124 ani.

458 2167 533 2221 mi
560 2165 704 2220 illius
737 2164 1193 2220 convenientiam.
1223 2164 1546 2234 lngerasque
1565 2163 1615 2219 ei
1637 2161 1854 2232 saepius,
1882 2175 2045 2231 quam

456 2273 753 2330 paucorum
782 2257 959 2314 honor
984 2257 1094 2321 ille,
1124 2271 1285 2328 quem
1308 2254 1723 2326 praesentialiter
1739 2254 1922 2317 habet,
1953 2267 2045 2307 an-

458 2357 685 2411 norum,
724 2360 885 2416 quam
938 2345 1228 2402 multorum
1264 2353 1350 2401 est
1397 2343 1781 2415 perpetualiter
1814 2357 2042 2407 merces,

457 2454 580 2509 quae
628 2439 787 2494 datur
833 2438 972 2493 bene
1022 2437 1287 2493 laboranti
1331 2437 1384 2492 in
1422 2451 1508 2492 eo.
1533 2435 1600 2490 Et
1637 2435 1705 2491 de
1745 2434 2041 2489 simoniaca

457 2528 816 2583 subvertenda
848 2527 1043 2582 literesi
1078 2526 1489 2597 diligentissime
1529 2525 1759 2581 suadeas
1800 2522 1895 2588 illi,
1925 2537 2046 2593 quae

457 2627 703 2676 sanctum
727 2618 981 2675 Ecclesiae
1010 2632 1208 2690 corpus
1238 2619 1425 2674 multis
1453 2618 1596 2674 male
1624 2616 1861 2674 maculat
1888 2617 1943 2673 in
1964 2618 2067 2675 lo-.

457 2713 558 2769 cis.
584 2713 652 2767 Et
668 2713 928 2783 quidquid
951 2720 1135 2768 mente
1161 2721 1314 2768 tenw
1338 2711 1534 2782 saepius
1556 2710 1791 2788 querelis
1808 2709 2048 2779 agitasse

457 2803 603 2861 inter
631 2819 751 2860 nos.
778 2803 885 2860 Sed
909 2804 1084 2875 qualis
1117 2804 1250 2859 mihi
1289 2810 1432 2860 esset
1475 2802 1693 2859 collatio
1723 2814 1847 2858 eum
1885 2803 2066 2860 beato.

456 2892 696 2951 Adriano
732 2909 868 2967 papa
904 2895 1303 2965 praedecessore
1346 2894 1522 2959 illius,
1570 2893 1638 2950 de
1683 2891 2047 2950 construendo

456 2989 789 3045 monasterio
811 2989 879 3045 ad
917 2996 1163 3044 sanctum
1198 2987 1444 3054 Paulum,
1471 2987 1780 3044 nullatenus
1803 2985 2046 3040 dimittas

2145 528 2319 596 obliti,
2348 528 2546 598 saepius
2560 528 2615 582 in
2641 524 3009 581 Flavimacum
3034 530 3376 580 revertantur
3399 523 3732 589 etembium,

2143 620 2327 689 ibique
2350 617 2527 675 officia
2548 633 2645 674 sua
2670 616 3011 680 confirment,
3038 622 3092 671 et
3129 614 3396 671 meliorati
3424 612 3579 683 jussu
3614 622 3730 682 tuo,

2142 719 2199 767 et
2234 710 2623 765 monachorum
2659 715 2872 762 tuorum
2911 712 3276 763 revertantur.
3324 704 3558 762 Censura
3603 720 3734 761 vero

2143 815 2520 872 quemcunque
2544 798 2799 855 statuerit:
2824 797 2906 854 eis
2937 796 3086 853 omni
3120 805 3366 869 tempore
3392 797 3622 853 solvant.
3650 796 3736 852 Ab

2147 893 2250 949 alio
2275 908 2405 948 vero
2424 907 2591 948 censu
2616 898 2710 947 tuo
2734 904 2921 946 amore
2954 890 3158 946 liberos
3185 891 3372 957 reddo,
3410 891 3492 946 uti
3526 888 3735 947 reddidi

2142 983 2533 1039 Flaviniacum.
2576 981 2729 1037 Mitto
2763 989 2946 1037 autem
2980 981 3135 1037 vobis
3163 996 3383 1051 capsum
3417 990 3734 1053 argenteam

2142 1073 2374 1144 sepulcri
2402 1071 2719 1140 Salvatoris,
2752 1082 2807 1127 et
2842 1070 2901 1126 S.
2925 1069 3109 1127 Jacobi
3138 1072 3387 1141 apostoli,
3417 1070 3603 1126 fratris
3626 1071 3739 1127 Do.

2143 1164 2295 1229 mini,
2332 1164 2590 1234 reliquias
2621 1164 2989 1219 continentem
3014 1179 3027 1216 :
3056 1177 3221 1218 orans
3248 1170 3303 1218 et
3328 1162 3638 1233 supplicans
3677 1174 3738 1218 ut

2077 1261 2083 1267 '
2147 1255 2251 1311 mei
2298 1270 2570 1310 memores
2610 1269 2709 1325 pro
2749 1268 2836 1308 me
2875 1259 2929 1307 et
2957 1251 3084 1308 ﬁliis
3108 1252 3310 1308 nostris
3343 1252 3557 1313 assidue
3589 1253 3736 1323 apud

2143 1345 2432 1401 Dominum
2457 1345 2848 1402 interveniatis.
2879 1342 3068 1398 Saluto
3089 1349 3162 1409 te,
3190 1351 3245 1398 et
3266 1359 3483 1400 omnem
3507 1359 3737 1415 congre-

2140 1437 2412 1509 gationem
2435 1444 2694 1492 nostram.
2723 1433 2835 1505 Ego
2869 1434 3020 1489 [lado
3045 1434 3262 1504 scripsi,
3293 1434 3491 1490 dictavi
3528 1450 3672 1491 anno
3698 1435 3735 1492 8

2142 1528 2346 1585 domini
2372 1527 2543 1584 nostri
2569 1526 2813 1598 praedicti
2838 1527 2984 1598 regis
3004 1525 3204 1594 Caroli,
3225 1535 3484 1598 regnante
3505 1528 3737 1586 Domino

2144 1629 2331 1677 nostro
2359 1628 2491 1676 Iesu
2517 1619 2739 1675 Christo
2764 1618 2822 1674 in
2849 1627 3136 1678 aeternum.

2719 1730 3054 1789 EPlSTOLA
3082 1732 3167 1787 XI.

2538 1837 2803 1901 gmentunt
2829 1827 3065 1901 epistolqe
3087 1829 3158 1901 od
3180 1831 3467 1901 episcopos.

2754 1898 2934 1970 (Anno
2975 1899 3127 1971 799.)

2563 1987 2658 2051 (Ex
2688 1987 2871 2050 liansi,
2897 1988 3081 2040 Coneil.
3107 1989 3341 2053 Collect.)

2218 2070 2286 2127 Et
2310 2071 2415 2131 hoc
2438 2073 2714 2127 vobiscum
2739 2088 2937 2145 magno
2962 2073 3142 2131 studio
3165 2076 3609 2144 pertractandum
3631 2086 3734 2144 est,

2146 2162 2278 2233 quid
2298 2163 2366 2219 de
2400 2162 2508 2218 illis
2530 2164 2861 2235 presbyteris
2898 2166 3041 2221 unde
3063 2166 3381 2237 approbatio
3408 2182 3517 2223 non
3551 2178 3653 2237 est,
3681 2178 3737 2227 ct

2146 2270 2361 2326 semper
2384 2263 2601 2326 negant,
2631 2254 2934 2312 faciendum
2963 2256 3054 2312 sit.
3095 2257 3230 2313 Nam
3254 2258 3358 2316 hoc
3384 2260 3680 2331 saepissime
3704 2279 3737 2317 a

2148 2348 2304 2403 nobis
2339 2354 2393 2403 et
2427 2347 2865 2418 progenitoribus
2889 2355 3052 2417 atque
3072 2350 3506 2407 antecessoribus
3533 2351 3739 2408 nostris

2147 2438 2465 2496 ventilatum
2499 2446 2601 2502 est,
2629 2438 2724 2494 sed
2760 2454 2869 2493 non
2911 2438 2980 2493 ad
3007 2438 3269 2509 liquidum
3313 2440 3576 2496 hactenus
3612 2440 3735 2496 deii-

2146 2531 2342 2587 nitum.
2374 2531 2528 2589 Unde
2548 2532 2618 2587 ad
2639 2530 3026 2588 consulendum
3052 2538 3265 2602 patrem
3305 2540 3550 2589 nostrum
3595 2533 3735 2589 Leo-

2146 2638 2270 2679 nem
2292 2637 2485 2693 papam
2511 2623 2819 2679 sacerdotes
2836 2630 3051 2678 nostros
3075 2623 3360 2679 mittimus.
3383 2623 3452 2678 Et
3475 2623 3737 2694 quidquid

2146 2716 2217 2772 ab
2240 2730 2307 2772 eo
2351 2716 2436 2771 vel
2462 2730 2495 2770 a
2521 2715 2634 2771 suis
2664 2715 3089 2785 perceperimus,
3124 2715 3295 2781 vobis,
3348 2731 3455 2771 una
3480 2732 3605 2772 cum
3628 2711 3738 2772 illis

2146 2821 2284 2876 quos
2316 2806 2601 2871 mittimus,
2630 2805 2942 2862 renuntiare
2968 2820 3075 2861 non
3103 2805 3455 2863 tardabimus.
3506 2807 3616 2862 Vos
3655 2807 3734 2862 in-

2147 2897 2361 2954 terdum
2388 2897 2888 2970 vicissimtraetate
2910 2898 3175 2954 attentius
3202 2898 3332 2969 quid
3357 2914 3424 2954 ex
3451 2899 3537 2954 bis
3557 2900 3729 2957 vobis-

2146 3002 2271 3044 cum
2292 2987 2688 3044 constituamus
2732 3002 2838 3041 una
2883 3002 3008 3043 cum
3054 2987 3297 3059 praedicti
3346 2990 3522 3044 salicti
3567 2990 3742 3060 patris

2422 1825 2536 1880 Frn

456 3092 746 3148 suggerere
766 3077 865 3143 illi,
892 3085 974 3144 ut,
989 3078 1205 3136 volente
1226 3079 1357 3145 Deo,
1383 3084 1662 3134 revertens
1685 3084 1894 3133 certum
1908 3074 2041 3131 mihi
2065 3125 2114 3153 η
2146 3082 2597 3146 institutionibus,
2625 3090 2685 3137 ut
2706 3097 2956 3137 murmur
2978 3074 3157 3138 cesset
3180 3082 3386 3153 populi,
3423 3091 3479 3138 et
3525 3098 3625 3138 nos
3648 3084 3737 3139 his

2063 3125 2114 3192 C

456 3185 773 3240 responsum
806 3171 1008 3226 habeas
1046 3169 1269 3226 referre.
1310 3169 1571 3226 Dominus
1599 3168 1742 3223 Deus
1776 3169 1938 3224 ducat
1964 3173 2037 3232 te,
2064 3168 2114 3192 ν
2142 3173 2557 3237 satisfacientes,
2585 3173 2758 3239 illaesi,
2788 3172 3016 3230 Domino
3041 3172 3359 3237 auxiliante,
3390 3174 3459 3229 ab
3490 3175 3737 3245 utrisque

456 3267 513 3314 et
542 3258 741 3330 dirigat
774 3259 829 3314 in
856 3259 1006 3315 omni
1043 3259 1285 3315 bonitate
1313 3274 1409 3315 cor
1444 3259 1609 3323 illius,
1638 3266 1699 3314 ut
1730 3255 1936 3313 faciens
1959 3255 2041 3311 fa—

457 3349 569 3405 ciat
584 3349 728 3418 quod
753 3356 959 3404 saneea
983 3364 1097 3405 sua:
1119 3349 1370 3419 proﬁciat
1392 3348 1669 3414 Ecclesiae,
1693 3355 1753 3403 ut
1773 3348 1846 3403 sit
1885 3345 2042 3403 nobis

456 3439 579 3512 pius
620 3438 802 3504 Pater,
841 3445 897 3494 et
931 3454 1031 3509 pro
1074 3439 1231 3494 nobis
1266 3438 1574 3510 praecipuus
1607 3437 1952 3501 intercessor,
1981 3443 2044 3491 ut

458 3532 601 3587 idem
630 3531 774 3586 Deus
804 3538 860 3586 et
894 3530 1156 3586 Dominus
1179 3537 1368 3587 noster
1388 3528 1549 3584 Iesus
1581 3527 1833 3584 Christus
1863 3542 1965 3583 nos
1984 3526 2042 3582 in

456 3638 554 3680 sua
596 3622 794 3679 ﬂorere
822 3621 985 3679 faciat
1004 3623 1302 3687 voluntate,
1335 3630 1390 3678 et
1425 3635 1643 3687 cursum
1678 3619 1769 3689 qui
1796 3624 2044 3688 superest

456 3713 614 3768 nobis
645 3713 771 3768 vitae
808 3719 1007 3769 nostra:
1039 3713 1107 3768 ad
1136 3720 1410 3783 perpetuae
1450 3709 1763 3766 stabilitatis
1799 3708 2039 3777 quietem

456 3802 756 3872 perducere
776 3802 1046 3871 dignetur.
1101 3803 1247 3858 Vade
1290 3818 1415 3857 cum
1463 3802 1843 3872 prosperitate,
1870 3800 2037 3870 protl—

455 3892 607 3948 ciens
630 3891 685 3946 in
711 3891 959 3956 veritate,
988 3906 1305 3947 reversurus
1327 3907 1450 3947 cum
1476 3892 1690 3963 gaudio,
1714 3891 2041 3947 llomeriane

454 3994 609 4051 puer.

1021 4071 1355 4130 EPISTOLA
1392 4073 1462 4130 Χ.

914 4179 981 4219 Αἰ)
1009 4179 1279 4220 ΠΑΝΛδδΕΙ
1306 4181 1550 4222 ΑΒΒΑΤΕΠ

1069 4256 1249 4330 (Anno
1279 4257 1430 4331 798.)

598 4347 693 4411 (Ex
721 4347 915 4409 Lahhe,
941 4348 1244 4402 Bibliotheca
1268 4363 1388 4401 nova
1412 4350 1888 4415 mannacriptorum.)

526 4434 752 4492 Carolus
791 4435 963 4507 gratia
1004 4434 1101 4491 Dei
1147 4451 1241 4491 rex
1281 4435 1614 4492 Francon
1660 4452 1725 4492 ac
1769 4435 2036 4506 patricius

453 4526 841 4594 Romanorum,
891 4529 1073 4584 abbati
1107 4527 1367 4584 Manassm
1399 4527 1821 4585 Flaviniacensis
1852 4543 2041 4585 emno.

453 4617 528 4673 bii
562 4618 812 4673 salutem.

524 4708 870 4766 Benedictum
893 4725 1089 4765 nomen
1114 4710 1324 4766 Domini
1343 4710 1395 4765 in
1422 4709 1697 4775 saxeulum,
1725 4710 1866 4779 quo]
1879 4708 2035 4777 juxta

451 4801 842 4857 monachorum
862 4809 1075 4857 tuorum
1099 4800 1419 4859 laudabilem
1438 4803 1901 4859 conversationem
1924 4802 2036 4873 plu-

451 4890 648 4946 rimum
675 4891 1010 4963 glorificatur
1053 4890 1108 4948 in
1149 4893 1418 4962 gentibus,
1465 4908 1531 4950 eo
1576 4893 1720 4963 quod
1760 4892 1879 4947 laus
1917 4891 2034 4962 ejus

447 4997 663 5054 semper
688 4984 741 5039 in
768 4999 863 5040 ore
892 4992 1073 5040 vestro
1103 4994 1368 5040 versatur.
1407 4984 1728 5040 Petitionem
1766 4984 1948 5054 itaque
1968 4986 2035 5042 de

412 5074 851 5131 'eonstructione
884 5075 1116 5132 ctenohii
1142 5076 1282 5145 apud
1308 5074 1706 5141 Corbiniacum,
1731 5089 1891 5145 quam
1935 5090 2037 5146 per

447 5164 802 5223 'l'heodulfum
828 5168 1137 5239 episcopum
1173 5167 1614 5223 Aurelianensem
1641 5184 1794 5239 reque
1822 5166 2032 5241 [atque]

447 5259 699 5314 abbatem
726 5260 962 5316 coenobii
990 5259 1349 5319 Floriacensis
1376 5262 1607 5330 libenter
1619 5260 1958 5331 suscepimus
1979 5268 2029 5315 et

446 5352 742 5409 clementer
779 5353 1146 5420 concedimus,
1194 5363 1250 5410 et
1295 5355 1639 5426 pmcipimns
1681 5361 1740 5408 ut
1782 5352 2026 5410 monach’

462 5547 467 5553 ,
520 5499 544 5526 α
584 5485 899 5558 Carolus...
931 5485 1182 5543 Homero.
1210 5486 1526 5558 Angilberto
1549 5487 1789 5558 Centttla:
1826 5468 2031 5558 abbati,

447 5572 606 5626 quem
633 5564 686 5613 et
711 5555 973 5614 Aleuinus
994 5573 1210 5628 quoque
1244 5555 1593 5629 in'epistolis,
1619 5566 1675 5613 et
1700 5555 2032 5618 Theodulfns

652 5675 811 5686 -οοιοκη--ς
830 5677 853 5684 φ

458 5673 649 5686 ..ηερ-.-

508 5757 524 5774 ⁶
549 5759 696 5807 Slrm.
724 5755 876 5810 edidit
899 5768 977 5804 an.
1008 5755 1146 5806 lGiO.
1167 5754 1315 5807 ιω.

2141 3281 2506 3332 maneamus"
2717 3329 3052 3390 EPISTOLA
3091 3329 3207 3389 xu.

2493 3441 2559 3480 AD
2602 3440 2772 3480 OFFAU
2814 3440 2989 3481 REGE!
3029 3438 3357 3479 HERCIORCM.

2144 3515 2513 3586 Presbyterum
2549 3513 2786 3570 Scottum
2826 3524 3131 3569 accusatum
3181 3514 3337 3567 mittit
3382 3513 3438 3568 in
3465 3513 3733 3584 patriam,

2458 3614 2514 3659 ut
2538 3604 2612 3657 ibi
2633 3604 2696 3659 ab
2723 3607 2963 3676 episcopo
2988 3621 3085 3659 suo
3115 3600 3407 3673 judicatur.

2745 3697 2922 3769 (Anno
2960 3696 3112 3765 800.)

2594 3787 2687 3851 (Ex
2719 3786 2887 3846 “anisi,
2920 3783 3104 3836 Coneil.
3132 3785 3279 3849 Con.)

2211 3869 2457 3935 Carolus,
2484 3868 2659 3941 gratia
2693 3869 2809 3931 Dei,
2861 3878 2956 3922 rex
2999 3863 3349 3931 Francorum,
3399 3876 3453 3923 et
3483 3867 3732 3924 defensor

2140 3973 2341 4027 sancta:
2366 3962 2461 4020 Dei
2486 3963 2760 4029 Ecclesim,
2784 3958 2979 4018 dilecto
3007 3959 3160 4018 fratri
3187 3969 3241 4017 et
3261 3961 3437 4020 amico
3461 3963 3590 4021 Oﬂic
3615 3964 3730 4036 regi

2140 4055 2386 4112 salutem.

2211 4140 2502 4217 Presbyter
2522 4144 2628 4202 iste
2653 4151 2708 4201 et
2733 4144 2953 4202 Scottus
2972 4143 3114 4218 apud
3139 4159 3238 4203 nos
3257 4155 3500 4205 moratus
3523 4155 3606 4204 est
3630 4149 3730 4204 ali-

2141 4246 2343 4308 quanto
2378 4246 2622 4309 tempore
2647 4241 2701 4296 in
2736 4238 2992 4310 parochia
3035 4238 3340 4296 llildeboldi
3392 4239 3730 4299 Coloniensis

2139 4329 2396 4400 episcopi,
2432 4330 2528 4387 sed
2552 4324 2992 4401 reprehensibilis
3018 4328 3211 4396 factus,
3240 4338 3301 4387 ut
3327 4329 3519 4400 fertur,
3544 4346 3728 4403 aquo~

2142 4421 2264 4476 dam
2293 4428 2628 4486 accusatore,
2657 4421 2800 4490 quod
2826 4436 3044 4477 carnem
3079 4418 3268 4478 diebus
3293 4420 3729 4493 quadragesima-

2142 4513 2282 4569 libus
2337 4509 2693 4598 comedisset;
2737 4508 2917 4568 Nostri
2957 4528 3087 4570 vcro
3133 4514 3443 4571 sacerdotes
3483 4512 3729 4583 judicare

2141 4613 2456 4671 renuerunt,
2506 4605 2633 4676 quia
2682 4602 2900 4675 plenum
2953 4602 3321 4663 testimonium
3357 4608 3729 4664 accusantium

2140 4714 2302 4771 super
2333 4717 2457 4757 eum
2504 4715 2610 4755 non
2671 4699 3012 4756 invenerunt.
3064 4696 3268 4759 Tamen
3316 4717 3420 4760 nec
3448 4718 3571 4761 eum
3607 4700 3727 4760 loco

2138 4799 2399 4848 consueto
2432 4790 2782 4847 habitationis
2807 4805 2918 4846 suae
2941 4798 3165 4861 propter
3198 4786 3475 4851 infamiam
3522 4792 3726 4850 diutius

2132 4884 2338 4941 morari
2384 4878 2749 4954 permiserunt
2771 4920 2786 4945 ,
2839 4895 2908 4936 ne
2956 4881 3308 4936 sacerdotalis
3357 4881 3533 4937 honor
3585 4882 3725 4954 apud

2137 4976 2449 5048 imperitum
2483 4972 2676 5043 vulgus
2700 4971 3001 5036 vilesceret,
3029 4968 3111 5027 vel
3136 4970 3466 5041 rumigerula
3512 4970 3725 5044 loquela

2135 5070 2302 5141 aliqui
2325 5068 2677 5152 hortarentur
2709 5065 2913 5122 violare
2938 5072 3183 5121 sanctum
3220 5060 3507 5135 jejunium.
3537 5065 3723 5122 Visum

2136 5170 2221 5218 est
2249 5148 2450 5216 nostris
2473 5159 2846 5218 sacerdotibus
2886 5157 3034 5213 illum
3078 5156 3146 5210 ad
3199 5154 3282 5210 sui
3320 5148 3721 5225 episeopipubi

2137 5252 2248 5309 Deo
2275 5258 2457 5307 votum
2483 5249 2632 5317 fecit,
2655 5251 2891 5320 dirigere
2925 5246 3208 5318 judicium.
3253 5241 3460 5301 Idcirco
3484 5252 3719 5300 vestram
3780 5295 3789 5302 .

2135 5344 2488 5414 deprecamur
2516 5340 2932 5413 providentiam,
2970 5347 3031 5396 ut
3048 5337 3288 5408 jubeatis
3327 5334 3499 5401 illum,
3525 5348 3721 5392 secun-

2135 5480 2190 5543 in
2212 5479 2458 5536 versibus
2493 5478 2513 5501 ‘
2549 5478 2788 5534 nondum
2809 5474 2988 5540 editis,
3014 5470 3305 5543 Homerum
3343 5468 3718 5543 similitervo-

2133 5539 2278 5608 cant.
2311 5548 2490 5619 Atque
2507 5557 2569 5603 ut
2588 5548 2936 5617 Angilbertus
2962 5544 3051 5619 h_ic
3079 5539 3369 5619 Homerus1
3391 5539 3715 5619 sicilichnl-

2133 5621 2220 5678 fus
2260 5611 2605 5691 Moguntinus
2650 5611 2935 5691 episcopus
2982 5616 3278 5691 Dammtas,
3329 5611 3556 5691 Carolus
3596 5611 3718 5691 ipse

2135 5692 2323 5754 David,
2348 5682 2453 5746 "alii
2503 5689 2626 5745 aliis
2676 5682 2787 5743 tum
2833 5682 2992 5742 inter
3051 5684 3348 5741 familiares
3406 5682 3716 5741 nominibus

2134 5762 2559 5840 appellabantur.
2612 5758 2725 5816 Jac.
2771 5757 2929 5815 Sum.
