4092 6188
332 339 431 393 ειη

1228 336 1287 392 Β.
1330 336 1579 392 CAROLI
1616 334 1828 390 MAG-Ni
1865 328 2015 389 OPP.
2056 330 2236 391 ΡΑιιε
2273 333 2334 387 ll.
2379 331 2620 388 SECTIO
2657 331 2695 386 Ι.
2726 410 2729 413 _

3503 334 3609 387 91:!

332 455 458 506 dum
506 444 960 519 opporttmitatem
1010 453 1268 517 temporis
1323 455 1378 500 et
1419 445 1800 517 profectionis,
1859 447 1912 501 in
1942 444 1988 502 Α
2018 441 2250 513 dierum]
2278 442 2521 510 corporis
2558 441 2663 507 sui,
2705 440 2925 511 triginta
2953 454 3047 495 sex
3073 438 3207 505 dies,
3238 438 3378 496 sicut
3416 441 3607 497 beatus

332 557 484 597 suam
512 550 864 608 transponere
887 539 1140 607 patriam,
1162 546 1225 594 ut
1250 538 1322 593 ibi
1340 537 1615 607 judicetur
1638 539 1781 594 unde
1808 552 1909 593 ex-

334 635 449 689 ivit.
479 633 614 688 Nam
642 633 715 689 ibi
753 646 970 702 quoque
991 638 1191 687 sanctae
1217 631 1313 686 Dei
1338 631 1593 687 Ecclesia:
1616 631 1827 701 paritas
1852 632 1912 686 iu

336 725 593 789 moribus,
630 731 685 778 et
710 723 939 778 ﬁrmitas
976 723 1031 777 in
1082 721 1206 787 ﬁde,
1241 729 1296 779 et
1318 722 1573 777 honestas
1606 722 1659 777 in
1689 737 1915 777 conver-

332 819 561 881 satione,
585 816 880 872 secundum
917 813 1233 868 canonicam
1272 812 1605 866 sanctionem
1630 810 1917 879 diligenter

333 908 608 966 observari
645 906 877 972 debebit,
929 912 991 961 ut
1022 919 1128 958 una
1152 945 1167 969 ,
1217 901 1456 973 perfecta
1493 910 1547 957 et
1573 902 1915 956 immaculata

335 1001 600 1066 columba,
617 998 771 1068 cujus
796 1012 986 1067 penum
1008 997 1390 1065 deargentatte,
1412 1000 1467 1047 et
1480 992 1780 1061 posteriora
1803 988 1918 1057 ejus

334 1090 391 1145 in
416 1087 597 1160 specie
619 1088 738 1142 auri
769 1087 1069 1142 clarescere
1099 1084 1316 1139 debent.
1353 1082 1497 1146 Vita,
1524 1080 1688 1143 salus,
1718 1087 1771 1134 et
1798 1094 1919 1148 pro-

335 1181 565 1251 speritas
585 1180 680 1235 tibi
708 1179 920 1248 tuisque
942 1175 1188 1232 ﬁdelibus
1215 1188 1247 1227 a
1275 1173 1387 1227 Deo
1418 1171 1636 1227 Christo
1671 1171 1826 1226 detur
1865 1169 1919 1223 in

334 1280 616 1327 aeternum.

839 1352 863 1379 α
901 1333 1233 1392 EPISTOLA
1281 1333 1418 1388 XIII.

821 1426 889 1463 AI)
920 1421 1148 1462 ALBLVULI
1185 1418 1446 1458 ABBATFJ'.

980 1476 1157 1543 (Anno
1182 1472 1333 1543 ego.)

628 1570 721 1629 (lix
748 1567 1000 1631 Operibns
1021 1565 1238 1624 Alcninl,
1260 1561 1389 1611 Edit.
1417 1560 1659 1622 Froben.)

409 1651 654 1717 Carolus,
687 1650 858 1720 gratia
889 1649 1004 1712 Dei,
1055 1662 1149 1701 rex
1183 1644 1513 1699 Francorum
1535 1682 1550 1707 ,
1580 1642 1872 1712 imperator
1896 1639 1926 1680 ι’

344 1743 817 1813 Longobardorum
862 1756 926 1795 ac
962 1737 1222 1808 patricius
1246 1736 1643 1796 Romanorum,
1688 1732 1925 1788 dilectis-

342 1838 481 1890 simo
506 1833 786 1902 magistro,
810 1831 1074 1898 nobisque
1099 1842 1222 1882 cum
1254 1840 1439 1880 amore
1482 1823 1808 1881 nominando
1832 1821 1925 1874 Al-

344 1927 470 1980 bino
494 1924 676 1979 abbati
716 1923 770 1977 iu
799 1920 1026 1976 Domino
1055 1927 1244 1973 nostro
1275 1914 1402 1971 Jesu
1428 1914 1645 1970 Christo
1670 1921 1928 1968 :eternam

343 2016 595 2070 salutem.

412 2104 665 2160 Pervenit
689 2101 757 2157 ad
786 2114 883 2155 nos
909 2099 1142 2171 epistola
1173 2100 1335 2153 missa
1361 2112 1392 2151 a
1418 2094 1678 2166 religione
1700 2092 1932 2163 pruden-

345 2199 432 2252 tiae
458 2204 670 2261 vestrae,
705 2208 826 2264 quae
851 2201 974 2263 post
1000 2192 1184 2246 laudes
1223 2198 1277 2246 et
1310 2188 1710 2246 benedictiones
1751 2186 1932 2241 omni-

2014 530 2309 600 Gregorius
2341 529 2606 585 mirabilis
2639 530 2830 584 doctor
2854 529 3063 594 edocet,
3087 527 3359 597 jejunant.
3394 528 3461 583 Et
3502 530 3606 586 hoc

2014 627 2245 689 tempus,
2274 619 2399 674 licet
2448 619 2505 674 in
2538 619 2662 689 ipso
2710 619 2816 674 duo
2862 632 3147 688 superesse
3180 618 3464 673 videantur
3492 618 3609 675 dies

2015 725 2187 779 usque
2219 711 2287 764 ad
2309 717 2551 766 sanctam
2586 709 3083 774 Resurrectionem,
3128 708 3607 779 Quadragesimam

2017 803 2327 858 doctoribus
2376 809 2576 857 sancta:
2623 801 2718 857 Dei
2765 801 3020 857 Ecclesia:
3064 800 3335 857 nominari
3384 800 3606 869 placuit.

2018 893 2296 971 Religione
2320 908 2449 948 vero
2474 900 2750 949 crescente
2785 908 2817 947 a
2844 893 3175 962 Telesphore
3207 893 3487 963 pontiﬁce,
3514 893 3607 962 qui

2016 993 2140 1054 post
2163 983 2380 1038 Petrum
2409 983 2774 1053 apostolorum
2793 982 3097 1053 principem
3122 998 3299 1038 nonus
3330 983 3395 1042 in
3422 991 3610 1038 sancta

2020 1077 2261 1133 Romana
2284 1077 2526 1132 Ecclesia
2551 1076 2766 1141 claruit,
2793 1082 3004 1145 septem
3031 1075 3461 1160 hebdomadazhjn
3488 1074 3613 1130 abs-
3654 1125 3658 1128 .

2020 1168 2248 1222 tinentia
2292 1166 2552 1222 dedicatae
2583 1173 2742 1231 sunt;
2774 1173 2828 1220 et
2862 1167 2967 1221 hoc
2995 1166 3230 1234 tempus,
3255 1179 3364 1234 quo
3388 1164 3495 1218 alio
3520 1178 3613 1218 no-

2021 1260 2168 1314 mine
2193 1259 2394 1314 rectius
2429 1257 2614 1313 vocari
2640 1272 2802 1327 quam
2839 1256 3297 1327 Quinquagesima
3344 1256 3400 1310 in
3423 1255 3614 1311 ordino

2024 1349 2419 1404 rationabiliter
2462 1348 2710 1405 debuerit
2735 1346 2885 1420 [Al.,
2915 1347 3139 1413 debuit;
3185 1344 3365 1411 Gold.,
3393 1360 3609 1411 vocare,

2024 1454 2186 1509 quam
2211 1438 2791 1509 Quinquagesimam...
2835 1434 3212 1508 debuerunt]?
3262 1435 3342 1492 Ex
3381 1435 3512 1492 hinc
3558 1442 3615 1491 et

2025 1530 2277 1598 deinceps
2299 1528 2523 1584 collecta
2554 1528 2784 1591 ratione,
2810 1526 2903 1597 qui
2929 1536 3055 1583 octo
3090 1527 3445 1584 hebdomadis
3478 1525 3613 1600 (AL,

2026 1619 2417 1687 hebdomadas;
2458 1618 2615 1674 δοιά.
2641 1620 2790 1674 addit
2856 1620 3159 1677 observare
3180 1622 3505 1679 studuerunt
3523 1610 3647 1679 Se?

2029 1710 2363 1779 xagesimam
2385 1708 2697 1782 gradatim],
2726 1709 3132 1780 Sexagesimam
3158 1711 3423 1782 gradatim
3442 1712 3617 1767 nomi-

1959 1788 2005 1847 Β
2028 1811 2312 1859 naverunt.
2350 1802 2612 1858 Similiter
2642 1803 2735 1873 qui
2778 1818 2972 1859 novem
2997 1802 3439 1873 Septuagesimm,
3458 1801 3619 1872 juxta

2027 1893 2306 1964 praefatam
2341 1895 2628 1960 rationem,
2661 1910 2856 1950 nomen
2888 1894 3282 1965 imposuerunt,
3321 1904 3376 1951 et
3398 1911 3506 1951 non
3546 1896 3620 1952 ob

2030 2002 2312 2042 numerum
2337 1985 2468 2059 [Αι.,
2487 1986 2732 2043 ordinem
2760 1987 3134 2060 numerorum]
3160 1987 3620 2047 hebdomadarum

2030 2078 2116 2133 vel
2141 2077 2371 2142 dierum,
2398 2078 2495 2133 sed
2519 2085 2765 2133 tenorem
2788 2078 3026 2133 nominis
3053 2077 3185 2150 [Αι.,
3216 2079 3480 2152 numeris]
3506 2095 3621 2136 ser—

2031 2177 2220 2225 vantes
2255 2170 2373 2225 inec
2399 2170 2618 2225 nomina
2649 2180 2978 2225 censuerunt
2999 2169 3131 2242 [Αι.,
3152 2171 3620 2244 composuerunt].

344 2288 552 2359 potenti
579 2258 690 2342 Deo
723 2258 958 2349 debitas,
1009 2285 1165 2339 nobis
1212 2289 1267 2338 et
1299 2279 1575 2352 progeniei
1611 2286 1809 2334 nostrae
1833 2278 1931 2334 be-

2036 2259 2212 2324 V'elut,
2241 2260 2286 2314 si
2310 2259 2404 2329 qui
2437 2275 2582 2315 nunc
2608 2258 2861 2327 fuissent,
2903 2261 2996 2330 qui
3024 2261 3288 2317 decimam
3327 2261 3622 2318 hebdoma-

347 2352 706 2434 uedictionem
731 2375 1021 2446 optabilem
1036 2388 1161 2431 cum
1177 2386 1387 2427 summa
1406 2368 1779 2426 benevolentia
1796 2365 1929 2439 [Αι.,

2036 2353 2155 2408 dam
2194 2353 2399 2409 addere
2428 2367 2530 2423 pro
2562 2353 2744 2423 aliqua
2784 2352 2932 2423 justa
2964 2354 3177 2410 ratione
3221 2355 3535 2420 voluissent,
3568 2364 3625 2413 et

348 2462 723 2540 summamque
740 2443 1191 2537 benevolentiam]
1220 2463 1428 2519 detulit.
1455 2462 1589 2516 Post
1609 2463 1726 2517 hmo
1752 2466 1935 2514 textus

2036 2449 2253 2512 propter
2280 2458 2565 2499 numerum
2582 2443 3040 2499 hebdomadarum
3066 2446 3459 2515 decagesimam
3488 2445 3622 2519 [ΑΛ.
3672 2530 3675 2533 Ι

350 2564 493 2617 illius
527 2530 847 2631 inquirendo
873 2530 1192 2613 subsecutus
1218 2554 1351 2628 [Al.,
1380 2550 1677 2624 subjectus]
1701 2559 1803 2616 est,
1833 2562 1937 2605 cur

2036 2530 2563 2604 Decimagesimam],
2611 2548 2707 2591 seu
2731 2534 2973 2603 quolibet
2999 2534 3106 2591 alio
3132 2536 3370 2602 nomine,
3393 2536 3479 2593 vel
3497 2551 3625 2607 pro—

2033 2632 2155 2694 pter
2180 2640 2463 2680 numerum
2487 2625 2697 2681 dierum
2735 2624 3219 2696 Septuagesimam,
3262 2626 3348 2682 vel
3370 2635 3626 2697 oetuage-

300 2668 313 2717 ξ
350 2652 758 2724 Septuagesima
786 2657 840 2704 et
863 2648 1227 2718 Sexagesima,
1254 2661 1356 2701 nec
1380 2660 1489 2700 non
1512 2652 1565 2699 et
1590 2642 1937 2712 Quinquage-
2033 2642 2155 2725 Ρξθτ
2180 2642 2405 2725 numer}!

2035 2715 2263 2778 simam,
2290 2714 2479 2769 ordine
2510 2723 2725 2770 servato
2772 2714 3176 2782 vocabulorum,
3215 2716 3435 2773 tramite
3474 2727 3624 2775 recto

299 2740 308 2811 ξ
349 2745 485 2801 sima
512 2743 567 2798 in
604 2742 791 2798 ordine
826 2756 925 2811 per
961 2740 1075 2795 dies
1101 2738 1399 2793 dominieos
1430 2743 1556 2791 ante
1578 2731 1937 2803 Quadragesi-

276 2788 307 2920 j
349 2788 493 2889 inam
520 2835 752 2899 dicatur,
779 2788 864 2887 veri
890 2831 1180 2886 scribatur.
1218 2829 1346 2883 Inde
1370 2833 1585 2895 arrepta
1608 2788 1825 2879 ratione
1839 2835 1938 2892 per
2032 2807 2307 2877 Ρετϐεηάο
2332 2820 2641 2876 nuncupare
2677 2807 3004 2863 debUisselli-

349 2941 571 2996 campos
595 2925 953 2980 arithmeticae
977 2923 1132 2988 artis,
1167 2919 1426 2991 quilquid
1451 2935 1516 2973 ex
1544 2919 1647 2974 hac
1671 2933 1732 2974 re
1756 2922 1938 2973 vestra
2107 2922 2242 2990 Quia
2271 2922 2452 2993 igitur,
2481 2923 2651 2993 gratia
2679 2923 2857 2979 divina
2904 2924 3222 2994 opitulante,
3274 2933 3437 2995 prout
3465 2925 3627 2980 nonis

351 3022 520 3076 sensit
545 3019 828 3081 industria,
856 3034 917 3073 se
948 3015 1286 3072 extendendo
1311 3012 1468 3069 nobis
1504 3011 1738 3082 pleniter
1778 3009 1941 3079 signi-
2038 3016 2212 3071 visum
2252 3016 2373 3082 fuit,
2397 3018 2464 3073 de
2484 3017 2703 3073 nomine
2732 3017 3157 3088 Septuagesimm
3182 3027 3236 3074 et
3260 3018 3625 3090 Sexagesima:

354 3113 518 3165 ﬁeare
542 3109 749 3164 studuit
783 3107 917 3180 [A!.,
944 3104 1180 3177 statuit].
1241 3104 1349 3159 Sed
1387 3105 1515 3160 dum
1564 3117 1719 3157 mens
1753 3113 1936 3158 nostra
1963 3127 2019 3191 ε
2043 3104 2175 3177 [A!.,
2203 3104 2681 3179 Quadragesimm],
2711 3122 2775 3162 ac
2800 3107 3287 3177 Quinquagesimue,
3314 3117 3422 3165 tum
3445 3111 3629 3165 chari-

355 3203 459 3255 huc
493 3199 728 3267 illucque
747 3199 1092 3260 discurreret,
1121 3194 1306 3250 solerti
1331 3193 1672 3265 indagatione
1695 3194 1942 3249 conside-
2042 3193 2137 3246 tati
2165 3193 2498 3264 scripsimus,
2528 3210 2671 3251 nunc
2696 3195 2836 3266 style
2873 3207 3223 3266 percurrente
3247 3198 3314 3254 de
3336 3200 3627 3255 observan-

356 3291 614 3356 ravimus,
643 3304 751 3344 non
779 3287 952 3343 solum
980 3286 1120 3342 infra
1147 3285 1279 3359 [Αι.,
1321 3284 1484 3356 intra]
1533 3284 1881 3355 praescriptos
1909 3301 1941 3340 a

357 3382 510 3436 vobis
536 3380 669 3444 dies,
701 3380 794 3435 sed
816 3379 979 3433 etiam
1004 3392 1102 3447 per
1138 3376 1379 3447 singulas
1420 3377 1804 3439 hebdomadas,
1844 3391 1943 3431 nec

358 3486 465 3525 non
490 3478 545 3525 et
567 3484 665 3540 per
691 3474 862 3524 totum
898 3468 1024 3522 anni
1052 3467 1239 3522 circuli
1265 3465 1469 3538 [Go!d.,
1510 3464 1945 3538 circulum]spa-

358 3563 492 3616 tium
519 3558 700 3633 [ϐαιά.
741 3574 844 3613 om.
883 3553 1175 3628 spatium],
1225 3570 1324 3625 psr
1351 3555 1630 3611 intervalla
1686 3556 1942 3611 horarum

357 3670 422 3708 ac
447 3660 769 3722 punctorum
794 3665 888 3705 seu
928 3655 1361 3713 momentorum;
1397 3647 1652 3718 mysteria
1694 3661 1947 3701 numero—

359 3760 478 3798 rum
507 3757 663 3814 posse
687 3742 756 3796 ab
780 3741 866 3795 bis
893 3739 985 3809 qui
1012 3736 1172 3807 hujus
1196 3737 1330 3791 artis
1370 3736 1561 3808 peritia
1605 3736 1794 3791 imbuti
1821 3743 1948 3790 sunt

361 3834 604 3908 reperiri.
650 3833 800 3890 Unde
846 3832 973 3903 quia
1022 3838 1128 3885 tua:
1173 3829 1428 3885 charitati
1476 3828 1679 3898 placuit
1705 3835 1946 3882 nostram

362 3927 596 3996 regalem
635 3924 814 3979 aulam
852 3924 954 3979 hac
983 3923 1050 3978 de
1077 3937 1135 3976 re
1161 3920 1463 3985 consulere,
1517 3919 1776 3989 quidquid
1823 3918 1948 3974 inde

360 4016 525 4071 sentit
549 4013 682 4088 [Al.,
720 4011 913 4085 sensit]
966 4021 1150 4069 nostra
1184 4012 1468 4079 serenitas,
1522 4026 1771 4067 sermone
1807 4027 1950 4066 eom-

362 4106 558 4163 matieo
599 4104 697 4160 tibi
738 4106 1047 4176 patefacere
1088 4120 1199 4160 non
1243 4118 1503 4174 negamus
1540 4102 1684 4176 [Αι.,
1726 4103 1948 4172 negavi-

364 4195 528 4269 Inus].

434 4290 694 4360 Exigente
717 4289 885 4359 igitur
901 4288 1268 4358 inquisitione,
1293 4294 1348 4342 et
1363 4286 1792 4343 consideratione
1811 4300 1951 4355 quru-

364 4382 588 4436 rendum
614 4387 719 4447 est,
759 4396 857 4435 cur
879 4379 1007 4451 [Al.,
1034 4378 1394 4445 considerata,
1431 4393 1569 4444 cur;
1609 4375 1790 4443 Gold.,
1820 4392 1951 4432 con-

2042 3282 2116 3336 tia
2143 3290 2196 3338 et
2222 3283 2369 3338 cultu
2398 3285 2589 3339 harum
2625 3285 3128 3362 (hebdomadarum)
3172 3287 3328 3358 juxta
3353 3291 3626 3362 capacita-

2042 3377 2149 3424 tem
2198 3369 2401 3442 [Gold.,
2429 3373 2809 3448 sagacitatem]
2848 3390 3040 3431 sensus
3072 3379 3244 3433 nostri
3269 3379 3366 3439 tibi
3391 3380 3631 3435 scribere

2042 3465 2369 3522 curavimus.
2398 3466 2853 3538 Quiuquagesima
2879 3486 3008 3526 vero
3034 3471 3156 3527 ideo
3189 3473 3417 3539 dicitur,
3450 3482 3505 3528 et
3528 3474 3629 3529 ob-

2043 3564 2289 3611 servatur
2308 3572 2338 3611 a
2358 3558 2646 3623 nonnullis,
2661 3567 2720 3614 ut
2741 3567 2794 3614 et
2818 3559 3054 3615 decimas
3071 3561 3300 3625 dierum,
3311 3560 3626 3631 jejunando,

2042 3646 2398 3714 omnipotenti
2424 3647 2534 3700 Deo
2557 3646 2753 3703 oll‘erre
2774 3648 3007 3713 valeant,
3036 3658 3091 3704 et
3116 3651 3315 3705 imitari
3342 3652 3628 3710 Dominum

2044 3743 2290 3791 nostrum
2339 3735 2522 3791 Jesum
2569 3737 2865 3803 Christum,
2916 3740 3008 3809 qui
3039 3743 3394 3811 quadraginta
3440 3744 3633 3800 diebus

2038 3824 2302 3895 jejunium
2348 3826 2775 3883 sacratissimum
2801 3830 3064 3900 implevit.
3102 3832 3146 3885 A
3173 3832 3628 3905 Quinquagesima

2047 3935 2281 3991 namque
2305 3934 2476 3990 usque
2524 3921 2580 3975 in
2606 3921 2810 3978 Pascha
2852 3931 3058 3993 septem
3097 3925 3445 3982 hebdomadas
3480 3936 3627 3993 sunt,

2048 4026 2167 4080 quae
2202 4009 2407 4065 faciunt
2454 4012 2570 4067 dies
2615 4013 3004 4084 quinquaginta
3035 4034 3048 4070 :
3087 4032 3155 4072 ex
3188 4018 3384 4087 quibus
3432 4018 3478 4073 si
3502 4028 3634 4074 octo

2048 4097 2163 4157 dies
2188 4102 2485 4157 dominicas
2533 4104 2885 4170 subtraxeris,
2911 4105 2965 4159 in
3001 4107 3196 4176 quibus
3229 4106 3492 4178 jejunium
3521 4125 3629 4167 non

2048 4190 2174 4246 licet
2221 4192 2543 4257 observare,
2573 4202 2853 4250 remanent
2884 4197 3239 4269 quadraginta
3278 4199 3384 4253 duo
3407 4201 3541 4268 dies,
3577 4210 3631 4257 et

2050 4284 2105 4339 lii
2133 4286 2238 4341 duo
2275 4287 2409 4349 dies,
2438 4288 2625 4356 quinta
2661 4288 2864 4360 [Gold.,
2892 4300 3064 4358 sexta,
3090 4291 3353 4367 mendose]
3384 4294 3632 4351 videlicet

2051 4386 2104 4433 et
2129 4380 2354 4447 septima
2390 4378 2544 4445 feria,
2578 4382 2669 4450 qui
2697 4383 3182 4454 quadragenarium
3217 4401 3500 4444 numerum
3535 4405 3631 4444 ex-

364 4471 599 4526 sidcrata
626 4469 837 4524 ratione
861 4468 981 4541 cur]
1010 4470 1100 4524 alii
1125 4485 1239 4535 sex,
1286 4469 1378 4525 alii
1402 4476 1631 4539 septem,
1683 4470 1773 4524 alii
1799 4478 1943 4537 Octo,
1975 4470 2028 4537 Β
2049 4472 2265 4534 cedunt,
2289 4472 2428 4541 apud
2449 4474 2707 4541 quosdam
2725 4472 2930 4545 jejunio
2948 4477 3293 4545 dedicantur;
3315 4480 3454 4549 apud
3476 4494 3653 4550 quosa

368 4559 606 4637 nonnulli
630 4575 759 4614 vero
792 4575 983 4614 novem
1012 4561 1316 4616 abstineant
1347 4561 1746 4617 hebdomadas?
1777 4561 1952 4633 Argu-

370 4645 607 4704 mentum
642 4664 835 4704 scnsus
856 4650 1027 4704 nostri
1054 4657 1161 4706 tum
1186 4649 1540 4706 familiaritati
1586 4666 1685 4722 per
1706 4653 1804 4709 bos
1830 4654 1948 4724 api-

366 4754 460 4795 ces
492 4739 796 4809 signiﬁcare
833 4741 1130 4796 studemus.
1194 4738 1295 4807 Qui
1333 4742 1475 4797 enim
1527 4741 1680 4816 [Cod.
1732 4761 1830 4798 ms.
1886 4744 1947 4800 S.

371 4826 709 4895 Emmerami,
739 4829 891 4898 Quod
915 4830 993 4886 sic
1015 4831 1328 4886 solvendum
1362 4841 1471 4899 est;
1520 4832 1611 4900 qui
1649 4833 1816 4907 enim]
1855 4849 1951 4890 sex
1990 4822 1995 4829 ’

369 4921 731 4979 hebdomadas
753 4924 1103 4979 observantes
1126 4941 1184 4979 se
1205 4925 1543 4981 abstinentiae
1567 4928 1801 4992 tradunt,
1833 4928 1954 4982 sub-

370 5013 558 5070 tractis
608 5029 703 5070 scx
763 5014 952 5070 diebus
1019 5016 1304 5072 dominicis
1353 5017 1406 5071 iu
1458 5019 1651 5088 quibus
1703 5017 1951 5091 jejunare

369 5104 591 5159 minime
614 5104 758 5170 licet,
787 5105 1024 5160 decimas
1068 5107 1276 5162 dierum
1305 5110 1494 5164 dantes
1520 5108 1722 5181 [Cold.,
1763 5113 1953 5168 dantes

442 5248 468 5276 ιι
508 5234 768 5318 Epistula.
811 5237 1328 5318 Edit.,Quercetani,
1356 5241 1789 5318 pag._i-M‘_7.Lllic
1805 5258 1953 5318 eam-

372 5306 493 5376 dem
519 5307 917 5376 castigatiorem
944 5306 1260 5376 ergbibemus
1288 5306 1547 5367 ex'Codd.
1589 5312 1781 5368 Salisb.
1813 5325 1867 5369 et
1889 5315 1947 5370 S.

373 5368 883 5454 Emtueranii._l‘l_anc
902 5368 1378 5454 deseptuagesima
1397 5383 1673 5454 epistolam
1694 5368 1951 5454 scriptam

373 5462 493 5530 esse
515 5461 679 5530 “anno
707 5450 822 5530 _7$_)8
870 5450 1142 5530 existimo,
1178 5469 1285 5522 quo
1328 5450 1492 5530 etiam
1518 5452 1778 5509 Alcuinus
1802 5450 1953 5514 —huic

374 5514 549 5595 Caroli
585 5514 1138 5595 epistol-.e_rcspondit
1304 5524 1586 5595 epistolam
1634 5535 1950 5595 sequentem

378 5582 637 5668 (meum;
660 5590 790 5668 edit.
821 5582 1006 5668 rob.,
1024 5582 1244 5668 _lU[Il.-",
1269 5582 1471 5668 p.'90)_._
1491 5582 1840 5668 occasionem
1884 5582 1952 5653 de

377 5665 440 5734 ea
482 5668 547 5734 rei
582 5659 884 5726 inquirendi
912 5659 1397 5732 pnebuerunt'ejus
1419 5659 1689 5734 discipuli,
1722 5683 1741 5716 ο
1762 5683 1949 5724 eorum

379 5730 508 5778 tunc
530 5733 833 5797 temporum
862 5730 1236 5788 convenientia
1263 5730 1501 5791 eicitati.
1539 5730 1725 5805 {Ergo
1751 5739 1948 5807 scripta

2054 4562 2176 4616 dam
2210 4563 2261 4615 in
2287 4563 2631 4618 veneratione
2655 4564 2785 4636 [ΑΙ.,
2815 4565 3140 4641 refectione]
3166 4577 3387 4639 propter
3408 4570 3631 4627 Cmnam

2054 4652 2385 4709 Dominicam
2402 4661 2457 4708 et
2484 4656 3055 4741 sancttuuﬂSabbatum
3081 4654 3367 4715 habentur.
3400 4656 3635 4733 Sexage-

2052 4748 2187 4802 sima
2230 4755 2433 4813 autem,
2482 4756 2543 4802 ut
2583 4730 2945 4815 minus,
2983 4760 3266 4822 propterea
3301 4769 3331 4808 a
3362 4754 3633 4809 nonnullis

2053 4839 2390 4905 observatur,
2423 4847 2483 4893 ut
2516 4847 2569 4895 et
2605 4840 2842 4896 decimas
2864 4842 3071 4897 dierum
3108 4844 3353 4914 corporis
3374 4846 3457 4900 sui
3485 4845 3628 4918 [AI.,

2052 4930 2369 4998 corporibus
2404 4929 2549 5004 suis]
2587 4931 2941 5001 omnipotenti
2987 4934 3098 4990 Deo
3131 4935 3263 4992 dare
3301 4938 3540 5005 possint,
3576 4948 3634 4993 et

2053 5019 2336 5075 Dominum
2362 5030 2601 5076 nostrum
2622 5021 2803 5078 Jesum
2829 5023 3100 5079 Christum
3129 5024 3186 5079 in
3208 5027 3633 5097 quadragenario

3646 4552 3696 4725 )l

2052 5104 2279 5166 numero
2298 5111 2659 5180 particulatim
2674 5104 2967 5182 jejunando
2989 5115 3213 5183 imitari,
3231 5125 3358 5173 etut
3377 5119 3628 5189 primatu,
3670 5116 3681 5127 ’

2052 5247 2156 5324 fuit
2203 5249 2304 5324 ista
2332 5249 2838 5324 epistola__tempore
2868 5252 3290 5324 Septuagesimze
3319 5253 3437 5324 ejus
3478 5256 3629 5311 anni.

2125 5320 2157 5391 ξ
2193 5318 2694 5391 Imper‘gtorailanc
2708 5318 2901 5376 vocem
2939 5318 3043 5377 non
3076 5318 3275 5380 habent
3299 5318 3466 5382 Codd.
3498 5343 3631 5381 mss.

2054 5389 2251 5465 Saiish.
2277 5387 2337 5443 et
2355 5387 2987 5465 sanfEmmeramianus;
3016 5410 3122 5450 nec
3140 5404 3312 5450 exstat
3351 5398 3493 5465 apud
3510 5396 3636 5453 Gol-

2051 5460 2296 5538 dastum“,
2341 5460 2433 5529 qui
2468 5461 2607 5538 h_a_n_c
2643 5462 2920 5538 epistolam
2963 5466 3130 5520 edidit
3168 5460 3460 5538 Constitut.
3498 5468 3629 5538 imp.

2052 5538 2184 5605 tom.
2223 5531 2306 5605 ill,
2333 5532 2615 5605 pag._137.
2642 5531 2920 5588 Omittitur
2955 5549 3170 5605 quoque
3191 5538 3246 5591 in
3270 5537 3471 5593 Chron.
3500 5531 3639 5593 Cen-

2054 5601 2267 5673 tuleusi,
2292 5603 2432 5673 apud
2459 5600 2704 5672 Pouget.,
2734 5619 2853 5673 pag.
2882 5600 3006 5671 62$,
3028 5600 3140 5661 not.
3164 5621 3216 5661 a.
3242 5607 3309 5662 Et
3325 5609 3480 5671 bene,
3502 5623 3626 5663 nam

2054 5617 2267 5666 tuleusr,
2292 5617 2432 5725 aﬁuu
2462 5617 2704 5672 rouget.,
2734 5619 2853 5673 pag.
2882 5617 3006 5671 024,
3028 5617 3140 5661 not.
3164 5621 3216 5661 a.
3242 5617 3309 5662 Et
3325 5617 3480 5671 bene,
3502 5623 3626 5663 nam

2052 5671 2177 5756 data
2214 5680 2306 5756 est
2364 5688 2443 5756 me
2487 5674 3029 5756 epistolaantequam
3073 5678 3299 5733 Carolus
3336 5679 3628 5756 imperator

2052 5741 2238 5797 fuisset
2273 5742 2593 5812 declaratus,
2628 5754 2683 5799 ut
2710 5741 2939 5802 diximus
2962 5748 3014 5804 in
3034 5758 3153 5803 not.
3172 5741 3551 5807 antecedente.
