4042 6192
409 346 518 402 915

1869 327 2226 387 εριδτοιιε
2236 370 2253 386 .

3562 326 3663 381 9η

406 455 494 511 vel
515 455 763 526 quintam
785 452 977 508 feriam
1011 465 1047 504 a-
1069 447 1277 519 jejunio
1313 461 1508 505 vacare
1542 444 1771 499 valeant.
1816 439 1862 494 Α
1888 438 1988 495 Se-
2013 438 2059 497 Δ
2087 440 2317 510 sapienti
2343 440 2531 513 paucis
2567 439 2827 494 utendum
2859 438 2931 493 sit
2956 437 3150 500 verbis,
3191 446 3263 490 ita
3300 443 3355 490 et
3379 452 3477 491 nos
3514 451 3666 492 versa

408 544 684 614 xagesima
720 542 919 612 quippe
958 555 1132 610 usque
1172 541 1227 595 in
1260 544 1507 595 sanctum
1548 535 1693 591 diem
1730 533 1993 588 Rcsurre-

406 635 607 691 ctionis
636 632 931 688 Dominica:
959 639 1085 687 octo
1121 628 1470 685 hebdomadze
1490 632 1655 690 sunt,
1699 639 1767 679 ex
1796 622 2009 692 quibus,

385 727 454 794 ,εἰ
476 727 545 783 de
564 724 793 797 iugulis
816 723 1242 781 hebdomadibus
1277 721 1510 791 primam
1537 726 1593 774 et
1622 717 1868 786 quintam
1910 713 1994 769 fe-

406 820 543 876 riam
575 819 934 884 subtraxeris,
969 826 1025 873 et
1049 818 1228 887 ipsum
1270 815 1413 870 diem
1458 820 1705 868 sanctum
1748 810 1991 876 Paschae,

403 910 761 982 quadraginta
803 916 1015 964 tantum
1063 908 1179 964 dies
1226 913 1510 962 remanent
1547 904 1603 959 in
1640 903 1990 959 abstinentia.

403 999 729 1059 Melchiades
752 1016 884 1058 vero
914 1000 1133 1055 natione
1155 997 1303 1063 Afer,
1324 997 1409 1052 vir
1425 1012 1523 1068 per
1537 996 1718 1053 omnia
1742 992 1996 1065 apostolio

402 1109 521 1159 cus,
539 1094 845 1172 trﬂzesimus
866 1100 1091 1162 quartus
1109 1098 1233 1161 post
1245 1097 1491 1145 sanctum
1506 1088 1748 1153 Petrum,
1765 1086 1852 1142 cui
1872 1100 1997 1141 suc-

403 1185 570 1241 cessit
593 1185 786 1239 beatus
809 1174 1084 1255 Sylvester
1120 1182 1177 1237 in
1211 1179 1465 1237 cathedra
1495 1177 1628 1251 [Al.,
1656 1174 1993 1247 cathedram]

403 1275 712 1346 apostolica:
734 1273 1044 1345 dignitatis;
1083 1272 1174 1328 hic
1201 1265 1482 1327 constituit
1513 1276 1574 1323 ut
1595 1268 1740 1322 nulla
1763 1266 1991 1332 ratione,

404 1363 460 1420 in
494 1364 669 1434 prima
692 1362 778 1419 vel
805 1363 995 1433 quinta
1023 1361 1181 1427 feria,
1202 1359 1469 1431 jejunium
1502 1360 1625 1429 quis
1655 1359 1721 1415 de
1745 1358 1992 1414 ﬁdelibus

404 1470 567 1525 agere
605 1459 960 1525 praesumeret
995 1464 1045 1507 ι.
1091 1450 1230 1506 Nam
1263 1466 1361 1507 cur
1396 1450 1453 1504 in
1475 1449 1649 1519 prima
1691 1447 1827 1503 feria
1848 1444 1995 1516 jeju-

363 1619 368 1623 _
405 1546 556 1601 nium
591 1544 709 1614 ipso
744 1541 991 1598 tradente
1026 1541 1301 1607 solvatur,
1335 1554 1444 1595 non
1478 1547 1563 1595 est
1592 1536 1887 1594 necessitas
1910 1542 1993 1591 te-

404 1636 581 1694 xendo
607 1636 887 1706 replicare.
922 1635 1181 1703 Quintam
1206 1649 1337 1691 vero
1361 1632 1612 1689 arbitrati
1639 1644 1847 1689 sumus.
1873 1644 1995 1701 pro-

403 1736 527 1799 pter
572 1740 766 1796 magna
794 1726 1052 1796 mysteria
1087 1740 1209 1796 qua;
1244 1725 1298 1780 in
1322 1740 1385 1781 ea
1417 1724 1789 1788 continentur,
1825 1723 1895 1778 ab
1927 1736 1992 1777 eo

403 1794 740 1875 solutamaln
770 1794 883 1887 ipsa
904 1794 1139 1886 namque
1167 1824 1416 1872 sanctum
1438 1816 1673 1871 chrisma
1701 1814 1990 1870 coniicitur
2019 1794 2066 1857 Β

307 1917 324 1933 ⁸
402 1912 473 1965 ad
491 1906 785 1965 abluendas
808 1908 973 1963 totius
991 1907 1177 1962 mundi
1199 1908 1391 1977 prima:
1408 1906 1633 1976 originis
1651 1906 1837 1976 culpas
1851 1903 1986 1977 [Al.,

400 1998 795 2055 abluendam...
819 1995 1068 2069 culpam]
1095 2012 1110 2063 ;
1151 1996 1206 2051 in
1237 1997 1352 2067 ipsa
1384 1997 1754 2053 reconciliatio
1785 1997 1847 2051 iit
1870 2009 1988 2065 pm-

402 2090 721 2156 nitentium;
750 2089 804 2144 in
822 2089 936 2159 ipsa
958 2088 1288 2159 Redemptor
1307 2088 1549 2144 omnium
1572 2087 1836 2145 caenando
1851 2085 1985 2159 [Al.,

401 2187 701 2257 redemptio
722 2187 963 2242 omnium
995 2182 1287 2256 cenando]
1324 2197 1449 2239 cum
1477 2181 1756 2251 discipulis
1789 2195 1985 2252 panem

399 2275 583 2347 fregit,
607 2284 663 2333 et
682 2277 907 2333 calicem
932 2276 1137 2346 pariter
1166 2274 1314 2332 dedit
1351 2273 1431 2329 eis
1453 2273 1483 2314 ιι
1514 2273 1575 2329 in
1607 2272 1834 2343 ﬁguram
1865 2286 1988 2329 cor-

399 2370 549 2442 poris
566 2377 621 2426 et
644 2371 921 2440 sanguinis
940 2369 1045 2435 sui,
1070 2369 1333 2438 nobisque
1362 2366 1705 2438 profuturum
1731 2381 1985 2437 magnum

400 2463 649 2520 exhibuit
682 2470 1079 2519 sacramentum
1123 2460 1374 2535 (Matth,
1406 2477 1568 2527 xxvr,
1605 2460 1707 2527 26,
1733 2460 1859 2533 27).
1906 2459 1986 2517 Eo

398 2557 650 2613 videlicet
672 2557 779 2624 die,
801 2564 925 2626 post
955 2556 1127 2610 multa
1159 2555 1416 2627 mysteria
1434 2595 1448 2620 ,
1477 2554 1622 2609 Deus
1647 2561 1702 2610 et
1727 2552 1986 2608 Dominus

399 2654 585 2704 noster
618 2644 777 2703 Iesus
808 2646 1090 2712 Christus,
1116 2646 1426 2702 videntibus
1464 2643 1667 2700 sanctis
1709 2642 1986 2714 discipulis

398 2740 532 2806 suis,
557 2738 789 2810 gloriosa
820 2736 1137 2793 ascensione
1161 2736 1328 2792 caelos
1346 2735 1649 2806 penetravit
1664 2733 1815 2806 (Luc.
1831 2748 1983 2799 xxiv,

399 2828 488 2897 5i;
525 2828 642 2883 Act.
672 2843 723 2893 ι,
757 2825 847 2899 9).
895 2826 1002 2882 Sed
1041 2841 1112 2881 ne
1144 2825 1347 2881 diutius
1379 2840 1558 2881 sermo
1589 2823 1981 2895 protrahatur;

399 2920 569 2975 multa
592 2926 649 2975 te
677 2918 873 2988 legisse
904 2918 972 2974 de
995 2917 1097 2973 hac
1119 2916 1459 2972 solemnitate
1482 2916 1537 2972 in
1562 2920 1875 2973 sanctorum
1902 2929 1988 2971 ve-

399 3009 717 3066 erabilium
746 3009 1170 3064 orthodoxorum
1193 3005 1414 3062 Patrum
1449 3006 1606 3062 dictis
1636 3019 1746 3061 non
1777 3004 1989 3074 ignora-

401 3116 539 3156 mus.
603 3099 1009 3170 Septuagesima
1028 3099 1323 3169 \denique,
1368 3106 1430 3153 ut
1452 3099 1806 3163 aestimamus,
1852 3111 1985 3167 pro-

400 3199 584 3259 pterea
604 3192 674 3246 ab
694 3190 966 3260 aliquibus
990 3191 1327 3259 observatur,
1351 3198 1408 3245 ut
1439 3199 1494 3246 et
1515 3188 1752 3246 decimas
1775 3190 1985 3246 dierum

402 3282 512 3338 Deo
538 3280 671 3354 [Al.,
696 3280 947 3354 Domino]
977 3283 1107 3337 dare
1128 3289 1360 3352 queant;
1391 3288 1446 3337 et
1465 3281 1640 3352 prima
1667 3281 1753 3337 vel
1772 3281 1983 3351 quinta,

401 3389 502 3429 nec
524 3390 631 3430 non
658 3382 713 3431 et
737 3375 963 3444 septima
991 3374 1127 3430 feria
1145 3373 1414 3444 jejunium
1438 3373 1649 3431 solvere
1674 3373 1880 3447 [Gold.,
1897 3373 1989 3428 ob-

400 3479 636 3529 servare,
652 3462 918 3536 mendose]
940 3465 1167 3535 possint.
1183 3464 1229 3519 A
1253 3464 1659 3535 Septuagesima
1673 3479 1803 3520 vero
1817 3479 1991 3534 usque

402 3554 457 3609 in
469 3554 697 3621 Pascha,
727 3570 918 3610 novem
945 3557 1292 3611 hebdomada:
1331 3564 1477 3620 sunt,
1500 3569 1621 3623 qua:
1646 3553 1852 3609 faciunt
1873 3553 1992 3610 dies

402 3646 679 3715 sexaginta
711 3653 943 3715 quatuor
968 3643 1169 3718 [Gold.,
1202 3644 1373 3717 tres],
1391 3660 1425 3700 e
1444 3644 1663 3714 quibus,
1689 3645 1735 3699 si
1766 3644 1835 3699 de
1854 3659 1989 3698 una-

400 3751 617 3806 quaque
661 3737 996 3792 hebdomada
1038 3744 1149 3791 tres
1179 3737 1433 3806 praefatos
1469 3736 1803 3792 subtraxeris
1837 3734 1954 3791 dies
1971 3776 1988 3803 ,

401 3835 457 3882 et
489 3826 803 3883 Paschalem
849 3826 1274 3882 sacratissimum
1293 3867 1307 3891 ,
1356 3826 1576 3896 triginta
1605 3842 1702 3882 sex
1746 3828 1801 3883 in
1828 3829 1989 3884 absti-

401 3919 586 3975 nentia
637 3917 757 3992 [AL
777 3959 794 3986 ,
830 3917 1200 3991 abstinentize]
1242 3926 1522 3975 remanent
1573 3920 1707 3976 dies.
1756 3920 1824 3976 lii
1854 3937 1983 3978 vero

402 3997 717 4075 Sabbatum,
752 4009 806 4063 in
837 4023 944 4078 quo
967 4008 1109 4064 Deus
1131 4011 1200 4064 ab
1220 4009 1469 4066 omnibus
1491 4011 1744 4080 operibus
1773 4011 1986 4082 requie»

399 4098 480 4152 vit
506 4096 657 4170 (Gen.
688 4115 749 4163 ιι,
777 4098 855 4171 ‘2),
885 4115 992 4154 non
1024 4100 1199 4155 solum
1227 4101 1297 4156 ob
1318 4102 1757 4172 superstitionem
1780 4104 1989 4160 Judaeu-

399 4206 542 4256 rum,
571 4207 674 4246 nec
696 4198 916 4261 propter
940 4195 1193 4247 mandata
1215 4194 1404 4266 legalia
1430 4197 1631 4252 veteris
1653 4199 1985 4265 testamenti,

399 4297 522 4351 qum
544 4289 671 4338 sunt
696 4285 883 4339 umbra
908 4283 1233 4350 futurorum,
1258 4288 1353 4342 sed
1374 4304 1443 4344 ne
1467 4304 1591 4344 cum
1616 4288 1816 4346 Judmis
1839 4306 1988 4346 scan-

400 4374 637 4430 dalizent
663 4375 770 4449 [AL
781 4418 795 4441 ,
812 4378 1274 4445 scandalizentur;
1302 4378 1482 4446 ϐαιά..
1499 4383 1982 4458 sabbaptizentur],

2094 533 2212 589 vice
2234 533 2422 603 paucis
2447 546 2617 603 palma
2645 530 3035 600 rescripsimus.
3065 528 3217 595 Quod
3242 535 3423 583 autem
3448 540 3665 595 usurpa-

2092 628 2193 682 stis
2221 627 2383 682 verba
2406 626 2602 695 reginae
2627 624 2782 680 Saba:
2800 623 2868 678 ad
2891 622 3233 677 Salomonem
3256 621 3322 675 de
3341 618 3674 674 beatitudine

2093 732 2370 775 servorum
2394 719 2484 788 qui
2515 717 2672 775 nobis
2700 716 2989 780 assistunt,
3032 722 3088 769 et
3122 714 3349 769 audiunt
3379 712 3543 768 verba
3586 728 3667 767 sa—

2093 809 2311 879 pientia:
2334 815 2551 872 nostrae,
2579 808 2626 861 si
2645 808 2748 861 hoc
2770 820 2959 860 verum
2981 803 3098 860 fore
3119 803 3290 868 scitis,
3315 801 3514 867 venite,
3534 800 3673 855 assi-

2093 901 2239 966 stite,
2254 900 2434 956 audite
2448 907 2503 954 et
2523 898 2725 969 pariter
2747 898 2802 953 in
2817 896 3045 951 Domino
3064 896 3119 950 in
3137 894 3309 964 pratis
3322 892 3673 948 vernantibus

2092 992 2356 1046 varietate
2390 990 2583 1046 ﬂorum
2614 987 3016 1057 Scripturarum
3046 986 3409 1057 jucundantes
3442 982 3677 1041 delecto—

2093 1098 2235 1138 mur.

2626 1146 2962 1204 EPISTOLA
2998 1146 3139 1202 XIV.

2521 1236 2587 1275 AD
2652 1233 2880 1282 QUINQUE
2938 1231 3234 1272 EPISCOPOS.

2408 1289 2483 1345 De
2527 1290 2699 1362 gratia
2747 1287 3062 1359 septiformis
3107 1284 3366 1357 Spiritus.

2705 1378 2882 1451 (Anno
2918 1376 3069 1449 800.)

2522 1468 2724 1532 (Mabrll.
2760 1469 2943 1518 Vetera
2968 1466 3240 1528 Analecta)

2163 1552 2388 1609 Carolus
2429 1551 2610 1606 divina
2662 1547 3035 1604 misericordia
3084 1562 3180 1601 rex
3240 1545 3572 1601 Francorum
3619 1559 3655 1602 ο

2091 1643 2566 1714 Langobardorum
2613 1654 2689 1697 ‘ac
2752 1640 3012 1710 patricius
3061 1639 3426 1694 Romanorum
3458 1677 3473 1704 ,
3527 1636 3661 1694 Hilti

2092 1734 2252 1792 baldo
2317 1732 2705 1807 (Coloniensi),
2776 1732 3114 1802 Maginharto
3169 1728 3636 1802 (Rothomagensi)
3659 1770 3677 1796 ,

2092 1827 2268 1898 Agino
2293 1824 2700 1901 (Bergomeusi),
2724 1824 2977 1881 Gerhobo
3005 1820 3365 1895 (Eisterensi),
3394 1819 3680 1875 Hartricho

2093 1915 2426 1991 (Tolosano),
2464 1916 2666 1972 sanctis
2691 1908 2977 1986 episcopis.

2158 2008 2374 2066 Gratias
2398 2009 2609 2080 agimus
2632 2007 2909 2063 sanctitati
2941 2013 3157 2070 vestrm,
3192 2004 3316 2074 quia
3352 2001 3418 2057 ad
3451 2001 3679 2057 familia-

2087 2101 2220 2158 riter
2243 2115 2274 2155 a
2296 2101 2454 2156 uobis
2491 2102 2820 2170 interrogata
2857 2096 3121 2152 familiare
3157 2095 3312 2151 nobis
3360 2108 3678 2164 responsum

2086 2190 2217 2247 dare
2234 2190 2514 2247 voluistis:
2545 2198 2599 2244 et
2634 2204 2754 2259 quae
2778 2188 3059 2244 cbaritatis
3086 2186 3343 2242 instinctu
3379 2193 3571 2240 vestra:
3594 2183 3679 2239 di-

2085 2281 2304 2341 lectioni
2355 2282 2506 2336 fuere
2537 2281 2836 2351 proposita,
2881 2278 3071 2333 eadem
3107 2277 3349 2333 dictante
3384 2276 3676 2340 cbaritate,

2080 2362 2237 2434 iuxta
2269 2368 2412 2441 quod
2448 2370 2602 2426 vobis
2635 2370 2809 2424 visum
2854 2374 2957 2433 est,
2997 2375 3124 2423 sunt
3156 2366 3312 2422 nobis
3353 2368 3556 2437 absque
3595 2380 3680 2420 rc-

2082 2470 2410 2520 tractatlone
2434 2463 2626 2518 soluta.
2657 2461 2765 2517 Sed
2803 2462 2992 2532 ipsius,
3021 2476 3141 2532 qua:
3182 2477 3212 2516 a
3249 2470 3429 2517 vestra
3474 2462 3678 2516 sancti-

2086 2561 2199 2610 tate
2231 2553 2388 2610 nobis
2426 2550 2552 2610 data
2578 2560 2681 2620 est,
2722 2552 3089 2623 responsionis
3122 2550 3256 2607 ordo
3291 2551 3577 2616 videndus,
3623 2560 3680 2605 et

2086 2646 2227 2719 apud
2252 2654 2486 2702 vestram
2502 2644 2846 2701 dilectionem
2870 2644 3046 2700 intimi
3072 2644 3126 2699 in
3149 2659 3211 2699 ea
3235 2659 3424 2700 sensus
3446 2642 3679 2699 medulla

2084 2736 2463 2811 perquirenda,
2487 2743 2548 2790 ut
2575 2742 2630 2790 et
2653 2735 2886 2806 qualitas
2911 2742 3109 2790 nostra:
3134 2734 3573 2805 interrogationis
3592 2749 3681 2804 ap-

2086 2836 2301 2901 pareat,
2329 2837 2384 2884 et
2407 2823 2599 2885 modus
2623 2836 2820 2885 vestrae
2863 2826 3230 2898 responsionis
3262 2827 3536 2896 patentius
3562 2826 3679 2880 elu-

2086 2930 2286 2979 cescat.
2316 2921 2500 2978 Sancti
2536 2920 2734 2975 etenim
2771 2918 2961 2974 Patres
2992 2919 3116 2988 qui,
3155 2926 3214 2973 ut
3249 2916 3460 2973 Veteris
3486 2916 3681 2971 Testa-

2086 3017 2256 3073 menti
2304 3017 2444 3071 serie
2487 3014 2718 3085 legitur,
2761 3012 2829 3068 ab
2877 3012 3032 3067 initio
3070 3013 3180 3067 Deo
3218 3010 3494 3081 placentes
3540 3009 3682 3064 hanc

2088 3106 2357 3172 ultimam,
2401 3104 2495 3160 sed
2549 3102 2750 3159 Christi
2799 3102 3033 3157 adventu
3077 3100 3444 3156 felicissimam
3495 3100 3679 3155 s'rculi

2090 3202 2305 3251 aetatem
2331 3194 2600 3266 probitate
2624 3209 2837 3249 morum
2862 3199 2916 3247 et
2942 3192 3258 3248 meritorum
3286 3189 3681 3259 multiplicitatc

2088 3292 2504 3356 prrecesserunt,
2518 3283 2693 3340 sancti
2716 3282 2951 3353 Spiritus
2970 3283 3196 3355 gratiam
3212 3282 3413 3350 absque
3439 3280 3544 3335 ulla
3571 3294 3682 3333 am-

2089 3379 2352 3450 biguitate
2377 3385 2433 3433 et
2446 3377 2722 3448 accepisse
2745 3384 2800 3431 et
2825 3376 3078 3432 habuisse
3103 3373 3353 3429 credendi
3380 3381 3526 3428 sunt.
3548 3371 3680 3439 Quis

2089 3472 2235 3526 enim
2249 3485 2487 3540 unquam
2503 3469 2707 3540 placuit
2723 3469 2834 3524 Deo
2850 3483 3042 3524 carens
3061 3464 3232 3521 sancti
3249 3463 3486 3534 Spiritus
3500 3461 3680 3517 dono?

2161 3560 2287 3626 Sed,
2329 3568 2390 3616 ut
2421 3568 2615 3616 vestra:
2651 3558 3016 3629 responsionis
3049 3564 3197 3612 textu
3233 3556 3558 3617 continetur,
3589 3570 3681 3607 ea-

2088 3650 2210 3706 dem
2245 3650 2416 3707 sancti
2444 3650 2678 3721 Spiritus
2701 3649 2839 3704 dona
2868 3647 3077 3718 singula
3101 3644 3340 3717 singulos
3365 3651 3678 3699 sanctorum

2088 3742 2368 3807 habuisse,
2415 3749 2470 3798 et
2502 3741 2559 3797 in
2590 3741 2807 3798 Christo
2845 3748 3040 3796 cuncta
3080 3738 3313 3806 pleniter
3347 3734 3680 3790 inhabitasse

2088 3838 2468 3908 cognovimus,
2497 3852 2616 3906 qua:
2648 3842 2710 3890 ut
2735 3835 2889 3888 firma
2922 3831 3168 3886 veritatis
3205 3830 3414 3884 ratione
3449 3828 3677 3884 subnixa

2090 3930 2380 4000 probamus
2399 3945 2412 3981 :
2435 3926 2530 3982 sed
2548 3939 2884 3996 nequaquam
2905 3922 3232 3978 arbitramur
3250 3918 3542 3989 quemlibet
3559 3932 3683 3972 san-

2088 4026 2298 4074 ctomm
2335 4017 2554 4072 Patrum
2589 4016 2748 4070 unius
2780 4012 3149 4086 singularitate
3186 4010 3312 4065 doni
3350 4007 3515 4064 fuisse
3548 4024 3680 4064 con-

2087 4116 2316 4173 tentum,
2349 4123 2470 4163 cum
2495 4107 2601 4162 hoc
2624 4105 2741 4161 ﬁeri
2766 4120 2874 4160 non
2904 4115 3064 4174 posse
3092 4101 3161 4157 de
3185 4101 3425 4171 ipsarum
3450 4103 3680 4155 vocabu—

2086 4200 2154 4256 lis
2178 4199 2473 4271 gratiarum
2498 4196 2751 4252 facillime
2773 4193 2946 4266 possit
2969 4192 3194 4249 adverti.
3225 4191 3503 4261 Sapientia
3528 4191 3676 4246 enim

2086 4304 2142 4352 et
2166 4295 2468 4352 intellectus
2502 4292 2636 4348 adeo
2672 4291 2775 4347 sibi
2812 4286 3174 4345 naturalitatis
3209 4302 3351 4343 nexu
3387 4284 3676 4355 conjuncta

2088 4374 2232 4455 sunt,
2275 4394 2334 4442 ut
2378 4400 2544 4441 unum
2590 4384 2708 4440 sine
2756 4384 2925 4439 altero
2970 4381 3118 4437 nullo
3165 4388 3327 4451 pacto
3376 4379 3674 4435 subsistere

398 4466 660 4538 jejunium
691 4471 900 4527 solvere
929 4470 1466 4543 [Cold.,observarc,
1490 4476 1759 4549 mendose]
1784 4493 1986 4533 conan—
2012 4487 2067 4550 υ
2088 4485 2268 4550 queat.
2305 4474 2584 4544 Quomodo
2608 4475 2754 4530 enim
2794 4474 2935 4544 sapit
2970 4473 3062 4543 qui
3101 4488 3212 4529 non
3259 4470 3511 4542 intelligit
3532 4470 3558 4524 ?
3593 4468 3679 4523 vel

398 4567 510 4613 tur.
542 4560 619 4614 Ea
644 4560 912 4631 praecipue
936 4577 1097 4617 causa
1130 4570 1242 4627 est,
1267 4564 1393 4633 quia
1417 4575 1826 4635 vesperascente
1867 4568 1982 4638 ipso

400 4649 507 4715 die,
535 4652 789 4720 gaudium
813 4660 1014 4707 sancta:
1040 4653 1469 4711 Resurrectionis
1491 4672 1522 4710 a
1545 4658 1791 4714 ﬁdelibus
1815 4659 1985 4715 hono-

401 4739 554 4796 riﬁce
577 4741 900 4797 celebratur.
931 4742 1037 4797 Sed
1065 4743 1189 4812 quia
1216 4746 1587 4816 unusquisque
1621 4748 1673 4802 in
1701 4764 1800 4804 suo
1822 4765 1983 4805 sensu

400 4831 639 4886 abundat
664 4831 842 4901 (Rom.
872 4849 981 4899 xrv,
1006 4832 1083 4905 5),
1112 4834 1226 4889 sive
1246 4835 1368 4901 hoc,
1407 4837 1522 4891 sive
1545 4836 1690 4894 aliud
1721 4840 1812 4905 sit,
1836 4841 1983 4895 salva

401 4920 507 4975 ille
530 4929 583 4975 et
605 4921 861 4992 religione
882 4922 1014 4977 nihil
1038 4923 1451 4992 prrrjudicamus
1498 4924 1629 4999 [ΑΙ.,
1661 4927 1982 4999 prmjudica-

400 5015 618 5082 vimus;
648 5014 746 5082 aL,
768 5016 1118 5086 prohibetur;
1148 5017 1243 5083 aL,
1282 5018 1738 5093 praedicavimus].

477 5118 498 5147 ε
527 5107 602 5161 De
650 5108 756 5163 hoc
800 5115 1014 5173 autem,
1063 5110 1206 5178 quod
1243 5110 1449 5164 cartula
1482 5121 1767 5181 prosecuta
1804 5122 1984 5169 vestra

403 5200 609 5265 retulit,
642 5200 785 5269 quod
808 5200 1037 5268 plurima
1071 5200 1198 5256 hinc
1223 5202 1326 5257 dici
1357 5203 1584 5272 possint,
1621 5204 1717 5260 sed
1750 5204 1988 5261 noluisse

402 5299 460 5345 te
505 5292 764 5349 excedere
791 5292 1010 5347 modum
1055 5293 1306 5359 cartul;e,
1343 5302 1396 5348 et
1416 5298 1648 5351 maxime
1696 5297 1821 5367 quia
1862 5313 1986 5354 cum

478 5417 502 5445 ι·
546 5403 688 5459 Nam
713 5420 874 5458 cur...
907 5405 965 5459 In
993 5405 1124 5460 Cod.
1152 5423 1251 5463 ms.
1297 5408 1865 5467 Sau-Emmeramiano
1912 5411 1988 5467 ita

403 5473 985 5557 legitur:‘Numnquur
1012 5477 1066 5530 in
1099 5478 1271 5547 prima
1310 5478 1723 5557 feriajejunium
1767 5499 1870 5557 non
1891 5482 1990 5551 ﬁat

402 5545 519 5670 ipso
542 5543 780 5627 tradente
803 5543 1109 5608 salvatore,
1128 5564 1235 5602 non
1258 5543 1333 5603 est
1357 5543 1635 5605 necessitas
1664 5543 1992 5607 texendo're-

462 5631 614 5670 toan.

445 5630 614 5670 noun.

402 5630 510 5756 ξιξ
549 5684 616 5737 In
664 5685 910 5756 ﬁguram.
951 5688 1083 5743 Cod.
1141 5704 1241 5744 ms.
1293 5690 1351 5744 S.
1401 5691 1887 5756 Emmerarnianus,
1936 5698 1993 5746 et

408 5749 739 5811 Goldastus':
785 5754 849 5810 In
879 5759 1074 5830 ﬁgura.
1132 5758 1254 5819 [Lee
1297 5776 1405 5818 non
1454 5761 1796 5827 intelligenda
1830 5749 1989 5819 sensu

2087 4567 2357 4640 quomodo
2379 4574 2557 4638 potest
2580 4566 2896 4637 intelligere,
2919 4580 3078 4634 quem
3099 4571 3311 4621 constat
3330 4578 3436 4619 non
3457 4563 3682 4633 sapere?

2089 4661 2363 4732 Sapientia
2390 4661 2503 4716 sive
2536 4659 2805 4714 intellectu
2831 4658 3071 4728 privatus
3095 4657 3216 4727 quis
3242 4670 3478 4727 unquam
3506 4655 3684 4711 consi-

2088 4752 2217 4808 lium
2240 4752 2322 4806 vel
2348 4752 2450 4807 sibi
2478 4751 2751 4814 habuisse,
2783 4749 2865 4803 vel
2893 4748 3000 4804 alio
3027 4747 3164 4821 [alii]
3198 4747 3409 4804 dedisse
3434 4755 3684 4817 repertus

2088 4845 2212 4899 est?
2239 4842 2371 4897 Nam
2398 4841 2518 4897 luce
2541 4842 2741 4897 clarius
2766 4848 2998 4905 constat,
3041 4839 3327 4896 consilium
3353 4839 3565 4894 nonnisi
3595 4853 3683 4893 sa-

2086 4934 2346 5003 pientiqu
2371 4947 2508 4988 esse.
2541 4930 2927 4987 Fortitudinem
2958 4946 3105 4994 vero,
3148 4930 3191 4985 si
3218 4930 3444 4985 consilio
3475 4937 3679 4995 careat,

2088 5024 2453 5081 fortitudinem
2476 5040 2595 5079 esse
2630 5023 2924 5094 putandum
2959 5038 3065 5078 non
3092 5028 3193 5087 est,
3225 5038 3346 5077 cum
3378 5022 3560 5078 omnia
3598 5022 3683 5076 in-

2088 5116 2330 5172 consulte
2354 5125 2501 5186 gesta
2521 5115 2710 5169 furtiva
2724 5114 2903 5184 potius
2924 5129 3086 5183 quam
3107 5112 3264 5168 fortia
3285 5111 3491 5166 soleant
3512 5113 3684 5167 nomi-

2088 5209 2227 5262 nari.
2258 5207 2549 5262 Scientiam
2586 5204 2641 5259 in
2681 5219 2952 5276 quoquam
2986 5204 3103 5259 sine
3132 5202 3395 5272 sapientia
3428 5207 3483 5254 et
3522 5201 3683 5257 intel-

2089 5297 2230 5352 lectu
2253 5297 2547 5353 consistere
2565 5305 2724 5366 posse
2744 5293 2898 5350 valde
2918 5302 3002 5349 est
3024 5291 3356 5348 incredibile.
3371 5278 3509 5358 Quid
3531 5292 3675 5346 enim

2091 5408 2459 5488 galvinistico,
2488 5407 2917 5488 sed_catboli_co‘,
2954 5404 3043 5488 uti
3059 5402 3397 5488 explicantur
3430 5402 3484 5457 in
3518 5416 3681 5488 opere

2093 5478 2156 5534 ι).
2193 5470 2542 5544 Αιοῐιιιιιιί,’ὰθ
2574 5477 2937 5548 Perpetuitate
2976 5470 3281 5548 ﬁdeiftom.
3315 5474 3354 5538 l,
3393 5487 3518 5548 pag.
3556 5470 3678 5548 76$.

2179 5560 2204 5590 α
2243 5548 2322 5602 De
2343 5541 2439 5603 hoc
2463 5557 2657 5603 autem.
2679 5541 2849 5602 'Hanc
2882 5545 3205 5608 clausulam,
3246 5559 3367 5613 qum
3395 5541 3584 5613 deerat
3625 5541 3678 5594 in

2091 5620 2285 5685 Editis,
2307 5618 2610 5675 addidimus
2631 5627 2694 5672 ex
2724 5617 2856 5673 Cod.
2888 5630 2989 5670 ms.
3020 5615 3239 5680 Salisb.,
3264 5610 3547 5685 Coldasto,
3573 5610 3673 5665 loc.

2245 5683 2367 5762 pag.
2401 5689 2531 5756 138,
2578 5696 2631 5743 et
2667 5686 2991 5751 D‘Acberiu,
3022 5686 3206 5757 Spiril.
3260 5694 3389 5742 tum.
3428 5683 3513 5750 IV,
3554 5696 3670 5755 pag.

3753 1172 3873 1291 ί,
