4092 6188
434 310 543 367 ΜΞ)

1329 308 1390 366 Β.
1430 307 1681 365 CAROIJ
1719 303 1933 364 MAGNI
1970 304 2122 362 OPP.
2164 304 2342 360 PARS
2378 305 2441 360 ll.
2486 304 2731 363 SECTIO
2751 304 2794 360 l.

3576 310 3697 370 .9l6

432 430 613 495 potest
636 420 798 487 scire,
825 419 918 490 qui
943 418 1080 475 nihil
1104 420 1245 475 valet
1266 420 1603 492 intelligere?
1618 417 1737 476 lam
1765 420 1937 488 pietas
1957 424 2012 471 et
2042 418 2087 479 Δ
2115 417 2296 474 reticis
2320 419 2545 486 scilicet,
2582 419 2706 476 Mei
2739 429 2895 478 scuto
2928 436 2992 478 ac
3021 423 3169 480 verbi
3199 423 3295 479 Dei
3321 423 3504 491 gladio
3527 442 3702 485 arma-

434 515 599 570 tlmor
633 511 730 569 Dei
770 526 876 581 qua
911 518 1029 566 arte
1061 511 1164 566 sibi
1197 511 1445 581 copulata
1480 512 1617 576 sint,
1655 511 1746 581 qui
1780 511 2016 580 seipsum

2118 513 2207 561 tus
2237 507 2494 563 resistere
2516 508 2715 572 studet,
2756 518 2812 566 et
2838 520 3026 567 contra
3053 513 3184 569 vitia
3227 514 3430 583 quibus
3458 529 3701 587 stiggestu

432 605 679 675 explorat
713 601 872 659 facile
910 602 1188 673 cognoscit
1218 619 1232 656 :
1271 603 1397 672 quia
1431 616 1591 657 nemo
1621 602 1744 672 pius
1772 609 1876 666 est,
1911 600 2017 656 nisi
2115 595 2317 653 diaboli
2346 598 2464 657 btet:
2501 600 2747 657 mortalis
2778 601 2887 655 vita
2914 601 3154 672 quotidie
3189 604 3517 672 maculatur,
3557 610 3703 677 quasi

432 697 526 767 qui
563 692 828 767 judicium
865 694 964 750 Dei
1003 691 1268 760 timendo,
1318 693 1373 748 iu
1410 707 1469 749 se
1511 693 1755 763 peccanti
1794 690 2020 750 dimittit

433 789 705 859 proximo.

506 878 633 934 [leo
666 885 872 947 septem
908 876 1078 931 sancti
1114 874 1347 945 Spiritus
1377 872 1520 930 dona
1553 873 1692 929 sicut
1725 872 1781 927 in
1816 871 2023 928 sanctis

432 968 689 1025 Patribus
714 967 880 1023 fuisse
904 966 1133 1037 singula,
1160 964 1320 1020 sicin
1339 962 1562 1019 Christo
1578 962 1811 1019 adunata
1838 960 2021 1019 omnia

432 1075 543 1116 non
583 1066 668 1114 est
698 1059 917 1113 mirum.
961 1055 1101 1124 Quid
1147 1055 1292 1117 enim
1340 1055 1415 1110 illi
1466 1070 1531 1110 ex
1574 1055 1825 1110 omnibus
1866 1053 2024 1112 bonis

432 1151 621 1206 deesse
643 1149 837 1219 potuit,
872 1147 962 1217 qui
987 1147 1170 1203 omnia
1195 1147 1334 1202 bona
1359 1146 1521 1201 simul
1539 1161 1660 1202 cum
1689 1146 1852 1201 Patre
1868 1158 2024 1201 crea-

434 1240 554 1294 vit?
595 1237 847 1308 Nunquid
887 1252 1142 1308 magnum
1177 1245 1261 1292 est
1296 1237 1341 1297 si
1371 1237 1488 1292 hmo
1524 1237 1579 1292 in
1617 1235 1836 1292 Christo
1872 1251 2026 1290 man-

432 1330 572 1386 sisse
583 1327 850 1391 dicantur,
874 1326 929 1381 in
948 1342 1053 1396 quo
1074 1327 1252 1387 otnnis
1273 1326 1547 1397 plenitudo
1569 1327 1867 1383 divinitatis
1879 1327 2027 1381 inha-

428 1415 609 1471 .hitare
631 1414 1013 1485 cognoscitur?
1036 1414 1287 1485 Nunquid
1310 1432 1562 1487 magnum
1591 1423 1694 1482 est,
1724 1417 1769 1473 si
1787 1430 1850 1471 ea
1873 1413 2027 1486 quasi

433 1520 536 1578 pro
567 1519 789 1560 munere
817 1504 1059 1563 ascribas
1087 1505 1342 1571 Domino,
1369 1521 1490 1575 qua:
1527 1506 1815 1577 diligenter
1843 1511 2027 1565 consi-

433 1596 634 1653 derans
669 1593 909 1655 invenies
932 1594 993 1657 in
1019 1609 1178 1655 servo
1197 1595 1222 1650 ?
1243 1595 1493 1666 Nunquid
1518 1597 1601 1653 his
1631 1604 1840 1655 tantum
1873 1599 2029 1656 donis

433 1694 618 1758 potest
646 1685 928 1746 sublimari
954 1687 1236 1754 Dominus,
1260 1687 1455 1758 quibus
1477 1704 1672 1746 carens
1695 1707 1804 1748 non
1827 1700 1912 1751 est
1934 1693 2031 1751 ho-

2118 696 2306 745 eontra
2344 688 2550 746 inimici
2571 688 2753 760 iacula
2781 689 3114 749 fortitudinis
3148 702 3413 750 armatur.
3444 693 3578 752 Nam
3605 699 3706 769 spi-

2120 777 2287 837 ritum
2326 778 2565 834 scientia:
2613 777 2886 849 possidet,
2924 782 3172 851 quisquis
3212 783 3474 841 dominici
3511 798 3708 842 memor

2119 868 2371 937 praecepti
2405 867 2808 939 simplicitatem
2843 869 3103 929 columba:
3128 880 3185 926 et
3220 874 3567 943 prudentiam
3602 889 3710 930 ser-

2119 958 2300 1030 pentis
2320 959 2509 1015 habet:
2538 959 2737 1029 quique
2763 961 2903 1015 inter
2925 962 3229 1019 consimilia
3257 962 3582 1033 dijudicans,
3613 967 3710 1022 scit

2122 1048 2411 1118 reprobare
2431 1048 2652 1114 malum,
2674 1057 2730 1104 et
2749 1050 2945 1121 eligere
2964 1050 3187 1107 bonum.
3214 1051 3369 1123 Smpe
3389 1056 3535 1129 enim
3558 1056 3709 1110 mista

2123 1139 2281 1195 bonis
2307 1139 2447 1197 mala
2486 1139 2853 1208 inveniuntur,
2879 1155 2999 1210 qua:
3034 1139 3139 1197 nisi
3176 1142 3403 1199 scientia
3433 1142 3713 1200 dilliculter

2123 1229 2522 1289 discernuntur.
2567 1228 2826 1302 Spiritum
2850 1246 2977 1286 vero
2999 1231 3223 1301 pietatis
3268 1231 3344 1287 illi
3374 1232 3555 1287 inesse
3586 1232 3711 1289 dici-

2128 1334 2271 1385 mus,
2306 1320 2398 1391 qui
2421 1318 2689 1378 dominica
2715 1330 2983 1391 precepts
3008 1336 3118 1378 non
3139 1322 3360 1387 oblitus,
3389 1321 3447 1377 in
3471 1337 3531 1378 se
3552 1323 3713 1378 delin-

2126 1412 2314 1483 quenti
2361 1410 2586 1469 dimittit
2626 1412 2873 1482 proximo
2917 1426 2937 1469 τι
2976 1418 3180 1479 etnon
3219 1419 3432 1468 tantum
3472 1412 3529 1470 in
3564 1412 3711 1480 alios,

2127 1503 2223 1560 sed
2262 1503 2427 1558 etiam
2470 1501 2526 1556 in
2564 1502 2912 1571 semetipsum
2942 1500 3147 1571 justam
3185 1511 3405 1558 exercet
3436 1501 3712 1572 pietatem,

2129 1594 2253 1665 quia
2278 1592 2481 1663 probus
2513 1592 2740 1662 quisque
2761 1606 2953 1648 cavere
2979 1591 3163 1659 debet,
3188 1607 3256 1649 ne
3277 1592 3407 1649 dum
3441 1608 3539 1648 suo
3572 1593 3715 1649 dehi-

2131 1685 2237 1741 tori
2259 1684 2576 1741 dimittendo
2596 1684 2795 1741 malum
2818 1684 3002 1739 existit
3021 1685 3165 1755 plus,
3195 1700 3293 1743 sua
3309 1701 3420 1741 non
3445 1685 3715 1741 tribuendo

435 1794 544 1836 nus
579 1779 988 1843 servasti-Absit
1016 1787 1075 1835 ut
1102 1781 1188 1841 his
1212 1789 1421 1841 tantum
1459 1782 1687 1854 gloriam
1728 1779 1844 1852 ejus
1877 1783 2030 1840 dica-
2061 1780 2109 1841 B
2135 1777 2188 1832 in
2228 1776 2518 1845 semetipso
2556 1775 2756 1830 existat
2788 1775 3006 1844 impius.
3046 1774 3254 1845 Spiritu
3288 1782 3476 1832 autem
3516 1775 3718 1830 timoris

438 1885 559 1924 mus
576 1878 1024 1938 consummatam,
1049 1870 1203 1946 cujus
1220 1873 1673 1943 magniﬁcentiam
1694 1888 1855 1945 supra
1878 1888 2040 1931 omne

436 1961 584 2031 quod
621 1961 822 2021 dicitur
850 1970 943 2018 aut
968 1963 1309 2029 nominatur,
1362 1965 1475 2019 sive
1517 1963 1571 2024 in
1615 1964 1782 2032 ctelo,
1828 1964 1942 2023 sive
1982 1964 2039 2020 in

440 2059 589 2106 terra
610 2051 883 2116 credimus
909 2053 1286 2113 sublevatam?
1310 2051 1492 2124 Neque
1511 2053 1655 2113 enim
1683 2067 1877 2112 sensus
1898 2069 2043 2112 com-

437 2143 801 2219 prehendere,
818 2150 911 2200 aut
939 2159 1123 2201 sermo
1139 2145 1338 2215 poterit
1363 2144 1654 2216 explicare,
1685 2159 1807 2215 quae
1824 2152 1879 2201 et
1901 2160 2039 2215 qua-

440 2237 537 2301 lia,
568 2236 650 2292 vel
678 2244 882 2306 quanta
906 2236 1017 2297 sint
1038 2251 1162 2306 quae
1191 2234 1308 2305 ejus
1331 2235 1563 2295 debeant
1597 2237 1795 2292 ascribi
1829 2238 2036 2308 gloriae,

442 2325 683 2394 quicum
713 2325 874 2387 Patre
905 2333 961 2387 et
988 2323 1192 2399 Spiritu
1221 2332 1413 2380 sancto
1439 2324 1570 2385 vivit
1595 2332 1651 2380 et
1676 2335 1865 2397 regnat
1899 2326 2041 2383 Deus

440 2417 561 2473 sine
588 2414 713 2475 line.
740 2413 847 2471 Sed
876 2413 998 2472 ideo
1023 2415 1140 2477 haec
1162 2425 1219 2473 et
1246 2415 1301 2473 iu
1339 2414 1591 2475 Putribns
1629 2417 1861 2489 singula,
1903 2425 1960 2473 et
1985 2416 2041 2473 in

441 2506 661 2566 Christo
684 2506 853 2568 simul
875 2505 1056 2562 omnia
1083 2522 1188 2562 non
1214 2507 1492 2573 miramur,
1532 2507 1656 2578 quia
1688 2508 1747 2568 in
1762 2506 2039 2580 discipulis

441 2600 564 2672 ejus
588 2616 687 2675 per
725 2600 968 2674 singulos
1001 2601 1212 2674 singula
1247 2605 1572 2676 computari,
1599 2611 1655 2660 et
1684 2604 1738 2659 in
1774 2604 1937 2661 Petro
1961 2604 2039 2661 si-

445 2694 559 2756 mul
598 2694 788 2757 omnia
828 2702 1057 2765 possunt
1093 2694 1344 2756 inveniri.
1395 2694 1712 2772 Quanquam
1750 2694 1941 2751 eadem
1984 2694 2041 2750 in

427 2771 665 2846 Christo
703 2784 861 2858 longe
898 2785 1059 2848 aliter
1089 2801 1254 2858 quam
1287 2786 1351 2843 in
1383 2786 1597 2844 caeteris
1633 2786 1840 2843 sanctis
1874 2785 2043 2843 fuisse

445 2874 716 2937 credenda
744 2875 874 2940 sint.
915 2875 1050 2930 Nam
1078 2884 1389 2933 sanctorum
1426 2876 1620 2948 cuique
1654 2893 1757 2950 pro
1781 2878 2042 2934 varietate

447 2965 786 3027 voluntatum
808 2965 1004 3034 quibus
1031 2964 1295 3037 fragilitas
1317 2963 1551 3027 humana
1578 2980 1683 3026 non
1705 2974 1879 3034 caret,
1898 2982 2043 3026 nunc

448 3053 579 3121 hoc,
598 3068 743 3108 nunc
768 3053 905 3113 illud
922 3053 1129 3114 donum
1148 3052 1456 3116 accedentia
1489 3055 1576 3111 vel
1612 3055 1913 3112 recedendo
1947 3065 2043 3111 aut

2140 1865 2355 1924 Domini
2391 1864 2539 1922 illum
2572 1863 2803 1920 dicimus
2826 1864 3203 1935 adimpletum,
3233 1866 3324 1935 qui
3346 1864 3607 1934 judicium
3629 1865 3717 1921 Dei
3755 1900 3759 1906 -

2142 1961 2362 2025 timens,
2378 1975 2488 2016 non
2510 1967 2621 2014 tam
2644 1957 3001 2014 delectatione
3035 1959 3189 2029 regni
3226 1958 3469 2014 cmlestis
3489 1960 3625 2019 bona
3647 1957 3718 2013 fa-

2140 2067 2267 2112 cere
2289 2052 2502 2118 studet,
2531 2066 2692 2122 quam
2722 2050 2916 2106 timore
2952 2051 3211 2122 gehenna:
3239 2050 3381 2105 mala
3416 2057 3719 2120 perpetrare

2140 2163 2252 2205 non
2284 2145 2446 2205 audet
2472 2161 2486 2198 :
2517 2154 2573 2198 et
2607 2143 2687 2203 sic
2722 2140 2920 2213 gaudet
2956 2143 3023 2198 de
3059 2143 3421 2212 promissione
3460 2149 3719 2212 perpetuae

2141 2239 2287 2304 vine,
2324 2245 2385 2291 ut
2412 2235 2528 2297 non
2546 2235 2728 2293 minus
2754 2234 2942 2290 timeat
2966 2233 3030 2289 de
3057 2232 3319 2303 supplicio
3348 2232 3720 2302 perennispte-

2141 2345 2246 2396 nat,
2281 2336 2445 2398 atque
2472 2327 2579 2383 hoc
2606 2325 2804 2397 spiritu
2857 2333 3209 2398 compunctus
3236 2323 3483 2378 devertat
3509 2339 3540 2378 a
3567 2322 3718 2388 male,

2141 2430 2197 2477 et
2220 2419 2385 2476 faciat
2408 2408 2629 2475 bonum.

2212 2511 2368 2567 Hunc
2410 2516 2657 2565 sanctum
2693 2506 3030 2577 septiformis,
3053 2505 3241 2577 grat'ue
3275 2504 3549 2574 Spiritum
3581 2512 3635 2560 et
3670 2503 3719 2559 in

2141 2605 2392 2661 Patribus
2413 2610 2469 2659 et
2497 2603 2553 2658 in
2578 2600 2842 2671 apostolis.
2860 2598 3051 2661 fuisse,
3072 2606 3127 2651 et
3152 2613 3297 2653 nunc
3320 2597 3378 2653 in
3402 2605 3600 2654 sancte
3622 2610 3722 2651 ma-

2141 2697 2244 2752 tris
2284 2694 2540 2751 Ecclesite
2578 2692 2748 2758 ﬁlios,
2778 2691 2877 2762 qui
2908 2690 2963 2747 in
3002 2688 3221 2745 Christo
3246 2688 3489 2758 quotidie
3517 2689 3571 2743 in
3597 2703 3720 2758 aug—

2141 2794 2383 2844 mentum
2424 2783 2603 2855 populi
2635 2782 2720 2838 sui
2748 2789 3134 2847 renascuntur,
3156 2780 3340 2838 divino
3374 2793 3593 2834 munere
3617 2792 3723 2834 cre-

2140 2878 2319 2934 dimus
2343 2875 2560 2946 inspira-
2578 2875 2616 2930 i.
2645 2872 2705 2929 ln
2731 2873 2948 2929 Christo
2972 2889 3124 2939 vero,
3148 2883 3207 2929 ut
3229 2874 3595 2945 praediximus,
3616 2872 3723 2927 btet:

2142 2966 2269 3028 talia
2306 2981 2414 3021 non
2444 2963 2734 3038 miramur,
2786 2961 2938 3032 cujus
2967 2964 3385 3020 immensitatem
3428 2963 3606 3036 gloria
3635 2960 3725 3015 hu-

2142 3075 2305 3117 mana
2330 3070 2484 3113 mens
2513 3070 2622 3110 non
2662 3055 2804 3110 valet
2840 3069 3126 3110 enarrare.
3158 3054 3288 3126 Qtue
3329 3057 3475 3115 dona
3508 3053 3723 3125 qualiter

432 3144 667 3211 adesse.
693 3152 788 3206 aut
804 3145 995 3205 abesse
1023 3146 1405 3215 cognoscitur:
1432 3144 1651 3203 Christo
1674 3161 1823 3213 vero,
1852 3146 1944 3216 qui
1966 3153 2050 3203 est
2073 3143 2120 3205 ο
2150 3153 2207 3209 in
2236 3151 2326 3207 illo
2353 3149 2481 3214 sint,
2508 3161 2616 3219 quo
2636 3147 2782 3202 nullo
2809 3146 2969 3202 modo
2993 3146 3261 3216 explicare
3285 3148 3547 3214 valemus,
3570 3148 3723 3201 restat

450 3235 553 3293 Dei
574 3235 746 3298 virtus
788 3244 845 3295 et
890 3235 987 3292 Dei
1031 3237 1324 3313 sapientia,
1361 3246 1557 3300 cuncta
1594 3237 1768 3299 sanati
1810 3236 2046 3313 Spiritus

452 3327 785 3389 charismata
803 3327 970 3387 semel
998 3327 1269 3386 veniendo
1282 3336 1647 3396 accesserunt,
1668 3335 1723 3386 et
1751 3327 1809 3386 in
1828 3342 1895 3386 eo
1916 3343 2050 3389 ulm-

452 3435 617 3490 quain
645 3420 943 3477 recedentia
972 3428 1411 3491 permanserunt.
1630 3493 1639 3502 ο

527 3510 637 3567 Sed
663 3512 791 3588 quid
821 3512 938 3574 lucc
959 3512 1027 3568 de
1055 3514 1380 3583 patriarchis
1413 3522 1470 3570 et
1498 3513 1757 3584 apostolis
1782 3514 2055 3570 dicimus?

455 3617 581 3661 cum
618 3618 792 3673 imque
821 3619 967 3668 nunc
1000 3603 1347 3668 dill‘ulcutluni
1379 3606 1456 3666 sit
1483 3606 1667 3677 plures
1702 3607 1944 3677 quotidie
1966 3607 2050 3666 in-

455 3707 543 3755 tra
570 3706 773 3761 saneta:
795 3698 1264 3762 matrisEcclesite
1285 3699 1465 3760 sinum
1499 3714 1658 3770 posse
1687 3699 1931 3771 reperiri,
1956 3697 2051 3773 qui

454 3789 546 3846 vel
580 3789 944 3860 singulis,ch
967 3790 1213 3867 pluribus
1242 3792 1421 3853 sancti
1458 3791 1693 3864 Spiritus
1744 3792 1903 3855 donis
1941 3793 2051 3854 sint

455 3881 636 3943 dilati.
662 3883 845 3945 \lerax
865 3884 1012 3940 enim
1037 3892 1124 3943 est
1151 3884 1245 3954 qui
1291 3884 1351 3940 in
1373 3899 1432 3941 se
1470 3883 1866 3943 conlidentibus
1909 3899 2052 3955 pne-

454 3972 688 4035 seutiam
715 3988 868 4036 suam
896 3989 1065 4043 usque
1090 3971 1159 4028 ad
1184 3975 1704 4036 consummationem
1730 3973 1910 4032 saeculi
1929 3987 2054 4044 pro-

458 4065 608 4127 misit
650 4081 757 4128 non
789 4064 1123 4132 defuturam,
1155 4081 1263 4136 quo
1295 4073 1351 4123 et
1386 4067 1665 4126 nobiscum
1709 4072 1765 4120 et
1801 4064 1854 4120 in
1894 4064 2054 4123 nobis

457 4169 674 4227 semper
701 4164 974 4227 manente,
1004 4170 1355 4225 nequaquam
1367 4163 1556 4212 sancto
1583 4154 1914 4226 septiformis
1934 4170 2057 4225 gra-

458 4247 550 4303 tia:
575 4246 787 4319 Spiritu
804 4247 1131 4312 carebimus,
1157 4247 1594 4316 quicunctorum
1622 4246 1932 4317 largitorem
1961 4247 2056 4302 bo-

459 4355 655 4399 norum
685 4338 955 4399 credendo
988 4347 1044 4393 et
1071 4338 1209 4399 bene
1250 4337 1496 4399 faciendo
1524 4337 1881 4407 possidemus.
1925 4335 2053 4408 Spi-

458 4430 569 4490 ritu
604 4430 813 4491 etenim,
840 4429 1118 4503 sapientia:
1159 4429 1405 4501 regitur,
1433 4428 1526 4498 qui
1563 4427 1721 4482 ﬁdem
1757 4433 1958 4487 sancta:
2000 4433 2056 4480 et

2147 3250 2210 3301 ut
2237 3240 2393 3296 nobis
2417 3252 2482 3293 ea
2503 3237 2723 3294 donanti
2745 3237 2929 3292 laudes
2953 3235 3231 3293 dicamus:

2271 3351 2483 3406 Christe,
2508 3345 2647 3400 salus
2669 3346 2858 3407 tnundi,
2882 3352 3161 3397 sanctorum
3186 3346 3340 3410 gloria
3367 3360 3565 3411 perpcs,

2334 3413 2407 3467 Sit
2432 3413 2520 3462 tibi
2545 3411 2651 3461 laus
2672 3419 2725 3460 et
2748 3412 2902 3459 honor
2924 3422 3124 3472 semper
3149 3409 3207 3460 in
3224 3422 3344 3460 arce
3372 3409 3493 3474 poli.

2412 3515 2549 3573 Item
2575 3516 2640 3573 de
2667 3515 2835 3587 gratia
2863 3514 3180 3584 septiformis
3217 3511 3473 3583 Spiritus.

2222 3608 2461 3680 Spiritus
2489 3606 2766 3677 sapientize
2799 3603 2901 3660 fuit
2946 3604 3002 3658 in
3041 3603 3235 3669 Petro,
3286 3602 3506 3672 quando
3538 3596 3727 3657 relictis

2152 3704 2357 3760 retibus
2396 3706 2453 3754 et
2491 3696 2616 3757 navi
2647 3704 2865 3752 secutus
2897 3702 2981 3751 est
3009 3693 3315 3749 Dominum.
3360 3692 3613 3764 Spiritum
3645 3689 3721 3744 in-

2152 3795 2407 3852 tellectus.
2426 3790 2615 3850 habuit
2640 3787 2883 3859 quando,
2913 3787 3143 3845 Domino
3172 3787 3540 3857 interrogante
3577 3796 3721 3854 quem

2152 3884 2399 3942 homines
2420 3892 2541 3936 esse
2562 3878 2804 3934 dicerent
2836 3876 3030 3932 Filium
3059 3875 3323 3941 hominis,
3357 3874 3624 3930 Christum
3646 3868 3724 3924 Fi-

2153 3977 2285 4036 lium
2312 3973 2409 4031 Dei
2441 3972 2551 4030 vivi
2576 3985 2697 4027 esse
2724 3977 2780 4025 et
2807 3968 3071 4024 intellexit
3093 3977 3150 4022 et
3179 3967 3477 4038 respondit.
3510 3964 3724 4035 Spiritus

2155 4066 2366 4124 consilii
2405 4071 2523 4119 erat
2561 4063 2616 4116 in
2646 4061 2757 4127 illo,
2798 4060 3013 4130 quando
3054 4059 3260 4114 Simoni
3287 4058 3569 4129 pecuniam
3609 4051 3725 4109 olle-

2156 4156 2327 4219 renti,
2362 4154 2532 4212 sancti
2560 4151 2793 4223 Spiritus
2816 4150 3043 4221 gratiam
3074 4149 3303 4203 vendere
3331 4148 3538 4210 nolens,
3569 4145 3723 4213 ipsum

2157 4246 2433 4304 Simonem
2458 4258 2579 4300 cum
2606 4242 2830 4314 pecunia
2873 4256 2969 4295 sua
3000 4239 3052 4296 in
3080 4237 3438 4311 perditionem
3466 4238 3542 4292 ire
3558 4232 3722 4304 jussit.

2159 4340 2421 4412 Spiritum
2446 4337 2775 4394 fortitudinis
2801 4336 3011 4401 habuit,
3041 4335 3255 4405 quando
3292 4342 3542 4404 exempto
3564 4329 3724 4403 g'atlio

2160 4432 2454 4489 auriculam
2492 4429 2663 4485 Maleo
2701 4427 2941 4483 abstulit.
2984 4426 3245 4496 Spiritum
3287 4426 3527 4482 scientiae
3561 4433 3725 4493 posse-

459 4518 751 4583 individua:
780 4518 1075 4576 Trinitatis
1090 4526 1202 4578 tam
1231 4518 1300 4573 ad
1342 4520 1424 4574 sui
1458 4533 1620 4589 quam
1665 4516 1893 4580 aliorum
1936 4532 2061 4587 pro-
2084 4505 2137 4568 υ
2160 4525 2260 4590 dit,
2289 4538 2410 4578 cum
2446 4519 2659 4577 caeteris
2682 4517 2959 4588 discipulis
2991 4518 3045 4572 in
3074 4517 3198 4575 navi
3240 4516 3606 4573 dubitantibus
3635 4510 3725 4564 Do-

462 4610 673 4673 fectum~
692 4608 936 4671 ediscere
963 4610 1154 4672 nititur
1180 4618 1240 4669 ut
1266 4624 1362 4679 per
1402 4611 1544 4672 hanc
1578 4617 1635 4665 et
1662 4608 1930 4669 haereticis
1972 4622 2058 4663 re-

459 4703 748 4768 sistere,et
761 4717 888 4757 suos
907 4701 1083 4757 valeat
1097 4703 1439 4764 conﬁrmare.
1465 4704 1724 4774 Spiritum
1752 4704 2057 4765 intellectus

464 4802 640 4861 tenet,
659 4795 752 4865 qui
777 4794 958 4855 divina
987 4804 1265 4871 prtecepta
1279 4796 1522 4862 audiens,
1559 4812 1718 4866 quam
1751 4796 2056 4856 necessaria

463 4887 536 4945 sit
575 4901 760 4947 eorum
805 4887 1045 4958 cognitio
1090 4900 1261 4947 sensu.
1293 4888 1471 4943 cordis
1516 4888 1771 4957 percipit,
1808 4893 1865 4940 ct
1897 4884 2054 4953 juxta

466 4981 682 5040 beatum
724 4977 1005 5047 Iacobum,
1038 4996 1143 5041 twn
1169 4980 1462 5039 obliuiosus.
1488 4980 1699 5041 auditor
1740 4980 1933 5057 factus,
1962 4976 2056 5034 sed

466 5080 721 5141 operator
745 5080 1028 5136 strenuus,
1044 5084 1110 5125 ea
1138 5086 1258 5140 quze
1286 5070 1551 5130 intellexit
1577 5068 1858 5135 mandata,
1883 5066 2060 5125 studet

468 5168 525 5217 ut
554 5177 584 5214 a
614 5174 673 5215 se
696 5158 827 5217 ﬁant
849 5175 1009 5229 quam
1034 5159 1377 5230 integerrime
1397 5159 1684 5221 custodita.
1714 5158 1917 5228 Spiritu
1938 5172 2064 5215 con-

469 5250 576 5310 silii
601 5250 762 5321 viget,
796 5251 886 5319 qui
920 5248 973 5304 in
1005 5250 1216 5311 cunctis
1240 5265 1360 5327 quae
1383 5263 1542 5321 agere
1566 5247 1822 5326 disponit,
1856 5266 1923 5303 an
1946 5248 2062 5311 hate

471 5341 586 5403 Deo
639 5341 749 5395 sint
787 5340 1049 5412 placitura
1092 5342 1406 5419 pnecogitat
1440 5360 1455 5396 :
1498 5343 1691 5398 melius
1743 5343 2061 5398 existimans

472 5443 593 5501 quae
617 5438 673 5484 et
697 5428 929 5499 qualiter
951 5429 1155 5501 agenda
1182 5438 1307 5489 sunt
1342 5430 1505 5503 prius.
1523 5433 1697 5493 tacite.
1720 5431 2062 5495 considerare

2158 4617 2362 4671 mitium
2386 4625 2506 4666 esse
2528 4608 2801 4679 cognovit.
2829 4607 3065 4677 Spiritus
3092 4606 3311 4678 pietatis
3336 4621 3457 4662 cum
3480 4603 3565 4660 illo
3601 4602 3721 4657 eral.

2157 4700 2373 4774 quando
2419 4699 2701 4754 Dominum
2733 4709 3013 4767 quousque
3039 4694 3191 4750 fratri
3221 4695 3277 4750 in
3304 4710 3364 4750 se
3385 4690 3619 4766 peccanli
3654 4684 3726 4741 di-

2156 4796 2375 4852 mittere
2429 4790 2701 4847 debuisset
2746 4787 3113 4858 interrogavit.
3144 4784 3350 4855 Spiritu
3400 4780 3600 4840 timoris
3634 4776 3725 4829 Do-

2157 4886 2291 4945 mini
2315 4884 2505 4954 plcnus
2528 4890 2668 4947 erat,
2692 4879 2907 4950 quando
2934 4879 3048 4934 viso
3087 4876 3315 4946 piscium
3349 4870 3598 4929 miraculo
3617 4879 3728 4919 cor.-

2164 4981 2456 5039 sternatus,
2487 4969 2553 5026 ad
2584 4970 2866 5027 Dominum
2889 4967 3103 5024 dicebat
3128 4986 3142 5023 :
3172 4967 3273 5025 Exi
3302 4982 3332 5023 a
3362 4979 3465 5030 me,
3502 4958 3723 5017 Domine,

2164 5068 2292 5145 quia
2322 5068 2485 5131 homo
2514 5071 2766 5134 peccator
2794 5077 2912 5116 sum
2952 5074 3072 5132 ego.

2790 5152 2923 5215 Item
2953 5153 3127 5208 aliter.

2237 5249 2471 5320 Spiritus
2509 5245 2787 5316 sapientiae
2822 5242 2922 5299 fuit
2950 5245 3003 5301 in
3027 5242 3272 5305 Andrea,
3313 5238 3414 5296 fuit
3439 5244 3493 5291 et
3529 5234 3578 5289 in
3615 5225 3725 5284 ﬁliis

2165 5319 2429 5404 Zebedmi,
2459 5336 2671 5409 quando
2712 5336 2961 5391 similiter
2986 5343 3048 5397 ut
3090 5335 3285 5389 Petrus
3310 5329 3508 5386 relictis
3542 5319 3724 5414 mihi?

2164 5440 2219 5487 θῐ
2238 5431 2361 5494 navi
2383 5406 2553 5493 sectili
2579 5436 2711 5489 sunt
2738 5426 3043 5485 Dominum.
3072 5423 3304 5494 Spiritus
3332 5417 3618 5476 intellectus
3635 5406 3724 5460 fuit

475 5497 638 5589 quam
679 5497 882 5589 aliquid
909 5497 1211 5579 inconsulte
1248 5497 1530 5587 inchoare,
1561 5523 1704 5578 unde
1741 5537 1863 5581 eum
1894 5522 2068 5593 pmni—
2167 5524 2222 5583 in
2249 5523 2475 5586 Thema,
2505 5520 2721 5592 quando
2750 5518 2978 5590 pnlpatis
3003 5516 3315 5579 vulneribus
3340 5504 3625 5567 dominicis.
3651 5497 3720 5564 ip-

480 5612 645 5672 tentia
676 5622 834 5684 cogat
860 5617 928 5669 ab
952 5616 1186 5687 incmpto
1212 5616 1492 5672 desistere.
1523 5615 1875 5671 Fortitudinis
1903 5614 2067 5686 spiri-

485 5718 599 5773 tum
633 5709 812 5776 lubet,
846 5710 1151 5784 quicunque
1179 5711 1393 5769 diabolo
1423 5719 1477 5766 et
1504 5710 1761 5767 membris
1786 5708 1935 5777 ejus.
1960 5708 2070 5770 bac-

2168 5632 2286 5671 snm
2325 5615 2492 5669 Deum
2536 5621 2592 5668 et
2621 5612 2904 5668 Dominum
2946 5624 3102 5666 suum
3128 5616 3183 5663 et
3218 5601 3506 5664 intellexit,
3542 5601 3594 5649 et
3610 5603 3717 5671 PV!"

2171 5707 2346 5769 lessus
2372 5711 2475 5761 cst.
2511 5703 2744 5779 Spiritus
2771 5700 2980 5759 consilii
3010 5699 3205 5762 erat'in
3229 5694 3434 5761 eunetis
