4092 6188
270 1836 351 1954 α

468 347 573 403 917

1927 332 2309 391 Εῐιιδτοιηε.

3648 347 3753 403 ωδ

464 461 681 534 quando
718 459 1020 515 futurorum
1047 456 1265 523 curiosi,
1306 454 1593 512 Dominum
1623 456 1690 512 de
1726 455 1832 511 [ine
1871 452 2056 509 mundi
2084 453 2134 513 Δ
2162 452 2266 510 hoc
2294 456 2527 526 negotio,
2549 457 2776 524 scilicet,
2803 467 2897 514 aut
2916 469 3065 516 certe
3090 462 3272 516 statim
3298 462 3462 517 alium
3491 464 3752 521 inveniret

462 555 839 613 consulebant.
871 551 1130 623 Spiritum
1157 549 1490 606 fortitudinis
1514 549 1764 604 omnibus
1785 544 2063 616 discipulis

462 649 701 706 adfuisse
727 663 886 703 nemo
909 654 1090 718 negat,
1118 645 1222 700 nisi
1249 644 1341 714 qui
1367 660 1461 700 eos
1485 660 1585 714 pro
1618 642 1818 698 Christi
1846 641 2066 695 nomine

464 748 695 798 mortem
744 740 857 810 pati
894 738 1131 795 noluisse
1185 736 1491 792 conﬁrmat.
1541 734 1777 805 Spiritus
1826 730 2065 787 scientias

464 841 584 889 erat
612 833 668 888 in
696 829 923 895 Joanne,
951 829 1042 900 qui
1073 837 1183 884 tam
1213 828 1467 883 distincte
1494 827 1562 882 de
1592 825 1875 883 divinitate
1898 831 1952 877 et
1973 822 2068 877 hu-

467 925 728 979 manitate
756 916 1051 978 Salvatoris
1080 921 1135 976 in
1161 903 1427 990 principio
1464 917 1736 989 Evangelii
1769 916 1852 971 sui
1898 915 2069 970 disse-

468 1017 597 1083 ruit,
640 1023 694 1071 et
733 1032 840 1071 non
875 1014 1053 1070 minus
1090 1012 1326 1068 discret‘e
1370 1012 1438 1067 de
1477 1020 1685 1081 septem
1723 1007 1978 1064 tonitruis
2012 1006 2067 1061 in

466 1105 810 1178 Apocalypsi,
840 1120 960 1174 qua:
988 1102 1216 1168 silenda,
1257 1115 1483 1172 qurcqne
1522 1099 1751 1155 fuissent
1779 1094 2066 1167 loquenda,

469 1195 810 1265 conscripsit.
838 1194 1072 1264 Spiritus
1110 1193 1329 1263 pietatis
1357 1190 1457 1245 fuit
1484 1191 1538 1245 in
1567 1189 1861 1258 Stephano,
1888 1185 1978 1258 qui
2013 1185 2070 1239 in

469 1289 588 1359 ipso
617 1287 809 1343 mortis
835 1286 1063 1342 articulo
1088 1302 1188 1356 pro
1200 1283 1641 1355 persecutoribus
1667 1282 1780 1337 suis
1801 1280 2066 1335 exoravit.

471 1379 708 1451 Spiritus
746 1378 961 1434 timoris
996 1377 1210 1434 Domini
1262 1376 1363 1432 fuit
1392 1375 1449 1431 in
1488 1376 1740 1431 omnibus
1782 1372 2069 1445 apostolis,

471 1473 599 1543 quia
645 1489 753 1529 non
790 1472 965 1528 solum
1006 1473 1147 1528 bona
1187 1470 1483 1537 faciebant,
1525 1468 1620 1525 sed
1660 1468 1824 1524 etiam
1854 1474 2074 1538 propter

473 1580 713 1623 amorem
736 1566 833 1623 Dei
852 1565 992 1621 mala
1017 1564 1196 1621 facere
1229 1580 1336 1621 non
1356 1563 1646 1620 audebant.

1035 1675 1371 1733 EPISTOLA
1407 1675 1526 1732 XV.

690 1807 759 1847 AD
792 1806 1132 1849 GARIBALDUH
1164 1806 1495 1848 LEODIENSEI
1539 1805 1852 1847 BI’ISCOI‘IJII.

478 1906 556 1963 De
579 1923 707 1962 cura
729 1923 887 1979 quam
914 1906 1236 1979 instruendis
1271 1906 1479 1979 populis
1504 1907 1765 1979 prcecipue
1809 1918 1930 1961 ante
1974 1905 2071 1960 ba-

781 1978 1031 2047 ptismum
1055 1977 1298 2033 abhibere
1321 1977 1513 2033 debent
1526 1977 1780 2050 pastores.

1091 2068 1273 2141 (Anno
1315 2069 1468 2142 800.)

770 2158 863 2219 (Ex
893 2158 1140 2223 Martene,
1165 2160 1280 2211 Vet.
1305 2162 1480 2225 Script.
1504 2162 1651 2223 ampl.
1673 2161 1822 2222 Coll.)

552 2241 610 2296 In
642 2241 862 2297 nomine
905 2240 1105 2306 Patris,
1130 2250 1188 2297 et
1210 2243 1358 2311 Filii,
1405 2253 1462 2301 et
1489 2244 1728 2315 Spiritus
1752 2247 1947 2301 sancti.
1975 2245 2078 2302 Ca-

482 2334 632 2389 rolus
656 2324 1034 2389 serenissimus
1066 2332 1342 2405 Augustus
1380 2351 1412 2391 a
1452 2337 1563 2393 Deo
1606 2346 1917 2404 coronatus,
1958 2353 2078 2394 ma-

480 2438 639 2495 gnus,
670 2422 947 2495 paciﬁcus,
977 2423 1292 2493 imperator,
1320 2427 1630 2496 gubernans
1655 2427 1962 2497 imperium,
1985 2427 2080 2498 qui

480 2523 538 2571 et
565 2529 663 2585 per
688 2513 1115 2570 misericordiam
1146 2514 1239 2571 Dei
1267 2530 1364 2571 rex
1392 2516 1725 2573 Francorum
1766 2525 1823 2572 et
1864 2518 2081 2590 Lango-

482 2604 799 2671 bardorum,
824 2604 1120 2661 Garibaldo
1152 2606 1406 2676 episcopo
1449 2607 1506 2662 in
1546 2607 1776 2671 Domino
1821 2609 2073 2664 salutem.

554 2698 698 2753 Bene
714 2697 880 2768 igitur
900 2696 1174 2753 recordari
1193 2697 1467 2754 credimus
1494 2699 1773 2755 sanctitati
1800 2707 1928 2767 tuae,
1954 2715 2084 2770 qua-

482 2787 609 2843 liter
635 2789 832 2858 saepius
858 2788 913 2843 iu
933 2797 1203 2845 conventu
1230 2796 1286 2845 et
1307 2790 1539 2846 concilio
1561 2798 1750 2847 nostro
1769 2792 2081 2848 monuimus

2100 1817 2150 1878 B

2165 545 2446 613 scientem,
2473 557 2567 602 aut
2599 549 2644 604 si
2676 548 2961 607 inﬁrmitas
2994 569 3100 609 non
3132 552 3433 622 impediret,
3477 567 3751 625 exspecta-

2166 644 2249 692 ret
2273 636 2340 693 de
2364 638 2568 694 Pascha
2595 656 2765 711 usque
2801 642 2854 697 in
2886 641 3263 710 Pentecosten,
3305 647 3476 702 donec
3515 649 3628 718 ipse
3674 648 3753 703 di-

2167 737 2344 783 sceret
2380 745 2443 785 ea
2470 746 2590 801 quae
2619 748 2778 803 supra
2814 734 2959 790 dicta
2998 746 3142 791 sunt.
3182 738 3337 795 Nunc
3372 749 3552 796 autem
3579 740 3756 797 denuo

2167 835 2450 877 monemus
2474 831 2534 877 ut
2560 840 2828 882 memores
2858 828 2994 894 sitis,
3027 830 3164 885 sicut
3204 832 3457 889 condecet
3494 834 3757 905 dc‘tniui-

2168 913 2336 969 sterio
2376 916 2718 982 sacerdotali,
2761 929 2811 974 et
2853 932 3176 979 conventum
3228 927 3474 983 habeatis
3502 944 3627 983 cum
3671 944 3761 983 ve-

2169 1004 2299 1058 stris
2326 1005 2715 1077 sacerdotibus,
2745 1019 2798 1063 ct
2818 1009 3105 1083 diligenter
3136 1030 3351 1070 onmem
3373 1018 3449 1071 rei
3480 1016 3761 1072 veritatem

2170 1097 2431 1164 requirite
2485 1107 2539 1152 et
2584 1102 2888 1157 examinate
2934 1120 2951 1157 :
2988 1105 3061 1159 ita
3116 1113 3177 1160 ut
3218 1122 3354 1176 opus
3403 1108 3615 1162 Domini
3652 1123 3760 1161 non

2170 1193 2474 1254 pnetereat,
2520 1205 2621 1245 nec
2665 1191 2842 1260 aliqua
2890 1194 3169 1262 requisitio
3214 1197 3366 1252 vobis
3424 1198 3619 1255 exinde
3668 1196 3761 1253 ﬁat

2172 1284 2296 1330 ante
2319 1290 2663 1350 conspectum
2691 1292 2891 1340 sanctae
2927 1286 3243 1356 majestatis.

2724 1395 3060 1454 EPISTOLA
3086 1399 3231 1458 XVI.

2591 1521 2655 1559 AD
2686 1520 3027 1564 GABIBALDUM
3057 1524 3370 1569 Ενιεοοῐνωι.

2175 1616 2449 1684 Ieiunium
2502 1634 2595 1700 pro
2652 1622 3042 1700 necessitatibus
3076 1624 3339 1700 publicis,
3397 1630 3624 1683 maxime
3671 1647 3765 1700 pro

2531 1690 2691 1758 fame,
2730 1704 2867 1760 ieste
2912 1704 2962 1748 et
3005 1690 3139 1749 bello
3179 1696 3321 1752 indie
3342 1708 3445 1751 tur.

2795 1776 2975 1855 (Anno
3000 1784 3151 1858 800.)

2457 1874 2551 1934 (Ex
2579 1875 2821 1939 Martene,
2849 1876 2960 1928 Vet.
2986 1879 3330 1943 Script.ampl.
3354 1882 3501 1945 Coll.)

2246 1957 2303 2011 lu
2334 1957 2551 2013 nomine
2568 1957 2764 2024 Patris,
2788 1967 2844 2013 et
2869 1959 3013 2024 Filii,
3029 1969 3083 2015 et
3113 1961 3350 2033 Spiritus
3375 1967 3571 2021 sancti.
3598 1965 3771 2022 Caro-

2177 2051 2263 2106 lus
2290 2053 2670 2108 serenissimus
2690 2064 2949 2124 angustus
2982 2070 3013 2109 a
3035 2056 3146 2110 Deo
3173 2066 3485 2124 coronatus,
3515 2061 3545 2100 δ
3571 2059 3774 2117 Chaer-

2176 2142 2338 2199 baldo
2353 2144 2627 2213 episcopo,
2657 2159 2783 2200 cum
2810 2145 3081 2201 universis
3115 2147 3214 2202 tibi
3239 2149 3615 2219 omnipotente
3662 2151 3774 2208 Deo

2176 2244 2233 2290 et
2258 2244 2442 2291 nostra
2464 2236 2808 2291 ordinatione
2827 2237 3137 2292 commissis
3181 2239 3235 2293 in
3263 2238 3493 2296 Domino
3521 2242 3772 2297 salutem.

2249 2326 2447 2383 Notum
2474 2328 2547 2383 sit
2565 2327 2843 2382 dilectioni
2869 2336 3066 2383 vestra:
3085 2331 3211 2394 quia
3230 2346 3332 2387 nos
3370 2348 3494 2387 cum
3530 2332 3777 2390 ﬁdelibus

2179 2420 2384 2476 nostris
2408 2428 2520 2474 tam
2545 2417 2921 2489 spiritualibus
2953 2430 3116 2492 quam
3143 2422 3499 2480 saecularibus
3533 2433 3778 2480 tractan-

2179 2521 2284 2577 tes,
2315 2526 2438 2568 cum
2469 2524 2737 2567 consensu
2762 2519 2818 2567 et
2838 2512 2956 2583 pari
2986 2512 3216 2569 consilio
3245 2513 3554 2571 invenimus
3582 2529 3772 2573 neces-

2180 2602 2409 2666 sarium,
2430 2611 2486 2656 et
2505 2609 2731 2672 propter
2774 2602 3042 2659 instantes
3093 2604 3356 2675 quasdam
3400 2607 3776 2675 necessitates,

2183 2710 2321 2765 quas
2347 2696 2535 2751 subter
2583 2694 2938 2766 significaturi
2972 2711 3179 2761 sumus,
3236 2697 3338 2752 tria
3397 2698 3645 2753 triduana
3690 2697 3779 2768 je-

2177 2787 2332 2859 junia
2361 2786 2431 2842 ab
2454 2787 2710 2844 omnibus
2740 2789 2898 2844 nobis
2931 2789 3258 2860 generaliter
3281 2804 3403 2845 esse
3431 2790 3776 2857 celebranda,

482 2886 550 2940 de
576 2883 957 2953 μτωάίοειιίοηε
992 2884 1048 2939 in
1076 2892 1264 2940 sancta
1310 2884 1404 2940 Dei
1433 2883 1675 2941 Ecclesia
1702 2886 2081 2956 unusquisque
2181 2886 2346 2946 atque
2369 2877 2440 2933 ab
2461 2891 2529 2933 eo
2549 2876 2740 2947 inquo
2760 2876 3014 2943 vivimus,
3040 2894 3322 2935 movemur
3340 2890 3396 2935 ct
3442 2896 3650 2947 sumus,
3682 2897 3780 2941 au-

485 2981 727 3028 vestrtnn
755 2972 1052 3029 secundum
1077 2981 1390 3029 sanctorum
1418 2990 1689 3030 canonum
1731 2976 2081 3032 autoritatem
2181 2966 2371 3022 ιὶιὶιιιη
2399 2982 2522 3024 esse
2549 2969 2922 3040 quamdam.
2954 2985 2985 3024 ιι
3013 2985 3123 3040 quo
3148 2971 3410 3041 quidquid
3430 2972 3577 3041 iuste
3601 2988 3666 3029 ac
3693 2988 3781 3030 ra-

483 3071 541 3118 et
575 3062 873 3133 pnndicare
906 3072 961 3119 et
995 3063 1192 3120 docere
1229 3065 1470 3121 demi-et.
1511 3065 1694 3122 Primo
1728 3068 1971 3123 omnium
2013 3068 2082 3125 de
2184 3059 2520 3116 tionabiliter
2562 3061 2697 3117 ﬁdes
2745 3072 2949 3129 vestra,
2996 3078 3121 3134 spes
3165 3074 3335 3132 certa,
3394 3080 3489 3121 seu
3538 3068 3780 3127 charitas

488 3246 864 3302 tantummodo
889 3248 1190 3303 orationem
1208 3249 1539 3305 Dominicam
1557 3258 1613 3304 et
1636 3250 1940 3322 symbolum
1961 3252 2084 3310 ﬁdei

488 3339 791 3405 catholicze,
818 3340 958 3396 sicut
983 3341 1211 3410 apostoli
1236 3340 1556 3405 docuerunt,
1589 3351 1776 3398 tenere
1803 3351 1858 3397 et
1885 3358 2087 3402 memo-

489 3432 625 3487 riter
651 3432 885 3489 recitare
921 3434 1207 3503 potuisset,
1238 3442 1295 3488 et
1331 3441 1393 3489 ut
1422 3434 1599 3490 nullus
1624 3435 1693 3489 de
1735 3450 1895 3492 sacro
1936 3436 2086 3493 fonte

490 3523 835 3593 baptismatis
856 3523 1091 3594 aliquem
1119 3524 1392 3595 suscipere
1412 3533 1768 3595 praesumeret
1794 3534 2084 3596 antequam

489 3614 545 3668 in
582 3620 761 3667 vestra
800 3622 893 3668 aut
931 3615 1301 3670 ministrorum
1335 3623 1640 3670 vestrorum
1694 3616 1837 3672 sacri
1875 3616 2085 3673 ordinis

487 3704 777 3773 pnescntia
803 3705 1105 3761 orationem
1134 3705 1470 3761 Dominicam
1505 3714 1562 3762 et
1603 3706 1908 3778 symbolum
1946 3708 2087 3765 reci-

487 3800 649 3861 taret,
676 3802 732 3850 et
757 3795 896 3851 sicut
924 3796 981 3851 in
1007 3798 1254 3867 proximo
1282 3799 1647 3869 comperimus
1672 3812 1699 3842 ι
1727 3800 1782 3855 in
1807 3799 1895 3857 die
1916 3816 2084 3871 appa-

489 3885 704 3941 ritionis
730 3886 943 3943 Domini
968 3889 1124 3943 multi
1163 3888 1382 3946 fuerunt
1419 3890 1558 3961 apud
1593 3906 1693 3947 nos
1725 3891 1952 3957 inventi,
1992 3894 2086 3964 qui

489 3976 744 4032 volebant
770 3977 1046 4048 suscipere
1074 3978 1309 4036 infantes
1326 3979 1396 4037 de
1424 3995 1582 4037 sacro
1608 3980 1757 4037 fonte
1785 3981 2085 4051 baptisma-

489 4069 580 4135 tis,
598 4084 734 4139 quos
751 4067 1015 4139 iussimus
1032 4069 1378 4141 singulariter
1395 4079 1451 4127 et
1470 4071 1758 4143 diligenter
1774 4072 2089 4128 examinare

487 4169 546 4216 et
579 4161 875 4231 requirere,
911 4162 960 4217 si
982 4164 1284 4219 orationem
1310 4164 1645 4221 Dominicam
1676 4174 1734 4220 et
1759 4167 2084 4238 symbolum,

434 4284 439 4287 ‹
491 4256 551 4303 ιιι
573 4264 736 4319 supra
756 4247 1012 4316 diximus,
1053 4252 1256 4307 scirent
1289 4262 1345 4307 et
1361 4256 1676 4312 memoriter
1709 4262 1995 4323 tenerent;
2031 4265 2088 4312 et

442 4386 447 4391 ,
491 4339 674 4409 plures
698 4338 916 4410 fuerunt
946 4342 1036 4412 qui
1064 4343 1210 4398 nulla
1247 4343 1442 4400 exinde
1474 4344 1530 4399 in
1566 4346 1885 4401 memoriam
1924 4347 2090 4404 habe-

491 4432 665 4487 bant:
717 4432 913 4502 quibus
955 4436 1310 4506 pnecepimus
1357 4435 1650 4503 abstinere,
1696 4444 1757 4492 ut
1797 4444 2088 4508 antequam

455 3144 473 3161 ⁸
486 3155 592 3211 ﬁde
614 3156 912 3224 catholica;
934 3165 994 3212 ut
1011 3166 1067 3212 et
1088 3158 1179 3227 qui
1200 3158 1432 3229 amplius
1451 3173 1647 3230 capere
1664 3175 1773 3215 non
1794 3160 2074 3230 valuisset,

2183 3150 2420 3222 perfecta
2447 3152 2706 3222 postulat,
2733 3153 2851 3207 sine
2893 3153 3058 3208 dubio
3095 3163 3337 3221 tempore
3384 3172 3625 3228 congruo
3672 3159 3781 3215 im-

2186 3252 2366 3314 petrat
2390 3261 2405 3310 ;
2429 3245 2546 3315 ipso
2572 3245 2803 3301 Domino
2821 3245 3037 3301 dicente
3068 3262 3085 3300 :
3116 3246 3284 3303 Petite
3301 3259 3351 3304 et
3374 3249 3591 3305 dabitur
3615 3252 3778 3318 vobis,

2184 3337 2405 3407 quaerite
2428 3347 2477 3390 et
2500 3336 2792 3398 invenietis.
2815 3336 3020 3408 pulsate
3045 3346 3097 3393 et
3134 3339 3400 3410 aperietur
3442 3341 3606 3397 vobis.
3660 3338 3782 3414 Ipsa

2187 3436 2369 3481 autem
2388 3425 2614 3496 jejunia,
2644 3428 2788 3483 sicut
2829 3429 2986 3484 nobis
3007 3430 3263 3485 omnibus
3301 3431 3475 3487 visum
3525 3441 3629 3500 est,
3680 3435 3785 3491 hac

2185 3519 2516 3577 discretione
2542 3533 2701 3589 posse
2725 3520 2863 3585 tieri,
2888 3519 3121 3576 Domino
3147 3520 3434 3592 largiente,
3473 3538 3781 3596 congruen-

2187 3619 2273 3666 ter
2292 3609 2531 3680 impleta,
2557 3609 2765 3665 scilicet
2792 3617 2852 3663 ut
2879 3610 3116 3679 primum
3138 3625 3196 3666 xt
3226 3611 3420 3669 diebus
3458 3622 3586 3686 post
3629 3614 3780 3671 festi-

2185 3705 2412 3759 vitatem
2438 3702 2612 3758 sancti
2662 3701 2893 3757 Andreae
2924 3702 3238 3769 transactis,
3285 3703 3340 3759 id
3394 3713 3479 3760 est
3527 3720 3587 3760 ιιι
3635 3706 3780 3770 ldus,

2186 3802 2243 3849 et
2266 3793 2391 3849 ldus
2411 3791 2745 3857 Decembris,
2777 3800 2833 3847 et
2855 3807 2988 3846 xvm
3016 3791 3287 3847 Kalendas
3308 3790 3552 3850 Januarii
3578 3795 3674 3849 tali
3701 3811 3785 3850 ra-

2188 3887 2336 3942 tione
2359 3886 2473 3954 ﬁat,
2499 3892 2558 3941 ut
2571 3898 2761 3942 omnes
2779 3899 2808 3938 a
2831 3884 2957 3940 vino
2982 3893 3038 3940 et
3065 3900 3239 3941 carne»
3255 3885 3341 3942 his
3365 3901 3428 3941 ιιι
3454 3887 3646 3944 diebus
3658 3890 3784 3946 abs-

2189 3980 2401 4035 tineant
2417 3986 2473 4033 et
2505 3979 2887 4049 usquehoram
2915 3993 3112 4033 nonam
3128 3976 3394 4048 jejnnent,
3413 3989 3641 4052 excepto
3660 3997 3782 4053 qua:

2188 4078 2282 4126 aut
2293 4079 2431 4126 tetas
2442 4079 2536 4126 aut
2548 4068 2837 4125 infirmitas
2849 4084 2957 4124 non
2976 4069 3266 4139 permittit,
3283 4070 3383 4141 qui‘
3393 4078 3574 4125 tamen
3590 4086 3784 4127 secun-

2188 4162 2316 4219 dum
2345 4177 2499 4218 suam
2543 4161 2857 4232 qualitatem
2900 4161 2985 4215 vel
3033 4161 3159 4216 vitae
3202 4175 3315 4216 sum
3367 4160 3778 4232 profcssionem,

2188 4262 2283 4309 aut
2308 4252 2612 4309 rationibus
2643 4250 2762 4325 [F.,
2791 4250 3157 4324 orationibus]
3207 4251 3360 4318 satis,
3404 4260 3497 4306 aut
3544 4251 3778 4308 elocuto-

2190 4347 2340 4420 synis
2366 4346 2636 4417 congruis,
2679 4344 2733 4400 id
2776 4344 2972 4415 ipsum,
3000 4344 3297 4399 secundum
3337 4344 3623 4400 consilium
3668 4360 3785 4399 ma-

2189 4439 2503 4509 gistrorum,
2520 4437 2788 4492 redimere
2808 4434 3041 4499 studeat,
3064 4434 3207 4504 quod
3226 4432 3523 4505 jejuuando
3550 4434 3786 4490 etabsti-

492 4524 791 4579 orationem
827 4533 884 4580 et
922 4526 1226 4596 symbolum
1271 4529 1493 4594 scirent,
1532 4536 1588 4582 et
1620 4530 1852 4585 recitare
1882 4531 2090 4600 potuis-
2118 4545 2164 4603 ο
2192 4528 2370 4585 uendo
2398 4528 2673 4599 complere
2696 4542 2805 4583 non
2836 4526 3001 4582 valet.
3032 4526 3177 4582 l-lora
3205 4536 3387 4583 autem
3416 4542 3554 4582 nona
3595 4541 3784 4582 omnes

493 4623 631 4678 sent,
660 4628 836 4684 neque
879 4616 1114 4687 aliquem
1140 4616 1208 4673 de
1234 4634 1391 4675 sacro
1426 4618 1573 4674 fonte
1607 4621 1946 4691 baptismatis
1973 4637 2093 4677 sus-

493 4703 674 4773 cipere
720 4715 1132 4774 pncsumerent.
1162 4708 1229 4763 Et
1255 4708 1409 4765 valde
1448 4713 1832 4768 erubescentes
1874 4711 2092 4768 fuerunt

491 4808 559 4847 ex
606 4795 711 4851 hac
752 4812 831 4861 re,
866 4805 923 4853 et
955 4799 1222 4868 spondere
1262 4798 1516 4858 volebant
1564 4811 1624 4857 ut
1663 4802 1708 4857 si
1768 4816 2088 4858 concessum

492 4885 572 4940 eis
608 4886 817 4952 fuisset,
844 4888 913 4943 ad
949 4896 1162 4959 tempus
1184 4890 1289 4948 hoc
1315 4892 1702 4963 improperium
1736 4910 1767 4949 a
1801 4907 1861 4949 se
1884 4896 2093 4964 potuis-

493 4985 615 5033 sent
647 4977 879 5033 auferre.
906 4980 966 5035 ln
1001 4996 1109 5050 quo
1135 4981 1255 5038 loco
1298 4984 1662 5039 intelleximus
1700 4986 1844 5054 quod
1876 5000 1983 5041 non
2010 4986 2092 5042 eis

492 5066 594 5123 fuit
632 5070 1030 5136 convenientia,
1068 5079 1124 5127 et
1159 5073 1301 5128 sicut
1328 5074 1383 5128 in
1415 5074 1696 5144 capitulari
1733 5083 1920 5129 nostro
1944 5083 2093 5144 pote-

490 5162 592 5217 st‘is
618 5161 876 5230 reperire,
906 5162 1288 5221 discretionem
1320 5164 1517 5222 factam
1554 5167 1863 5232 habuimus,
1885 5175 2090 5236 quanto

446 5300 450 5305 .
494 5261 742 5323 tempore
782 5267 841 5309 se
877 5256 1246 5327 unusquisque
1268 5258 1541 5313 abstinere
1580 5254 1854 5314 debuisset
1889 5259 1958 5313 ab
1986 5257 2090 5314 hoc

495 5359 681 5414 opere,
717 5359 888 5416 usque
919 5345 1047 5402 dum
1093 5348 1268 5405 bonus
1309 5348 1593 5419 tidcjussor
1628 5362 1753 5404 esse
1790 5348 2001 5405 valeret
2032 5349 2089 5405 in

570 5512 595 5539 ιι
629 5497 768 5582 [line
797 5508 1021 5582 apparet
1064 5508 1305 5582 tempore
1334 5501 1512 5582 Caroli
1542 5501 1720 5573 Magni
1759 5503 2087 5582 baptismum

450 5618 451 5625 η
500 5584 606 5624 non
651 5568 841 5624 solum
881 5569 935 5624 in
982 5568 1248 5627 Paschate
1292 5580 1350 5627 ct
1393 5568 1711 5630 Pentecoste
1757 5568 2089 5630 celebratum

452 5688 461 5697 .
496 5638 704 5724 fuisse,
731 5640 828 5695 sed
851 5640 1016 5695 etiam
1157 5642 1451 5724 [Epiphania
1482 5657 1497 5697 :
1526 5643 1665 5714 quod
1707 5644 1841 5700 alias
1870 5645 2094 5724 demon-

496 5710 794 5766 strauimus
850 5731 917 5781 es
975 5710 1352 5781 antiquissimo
1415 5710 1890 5771 Sact'amentorum
1954 5717 2094 5771 libro

495 5781 811 5838 suomsterii
839 5779 1176 5839 Gcllottc‘néis
1215 5782 1380 5857 ipsius
1418 5792 1659 5857 tempore
1707 5787 1928 5856 scripto.
1961 5787 2093 5844 Vide

2192 4620 2520 4691 generaliter
2544 4619 2613 4674 ad
2646 4619 2907 4675 ecclesias
2932 4619 3157 4685 vicinas,
3185 4619 3277 4674 ubi
3307 4619 3389 4674 eis
3411 4618 3780 4683 denuntiatur,

2193 4710 2386 4764 devota
2408 4718 2590 4763 mente
2617 4718 2929 4775 occurrant,
2960 4717 3015 4764 et
3044 4711 3091 4765 si
3112 4709 3246 4765 hora
3275 4711 3359 4765 vel
3396 4710 3546 4766 locus
3576 4712 3783 4781 permi-

2191 4801 2345 4865 serit,
2373 4799 2554 4869 aliquo
2580 4801 2819 4870 spatioso
2860 4800 2981 4857 loco
3027 4801 3215 4855 litania
3247 4801 3565 4870 procedant,
3622 4810 3786 4872 atque

2190 4891 2470 4962 psallendo
2501 4891 2789 4948 ecclesiam
2812 4892 3096 4958 intrantes,
3135 4908 3257 4947 cum
3301 4893 3451 4948 omni
3499 4894 3786 4950 devotione

2190 4985 2413 5040 missam
2452 4984 2692 5039 audiant.
2731 4985 2846 5052 Qua
2873 4985 3117 5053 subacta,
3147 4987 3518 5058 unusquisque
3561 4987 3782 5045 domum

2195 5076 2402 5141 redeat,
2427 5084 2484 5130 et
2504 5076 2724 5131 statutis
2752 5077 2890 5132 cibis
2919 5078 3133 5147 corpori
3180 5077 3500 5146 satisfaciat,
3555 5096 3660 5136 non
3714 5082 3784 5138 ad

2194 5166 2551 5233 voluntatem,
2603 5167 2699 5223 sed
2744 5166 2812 5221 ad
2865 5169 3246 5224 necessitatem
3295 5186 3359 5226 ac
3408 5172 3778 5228 sobrietatem.

2196 5257 2460 5313 Similiter
2482 5272 2697 5328 quoque
2723 5273 3005 5315 monemus
3031 5275 3491 5331 unumquemque,
3530 5273 3590 5318 ut
3635 5264 3783 5319 elec-

2196 5364 2478 5421 mosynam
2504 5348 2706 5405 faciant
2746 5351 3048 5407 secundum
3090 5352 3245 5423 quod
3282 5355 3621 5412 commodum
3662 5360 3786 5414 sub-

2323 5502 2440 5578 t_de
2462 5503 2701 5574 antiquis
2731 5504 2987 5578 Ecclesia:
3031 5505 3267 5578 Ritibus,
3307 5507 3482 5578 capite
3513 5508 3565 5572 I,
3587 5518 3694 5564 art.
3728 5511 3781 5565 Ι.

2266 5575 2295 5615 b
2329 5573 2437 5648 Sig
2481 5573 2920 5648 manuscriptum
2992 5573 3389 5648 Andaginensis
3467 5584 3783 5636 monasterii

2193 5645 2367 5701 sancti
2397 5645 2621 5716 l_~luberti
2645 5645 2968 5701 ante’annos
3009 5646 3117 5701 800
3151 5645 3472 5716 exaratum;
3518 5650 3611 5706 alii
3654 5666 3784 5709 κει-υ

2195 5714 2541 5773 Garibaldum
2568 5716 2852 5772 nominant
2879 5717 3193 5789 episcopum
3230 5714 3599 5778 Leodien'sem.
