4042 6192
472 288 575 343 9l9

1379 295 1435 348 Β.
1479 296 1726 352 CMiOLl
1770 296 1983 351 MAle
2021 295 2171 351 OPP.
2213 297 2393 355 PARS
2430 301 2493 356 ll.
2536 299 2778 361 SECTIO
2819 303 2858 358 ῐ.

3611 305 3702 361 92θ

465 403 678 456 stantia:
705 419 815 458 snce
839 406 1167 475 permiserit,
1193 417 1247 460 et
1293 411 1490 464 utentis
1537 410 1776 476 devotio,
1820 413 2050 466 Domino
2080 421 2123 476 Α
2153 414 2334 468 omnia
2366 416 2602 476 tradant.
2628 417 2772 472 sicut
2794 418 3044 488 superius
3068 417 3322 474 diximus.
3359 419 3490 475 Nam
3535 430 3589 476 et
3621 437 3707 494 per

465 495 782 562 inspirante,
804 498 1076 564 suaserit;
1125 509 1179 553 et
1220 503 1590 571 unusquisque
1612 505 2053 575 presbyterorum

465 585 686 638 missam
709 595 908 651 cantet,
935 596 988 641 et
1025 588 1246 644 alterius
1275 592 1480 645 ordinis
1504 591 1735 648 clericus
1759 593 1841 649 vel
1869 610 2052 649 mona-

465 679 618 742 chus,
652 681 765 734 sive
798 681 906 735 Deo
948 691 1179 748 sacrata,
1225 685 1313 752 qui
1345 687 1578 755 psalmos
1608 686 1818 753 didicit,
1852 705 1880 741 ι,
1906 687 2050 756 psal-

466 784 615 823 mum
644 769 896 824 similiter
921 781 1119 825 cantet.
1168 772 1342 842 Opera
1399 785 1577 829 autem
1625 790 1686 829 ea
1731 775 1818 829 his
1863 775 2055 830 diebus

466 875 691 930 operare
717 863 1103 930 permittimus,
1139 880 1258 934 quae
1308 882 1406 920 nec
1458 867 1523 920 ad
1559 867 1840 922 ecclesiam
1870 867 2055 920 venire

467 951 793 1022 impediant,
845 969 944 1008 nec
993 966 1116 1010 ante
1165 966 1421 1011 statutam
1473 959 1660 1013 horam
1723 960 2054 1013 manducare

467 1050 560 1096 aut
606 1044 845 1100 Illbibere
878 1058 1091 1116 cogant.
1137 1049 1252 1103 Duo
1299 1064 1512 1119 quoque
1557 1060 1752 1106 caetera
1797 1051 2051 1106 triduana

461 1135 663 1205 ieiunia
691 1138 776 1194 his
808 1139 996 1194 diebus
1030 1143 1143 1210 pari
1191 1142 1401 1196 ratione
1429 1158 1524 1212 per
1561 1141 1740 1195 omnia
1767 1150 1927 1196 erunt
1967 1154 2055 1198 ce-

462 1231 742 1296 lebranda,
777 1247 940 1287 unum
977 1241 1097 1301 post
1146 1233 1549 1303 Theophaniam
1581 1249 1653 1288 vn
1691 1232 1834 1299 ldus,
1899 1243 1954 1288 et
1998 1250 2052 1287 ιν

462 1325 610 1390 ldus,
636 1333 690 1380 et
719 1342 755 1379 ιι
795 1325 918 1380 ldus
943 1325 1209 1380 Januarii.
1234 1325 1392 1380 Aliud
1421 1342 1548 1381 vero
1573 1336 1694 1395 post
1749 1326 2051 1396 Septuage-

463 1418 678 1482 simam,
713 1417 903 1472 nidus
938 1417 1238 1481 Februarii,
1260 1425 1314 1470 et
1342 1434 1409 1471 xv
1452 1417 1720 1471 Kalendas
1765 1417 1966 1482 Martii,
2001 1427 2056 1471 ct

465 1521 520 1560 ιν
551 1505 821 1560 Kalendas
844 1506 1040 1559 Martii.
1072 1505 1432 1561 Necessitates
1455 1520 1582 1560 vero
1605 1520 1741 1574 quas
1767 1521 1931 1575 supra
1957 1521 2056 1561 nos

465 1597 708 1652 dicturos
733 1610 853 1650 esse
883 1598 1235 1666 promisimus
1263 1599 1406 1653 inter
1431 1606 1677 1663 crcteras,
1707 1613 1843 1668 quas
1875 1608 2052 1654 tamen

464 1688 570 1743 hac
595 1687 712 1743 vice
747 1703 1173 1743 commemorare
1201 1690 1566 1744 necessarium
1619 1689 1894 1756 duximus,
1937 1691 2054 1747 haec

465 1785 611 1834 sunt.
641 1779 884 1848 Denique
919 1789 1252 1848 compertum
1289 1780 1548 1836 habemus
1584 1793 1684 1849 per
1729 1779 1915 1835 ﬁdeles
1959 1797 2054 1834 no—

465 1878 632 1935 stros,
661 1870 752 1940 qui
786 1870 944 1925 nobis
979 1871 1047 1924 de
1105 1870 1331 1941 singulis
1386 1871 1538 1940 regni
1584 1870 1758 1926 nostri
1809 1871 2055 1941 partibus

462 1960 584 2016 haec
615 1960 1017 2024 nuntiaverunt,
1049 1960 1192 2030 quod
1224 1961 1442 2016 insolito
1477 1975 1646 2025 more,
1677 1968 1733 2015 et
1761 1960 1903 2014 ultra
1927 1975 2055 2014 con-

461 2059 676 2106 suetum
701 2050 901 2120 ubique
944 2059 1105 2106 terrae
1135 2051 1399 2106 sterilitas
1430 2067 1551 2107 esse
1575 2060 1631 2106 ct
1656 2050 1813 2105 famis
1834 2050 2052 2120 pericu-

463 2140 577 2196 lum
604 2141 887 2197 imminere
915 2141 1149 2197 videtur.
1174 2143 1334 2198 Aeris
1353 2143 1518 2198 etiam
1549 2144 1900 2213 intemperies
1943 2143 2056 2197 fru-

461 2231 620 2302 gibus
653 2231 809 2286 valde
851 2233 1145 2296 contraria,
1193 2234 1505 2302 pestilentia.
1543 2249 1758 2305 quoque
1807 2250 1906 2304 per
1936 2235 2056 2290 loca

461 2329 518 2376 et
543 2336 800 2392 pagorum
836 2323 1074 2393 gentium
1103 2325 1247 2379 circa
1293 2341 1506 2380 marcas
1546 2335 1762 2381 nostras
1813 2325 2055 2381 sedentia

459 2411 604 2468 bella
626 2413 903 2480 continua,
931 2413 1098 2468 multa
1137 2424 1400 2485 pneterea
1420 2432 1540 2485 quae
1576 2425 1634 2472 et
1669 2431 1812 2472 nunc
1835 2431 2057 2472 enume-

462 2516 588 2558 rare
623 2502 844 2574 longum
883 2514 991 2571 est,
1027 2515 1081 2558 et
1143 2507 1308 2560 nobis
1348 2507 1776 2578 experimentum
1829 2515 2058 2578 possunt

462 2609 585 2648 esse
611 2593 912 2660 notissima,
941 2597 986 2650 si
1010 2595 1300 2651 recordare
1327 2597 1599 2663 volumus,
1637 2599 1816 2668 qualia
1845 2599 2057 2654 incom—

463 2683 626 2739 moda
649 2685 876 2756 singulis
905 2686 1096 2742 diebus
1129 2698 1354 2758 propter
1389 2690 1582 2744 merita
1631 2699 1818 2746 nostra
1857 2693 2060 2747 sentia-

463 2790 614 2842 mus,
664 2775 1078 2848 certissime-que
1123 2781 1190 2834 ab
1247 2781 1334 2836 his
1377 2782 1745 2839 exterioribus
1807 2784 2060 2854 colligere

462 2879 772 2936 possumus,
799 2883 1012 2940 nosper
1046 2871 1228 2926 omnia
1263 2872 1496 2928 Domino
1526 2889 1633 2929 non
1665 2874 1880 2944 placere
1923 2875 2061 2930 inte-

465 2957 600 3022 rius,
631 2959 723 3028 qui
761 2967 910 3014 tanta
944 2961 1082 3016 mala
1113 2963 1487 3033 compellimur
1519 2965 1749 3021 tolerare
1795 2969 2058 3023 caterins.

466 3047 831 3115 Quamobrem
859 3051 1060 3106 bonum
1090 3053 1248 3107 nobis
1270 3056 1492 3110 omnino
1520 3057 1762 3122 videtur,
1791 3065 1853 3112 ut
1895 3073 2061 3114 unus.-

2157 503 2368 575 siugula
2398 507 2729 562 monasteria
2759 507 2899 562 infra
2939 509 3195 578 parochia
3234 519 3322 566 tua
3356 510 3431 566 ita
3450 510 3624 568 iacias.

2677 597 3011 655 EPISTOLA
3058 600 3219 656 XVII.

2418 705 2486 744 AD
2526 705 2774 744 PH’PINUI
2815 707 2995 745 FILIUM
3035 707 3208 746 REGI-Ill
3247 709 3463 749 ITALIE.

2278 780 2355 835 De
2377 797 2506 852 pace
2534 781 2870 836 ecclesiarum
2910 781 3008 836 Dei
3045 793 3093 836 et
3124 783 3228 838 illis
3260 786 3594 842 servientium

2754 871 2948 942 (Anno
2983 872 3105 928 80!.
3134 871 3154 945 )

2621 961 2713 1023 (Ex
2739 962 2911 1026 Mansi,
2937 963 3112 1012 Coucil.
3137 963 3278 1026 Coll.)

2226 1042 2452 1098 Carolus
2485 1044 2864 1098 serenissimus
2893 1043 3170 1115 Augustus
3203 1061 3232 1099 a
3273 1047 3382 1100 Deo
3411 1056 3704 1114 coronatus,

2157 1150 2413 1205 magnus,
2451 1133 2711 1204 paciﬁcus
2762 1134 3076 1205 imperator,
3133 1137 3495 1194 Ronna’norum
3545 1141 3717 1212 guber-

2156 1243 2293 1282 nans
2321 1228 2628 1297 imperium,
2656 1243 2720 1283 ac
2751 1244 2847 1298 per
2873 1231 3299 1286 misericordiam
3329 1233 3422 1286 Dei
3451 1248 3539 1287 rex
3570 1234 3717 1286 Fran-

2156 1334 2345 1372 corum
2383 1325 2436 1372 et
2462 1317 2938 1388 Langobardorum
2961 1361 2974 1384 ,
3016 1319 3369 1377 dilectissimo
3414 1324 3518 1378 filio
3553 1333 3718 1379 nostro

2156 1408 2384 1478 Pippino
2425 1409 2658 1480 glorioso
2705 1411 2816 1481 regi
2851 1412 3235 1481 sempiternam
3281 1414 3335 1468 in
3383 1415 3600 1471 Domino
3638 1431 3716 1471 sa-

2157 1500 2350 1555 lutem.

2230 1592 2482 1648 Pervenit
2501 1593 2568 1647 ad
2590 1608 2750 1647 aures
2776 1601 2990 1648 nostras
3013 1593 3146 1666 [Αι.,
3175 1593 3474 1652 clementiae
3499 1593 3721 1667 nostrae],

2159 1683 2301 1752 quod
2326 1683 2490 1754 aliqui
2519 1684 2683 1738 duces
2703 1724 2717 1748 ,
2751 1691 2806 1738 ct
2831 1700 3019 1739 eorum
3039 1683 3287 1754 iuniores
3307 1728 3322 1751 ,
3351 1687 3585 1742 castaldii
3609 1727 3622 1749 ,
3650 1685 3722 1740 vi-

2086 1764 2132 1826 Β
2159 1775 2324 1842 carii,
2372 1775 2702 1840 centenarii,
2737 1789 2833 1829 seu
2884 1775 3076 1845 reliqui
3109 1776 3492 1834 ministeriales
3513 1819 3526 1843 ,
3573 1777 3722 1832 falco-

2158 1869 2294 1923 narii
2320 1909 2336 1932 ,
2380 1875 2665 1922 venatores
2685 1908 2701 1933 ,
2741 1876 2797 1923 et
2842 1871 3023 1924 czcteri
3068 1885 3166 1940 per
3216 1871 3428 1943 singula
3477 1870 3722 1927 territoria

2158 1961 2466 2016 habitantes
2505 1960 2590 2015 vel
2615 1960 3016 2028 discurrentes,
3044 1965 3467 2020 mansionaticos
3500 1972 3552 2019 et
3583 1978 3723 2033 para-

2158 2052 2353 2106 vereda
2384 2049 2654 2120 accipiant
2679 2090 2694 2114 ,
2729 2065 2834 2105 non
2865 2051 3040 2106 solum
3067 2068 3229 2121 super
3256 2053 3461 2108 liberos
3483 2052 3719 2116 homines,

2157 2143 2252 2198 sed
2275 2143 2438 2198 etiam
2465 2143 2518 2196 in
2546 2141 2804 2198 ecclesias
2832 2141 2948 2206 Dei,
2978 2144 3308 2198 monasteria
3336 2143 3578 2199 videlicet
3599 2141 3723 2196 viro-

2157 2251 2279 2292 rum
2321 2251 2386 2291 ac
2421 2235 2752 2304 puellarum,
2799 2243 2854 2290 et
2899 2235 3232 2290 xenodocbia
3250 2277 3266 2301 ,
3308 2245 3471 2306 atque
3509 2236 3724 2290 diversas

2156 2329 2343 2399 plebes
2371 2367 2385 2392 ,
2442 2334 2496 2382 et
2542 2342 2704 2396 super
2759 2326 2997 2396 reliquos
3045 2327 3348 2382 servientes
3405 2326 3723 2383 ecclesiarum

2156 2421 2285 2486 Dei,
2318 2421 2376 2476 in
2418 2436 2605 2476 eorum
2637 2435 2836 2489 opera,
2871 2420 2925 2475 id
2962 2427 3079 2484 est,
3108 2420 3164 2474 in
3190 2421 3400 2486 vineis,
3429 2427 3482 2475 et
3511 2418 3719 2487 campis,

2159 2529 2254 2569 seu
2277 2513 2468 2582 pratis,
2495 2527 2597 2567 nec
2626 2527 2737 2566 non
2763 2519 2818 2565 et
2845 2511 2899 2565 in
2926 2525 3115 2566 eorum
3139 2511 3387 2566 aedificiis
3409 2511 3527 2565 illos
3549 2508 3724 2564 faciant

2159 2603 2402 2674 operari,
2437 2611 2492 2658 et
2524 2605 2860 2667 carnaticos,
2890 2609 2945 2656 et
2979 2603 3164 2656 vinum
3195 2610 3389 2657 contra
3414 2614 3617 2658 omnem
3643 2596 3722 2667 iu-

2160 2694 2363 2748 stitiam
2419 2695 2488 2748 ab
2537 2693 2618 2748 eis
2672 2701 2926 2749 exactare
2974 2708 3084 2747 non
3129 2699 3392 2757 cessant,
3445 2698 3499 2746 et
3549 2687 3724 2744 multas

2159 2785 2538 2855 oppressiones
2578 2785 2855 2854 patiantur
2894 2786 3024 2854 ipsa:
3059 2783 3304 2840 ecclesiae
3341 2784 3466 2848 Dei,
3514 2780 3591 2836 vel
3621 2794 3721 2834 ser-

2161 2879 2369 2934 vientes
2394 2892 2600 2932 earum.
2636 2877 2901 2947 Ideoque,
2928 2876 3247 2932 charissime
3287 2877 3361 2931 ﬁli
3379 2917 3395 2942 ,
3425 2876 3519 2931 has
3539 2875 3724 2929 litteras

2162 2970 2230 3024 ad
2273 2977 2421 3023 tuam
2475 2967 2818 3024 dilectionem
2865 2969 3202 3032 direximus,
3239 2975 3304 3022 ut
3355 2969 3492 3024 hanc
3531 2977 3724 3022 causam

2163 3060 2451 3131 diligenter
2465 3075 2529 3114 ac
2550 3059 2845 3128 prudenter
2870 3059 3143 3128 inquirere
3169 3057 3360 3122 facias,
3387 3066 3459 3123 et,
3486 3058 3529 3112 si
3550 3054 3725 3134 veritas

467 3135 700 3206 quisque
729 3145 977 3192 nostrum
1005 3154 1098 3194 cor
1126 3156 1280 3194 suum
1304 3142 1592 3199 humiliare
1618 3145 1670 3200 iu
1696 3146 1923 3200 veritate
1949 3157 2057 3202 stu-
2085 3135 2131 3199 C
2162 3160 2246 3209 est
2269 3153 2415 3222 quod
2439 3152 2514 3206 ita
2553 3151 2756 3207 factum
2785 3152 2856 3206 sit
2879 3192 2896 3217 ,
2933 3151 3185 3220 deinceps
3209 3151 3536 3206 omnimodis
3562 3159 3724 3202 emen-

466 3226 617 3293 deat,
639 3234 696 3281 et
721 3227 776 3281 in
799 3242 1125 3298 quocunque
1151 3231 1297 3296 loco,
1327 3234 1448 3289 sive
1484 3243 1632 3301 actu,
1658 3236 1771 3291 sive
1797 3238 2056 3306 cogitatu,

442 3331 528 3374 “se
550 3319 715 3374 Deum
744 3319 1036 3376 olfendisse
1060 3321 1498 3392 deprehenlerit,
1525 3328 1838 3397 paenitendo
1863 3338 2060 3399 terget,

466 3407 646 3464 ﬂendo
671 3410 872 3477 doleat,
899 3420 954 3468 et
983 3413 1330 3486 semetipsum
1364 3416 1422 3472 in
1469 3428 1730 3486 quantum
1787 3420 1906 3490 ipso
1956 3421 2063 3475 lar-

466 3500 648 3570 giente
669 3511 848 3572 potest
873 3502 942 3558 ab
982 3503 1074 3558 bis
1098 3506 1253 3559 malis
1289 3507 1342 3560 in
1389 3506 1629 3564 futurum
1674 3511 1916 3567 cavendo
1960 3529 2058 3568 cu-

467 3589 663 3644 stodiat
676 3599 759 3656 ,ct
780 3591 896 3648 haec
913 3593 1072 3649 debet
1084 3609 1205 3650 esse
1219 3599 1510 3666 puemissae
1528 3602 1789 3658 orationis
1807 3603 2058 3670 intentio,

2163 3245 2292 3300 dare
2317 3251 2370 3298 et
2397 3242 2672 3313 corrigere
2697 3242 2935 3306 studeas,
2959 3249 3224 3310 quatenus
3253 3241 3310 3294 in
3345 3241 3531 3296 diebus
3551 3232 3725 3292 nostris

2161 3349 2226 3390 ac
2257 3335 2364 3390 tuis
2389 3349 2493 3404 pax
2541 3332 2890 3389 ecclesiarum
2933 3333 3063 3396 Dei,
3107 3332 3220 3386 sive
3273 3331 3486 3386 illarum
3515 3327 3728 3384 servien-

2162 3427 2295 3481 tium
2315 3467 2329 3491 ,
2357 3427 2412 3481 in
2442 3426 2696 3481 omnibus
2736 3432 3105 3488 conservetur,
3131 3432 3186 3478 et
3211 3432 3274 3478 ut
3301 3439 3508 3479 merces
3534 3417 3724 3489 copiosa

2161 3519 2320 3574 nobis
2360 3534 2426 3574 ac
2460 3517 2556 3574 tibi
2603 3519 2801 3573 exinde
2843 3515 3046 3588 iugiter
3092 3525 3392 3573 accrescat.
3441 3513 3726 3570 Audivimus

2163 3611 2326 3666 etiam
2370 3609 2514 3680 quod
2561 3609 2808 3678 quaadam
2855 3608 3090 3676 capitula
3137 3622 3262 3677 quae
3315 3609 3369 3662 in
3425 3606 3538 3676 lege
3583 3599 3724 3656 scribi

468 3691 529 3736 ut
554 3684 898 3754 omnipotens
926 3686 1089 3754 Deus,
1118 3691 1212 3758 qui
1267 3707 1372 3746 non
1421 3691 1597 3748 solum
1655 3693 1821 3762 facta,
1867 3710 2057 3751 verum
2156 3698 2439 3770 iussimus,
2472 3714 2570 3769 per
2593 3698 2771 3767 aliqua
2796 3698 2912 3752 loca
2939 3697 3104 3767 aliqui
3137 3713 3202 3752 ex
3243 3697 3448 3752 nostris
3472 3711 3533 3750 ac
3556 3689 3726 3748 vestris

465 3774 632 3828 etiam
689 3784 982 3846 antequam
1034 3778 1168 3835 ﬂant
1213 3783 1396 3838 omnia
1448 3785 1616 3851 novit,
1664 3787 1830 3842 corda
1873 3796 2060 3844 nostra

469 3873 820 3939 compungat,
851 3876 906 3923 et
940 3884 1038 3924 nos
1065 3871 1168 3926 sibi
1206 3875 1476 3943 supplices
1499 3883 1662 3946 atque
1703 3875 2059 3945 subjectosin

469 3968 596 4008 vera
624 3955 932 4014 humilitate
958 3958 1146 4027 faciat,
1172 3970 1226 4016 ct
1253 3979 1688 4035 unumquemque
1721 3974 1964 4022 nostrum
1993 3968 2062 4024 ab

471 4047 815 4102 observantia
836 4048 1212 4106 mandatorum
1261 4069 1504 4121 suorum,
1557 4055 1785 4126 depulso
1829 4073 1860 4110 a
1905 4059 2068 4113 nobis

469 4138 620 4194 omni
643 4153 852 4208 errore,
879 4152 1179 4209 convertat,
1221 4146 1676 4217 misereaturque,
1697 4150 1810 4204 sive
1833 4165 1867 4203 a
1905 4149 2062 4205 nobis

472 4231 616 4284 mala
647 4232 984 4302 repellendo,
1009 4237 1122 4291 sive
1167 4236 1310 4293 bona
1363 4239 1558 4308 quibus
1614 4240 1820 4310 indigni
1875 4257 2062 4296 sumus

470 4321 780 4389 tribuendo,
808 4324 950 4378 sicut
975 4327 1089 4396 ipse
1115 4327 1264 4381 novit
1306 4344 1405 4382 nos
1450 4327 1710 4399 indigere,
1769 4338 1824 4385 et
1858 4331 2064 4386 tribuat

471 4421 532 4468 ut
562 4413 616 4468 in
647 4415 907 4471 membris
930 4417 1064 4483 suis,
1095 4415 1148 4470 id
1175 4427 1258 4471 est
1314 4419 1611 4489 incorpore
1634 4429 1836 4476 sanctae
1868 4420 2059 4476 Eccle-

471 4507 568 4560 sia:
597 4507 872 4562 numerari
904 4523 1231 4575 mereamur,
1257 4526 1416 4579 quam
1447 4511 1752 4580 pacificare,
1799 4513 2064 4581 adunare,
2089 4480 2137 4543 θ

471 4604 526 4649 et
553 4609 763 4665 regere,
801 4607 962 4667 atque
984 4599 1052 4653 ab
1080 4601 1228 4654 omni
1281 4600 1427 4656 malo
1459 4611 1742 4673 protegere
1785 4604 2063 4674 dignetur,

474 4686 632 4740 nobis
655 4686 819 4741 etiam
857 4688 912 4742 in
947 4687 1038 4743 illa
1063 4691 1271 4745 unitate
1291 4693 1719 4762 comprehensis,
1741 4697 1830 4765 qui
1859 4706 1916 4750 ut
1939 4712 2062 4766 gra-

473 4778 605 4832 tiam
635 4777 778 4833 illius
811 4782 1112 4852 promereri
1151 4783 1419 4854 possimus
1439 4825 1454 4850 ,
1487 4787 1604 4841 haec
1655 4785 1860 4856 ieiunia
1901 4797 2063 4858 atque

473 4871 572 4926 has
601 4871 876 4929 orationes
907 4873 975 4929 ab
1001 4874 1255 4930 omnibus
1285 4875 1447 4931 vobis
1461 4879 1788 4948 generaliter
1815 4879 1928 4934 fieri
1971 4880 2063 4935 de-

475 4966 769 5022 crevimus.
803 4967 953 5024 Hanc
978 4985 1192 5040 quoque
1212 4971 1493 5042 epistolam
1521 4974 1822 5044 relegentes
1861 4991 2059 5031 secun-

472 5059 598 5114 dum
629 5059 727 5115 tibi
756 5074 786 5114 a
817 5060 927 5118 Deo
979 5060 1161 5118 datam
1207 5063 1525 5133 sapientiam
1583 5081 1766 5120 coram
1810 5067 2063 5123 omnibus

473 5152 760 5224 diligenter
786 5151 980 5222 relege,
1005 5160 1060 5208 et
1080 5153 1294 5210 tradere
1316 5152 1522 5222 facias;
1561 5156 1633 5210 ita
1666 5164 1724 5210 ut
1746 5170 1935 5212 omnes
1979 5157 2063 5210 in-

474 5243 718 5315 telligant
751 5258 852 5316 pro
879 5260 982 5316 qua
1011 5247 1338 5303 necessitate
1371 5245 1489 5301 htec
1545 5245 1751 5316 agenda
1798 5255 1956 5312 sunt;
2010 5255 2066 5300 et

474 5335 845 5404 unusquisque
869 5345 1108 5392 vestrum
1145 5351 1243 5408 per
1277 5336 1518 5407 singulas
1559 5335 1818 5393 ecclesias
1861 5336 2064 5406 baptis-

475 5426 644 5483 males
691 5426 928 5499 dirigite,
982 5439 1037 5484 et
1089 5429 1261 5486 bonos
1309 5429 1635 5500 interpretes
1676 5430 1876 5486 mittite
1902 5471 1918 5498 ,
1973 5432 2066 5500 qui

525 5530 573 5612 ἐι
613 5570 752 5628 Hinc
785 5581 936 5644 patet
973 5573 1220 5627 illicitum
1270 5576 1436 5644 fuisse
1485 5569 1860 5644 manantibus
1911 5578 2068 5624 extra

479 5650 690 5710 tempus
727 5642 1038 5699 rel'ectionis
1059 5645 1283 5708 bibere;
1312 5643 1454 5698 unde
1475 5642 1700 5710 colliges
1727 5655 1887 5709 quam
1925 5655 2069 5710 cagco

479 5660 584 5697 tem
626 5660 690 5695 US
727 5660 1038 5699 retecuoms
1059 5660 1246 5698 tubere
1312 5660 1454 5698 unde
1475 5660 1700 5710 00111865
1727 5660 1887 5709 quam
1925 5660 2068 5695 C3300

479 5713 556 5771 illi
587 5660 833 5768 laborant
869 5729 1076 5781 errore,
1099 5715 1192 5783 qui
1219 5715 1482 5785 liquidum
1525 5729 1631 5769 non
1657 5709 1909 5784 frangere
1927 5709 2068 5781 ieiu-

2163 3792 2373 3854 dicant,
2407 3790 2551 3860 quod
2591 3805 2693 3844 nos
2732 3803 3074 3858 nequaquam
3107 3788 3212 3842 illis
3253 3789 3398 3844 hanc
3434 3798 3636 3842 causam
3667 3779 3725 3834 ad

2164 3880 2412 3935 notitiam
2449 3894 2548 3949 per
2584 3878 2944 3948 nosmetipsos
2981 3879 3288 3933 condictam
3331 3879 3640 3938 habeamus;
3681 3878 3726 3926 et

2165 3970 2286 4026 ideo
2313 3969 2504 4024 nolunt
2533 3969 2613 4024 eis
2642 3969 2894 4034 obedire,
2937 3984 3037 4023 nec
3075 3971 3419 4035 consentire,
3454 3981 3619 4036 neque
3641 3975 3725 4032 pro

2165 4060 2284 4129 lege
2314 4067 2521 4114 tenere.
2561 4058 2641 4112 Tu
2681 4066 2864 4113 autem
2903 4059 3046 4112 nosti
3091 4060 3367 4127 quomodo
3403 4057 3485 4113 vel
3524 4054 3725 4126 qualiter

2165 4159 2343 4206 tecum
2376 4151 2538 4204 locuti
2573 4148 2772 4204 fuimus
2795 4147 2864 4204 de
2905 4149 3037 4218 ipsis
3065 4149 3340 4218 capitulis.
3377 4149 3445 4204 Et
3484 4147 3600 4203 ideo
3640 4141 3722 4196 ad-

2165 4256 2448 4296 monemus
2481 4248 2630 4294 tuam
2672 4239 2958 4294 amabilem
2996 4239 3374 4304 dilectionem,
3403 4247 3464 4292 ut
3501 4250 3592 4306 per
3622 4229 3724 4286 uni-

2164 4348 2379 4388 versum
2404 4345 2628 4402 regnum
2654 4331 2748 4385 tibi
2776 4345 2806 4384 a
2833 4330 2944 4385 Deo
2969 4330 3320 4384 commissum
3342 4345 3404 4385 ea
3422 4335 3544 4383 nota
3565 4321 3722 4381 faciat,

2163 4434 2219 4482 et
2251 4426 2470 4481 obedire
2501 4431 2664 4493 atque
2695 4423 2918 4492 implere
2954 4422 3252 4492 pmcipiat.
3291 4422 3368 4477 De
3408 4415 3654 4490 episcopis
3680 4418 3724 4465 et

2164 4519 2536 4575 sacerdotibus
2559 4516 2756 4572 occisis
2773 4557 2786 4578 ,
2818 4517 2957 4570 sicut
2984 4522 3246 4569 statutum
3274 4515 3563 4571 habemus,
3591 4514 3639 4560 et
3669 4501 3725 4554 de

2165 4609 2388 4680 reliquis
2414 4608 2746 4678 quibuslibet
2770 4607 2967 4662 causis.
3003 4606 3394 4660 Verumtamen
3422 4603 3487 4658 de
3525 4595 3722 4669 presby-

2165 4702 2295 4756 teris
2325 4700 2538 4754 videtur
2565 4698 2752 4762 nobis,
2794 4703 2855 4750 ut
2893 4695 2936 4750 si
2975 4695 3109 4750 liber
3146 4702 3309 4748 natus
3334 4700 3417 4748 est
3452 4688 3720 4760 presbyter,

2165 4793 2324 4862 tripla
2357 4790 2752 4860 compositione
2774 4788 3068 4843 secundum
3101 4794 3246 4840 tuam
3279 4785 3451 4855 legem
3484 4781 3571 4834 tiat
3592 4787 3721 4831 com-

2164 4884 2404 4954 positus;
2434 4890 2488 4937 et
2523 4881 2570 4936 si
2599 4881 2848 4950 plagatus
2877 4879 3042 4934 fuerit
3069 4919 3084 4943 ,
3121 4878 3416 4933 secundum
3442 4871 3723 4943 qualitatem

2165 4975 2442 5044 plagarqu
2475 4971 2563 5027 vel
2600 4969 2895 5039 disciplina:
2941 4969 3101 5038 tripla
3140 4967 3524 5037 compositione
3562 4971 3722 5015 emen—

2165 5067 2323 5120 detur
2370 5065 2463 5134 qui
2521 5064 2624 5118 hoc
2673 5064 3086 5132 perpetraverit.
3139 5062 3195 5118 Si
3246 5072 3425 5116 tamen
3475 5056 3723 5129 presbyter

2166 5171 2354 5211 servus
2407 5162 2568 5208 natus
2619 5151 2824 5213 fuerit.
2881 5153 3175 5207 secundum
3228 5152 3371 5206 illius
3417 5145 3721 5204 nativitatem

2167 5249 2324 5319 tripla
2364 5245 2756 5316 compositione
2797 5246 3039 5299 solvatur
3068 5247 3122 5300 in
3151 5245 3325 5315 plagis
3348 5251 3402 5298 et
3435 5232 3718 5307 disciplinis.

2169 5341 2236 5396 Et
2275 5339 2343 5394 de
2386 5337 2704 5394 diaeonibus
2745 5336 2996 5392 similiter
3032 5336 3144 5391 fiat.
3186 5337 3280 5392 His
3321 5333 3571 5404 expletis,
3603 5328 3722 5381 bene

2174 5429 2294 5486 vale
2317 5443 2530 5498 semper
2555 5427 2614 5481 in
2644 5426 2897 5491 Domino,
2927 5425 3000 5480 ﬁli
3032 5425 3394 5482 dilectissime.

2176 5570 2326 5624 nium
2350 5571 2568 5630 docent,
2615 5564 2851 5618 maxime
2889 5563 2935 5617 si
2982 5563 3049 5617 de
3076 5563 3202 5616 vino
3244 5568 3449 5630 agatur,
3497 5562 3582 5610 aut
3624 5545 3715 5630 aii}!

2175 5618 2693 5712 polii—coniortativo
2721 5642 2777 5689 et
2801 5633 3092 5712 nutriente.
3132 5618 3603 5712 Certeu_iejunantcs
3640 5618 3715 5672 hic

2176 5701 2340 5767 etiam
2364 5710 2417 5765 in
2439 5706 2734 5764 refectione
2752 5720 2784 5760 a
2803 5704 2928 5760 vino
2950 5703 3222 5761 abstinere
3243 5701 3512 5773 iubentur.
