4092 6188
332 305 442 366 91!

1796 287 2193 368 msroue.’
3511 320 3620 376 922

837 429 864 458 ι
890 415 1225 477 EPISTOLA
1250 418 1433 478 XVlll.
1957 428 2006 485 Α
2034 438 2157 479 eam
2179 466 2195 491 ,
2236 440 2397 496 quam
2433 427 2536 482 nisi
2574 435 2696 497 post
2734 428 3110 499 pmnitcntiam
3148 432 3367 504 ingredi
3386 451 3492 490 non
3522 440 3619 493 dc-

340 528 410 571 LD
436 525 669 568 ALBINUN
699 525 1005 566 ιι.η.ςιδτιιυιι
1035 528 1105 567 ετ
1134 527 1203 566 ΔΙ)
1228 528 1707 570 εοκαιιεςιτιοιιειι
1735 526 1927 569 εΑκετι

2040 517 2248 583 buerat,
2273 526 2461 573 contra
2492 519 2664 590 legem
2699 522 3001 589 ingressus,
3030 533 3084 578 et
3109 525 3312 592 adhuc,
3338 535 3396 581 ut
3423 527 3615 597 fertur,

823 616 1047 656 IABTINI
1089 617 1411 658 IOHASTBRII
1421 642 1435 657 .

2040 619 2284 675 perverse
2314 609 2495 663 vivere
2519 626 2628 665 non
2669 627 2920 677 cessansr
2938 622 3000 668 ut
3026 615 3225 677 dicitis,
3254 617 3392 689 sicut
3423 617 3624 687 Paulus

934 690 1125 762 (Anno
1160 692 1324 765 805.)
2030 697 2303 764 apostolus
2340 698 2609 755 Caesarem
2655 703 2983 772 appellavit,
3021 706 3113 759 sed
3154 720 3523 777 nequaquam,
3563 721 3627 766 ιιι

691 781 785 840 (Ex
812 781 1018 831 Froben.
1028 817 1045 843 ,
1069 781 1197 845 Opp.
1223 782 1352 832 beati
1378 781 1612 847 Alcuini.)

413 868 469 922 In
511 866 731 922 nomine
754 863 952 929 Patrrs,
986 876 1041 919 et
1080 864 1221 931 r‘ilii,
1249 874 1304 920 et
1329 866 1563 936 Spiritus
1591 867 1788 922 sancti.
1828 867 1930 925 Ca-

342 959 527 1023 rolus,
576 968 622 1010 et
669 956 906 1027 reliqua,
955 955 1152 1011 Albino
1206 957 1501 1012 venerabili
1557 960 1821 1030 magistro
1877 966 1933 1015 et

339 1066 489 1106 omni
526 1048 929 1119 congregationi
967 1049 1280 1103 monasterii
1317 1049 1491 1103 sancti
1534 1047 1771 1119 Martini.

413 1140 594 1196 Pridie
615 1155 777 1210 quam
804 1139 873 1194 ad
894 1147 1135 1194 nostram
1161 1140 1502 1209 przesentiam
1527 1154 1558 1193 a
1586 1139 1739 1196 vobis
1765 1140 1945 1207 missa

337 1230 578 1288 venisset
616 1230 863 1300 cpistola,
897 1228 1075 1285 allata:
1104 1230 1263 1285 nobis
1293 1220 1426 1285 sunt
1457 1231 1648 1289 littera:
1684 1248 1716 1287 a
1752 1232 1933 1288 Theo-

340 1326 490 1383 dulfo
536 1327 789 1396 episcopo
834 1326 1032 1391 missaz,
1080 1327 1446 1397 querimonias
1485 1330 1825 1385 continentes
1867 1331 1935 1386 de

339 1419 753 1475 inhonoratione
778 1418 1055 1472 hominum
1086 1434 1328 1486 suorum,
1362 1426 1416 1475 et
1444 1435 1552 1475 non
1580 1429 1689 1476 tam
1716 1421 1933 1477 illorum

339 1522 503 1582 quam
543 1510 779 1580 episcopi
822 1507 986 1579 hujus
1028 1510 1295 1577 civitatis,
1339 1512 1424 1568 vel
1461 1520 1772 1583 contemptu
1812 1511 1933 1584 jus-

336 1604 510 1660 sionis
534 1603 752 1674 imperii
783 1603 988 1669 nostri;
1017 1618 1180 1673 quam
1199 1602 1499 1673 jussionem
1538 1607 1605 1661 de
1635 1608 1935 1662 redditione

337 1696 622 1767 cujusdam
648 1695 832 1751 clerici
858 1694 927 1751 de
949 1696 1193 1751 custodia
1220 1697 1390 1767 ipsius
1419 1698 1608 1768 elapsi,
1633 1708 1688 1754 et
1710 1700 1765 1754 in
1790 1701 1935 1756 basi-

338 1789 447 1846 lica
496 1787 670 1844 sancti
721 1786 936 1842 Martini
997 1787 1261 1844 latitantis
1323 1790 1425 1846 sub
1479 1791 1651 1846 nostri
1700 1793 1936 1850 nominis

236 1934 245 1945 ,
338 1880 667 1937 auctoritate
694 1880 1040 1935 conscribere
1062 1878 1359 1949 jussimus;
1387 1881 1545 1951 cuius
1576 1885 1742 1940 etiam
1779 1886 1938 1943 nobis

338 1971 672 2041 exemplaria
722 1970 950 2026 misistis
976 1968 1091 2043 [Ρη
1129 1972 1351 2027 vobis...
1389 1973 1694 2047 misimus],
1732 1975 1787 2030 in
1814 1976 1936 2047 qui-

338 2063 444 2119 bus
482 2078 584 2118 nos
625 2075 967 2132 nequaquam
1012 2060 1211 2131 injuste
1257 2064 1461 2135 aliquid
1506 2066 1841 2135 decrevisse,
1879 2076 1938 2123 ut

338 2154 497 2212 vobis
535 2153 713 2209 visum
753 2151 887 2218 fuit,
914 2160 1185 2222 putamus.
1216 2152 1324 2209 Sed
1369 2171 1492 2210 cum
1525 2164 1783 2228 utrasque
1824 2159 1939 2229 epi-

339 2252 540 2317 stolas,
570 2257 806 2304 vestram
850 2249 1079 2315 scilicet,
1103 2256 1159 2304 et
1186 2249 1484 2317 Theodulti,
1512 2254 1671 2309 nobis
1695 2254 1938 2325 relegere

341 2343 692 2407 fecissemus,
730 2340 974 2410 asperior
1004 2340 1175 2396 multo
1212 2342 1371 2397 nobis
1398 2351 1453 2397 et
1482 2359 1609 2399 cum
1652 2345 1934 2402 iracundia

341 2432 642 2504 composita
677 2439 890 2495 vestra,
921 2446 1083 2500 quam
1108 2430 1388 2488 Theodulti
1428 2434 1712 2490 videbatur
1734 2438 1939 2506 episto-

341 2524 427 2591 la,
474 2530 530 2579 et
580 2523 635 2578 in
679 2522 828 2578 nullo
882 2536 1010 2592 erga
1060 2522 1213 2577 illum
1266 2524 1550 2581 charitatis
1593 2527 1973 2584 condimento.

342 2629 625 2685 respersa;
660 2614 757 2669 sed
790 2612 972 2683 potius
1006 2611 1159 2682 quasi
1193 2626 1344 2667 reum
1383 2613 1706 2681 defendens,
1739 2624 1795 2670 et
1823 2618 1940 2687 epi-

343 2719 570 2775 scopum
617 2717 912 2766 accusans,
944 2713 999 2757 et
1044 2704 1146 2758 sub
1192 2703 1457 2759 velamine
1499 2706 1733 2775 quodam
1779 2707 1939 2763 celati

344 2795 583 2850 nominis
610 2794 896 2850 continens
920 2795 1003 2850 vel
1041 2802 1225 2864 posset
1263 2796 1346 2850 vel
1385 2796 1597 2852 admitti
1627 2799 1696 2854 ad
1719 2814 1941 2855 accusa-

346 2887 550 2942 tionem
585 2888 835 2954 deberet;
863 2902 988 2943 cum
1026 2886 1131 2942 hoc
1171 2888 1395 2943 omnino
1431 2895 1487 2942 et
1526 2889 1707 2944 divina
1742 2898 1799 2943 et
1835 2891 1940 2946 hu-

345 2977 506 3034 inaua
546 2976 663 3051 lege
709 2980 978 3035 sancitum
1026 2980 1116 3047 sit,
1143 2980 1172 3020 ι»
1208 2980 1342 3034 nulli
1376 2981 1668 3038 criminose
1707 2982 1938 3039 alterum

343 3072 636 3127 accusandi
661 3072 779 3128 dari
807 3072 1110 3138 licentiam,
1142 3088 1453 3142 quanquam
1486 3089 1516 3126 a
1549 3074 1704 3129 vobis
1728 3075 1796 3129 ad
1834 3075 1937 3130 hoc

2032 783 2247 853 Paulus,
2274 789 2541 847 Qesarem
2574 794 2821 850 adit'nus
2844 804 2946 850 est.
2979 796 3056 851 Illi
3086 800 3249 862 enim,
3287 803 3427 871 apud
3462 819 3623 871 quem

2030 890 2348 948 accusatus,
2386 893 2443 938 et
2495 901 2526 940 a
2571 903 2680 956 quo
2725 887 3003 957 judicatus
3059 900 3222 960 atque
3270 894 3324 947 in
3377 898 3623 951 custodia

2030 971 2230 1027 missus
2254 981 2355 1037 cst,
2388 975 2534 1030 etde
2572 974 2729 1045 cujus
2753 979 2996 1032 custodia
3039 981 3241 1045 evasit,
3280 985 3626 1054 praecipimus

2031 1070 2093 1117 ut
2122 1065 2394 1129 reddatur,
2423 1074 2477 1119 et
2503 1066 2592 1120 ille
2615 1081 2738 1121 eum
2767 1069 2835 1123 ad
2859 1077 3100 1123 nostram
3129 1073 3480 1137 audientiam,
3509 1077 3627 1130 sive

2031 1166 2178 1214 vera,
2210 1155 2323 1209 sive
2349 1154 2483 1211 falsa
2511 1156 2803 1224 dicentem,
2835 1160 3098 1225 adducat,
3133 1164 3259 1232 quia
3286 1180 3393 1220 non
3430 1166 3626 1231 decet,

2033 1252 2094 1298 ut
2129 1253 2350 1314 propter
2398 1245 2558 1302 talem
2587 1249 2859 1304 hominem
2904 1260 3106 1306 nostrae
3137 1255 3327 1322 prima:
3365 1255 3632 1325 jussionis

2035 1331 2141 1389 ulla
2203 1332 2295 1388 ﬁat
2354 1334 2684 1391 immutatio.
2745 1338 2852 1393 Sed
2897 1348 2952 1393 et
2996 1340 3150 1395 valde
3192 1344 3487 1411 miramur,
3529 1362 3633 1401 cur

2033 1422 2189 1477 vobis
2229 1423 2359 1477 solis
2400 1425 2575 1479 visum
2620 1426 2693 1480 sit
2735 1437 2937 1483 nostra:
2986 1432 3329 1486 auctoritatis
3362 1434 3629 1488 sanctioni

2034 1520 2089 1567 et
2130 1514 2347 1571 decreto
2386 1519 2811 1574 eontracundum
2831 1561 2845 1584 ,
2872 1536 2997 1577 cum
3033 1522 3239 1593 liquido
3275 1535 3456 1595 pateat
3480 1536 3537 1582 ct
3561 1542 3631 1583 ex

2035 1607 2427 1662 consuetudine
2466 1609 2670 1675 veteri,
2696 1619 2751 1664 et
2785 1626 2853 1666 ex
2887 1614 3277 1670 constitutione
3316 1617 3491 1687 legum
3523 1616 3632 1689 [re-

2036 1694 2189 1767 gum]
2230 1696 2444 1752 decreta
2472 1709 2620 1755 recta
2660 1699 2778 1772 [F.,
2807 1701 2949 1775 rata]
2973 1718 3092 1758 esse
3131 1706 3357 1772 debere,
3385 1722 3486 1762 nec
3512 1707 3632 1764 cui-

1969 1780 2013 1840 B
2042 1802 2202 1857 quam
2229 1790 2554 1858 permissum
2582 1792 2796 1848 illorum
2821 1795 2996 1849 edicta
3031 1796 3117 1850 vel
3150 1805 3350 1852 statuta
3387 1806 3633 1854 contem-

2038 1894 2187 1934 nere.
2222 1880 2290 1935 Et
2315 1880 2369 1935 in
2397 1881 2499 1938 hoc
2524 1884 2658 1940 satis
2685 1885 2874 1940 mirari
2901 1887 3275 1956 nequivimus,
3312 1888 3455 1959 quod
3487 1890 3633 1946 illius

2037 1970 2289 2025 scelerati
2314 1971 2548 2027 hominis
2571 1974 2838 2042 precibus,
2870 1990 3037 2044 quam
3059 1986 3259 2033 nostrae
3292 1980 3636 2035 auctoritatis

2031 2058 2370 2130 jussionibus
2414 2063 2791 2133 obtemperare
2834 2065 3124 2134 maluistis,
3170 2083 3294 2123 cum
3331 2083 3477 2123 nunc
3518 2069 3633 2124 cla-

2039 2152 2252 2208 rissime
2285 2152 2509 2224 liqueat,
2544 2170 2669 2211 cum
2692 2157 2881 2212 eodem
2908 2157 3126 2213 homine
3154 2174 3394 2216 amorem
3426 2161 3638 2217 discor-

2039 2243 2143 2299 diae
2180 2255 2249 2297 ex
2311 2241 2618 2315 irruptione
2677 2245 2963 2303 charitatis
3017 2247 3086 2303 de
3134 2249 3239 2306 hoc
3292 2250 3416 2306 loco
3459 2250 3641 2306 vetuit

2041 2331 2151 2404 [L.,
2183 2333 2372 2406 veluti]
2405 2336 2609 2406 egredi.
2645 2336 2752 2406 Ipsi
2789 2337 2988 2408 quippe
3023 2339 3252 2405 nostris,
3281 2341 3372 2410 qui
3403 2355 3635 2413 congre-

2039 2424 2187 2498 gatio
2210 2425 2370 2496 hujus
2391 2429 2708 2484 monasterii
2736 2445 2801 2484 ac
2822 2430 2964 2485 servi
2986 2431 3079 2485 Dei
3108 2431 3185 2504 [et
3210 2433 3418 2487 utinam
3447 2448 3574 2488 vere
3589 2433 3632 2507 !]

2039 2518 2316 2585 dicimini,
2352 2519 2587 2589 qualiter
2628 2518 2743 2589 jam
2784 2523 2977 2577 crebro
3014 2523 3123 2577 vita
3162 2531 3341 2578 vestra
3379 2539 3410 2577 a
3450 2524 3638 2579 multis

2041 2609 2318 2666 dilfamata
2361 2619 2485 2678 e.-t,
2532 2620 2588 2667 et
2630 2628 2739 2667 non
2778 2615 2984 2683 absque
3026 2628 3105 2669 re.
3148 2614 3456 2685 Aliquando
3480 2629 3628 2670 enim

2041 2703 2367 2769 monachos,
2396 2704 2686 2774 aliquando
2713 2707 3005 2761 canonicos
3024 2746 3038 2771 ,
3067 2706 3355 2776 aliquando
3383 2712 3636 2762 neutrum

2040 2808 2137 2848 vos
2190 2806 2311 2849 esse
2355 2794 2636 2850 dicebatis.
2681 2794 2752 2851 Et
2804 2811 2904 2851 nos
2948 2794 3278 2853 consulendo
3335 2796 3489 2851 vobis
3511 2834 3530 2863 ,
3580 2803 3639 2852 et

2040 2885 2111 2939 ad
2132 2886 2331 2940 malam
2350 2885 2550 2941 famam
2569 2888 2886 2944 abolendam
2900 2889 2927 2927 ει
2946 2890 3263 2961 magistrum
3289 2896 3345 2944 et
3369 2896 3637 2945 rectorem

2042 2974 2297 3030 idoneum
2323 2976 2475 3031 vobis
2503 2976 2764 3048 elegimus
2781 3017 2796 3041 ,
2825 2986 2880 3031 et
2907 2978 2972 3033 de
3000 2978 3306 3049 longinquis
3341 2976 3639 3049 provinciis

2043 3062 2420 3129 invitavimus,
2447 3065 2538 3134 qui
2566 3074 2622 3119 et
2654 3067 2834 3121 verbis
2858 3074 2914 3121 et
2948 3066 3406 3123 admonitionibus
3431 3075 3638 3124 rectam

351 3162 607 3219 defensus
650 3170 707 3216 et
751 3128 1109 3218 conservatus
1146 3128 1218 3218 sit
1264 3128 1365 3218 sub
1414 3165 1639 3219 obtentu
1680 3163 1941 3234 jussionis

2049 3151 2213 3208 vitam
2243 3128 2543 3219 instruere,
2572 3162 2656 3219 et,
2687 3156 2813 3225 quia
2852 3158 3136 3229 religiosus
3159 3166 3308 3224 erat,
3336 3159 3491 3214 bona:
3515 3172 3641 3214 con-

343 3257 586 3312 nominis
618 3256 824 3323 nostri,
854 3263 913 3311 ut
959 3255 1049 3326 qui
1087 3255 1201 3326 jam
1233 3265 1552 3322 accusatus,
1581 3264 1638 3311 et
1664 3268 1686 3296 ε
1718 3257 1772 3312 in
1814 3272 1945 3313 con-

344 3355 538 3416 spectu
564 3346 746 3417 populi
784 3345 1021 3401 civitatis
1052 3361 1164 3400 sua:
1194 3344 1471 3415 judicatus
1509 3354 1621 3410 est,
1651 3346 1944 3402 accusandi

346 3438 528 3493 locum
554 3438 753 3493 habere
782 3436 1015 3493 Ca3sarei
1044 3436 1277 3491 nominis
1305 3436 1664 3506 appellatione
1688 3439 1943 3503 deberet,

346 3528 418 3584 ad
444 3528 753 3598 exemplum
779 3527 925 3583 beati
943 3526 1095 3582 Pauli
1114 3527 1364 3596 apostoli,
1389 3528 1481 3596 qui
1509 3528 1649 3596 apud
1673 3528 1946 3598 principes

346 3618 549 3676 Judaaze
565 3635 596 3674 a
620 3626 777 3691 gente
802 3634 899 3673 sua
926 3625 1233 3682 accusatus,
1259 3617 1354 3672 sed
1380 3618 1618 3672 nondum
1648 3617 1945 3686 judicatus,

351 3707 623 3765 Caesarem
664 3708 992 3779 appellavit,
1023 3715 1080 3763 et
1130 3709 1199 3763 ab
1243 3708 1446 3763 eisdem
1500 3708 1835 3778 principibus
1876 3710 1945 3765 ad

353 3798 625 3856 Cmoarem
650 3799 975 3871 judicandus
1009 3799 1213 3855 missus
1249 3806 1336 3855 est
1373 3799 1513 3870 (Act.
1545 3816 1674 3865 xxv,
1704 3800 1792 3865 l0,
1831 3801 1943 3873 lt),

353 3891 501 3960 quod
525 3902 863 3960 nequaquam
900 3890 1155 3959 prasenti
1192 3890 1410 3962 negotio
1436 3891 1705 3946 convenit.
1748 3892 1949 3949 Paulus

352 3979 500 4034 enim
545 3978 820 4048 apostolus
860 3994 892 4033 a
928 3976 1128 4034 Iudaeis
1168 3986 1486 4045 accusatus,
1530 3980 1625 4035 sed
1661 3996 1769 4035 non
1800 3979 1948 4050 judi-

352 4079 540 4128 catus.
577 4070 845 4126 Czesarem
884 4069 1201 4140 appellavit,
1227 4078 1283 4127 et
1319 4072 1470 4127 adire
1510 4072 1808 4142 permissus
1841 4081 1944 4128 est.

354 4162 457 4217 llic
482 4175 611 4215 vero
636 4159 853 4215 infamis
889 4160 1137 4226 clericus,
1167 4170 1223 4214 et
1247 4170 1534 4218 accusatus
1558 4170 1613 4217 et
1636 4161 1911 4231 judicatus
1930 4204 1947 4230 ,

354 4261 411 4308 et
436 4252 491 4307 in
519 4250 764 4308 custodia
792 4251 992 4306 missus
1009 4292 1024 4317 ,
1052 4259 1107 4307 et
1132 4252 1199 4308 de
1221 4252 1465 4309 custodia
1489 4253 1703 4325 elapsus
1719 4294 1735 4321 ,
1762 4254 1950 4309 basilio

427 4415 453 4473 tl
480 4399 740 4473 Epistula.
760 4398 934 4473 Magni
963 4402 1240 4473 momenti,
1257 4402 1696 4473 inquitBaluzius
1723 4403 1776 4457 in
1803 4404 1949 4459 notis

356 4472 469 4544 suis
494 4471 562 4544 ad
592 4471 938 4540 Capitularia,
957 4479 1088 4544 tom.
1117 4472 1180 4538 ll,
1198 4488 1319 4544 pag.
1333 4471 1506 4537 1062,
1524 4481 1607 4528 est
1637 4473 1739 4529 ista
1768 4474 1946 4528 Caroli

356 4541 600 4612 epistola,
619 4556 649 4594 a
674 4556 869 4612 magno
892 4541 1136 4612 principe
1159 4541 1215 4597 et
1233 4541 1439 4612 jurium
1466 4544 1756 4599 sacerdotii
1779 4552 1833 4599 et
1852 4544 1951 4597 im-

357 4611 491 4684 perii
504 4611 695 4684 peritis
710 4611 835 4665 imo
849 4612 1068 4684 scripta.
1078 4611 1174 4669 Hie
1188 4611 1336 4669 vides
1347 4612 1602 4670 clericum
1614 4614 1682 4668 ab
1697 4614 1950 4684 episeopo

358 4681 458 4737 suo
479 4682 774 4753 secundum
798 4697 1032 4753 canones
1046 4681 1368 4750 judicatum,
1391 4690 1445 4737 et
1469 4685 1525 4738 in
1550 4681 1792 4739 custodia
1819 4681 1948 4753 pro-

359 4761 482 4823 pter
507 4768 604 4806 sua
622 4751 812 4823 merita
840 4751 1127 4823 inclusum,
1146 4753 1416 4822 ruptis,ut
1442 4754 1518 4808 ita
1541 4755 1737 4823 dicam,
1765 4751 1949 4809 carce-

361 4819 439 4895 ris
462 4821 710 4887 vinculis,
740 4819 794 4895 in
821 4821 1107 4895 ecclesiam
1131 4819 1305 4878 sancti
1326 4822 1871 4895 Martiniconfugisse
1893 4831 1949 4895 et

361 4894 590 4947 abusum
622 4891 912 4963 sanctitate
939 4892 1041 4947 loci
1062 4932 1077 4956 ,
1107 4902 1167 4947 ut
1188 4909 1405 4963 pinnam
1431 4894 1710 4957 evaderet,
1734 4891 1861 4963 qua:
1890 4894 1947 4947 in

362 4976 487 5016 eum
521 4962 728 5087 primo
750 4959 957 5043 judicio
987 4959 1285 5045 constituta
1312 4962 1506 5019 fuerat.
1557 4964 1723 5046 Vides
1756 4959 1949 5019 deinde

362 5047 527 5087 mena
597 5047 679 5087 os.
696 5038 756 5085 ut
772 5032 905 5087 asvh
920 5048 1003 5087 Slll
1027 5033 1339 5087 relmonem
1358 5042 1413 5087 et
1426 5041 1804 5087 auctoritatem
1819 5049 1948 5087 ven-

361 5032 679 5104 monacbos,
696 5038 758 5104 ut
772 5032 1003 5104 asylisui
1027 5033 1339 5104 religionem
1358 5042 1413 5087 et
1426 5034 1804 5104 auctoritatem
1819 5049 1948 5104 ven-

360 5100 620 5173 ditarent,
641 5100 861 5156 latebn's
883 5102 1033 5157 illum
1049 5100 1162 5158 suis
1187 5104 1509 5169 occultasse,
1525 5102 1747 5173 ejusque
1761 5102 1915 5158 defcn
1927 5128 1949 5142 -

363 5173 572 5244 sionem
601 5172 676 5244 ita
698 5172 981 5244 suscipere
1021 5188 1183 5229 ausos
1219 5173 1478 5229 adversus
1508 5176 1850 5244 episcopum,
1891 5179 1951 5227 ut

364 5243 531 5314 etiam
568 5243 621 5297 ei
661 5242 920 5314 plurimas
952 5245 1308 5299 contumelias
1348 5242 1562 5314 publice
1591 5245 1948 5313 imponerent.

364 5311 497 5384 Qua:
524 5326 610 5384 res
640 5310 773 5367 adeo
792 5310 1014 5368 demens
1028 5321 1083 5368 et
1109 5314 1303 5369 stolida
1326 5310 1440 5370 visa
1453 5322 1536 5370 est
1550 5310 1950 5384 sapientissimo

365 5382 593 5455 principi
611 5389 714 5455 ,ιιι
744 5398 850 5437 non
876 5384 1049 5455 solum
1076 5399 1261 5439 eorum
1288 5385 1570 5455 stultitiam
1607 5382 1952 5455 castigaverit

366 5453 736 5524 asperioribus
749 5453 943 5524 verbis,
962 5455 1053 5510 sed
1066 5456 1229 5511 etiam
1251 5455 1504 5511 clericum
1530 5454 1676 5509 illum
1700 5453 1952 5524 episcopo

366 5522 466 5579 suo
490 5523 646 5595 reddi
665 5522 908 5595 jusserit,
943 5526 1236 5580 monachos
1262 5540 1424 5595 porro
1454 5526 1523 5580 ad
1559 5540 1619 5580 se
1644 5522 1830 5580 venire
1847 5566 1862 5592 ,
1883 5522 1952 5579 ιιι

366 5592 635 5664 condigna
661 5592 1029 5650 satisfactione
1058 5592 1293 5651 inustum
1320 5596 1524 5651 crimen
1551 5595 1812 5651 eleruent.
1843 5635 1857 5649 .
1891 5634 1905 5648 .
1934 5634 1948 5648 .

368 5664 636 5721 thtemm
674 5665 819 5736 quod
862 5665 948 5721 hic
979 5665 1277 5721 Theodulfo
1302 5665 1673 5721 Aurelianensi
1701 5666 1952 5736 episcopo

369 5737 567 5794 acciJit
588 5735 702 5791 sub
725 5735 949 5805 imperio
971 5736 1148 5793 Caroli
1174 5736 1243 5793 ιι.
1286 5736 1428 5794 iJcm
1463 5736 1634 5794 ferme
1662 5735 1953 5795 Ilincmaro

2046 3247 2370 3302 versationis
2401 3248 2649 3318 exemplo
2690 3251 2956 3319 potuisset
2998 3251 3312 3306 informare.
3343 3250 3470 3312 Sed,
3498 3250 3640 3321 proh

2047 3336 2235 3393 dolor!
2263 3339 2522 3395 aliorsum
2551 3350 2747 3397 cuncta
2777 3357 3037 3398 conversa
3068 3350 3227 3409 sunt;
3264 3352 3319 3396 ct
3341 3354 3365 3381 θ
3393 3340 3641 3398 diabolus

2046 3446 2143 3486 vos
2186 3430 2343 3500 quasi
2389 3431 2671 3488 ministros
2724 3448 2852 3489 suos
2899 3434 2970 3489 ad
3017 3433 3387 3489 seminandam
3433 3432 3641 3488 discor-

2047 3520 2222 3584 diam,
2266 3520 2410 3574 inter
2444 3536 2571 3589 quos
2620 3522 2845 3577 minime
2869 3523 3124 3587 decebat,
3167 3522 3403 3587 invenit,
3432 3520 3640 3576 scilicet

2046 3611 2191 3665 inter
2220 3610 2493 3679 sapientes
2518 3624 2572 3666 et
2606 3612 2856 3667 doctores
2882 3612 3137 3668 Ecclesiae
3154 3653 3169 3678 ,
3198 3621 3253 3666 et
3280 3612 3371 3681 qui
3408 3626 3640 3681 peccan-

2048 3708 2131 3755 tes
2160 3700 2433 3771 corrigere
2458 3711 2514 3757 et
2538 3702 2805 3773 castigare
2829 3702 3153 3769 debuerunt,
3190 3704 3385 3773 cogitis
3409 3704 3477 3757 ad
3510 3716 3639 3771 pec-

2048 3801 2230 3849 catum
2254 3792 2471 3848 invidia:
2495 3801 2658 3863 atque
2684 3793 2976 3849 iracundiae
2988 3807 3355 3862 prorumpere.
3386 3792 3512 3855 Sed,
3539 3791 3635 3854 illi,

2048 3883 2160 3938 Deo
2191 3882 2519 3947 miserante,
2554 3897 2893 3952 nequaquam
2929 3897 3208 3937 assensum
3247 3881 3440 3935 vestris
3483 3880 3642 3934 malis

2049 3972 2484 4044 suggestionibus
2523 3972 2799 4042 phebituri
2838 3980 2983 4027 sunt.
3010 3972 3119 4027 Vos
3144 3979 3346 4033 autem,
3388 3970 3481 4040 qui
3510 3984 3642 4025 con-

2050 4072 2344 4134 temptores
2369 4073 2571 4120 nostra:
2594 4063 2857 4135 jussionis
2893 4065 3197 4131 exstitistis,
3221 4065 3336 4120 sive
3367 4063 3638 4128 canonici,

2050 4158 2165 4213 sive
2203 4158 2454 4212 monachi
2478 4157 2747 4213 vocamini
2767 4198 2781 4221 ,
2808 4158 2875 4213 ad
2901 4157 3158 4227 placitum
3185 4164 3462 4236 nostrum,
3482 4154 3646 4224 juxta

2049 4250 2195 4321 quod
2230 4264 2467 4320 praesens
2507 4250 2705 4305 missus
2749 4258 2935 4305 noster
2969 4250 3124 4305 vobis
3158 4249 3444 4316 indixerit,
3483 4246 3643 4303 nobis

2053 4402 2341 4474 Rhemensi
2375 4404 2779 4474 archiepiscopo
2803 4412 2990 4474 postea
3018 4404 3224 4466 evenit,
3254 4404 3493 4474 utdoect
3518 4401 3643 4458 Flo-

1980 4496 2026 4556 D
2053 4473 2316 4556 doardus,
2465 4490 2525 4529 ιιι
2558 4473 2942 4556 ιίιει.]ιιιιειῐι-;3
2972 4490 3090 4556 cap.
3119 4474 3209 4556 2i,
3238 4473 3328 4528 ubi
3355 4487 3644 4556 recensens

2051 4558 2118 4614 ep
2141 4544 2306 4600 stolas
2342 4544 2616 4599 Hincmari
2672 4546 2786 4597 ait:
2828 4564 2845 4595 ι
2878 4542 3053 4600 Eboni
3104 4545 3355 4614 episcopo
3399 4542 3641 4614 ecclesia:

2050 4612 2376 4685 Rbcrmensis
2416 4615 2634 4669 alumno
2678 4630 2778 4685 pro
2813 4617 3047 4685 quodam
3086 4612 3254 4669 fratre
3290 4612 3366 4669 ab
3413 4613 3515 4668 hac
3551 4628 3642 4667 ec-

2050 4684 2213 4738 clesia
2258 4684 2383 4756 fuga
2420 4684 2695 4756 lapsoet’
2725 4684 2866 4755 apud
2914 4686 3088 4756 ipsum
3128 4692 3534 4756 commorante,
3582 4690 3645 4737 ut

2051 4754 2373 4827 quantocius
2398 4754 2545 4809 illum
2578 4754 2820 4827 diligenti
2846 4754 2978 4811 cura
3003 4756 3279 4810 remittere
3304 4754 3590 4827 studeat.)

2122 4824 2373 4881 Baluzius
2408 4827 2548 4880 hanc
2577 4823 2858 4894 epistolam
2887 4828 3119 4894 primum
3147 4840 3211 4880 ex
3253 4823 3420 4878 veteri
3447 4823 3649 4894 Codice

2051 4910 2154 4950 ms.
2200 4896 2541 4952 bibliotheca
2588 4892 2913 4952 Colhertime
2944 4897 3111 4951 edidit
3152 4903 3283 4948 tom.
3326 4894 3342 4947 Ι
3382 4892 3640 4961 Capitul.,

2049 4978 2173 5035 pag.
2201 4966 2325 5032 415,
2355 4966 2583 5036 eamque
2613 4967 2870 5092 scriptam
2895 4974 3052 5035 putat
3074 4980 3218 5020 anno
3246 4964 3370 5028 803,
3403 4962 3642 5018 Mabillo-

2050 5036 2174 5090 nius
2198 5052 2325 5092 vero
2361 5052 2502 5090 anno
2536 5053 2709 5092 once.
2748 5036 2878 5092 enti.

2050 5036 2174 5106 nius
2198 5052 2325 5106 vero
2361 5052 2502 5090 anno
2536 5036 2878 5106 pncccdenti.

2123 5105 2152 5144 ι)
2181 5105 2332 5159 Nulli
2365 5100 2665 5160 criminosa.
2706 5107 2927 5172 Legitur
2959 5105 3105 5160 istud
3145 5105 3198 5159 in
3239 5101 3500 5172 Capitulis
3530 5100 3645 5155 An-

2050 5173 2303 5271 gilramgii
2319 5217 2334 5241 ,
2355 5192 2498 5271 "cap.
2636 5185 2690 5231 et
2710 5161 2856 5271 'ipile
2894 5176 2947 5230 in
2987 5175 3109 5230 libr.
3127 5192 3191 5271 οξ
3214 5161 3602 5271 Qapittilariuin
3621 5210 3645 5236 ,

2051 5259 2171 5313 cap.
2191 5245 2324 5315 _l87.
2355 5245 2490 5301 Vile
2518 5248 2680 5302 etiam
2710 5247 2830 5301 libr.
2857 5262 2950 5309 vn,
2980 5261 3100 5315 cap.
3125 5246 3214 5301 85.
3242 5246 3437 5315 Βλιυνῑ.

2126 5326 2149 5352 ο
2178 5313 2246 5369 In
2271 5327 2546 5399 conspectu
2580 5316 2921 5399 p0pllff.hnlc
2959 5313 3109 5374 locus
3149 5315 3301 5370 valle
3339 5314 3652 5373 illustratur

2058 5386 3081 5525 exdcmggtigdnlgxnquQue?

2137 5522 2430 5598 eDiabofus
2479 5543 2566 5582 vos
2613 5528 2765 5598 quasi
2811 5522 3077 5598 ministros
3121 5525 3394 5598 ειιοεεγινο
3439 5522 3661 5598 (Ζειιᾮῼκ

2062 5597 2231 5667 tensis
2275 5596 2575 5667 episcopus,
2615 5593 2773 5667 epist.
2821 5595 2969 5667 266,7
2995 5597 3220 5667 loquens
3253 5597 3319 5652 de
3356 5593 3651 5667 monachis

2060 5666 2283 5735 majoris
2307 5665 3005 5723 ’monasterii'Turonensis
3039 5665 3116 5720 τη
3165 5665 3407 5724 Monacbi
3448 5666 3645 5725 daemo~

2064 5738 2218 5796 niaca
2256 5737 2454 5795 invidia
2496 5739 2648 5795 moti.
2686 5759 2705 5792 ι
2747 5739 2977 5806 Βλιιιῑ.,
3011 5738 3149 5796 ibid.
