4092 6188
321 312 428 372 925
1780 301 2160 362 EPlSTOLE.
2572 304 2577 307 “
3492 305 3603 363 θξθ

321 441 539 500 torpore
576 423 809 491 sublato,
853 423 1254 481 exercitationis
1291 432 1491 480 sancta:
1539 423 1762 478 brachio
1803 436 1909 476 cre-
1934 423 1984 481 Α
2010 435 2099 474 ore
2122 429 2231 483 tuo,
2259 433 2361 472 non
2382 416 2624 471 recedant
2645 414 2711 470 de
2739 430 2830 469 ore
2847 423 2958 480 tuo,
2980 424 3027 470 et
3056 415 3125 470 de
3164 432 3254 471 ore
3286 420 3500 474 seminis
3521 430 3601 476 tiu

232 566 237 571 .
321 522 511 576 lestem
540 516 753 572 valeant
795 516 1075 585 perfodere
1113 516 1446 570 thesaurum.
1494 513 1772 569 Sermonis
1825 519 1913 566 et-
2013 510 2273 565 amodoet
2307 523 2468 579 usque
2508 507 2565 561 in
2607 506 2979 577 sempiternum
3025 505 3182 578 (Isai.
3206 507 3341 579 ιιι).
3371 508 3501 563 Item
3544 510 3600 565 in

321 609 466 665 enim
498 606 765 664 Dominici
790 606 1003 662 sarculo
1024 607 1220 675 szepius
1265 605 1566 660 divinarum
1600 603 1910 671 Scriptura-
2014 602 2149 656 Isaia
2172 600 2431 669 scriptum
2453 606 2578 654 est:
2611 597 2693 652 Ibi
2731 598 3063 654 obviareth
3109 599 3209 654 sibi
3249 601 3405 669 cervi,
3437 609 3488 655 et
3529 603 3601 657 ri-

322 716 445 756 rnm
466 707 711 770 pastores
731 700 926 755 debent
960 698 1308 769 proscindere
1344 711 1615 765 campum,
1650 711 1719 750 ne
1763 696 1912 749 ziza-

239 789 249 798 ’
321 791 413 845 nia
438 789 638 845 saturis
662 788 832 858 iniqui
878 802 1171 857 semenque
1199 786 1497 856 malignum
1546 786 1766 841 formosi
1814 786 1916 840 tri—

325 880 419 938 tici
451 881 628 936 valeat
671 879 979 950 opprimere
1033 875 1270 933 fructum
1294 917 1309 942 ,
1359 883 1454 929 aut
1480 875 1667 930 volans
1712 874 1915 944 passim

322 972 565 1029 volucris
583 968 834 1025 haeretica
876 983 1061 1024 semen
1089 966 1417 1023 catholicum
1448 982 1480 1021 a
1523 966 1778 1023 cordibus
1827 981 1916 1020 ra-

325 1063 440 1134 piat
470 1061 838 1133 parvulorum,
864 1058 1192 1127 horridaque
1232 1056 1509 1127 spinarum
1538 1056 1772 1111 emersio
1812 1056 1920 1111 Do-

327 1154 461 1210 mini
502 1152 730 1208 nitidam
774 1150 946 1219 possit
993 1147 1261 1204 suffocare
1332 1155 1590 1217 segetem.
1646 1147 1919 1202 Lectionis

328 1244 531 1301 etenim
556 1257 727 1299 sacrae
755 1241 992 1310 cognitio
1044 1239 1330 1295 imbecillis
1368 1238 1641 1303 baculum,
1676 1238 1919 1294 nervosis

327 1351 482 1392 arma
524 1334 816 1397 ministrat,
876 1332 1114 1388 hostium
1159 1331 1415 1388 subdolas
1464 1329 1679 1386 fortiter
1721 1330 1919 1401 premit

318 1428 577 1492 insidias,
600 1434 656 1482 et
680 1426 977 1481 victoribus
1016 1432 1248 1479 aeternas
1280 1422 1510 1478 feliciter
1533 1423 1800 1493 promittit
1823 1437 1919 1477 eo-

328 1533 514 1577 ronas.
559 1519 702 1587 Ergo
740 1514 983 1588 procula
1006 1517 1315 1587 pastoribus
1358 1515 1697 1585 negligentia:
1736 1524 1922 1586 torpor

329 1610 617 1675 abscedat;
644 1612 832 1679 procul
861 1622 894 1662 a
916 1607 1114 1663 mentis
1133 1609 1383 1662 acumine
1415 1607 1608 1661 inertia
1662 1607 1920 1662 damnosa

333 1701 571 1765 recedat,
599 1698 883 1768 mollisque
934 1697 1154 1753 lascivia
1207 1697 1453 1767 corporis
1476 1698 1718 1753 membra
1752 1696 1917 1752 relin-

328 1755 495 1864 quat,
533 1755 589 1848 et
629 1790 772 1846 altus
793 1755 983 1859 lsopor
1016 1755 1320 1857 mollisque.
1340 1802 1564 1843 somnus
1612 1787 1667 1841 in
1721 1787 1925 1855 rigidas
1955 1755 2000 1813 Β

333 1883 686 1951 lucrosasque
706 1880 952 1936 lectionis
993 1886 1233 1948 emergat
1262 1878 1538 1943 excubias,
1583 1886 1645 1932 ut
1675 1877 1930 1934 Ecclesia

334 1988 467 2043 ager
483 1974 717 2042 opimus,
744 1971 1137 2040 doctorumque
1174 1970 1381 2025 semine
1401 1978 1570 2036 satus,
1595 1969 1772 2024 valeat
1801 1985 1930 2025 cen-

339 2074 495 2122 tenos
515 2062 877 2133 omnipotenti
903 2062 1130 2118 reddere
1160 2060 1390 2116 fructus.
1414 2059 1535 2116 Jam
1559 2076 1704 2116 nunc
1744 2075 1934 2130 aggre—

338 2157 458 2213 diar
489 2156 557 2211 de
600 2153 835 2223 Spiritus
874 2152 1046 2208 sancti
1089 2158 1456 2221 processione.
1496 2151 1651 2219 Quod
1700 2151 1935 2221 Spiritus

337 2244 517 2301 Patris
539 2244 683 2300 sitin
712 2242 870 2307 Filio,
906 2242 1158 2311 idemque
1205 2240 1439 2311 Spiritus
1468 2251 1524 2297 et
1557 2242 1737 2297 Patris
1783 2242 1855 2297 sit
1878 2258 1935 2299 ei

337 2334 482 2399 Filii,
509 2334 675 2389 Isaias
712 2339 962 2398 testatur,
997 2332 1087 2387 ubi
1114 2347 1213 2386 vox
1264 2330 1441 2387 Patris
1463 2332 1541 2387 ait
1569 2334 1637 2388 ad
1669 2332 1865 2388 Filium
1896 2350 1911 2389 :

343 2425 575 2497 Spiritus
610 2441 758 2480 meus
799 2433 875 2479 est
900 2425 1048 2490 inte,
1091 2432 1141 2479 et
1188 2424 1339 2479 verba
1377 2442 1493 2479 mea
1521 2441 1640 2496 qua:
1685 2425 1837 2496 posui
1879 2424 1937 2477 in

383 2562 519 2616 rimo
538 2557 849 2620 commovit,
863 2576 881 2607 ι
902 2562 963 2610 ut
984 2555 1228 2611 scribunt
1249 2555 1562 2621 Annalistaa,
1577 2556 1933 2622 Loisclianus,

390 2629 644 2692 nldensis,
661 2626 1021 2691 Bertinianus,
1051 2642 1115 2681 ac
1142 2626 1417 2693 Metensis,
1436 2640 1536 2684 nec
1563 2644 1670 2682 non
1699 2628 1939 2682 incertus

342 2708 536 2757 auctor
561 2706 616 2754 et
638 2696 936 2752 monachus
951 2696 1353 2766 Egolismensis,
1372 2699 1427 2752 in
1460 2699 1583 2752 Vita
1597 2697 1810 2752 Caroli:
1835 2713 1938 2753 nec

344 2773 416 2827 ab
438 2770 525 2825 his
549 2767 877 2837 dissentiunt
906 2766 1244 2837 Eginhardus
1269 2768 1323 2821 in
1349 2767 1570 2832 Annal.,
1598 2775 1652 2823 et
1676 2766 1815 2822 Δύο.
1844 2767 1939 2823 llle

345 2842 490 2909 enim
516 2838 620 2909 ait:
652 2855 692 2909 rt
724 2834 1099 2909 Qumstio'nem‘
1114 2834 1350 2909 Joannes
1379 2837 1599 2909 quidam
1635 2837 1937 2909 monachus

344 2907 694 2979 Jerosolymis
722 2906 904 2979 primo
948 2905 1321 2979 concitavit)
1378 2905 1477 2979 hic
1509 2923 1676 2979 vero:
1740 2925 1757 2957 ε
1787 2907 1939 2963 lianc

498 2975 700 3034 tionem
713 2975 948 3047 Joannes
967 2976 1263 3047 monachus
1274 2975 1624 3047 Jerosolymis
1637 2986 1900 3032 moverat.
1913 2997 1934 3031 ι

498 2997 700 3034 tionem
713 2997 948 3032 Joannes
967 2997 1263 3033 ιιιοιιειωιιιε
1274 2997 1624 3047 εει-οωιγιῐιιε
1637 2997 1900 3032 moverat.
1913 2997 1934 3031 Ι

346 2997 530 3118 me
558 3047 785 3118 quzestio
809 3045 886 3118 de
910 3061 1016 3115 qua
1046 3046 1099 3118 in
1121 3045 1540 3118 Aquisgranensi
1568 3047 1797 3104 concilio
1824 3054 1935 3102 tra-

347 3110 831 3187 cwtatumfprimum
857 3110 1205 3187 Jerosolymis
1223 3110 1429 3173 exorta.

347 3186 670 3260 persuadeat
699 3202 730 3240 a
752 3186 1330 3260 graecisédisputatum,
1357 3188 1502 3260 enin
1529 3187 1937 3260 Symbolocanf

350 3255 574 3314 iandum
761 3255 891 3329 illud
909 3255 1354 3329 additamentum,
1378 3255 1642 3329 Filioque,
1666 3257 1808 3328 quod
1835 3257 1935 3327 ipsi

349 3344 463 3385 non
496 3326 862 3397 recipiebant?
914 3326 1100 3397 Tertio
1140 3326 1366 3383 Carolus
1401 3326 1544 3397 lmp.’
1583 3330 1639 3383 in
1678 3326 1792 3383 suis
1815 3326 1939 3397 post

350 3395 1128 3469 Aquisgranenscm_synodum
1156 3397 1223 3452 ad
1244 3395 1696 3469 Leonem—papam
1720 3395 1933 3469 litteris,

350 3466 482 3525 licet
505 3466 640 3522 bene
671 3466 943 3537 prolixis,
964 3481 1193 3537 quarum
1230 3483 1357 3521 mox
1383 3466 1595 3521 initium
1632 3467 1935 3530 retulimus,

353 3539 561 3594 nullum
600 3536 824 3607 veijbum
862 3536 1024 3591 habet
1054 3536 1120 3591 de
1159 3536 1418 3607 Symbolo
1462 3537 1549 3591 vel
1587 3536 1829 3607 canendo
1855 3537 1940 3607 vel

353 3623 465 3665 non
489 3606 751 3670 canendo,
792 3606 886 3661 sed
923 3612 1071 3677 totus
1097 3615 1179 3661 est
1206 3606 1266 3661 in
1292 3606 1676 3677 eonglobandis
1703 3606 1943 3677 auctori-

354 3678 561 3733 tatibus
593 3691 659 3729 ex
686 3684 916 3745 utroque
937 3675 1298 3741 Testamento,
1326 3685 1381 3731 et
1403 3675 1473 3732 ex
1497 3676 1822 3731 authenticis
1840 3675 1943 3729 Pa-

276 3816 279 3817 ν
355 3756 503 3817 trum
526 3746 774 3815 scriptis,
801 3752 861 3799 ut
882 3746 1291 3817 quamplurimis
1326 3747 1654 3817 testimoniis
1693 3745 1944 3817 ostendat

360 3819 430 3873 de
455 3816 658 3886 Spiritu
689 3815 915 3881 sancto,
959 3815 1103 3886 quad
1122 3831 1227 3871 non
1267 3832 1299 3871 a
1324 3815 1486 3872 Patre
1510 3826 1719 3871 tantum
1737 3857 1753 3882 ,
1793 3816 1887 3871 sed
1912 3830 1941 3868 a

359 3885 523 3942 Patre
543 3893 598 3941 et
622 3885 758 3956 Filio
782 3885 1046 3955 procedit.
1078 3886 1219 3955 Ergo
1241 3887 1297 3941 in
1321 3885 1741 3956 Aquisgranensi
1762 3885 1946 3943 conci-

359 3957 456 4018 lio,
484 3966 544 4012 ut
570 3957 649 4011 ait
666 3953 1015 4026 Adocitatus,
1044 3953 1242 4026 agitata
1269 3953 1586 4026 quaestio'de.
1602 3958 1947 4025 processione

361 4026 597 4097 Spiritus
647 4025 848 4097 sancti,
880 4045 899 4077 ε
927 4025 1108 4081 utrum
1150 4025 1298 4081 sicut
1312 4027 1557 4096 procedit
1582 4042 1614 4081 a
1640 4026 1832 4093 Patre,
1870 4026 1945 4081 ita

357 4094 675 4168 procedat‘a
696 4094 873 4168 filio.
892 4113 912 4147 ι

435 4166 675 4248 Denique
694 4164 1486 4248 TheodolphusoAurelianensis
1498 4167 1780 4248 episcopus
1800 4166 1949 4223 hisce

361 4235 865 4307 temporibus,cum
890 4235 1118 4307 qumstio
1138 4235 1204 4307 de
1214 4235 1558 4305 processionc
1569 4235 1803 4307 Spiritus
1825 4251 1951 4307 san-

362 4306 438 4362 cti
465 4303 628 4387 cmpit
645 4305 866 4387 agitari,
896 4303 1131 4360 libellum
1148 4303 1230 4387 _de
1250 4308 1567 4387 ea‘materia
1587 4303 1739 4387 jussu
1768 4306 1949 4387 Caroli

362 4374 707 4445 conscripsit.
734 4374 791 4429 ln
820 4390 920 4429 suo
941 4376 1199 4445 opusculo
1234 4376 1449 4445 collegit
1488 4374 1782 4432 sententias
1810 4378 1950 4431 anti-

1469 3117 1601 3185 Quis
1624 3127 1804 3172 autem
1829 3117 1932 3173 sibi
1962 3109 2008 3173 C

2013 692 2202 746 derunt
2225 691 2387 759 facies
2405 706 2531 744 suas
2554 699 2754 743 mutuo.
2771 688 3113 744 Transierunt
3127 707 3147 755 ;
3162 708 3296 745 unus
3315 708 3383 747 ex
3401 693 3475 747 eis
3499 710 3602 748 non

2013 782 2186 853 periit,
2212 789 2262 835 et
2311 778 2541 851 Spiritus
2584 779 2698 850 ejus
2747 780 3074 849 congregavit
3110 796 3218 834 eos.
3270 779 3472 836 Cervos
3516 783 3605 837 hic

2016 871 2288 941 apostolos
2318 870 2483 941 prisci
2508 869 2699 924 Patres
2749 869 3151 935 intellexerunt,
3193 886 3331 939 quos
3369 871 3605 941 Spiritus

2016 961 2216 1017 Christi
2262 962 2317 1016 in
2350 959 2648 1015 Jerusalem
2687 960 3055 1029 congregavit,
3083 960 3176 1015 ubi
3220 976 3279 1017 se
3323 963 3606 1018 obviantcs

2016 1060 2207 1107 mutuo
2223 1052 2613 1107 salutaverunt.
2641 1050 2811 1119 Igitur
2835 1051 2978 1120 quod
3026 1049 3206 1105 Patris
3233 1052 3303 1105 sit
3348 1051 3604 1122 Spiritus,

2019 1143 2138 1213 ipse
2183 1143 2444 1199 Dominus
2494 1141 2755 1213 apostolis
2813 1142 2890 1196 ait
2937 1158 2951 1195 :
2992 1140 3115 1195 Non
3167 1144 3305 1196 enim
3354 1159 3441 1198 vos
3482 1145 3609 1199 estis

2016 1234 2106 1303 qui
2140 1233 2455 1303 loquimini,
2514 1231 2606 1286 sed
2653 1231 2886 1303 Spiritus
2933 1231 3111 1286 Patris
3169 1234 3345 1299 vestri,
3390 1235 3482 1305 qui
3530 1234 3609 1289 lo-

2018 1324 2199 1395 quitur
2233 1323 2291 1377 in
2333 1321 2477 1377 robis
2512 1320 2728 1393 (Matth.
2758 1318 2838 1387 χ).
2892 1321 2960 1375 Et
3003 1322 3150 1389 quod
3186 1322 3326 1377 idem
3375 1322 3609 1392 Spiritus

2020 1414 2144 1471 Filii
2169 1416 2263 1479 sit,
2290 1413 2495 1468 Paulus
2517 1421 2750 1468 testatur
2779 1413 2966 1469 dicens
2991 1430 3003 1466 :
3046 1413 3107 1469 Si
3128 1415 3245 1484 quis
3276 1425 3448 1468 autem
3489 1414 3611 1486 Spi-

2021 1507 2181 1560 ritum
2206 1504 2401 1560 Christi
2420 1520 2527 1558 non
2545 1504 2720 1571 habet,
2744 1505 2829 1559 hic
2859 1521 2967 1559 non
2993 1514 3071 1560 est
3116 1505 3232 1573 ejus
3258 1506 3435 1576 (Rom.
3464 1507 3607 1577 vui).

2022 1598 2265 1667 Itemque
2289 1597 2344 1651 in
2377 1595 2618 1666 Epistola
2654 1596 2723 1652 ad
2756 1594 2976 1652 Galatas
2996 1596 3074 1650 ait
3100 1614 3113 1650 :
3145 1596 3412 1662 Quoniam
3437 1608 3613 1653 autem

2022 1691 2147 1744 estis
2166 1687 2266 1759 lilii
2296 1687 2412 1753 Dei,
2444 1688 2587 1742 misit
2612 1687 2754 1742 Dens
2783 1687 3040 1758 Spiritum
3088 1687 3217 1742 Filii
3242 1690 3326 1743 sui
3373 1690 3425 1743 in
3453 1689 3613 1744 corda

2028 1790 2207 1834 nostra
2264 1778 2573 1832 clamantem
2618 1778 2764 1832 Abba
2811 1778 2975 1833 Pater
3012 1778 3212 1853 (Colat.
3262 1780 3357 1852 Iv).
3417 1781 3615 1837 Beatus

2027 1884 2245 1940 quoque
2264 1869 2457 1924 Petrus
2479 1869 2533 1923 in
2560 1869 2799 1939 Epistola
2823 1885 2921 1925 sua
2946 1871 3056 1925 ait:
3088 1870 3427 1942 Reportantes
3455 1873 3614 1942 finem

2027 1960 2154 2031 ﬁdei
2197 1969 2411 2025 restria,
2460 1958 2681 2014 salutem
2731 1961 3049 2015 animarum.
3092 1960 3170 2015 De
3194 1978 3299 2032 qua
3319 1962 3488 2017 salute
3527 1980 3616 2018 ea:-

2027 2053 2319 2124 quisierunt
2351 2062 2505 2123 atque
2529 2053 2749 2106 scrutati
2769 2060 2891 2106 sunt
2923 2053 3205 2123 prophetw,
3237 2053 3326 2125 qui
3348 2054 3411 2108 de
3433 2053 3616 2123 futura

2028 2144 2086 2199 in
2130 2143 2270 2199 vobis
2313 2144 2484 2213 gratia
2525 2144 2978 2215 prophetaverunt,
3031 2154 3322 2200 scrutantes
3371 2146 3428 2199 in
3469 2147 3611 2217 quod

2031 2231 2109 2289 rel
2148 2231 2304 2304 quale
2344 2241 2545 2303 tempus
2572 2231 2894 2302 signiﬁcaret
2925 2232 3015 2302 qui
3047 2232 3105 2286 in
3132 2233 3208 2286 eis
3243 2241 3356 2287 erat
3386 2232 3616 2304 Spiritus

2032 2321 2246 2386 Christi,
2270 2321 2628 2392 prcenuntians
2656 2337 2745 2375 eas
2764 2337 2882 2393 qua
2902 2323 2957 2376 in
2979 2319 3186 2375 Christo
3203 2330 3326 2377 sunt
3350 2324 3620 2392 passiones

2032 2423 2083 2469 et
2103 2413 2413 2485 posteriores
2436 2411 2633 2481 glorias
2659 2410 2709 2481 (Ι
2734 2411 2877 2467 Petr.
2893 2411 2957 2471 tl.
2985 2412 3051 2467 Et
3075 2412 3337 2469 Dominus
3362 2414 3417 2468 in
3444 2414 3619 2470 Evan-

2187 2545 2307 2604 Quis
2330 2543 2477 2593 Patre
2502 2557 2591 2593 seu
2626 2542 2750 2593 Nato
2772 2542 3046 2606 procedere
3071 2543 3282 2605 Spiritus
3304 2546 3457 2595 almus

2284 2608 2549 2668 astutiam
2579 2605 2706 2668 legis
2730 2605 2820 2654 hoc
2847 2608 3088 2656 reboante
3109 2611 3245 2668 tuba.

2188 2667 2292 2717 Hoc
2308 2667 2369 2730 Et
2382 2667 2657 2730 angelium,
2673 2668 2766 2716 hoc
2783 2668 2957 2723 promit
2978 2667 3230 2730 apostolus
3252 2674 3425 2717 auctor

2281 2729 2386 2779 Hoc
2402 2729 2532 2779 cauit
2552 2730 2749 2777 unanim
2767 2741 2793 2777 s
2810 2739 2903 2778 vox
2931 2729 3169 2791 pla'sacra
3196 2729 3415 2779 Patrum.

2035 2832 2104 2889 Et
2133 2833 2293 2916 paulo
2312 2842 2445 2916 post
2462 2849 2697 2916 quonam
2736 2842 2980 2905 tempore
3014 2833 3131 2891 ιιωο
3162 2835 3389 2906 quaestio
3419 2836 3624 2893 moveri

2035 2905 2280 2974 cmperit,
2311 2905 2385 2959 ita
2412 2905 2651 2959 declarat
2670 2920 2684 2958 :

2194 3035 2374 3097 inclyta
2400 3043 2678 3086 sanctorum
2705 3048 2898 3086 mecum
2927 3042 3001 3086 est
3020 3039 3270 3089 sententia
3295 3045 3462 3088 vatu°n

2281 3101 2412 3157 Quos
2436 3099 2566 3147 bene
2589 3099 2837 3156 aplramen
2866 3098 3095 3148 Flaminis
3120 3099 3264 3157 liuius
3285 3102 3411 3151 agit.

2189 3157 2364 3224 Tuque
2384 3172 2578 3208 manum
2601 3159 2791 3224 iniit-les
2807 3199 2821 3223 ,
2844 3168 3045 3221 vegetat
3070 3174 3218 3224 quem
3243 3162 3459 3224 Spiritus
3477 3159 3564 3214 ille

2277 3221 2429 3273 Causa
2447 3227 2534 3271 tuo
2554 3222 2693 3282 cujus
2717 3221 2943 3283 tempore
2964 3222 3114 3284 coepit
3133 3224 3233 3285 agi.

2105 3324 2319 3396 Agitata
2349 3325 2516 3397 igitur
2546 3326 2599 3380 in
2626 3325 3047 3397 Aquisgranensi
3077 3326 3308 3382 concilio
3338 3326 3629 3397 haecquar-

2036 3396 2143 3451 stio
2160 3436 2176 3460 ,
2203 3405 2385 3466 utrum
2412 3396 2647 3466 Spiritus
2673 3396 2894 3451 sanctus
2936 3398 3077 3452 sicut
3106 3397 3351 3466 procedit
3388 3412 3417 3450 a
3445 3396 3627 3462 Patre,

2037 3466 2112 3520 ita
2139 3464 2636 3537 procedatafilio,
2677 3466 2929 3537 illiusque
2960 3464 3273 3537 qumsiionis
3311 3465 3631 3537 definienda:

2038 3550 2200 3591 causa
2230 3536 2416 3606 directi
2459 3534 2692 3606 Romam
2736 3534 3026 3606 Bernarius
3058 3535 3483 3591 Wormaciensis
3519 3536 3632 3606 cpi-

2040 3619 2236 3676 scopus
2278 3612 2332 3659 et
2369 3604 2748 3676 Adhalitardus
2793 3604 3135 3662 Corbeiensis
3175 3607 3372 3669 abbas,
3397 3604 3630 3676 quorum

2039 3674 2330 3747 collocatio
2363 3674 2782 3747 cum__iiomano
2820 3678 3111 3746 pontifice,
3156 3692 3316 3745 quam
3365 3674 3630 3747 integram

2040 3744 2303 3816 Baronius
2325 3761 2474 3798 num.
2493 3743 2562 3798 54
2586 3752 2641 3801 et
2660 3761 2774 3814 seq.
2804 3743 2997 3801 recitat
3026 3748 3080 3802 in
3095 3743 3296 3802 annum
3315 3743 3633 3816 sequentem

2042 3812 2191 3887 rejici
2235 3816 2430 3887 debet;
2462 3830 2585 3868 cum
2623 3812 2937 3887 concilium
2960 3812 3411 3887 Aquisgranensc'
3440 3832 3627 3887 mense

2042 3884 2331 3955 Novembri
2349 3892 2598 3939 coactum
2615 3884 2796 3939 fuerit.
2826 3884 3371 3955 Finisidispu'tatiouis
3395 3887 3485 3941 hic
3509 3886 3631 3941 fuit.

2046 3954 2361 4027 Symbolum
2390 3970 2514 4027 cum
2538 3955 2937 4027 additamento,
2966 3952 3242 4027 Filioque.
3272 3957 3416 4026 quod
3445 3958 3495 4027 ei
3528 3957 3635 4013 Ro-

2043 4022 2203 4085 mana
2228 4025 2469 4081 Ecclesia
2495 4022 2732 4079 nondum
2773 4026 3077 4081 inseruerat
3093 4022 3168 4089 ,'a
3190 4022 3416 4082 Francis
3440 4026 3637 4083 decan-

2046 4099 2150 4155 tari
2184 4095 2409 4153 moleste
2434 4093 2638 4165 ferebat
2660 4094 2801 4162 Leo;
2832 4103 3012 4150 tamen
3039 4097 3091 4151 id
3110 4095 3363 4165 deinceps
3391 4096 3505 4152 fieri
3528 4113 3634 4152 non

2045 4167 2321 4240 prohibuit
2348 4164 2612 4240 absolute,
2629 4166 2957 4240 sed‘rogavit
2979 4164 3415 4240 hancinl’alatio
3436 4168 3550 4240 sive
3581 4166 3634 4221 iu

2047 4235 2194 4309 regia
2217 4236 2422 4309 capella
2450 4235 2893 4309 consuetudinem
2924 4236 3228 4309 intermitti,
3258 4248 3410 4293 ratus
3434 4237 3549 4293 fore
3576 4246 3639 4291 ut

2048 4305 2255 4366 morem
2286 4305 2497 4377 palatii
2561 4305 2811 4362 lubenter
2855 4307 3034 4362 omnis
3088 4315 3275 4377 postea
3321 4316 3640 4377 sequeretur

2050 4379 2298 4435 Francia.
2329 4377 2446 4448 Ipse
2472 4383 2673 4448 autem,
2704 4386 2764 4431 ut
2792 4378 3128 4448 antiquitatis
3158 4378 3558 4433 tenacissimum
3580 4393 3639 4432 sc

362 4460 596 4517 quorum
622 4444 863 4527 Patrum,
887 4444 978 4527 qui
1000 4444 1527 4527 Spiritum-sanctum
1550 4464 1580 4527 ξι
1606 4446 1952 4527 PatreFilio-
1978 4456 2025 4514 ι)
2048 4444 2431 4527 ιιι-ωιιθιςεῑξᾳι
2444 4445 2756 4527 nepmcos
2795 4444 3073 4527 alienaret,
3107 4450 3160 4503 in
3180 4448 3421 4527 basilica
3466 4449 3639 4527 sancti

363 4515 473 4585 que
492 4515 788 4583 procedere
825 4515 1179 4585 scripserunt.
1229 4516 1433 4571 Horum
1474 4518 1742 4574 indiculus
1770 4518 1844 4572 ita
1872 4527 1952 4574 te-

366 4586 547 4654 xitur,
577 4583 931 4654 Athanasius,
983 4582 1245 4654 Cyrillus,
1280 4587 1545 4651 Hilarius,
1601 4588 1950 4653 Ambrosius,

362 4653 662 4726 Didymus,
694 4653 1057 4726 Augustinus,
1085 4655 1428 4726 Fulgentius,
1456 4657 1737 4712 Hormis-ia
1758 4699 1771 4721 ,
1809 4657 1950 4723 Leo,

365 4723 702 4796 Gregorius,
712 4723 969 4788 lsidorus,
996 4723 1246 4796 Prosper,
1271 4727 1517 4796 Vigilius,
1540 4726 1688 4791 Afer,
1711 4727 1950 4792 Proclus,

366 4793 646 4867 Agnelius,
665 4794 1035 4867 Cassiodorus,
1065 4793 1408 4867 Prudentius.
1433 4796 1762 4866 Opusculum
1781 4798 1955 4867 ipsum

368 4863 734 4938 consulecum
760 4866 903 4938 notis
937 4864 1241 4938 Sit-monili,
1278 4868 1369 4937 qui
1396 4863 1647 4938 Vigilium
1684 4863 1957 4938 Thapsen-

370 4950 485 4990 scm
515 4934 567 4988 in
587 4933 1103 5021 African‘Agn‘t-lluin
1132 4933 1514 5021 ‘iiavei‘tnatet'n
1534 4933 1817 5021 .innltalia,
1846 4941 1959 5021 epi-

369 5019 566 5086 scopos
595 5006 857 5087 agnoscit,
904 5012 959 5059 et
985 5006 1258 5075 adiudicat
1289 5007 1584 5062 Athanasio
1612 5008 1777 5091 libros
1801 5025 1854 5062 ιι
1876 5006 1959 5065 ‘de

372 5075 659 5138 Tnnttate,
688 5089 780 5143 qui
807 5083 1045 5148 citantur
1071 5091 1102 5148 a
1130 5077 1499 5148 Theodulpho,
1532 5085 1586 5133 et
1615 5078 1807 5133 Latum
1835 5087 1957 5133 tan-

372 5154 490 5217 tum
534 5159 785 5217 sermone
834 5145 978 5217 inter
999 5145 1279 5202 Athanasii
1301 5145 1464 5217 opera
1484 5149 1957 5212 circumferuntur,

387 5212 724 5283 l‘heodulpho
754 5216 806 5268 in
837 5230 934 5270 sua
965 5212 1351 5273 lucubratione
1366 5234 1518 5272 mens
1550 5220 1738 5274 eadem
1764 5235 1828 5276 ac
1856 5218 1961 5275 Ca-

376 5283 492 5358 rolo
536 5284 587 5336 in
633 5284 829 5358 litteris
870 5286 940 5358 ad
982 5285 1215 5342 Leonem
1255 5303 1449 5358 papam
1484 5286 1597 5354 jam
1627 5289 1956 5344 memoratis.

376 5349 617 5429 Uterque
641 5355 787 5408 varia
814 5353 1018 5429 profert
1040 5349 1369 5429 testimonia,
1403 5349 1599 5427 quibus
1624 5361 1818 5414 asserit
1843 5359 1964 5429 Spi-

377 5426 542 5497 ritum
569 5432 874 5497 sanctumia
897 5425 1057 5497 Patre
1082 5438 1136 5483 et
1165 5427 1304 5483 Filio
1340 5425 1652 5497 procedere.
1695 5425 1964 5486 Theodul-

375 5495 677 5568 phus_cnim
702 5495 832 5568 quid
847 5496 1094 5568 intendat
1115 5498 1168 5552 in
1185 5495 1409 5554 metrica
1429 5498 1611 5568 operis
1632 5498 1700 5554 ad
1714 5501 1965 5557 eumdem

374 5564 627 5621 Carolum
652 5565 970 5633 prmfatione
991 5566 1073 5623 sic
1097 5568 1349 5637 exponit:

532 5657 732 5722 imperii
754 5661 927 5722 res-iri,
948 5674 1035 5710 res
1054 5659 1256 5722 inclyte,
1275 5661 1409 5721 jnssa
1434 5666 1636 5710 secutus
1653 5696 1675 5722 γ,

627 5720 812 5771 Deiera
832 5719 1187 5777 Tlteudulttltua
1210 5719 1316 5775 huic
1336 5722 1629 5774 documenta
1650 5721 1831 5775 libens.

2096 4519 2198 4574 etri
2224 4519 2359 4573 duas
2387 4516 2600 4587 tabulas
2639 4526 2923 4587 argenteas
2962 4517 3027 4572 ad
3068 4518 3461 4574 confessionem
3500 4517 3642 4587 ejus-

2053 4592 2176 4646 dem
2227 4590 2399 4644 sancti
2439 4586 2586 4641 Petri
2628 4585 2920 4657 aliigendas
2968 4589 3262 4657 prudenter
3302 4585 3543 4651 curavit,
3585 4589 3641 4643 in

2053 4674 2280 4730 quarum
2306 4657 2477 4713 altera
2499 4657 2813 4730 Symbolum
2855 4656 3042 4714 Graice
3071 4661 3330 4730 scriptum
3350 4702 3363 4725 ,
3394 4661 3449 4715 in
3473 4659 3641 4730 altera

2053 4727 2245 4786 Latine
2272 4736 2554 4800 exaratum
2576 4728 2863 4800 legeretur,
2897 4727 3197 4800 utrobique
3209 4732 3323 4785 sine
3363 4732 3465 4785 hoc
3491 4727 3645 4800 addi-

2055 4808 2316 4863 tamento,
2345 4796 2603 4868 Filioque.
2634 4797 2875 4851 Meminit
2919 4796 3131 4853 illarum
3162 4800 3465 4855 tabularum
3493 4799 3641 4851 Ana-

2052 4871 2274 4933 stasius,
2303 4866 2457 4936 cuius
2478 4866 2643 4922 verba
2670 4868 2933 4923 Duronius
2960 4885 3111 4923 nunt.
3135 4870 3205 4924 ϐῆ
3221 4869 3403 4923 refert.
3444 4868 3643 4936 Perpe—

2057 4957 2172 4997 ram
2215 4948 2394 4994 tamen
2430 4937 2622 4995 scribit
2654 4936 2901 4993 Cointius
2937 4939 3136 4993 citatus
3185 4940 3421 4995 iudicare
3455 4936 3643 4991 Patres

2058 5009 2272 5067 concilii
2319 5007 2681 5078 Arelatensis,
2714 5015 2848 5078 post
2883 5009 3310 5078 quinquennium
3350 5005 3641 5078 celebrati,

2058 5080 2482 5135 additamentum
2509 5077 2672 5141 illud,
2708 5076 2977 5147 Filioque,
3006 5076 3320 5134 constanter
3364 5094 3393 5132 a
3420 5076 3646 5147 Francis

2059 5151 2115 5206 in
2143 5148 2399 5220 Symbolo
2444 5155 2711 5220 retentum
2739 5146 2935 5220 fuisse,
2966 5152 3099 5218 quia
3132 5151 3271 5207 hanc
3315 5146 3648 5220 chpiriws

2060 5217 2232 5277 sancti
2260 5219 2603 5288 processione
2625 5217 3017 5276 confessionem
3038 5221 3321 5276 ediderunt
3344 5237 3356 5273 :
3386 5217 3645 5287 Spiritum

2062 5305 2179 5360 vero
2214 5297 2452 5360 sanctum
2490 5303 2582 5341 nec
2605 5298 2871 5360 creaiitut,
2918 5305 3012 5360 nec
3036 5291 3262 5360 genitum
3283 5330 3298 5354 ,
3338 5288 3429 5344 sed
3465 5302 3648 5357 proce-

2061 5359 2268 5430 dentem
2313 5375 2377 5412 επ
2404 5356 2564 5430 Patre
2610 5368 2659 5430 et
2685 5356 2834 5430 filio
2882 5356 3219 5430 profitemur;
3266 5360 3344 5430 ait
3380 5356 3645 5430 pratterea

2061 5428 2193 5484 illud
2213 5429 2295 5483 eis
2338 5426 2643 5483 aClodovei
2684 5427 2755 5482 Μ.
2795 5424 3129 5497 temporibus
3173 5424 3451 5484 traditum.
3498 5426 3569 5481 At
3596 5424 3648 5481 si

2062 5499 2168 5555 hoc
2203 5498 2455 5554 ultimum
2493 5512 2681 5553 verum
2721 5507 2897 5564 esset,
2927 5498 2981 5552 in
3005 5499 3157 5555 Actis
3181 5499 3487 5557 collationis
3514 5497 3650 5553 taci-

2064 5578 2177 5626 tum
2207 5584 2314 5624 non
2339 5567 2557 5632 fuisset,
2591 5577 2646 5622 et
2665 5568 2897 5637 primum
2935 5570 3003 5623 ad
3042 5585 3155 5625 rem
3185 5586 3292 5626 non
3319 5569 3483 5633 facit,
3522 5582 3650 5623 cum

2066 5640 2291 5712 quaaStio
2340 5646 2548 5712 tantum
2593 5647 2766 5712 esset,
2815 5655 2884 5694 an
2952 5638 3081 5697 illud
3130 5640 3552 5699 additamentum
3591 5637 3653 5694 in

2067 5708 2229 5769 missa
2256 5708 2599 5775 cantandum.
2639 5709 2714 5765 Α..
2738 5708 2868 5767 PM}.
