4092 6188
564 304 672 360 927

1434 294 1495 348 Β.
1534 292 1786 350 (ἏΚΟῙΔ
1825 290 2041 347 MACNI
2075 289 2226 347 OPP.
2269 286 2450 344 PARS
2487 289 2551 344 ll.
2594 288 2838 347 SECTIO
2878 290 2920 345 l.

3708 294 3798 353 928

567 416 707 483 galia
731 411 809 467 ait
848 428 863 464 :
890 405 1024 466 Cum
1051 406 1242 462 uenerit
1276 404 1585 460 Puracletus
1616 403 1847 473 Spiritus
1887 403 2136 483 veritatis,
2168 405 2214 463 Α
2242 406 2374 461 dens
2406 402 2676 475 apparuit,
2718 404 2862 460 sicut
2900 400 3269 473 apostolorum
3330 411 3595 458 testantur
3633 406 3800 475 Actus,

565 480 657 577 qui
685 523 718 559 α
742 502 905 557 Patre
924 499 1153 571 procedit
1181 497 1362 565 (Joau.
1388 495 1499 565 xv).
1526 494 1627 551 Ubi
1653 511 1810 550 suum
1831 480 1953 550 esse
1978 494 2148 563 Spiri-

568 606 684 649 tum
716 595 917 658 docuit,
943 591 1070 661 quia
1116 590 1230 658 ipse
1275 594 1360 642 est
1408 588 1624 650 veritas,
1672 593 1727 641 et
1765 585 1958 649 Patris,
1984 600 2016 639 a
2040 600 2149 654 quo

568 701 692 739 eum
715 684 849 738 dixit
874 680 1184 751 procedere.
1232 677 1385 745 Quoi
1424 678 1685 747 Spiritum
1728 686 1977 733 sanctum
2003 678 2150 733 dedit

570 775 731 829 Pater
769 771 1043 842 apostolis,
1073 771 1127 824 in
1172 768 1410 838 Epistola
1456 769 1523 823 ad
1565 768 1872 824 Corinthios
1911 768 2148 823 secunda

567 865 830 933 scriptum
867 870 981 927 est;
1012 861 1087 914 ait
1109 860 1254 915 en‘m
1279 860 1418 913 inter
1442 866 1637 913 caetera
1668 876 1681 911 :
1705 856 1809 923 Qui
1829 868 2001 911 autem
2018 875 2148 911 con-

564 955 741 1024 ﬁrmat
769 969 861 1007 nos
895 951 1152 1005 vobiscum
1177 949 1231 1002 in
1256 947 1483 1011 Christo,
1515 957 1562 1001 et
1581 949 1671 1018 qui
1694 948 1841 1001 unxit
1867 964 1960 1001 nos
1988 946 2146 1013 Deus,

563 1055 613 1099 et
634 1046 723 1115 qui
745 1043 966 1113 signauit
996 1057 1109 1105 nos,
1133 1049 1180 1093 et
1207 1038 1346 1092 dedit
1369 1039 1558 1109 pignus
1579 1038 1808 1108 Spiritus
1828 1039 1882 1092 in
1907 1038 2150 1094 cordibus

566 1137 758 1194 nostris
784 1134 875 1208 (II
898 1133 1022 1189 Cor.
1054 1132 1115 1205 ι).
1146 1134 1278 1188 item
1327 1132 1381 1186 in
1425 1131 1661 1201 Epistola
1696 1132 1763 1187 ad
1802 1132 2146 1187 Thessaloni-

563 1242 755 1285 censes
798 1225 1013 1295 prima:
1041 1222 1167 1277 Non
1221 1222 1359 1276 enim
1406 1222 1621 1286 uocauit,
1665 1220 1761 1284 ait,
1790 1238 1883 1275 nos
1909 1220 2051 1276 Deus
2094 1222 2150 1275 in

562 1321 971 1386 immunditiam,
1000 1319 1090 1375 sed
1115 1319 1172 1373 in
1192 1316 1678 1385 sanctiﬁcationem.
1704 1312 1889 1384 Itaque
1910 1312 1999 1383 qui
2038 1312 2151 1366 lucc

544 1412 780 1483 spernit,
805 1428 911 1465 non
939 1410 1200 1464 hominem
1243 1407 1461 1477 spernit,
1495 1405 1584 1458 sed
1630 1403 1831 1467 Deum;
1853 1403 1943 1473 qui
1991 1404 2150 1456 etiam

565 1503 708 1557 dedit
731 1503 990 1573 Spiritum
1004 1516 1159 1555 suum
1174 1508 1411 1553 sanctum
1435 1497 1491 1550 in
1514 1495 1660 1550 nobis
1684 1493 1737 1567 (Ι
1767 1493 1947 1548 Thess.
1965 1492 2064 1566 tv).
2084 1495 2152 1549 Et

565 1594 712 1662 quod
737 1592 986 1647 eumdem
1010 1590 1273 1660 Spiritum
1297 1594 1544 1643 sanctum
1587 1585 1736 1641 dedit
1780 1592 1835 1639 et
1866 1583 2055 1649 Filius,
2095 1585 2151 1640 in

563 1681 805 1751 Epistola
845 1679 1069 1735 Joannis
1113 1678 1373 1746 scriptum
1396 1683 1518 1730 est:
1567 1672 1636 1728 In
1671 1673 1770 1727 hoc
1814 1671 2152 1743 intelligimus

2248 497 2340 551 ubi
2379 496 2674 551 scribitur:
2702 494 2843 549 Dum
2885 492 3266 560 complerentur
3312 494 3427 549 dies
3470 493 3802 567 Peutceoster,

2242 597 2396 642 erant
2436 603 2614 641 omnes
2656 587 2855 657 pariter
2874 586 2930 639 in
2959 585 3137 639 eodem
3162 584 3310 650 loco;
3350 595 3401 639 et
3438 586 3606 655 factus
3642 599 3710 643 est
3735 606 3804 645 re-

2245 686 2395 748 pente
2422 677 2487 731 de
2512 676 2637 733 celo
2661 692 2821 730 sonus
2840 685 3091 745 tanquam
3133 675 3455 730 advenientis
3487 677 3706 747 Spiritus
3731 698 3805 735 ea-

2244 769 2509 835 lidissimi,
2539 778 2589 823 et
2612 767 2818 838 repleuit
2845 776 3009 821 tuam
3029 768 3243 821 domum
3269 767 3356 821 ubi
3401 779 3552 823 erant
3576 772 3802 828 sedentes.

2249 860 2319 915 Et
2341 870 2693 931 apparuerunt
2719 858 2825 913 illis
2853 858 3136 929 dispertita
3179 857 3375 927 lingua
3397 868 3645 930 tanquam
3670 862 3803 931 ignis,

2247 952 2479 1022 seditque
2501 967 2661 1022 supra
2699 950 2931 1021 singulos
2953 967 3155 1015 eorum,
3182 960 3231 1005 et
3281 950 3463 1022 repleti
3496 962 3613 1006 sunt
3656 970 3808 1008 omnes

2248 1042 2454 1114 Spiritu
2478 1052 2659 1097 sancto
2685 1041 2823 1113 (Act.
2841 1042 2927 1112 ιι).
2955 1041 3154 1096 Beatus
3172 1049 3352 1096 autem
3373 1041 3664 1111 Gregorius
3687 1044 3808 1101 hunc

2248 1135 2616 1204 supradictum
2669 1134 2792 1188 libri
2838 1131 2940 1189 Job
2985 1134 3311 1189 versiculum
3359 1149 3651 1205 exponens,
3690 1138 3808 1192 inter

2248 1232 2446 1280 cetera
2468 1225 2547 1279 sic
2572 1225 2649 1279 ait
2673 1242 2687 1277 :
2719 1223 2904 1279 Potest
2928 1233 3111 1280 autem
3156 1240 3254 1294 per
3282 1241 3349 1280 os
3396 1227 3491 1282 Dei
3527 1229 3807 1297 unigenitus

2250 1315 2421 1370 Filius
2449 1314 2755 1386 designari;
2801 1329 2897 1384 per
2932 1329 3125 1369 sonum
3170 1330 3299 1370 vero
3336 1317 3453 1372 oris
3480 1326 3651 1388 potest
3685 1317 3807 1388 eius-

2250 1406 2372 1462 dem
2397 1406 2632 1475 Spiritus
2657 1413 2877 1461 sanctus
2916 1406 3205 1475 designari.
3234 1405 3417 1462 Sonus
3445 1407 3609 1476 igitur
3643 1406 3705 1464 de
3729 1423 3810 1465 ore

2258 1498 2470 1554 Domini
2494 1497 2759 1567 procedit,
2778 1512 2902 1552 cum
2923 1498 3406 1554 eonsubstantialis
3453 1496 3570 1567 ejus
3605 1498 3809 1569 Spiritus

2251 1589 2319 1643 ad
2340 1603 2440 1642 nos
2461 1602 2560 1657 per
2578 1586 2776 1641 Filium
2800 1586 3025 1641 veniens
3064 1588 3386 1642 surditatem
3421 1596 3621 1643 nostrte
3656 1589 3808 1644 lmen-

2252 1681 2526 1736 sibilitatis
2550 1678 2799 1749 sumpsit.
2846 1679 2923 1734 De
2966 1679 3067 1734 hac
3112 1679 3278 1747 igitur
3327 1679 3449 1749 ipsa
3478 1681 3807 1749 proccssione,

561 1775 812 1846 quoniam
855 1773 912 1827 in
941 1788 1002 1827 eo
1024 1771 1378 1833 manebimus,
1402 1777 1451 1822 et
1481 1768 1590 1837 ipse
1614 1767 1670 1821 in
1709 1766 1879 1831 nobis,
1902 1765 2152 1836 quoniam
2185 1758 2228 1817 Β
2254 1786 2360 1839 qua
2394 1770 2633 1839 Spiritus
2665 1777 2885 1824 sanctus
2905 1785 2938 1823 a
2980 1768 3118 1824 Filio
3136 1771 3386 1838 procedit
3410 1770 3553 1825 sicut
3597 1772 3810 1841 procedit

566 1866 634 1920 de
665 1863 870 1935 Spiritu
894 1880 990 1918 suo
1023 1862 1166 1918 dedit
1190 1860 1337 1914 nobis
1381 1858 1446 1930 (1
1470 1858 1632 1913 loan.
1676 1854 1775 1929 tv).
1804 1856 1958 1922 Quod
1991 1855 2155 1925 Spiri-

564 1965 682 2011 tum
706 1962 955 2011 sauctum
991 1953 1181 2011 en‘udit
1229 1951 1390 2006 Pater
1413 1951 1470 2004 in
1505 1948 1797 2017 discipulos
1832 1947 1889 2002 in
1913 1946 2153 2016 Epistola

561 2049 633 2104 ad
678 2048 861 2103 Titum
911 2047 1173 2116 scriptum
1220 2051 1305 2098 est
1329 2061 1342 2095 :
1369 2041 1503 2097 Cum
1557 2049 1731 2094 autem
1776 2038 2064 2108 benignitas
2103 2046 2153 2091 et

561 2139 864 2196 humanitas
887 2137 1131 2209 apparuit
1156 2133 1447 2190 Saluatoris
1477 2132 1662 2197 nostri,
1696 2146 1801 2184 non
1829 2146 1893 2183 ea:
1914 2128 2155 2198 operibus

470 2246 491 2279 ’κ
560 2231 799 2303 iustitia,
822 2246 941 2301 qua:
963 2228 1182 2299 fecimus
1212 2242 1326 2291 nos,
1368 2224 1458 2280 sed
1492 2222 1778 2278 secundum
1811 2237 1964 2276 suam
1997 2222 2155 2273 mise-

562 2322 847 2379 ricordiam
876 2320 1048 2377 salvos
1072 2335 1165 2372 nos
1194 2318 1313 2387 fecit
1336 2332 1430 2387 per
1451 2314 1721 2368 lavacrum
1744 2308 2154 2381 regenerationis

544 2425 611 2473 et
652 2413 1002 2469 renovationis
1048 2409 1276 2480 Spiritus
1319 2406 1519 2469 sancti,
1564 2418 1718 2474 quem
1748 2400 1931 2471 effudit
1961 2399 2016 2453 in
2059 2415 2153 2453 nos

563 2503 770 2560 abunde
790 2517 884 2574 per
903 2501 1084 2555 Iesum
1108 2497 1373 2552 Christum
1399 2492 1725 2549 Saluatorem
1756 2499 1992 2544 nostrum
2023 2486 2153 2561 (Tit.

562 2593 685 2665 ιιι).
712 2592 867 2661 Quod
909 2597 964 2647 et
989 2588 1238 2644 cumjem
1278 2585 1539 2655 Spiritum
1578 2587 1825 2636 sanctum
1851 2578 2040 2634 etl‘udit
2065 2577 2156 2632 Fi-

561 2649 688 2750 lius,
712 2649 770 2739 in
795 2680 1021 2738 Actibus
1071 2649 1335 2734 scribitur
1373 2672 1772 2744 apostolorum;
1812 2670 1966 2724 aiunt
2008 2649 2168 2724 enim.

561 2774 790 2846 apostoli
817 2773 957 2827 inter
979 2779 1176 2827 caetera
1204 2787 1217 2822 :
1261 2766 1417 2821 Hunc
1438 2766 1620 2821 Jesum
1645 2765 1967 2820 resuscitarit
1988 2764 2150 2828 Deus,

546 2869 715 2937 cujus
762 2880 856 2919 nos
904 2878 1081 2918 omnes
1110 2869 1264 2915 testes
1301 2875 1503 2913 sumus.
1556 2857 1782 2912 Dextera
1832 2857 1996 2927 igitur
2055 2854 2152 2909 Dei

561 2957 845 3020 esaltatus,
871 2964 918 3008 et
952 2952 1295 3023 promissione
1341 2949 1573 3019 Spiritus
1598 2960 1810 3018 accepta
1837 2963 1870 3000 a
1896 2945 2059 3000 Patre
2083 2945 2154 3014 ef-

2254 1877 2285 1917 a
2334 1861 2510 1926 Patre,
2557 1863 2751 1917 beatus
2788 1861 3117 1916 Athanasius
3140 1862 3195 1916 in
3221 1861 3364 1916 libro
3411 1878 3573 1933 quem
3624 1865 3811 1933 scripsit

2254 1961 2443 2009 contra
2468 1953 2657 2009 Arium
2684 1953 2828 2009 inter
2853 1960 3049 2008 caetera
3076 1953 3157 2008 sic
3181 1953 3260 2007 ait
3283 1970 3298 2007 :
3321 1954 3440 2023 Ego
3467 1955 3623 2010 credo
3645 1954 3809 2009 Filium

2254 2045 2308 2100 in
2333 2045 2510 2109 Patre,
2531 2052 2587 2100 et
2610 2044 2825 2099 Patrem
2846 2061 2904 2099 ιιι
2938 2044 3073 2099 Filio
3098 2061 3112 2098 :
3144 2044 3411 2114 Spiritum
3436 2060 3646 2116 quoque
3679 2060 3811 2116 para-

2188 2174 2235 2219 X
2254 2136 2462 2199 clitum,
2486 2137 2579 2205 qui
2610 2136 2854 2205 procedit
2873 2151 2905 2189 a
2933 2134 3113 2198 Patre,
3140 2143 3192 2188 et
3224 2134 3348 2190 Filii
3388 2151 3511 2191 esse
3556 2144 3609 2192 et
3640 2135 3809 2202 Patris,

2253 2227 2380 2298 quia
2405 2236 2460 2282 et
2482 2244 2514 2282 a
2540 2227 2677 2282 Filio
2709 2227 2981 2295 procedit;
3002 2227 3145 2281 sicut
3170 2230 3222 2280 in
3265 2227 3559 2295 Evangelia
3582 2226 3809 2296 scripturn

2252 2328 2339 2374 est
2374 2319 2516 2388 quod
2541 2334 2637 2389 per
2670 2316 3085 2373 imuﬂlationem
3113 2332 3267 2372 suam
3290 2318 3504 2373 dederit
3531 2319 3584 2373 in
3606 2318 3810 2386 discipu-

2252 2412 2321 2468 lis
2357 2413 2470 2468 suis
2509 2411 2770 2481 Spiritum
2809 2421 3076 2477 sanctum,
3105 2413 3290 2469 dicens
3337 2430 3357 2467 :
3406 2414 3630 2484 Accipite
3669 2411 3810 2482 Spiri-

2252 2513 2364 2557 tum
2385 2513 2643 2568 sanctum,
2670 2519 2894 2574 quorum
2918 2503 3220 2557 remiseritis
3244 2514 3460 2574 peccata
3476 2544 3494 2570 ,
3522 2503 3812 2557 remittentur

2252 2593 2327 2646 eis
2380 2592 2561 2665 (Joan.
2596 2590 2720 2664 xx),
2756 2600 2811 2647 et
2839 2590 3309 2663 cmtera.Cyrillus
3360 2607 3576 2662 quoque
3622 2591 3684 2646 de
3727 2590 3811 2644 hac

2253 2685 2369 2754 ipsa
2407 2682 2645 2752 Spiritus
2675 2682 2850 2737 sancti
2896 2682 3245 2752 processlone
3297 2690 3490 2736 contra
3538 2679 3812 2735 Nestorium

2251 2776 2393 2830 inter
2437 2781 2632 2829 autem
2658 2773 2737 2828 sic
2766 2773 2845 2827 ait
2873 2790 2885 2826 :
2915 2771 3173 2839 Quamvis
3208 2772 3355 2827 enim
3380 2772 3436 2827 in
3485 2787 3579 2827 sua
3604 2771 3671 2825 sit
3705 2767 3813 2823 sub-

2251 2865 2450 2921 stantia
2475 2863 2728 2934 Spiritus,
2763 2870 2818 2918 et
2854 2860 2970 2931 ejus
3007 2862 3339 2933 intelligatur
3389 2863 3443 2918 in
3473 2876 3690 2933 persona
3712 2873 3813 2928 pro-

2250 2956 2473 3026 prietas,
2499 2956 2657 3026 juxta
2704 2955 2760 3011 id
2792 2954 2937 3025 quod
2963 2954 3198 3024 Spiritus
3250 2962 3356 3019 est,
3409 2963 3465 3011 et
3499 2969 3603 3009 non
3649 2950 3811 3011 Filius,

563 3048 701 3119 Ῑτιάὲι
722 3048 861 3100 hunc
894 3060 1061 3148 qua":
1078 3060 1161 3097 υοε
1193 3041 1449 3148 υίάξξίξσεε
1472 3039 1675 3148 futtili"
1708 3037 1846 3112 (Αεεο
1894 3036 2151 3148 ill-lle!“
2170 3087 2225 3148 ο
2254 3055 2493 3102 attamen
2514 3046 2727 3102 alienus
2751 3062 2859 3101 non
2891 3054 2975 3101 est
2997 3047 3065 3101 ab
3087 3046 3213 3111 illo;
3249 3062 3380 3101 nam
3409 3046 3637 3117 Spiritus
3659 3041 3815 3114 appel-

563 3137 709 3207 (μιθξΙ
736 3150 840 3190 una
873 3136 943 3189 Sil
969 3149 1000 3187 ει
1021 3131 1180 3186 Pal“?
1206 3140 1257 3186 ει
1295 3129 1433 3184 νίΠο
1472 3127 1707 3196 Spiritus
1742 3126 1915 3182 δθηεῑί
1961 3124 2152 3181 emis“)
2176 3124 2225 3148 “
2256 3139 2396 3194 latus
2419 3147 2504 3195 est
2528 3138 2794 3205 veritatis,
2822 3145 2876 3193 et
2919 3137 3120 3193 veritas
3158 3136 3413 3193 Christus
3460 3145 3561 3193 est.
3606 3134 3743 3192 Unde
3767 3138 3815 3188 et

563 3227 714 3285 Joele
743 3233 977 3281 testante
1001 3222 1316 3286 didicimus;
1351 3221 1428 3274 ait
1452 3218 1596 3273 enim
1642 3232 1747 3272 vox
1782 3215 1959 3269 Patris
1994 3213 2155 3268 simul

548 3329 622 3378 -ει
672 3320 797 3376 Filii
834 3336 848 3373 :
885 3317 1176 3388 Effundam
1225 3315 1291 3369 de
1342 3313 1547 3384 Spiritu
1590 3325 1705 3364 meo
1753 3323 1911 3378 super
1946 3320 2152 3360 omnem

564 3426 797 3476 carnem,
840 3418 889 3464 et
919 3405 1298 3479 propltetabunt
1339 3403 1439 3473 ﬁlii
1484 3401 1660 3467 vestri,
1692 3409 1742 3453 et
1771 3396 1899 3467 filice
1928 3408 2153 3451 vestrm:

563 3520 710 3560 senes
733 3502 885 3557 uestri
908 3500 1111 3555 somnia
1132 3497 1484 3561 somniabunt,
1508 3504 1557 3549 et
1566 3494 1784 3565 juvenes
1806 3489 1959 3546 vestri
1998 3488 2149 3542 visio-

566 3612 656 3651 nes
682 3593 957 3657 videbunt;
987 3590 1078 3646 sed
1104 3599 1152 3645 et
1176 3605 1332 3660 super
1352 3603 1525 3642 sentos
1555 3601 1713 3652 meos,
1742 3592 1791 3637 et
1816 3597 1973 3653 super
1995 3577 2158 3634 ancil-

566 3685 648 3740 las
670 3700 811 3739 meas
843 3685 899 3737 in
937 3681 1119 3736 diebus
1149 3680 1255 3734 illis
1294 3678 1563 3749 eﬂ'undam
1592 3676 1657 3731 de
1687 3675 1893 3746 Spiritu
1941 3688 2075 3735 meo,
2105 3683 2154 3725 et

567 3776 702 3832 dabo
732 3774 974 3847 prodigia
1002 3773 1057 3826 in
1082 3770 1206 3826 calo
1237 3778 1284 3825 et
1313 3770 1369 3823 in
1394 3778 1535 3822 terra
1560 3766 1719 3840 (Joel.
1739 3763 1822 3837 ιι).
1845 3764 1999 3832 Quod
2027 3763 2155 3833 Spi-

567 3870 708 3925 ritus
747 3874 972 3924 sanctus
995 3880 1059 3920 os
1098 3863 1169 3919 sit
1203 3862 1382 3917 Patris
1407 3862 1461 3915 in
1487 3860 1692 3931 psalmo
1739 3858 2018 3929 trigesimo
2071 3872 2155 3911 se-

567 3961 747 4019 cundo
784 3959 1025 4027 legitur:
1066 3952 1231 4009 Verbo
1270 3952 1482 4007 Domini
1531 3949 1644 4005 caeli
1666 3949 1876 4019 ﬁrmati
1922 3955 2064 4013 sunt,
2106 3956 2155 4001 et

570 4051 776 4123 Spiritu
821 4049 929 4104 oris
958 4048 1074 4118 ejus
1101 4045 1271 4100 omnis
1295 4043 1458 4098 virtus
1504 4057 1684 4096 eorum
1732 4038 1905 4112 (Psal.
1934 4035 2154 4108 χχχιιι).

569 4147 639 4203 Et
683 4145 829 4215 quod
877 4159 942 4198 os
983 4143 1055 4197 sit
1096 4140 1259 4205 Filii,
1302 4139 1355 4193 in
1402 4138 1538 4193 lsaia
1599 4138 1858 4206 scriptum
1913 4143 2031 4199 est;
2081 4132 2158 4188 ait

570 4237 717 4293 enim
752 4236 892 4291 idem
905 4232 1169 4304 propheta
1191 4232 1258 4287 de
1284 4231 1419 4285 Filio
1445 4248 1458 4283 :
1494 4228 1756 4283 Percutiet
1782 4238 1980 4281 terram
2012 4227 2156 4297 virga

571 4327 681 4383 oris
708 4326 813 4391 sui,
859 4335 908 4381 et
942 4323 1147 4396 Spiritu
1187 4322 1448 4377 labiorum
1478 4335 1693 4375 suorum
1737 4318 2010 4387 ἔπιθι-βάρι
2057 4318 2158 4371 im-

2253 3232 2323 3286 ab
2346 3231 2452 3285 isto
2478 3229 2728 3285 similiter
2751 3229 2891 3285 sicut
2916 3236 2970 3284 et
2994 3245 3026 3283 a
3050 3229 3162 3284 Deo
3210 3227 3379 3284 Patre
3416 3229 3670 3300 procedit.
3710 3224 3814 3280 Am-

2254 3325 2470 3380 brosius
2505 3323 2647 3377 inter
2671 3328 2868 3377 caetera
2910 3322 2977 3377 de
3011 3321 3220 3391 Spiritu
3262 3330 3457 3393 sancto
3480 3321 3559 3377 sic
3579 3320 3686 3374 ait:
3712 3315 3811 3371 Non

2254 3415 2398 3471 cnim
2448 3414 2605 3484 quasi
2654 3429 2722 3469 ex
2747 3413 2867 3469 loco
2915 3413 3150 3468 mittitur
3190 3412 3452 3484 Spiritus,
3479 3421 3569 3469 aut
3596 3410 3735 3482 quasi
3756 3423 3811 3461 ex

2252 3507 2373 3562 loco
2398 3505 2658 3576 procculit,
2684 3505 2902 3575 quando
2927 3504 3170 3573 procedit
3203 3519 3268 3559 ex
3296 3503 3460 3560 Filio.
3488 3502 3813 3570 Hieronymus

2254 3615 2469 3670 quoque
2520 3599 2589 3655 de
2626 3599 2729 3653 hac
2762 3599 2877 3668 ipsa
2905 3597 3143 3666 Spiritus
3189 3598 3363 3652 sancti
3403 3595 3731 3667 proccssione
3766 3589 3810 3642 in

2256 3687 2497 3759 Symboli
2527 3686 2865 3756 expositione
2911 3684 3054 3739 inter
3094 3691 3292 3740 cratera
3338 3685 3423 3740 sic
3465 3685 3582 3738 ait:
3611 3679 3814 3749 Spiritus

2255 3778 2349 3847 qui
2383 3793 2414 3831 a
2440 3775 2604 3832 Patre
2628 3784 2684 3832 et
2720 3774 2859 3830 Filio
2879 3775 3144 3845 procedit,
3173 3773 3321 3828 Patn
3352 3773 3595 3844 Filioque
3617 3777 3812 3827 coartar-

2255 3884 2359 3924 nus
2382 3876 2439 3923 et
2460 3884 2559 3937 per
2581 3868 2764 3923 omnia
2794 3865 3088 3936 comqualis
3108 3872 3209 3920 εει.
3248 3864 3376 3920 Hinc
3416 3872 3501 3920 est
3542 3869 3714 3918 sancta
3736 3856 3813 3910 tri-

2256 3960 2419 4024 nitas,
2449 3960 2505 4015 id
2530 3967 2632 4026 est,
2676 3957 2873 4023 Pater,
2910 3964 2965 4012 et
2996 3956 3186 4021 Filius,
3231 3962 3287 4010 et
3329 3955 3565 4027 Spiritus
3602 3956 3809 4010 sanclﬂs,

2263 4067 2369 4106 una
2395 4057 2479 4107 est
2519 4051 2693 4106 deitas
2737 4058 2790 4105 et
2820 4049 3084 4119 potentia,
3112 4064 3217 4102 una
3261 4055 3318 4103 ct
3364 4046 3614 4109 essentia,
3654 4042 3810 4099 idest.

2256 4144 2419 4199 Pater
2436 4144 2530 4213 qui
2554 4143 2759 4212 genuit,
2779 4140 3056 4209 Filiusque
3080 4139 3313 4207 genitus,
3371 4146 3430 4193 et
3458 4136 3681 4206 Spiritus
3702 4143 3809 4185 san-

2258 4243 2380 4291 ctus
2401 4234 2494 4305 qui
2511 4250 2578 4288 ex
2628 4232 2789 4287 Patre
2828 4231 3074 4300 Filioque
3118 4228 3383 4307 procedit.
3410 4228 3535 4283 Haec
3576 4225 3672 4279 tria
3695 4231 3813 4273 unus

2259 4327 2403 4381 Dens
2436 4334 2539 4382 est.
2558 4324 2892 4394 Augustinus
2913 4336 3128 4392 quoque
3165 4322 3221 4376 in
3246 4321 3578 4391 expositione
3601 4314 3711 4371 lidei
3743 4325 3812 4365 ca-

571 4419 718 4491 piunt
749 4414 904 4489 (Isai.
938 4415 1039 4487 ιι).
1077 4414 1177 4470 Cui
1203 4413 1483 4470 sententiae
1521 4410 1855 4467 concordans
1878 4408 2076 4463 Paulus
2101 4409 2235 4504 inD
2261 4417 2475 4472 ιιιοιίοω
2528 4416 2671 4471 inter
2716 4422 2913 4471 autem
2957 4413 3037 4469 sic
3056 4414 3134 4468 ait
3160 4431 3174 4467 :
3205 4413 3263 4467 In
3308 4413 3403 4468 illa
3446 4413 3603 4481 igitur
3652 4409 3811 4461 sancta

574 4507 817 4578 Epistola
857 4507 926 4562 ad
952 4506 1460 4562 Thessalonicenses
1485 4505 1563 4559 ait
1599 4522 1613 4558 :
1645 4503 1712 4558 Et
1757 4512 1882 4557 tunc
1918 4501 2161 4556 revelabi-

576 4608 666 4657 tur
684 4596 773 4652 ille
794 4597 1026 4668 iniquus,
1059 4611 1210 4667 quem
1241 4595 1495 4651 Dominus
1533 4595 1688 4650 Iesus
1727 4594 2001 4663 inter/iciet
2035 4591 2160 4663 Spi-

576 4690 684 4744 ritu
713 4688 819 4743 oris
867 4690 980 4755 sui,
1025 4696 1073 4742 et
1104 4687 1332 4742 destruet
1378 4686 1728 4742 illustratione
1774 4686 2022 4739 adventus
2078 4683 2161 4738 sui

580 4777 643 4852 (Ι
673 4777 852 4834 Thess.
875 4778 960 4851 ιι).
1010 4776 1166 4846 Quod
1194 4777 1431 4847 Spiritus
1474 4793 1506 4832 a
1545 4775 1708 4831 Patre
1730 4775 2006 4846 procedat,
2050 4775 2164 4842 ipse

579 4871 841 4930 Dominus
866 4876 1099 4925 testatur
1123 4869 1309 4925 dicens
1334 4885 1346 4922 :
1380 4866 1611 4939 Spiritus
1625 4866 1714 4936 qui
1733 4882 1767 4919 a
1795 4864 1957 4918 Patre
1982 4879 2163 4934 proce-

580 4963 678 5028 dit,
726 4959 814 5015 ille
859 4976 940 5015 me
978 4958 1291 5029 clarificabit
1337 4957 1518 5031 (Joan.
1555 4954 1682 5028 xv);
1712 4963 1767 5011 et
1791 4962 1986 5010 cetera
2036 4953 2163 5007 talia

579 5056 734 5130 plura
763 5054 817 5109 in
856 5053 1160 5123 Evangeliis
1192 5053 1538 5109 inveniuntur
1577 5049 1903 5107 testimonia.
1936 5046 2007 5104 Et
2023 5049 2166 5119 quod

583 5151 724 5208 idem
762 5148 998 5219 Spiritus
1025 5147 1284 5219 procedat
1305 5162 1336 5200 a
1370 5145 1527 5211 Filio,
1562 5145 1699 5200 liber
1732 5142 1834 5199 Job
1856 5158 1951 5198 ore
1982 5142 2167 5198 Domi-

585 5239 708 5296 nico
740 5245 986 5293 sacratus
1034 5237 1189 5293 testis
1237 5243 1340 5300 est,
1367 5236 1460 5291 ubi
1508 5235 1621 5290 haec
1648 5234 1789 5290 inter
1809 5239 2004 5289 cetera
2046 5231 2123 5286 ait
2152 5248 2164 5283 :

589 5330 658 5387 Et
684 5329 863 5383 audite
887 5328 1210 5383 auditionem
1236 5329 1292 5383 in
1322 5338 1521 5382 terrore
1552 5327 1689 5381 vocis
1734 5326 1869 5396 ejus,
1906 5335 1953 5378 et
1981 5338 2168 5379 sonum

591 5418 654 5474 de
680 5435 769 5473 ore
790 5419 938 5474 illius
976 5418 1339 5490 procedentem
1387 5416 1509 5487 (Job
1558 5413 1788 5485 xxxvu).
1814 5414 1927 5469 Hoc
1971 5413 2026 5468 in
2050 5412 2171 5467 loco

590 5522 655 5564 es
700 5506 876 5564 Patris
919 5507 1089 5564 Filius
1133 5516 1218 5565 est
1269 5508 1667 5577 intelligendus.
1721 5505 1900 5561 Sonus
1931 5518 2061 5559 vero
2106 5503 2175 5557 de

2265 4509 2531 4564 'l'rinitate
2551 4523 2692 4563 unus
2722 4515 2806 4563 cst
2829 4507 3005 4567 Pater,
3031 4507 3125 4576 qui
3152 4506 3302 4561 solus
3338 4505 3408 4560 de
3431 4519 3490 4560 se
3513 4503 3623 4572 ipso
3649 4509 3811 4552 essen-

2267 4600 2468 4654 tialiter
2494 4615 2660 4653 unum
2691 4599 2878 4668 genuit
2902 4597 3129 4663 Filium;
3168 4605 3224 4653 et
3265 4613 3408 4653 unus
3451 4596 3626 4656 Filius,
3653 4587 3733 4659 qui
3758 4585 3814 4640 tle

2267 4704 2376 4743 uno
2398 4688 2558 4742 Patre
2588 4687 2737 4743 solus
2756 4694 2842 4743 est
2861 4686 3220 4742 essentialitcr
3250 4694 3440 4751 natus;
3468 4692 3523 4739 et
3545 4694 3674 4737 unus
3706 4676 3809 4744 Spl-

2268 4780 2427 4847 ritus,
2469 4780 2564 4849 qui
2593 4779 2743 4835 solus
2769 4778 3130 4835 essentialiter
3163 4779 3230 4834 de
3252 4777 3413 4833 Patre
3462 4776 3690 4842 Filioque
3710 4778 3812 4837 pro-

2271 4873 2434 4928 cedit.
2478 4873 2610 4926 ltem
2656 4870 2772 4940 ipse
2807 4870 3067 4924 adversus
3115 4868 3463 4924 Maximinum
3487 4862 3806 4921 hazreticum:

2269 4962 2478 5031 Qumris
2514 4977 2545 5017 a
2568 4975 2673 5026 me,
2699 4960 2743 5015 si
2767 4960 2834 5015 de
2873 4960 3177 5014 substantia
3218 4959 3396 5015 Patris
3429 4966 3509 5014 est
3540 4954 3720 5013 Filius;
3754 4943 3809 4999 de

2270 5053 2570 5108 substantia
2615 5050 2792 5105 Patris
2832 5059 2918 5106 est
2949 5050 3114 5106 etiam
3165 5050 3400 5120 Spiritus
3444 5054 3677 5107 sanctus;
3726 5049 3811 5091 cu!

2273 5158 2413 5197 unus
2449 5142 2636 5207 Filius,
2670 5149 2725 5196 et
2748 5141 2888 5197 alius
2933 5157 3039 5197 non
3085 5141 3157 5196 sit
3198 5141 3404 5197 Filius?
3453 5140 3584 5195 Ecce
3618 5141 3806 5199 ιἐεροιι-

2275 5235 2394 5295 deo,
2429 5233 2544 5288 sive
2587 5232 2786 5301 capias,
2825 5232 2938 5287 sive
2965 5247 3072 5287 non
3101 5233 3301 5301 capias.
3349 5233 3425 5287 De
3448 5229 3601 5285 Patre
3635 5228 3707 5277 est
3740 5213 3808 5269 Γί-

2272 5326 2409 5391 lius;
2436 5322 2503 5380 de
2528 5323 2687 5378 Patre
2709 5330 2794 5378 est
2818 5323 3053 5393 Spiritus
3097 5306 3336 5389 sanctus,
3368 5323 3459 5378 sed
3501 5319 3584 5374 ille
3625 5309 3806 5383 genitu!

2274 5421 2376 5478 est,
2409 5413 2510 5468 iste
2562 5412 2886 5482 procedens;
2922 5412 3042 5467 ideo
3091 5412 3181 5467 ille
3226 5411 3395 5467 Filius
3439 5418 3518 5465 est
3558 5402 3716 5460 Patris
3751 5394 3807 5451 d6

2268 5519 2381 5575 quo
2406 5512 2489 5560 est
2518 5506 2750 5573 genitus,
2779 5505 2881 5558 iste
2904 5512 3085 5558 autem
3116 5503 3349 5574 Spiritus
3374 5504 3656 5568 utriusque.
3689 5501 3804 5559 ψιο⁹

594 5614 690 5654 ore
736 5599 881 5655 illius
919 5601 1222 5671 procedens
1259 5599 1495 5670 Spiritus
1540 5604 1796 5661 sanctus,
1841 5595 1934 5665 qui
1977 5611 2007 5650 a
2034 5592 2173 5650 Filio
2276 5596 2421 5650 niam
2452 5595 2520 5651 de
2563 5596 2794 5665 utroque
2830 5594 3092 5664 procedit.
3146 5594 3212 5648 Et
3240 5604 3363 5664 post
3384 5589 3641 5664 paululum
3660 5582 3800 5671 ipse:

547 5678 555 5687 ’
601 5693 895 5764 procedens
917 5706 1038 5749 cum
1051 5693 1232 5749 sonitu
1258 5708 1420 5763 super
1436 5690 1708 5760 apostolos
1730 5689 1783 5746 in
1812 5689 1933 5761 igne
1955 5686 2175 5744 descen-

2275 5684 2571 5741 Amborum
2598 5692 2680 5740 cst
2712 5699 2840 5755 ergo
2885 5683 3120 5753 Spiritus
3159 5682 3489 5753 procedendo
3534 5677 3595 5734 dc
3642 5666 3809 5726 Ambo-
