4092 6188
239 334 347 390 920

1687 325 1919 378 EPISTL
1932 324 2067 382 L113}.

3409 330 3512 386 95f.-

242 448 361 500 bus.
375 440 508 496 Item
539 439 653 509 ipse
679 439 732 492 iu
763 438 899 493 libro
929 438 992 493 de
1023 437 1286 492 Trinitate
1313 438 1453 491 inter
1483 443 1675 490 cetera
1701 443 1813 488 ait:
1849 438 1895 498 Α
1926 443 2084 500 hum,
2110 437 2177 491 ad
2213 452 2308 491 nos
2345 453 2467 492 cum
2508 438 2685 494 verbis
2721 448 2769 494 et
2810 439 2888 494 litt
2907 439 3094 494 iris....
3143 450 3233 494 tua
3284 442 3516 510 benigne

237 534 374 588 Cum
395 548 493 601 per
517 530 916 598 Scripturarum
945 537 1254 583 sanctarum
1293 527 1595 582 testimonia
1619 527 1826 580 docuis-

238 638 375 686 sem,
407 621 476 676 de
523 626 756 687 utroque
795 619 1086 687 procedere
1131 618 1392 686 Spiritum
1423 624 1668 671 sanctum
1701 633 1714 668 :
1765 615 1822 670 Si

238 726 385 780 ergo,
427 712 667 780 inquam,
695 716 750 764 et
778 709 844 763 de
865 709 1045 772 Patre,
1074 716 1128 762 et
1151 707 1217 761 de
1237 707 1372 761 Filio
1394 705 1637 775 procedit
1659 704 1826 774 Spiri-

239 811 329 856 tus
373 807 613 863 sanctus,
669 814 769 852 cur
821 797 990 852 Filius
1040 796 1222 851 dixit:
1263 795 1338 849 De
1383 795 1546 849 Patre
1591 795 1825 865 procedit

237 895 420 966 (Joan.
449 893 585 963 vit)?
608 892 718 946 Cur
744 899 922 960 putas,
957 891 1060 945 nisi
1105 888 1554 959 quemadmodum
1581 888 1720 942 solet
1753 885 1820 940 ad

234 1002 360 1040 eum
387 983 592 1041 referre
613 992 668 1039 et
686 984 830 1053 quod
856 984 1025 1052 ipsius
1047 990 1148 1047 est,
1175 981 1240 1036 de
1265 997 1371 1051 quo
1399 981 1513 1050 ipse
1526 982 1644 1035 est?
1672 981 1826 1036 Unde

236 1077 366 1132 illud
390 1082 473 1131 est
495 1075 638 1145 quod
665 1075 741 1128 ait
765 1091 778 1127 :
809 1073 927 1127 Mea
949 1074 1186 1127 doctrina
1211 1089 1313 1127 non
1335 1082 1408 1126 est
1435 1089 1571 1137 mea,
1595 1071 1683 1125 sed
1709 1071 1823 1141 ejus

232 1170 322 1239 qui
349 1169 488 1223 misit
515 1184 616 1222 me.
646 1165 704 1221 Si
732 1167 898 1235 igitur
921 1165 1010 1221 hic
1050 1165 1368 1236 intelligitur
1409 1163 1524 1233 ejus
1556 1164 1820 1228 doctrina,

234 1275 398 1330 quam
429 1267 608 1313 tamen
634 1257 772 1312 dixit
801 1272 910 1312 non
935 1272 1056 1311 esse
1076 1271 1251 1321 suam,
1285 1255 1380 1310 sed
1402 1255 1596 1318 Patris,
1622 1260 1824 1324 quanto

233 1350 408 1419 magis
434 1349 541 1404 illic
574 1347 952 1418 intelligendus
981 1355 1064 1402 est
1085 1355 1140 1402 et
1161 1347 1227 1402 de
1258 1347 1374 1417 ipso
1394 1347 1686 1416 procedere
1708 1345 1827 1414 Spi-

235 1440 372 1494 ritus
391 1447 612 1494 sanctus
632 1438 725 1494 ubi
751 1438 829 1493 sic
854 1437 930 1491 ait
958 1455 971 1491 :
1013 1437 1092 1491 De
1121 1437 1282 1492 Patre
1322 1438 1575 1502 procedit,
1613 1444 1673 1490 ut
1715 1451 1824 1490 non

233 1531 457 1594 diceret,
504 1528 573 1585 de
611 1545 698 1584 me
742 1543 848 1583 non
892 1528 1172 1597 procedit?
1206 1527 1247 1581 A
1301 1543 1410 1598 quo
1454 1534 1635 1581 autem
1663 1526 1823 1581 habet

233 1620 406 1674 Filius
428 1627 488 1673 ut
514 1619 586 1674 sit
609 1619 784 1684 Deus;
809 1619 856 1673 si
885 1617 1090 1690 [Forte,
1123 1616 1228 1689 est]
1254 1618 1397 1673 enim
1425 1618 1491 1673 de
1515 1617 1625 1672 Deo
1659 1617 1820 1681 Deus,

230 1711 300 1764 ab
327 1709 421 1766 illo
452 1709 615 1764 habet
643 1710 849 1779 utique,
883 1717 944 1764 ut
987 1709 1150 1765 etiam
1178 1709 1246 1764 de
1286 1709 1378 1764 illo
1419 1709 1676 1778 procedat
1707 1709 1823 1778 Spi-

1927 536 2092 598 atque
2111 527 2404 583 honoriﬁce
2425 530 2775 598 suscepimus.
2803 530 2870 583 Et
2894 530 3142 598 quamvis
3167 531 3234 584 ad
3259 546 3360 586 nos
3387 532 3512 586 mis-

1925 631 2023 674 sus
2041 634 2149 673 non
2175 617 2378 682 fuisset,
2410 619 2574 674 veluti
2617 621 2685 674 ad
2720 635 2820 674 nos
2855 621 3078 673 missum
3118 621 3356 675 adhibita
3396 621 3513 675 dili-

1925 707 2074 776 genti
2098 723 2226 762 cura
2250 717 2304 761 et
2341 709 2664 770 audivimus,
2703 719 2758 762 et
2782 725 2906 762 cum
2945 725 3010 763 eo
3044 709 3110 764 de
3135 709 3239 774 his,
3275 725 3396 779 quae
3419 712 3517 764 dea

1927 796 2069 862 tulit,
2097 798 2223 866 quia
2248 799 2566 867 prudentem
2588 799 3084 865 animadvertimus,
3101 800 3516 856 collocutionem

1927 887 2232 942 habuimus.
2262 888 2371 942 Nec
2405 889 2694 953 immerito,
2731 904 2852 942 cum
2890 896 3040 942 tanta
3079 897 3224 943 esset
3260 905 3366 944 non
3393 898 3515 944 tan-

1925 983 2042 1031 tum
2068 977 2122 1032 in
2161 978 2359 1035 litteris
2388 993 2524 1047 quas
2558 979 2758 1042 attulit,
2787 980 2880 1034 sed
2911 980 3148 1034 etiamin
3169 981 3367 1045 verbis,
3395 997 3516 1050 qua:

1925 1082 1992 1120 ex
2019 1082 2115 1122 ore
2144 1067 2288 1122 illius
2323 1069 2524 1123 nostris
2559 1070 2781 1124 auribus
2819 1070 3192 1136 insonuerunt,
3221 1081 3420 1141 optatae
3448 1089 3517 1128 ac

1922 1174 2138 1230 semper
2173 1162 2422 1229 optanda:
2455 1163 2607 1231 pacis
2640 1163 2814 1232 copia,
2857 1171 2917 1216 ut
2953 1163 3109 1218 valde
3136 1165 3292 1219 nobis
3322 1172 3377 1219 et
3397 1165 3516 1234 qui-

1921 1251 2242 1322 buscunque
2293 1253 2461 1308 Deum
2522 1255 2829 1308 amantibus
2893 1253 3262 1323 hujuscemodi
3317 1255 3514 1325 legatio

1921 1342 2138 1413 placere
2156 1345 2451 1414 potuisset;
2483 1361 2602 1414 quae
2625 1347 2810 1413 utique
2836 1352 2988 1400 tanto
3014 1345 3113 1400 fuit
3141 1347 3424 1401 charitatis
3448 1361 3514 1402 ac

1921 1431 2072 1501 pacis
2087 1430 2212 1485 favo
2236 1447 2502 1503 respersa,
2539 1441 2598 1486 ut
2632 1433 2684 1486 in
2726 1434 2907 1502 palato
2933 1435 3112 1488 cordis
3143 1435 3402 1505 cujusque
3445 1435 3512 1489 fi-

1923 1522 2058 1578 delis
2094 1538 2278 1578 veram
2315 1531 2536 1592 possent
2583 1537 2773 1592 sapere
2812 1523 3172 1589 dulcedinem,
3224 1531 3513 1594 possetque

1917 1612 2150 1683 judicari
2189 1615 2404 1684 penitus
2446 1615 2722 1684 insipiens,
2772 1614 2860 1670 cui
2889 1615 3014 1668 talia
3048 1615 3298 1669 videntur
3323 1616 3513 1685 insipi-

1923 1703 2010 1758 da.
2041 1702 2268 1773 Propter
2290 1704 2453 1773 quod,
2482 1713 2769 1774 postquam
2808 1704 2954 1758 illum
2983 1706 3035 1759 in
3071 1705 3203 1760 fines
3229 1707 3378 1774 regni
3417 1724 3513 1763 no-

233 1801 371 1854 ritus
393 1805 645 1865 sanctus;
674 1813 740 1854 ac
757 1813 856 1868 per
894 1799 999 1854 hoc
1045 1798 1280 1868 Spiritus
1325 1807 1544 1855 sanctus
1578 1807 1638 1854 ut
1658 1799 1820 1854 etiam
1851 1791 1898 1853 Β
1925 1794 2024 1848 stri
2063 1794 2377 1864 pervenisse
2401 1795 2795 1862 comperimus,
2840 1793 3005 1848 veluti
3051 1796 3262 1864 pnescii
3297 1797 3514 1865 optimae

231 1889 298 1943 de
330 1887 422 1943 illo
451 1890 708 1958 procedat
742 1888 885 1944 sicut
909 1889 1155 1958 procedit
1181 1889 1246 1944 de
1271 1888 1453 1954 Patre,
1485 1890 1554 1945 ab
1578 1889 1696 1959 ipso
1722 1889 1822 1943 ha-

229 1979 323 2032 bet
346 1976 523 2032 Patre.
549 1978 681 2034 Item
708 1978 826 2049 ipse
862 1979 1098 2049 Spiritus
1148 1987 1387 2035 sanctus.
1426 1980 1662 2049 Spiritus
1694 1996 1822 2036 vero

230 2077 451 2124 sanctus
486 2069 722 2125 nondum
749 2070 816 2125 de
856 2069 1018 2126 Patre
1049 2069 1292 2141 procedit
1333 2072 1389 2126 in
1414 2071 1632 2136 Filium,
1657 2079 1711 2126 et
1757 2072 1824 2127 de

227 2160 367 2216 Filio
392 2162 632 2230 procedit
665 2163 733 2218 ad
762 2163 1203 2218 sanctificandam
1225 2171 1554 2226 creaturam,
1601 2163 1696 2218 sed
1745 2163 1822 2218 si-

229 2253 342 2306 mul
367 2252 432 2306 de
472 2261 702 2322 utroque
748 2254 1031 2322 procedit;
1073 2254 1322 2323 quamvis
1353 2254 1457 2308 hoc
1497 2253 1638 2309 Filio
1661 2253 1822 2310 Pater

227 2344 458 2410 dederit,
482 2352 541 2400 ut
562 2346 1012 2415 quemadmodum
1061 2347 1128 2402 de
1176 2363 1256 2411 se,
1285 2347 1359 2401 ita
1395 2362 1613 2416 quoque.
1637 2347 1706 2403 de
1729 2347 1821 2402 illo

227 2435 506 2503 procedat.
534 2434 659 2491 llaec
682 2449 712 2489 a
739 2436 896 2490 nobis
933 2451 1145 2490 summo
1192 2435 1495 2505 opitulante
1540 2436 1734 2505 opiﬁce
1755 2438 1820 2492 de

226 2517 464 2595 Spiritus
512 2526 682 2582 sancti
735 2527 1080 2596 pr‘ocessione
1146 2527 1464 2596 multiplicia
1507 2535 1818 2582 sanctarum

227 2617 630 2688 Scripturarum
673 2626 960 2688 aggregata
1002 2627 1128 2674 sunt
1153 2619 1480 2684 testimonia,
1507 2626 1567 2672 ut
1608 2619 1818 2674 divino-

225 2723 348 2762 rum
377 2708 640 2764 librorum
664 2708 949 2772 sententiis
984 2708 1180 2774 victus,
1211 2707 1616 2778 multorumque
1636 2708 1818 2762 ortho-

225 2798 491 2853 doxorum
535 2799 679 2854 nube
731 2799 949 2854 testium
976 2798 1458 2868 pressus-veritati
1485 2814 1593 2853 non
1640 2797 1818 2852 valeat

226 2889 481 2943 resistere
503 2890 786 2955 inimicus;
834 2889 930 2944 sed
972 2888 1150 2958 potius
1200 2889 1483 2944 sententiis
1535 2888 1816 2944 catholic's

227 2982 585 3047 veridicisque
611 2997 805 3038 suasus
839 2983 1185 3048 testimoniis,
1229 2990 1534 3037 revertatur
1557 2983 1625 3038 ad
1652 2981 1813 3038 tutis-

225 3090 421 3129 simum
457 3075 699 3131 ecclesiae
733 3075 930 3142 sinum,
955 3084 1016 3130 ut
1038 3077 1243 3145 pariter
1263 3077 1529 3132 catholico
1552 3077 1814 3134 educatus

1922 1900 1986 1939 ac
2011 1884 2122 1940 Deo
2140 1885 2486 1954 complacida:
2515 1885 2797 1954 legationis
2828 1885 2963 1955 ejus,
2990 1893 3291 1955 temperare
3325 1889 3513 1957 nequi-

1921 1979 2118 2041 vimus,
2159 1984 2459 2047 opportune
2492 1993 2615 2031 eum
2654 1979 2722 2032 ad
2758 1985 2998 2031 nostram
3041 1980 3381 2047 praesentiam
3418 1995 3512 2035 ve-

1921 2069 2040 2125 nire
2063 2068 2310 2134 fecimus,
2341 2069 2577 2124 maxime
2606 2077 2786 2124 tamen
2812 2071 2956 2139 quod
2985 2071 3049 2135 is,
3083 2071 3149 2125 ad
3173 2086 3332 2140 quem
3362 2072 3510 2126 illum

1921 2160 2148 2214 missum
2174 2174 2294 2214 esse
2330 2161 2628 2223 constabat,
2664 2159 2892 2215 dilectus
2928 2159 3071 2215 filius
3101 2172 3287 2216 noster
3316 2162 3341 2201 ἀ
3387 2161 3516 2233 Pip-

1919 2249 2080 2319 pinus
2103 2267 2196 2306 rex
2227 2251 2340 2322 jam
2374 2253 2536 2306 rebus
2568 2252 2818 2306 humanis
2858 2260 3184 2318 excesserat,
3213 2269 3387 2322 neque
3412 2269 3512 2310 nos

1920 2340 2069 2396 illum
2097 2357 2220 2396 cum
2257 2341 2457 2397 infecto
2494 2343 2710 2410 negotio
2749 2350 2919 2408 tanto,
2949 2343 3016 2398 ad
3049 2344 3190 2412 quod
3223 2345 3512 2414 perﬁcien-

1919 2433 2046 2487 dum
2071 2433 2310 2500 directus
2333 2442 2468 2499 erat,
2495 2449 2724 2487 vacuum
2751 2434 2947 2488 reverti
2969 2436 3078 2503 pati
3109 2437 3402 2504 potuimus.

1989 2524 2056 2578 Et
2103 2539 2209 2578 non
2259 2524 2430 2578 solum
2480 2531 2701 2593 propter
2742 2525 2877 2588 hoc,
2919 2526 3013 2579 sed
3049 2526 3211 2580 etiam
3255 2527 3400 2594 quod
3442 2542 3510 2582 ex

1918 2625 2190 2690 tempore,
2232 2631 2341 2686 quo
2378 2619 2556 2688 primo
2591 2619 2803 2687 imperii
2843 2618 2919 2671 tni
2953 2633 3095 2673 anno
3137 2629 3160 2657 ο
3198 2618 3511 2674 Michaelem

1917 2709 2390 2779 metropolitanum
2436 2717 2491 2764 et
2531 2710 2820 2779 populum,
2861 2711 3134 2765 assiduum
3185 2710 3402 2783 [Pouq.,
3456 2720 3512 2768 et

1915 2803 2137 2858 Petrum
2161 2802 2475 2875 Assiduum]
2520 2805 2790 2868 abbatem,
2820 2803 3188 2873 Calistumque
3218 2804 3510 2873 gloriosum

1915 2895 2261 2948 candidatum
2304 2895 2372 2949 ad
2418 2895 2850 2950 constituendam
2890 2895 3170 2950 nobiscum
3215 2910 3402 2964 pacem
3457 2905 3511 2949 et

1916 2985 2228 3042 fmderanda
2261 2996 2425 3056 atque
2451 2989 2734 3042 adunanda
2776 2988 2891 3042 hmo
2918 2989 3024 3043 duo
3050 2988 3105 3041 in
3145 2987 3345 3042 Christi
3376 2987 3509 3043 cha-

1915 3077 2098 3143 ritate,
2129 3078 2367 3149 longmva
2399 3087 2490 3133 tua
2528 3079 2678 3132 misit
2710 3079 2960 3144 dilectio,
3012 3079 3175 3134 veluti
3209 3080 3263 3132 in
3295 3080 3512 3148 specula

225 3167 278 3220 in
315 3169 542 3235 gremio,
568 3169 892 3238 quandoque
947 3177 1211 3224 aeternum
1238 3186 1361 3225 cum
1389 3170 1513 3225 filiis
1540 3179 1813 3226 mereatur
1838 3155 1884 3218 Ο
1914 3171 2075 3240 positi
2116 3170 2272 3240 longa
2310 3169 2510 3225 fuimus
2547 3172 2949 3240 exspectatione
2987 3173 3252 3242 suspensi,
3286 3180 3512 3242 praesto-

225 3257 472 3327 accipere
496 3273 741 3328 regnum.

731 3383 757 3412 ι
812 3369 1144 3425 EPISTOLA
1186 3369 1305 3424 XX.

457 3460 485 3500 ι’
525 3477 590 3514 AD
629 3475 966 3515 NICEPIIOBUM
1006 3475 1116 3514 utr.
1157 3475 1578 3515 cossnsrmor.

223 3547 494 3604 Gaudium
517 3565 670 3619 suum
689 3549 952 3619 signiﬁcat
980 3549 1044 3602 de
1072 3551 1262 3603 iterata
1295 3548 1668 3619 legatione'pro
1694 3567 1816 3606 con-

423 3618 688 3674 stituenda
709 3618 837 3690 pace
858 3620 996 3673 inter
1015 3628 1293 3689 utrumque
1323 3618 1621 3690 imperium.

828 3710 1007 3784 (Anno
1043 3711 1195 3783 810.)

577 3801 673 3864 (Ex
699 3800 914 3851 Froben.
941 3801 1066 3865 Opp.
1088 3803 1219 3853 beati
1245 3802 1484 3870 Alcuini.)

296 3906 432 3961 Cum
469 3905 525 3959 in
561 3905 709 3960 omni
749 3905 1000 3959 humanas
1033 3904 1263 3959 actionis
1305 3904 1460 3959 initio
1493 3905 1705 3959 Domini
1744 3904 1814 3961 sit

224 3996 488 4050 auxilium
523 3995 901 4059 invocandum,
952 3994 1188 4049 maxime
1237 3995 1290 4047 in
1332 3995 1454 4059 hoc,
1489 3996 1632 4063 quod
1654 3998 1814 4052 modo

227 4087 371 4140 inter
397 4101 516 4150 nos,
556 4086 667 4140 Deo
693 4085 980 4149 mediante,
1022 4085 1218 4153 agitur,
1257 4086 1492 4154 negotio,
1518 4086 1728 4141 Domini
1763 4095 1816 4141 et

227 4179 525 4234 Salvatoris
547 4179 718 4233 nostri
745 4176 871 4232 Jesu
899 4177 1098 4233 Christi
1125 4178 1271 4233 omni
1299 4179 1456 4233 modo
1481 4187 1607 4233 sunt
1633 4179 1816 4249 implo-

226 4274 397 4328 randa
434 4273 712 4342 suffragia,
753 4271 926 4341 utqui
953 4273 1170 4326 nomine
1207 4271 1351 4327 illius
1384 4273 1577 4342 signati
1605 4288 1811 4336 sumus,

225 4374 282 4420 et
319 4365 374 4419 in
414 4363 811 4432 dispensatione
846 4362 1110 4431 passionis
1144 4361 1260 4431 ejus
1288 4362 1357 4417 ab
1380 4371 1584 4418 aeterno
1626 4364 1816 4418 mortis

226 4456 467 4529 periculo
485 4471 584 4510 nos
606 4457 912 4523 redemptos
939 4470 1058 4509 esse
1076 4453 1419 4524 confidimus,
1444 4469 1508 4509 ea
1551 4471 1672 4524 qua:
1697 4456 1814 4525 ipso

226 4546 526 4615 inspirante
550 4544 886 4608 inchoamus,
919 4545 986 4599 ad
1022 4545 1306 4599 honestum
1346 4551 1400 4599 et
1427 4544 1612 4600 utilem
1639 4547 1817 4615 perfe-

224 4637 425 4693 ctionis
453 4635 743 4690 terminum
781 4636 1078 4704 perducere
1103 4651 1426 4690 mereamur.
1460 4635 1518 4690 ln
1543 4635 1696 4704 cujus
1720 4655 1816 4694 no-

225 4729 376 4782 mine
407 4735 570 4795 atque
608 4727 812 4780 honore
844 4725 1084 4793 legatum
1121 4724 1476 4781 fraternitatis
1501 4735 1627 4793 tum,
1654 4744 1812 4798 quem
1869 4732 1871 4736 ’

223 4821 294 4872 ad
336 4819 490 4871 bona:
524 4817 915 4872 recordationis
946 4816 1114 4870 filium
1151 4825 1396 4872 nostrum
1427 4818 1710 4888 Pippinum
1735 4836 1818 4876 re-

223 4923 350 4976 gem
398 4907 642 4974 misistis,
677 4917 699 4948 ο
749 4907 1022 4963 Arsatium
1071 4909 1277 4966 scilicet
1318 4911 1608 4981 gloriosum
1637 4923 1816 4982 spata-

303 5054 326 5081 ε
375 5041 633 5111 Epistola.
678 5043 808 5118 ilice
837 5044 1063 5113 epistola
1103 5046 1245 5118 inter
1294 5045 1638 5118 Alcuinianas
1673 5051 1816 5118 apud

220 5112 630 5180 Qucreetanum
675 5114 765 5167 Hi
807 5112 909 5178 est,
949 5118 1089 5184 apud
1126 5116 1399 5171 Canisium
1435 5133 1595 5183 nona,
1626 5112 1811 5184 missa,

225 5190 393 5265 prout
432 5191 722 5265 contextus
747 5185 947 5265 habet,
977 5188 1047 5265 ad
1090 5186 1371 5256 Pippinum
1398 5188 1582 5265 italiae
1632 5204 1815 5265 regem

227 5253 350 5326 ipso
365 5267 630 5326 announ
645 5253 692 5309 is
712 5254 891 5326 vivere
917 5256 1094 5323 desiit,
1115 5253 1306 5326 nempe
1321 5272 1371 5310 a.
1393 5253 1816 5316 810.1mnterito

225 5325 398 5393 igitur
434 5324 680 5394 epistolis
712 5324 924 5380 Alcuini
960 5328 1048 5380 diu
1086 5335 1214 5382 ante
1241 5324 1488 5383 defuncti
1514 5329 1740 5384 inserta.

303 5395 332 5434 δ
360 5394 442 5468 A_d
475 5394 853 5468 Nicephorum.
879 5395 1253 5465 Logothetam,
1279 5397 1369 5468 qui
1401 5413 1542 5455 anno
1567 5399 1692 5464 802,
1721 5402 1817 5457 de-

223 5463 371 5534 iecta
396 5465 550 5520 lrene
570 5463 1819 5541 iniperagice,‘_iniperium_ConsgantinopOlita-

229 5551 362 5611 num
401 5537 707 5611 occupavit.
751 5535 858 5606 (Ea:
900 5535 1331 5611 Chronographia
1364 5535 1732 5611 Theophanis,
1769 5551 1819 5597 et

227 5605 373 5670 aliis,
396 5610 548 5680 apud
573 5605 818 5680 Fugiunt,
839 5609 908 5680 ad
931 5608 985 5660 It.
1008 5624 1084 5680 n.7,
1113 5605 1261 5661 nunt.
1302 5608 1381 5680 2.)

306 5686 328 5713 ε
371 5677 659 5729 Arsatium.
691 5677 1002 5739 Arsasium,
1044 5677 1369 5746 Arsaphiutn
1414 5689 1606 5738 vocant
1647 5697 1817 5739 anna-

230 5742 369 5799 listaz
399 5747 540 5800 illius
567 5749 842 5816 temporis,
870 5749 936 5803 ad
961 5763 1157 5802 annum
1184 5742 1320 5804 ⁷811.

1844 4499 1896 4564 D

1917 3261 2090 3317 lantcs
2128 3270 2241 3319 sive
2282 3279 2379 3333 per
2410 3265 2666 3334 legatum.
2697 3266 2811 3321 sive
2837 3282 2934 3337 per
2959 3267 3263 3336 epistolam,
3295 3270 3512 3336 quando

1917 3353 2234 3409 meritorum
2257 3357 2476 3425 scriptis
2503 3358 2704 3412 nostris
2729 3358 2983 3412 amabilia
3019 3358 3378 3414 fraternitatis
3405 3368 3510 3415 tua:

1917 3459 2175 3513 responsa
2211 3447 2560 3515 susciperem.
2595 3446 2840 3515 Jamque,
2883 3457 2944 3502 ut
2979 3464 3038 3504 se
3072 3450 3233 3503 habet
3260 3450 3509 3504 humana:

1915 3534 2114 3587 mentis
2154 3534 2461 3600 infirmitas,
2491 3552 2658 3606 prope
2690 3537 2993 3607 desperatio
3028 3540 3176 3594 cordi
3205 3548 3392 3594 nostro
3429 3541 3509 3594 in-

1915 3623 2148 3695 cipiebat
2178 3626 2400 3680 oboriri.
2444 3627 2549 3682 Sed
2576 3629 2802 3684 fidentes
2827 3631 3178 3700 sperabamus
3213 3633 3266 3686 in
3294 3649 3378 3697 eo,
3415 3635 3507 3702 qui

1917 3729 2191 3782 nunquam
2231 3714 2430 3771 deserit
2475 3727 2757 3784 sperantes
2792 3719 2846 3771 in
2887 3734 2977 3783 se,
3024 3721 3168 3788 quod
3205 3723 3503 3777 secundum

1915 3803 2233 3873 Apostolutn
2283 3806 2435 3861 labor
2467 3815 2653 3863 noster
2717 3810 2771 3864 in
2809 3811 2926 3880 ipso
2968 3826 3172 3866 vacuus
3216 3821 3270 3866 et
3328 3814 3510 3869 inanis

1915 3912 2036 3952 esse
2071 3913 2180 3952 non
2217 3899 2456 3963 deberet,
2485 3915 2548 3955 ac
2585 3901 2908 3957 desiderium
2953 3912 3218 3970 nostrum,
3248 3907 3414 3974 quod,
3445 3913 3507 3962 ut

1915 3987 2255 4053 confidimus,
2307 3990 2477 4059 ipsius
2512 3991 2863 4061 inspiratione
2903 3997 3255 4065 concipimus,
3310 4013 3506 4052 secun-

1917 4077 2045 4134 dum
2073 4079 2289 4135 divitias
2316 4082 2700 4140 misericordia:
2727 4101 2836 4140 sum
2867 4087 3156 4155 complere,
3184 4096 3238 4142 et
3271 4090 3508 4158 quando-

1917 4184 2129 4240 cunque
2166 4172 2234 4226 ad
2260 4170 2508 4226 effectum
2535 4176 2832 4242 perducere
2857 4178 3095 4232 deberet.

1989 4264 2192 4319 Idcirco
2223 4265 2406 4319 audito
2429 4267 2659 4322 adventu
2696 4271 2977 4324 memorati
3006 4271 3165 4340 legati
3203 4272 3506 4328 dilectionis

1920 4367 2045 4422 tuae,
2088 4356 2289 4411 Arsatii
2336 4357 2552 4427 gloriosi
2588 4363 2829 4430 spatarii,
2857 4378 3182 4433 magnopere
3219 4366 3385 4436 gavisi
3413 4381 3507 4420 su-

1917 4469 2060 4518 mus,
2099 4453 2451 4520 confidentes,
2480 4471 2581 4510 nos
2617 4457 2684 4512 de
2717 4459 2880 4514 rebus
2914 4459 3135 4514 incertis
3163 4461 3230 4516 ad
3261 4469 3504 4530 optatam

1919 4550 2300 4606 certitudinem
2335 4557 2710 4618 perventuros,
2752 4559 2807 4605 et
2844 4551 2910 4606 de
2950 4550 3037 4605 his
3069 4565 3190 4619 quae
3234 4553 3507 4622 praedictis

1917 4643 2098 4696 missis
2136 4641 2242 4696 tuis
2265 4642 2332 4697 ad
2357 4651 2410 4696 te
2447 4642 2734 4697 deferenda
2774 4643 3018 4698 dedimus
3051 4658 3367 4714 responsum
3387 4658 3509 4701 esse

1917 4741 2248 4803 recepturos.
2286 4733 2353 4788 Et
2380 4750 2567 4789 revera
2595 4735 2670 4789 ita
2691 4735 2890 4790 factum
2914 4743 3016 4791 est.
3055 4736 3333 4792 Sensimus
3361 4725 3504 4797 enim

1916 4838 1984 4878 ex
2005 4831 2158 4892 parte
2183 4839 2323 4888 mea,
2350 4825 2493 4893 quod
2520 4826 2958 4881 desiderabamus
2994 4829 3061 4882 ad
3087 4829 3500 4897 completionem
3565 4848 3570 4853 '

1916 4922 2166 4970 votorum
2198 4924 2528 4983 nostrorum,
2557 4918 2720 4972 divini
2749 4917 2986 4973 favorem
3011 4919 3193 4972 auxilii
3221 4928 3275 4974 et
3301 4920 3354 4972 in
3389 4935 3506 4974 ver-

1988 5049 2014 5088 ἀ
2048 5048 2305 5172 Piprinus
2361 5067 2452 5104 rex
2498 5051 2615 5120 jam
2677 5052 2827 5108 rebus
2885 5052 3129 5107 humanis
3190 5063 3498 5109 excesserat.

1988 5135 2074 5172 mo
2099 5121 2132 5172 8
2170 5120 2204 5172 0
2231 5136 2325 5172 vm
2357 5121 2480 5172 ldus
2502 5119 2648 5172 Julii.
2673 5131 2734 5172 ut
2761 5122 3042 5172 annalislm
3065 5125 3408 5172 concorditer
3425 5133 3498 5172 te-

1916 5120 2074 5173 Anno
2099 5119 2204 5175 810
2231 5136 2325 5174 vut
2357 5121 2480 5175 ldus
2501 5119 2648 5187 Julii,
2673 5131 2734 5176 ut
2761 5122 3042 5178 annalistze
3065 5125 3408 5179 concorditer
3425 5133 3505 5180 te-

1917 5198 2150 5247 εωηιιιτ.
2215 5211 2217 5213 ’

1993 5271 2016 5299 e
2044 5256 2374 5334 Michgelem.
2414 5260 2593 5334 aliter
2603 5263 2832 5334 nomina
2876 5263 3172 5334 legatorum
3219 5274 3504 5321 recensent

1916 5328 2155 5385 Annales
2181 5329 2394 5397 Tiliani,
2419 5331 2728 5397 Loiseliani,
2760 5328 3046 5390 Mettenses
3067 5344 3120 5390 et
3160 5335 3270 5390 alii.
3305 5355 3322 5386 ι
3355 5335 3502 5392 Missi

1919 5407 2062 5474 sunt,
2106 5399 2374 5474 inquiunt,
2413 5401 2648 5474 Michael
2675 5405 2975 5474 episcopus.
3017 5406 3209 5460 Petrus
3243 5407 3408 5461 abbas
3446 5415 3502 5462 et

1919 5470 2576 5546 (Alalistusucandidatus..3
2601 5470 2889 5546 Meit'tenses
2914 5490 3040 5546 vero
3061 5491 3343 5546 perperam
3369 5477 3503 5533 duos

1916 5541 2128 5598 faciunt
2150 5539 2408 5595 Calistum
2446 5551 2500 5598 et
2525 5543 2900 5600 Candidatum.
2929 5539 3174 5602 Gali-tus-
3204 5547 3344 5601 enim
3371 5562 3503 5602 can-

1921 5613 2137 5688 didatus
2174 5611 2476 5688 appellatur
2503 5616 2573 5688 ob
2607 5615 2960 5688 dignitatem,
2985 5632 3144 5687 quam
3169 5618 3409 5688 gerebat,
3437 5619 3504 5674 de

1921 5696 2027 5758 qua
2056 5681 2209 5749 plura
2243 5682 2444 5758 videas,
2473 5686 2519 5740 si
2561 5681 2726 5753 lubet,
2755 5688 2895 5758 apud
2935 5681 3230 5757 Canisium,
3270 5687 3324 5742 in
3359 5689 3504 5746 notis

1924 5753 1990 5807 ad
2014 5751 2152 5806 hanc
2175 5753 2474 5823 epistolam.
