4092 6188
725 369 1058 429 EPISTOLA
1089 382 1112 409 ει
1141 368 1307 425 XXII.

556 481 624 522 ΑΒ
650 479 911 521 ουιιιιειιτ
920 478 989 517 Ol
1017 472 1486 516 ARCHIEI‘ISCOPUI.

834 553 1012 626 (Anno
1041 552 1191 622 8H.)

658 642 753 709 (Ex
784 643 961 693 Habill.
989 641 1213 691 Analect.
1239 637 1380 700 Vet.)

295 736 355 791 In
374 730 596 788 nomine
619 727 815 792 Patris,
846 734 900 781 et
925 725 1069 790 Filii,
1088 732 1142 779 et
1167 721 1402 793 Spiritus
1427 718 1622 775 sancti.
1650 716 1817 773 Caro-

231 827 313 882 lus
341 820 718 881 serenissimus
739 816 1015 886 Augustus
1039 832 1070 870 a
1102 814 1330 869 Domino
1355 818 1664 875 coronatus,
1701 824 1818 863 ma-

229 931 387 990 gnus,
414 913 671 985 paciﬁcus
696 910 1007 979 imperator,
1038 908 1342 977 gubernans
1388 902 1673 972 imperium
1698 899 1809 970 qui-

231 1008 373 1069 dem,
391 1012 439 1059 et
469 999 837 1058 misericordia
862 998 955 1052 Dei
978 1012 1070 1051 rex
1089 995 1422 1050 Francorum
1446 991 1818 1061 etLongobar-

230 1096 445 1159 dorum,
472 1091 748 1150 Odilberto
773 1087 1200 1157 archiepiscopo,
1229 1084 1283 1139 in
1311 1083 1541 1138 Domino
1567 1081 1815 1137 salutem.

302 1183 513 1254 Srpius
546 1189 745 1247 tecum,
794 1180 904 1233 imo
945 1187 1001 1232 et
1039 1191 1161 1231 cum
1190 1171 1402 1231 czetcris
1432 1171 1651 1241 collegis
1690 1171 1815 1235 tuis,

232 1274 498 1331 familiare
521 1270 849 1339 colloquium
876 1268 943 1322 de
967 1266 1201 1320 utilitate
1226 1271 1431 1320 sanctae
1453 1262 1547 1316 Dei
1566 1258 1822 1315 Ecclesize

231 1369 434 1425 habere
458 1365 833 1426 voluissemus,
875 1360 920 1414 si
959 1359 1164 1427 absque
1198 1354 1446 1411 molestia
1474 1350 1740 1422 corporali
1768 1350 1822 1405 id

230 1457 448 1514 efficere
478 1454 764 1525 potuisses.
803 1450 910 1505 Sed
944 1448 1193 1519 quamvis
1217 1447 1564 1503 sanctitatem
1593 1452 1741 1499 tuam
1766 1441 1821 1496 in

231 1546 431 1605 divinis
457 1545 621 1599 rebus
647 1550 759 1596 tota
794 1539 1094 1594 intentione
1112 1538 1335 1609 vigilare
1356 1552 1463 1591 non
1489 1536 1819 1607 ignoremus,

229 1637 484 1695 omittere
520 1642 702 1689 tamen
735 1646 842 1687 non
874 1645 1180 1701 possumus,
1217 1630 1347 1701 quin
1387 1636 1534 1683 tuam
1576 1625 1822 1683 devotio-

230 1714 365 1786 nem.
393 1734 581 1784 sancto
618 1724 879 1781 incitante
917 1722 1122 1794 Spiritu
1156 1722 1357 1779 nostris
1389 1721 1632 1792 apicibus
1665 1733 1818 1775 com-
1846 1708 1897 1772 Β

231 1820 517 1892 pellamus,
552 1825 714 1887 atque
756 1830 1215 1881 commoneamus,
1259 1822 1320 1869 ut
1353 1814 1526 1886 magis
1559 1828 1624 1869 ac
1650 1812 1825 1884 magis

234 1914 290 1968 in
316 1920 503 1968 sancta
535 1910 632 1965 Dei
666 1909 909 1966 Ecclesia
944 1909 1184 1964 studiose
1220 1923 1284 1965 ac
1313 1908 1554 1979 vigilanti
1585 1923 1716 1964 cura
1754 1907 1826 1962 la-

232 2006 429 2062 borare
462 2004 680 2059 studeas
718 2002 774 2057 in
817 2001 1201 2073 prmdicatione
1243 2010 1430 2058 sancta
1478 2010 1532 2058 et
1579 2002 1826 2059 doctrina

234 2094 461 2152 salutari
486 2112 500 2148 :
529 2102 798 2165 quatenus
819 2109 917 2164 per
940 2101 1089 2149 tuam
1117 2093 1520 2149 devotissimam
1547 2094 1826 2150 solertiam

231 2187 460 2241 verbum
492 2186 619 2239 vitae
659 2191 875 2240 aaternze
906 2192 1115 2240 crescat
1149 2191 1203 2239 et
1241 2192 1444 2250 currat,
1481 2192 1536 2241 et
1568 2184 1828 2254 multipli-

234 2285 389 2333 cetur
423 2291 682 2331 numerus
718 2275 900 2346 populi
941 2275 1235 2332 Christiani
1274 2277 1328 2332 in
1370 2276 1584 2332 laudem
1617 2285 1672 2332 et
1709 2276 1827 2348 glo-

233 2369 374 2423 riam
416 2367 716 2423 Salvator-is
762 2368 935 2423 nostri
984 2368 1100 2423 Dei.
1150 2367 1319 2424 Nosse
1368 2369 1550 2438 itaque
1595 2383 1694 2438 per
1736 2376 1829 2423 tua

234 2462 439 2531 scripta
470 2468 564 2515 aut
597 2475 693 2530 per
731 2460 963 2530 teipsun‘.
996 2460 1264 2527 volumus,
1317 2460 1551 2530 qualiter
1584 2469 1641 2515 et
1684 2468 1741 2515 tu
1775 2468 1830 2515 et

235 2552 562 2620 sufﬁ‘aganci
593 2552 670 2606 tui
701 2553 941 2608 doceatis
966 2562 1021 2609 et
1058 2553 1340 2609 instruatis
1383 2554 1693 2610 sacerdotes
1733 2553 1831 2610 Dei

233 2653 294 2703 et
313 2646 524 2718 plebem
543 2645 695 2701 vobis
718 2647 1063 2703 commissam
1084 2647 1151 2703 de
1172 2647 1438 2717 baptismo
1465 2656 1829 2716 sacramento,

235 2735 294 2792 id
320 2742 405 2792 est
436 2751 535 2793 cur
564 2735 744 2808 primo
782 2734 962 2791 infans
994 2737 1414 2792 catechumenus
1444 2735 1709 2805 efﬁcitur,
1745 2737 1832 2793 vel

237 2826 373 2896 quid
413 2826 485 2881 sit
520 2825 940 2881 catechumenus
969 2843 983 2880 :
1014 2826 1207 2882 deinde
1237 2841 1337 2897 per
1368 2826 1613 2883 ordinem
1650 2827 1833 2883 omnia

238 2932 364 2987 qua:
397 2925 649 2988 aguntur.
679 2918 756 2973 De
790 2917 1074 2983 scrutinio,
1115 2917 1246 2987 quid
1271 2918 1343 2973 sit
1379 2918 1721 2974 scrutinium.
1757 2918 1835 2974 De

238 3007 521 3083 Symbolo,
540 3024 660 3078 quae
674 3008 746 3064 sit
761 3008 878 3078 ejus
890 3009 1265 3079 interpretatio
1278 3010 1571 3065 secundum
1588 3008 1830 3066 Latinos.

1680 249 2064 311 erlsrom.
2898 312 2901 313 γ

1830 363 1883 422 Α
1910 340 2068 425 mus,
2094 360 2346 416 nuntiare
2393 369 2604 431 satagc;
2633 367 2689 416 et
2734 360 2781 416 si
2827 358 2900 415 ita
2930 365 3115 415 teneas
3138 365 3191 413 et
3216 359 3498 428 pr:c:‘.iccs.

3396 248 3504 302 πει

1916 461 2009 508 aut
2036 454 2080 511 si
2107 454 2161 508 in
2186 453 2291 509 hoc
2311 455 2452 524 quod
2475 454 2739 523 praedicas
2765 461 2819 508 te
2836 453 3009 524 ipsum
3036 452 3330 508 custodias.
3360 452 3505 509 Bene

1874 546 1891 560 '
1919 546 2056 614 vale,
2084 553 2139 602 et
2162 560 2257 601 ora
2287 560 2387 615 pro
2412 545 2587 599 nobis.

2427 654 2763 713 EPISTULA
2802 654 2988 710 XXIII.

1917 767 1985 808 an
2047 764 2394 806 ATHILARDUI
2456 745 2863 820 [ειδιιιιλιιιιιιι]
2924 759 3373 802 Διιοιιιειιιδοοιιιτιι
3436 759 3505 800 er

2521 832 2892 874 CEOLVULFUI.

2187 911 2310 968 Illis
2341 911 2597 983 quosdam
2626 907 2830 964 exsules
2862 908 3219 962 commendat.

2281 1002 2375 1066 (Ex
2402 1003 2587 1063 ulmo,
2611 1000 2772 1064 Opera
2795 997 3144 1063 diplomatica.)

1986 1096 2215 1154 Carolus
2241 1097 2416 1166 gratia
2436 1094 2533 1150 Dei
2560 1108 2656 1150 rex
2685 1092 3021 1149 Francorum
3046 1100 3102 1148 et
3123 1091 3510 1163 Langobardo-

1920 1203 2041 1243 rum
2087 1202 2152 1242 ac
2194 1186 2456 1257 patricius
2483 1184 2873 1247 Romanorum,
2907 1183 3194 1238 Athilardo
3239 1182 3510 1252 archiepi-

1920 1293 2085 1349 scopo
2123 1274 2548 1350 [Cantuariensi]
2575 1283 2632 1352 et
2664 1272 2943 1331 Ceolvulfo
2986 1273 3304 1344 coepiscopo
3342 1272 3505 1338 illius,

1920 1377 2140 1424 aeterna:
2165 1365 2515 1423 beatitudinis
2551 1364 2803 1420 salutem.

1992 1459 2313 1515 Nullatenus
2345 1464 2583 1513 vestram
2606 1466 2768 1513 terrae
2794 1454 3245 1526 longinquitatem
3271 1453 3354 1509 vel
3379 1468 3497 1523 pro-

1923 1549 2109 1606 cellosi
2138 1548 2305 1604 maris
2330 1545 2669 1602 latitudinem
2698 1543 2978 1600 foederata:
3022 1543 3079 1598 in
3124 1541 3341 1599 Christo
3375 1540 3512 1597 ami-

1924 1641 2064 1696 citi:e
2100 1638 2227 1709 jura
2268 1638 2610 1709 disrumpere
2657 1635 2744 1691 fas
2784 1634 3136 1690 arbitramur.
3173 1631 3281 1689 Sed
3309 1639 3514 1702 quanto

1922 1734 2164 1804 iongiore
2185 1731 2359 1804 spatio
2386 1730 2623 1786 humana
2669 1726 2928 1785 dividitur
2951 1724 3313 1789 conversatio,
3361 1731 3515 1778 tanto

1923 1824 2237 1895 probatiore
2265 1822 2371 1878 ﬁde
2403 1820 2621 1893 pietatis
2647 1827 2867 1889 pactum
2890 1816 3098 1874 servari
3124 1816 3362 1881 debebit,
3385 1816 3512 1885 quia

1924 1930 2068 1986 att-pe
2111 1915 2165 1971 in
2193 1913 2479 1985 praesentia
2507 1912 2672 1967 timor
2718 1909 2800 1965 vel
2846 1907 3222 1965 erubescentia
3269 1908 3326 1963 in
3374 1905 3516 1961 facio

1925 2007 2074 2063 foras
2093 2006 2331 2063 ostendit
2358 2004 2501 2076 quod
2527 2004 2690 2063 homo
2712 2002 2860 2058 intus
2884 2001 2938 2057 in
2968 2000 3132 2056 corde
3156 2014 3263 2055 non
3289 2000 3510 2055 retinet.

1926 2100 2096 2172 igitur
2132 2106 2321 2155 sancta
2360 2097 2494 2154 ﬁdes
2529 2098 2584 2152 in
2621 2095 2867 2151 absentia
2911 2093 3199 2150 laudabilis
3219 2099 3428 2167 exstat,
3458 2098 3517 2148 et

1927 2192 1982 2246 in
2031 2190 2321 2262 prmsentia
2370 2186 2694 2244 venerabilis
2722 2185 2992 2243 consistit.
3045 2184 3198 2241 Unde
3227 2192 3282 2240 et
3315 2184 3371 2239 in
3395 2181 3517 2253 ejus

1928 2282 2145 2346 ﬁducia,
2164 2295 2328 2351 quam
2352 2280 2441 2351 pia
2465 2278 2596 2334 olim
2622 2277 2949 2333 allocutione
2979 2282 3276 2346 prtesentes
3307 2272 3515 2344 pepigi—

1929 2389 2070 2439 mus,
2098 2373 2198 2427 hos
2222 2371 2451 2426 miseros
2481 2369 2671 2441 patria:
2704 2383 2816 2423 sua:
2841 2366 3057 2423 exsules
3083 2375 3281 2421 vestrae
3315 2364 3518 2420 direxi-

1929 2477 2051 2518 mus
2072 2461 2280 2532 pietati,
2317 2461 2670 2531 deprecantes
2705 2466 2765 2512 ut
2807 2472 2908 2527 pro
2941 2456 3022 2512 eis
3067 2453 3404 2511 intercedere
3430 2453 3515 2509 di-

1930 2552 2169 2625 gnemini
2194 2551 2337 2622 apud
2366 2549 2591 2604 fratrem
2628 2563 2810 2603 meum
2858 2545 3240 2602 charissimam
3266 2544 3518 2603 Oﬁ‘anum

1930 2658 2136 2714 regem,
2160 2652 2427 2713 quatenus
2453 2639 2679 2710 paciﬁce
2707 2647 2763 2693 et
2795 2639 2999 2708 absque
3039 2635 3267 2706 alicuius
3308 2634 3521 2703 injusti-

1931 2735 2025 2790 tiaa
2042 2734 2390 2806 oppressione
2411 2733 2467 2789 in
2487 2746 2584 2787 sua
2602 2730 2761 2786 liceat
2779 2744 3104 2786 conversarc
3119 2728 3317 2798 patria,
3334 2735 3395 2783 et
3411 2727 3522 2783 cuia

1934 2824 2069 2881 libet
2088 2825 2381 2881 deservire.
2406 2824 2543 2878 Nam
2567 2821 2817 2878 dominus
2853 2820 3070 2876 illorum
3106 2819 3521 2890 Umbrinsgstau

1936 2920 2077 2977 diem
2113 2918 2290 2983 obiit;
2333 2916 2448 2987 qui,
2494 2923 2555 2971 ut
2613 2914 2771 2970 nobis
2814 2913 2989 2969 visum
3036 2912 3167 2979 fuit,
3204 2911 3377 2968 ﬁdelis
3423 2926 3522 2966 suo

1939 3010 2129 3067 fuisset
2148 3009 2385 3077 domino,
2409 3007 2457 3064 si
2483 3008 2536 3063 in
2559 3007 2737 3077 patria
2759 3005 2999 3061 licuisset
3017 3019 3385 3076 perseverare.
3415 3002 3522 3059 Sed

240 3070 322 3157 De
344 3100 683 3165 credulitate,
711 3102 979 3171 quomodo
1005 3070 1329 3157 credendum
1356 3100 1423 3155 sit
1460 3101 1514 3156 in
1543 3101 1832 3158 Dominum
1858 3070 1906 3133 ο
1941 3111 2002 3160 ιιι
2024 3101 2216 3157 mortis
2239 3070 2496 3156 evaderet
2513 3070 2835 3172 periculum,
2854 3104 2913 3151 ut
2936 3070 3116 3152 dicere
3139 3095 3367 3161 solebat,
3389 3095 3527 3165 fugit

240 3190 459 3245 Patrem
489 3191 934 3262 omnipotentem,
955 3199 1009 3247 et
1033 3191 1089 3247 in
1111 3190 1297 3248 Iesum
1323 3191 1597 3248 Christum
1633 3192 1829 3249 Filium

241 3280 383 3352 ejus,
412 3290 467 3337 et
486 3281 541 3338 in
564 3282 825 3352 Spiritum
852 3292 1131 3351 sanetum;
1158 3294 1401 3341 sanctam
1426 3284 1723 3341 Ecclesiam
1742 3302 1837 3342 ca-

242 3373 524 3438 tholicam,
558 3382 615 3430 et
644 3383 842 3429 caetera
885 3390 1006 3444 quae
1040 3383 1340 3445 sequuntur
1365 3376 1418 3430 in
1447 3376 1635 3431 eodem
1673 3376 1837 3449 Sym-

242 3466 392 3521 bolo.
420 3466 495 3520 De
518 3466 987 3522 abrenuntiatione
1009 3466 1223 3523 Satanas
1241 3475 1295 3524 et
1320 3469 1570 3525 omnibus
1585 3470 1839 3539 operibus

242 3555 366 3625 ejus
391 3565 443 3611 et
476 3559 705 3627 pompis.
744 3558 882 3625 Quid
908 3559 980 3614 sit
1004 3561 1423 3627 abrenuntiatio,
1449 3569 1506 3617 et
1530 3577 1651 3632 qua:
1674 3576 1839 3633 opera

244 3650 370 3720 ejus
391 3650 589 3706 diaboli
614 3659 669 3706 et
692 3666 922 3721 pompae.
960 3651 1070 3707 Cur
1099 3651 1403 3707 insumatur
1426 3662 1482 3708 et
1507 3669 1604 3709 cur
1627 3653 1841 3709 exorci-

246 3751 428 3796 aatur.
455 3741 566 3795 Cur
589 3742 1011 3797 catechumenus
1045 3744 1242 3813 accipit
1279 3744 1469 3800 salem.
1508 3743 1685 3811 Quare
1718 3754 1841 3801 tan-

248 3843 451 3907 gantur
483 3850 661 3901 nares,
702 3843 890 3905 pectus
927 3846 1159 3909 ungatur
1185 3838 1305 3893 oleo
1334 3856 1350 3906 ;
1379 3856 1476 3895 cur
1509 3840 1740 3910 scapulze
1768 3841 1843 3896 si-

245 3933 504 3997 gnantur,
550 3933 603 3980 et
648 3941 815 3992 quare
856 3935 1043 3985 nectus
1076 3935 1132 3983 et
1163 3929 1394 3998 scapulte
1427 3929 1694 3984 lavantur.
1732 3929 1844 3985 Cur

245 4016 389 4071 albis
420 4014 662 4069 induitur
700 4017 1064 4083 vestimentis;
1106 4033 1204 4073 cur
1240 4033 1397 4073 sacro
1434 4018 1725 4074 chrismate
1749 4034 1843 4074 ca-

246 4115 347 4176 put
371 4105 722 4175 peruugitnr;
752 4112 808 4160 et
842 4105 1071 4177 mystico
1110 4106 1308 4178 tegitur
1348 4106 1631 4173 velamine,
1664 4116 1719 4163 et
1745 4123 1844 4164 cur

249 4214 482 4270 corpore
534 4205 590 4251 et
645 4197 906 4268 sanguine
954 4198 1227 4254 dominico
1283 4200 1655 4255 conﬁrmatur.
1717 4199 1844 4257 Haec

245 4289 432 4345 omnia
461 4286 647 4343 subtili
677 4286 928 4358 indagine
957 4303 1054 4358 per
1092 4286 1291 4359 scripta
1330 4289 1506 4355 nobis,
1538 4290 1679 4346 sicut
1702 4292 1846 4347 'dixi-

321 4437 348 4464 ι
386 4422 514 4506 Haec
551 4424 776 4508 epistola
810 4425 1113 4508 0dilberto_
1136 4426 1519 4508 M‘ediplanenm
1576 4430 1845 4508 archiepi-
1867 4419 1924 4485 Β
1949 4431 2199 4501 superius
2227 4426 2636 4508 laudatum_duo

247 4508 418 4571 rumpo
444 4495 729 4571 inscripta,
740 4511 838 4571 ἐξ
863 4497 1116 4571 Mettensi
1145 4498 1353 4571 Codice
1395 4508 1548 4555 eruta
1591 4516 1690 4571 per
1725 4495 1848 4559 reli-

249 4566 668 4638 giosumvirum
694 4566 970 4624 Placidum
998 4567 1385 4624 Beuvillonium
1412 4566 1847 4638 congregationis

247 4635 1095 4724 sanctiﬂVitoni,‘exeniplum_est
1120 4635 1846 4724 litterarumencyclicarum

247 4722 391 4787 quas
416 4704 642 4790 carolus
668 4704 891 4790 Magnus
914 4708 1181 4792 universis
1205 4709 1472 4793 episcopis
1495 4704 1722 4796 imperio
1747 4730 1847 4772 suo

246 4778 514 4845 subjectis
539 4778 757 4860 direxit,
784 4780 999 4862 utquid
1023 4780 1089 4835 de
1113 4780 1381 4862 baptismo
1406 4785 1848 4862 ejusquentibns

247 4865 320 4908 ac
352 4852 695 4931 caeremoniis
722 4852 1005 4931 sentirent,
1038 4865 1225 4931 eorum
1261 4852 1477 4921 scriptis
1511 4852 1851 4931 certiorem-

247 4927 492 4994 εει-ομιτ.
509 4917 760 4994 -ῌίιιᾳθει
778 4922 923 4994 quod
948 4920 1172 4994 Magnus
1192 4917 1465 4994 Senonum
1488 4925 1851 4994 archiepisco-

250 5005 364 5064 pus
386 4989 474 5064 his
507 4989 703 5064 litteris
733 4990 995 5064 pulsatus,
1026 4991 1379 5064 Theodnlfum
1403 4989 1848 5054 Aurelianénsem

245 5060 559 5131 antistitem
608 5060 821 5131 impulit
864 5064 931 5116 ad
977 5061 1319 5117 scribendum
1357 5063 1552 5119 librum
1577 5065 1642 5120 de
1667 5068 1850 5125 ordine

246 5130 521 5201 baptismi,
538 5146 707 5201 quem
747 5131 944 5187 librum
982 5132 1315 5188 Theodullus
1339 5134 1513 5190 eidem
1540 5134 1732 5201 Magno
1758 5140 1852 5196 de-

246 5200 479 5284 dicavit.
509 5200 708 5284 Eodem
744 5210 971 5284 spectata
988 5202 1213 5284 Alcuini
1238 5204 1466 5284 epistola
1503 5221 1596 5262 seu
1620 5200 1758 5263 liber
1784 5210 1851 5284 de

245 5270 606 5342 Cmremoniis
638 5270 890 5342 baptismi
931 5272 1126 5329 Carolo
1162 5270 1553 5341 gloriosissimo
1588 5286 1643 5333 et
1681 5280 1854 5336 excel-

246 5341 561 5414 lentissimo
578 5341 824 5414 Augusto
844 5352 1207 5414 nuncupatus,
1232 5342 1386 5413 cujus
1404 5345 1508 5402 hoc
1531 5349 1846 5408 exordium:

251 5432 277 5465 σ
315 5412 546 5485 Domine
583 5413 658 5468 mi
672 5412 1143 5470 Christianissime
1178 5412 1492 5485 imperator,
1523 5418 1750 5476 misistis
1783 5423 1852 5479 ad

245 5482 535 5556 servulum
568 5492 814 5556 vestrum
858 5486 1234 5556 inquisitiones
1254 5482 1572 5544 secundum
1617 5500 1852 5549 vestram

246 5554 694 5611 misericordiam
734 5556 802 5611 de
834 5554 990 5612 sacro
1015 5557 1337 5625 baptismate
1376 5571 1475 5627 per
1497 5560 1742 5619 ordinem
1769 5564 1854 5619 in-

246 5632 625 5702 terrogantes,
641 5646 692 5702 ι
716 5634 821 5690 etc,
856 5642 998 5702 qua;
1023 5627 1267 5702 apprime
1293 5628 1576 5702 superiori
1595 5633 1852 5702 epistolas

249 5697 606 5767 respondent.
637 5696 961 5755 Sirmundus
986 5698 1041 5752 in
1071 5697 1215 5754 notis
1240 5698 1307 5755 ad
1338 5696 1616 5756 Theodulﬁ
1641 5696 1848 5761 librum

1938 3193 2009 3249 ad
2034 3207 2153 3258 nos,
2181 3205 2395 3267 semper
2418 3196 2644 3262 paratus
2673 3204 2731 3246 se
2757 3189 2826 3244 ab
2858 3186 3006 3243 omni
3031 3200 3266 3260 purgare
3296 3186 3528 3242 infideli-

1938 3292 2075 3340 tate.
2131 3283 2302 3351 Quem
2337 3289 2563 3353 propter
2598 3279 3117 3344 reconciliationem,
3157 3293 3266 3332 non
3303 3286 3527 3348 propter

1941 3375 2699 3445 inimicitias,aliquantisper
2735 3373 3056 3430 retinuimns
3107 3371 3248 3442 apud
3283 3384 3403 3425 nos.
3430 3368 3529 3423 llis

1942 3484 2074 3525 vero
2098 3467 2494 3524 contribulibus
2517 3466 2630 3521 suis
2652 3465 2696 3520 si
2722 3478 2912 3536 pacem
2935 3462 3146 3535 precari
3170 3461 3414 3525 valeatis,
3441 3475 3529 3515 re-

1943 3573 2200 3618 maneant
2234 3562 2290 3616 in
2323 3560 2498 3631 patria
2547 3577 2560 3613 :
2611 3559 2694 3614 sin
2735 3573 2865 3613 vero
2902 3556 3088 3613 durius
3116 3556 3182 3611 de
3227 3555 3262 3610 il
3287 3556 3334 3610 is
3362 3553 3530 3609 frater

1943 3668 2097 3709 meus
2120 3650 2463 3722 respondeat,
2498 3648 2618 3704 illos
2637 3648 2705 3704 ad
2737 3663 2835 3703 nos
2876 3647 3133 3703 remittite
3172 3646 3390 3700 illaesos.
3420 3645 3531 3699 Me-

1943 3742 2050 3798 lius
2081 3750 2166 3798 est
2189 3739 2545 3811 peregrinari,
2577 3752 2740 3808 quam
2780 3737 2960 3809 perire
2988 3755 3001 3790 :
3033 3736 3088 3791 in
3118 3735 3291 3790 aliena
3323 3735 3531 3790 servire

1943 3834 2143 3905 patria,
2176 3847 2337 3901 quam
2361 3830 2415 3886 in
2445 3844 2541 3885 sua
2561 3830 2721 3884 mori.
2745 3828 2969 3885 Conﬁdo
2990 3827 3054 3883 de
3071 3827 3313 3883 bonitate
3346 3825 3531 3881 fratris

1946 3927 2076 3991 mei,
2093 3925 2140 3981 si
2156 3923 2353 3980 obnixe
2373 3937 2473 3993 pro
2498 3922 2606 3977 illis
2630 3921 2998 3984 intercedatis,
3017 3930 3077 3975 ut
3100 3919 3329 3991 lenigne
3360 3919 3532 3974 susci-

1945 4019 2060 4090 piat
2086 4033 2181 4074 eos
2200 4032 2300 4088 pro
2323 4024 2508 4071 nostro
2532 4030 2737 4080 amore,
2760 4013 2842 4069 vel
2866 4012 3039 4084 magis
3060 4027 3157 4082 pro
3177 4011 3377 4067 Christi
3401 4012 3530 4066 cha-

1947 4111 2129 4175 ritate,
2165 4109 2256 4179 qui
2281 4106 2419 4162 dixit
2450 4126 2463 4161 :
2497 4106 2775 4170 Dimittitc,
2800 4114 2847 4159 et
2875 4103 3169 4157 dimittetur
3206 4101 3346 4157 vobis
3374 4101 3527 4173 (Luc.

1946 4218 2023 4268 vI,
2046 4201 2158 4274 57).
2176 4198 2603 4257 intercedentem
2624 4214 2725 4270 pro
2744 4196 2900 4254 nobis
2919 4204 3154 4253 vestram
3182 4193 3361 4250 sancti
3386 4201 3531 4249 atem

1949 4296 2130 4353 divina
2159 4294 2333 4379 pietas
2365 4292 2692 4349 incolumem
2723 4290 2993 4348 custodiat
3020 4291 3076 4346 in
3102 4298 3387 4345 aeternum.

2666 4424 3007 4496 potissimum
3034 4424 3301 4496 observat,
3343 4439 3532 4490 unum,

1947 4495 2033 4557 ex'
2048 4511 2281 4572 quatuor
2318 4497 2481 4567 hujus
2503 4496 2634 4572 libri
2665 4495 3082 4572 exemplaribus,
3110 4510 3233 4565 qua:
3262 4495 3316 4572 in
3342 4510 3536 4551 manus

1946 4565 2117 4656 ipsius
2141 4565 2422 4634 venerant,
2446 4570 2551 4650 tria
2574 4582 2694 4624 esse
2716 4583 2839 4694 «vim
2856 4567 2925 4622 ad
2948 4565 3199 4650 Magnum
3222 4567 3534 4650 episcopum

1946 4658 2173 4694 missum
2198 4642 2428 4694 doceant
2466 4639 2681 4694 librum.
2773 4638 3081 4694 irdunense.
3122 4637 3446 4693 Dmonense
3481 4645 3534 4693 et

1944 4637 2173 4699 missum
2198 4642 2428 4698 doceant
2466 4639 2681 4701 librum,
2723 4637 3081 4704 Virdunense,
3122 4637 3446 4693 DiviOnense
3481 4645 3538 4693 et

1946 4714 2266 4772 Vaticanum
2293 4730 2306 4766 :
2334 4718 2391 4766 at
2410 4718 2664 4781 quartum
2691 4709 3018 4767 Corbeiense
3041 4724 3140 4779 pro
3169 4708 3360 4781 Magno
3380 4707 3536 4763 Joan-

1947 4799 2072 4840 nem
2093 4785 2314 4848 habcre,
2340 4779 2445 4837 sed
2461 4782 2734 4844 mendose,
2766 4781 2841 4835 uti
2866 4781 3134 4849 opinatur.
3169 4779 3367 4834 Verum
3401 4794 3538 4849 pace

1948 4855 2137 4925 optimi
2162 4854 2263 4925 viri
2285 4853 2540 4925 existimo
2567 4851 2923 4925 nullumesse
2950 4851 3225 4925 mendum.
3254 4849 3388 4907 Nam
3412 4868 3537 4925 eum

1948 4921 2176 4995 epistola
2204 4924 2382 4981 Caroli
2408 4923 2677 4995 universis
2702 4921 2889 4995 Gallia:
2916 4922 3185 4995 episcopis
3219 4923 3534 4995 transmissa

1949 4991 2129 5060 fuerit,
2157 5011 2267 5051 non
2299 4995 2499 5049 mirum
2539 4994 2586 5048 si
2622 5009 2689 5049 ex
2715 4993 2881 5047 variis
2905 4993 3026 5062 ejus
3050 4991 3333 5061 exemplis,
3369 5007 3536 5049 unum

1949 5066 2145 5136 Magno
2175 5064 2493 5126 Senonensi,
2535 5063 2764 5136 alterum
2793 5062 2986 5119 Joanni
3011 5062 3316 5136 Arelatensi
3355 5064 3537 5119 archi-

1950 5133 2219 5209 episcopis
2236 5136 2495 5209 inscripta
2520 5134 2649 5209 sint.
2669 5133 2913 5209 Alterum
2941 5142 3040 5192 est.
3069 5133 3263 5209 librum
3289 5136 3355 5209 de
3373 5150 3540 5209 sacro

1949 5204 2281 5279 B'aptisinate
2304 5206 2372 5260 ad
2390 5206 2663 5279 Carolum,
2690 5205 2784 5275 qui
2804 5204 2942 5279 liber
2961 5213 3139 5279 exstat
3159 5206 3300 5260 inter
3323 5205 3537 5279 Alcinoi

1951 5276 2146 5351 Opera,
2181 5276 2318 5351 falsa
2346 5276 2678 5351 conjectura,
2707 5276 2853 5346 quod
2879 5277 3037 5332 titulo
3065 5285 3293 5351 careret,
3310 5276 3540 5351 Al_cui_n0

1950 5347 2245 5420 ascriptum
2294 5348 2482 5420 ﬁnisse,
2527 5363 2651 5403 cum
2677 5354 2869 5420 auctor
2905 5361 3092 5420 revera
3134 5347 3205 5402 sit
3232 5347 3540 5420 Amalarius

1951 5418 2236 5494 episcopus
2274 5418 2672 5494 Trevirensis,
2702 5418 2893 5494 inquit
2919 5419 3263 5494 Sir-mundus,
3298 5419 3440 5494 quod
3457 5433 3539 5494 ex

1953 5490 2459 5552 codice’Petaviano
2484 5505 2544 5545 se
2567 5492 2821 5548 didicisse
2844 5491 2942 5546 ait.
2969 5491 3130 5547 Certe
3154 5506 3274 5559 qum
3300 5491 3400 5545 sub
3423 5490 3541 5562 ejus

1951 5566 2074 5623 libri
2114 5562 2277 5620 ﬁnem
2320 5564 2589 5633 leguntur,
2639 5564 2892 5635 episcopo
2931 5570 3100 5629 recte,
3141 5577 3248 5617 non
3280 5577 3409 5619 vero
3443 5562 3537 5618 Ai-

1953 5640 2136 5704 cuino,
2161 5636 2509 5694 conveniunt.
