4092 6188
1336 299 1396 353 Β.
1435 294 1683 353 CABOLI
1724 290 1936 348 MAG-NI
1972 287 2103 346 OPP
2164 284 2346 342 PARS
2381 285 2443 340 ll.
2488 279 2729 341 SECTlO
2768 277 2807 336 i.
3631 275 3740 332 9'58

959 412 1332 473 'IEPlSTOLA
1365 413 1548 468 XXIV.
2075 404 2120 462 Α
2153 406 2208 452 et
2230 397 2511 466 pharetras
2535 402 2656 448 eum
2688 388 2919 462 sagittis,
2952 395 3006 441 ct
3041 385 3095 441 in
3136 383 3309 441 carris
3352 381 3550 473 vestris
3585 393 3747 438 uten-

713 534 778 573 AD
818 471 1097 570 remaneat
1139 522 1382 563 mnam!
1422 513 1791 559 ALTMIENSEI.
2149 487 2268 542 silia
2309 485 2504 539 diversi
2548 481 2780 552 generis,
2815 479 2866 533 id
2897 484 2998 542 est,
3025 474 3307 573 euniaAdas,
3335 481 3391 526 et
3419 471 3747 535 detaturias.

465 608 556 665 Illi
589 607 830 681 prmripit
853 614 914 681 ut
949 619 1064 681 cum
1095 597 1394 681 horninibus
1430 596 1554 649 bene
1591 592 1810 681 armatis
1840 591 1896 644 in
1927 588 2042 642 loco

2196 584 2404 639 iratros,
2431 574 2625 636 ascias,
2667 569 2943 629 fossorios,
2987 566 3136 637 palas
3175 562 3404 627 ferreas,
3450 570 3505 615 et
3547 571 3748 616 caetera

2196 676 2200 681 .
2309 667 2363 681 α..
2535 680 2556 681 η
2603 663 2646 681 θη
2693 663 2901 681 1-4---
2947 664 3067 681 -..κο
3116 669 3306 681 ..ιηυιεη
3347 653 3423 681 ιῖη
3481 651 3748 681 lion-usi“:-

856 651 1060 728 ἷιῖεεὲίέίῖ
1089 651 1387 736 Sturasfurt
1422 672 1740 733 compareat.
2148 667 2421 732 utensilia,
2450 680 2570 734 quae
2603 663 2656 716 in
2693 663 2904 715 hostem
2946 664 3072 712 sunt
3116 653 3448 709 necessaria.
3481 651 3751 706 Utensilia

819 772 916 829 (lix
946 771 1128 831 Hiram,
1155 768 1314 830 Opera
1342 764 1686 828 diplomatica.)
2157 773 2280 815 vero
2305 758 2550 813 ciborum
2576 754 2630 807 in
2657 751 2833 806 carris
2856 749 2922 803 de
2952 748 3044 802 illo
3065 744 3285 816 placito,
3317 758 3373 796 in
3415 741 3755 794 futurum'ad

534 860 778 922 Carolus,
807 854 1184 910 screnissimus
1207 851 1497 920 Augustus,
1529 862 1560 900 a
1592 847 1700 900 Deo
1730 851 2044 906 coronatus,

2196 865 2262 904 es
2283 863 2514 907 menses,
2545 860 2695 898 arma
2713 853 2767 897 et
2789 840 3111 895 vestimenta
3130 837 3196 890 ad
3215 833 3495 890 dimidium
3523 845 3754 884 annum.

468 968 710 1023 magnus,
728 919 1330 1017 Ρέιοίίῖειιενίιηυειῗιῑοη
1348 939 1502 1008 quia
1514 953 1609 1007 Per
1622 934 2047 989 misericordiam
2153 941 2220 995 Et
2244 941 2348 994 hoc
2374 937 2593 991 omnino
2632 932 2980 1004 praecipimus
3009 939 3068 983 ut
3110 929 3399 982 observare
3426 919 3664 1023 faciatis,
3689 928 3754 974 ut

468 1016 672 1099 Dei'rex
689 1016 1016 1095 Francorum
1031 1025 2043 1102 etLangobardorum,Fnlradoabbati.
2154 1047 2280 1088 cum
2312 1032 2452 1085 bona
2499 1042 2631 1098 pace
2681 1023 2921 1095 pergatis
2960 1021 3028 1076 ad
3062 1020 3238 1074 locum
3278 1016 3618 1088 praedictum.
3650 1029 3762 1086 per

538 1134 735 1187 Notum
785 1129 856 1184 sit
893 1128 992 1181 tibi
1037 1125 1160 1195 quia
1201 1123 1455 1192 placitum
1504 1127 1748 1174 nostrum
1799 1114 2053 1186 generale

2196 1135 2534 1188 uamcunque
2565 1127 2774 1189 partem
2801 1115 2952 1184 regni
2990 1113 3160 1167 nostri
3199 1110 3406 1164 itineris
3436 1108 3601 1163 vestri
3635 1123 3762 1162 rec-

462 1240 610 1280 anno
651 1220 902 1294 prtesenti
938 1216 1247 1273 condictum
1285 1214 1547 1268 habemus
1587 1209 1721 1263 infra
1757 1207 2051 1262 Saxoniam

2202 1215 2332 1270 tudo
2353 1228 2448 1267 vos
2478 1212 2555 1265 ire
2583 1208 2790 1270 fecerit,
2829 1207 2934 1261 huc
2959 1213 3063 1268 est,
3104 1211 3164 1256 ut
3201 1209 3402 1272 praeter
3441 1200 3668 1254 herbam
3697 1205 3761 1252 et

468 1318 526 1370 in
562 1312 808 1371 orientali
833 1318 994 1380 parte
1025 1322 1187 1376 super
1213 1305 1431 1358 ﬂuvium
1468 1303 1604 1356 Rota
1633 1302 1687 1354 in
1718 1299 1836 1352 loco
1863 1298 1954 1367 qui
1975 1297 2057 1350 di-

2201 1320 2304 1376 gna
2333 1311 2388 1357 et
2415 1315 2611 1370 aquam
2655 1297 2788 1352 nihil
2815 1297 2880 1352 de
2911 1294 3124 1351 caeteris
3158 1294 3321 1347 rebus
3358 1299 3579 1361 tangere
3615 1303 3738 1358 prae

468 1408 614 1462 citur
642 1401 969 1458 Starasl‘urt.
995 1398 1334 1468 Quapropter
1362 1393 1704 1462 prmcipimns
1727 1390 1822 1443 tibi
1854 1397 1909 1442 ut
1940 1387 2054 1458 ple-

2196 1394 2410 1458 umatis,
2448 1399 2504 1448 et
2550 1386 2973 1456 uniuscujusque
3011 1383 3176 1439 vestri
3218 1382 3468 1437 homines
3494 1395 3599 1434 una
3627 1395 3754 1434 cum

470 1497 618 1550 niter
651 1509 773 1549 cum
801 1489 1116 1546 hominibus
1143 1487 1280 1540 bene
1305 1483 1530 1537 armatis
1558 1496 1621 1535 ac
1649 1478 1965 1549 ρι’ωριιιδίιιίε
1988 1476 2056 1530 ad
2161 1487 2333 1544 carris
2361 1493 2414 1540 et
2435 1481 2740 1540 caballariis
2768 1479 2882 1535 suis
2907 1477 3130 1538 vadant,
3161 1483 3213 1530 et
3254 1487 3468 1542 semper
3509 1487 3632 1525 cmn
3671 1468 3761 1522 eis

469 1585 790 1654 .praadictum
831 1580 1014 1634 lucum
1047 1576 1232 1630 venire
1268 1574 1467 1628 debeas
1506 1585 1583 1624 xu
1626 1568 1743 1622 Kal.
1777 1566 1882 1621 Jul.
1913 1565 2059 1635 quod

2196 1577 2273 1630 int
2302 1589 2472 1644 usque
2495 1573 2562 1627 ad
2593 1571 2769 1626 locum
2801 1568 3143 1639 prmdictum,
3184 1563 3416 1634 qualiter
3443 1555 3762 1634 [quatenus]

477 1652 562 1730 est
593 1683 797 1744 septem
825 1671 1018 1726 diebus
1057 1675 1182 1721 ante
1220 1667 1440 1720 "lissam
1485 1661 1658 1718 εθηεῐί
1691 1658 1916 1715 Joannis
1958 1657 2058 1710 Βει-
2165 1669 2410 1723 absentia
2436 1662 2649 1718 Domini
2679 1661 2854 1715 locum
2882 1674 2986 1713 non
3019 1658 3109 1713 det
3143 1655 3452 1711 nominibus
3477 1652 3592 1723 ejus
3617 1652 3762 1704 mala

476 1769 674 1838 ptistae.
705 1766 782 1818 ita
811 1777 940 1816 vero
977 1767 1310 1831 praeparatus
1345 1771 1467 1811 cum
1505 1751 1816 1810 hominibus
1847 1749 1954 1805 tuis
1993 1749 2060 1803 ad
2090 1777 2096 1838 ς

2196 1756 2418 1812 aciendi.
2457 1755 2600 1808 Bona
2630 1767 2758 1806 vero
2803 1759 2913 1816 tua,
2958 1765 3077 1816 qua:
3109 1747 3175 1801 ad
3221 1746 3478 1816 placitum
3509 1753 3764 1798 nostrum

457 315 558 373 935

472 1857 792 1928 praedictum
838 1853 1019 1908 locum
1068 1850 1266 1913 venies,
1318 1857 1376 1903 ut
1421 1848 1564 1911 inde,
1603 1846 1655 1900 in
1685 1856 2064 1914 quamcunque

479 1956 689 2019 partem
723 1954 902 1999 nostra
939 1939 1102 1997 fuerit
1121 1941 1313 2010 jussio,
1337 1935 1704 1994 cxercitaliter
1744 1934 1824 1989 ire
1866 1933 2062 2004 possis,

478 2040 536 2093 id
558 2046 659 2101 est,
688 2052 812 2091 cum
836 2034 1004 2089 armis
1039 2043 1200 2101 atque
1233 2029 1568 2089 utensilibus,
1605 2040 1706 2080 nec
1741 2040 1847 2079 non
1877 2031 1931 2077 et
1959 2038 2065 2076 ca:-

484 2141 600 2184 tero
636 2129 998 2188 instrumento
1022 2123 1236 2186 bellico,
1269 2121 1322 2174 in
1357 2118 1681 2172 vietualibus
1699 2123 1755 2168 et
1778 2113 2069 2169 vestimen—

478 2223 592 2284 tis,
643 2223 717 2274 ita
765 2227 825 2273 ut
896 2210 1266 2285 unusquisque
1335 2211 1657 2267 cabellarius
1715 2209 1910 2264 habeat
1952 2219 2075 2259 seu-

485 2321 600 2368 tum
630 2321 685 2366 et
707 2311 950 2364 lanceam
986 2319 1041 2364 et
1069 2307 1317 2378 spatham
1354 2313 1409 2359 et
1449 2302 1853 2372 semiSpatham,
1887 2311 2074 2352 arcum

2169 1843 2326 1900 nobis
2349 1849 2680 1912 praesentare
2701 1839 2884 1902 debes,
2908 1839 3063 1891 nobis
3085 1852 3270 1890 mense
3285 1833 3423 1887 Maio
3451 1832 3767 1886 transmitte

2171 1936 2239 1989 ad
2266 1934 2442 1988 locum
2481 1929 2787 1998 ubicunque
2827 1939 2953 1982 tunc
2997 1925 3260 1980 fuerimus
3291 1939 3306 1978 :
3340 1924 3384 1980 si
3421 1923 3560 1977 forte
3604 1922 3771 1982 recti-

2175 2025 2303 2079 ludo
2339 2021 2550 2076 itineris
2578 2020 2652 2074 tui
2686 2021 2758 2074 ita
2799 2034 2856 2074 se
2879 2026 3175 2086 comparet,
3211 2029 3268 2069 tlt
3291 2015 3446 2069 nobis
3484 2030 3580 2084 per
3608 2023 3662 2068 te
3688 2012 3774 2082 ip-

2174 2133 2292 2171 sum
2350 2115 2404 2169 in
2453 2113 2786 2184 profectione
2838 2119 2929 2164 tua
2970 2125 3030 2163 ea
3073 2120 3404 2179 pnusentare
3434 2107 3631 2176 possis,
3665 2106 3776 2160 hoc

2176 2207 2350 2276 magis
2370 2213 2640 2273 optamus.
2680 2203 2814 2256 \‘ide
2850 2209 2908 2255 ut
2937 2200 3137 2254 nullatn
3167 2199 3550 2270 negligentiam
3575 2195 3776 2252 eximie

2176 2298 2401 2361 habeas,
2439 2293 2704 2363 siquidem
2731 2292 2959 2362 gratiam
2987 2299 3228 2346 nostram
3257 2291 3389 2344 velis
3415 2290 3635 2344 habere.

561 2458 584 2486 ο
612 2445 762 2500 lianc
811 2444 1091 2514 epistolam
1113 2442 1284 2514 edidit
1305 2441 1614 2514 Bernartius
1633 2439 1831 2514 _Pezius
1877 2447 2008 2492 tom.
2060 2433 2106 2503 Υ
2140 2430 2342 2487 AnecJ.
2410 2437 2554 2500 part.
2589 2445 2627 2492 I,
2654 2441 2778 2498 pag.
2823 2425 2910 2492 75,
2959 2440 3026 2480 ex
3075 2424 3262 2479 codice
3306 2423 3587 2479 Altahensi
3634 2439 3771 2480 cura

499 2514 792 2571 Hermanni
823 2511 1033 2568 abbatis
1075 2513 1219 2568 circa
1247 2528 1336 2566 an.
1374 2511 1510 2582 1260
1538 2511 1763 2580 scripLO.

497 2643 3777 2679 Μ

983 2718 1503 2842 Appianum
1559 2762 1688 2836 AD
1743 2752 2309 2835 EPISTULAS
2369 2753 2454 2828 B.
2515 2729 2882 2828 CAROLI
2946 2749 3309 2841 MAGNI,

1271 2996 1312 3050 l.

887 3109 982 3165 AD
1017 3105 1350 3164 CAllOLUM
1389 3101 1684 3159 MAGNUM

765 3237 1050 3280 ουιιβειιτι
1089 3234 1485 3276 ABCHIEI‘ISCOI‘I
1526 3231 1826 3272 RESPONSIO.

937 3313 1028 3375 [ει
1056 3311 1235 3362 hlabill.
1270 3311 1382 3360 vet.
1409 3310 1656 3370 Analect.)

573 3401 801 3457 Domino
833 3395 1296 3453 Christianissimo
1339 3403 1394 3449 et
1430 3410 1460 3448 a
1498 3395 1606 3448 Deo
1643 3402 1961 3450 conservato
1986 3394 2088 3448 Ca-

504 3475 642 3536 rolo,
671 3469 1023 3525 invictissime
1041 3475 1203 3535 atque
1223 3466 1467 3535 piissimo
1493 3465 1823 3536 imperatori,
1851 3465 2092 3520 Odilber-

506 3556 594 3598 tus
620 3534 808 3596 servus
837 3534 1129 3594 servorum
1148 3534 1262 3600 Dei,
1293 3545 1494 3590 sanetae
1519 3545 1714 3590 vestrm
1739 3534 2091 3591 Mediolancn-

506 3615 583 3668 sis
613 3610 867 3666 Ecclesia:
897 3608 1334 3675 archiepiscopus
1373 3613 1427 3660 et
1452 3615 1637 3661 orator
1665 3613 1860 3670 vester,
1902 3621 2092 3676 peren-

509 3699 631 3739 nem
662 3683 713 3734 in
741 3681 958 3734 Christo
985 3678 1213 3731 Domino
1237 3677 1486 3730 salutem.

580 3753 746 3820 igitur
773 3754 1046 3820 immensae
1071 3748 1453 3820 omnipotentis
1481 3747 1572 3801 Dei
1601 3747 1769 3820 nostri
1795 3747 2097 3820 misericor-

510 3817 629 3878 dia;
669 3822 785 3875 sine
832 3819 1231 3873 intermissione
1273 3818 1522 3871 omnibus
1574 3818 1730 3872 nobis
1776 3817 2095 3887 peragendae

511 3900 638 3950 sunt
653 3891 857 3962 gratize,
879 3905 1105 3962 quaaivos
1121 3890 1173 3962 iu
1190 3896 1297 3962 tam
1315 3888 1753 3962 sublimissimam
1778 3889 2094 3962 dignitatem

511 3959 793 4019 collocavit
825 3960 1036 4028 imperii
1065 3977 1077 4011 :
1109 3959 1375 4027 simulque
1399 3959 1696 4027 provolutis
1723 3961 1946 4028 genibus
1988 3974 2099 4012 om-

512 4051 611 4089 nes
650 4031 889 4101 ejusdem
927 4029 1301 4101 ltedemptoris
1352 4029 1522 4082 nostri
1555 4028 1938 4101 supplicamus
1985 4029 2096 4082 cle-

515 4098 788 4162 mentium,
817 4109 875 4152 ut
900 4100 1063 4153 vitam
1099 4108 1332 4153 vestram
1362 4108 1522 4168 atque
1554 4098 1976 4168 incolumitatem
2000 4113 2099 4166 per

518 4175 804 4228 multorum
837 4184 1100 4224 annorum
1127 4169 1393 4223 curricula
1425 4167 1492 4222 ad
1526 4167 1822 4236 profectum
1858 4172 2097 4224 omnium

515 4243 862 4299 ecclesiarum
894 4240 1007 4304 Dei,
1033 4239 1147 4293 sive
1177 4248 1231 4292 et
1265 4239 1497 4292 ﬁdelium
1535 4238 1850 4306 populorum
1883 4242 2034 4295 vobis
2067 4256 2097 4295 a

518 4315 627 4368 Deo
643 4312 1053 4367 commissorum
1076 4324 1394 4363 conservare
1411 4310 1677 4376 dignetur,
1703 4312 1826 4377 quia
1851 4311 1903 4362 in
1921 4321 2098 4365 vestra

521 4381 906 4452 tranquillitate
970 4379 1197 4432 salutem
1251 4388 1558 4452 nostrorum
1615 4381 1857 4452 omnium
1910 4382 2099 4436 adesse

520 4449 1066 4521 cognusciruusatque
1080 4458 1343 4521 tenemus,
1360 4450 1451 4518 qui
1469 4465 1566 4501 vos
1576 4449 1988 4505 sollicitudinem
2007 4453 2101 4506 ba-

521 4519 711 4578 bentes
744 4520 1056 4573 orthodoxa:
1099 4519 1222 4572 ﬁdei
1248 4523 1421 4587 magis
1449 4535 1559 4587 pne
1592 4523 1802 4576 czeteris
1826 4521 2094 4586 omnibus,

521 4593 614 4661 qui
667 4598 798 4661 ante
846 4605 942 4644 vos
987 4588 1280 4661 Christiani
1334 4591 1688 4657 imperatores
1737 4591 1790 4644 in
1849 4593 2100 4648 universo

522 4659 725 4716 nmndo
775 4659 992 4714 fuerunt
1051 4659 1333 4714 devotione
1391 4661 1606 4728 quique
1639 4668 1693 4714 et
1750 4662 1929 4716 divino
1987 4663 2101 4722 zelo

523 4731 809 4792 commoti,
843 4730 896 4784 id
928 4735 1012 4801 est
1052 4727 1469 4801 Constantinus,
1505 4727 1854 4786 Theodosius
1901 4732 2098 4801 Major,

526 4803 837 4860 Martianus.
867 4808 922 4855 et
943 4798 1298 4854 Justinianus.
1334 4801 1398 4854 lli
1425 4817 1633 4865 onmes,
1659 4812 1718 4856 ut
1738 4798 2100 4858 Christianum

526 4874 779 4944 pupulum
801 4873 869 4926 ab
893 4871 1038 4944 omni
1067 4872 1267 4944 erroris
1301 4872 1509 4944 macula
1539 4872 1828 4927 liberarent
1849 4875 2106 4929 divinitus

525 4942 794 5012 inspirati,
827 4957 947 5011 qua:
992 4942 1200 5012 Domini
1251 4943 1558 4997 sacerdotes
1604 4944 1968 5010 dilﬁniebant,
2017 4946 2107 5000 illa

526 5011 736 5068 tantum
774 5011 1083 5084 principalis
1123 5013 1418 5084 auctoritas
1447 5015 1820 5068 conﬁrmabat.
1869 5017 2106 5082 Quorum

527 5102 625 5139 vos
652 5084 856 5138 meritis
886 5092 936 5138 et
965 5083 1187 5137 scicntia
1223 5084 1608 5152 pnecellentes,
1656 5086 1821 5140 David
1863 5095 2108 5142 sanctum

530 5158 821 5226 intimates,
852 5155 946 5226 qui
969 5169 1027 5209 se
1051 5168 1149 5221 pro
1175 5156 1353 5222 pepuli
1381 5155 1552 5209 salute
1589 5157 1640 5209 in
1671 5163 1796 5226 typo
1825 5159 1993 5213 nostri
2021 5157 2114 5211 ex;

530 5229 708 5296 lubuit
751 5225 1143 5292 Redemptoris,
1183 5241 1344 5296 cujus
1372 5240 1465 5279 vos
1504 5225 1757 5281 strenuUs
1801 5230 1976 5284 cultor
2016 5242 2115 5296 pro

529 5295 848 5350 credulitate
875 5304 1034 5349 rectae
1073 5295 1197 5350 ﬁdei
1239 5297 1418 5349 divino
1449 5311 1632 5351 amore
1665 5301 1876 5352 accensi
1905 5302 1970 5354 de
2002 5295 2113 5354 Do-

533 5367 681 5439 mino
706 5373 889 5418 nostro
913 5363 1039 5419 Jesu
1066 5365 1281 5439 Christo
1312 5366 1409 5439 Dei
1440 5368 1825 5437 omnipatentis
1856 5369 1993 5425 Filio
2017 5385 2115 5439 per

533 5437 714 5511 omnia
743 5444 798 5489 et
823 5450 984 5511 super
1021 5437 1247 5511 (κιιιιίιι,Δ
1267 5437 1357 5506 qui
1388 5452 1509 5492 cum
1543 5440 1612 5492 sit
1651 5440 1902 5508 splendor
1931 5437 2114 5511 gloria:

535 5513 592 5558 et
639 5506 816 5573 imago
861 5508 1174 5563 substantiae
1201 5507 1318 5576 ejus
1366 5517 1421 5560 et
1467 5506 1846 5566 candor—lueis
1875 5506 2112 5574 :et'ernte,

537 5583 759 5652 propter
798 5576 1017 5652 uiiniam
1063 5579 1382 5652 charitatcm
1411 5593 1515 5646 qua
1541 5579 1728 5652 dilexit
1775 5595 1894 5645 nos,
1920 5589 2116 5636 semet-

543 5645 716 5711 ipsum
741 5645 1054 5710 cxinanivit,
1093 5658 1140 5702 et
1180 5649 1330 5716 juxta
1364 5645 1711 5720 apostolicam
1739 5653 2113 5710 auctoritatem

2192 2989 2274 3044 vel
2323 2995 2518 3043 czrtera
2573 3001 2693 3058 quae
2730 2993 3058 3058 sequuntur,
3089 2987 3334 3042 exhibuit
3359 2988 3457 3043 sibi
3486 2989 3776 3058 gloriosam

2112 3064 2160 3128 ο
2189 3059 2484 3114 Ecclesium
2522 3073 2628 3110 ltuit
2657 3057 2938 3128 habentem
2965 3058 3229 3111 maculam
3255 3067 3347 3112 aut
3373 3057 3590 3127 rugam:
3619 3059 3780 3128 cujus

2189 3130 2442 3200 abluens
2473 3127 2675 3200 peccati
2726 3127 3054 3200 contagium,
3083 3130 3319 3197 pretioso
3367 3132 3628 3200 sanguine
3674 3127 3776 3185 suo

2185 3199 2539 3268 redemptioni
2557 3205 2754 3250 nostra:
2778 3199 3020 3270 tribuens
3044 3209 3400 3263 sacramenta,
3423 3199 3778 3270 etperactum

2187 3270 2502 3338 mysterium
2522 3276 2643 3337 post
2665 3268 3034 3339 ascensionem
3056 3285 3228 3334 suam,
3243 3285 3346 3339 qua
3367 3273 3433 3325 ad
3449 3268 3662 3324 Patrem
3690 3285 3779 3324 as-

2187 3341 2388 3402 cendit,
2407 3339 2697 3409 apostolica
2724 3338 3010 3392 traditione
3032 3355 3130 3395 nos
3152 3338 3456 3403 conﬁrmat,
3473 3357 3635 3409 quam
3651 3340 3774 3395 ﬁdei

2187 3409 2552 3478 integritatem
2592 3408 2858 3463 universis
2895 3410 3143 3479 gentibus
3189 3411 3412 3479 apostoli
3445 3408 3777 3479 praedicave-

2189 3488 2333 3543 runt,
2371 3488 2429 3533 ut
2453 3479 2615 3534 nullis
2644 3488 2925 3533 ventorum
2951 3478 3164 3533 flatibus
3187 3478 3240 3534 ct
3269 3478 3466 3535 ictibus
3489 3483 3779 3536 adversan-

2193 3551 2327 3605 tium
2355 3559 2747 3619 conqnassetur
2763 3549 3000 3603 Ecclesia
3022 3548 3241 3612 Christi,
3263 3552 3354 3604 sed
3383 3551 3434 3604 in
3463 3566 3590 3605 vero
3617 3561 3779 3619 atque

2190 3628 2450 3692 perpetuo
2479 3619 2788 3692 fun'lamine
2822 3621 3185 3692 permanendo
3211 3621 3552 3692 constabilita
3579 3623 3781 3692 persis-

2195 3689 2291 3744 tat.
2324 3691 2414 3746 Sic
2439 3698 2493 3744 et
2517 3707 2617 3745 nos
2641 3689 2943 3744 conﬁrmati
2981 3699 3290 3746 sanctormn
3350 3689 3593 3746 Patr-unt
3619 3691 3780 3761 spiri-

2194 3761 2430 3815 tualibus
2463 3761 2837 3814 instrumentis
2863 3801 2875 3821 ,
2923 3770 2978 3814 et
3013 3762 3344 3815 corroborati
3391 3763 3642 3818 inviolata
3677 3764 3781 3816 ﬁdo

2194 3840 2249 3886 et
2292 3832 2517 3893 illibata,
2552 3833 2618 3884 de
2662 3830 2979 3901 credulitate
3025 3831 3196 3885 Patris
3221 3841 3272 3884 et
3303 3832 3420 3885 Filii
3456 3841 3510 3886 et
3546 3832 3780 3901 Spiritus

2195 3903 2367 3956 sancti
2413 3911 2614 3971 rectam
2651 3900 2808 3954 ﬁdem
2841 3901 3110 3956 credimus
3135 3911 3297 3971 atque
3324 3911 3587 3956 tenemus.

2269 3971 2375 4025 Sed
2425 3970 2551 4041 quid
2611 3971 2858 4040 religioso
2915 3977 3163 4042 convenit
3217 3970 3467 4042 principi,
3518 3982 3577 4027 ut
3619 3987 3783 4040 super

2197 4057 2384 4097 omnes
2401 4043 2597 4110 polleat
2619 4043 2891 4113 adversos,
2918 4041 3020 4094 nisi
3046 4041 3115 4113 de
3139 4041 3292 4096 bonis
3306 4045 3375 4096 sit
3403 4059 3617 4113 sunpcr
3641 4043 3787 4096 solli-

2197 4113 2341 4168 citus
2382 4113 2611 4166 libenter
2647 4111 2935 4179 operibus?
2977 4112 3118 4180 quod
3160 4123 3335 4167 vestra
3367 4111 3575 4166 sinreia
3617 4114 3790 4182 pictas

2199 4199 2410 4238 summo
2429 4182 2768 4250 amplectitur
2792 4182 2987 4246 studio,
3011 4191 3068 4235 ut
3095 4199 3268 4252 neque
3294 4185 3346 4236 in
3371 4184 3608 4252 qualibet
3634 4191 3791 4252 parte

2202 4253 2441 4308 Ecclesia
2489 4253 2582 4305 Dei
2625 4252 2904 4305 vulnerum
2959 4252 3184 4307 maculis
3241 4263 3469 4322 torpeat,
3510 4262 3602 4307 aut
3638 4257 3690 4307 in
3726 4268 3789 4307 ea

2203 4324 2382 4379 sanies
2419 4322 2734 4392 ignorantia:
2765 4324 3056 4392 crescendo
3092 4323 3312 4392 ebulliat
3345 4341 3356 4376 :
3387 4327 3480 4378 sed
3505 4324 3645 4392 quod
3675 4339 3791 4376 mas-

2133 4409 2181 4470 υ
2204 4396 2286 4464 gis
2318 4389 2516 4470 vestris
2558 4391 2898 4470 felicissimis“
2929 4389 3259 4470 temporibus
3309 4389 3647 4470 sacerdotum
3697 4394 3791 4447 Dei

2205 4461 2368 4520 corda
2410 4479 2635 4517 accensa
2675 4461 2742 4516 ad
2783 4462 3198 4516 sollicituuinem
3245 4464 3547 4534 evigilando
3585 4479 3710 4519 vera
3740 4471 3795 4516 et

2206 4543 2354 4590 recta
2393 4534 2634 4588 custodia
2675 4541 3039 4601 perseverent,
3081 4543 3136 4586 et
3174 4549 3268 4588 vos
3304 4549 3401 4602 pro
3446 4535 3579 4587 tanti
3629 4534 3791 4588 vestri

2207 4605 2409 4659 laboris
2431 4604 2726 4657 certamine
2750 4611 2952 4657 aaterna
2981 4605 3201 4672 prmmia
3231 4621 3262 4658 a
3289 4605 3518 4672 Domino
3537 4604 3794 4672 consequi

2209 4674 2453 4729 valeatis.
2487 4673 2591 4728 Sed
2621 4690 2690 4729 ne
2726 4673 2958 4741 aliquem
2989 4683 3232 4728 nostrum
3269 4675 3659 4737 existimemus,
3704 4675 3793 4743 qui

2209 4745 2387 4799 verbis
2409 4743 2584 4812 eloqui
2607 4753 2768 4813 atque
2790 4743 3114 4812 cogitatione
3139 4760 3330 4814 capere
3352 4746 3542 4814 possit,
3567 4754 3620 4797 ut
3646 4749 3796 4814 putet
3869 4763 3871 4765 ‘

2212 4830 2269 4869 se
2299 4814 2480 4868 omnia
2513 4814 2767 4884 mysteria
2797 4814 3036 4885 coelestia
3071 4815 3200 4883 liqui
3227 4831 3272 4868 to
3297 4818 3683 4885 coinpichcnsa
3720 4824 3786 4868 te

2208 4901 2358 4940 nere.
2407 4885 2772 4953 Suscipientcs
2821 4900 2920 4938 nos
2970 4884 3150 4954 itaque
3195 4884 3480 4954 epistulam
3525 4901 3554 4939 a
3597 4886 3796 4954 pietate

2209 4955 2374 5009 vestri
2407 4955 2616 5024 imperii
2657 4955 2811 5008 nobis
2841 4955 3114 5018 emissam,
3144 4972 3247 5024 qua
3275 4957 3511 5024 pet-Iecur
3553 4957 3796 5010 redolen-

2212 5026 2343 5080 tiam
2387 5026 2653 5096 sensimus
2689 5026 2924 5096 nectaris
2971 5025 3484 5080 suavissimi-nimio
3527 5026 3796 5096 fragrante

2213 5097 2397 5160 odore,
2417 5095 2765 5166 multimodas
2790 5095 2900 5166 Deo
2927 5106 3112 5150 nostro
3135 5097 3334 5166 gratias
3359 5095 3674 5161 referentes,
3705 5096 3791 5166 qui

2217 5166 2270 5221 in
2301 5165 2463 5219 corda
2493 5174 2669 5220 vestra
2708 5165 2970 5234 inspirare
3008 5167 3255 5235 dignatus
3279 5176 3362 5220 est
3399 5183 3495 5236 pro
3532 5176 3674 5222 statu
3699 5165 3796 5221 Ec-

2219 5236 2398 5291 clesia:
2439 5252 2550 5290 sua:
2599 5253 2610 5288 ε
2652 5237 2794 5304 quod
2845 5251 2876 5289 ιι
2917 5236 3200 5291 clementia
3239 5246 3416 5291 vestra
3462 5236 3794 5302 commoniti,

2219 5307 2483 5378 rationem
2507 5322 2648 5360 vene
2666 5306 2808 5370 ﬁdei,
2833 5315 2886 5360 et
2912 5322 3136 5375 quzrquc
3159 5321 3255 5376 pcr
3289 5310 3532 5362 ordinem
3559 5309 3797 5378 gerimus

2219 5383 2380 5443 atque
2403 5377 2675 5447 docemus,
2717 5393 2758 5447 a7
2777 5378 2933 5431 nobis
2961 5393 3282 5447 cognoscere
3308 5377 3579 5432 debeatis.
3619 5379 3799 5446 Itaque

2221 5447 2429 5519 ctsﬁigad
2465 5446 2519 5519 id
2553 5449 2696 5515 quod
2731 5446 3046 5519 dominatio"
3068 5460 3244 5503 vestra
3286 5448 3489 5519 ﬂagitat
3529 5449 3739 5517 plenius
3766 5462 3797 5501 ι

2220 5515 2376 5572 nobis
2418 5517 2547 5584 ipsis
2584 5518 2868 5586 nequimus
2892 5532 3161 5590 respousa
3198 5515 3443 5589 proponi,
3473 5515 3684 5589 oportet
3722 5527 3798 5590 ta-

2221 5601 2343 5639 men
2373 5594 2431 5667 ut
2457 5597 2659 5656 quanto
2681 5589 3032 5670 pauperiores
3065 5605 3163 5670 nos
3195 5605 3569 5670 regum-cimus
3602 5604 3720 5643 esse

2221 5657 2420 5712 nostris
2457 5657 2760 5728 responsis,
2789 5668 2938 5716 tanto
2989 5661 3158 5733 magis
3196 5661 3247 5716 in
3268 5657 3570 5730 Scripturis
3603 5659 3804 5715 sanctis
