4092 6188
461 285 566 338 ῡίδ

461 397 874 474 confessionem,
906 402 1014 474 imo
1050 404 1284 474 perfidiae
1333 405 1740 474 professionem,

461 471 654 542 eadem
673 471 886 542 scripsit
915 472 1158 538 epistola,
1190 475 1302 542 ipso
1333 471 1459 541 'ejus
1503 478 1747 531 exordio.
1799 471 2048 532 Reeitant

458 554 582 616 eam
622 538 809 616 Patres
835 541 888 593 in
914 541 1134 616 redditis
1161 538 1224 598 ad
1258 538 1430 613 ipsum
1475 546 1820 616 synodalibus
1853 548 2048 608 litteris

461 609 583 695 istis
608 609 785 695 verbis
819 610 1241 695 at‘lnvenimus
1269 609 1558 695 (inquiunt)
1598 617 1652 670 in
1683 615 1843 695 libelli
1883 618 2046 695 vestri

461 685 726 752 principio
763 685 1040 752 scriptum,
1069 685 1175 749 quo
1215 700 1308 736 vos
1335 685 1608 752 posuistis,
1638 685 1842 739 scilicet
1868 703 1880 738 :
1911 686 2048 740 Con-

463 749 679 803 titemur
721 757 774 801 et
799 750 1066 804 credimus
1114 753 1279 806 Deum
1321 749 1411 809 Dei
1458 754 1651 808 Filium
1699 762 1823 809 ante
1867 757 2044 810 omnia

461 829 724 891 tempora,
753 819 880 891 sine
898 819 1050 873 initio
1077 837 1140 875 ex
1168 821 1326 876 Patre
1351 823 1961 891 genitum,'coaaternum
1993 833 2047 878 et

461 887 1005 963 consubstantialem,
1052 906 1158 963 non
1206 887 1489 960 adoptione
1534 894 1642 963 sed
1672 908 1885 963 genere.
1913 894 2045 949 ltem

454 966 582 1028 post.
604 973 772 1026 pauca
801 958 855 1011 in
886 959 1073 1030 eodem
1115 961 1232 1015 loco
1259 958 1534 1030 legebatur
1562 979 1574 1014 :
1617 958 1948 1016 Confitentur
1993 972 2048 1016 et

460 1027 732 1083 credimus
774 1043 896 1081 eum
923 1027 1124 1099 factum
1151 1048 1216 1085 ex
1255 1027 1496 1095 muliere,
1527 1031 1727 1086 factum
1765 1033 1865 1086 sub
1907 1033 2041 1099 lege,

453 1115 568 1152 non
595 1112 931 1170 genercesse
965 1098 1157 1153 Filium
1199 1103 1311 1166 Dei,
1341 1101 1435 1155 sed
1462 1101 1764 1168 adoptione,
1795 1103 1888 1155 sed
1917 1098 2042 1170 gra-

457 1171 556 1232 tia,
592 1167 745 1221 tete.
798 1167 922 1239 l-liec
965 1178 1089 1221 sunt
1138 1170 1380 1238 Elipandi
1429 1167 1655 1234 venena,
1690 1186 1809 1239 qua:
1857 1167 2045 1225 Pa'tres

457 1245 758 1307 praeparato
786 1238 1045 1308 antidoto,
1078 1252 1146 1291 ne
1179 1241 1263 1292 cui
1301 1248 1520 1308 possent
1565 1238 1771 1303 obesse,
1805 1240 2043 1296 cavenda

459 1311 528 1363 ab
577 1308 826 1362 omnibus
879 1307 1126 1361 docuere.
1195 1307 1316 1362 ista
1352 1309 1566 1377 quidem
1621 1325 1742 1362 eum
1796 1309 2042 1364 Nestorio

459 1380 634 1446 ipsum
683 1377 916 1430 sensisse
947 1376 1036 1446 (ne.
1080 1378 1258 1446 aliquo
1296 1376 1454 1432 modo
1491 1395 1558 1431 ex
1608 1380 1903 1446 ignorantia
1954 1396 2044 1433 ex-

460 1447 636 1500 cusari
663 1447 862 1514 posset)
895 1462 960 1498 ex
1000 1463 1064 1499 eo
1105 1449 1243 1500 haud
1288 1449 1508 1500 dubium
1549 1449 1714 1500 edidit
1760 1463 2042 1513 argumen-

457 1528 605 1577 tum,
655 1516 993 1584 prodiditquc
1040 1517 1247 1582 signum
1299 1517 1517 1569 evidens
1565 1525 1618 1569 et
1663 1516 2039 1580 manifestum,

457 1585 604 1653 quod
641 1583 693 1637 in
732 1583 919 1637 eodem
951 1586 1016 1637 ad
1044 1587 1322 1652 episcopos
1352 1585 1644 1638 Galliarum
1691 1587 1813 1638 dato
1864 1586 2041 1639 libello

459 1657 573 1724 sive
596 1654 791 1724 scripta
807 1654 1057 1724 epistola,
1083 1670 1206 1707 cum
1231 1655 1467 1724 singulos
1490 1655 1802 1707 nominatim
1824 1655 2042 1708 damnat

460 1721 768 1792 ltmreticos,
805 1721 1111 1792 Nestorium
1157 1721 1522 1778 indemnatum
1563 1725 1851 1790 praeteriit,
1880 1739 2040 1792 quem

457 1791 632 1857 primo
651 1791 786 1853 loco,
805 1791 849 1843 si
869 1791 1006 1844 bona
1036 1791 1138 1845 fide
1164 1806 1274 1845 rem
1300 1794 1514 1861 egisset,
1533 1794 1870 1845 nominatum
1893 1794 2037 1846 omni

457 1861 824 1914 exsecratione
839 1867 1000 1928 atque
1016 1861 1387 1925 detestatione,
1407 1863 1695 1924 exsecrari,
1711 1861 1966 1916 detestari
1989 1872 2042 1917 et

452 1929 915 2000 anathematizare
931 1931 1145 2000 penitus
1167 1933 1455 1994 debuisset,
1483 1948 1590 2000 quo
1613 1931 1957 1998 significaret,
1982 1948 2041 1987 se

453 2014 617 2068 quam
657 1998 966 2067 longissime
1000 2001 1066 2053 ab
1091 1999 1207 2068 ejus
1236 1998 1516 2055 sententia
1548 2001 1868 2068 discrepare,
1917 2001 2041 2055 licet

453 2068 631 2123 eidem
668 2069 840 2122 allinis
877 2069 1108 2124 existere
1160 2070 1450 2123 videretur.
1503 2070 1637 2124 Hine
1680 2069 1804 2137 jure
1851 2069 2040 2125 Patres

455 2138 581 2216 dum
610 2139 1006 2216 rescrihuntad
1022 2140 1243 2216 ipsum;
1291 2159 1308 2189 ι
1339 2140 1540 2216 _Nonne
1578 2139 1704 2216 olim
1746 2140 2036 2216 (inquiu_nt)

449 2208 678 2262 heresis
707 2216 885 2262 vestra
925 2209 977 2261 in
1022 2208 1266 2262 Nestorio
1305 2211 1371 2263 ab
1403 2209 1689 2262 universali
1722 2208 1905 2262 sancta
1937 2208 2040 2263 Ec—

455 2278 617 2347 elesia
662 2278 888 2331 refutata
925 2289 1005 2331 est
1057 2280 1217 2331 etiam
1264 2289 1317 2332 et
1365 2280 1650 2332 damnata?
1703 2280 2039 2347 Quapropter

457 2346 594 2401 forte.
649 2348 796 2401 illiilli
865 2349 1318 2401 anathematizare
1379 2348 1644 2410 noluistis,
1699 2346 1832 2401 dum
1881 2346 2032 2412 alios,

458 2418 724 2471 llonosum
752 2419 974 2480 scilicet,
1002 2417 1191 2471 Arium
1229 2427 1282 2472 et
1315 2418 1626 2479 Sabellium,
1659 2417 2038 2471 Manielneum-

456 2504 578 2555 que,
621 2489 711 2556 qui
754 2503 917 2555 prava
950 2490 1015 2540 de
1053 2487 1188 2541 Filio
1233 2489 1324 2542 Dei
1373 2496 1673 2549 senserunt,
1709 2487 1761 2539 in
1813 2487 2034 2555 epistola

455 2558 992 2611 anathematizastis?
1050 2578 1066 2607 ι
1123 2566 1250 2622 ete.,
1304 2559 1556 2611 docentes
1609 2556 1913 2609 Nestorium
1959 2559 2038 2610 id-

451 2629 630 2696 ipsum
669 2628 733 2681 de
761 2625 895 2681 Filio
937 2627 1030 2681 Dei
1058 2627 1273 2682 homine
1297 2627 1457 2689 facto,
1485 2627 1626 2695 quod
1663 2625 1775 2696 ipse
1815 2626 2034 2696 Elipan-

455 2701 571 2754 dus,
604 2698 851 2760 sensisse,
886 2706 942 2751 ut
967 2704 1089 2767 pote
1129 2697 1219 2765 qui
1246 2699 1380 2752 duos
1411 2697 1612 2767 diceret
1643 2695 1780 2748 filios
1814 2695 1926 2767 Dei,
1953 2696 2034 2748 al-

457 2777 628 2821 terunt
656 2769 948 2823 secundum
967 2763 1333 2830 divinitatem,
1367 2763 1658 2820 secundum
1688 2781 1814 2818 vero
1842 2765 2033 2818 huma-

455 2839 678 2891 nitatem
739 2838 967 2891 alterum
1019 2847 1072 2893 et
1116 2837 1474 2906 adoptionem.
1507 2835 1606 2906 Ex
1651 2837 2036 2888 consuetudine

456 2909 597 2962 enim
639 2924 758 2960 cum
793 2909 1178 2977 Illabometanis
1222 2905 1473 2960 didicisse
1504 2905 1575 2958 ita
1607 2905 1880 2977 humiliter
1910 2922 2032 2977 sen-

455 2980 558 3032 tire
583 2977 649 3032 de
674 2977 887 3031 Christo
914 2974 1205 3032 Secundum
1243 2978 1650 3037 humanitatem,
1698 2974 1878 3028 infelix
1924 2975 2033 3028 Eli-

449 3048 662 3116 pandus
700 3049 1067 3112 existimatur;
1118 3047 1373 3102 inducens
1405 3046 1629 3100 fortasse
1676 3046 1728 3116 in
1773 3045 2030 3116 animum,

456 3113 499 3170 Isi
539 3118 638 3171 hoc
666 3116 910 3171 evincere
943 3118 1222 3184 potuisset,
1256 3116 1601 3185 conjungeret
1646 3114 1804 3168 simul
1855 3113 2034 3168 Maho—

445 3196 700 3242 1netauos
727 3194 779 3240 et
815 3187 1147 3240 Christianos
1185 3188 1235 3240 in
1279 3202 1438 3240 unam
1470 3187 1499 3237 ti
1526 3186 1647 3236 lem.

533 3257 612 3310 γι.
660 3254 959 3309 Fraudibus
991 3259 1095 3327 agit
1111 3252 1675 3327 Ellpattdu._s.:—:QllDtl
1702 3253 1918 3321 insuper
1953 3262 2034 3308 ter

451 3328 651 3394 impius
680 3341 790 3379 rem
824 3343 929 3379 non
953 3321 1276 3387 ex'inseitia,
1303 3324 1396 3380 sed
1418 3323 1541 3378 dolo
1573 3321 1712 3394 malo
1738 3330 1938 3392 ageret,
1967 3339 2032 3378 ex

455 3393 715 3450 eo’etiam
755 3395 939 3449 Patres
980 3409 1311 3465 persensere,
1351 3403 1512 3464 atque
1547 3393 1793 3465 erunibus
1831 3394 2035 3461 patefe-

453 3483 594 3529 rere,
621 3467 748 3519 dum
774 3462 1057 3520 citatas'ab
1077 3480 1141 3519 eo
1164 3462 1468 3519 sanctorum
1499 3462 1810 3527 sententias,
1839 3479 1929 3516 eas
1953 3465 2034 3516 vel

451 3553 548 3606 per
588 3538 762 3604 ipsum
804 3536 1121 3606 depravatas
1159 3551 1298 3599 esse,
1344 3535 1517 3606 vel‘in
1552 3548 1773 3606 pravum
1817 3549 2034 3606 sensum

449 3601 618 3675 longe
641 3623 670 3659 a
703 3601 957 3673 germano
990 3605 1383 3674 discrepantem
1421 3603 1677 3675 detortas,
1720 3601 1772 3675 in
1813 3602 2034 3675 redditis

457 3677 523 3728 ad
545 3672 666 3728 eum
708 3672 900 3729 litteris
933 3672 1236 3739 ostendere,
1263 3690 1396 3743 quas
1423 3675 1467 3727 si
1497 3673 1706 3743 legeris,
1735 3673 1845 3743 ipse
1880 3672 2036 3725 intel-

457 3745 604 3814 liges.
652 3745 726 3799 Ita
764 3745 921 3814 plane
959 3761 986 3797 a
1016 3745 1214 3798 sanctis
1241 3741 1490 3798 Patrihus
1527 3742 1660 3814 ipsis
1695 3750 1777 3814 est
1815 3741 2035 3814 demon-

455 3810 683 3867 stratum
722 3810 787 3868 de
817 3815 1099 3868 sententiis
1125 3815 1230 3868 illis
1273 3829 1304 3866 e
1329 3814 1497 3868 sacris
1523 3811 1776 3866 Ecclesiae
1801 3810 2034 3866 doctori-

454 3886 572 3943 bus,
603 3885 671 3938 ab
712 3884 802 3938 illo
826 3885 1023 3947 citatis,
1051 3885 1145 3939 sed
1176 3883 1541 3952 corruptisac
1575 3881 1896 3952 depravatis.
1929 3880 2036 3936 Sed

457 3954 546 4007 ubi
566 3954 632 4007 ab
652 3968 716 4008 eo
737 3955 1013 4009 domestici
1035 3963 1160 4009 sunt
1180 3950 1352 4009 testes
1363 3950 1597 4014 adducti,
1621 3951 1768 4015 dum,
1793 3951 2029 4020 inquam,

455 4037 518 4076 ex
551 4023 820 4078 Toletana:
846 4024 1098 4080 Ecclesia)
1134 4024 1434 4084 ritualibus,
1463 4023 1576 4078 sive
1605 4036 1671 4074 ex
1697 4022 1808 4076 suis
1833 4021 2036 4090 praede-

453 4093 760 4148 t'CSSOl‘lbllS
785 4093 1056 4175 Ioletanis
1083 4093 1722 4175 episcopispomina'tum.
1741 4089 1860 4145 esse
1882 4089 2036 4175 Chri-

454 4173 598 4216 stum
629 4161 923 4217 secundum
952 4159 1170 4218 earnein
1197 4159 1290 4217 Dei
1316 4163 1508 4218 Filium
1546 4161 1851 4228 adoptivum
1893 4159 2033 4213 idem

455 4234 718 4286 asseruit:
747 4232 888 4302 quod
929 4249 1038 4288 non
1076 4243 1220 4287 esset
1264 4233 1318 4302 in
1351 4239 1602 4300 promptu
1626 4229 1884 4302 Pati-ibus
1929 4229 2035 4283 illis

453 4305 650 4357 ritatos
685 4298 947 4371 inspicere
982 4302 1208 4358 Codices
1242 4298 1369 4368 ejus
1393 4298 1600 4371 tantum
1625 4298 1876 4371 Ecclesia:
1910 4313 2034 4371 pro-

455 4374 618 4441 prios,
658 4367 830 4441 neque
867 4387 1181 4427 communes
1212 4367 1462 4426 omnibus
1489 4369 1648 4441 aliis:
1683 4367 2031 4441 iidemnnimis

1341 295 1397 348 Β.
1441 295 1690 351 CAROIJ
1730 298 1943 353 MACNI
1981 299 2131 355 OPP.
2175 302 2352 356 PARS
2390 304 2450 356 ll.
2495 303 2735 360 SECTIO
2775 306 2836 359 ll.

2151 480 2292 552 sedis
2322 480 2610 552 antistites,
2650 483 2702 534 in
2741 485 2853 537 suis
2893 480 3233 552 dogmatibus
3277 490 3348 542 ita
3386 480 3637 546 dixerunt
3673 497 3725 548 in

2131 551 2314 627 inissa
2353 549 2420 602 de
2462 565 2612 627 creua
2653 552 2860 607 Domini
2891 571 2903 605 :
2937 549 3038 627 Qui
3069 571 3180 627 per
3221 560 3455 627 adoptivi
3495 562 3726 621 hominis

2148 620 2482 686 passionem,
2534 619 2660 673 dum
2708 637 2805 674 suo
2843 619 3212 680 non’indulsit
3238 619 3470 688 corpori.
3499 632 3632 686 item
3671 619 3727 688 in

2148 689 2310 742 missa
2343 688 2410 758 de
2432 689 2760 744 Ascensionc
2787 692 2993 746 Domini
3023 711 3037 745 :
3062 693 3232 749 Hodie
3261 688 3508 754 Salvator
3543 714 3726 758 noster

2146 757 2645 838 post-adoptionem
2683 761 2860 838 carnis
2902 764 3372 838 sedem__repetivi_t
3407 757 3657 838 deitatis,
3701 793 3721 825 ι

2146 837 2252 909 etc.
2276 827 2398 880 Haec
2418 828 2761 909 suooinseruit
2779 831 3069 898 Elipandus
3089 827 3266 909 libello
3289 836 3430 902 fidei,
3456 855 3561 893 non
3581 827 3725 909 quod

2148 905 2248 948 ista
2273 905 2557 977 acceperit
2595 912 2660 977 est
2700 913 3050 977 eorum__qt_ios
3085 905 3326 977 nomin_at
3353 905 3613 977 scriptis,
3631 911 3725 965 sed

2146 965 2288 1045 quod
2317 967 2515 1050 scripta
2551 983 2612 1050 ea
2644 968 2697 1050 in
2724 965 3222 1050 niissalif'l‘oletana:
3243 965 3494 1050 Ecclesizé
3520 965 3601 1050 (ut
3613 982 3727 1050 ait)

2147 1035 2202 1088 in
2230 1035 2398 1108 sacris
2422 1036 2783 1108 oblationibus
2811 1039 3023 1108 recitari
3050 1041 3312 1108 solerent;
3343 1045 3435 1099 sed
3461 1035 3537 1100 an‘
3558 1035 3729 1102 fideli;

2145 1112 2247 1167 ter,
2274 1103 2356 1186 vel
2381 1114 2441 1156 ut
2467 1104 2519 1184 in
2543 1105 3058 1186 aliisfraudulenter,
3085 1111 3225 1186 quod
3248 1103 3354 1167 non
3375 1113 3587 1170 adesset
3611 1133 3725 1186 pra:

2145 1174 2394 1256 manibus
2417 1174 2875 1256 qui'esset‘Codex
2916 1174 3295 1256 inspiciendus,
3323 1197 3388 1256 ea
3416 1197 3523 1252 quo
3553 1174 3632 1256 (ιιὶ
3667 1189 3722 1239 in

2145 1242 2296 1320 aliis)_
2314 1240 2454 1295 idem
2478 1240 3098 1320 Elipandusimposltjrae
3127 1240 3370 1306 convinci
3394 1240 3593 1320 possel,
3624 1256 3725 1308 Pa-

2146 1319 2257 1364 tres
2285 1312 2544 1398 tiar-stunc
2565 1312 2886 1398 respondere
2903 1316 3093 1398 :tlkBC
3126 1334 3190 1371 ex
3207 1312 3485 1398 parentum
3514 1312 3722 1377 vestro—

2146 1396 2265 1434 rum
2279 1379 2436 1434 dictis
2456 1379 2729 1449 posuistis,
2748 1384 2806 1458 ut
2827 1385 3166 1458 manifestum
3186 1379 3255 1458 sit
3279 1391 3462 1458 quales
3478 1393 3724 1447 habeatis

2143 1457 2412 1529 parentes,
2441 1458 2709 1529 utnn‘otum
2744 1454 2820 1529 δίε
2835 1456 3084 1529 omnibus
3112 1454 3367 1529 undevos
3394 1461 3574 1514 traditi
3603 1465 3722 1516 sitis

2146 1520 2198 1588 in
2228 1534 2416 1588 manus
2443 1520 2754 1575 infidelium.
2785 1522 2919 1588 Quia
2947 1525 3214 1580 hominem
3237 1528 3507 1583 Christum
3535 1546 3718 1585 verum

2143 1587 2238 1661 Dei
2274 1587 2673 1661 Patris_Filiu_m_
2695 1587 2821 1644 esse
2843 1595 3095 1661 negastis,
3129 1597 3281 1650 vobis
3313 1598 3561 1654 defensor
3601 1615 3722 1654 esse

2144 1658 2334 1720 noluit,
2375 1657 2470 1710 sed
2503 1659 2722 1713 tradidit
2760 1676 2855 1715 vos
2901 1657 2954 1716 in
2993 1657 3183 1718 manus
3217 1665 3552 1723 inimicorum
3593 1687 3716 1724 suo-

2145 1742 2284 1805 rum,
2331 1727 2426 1805 qui
2456 1726 2800 1805 dominentur
2856 1732 3026 1805 vestri
3071 1735 3162 1801 qui
3199 1750 3319 1805 eum
3358 1739 3594 1805 recipere
3625 1757 3720 1794 no-

2145 1795 2378 1849 luerunt.
2414 1817 2430 1846 )
2462 1797 2528 1850 Et
2548 1798 2706 1865 paulo
2723 1809 2850 1921 post
2877 1801 2988 1855 haec
3016 1803 3068 1856 in
3090 1795 3367 1859 eumdem:
3393 1826 3410 1855 ε
3438 1795 3503 1860 Et
3525 1809 3718 1864 melius

2145 1874 2225 1918 est
2266 1866 2573 1920 testimonio
2599 1867 2691 1921 Dci
2764 1873 2896 1921 atris
2932 1873 3150 1921 credere
3183 1874 3249 1921 de
3274 1890 3371 1921 sun
3398 1876 3530 1921 Pitin
3555 1894 3712 1921 mnam

2142 1874 2225 1945 est
2256 1866 2691 1945 _testimonio_Dci
2717 1866 2896 1945 Patris
2932 1873 3150 1945 credere
3183 1874 3249 1926 de
3274 1890 3371 1928 suo
3396 1876 3530 1930 Filio
3555 1894 3712 1945 quam

2142 1935 2388 2013 lltlefonsi
2426 1937 2611 2014 vestri,
2640 1939 2730 2014 qui
2766 1940 2901 1995 tales
2936 1942 3086 2014 vobis
3123 1947 3421 2014 composuit
3446 1935 3634 2014 preces
3663 1949 3716 2001 in

2143 2006 2428 2076 missarum
2465 2006 2758 2076 solemniis,
2795 2025 2930 2076 quas
2965 2006 3284 2066 universalis
3325 2024 3378 2068 et
3415 2006 3596 2069 sancta
3623 2017 3715 2070 Dei

2142 2089 2247 2127 non
2292 2074 2451 2152 habet
2470 2075 2738 2152 Ecclesia,
2779 2074 2876 2133 nec
2922 2095 3014 2152 vos
3049 2081 3101 2133 in
3141 2081 3247 2135 illis
3281 2084 3526 2138 exaudiri
3565 2098 3716 2152 puta-

2141 2159 2280 2196 mus.
2307 2144 2372 2196 Et
2397 2145 2440 2196 si
2468 2144 2760 2201 lldefonsus
2783 2159 2961 2203 vester
2990 2150 3043 2202 in
3069 2153 3403 2208 orationibus
3427 2155 3542 2208 suis
3561 2144 3716 2209 Chri-

2141 2211 2628 2292 stutunadoptivum
2671 2217 2996 2292 nominavit,
3036 2227 3220 2292 noster
3258 2237 3384 2276 vero
3422 2222 3716 2290 Gregorius

2139 2281 2380 2362 pontifex
2407 2283 2660 2362 Romana:
2691 2286 2833 2340 sedis
2865 2288 3199 2362 clarissimus
3229 2299 3344 2345 toto
3374 2293 3503 2346 orbe
3527 2281 3718 2348 doctor

2141 2353 2192 2402 in
2217 2353 2329 2427 suis
2351 2353 2681 2427 orationibus
2705 2371 2914 2427 semper
2935 2374 3057 2410 emn
3085 2360 3414 2427 unigenitum
3439 2364 3715 2417 nominare

2139 2436 2247 2498 non
2285 2421 2562 2498 dubitavit,
2602 2444 2618 2474 ν
2651 2434 2752 2498 etc.
2808 2421 2933 2480 Haec
2972 2421 3205 2491 Patres:
3219 2430 3358 2498 quod
3397 2432 3620 2495 scilicet,
3656 2442 3713 2486 ut

2139 2491 2226 2563 ille
2247 2490 2484 2563 perfidus
2509 2495 2798 2563 asserebat,
2822 2506 3089 2563 putarent,
3118 2490 3181 2552 ea
3207 2490 3468 2553 lldefonso
3495 2490 3714 2556 auctore

2140 2559 2194 2640 in
2220 2561 2388 2640 sacris
2413 2562 2717 2640 missalibus
2739 2559 2863 2617 vere
2889 2565 3009 2640 legi.
3040 2565 3110 2619 At
3132 2570 3390 2640 quisnam,
3414 2570 3575 2624 fuerit
3599 2586 3715 2640 cer-

2140 2636 2228 2710 tus
2265 2637 2320 2682 et
2354 2631 2560 2710 primus
2590 2631 2748 2710 hujus
2785 2631 2985 2688 erroris
3021 2631 3210 2690 auctor
3244 2639 3296 2690 in
3332 2638 3604 2705 Hispania,
3627 2639 3714 2710 7di-

2138 2707 2283 2773 etum
2315 2707 2398 2752 est
2430 2704 2690 2773 superiori
2721 2711 2886 2766 tomo,
2915 2720 3104 2773 nempe
3140 2704 3505 2761 successorem
3539 2709 3596 2761 S.
3623 2709 3716 2764 lsi-

2138 2767 2254 2848 (lori
2293 2767 2823 2848 pseudoepiscopum,
2866 2767 3174 2848 hiereti'cum
3202 2776 3470 2848 hominem
3491 2817 3506 2839 ,
3539 2778 3630 2846 qui
3660 2784 3713 2830 et

2137 2837 2412 2918 depositus
2469 2837 2693 2918 transiit
2748 2843 2802 2895 in
2867 2841 3325 2918 lilahometanatn
3363 2837 3710 2918 impietatem,

2140 2906 2494 2962 'l‘beodiscum
2526 2911 2759 2975 nomine,
2782 2913 2998 2967 natione
3021 2913 3288 2977 Graecum,
3312 2906 3582 2969 hominem
3614 2906 3712 2968 im;

2138 2985 2462 3052 postorem_:
2507 2979 2719 3052 hic,_ut
2753 2981 2956 3052 dictum
2997 2991 3110 3047 est,
3159 2999 3299 3039 anno
3337 2983 3709 3052 Redemptoris

2140 3048 2528 3121 sexcentesimo
2584 3050 2856 3121 trigesimo
2897 3062 3068 3114 sexto,
3107 3053 3315 3121 primus
3361 3055 3412 3106 in
3457 3048 3704 3121 Hispania

2138 3117 2369 3191 asseruit
2406 3117 2678 3191 Christum
2724 3120 2815 3174 Dei
2860 3121 3053 3176 Filium
3098 3117 3215 3177 esse
3259 3117 3569 3191 adoptivum
3615 3123 3708 3176 Dei

2134 3182 2310 3239 Patris
2331 3187 2729 3242 omnipotentis.

2207 3255 2335 3310 Vill.
2377 3255 2438 3310 S.
2475 3255 2773 3326 lldefonsus
2807 3277 2838 3312 a
2869 3259 3131 3314 calumnia
3164 3262 3475 3314 vindicatur.
3501 3289 3574 3301 -—
3597 3259 3711 3315 Cte-

2136 3331 2310 3380 terum
2348 3333 2554 3396 tantum
2598 3328 2749 3381 abest
2796 3337 2854 3381 ut
2910 3330 2966 3382 S.
3004 3330 3299 3385 lldefonsus
3349 3330 3464 3396 ejus
3511 3331 3711 3384 erroris

2135 3403 2381 3468 assertor
2416 3394 2596 3460 fuerit,
2645 3406 2703 3450 ut
2741 3399 2918 3466 potius
2959 3399 3010 3452 in
3061 3402 3172 3454 suis
3219 3394 3454 3468 scriptis,
3508 3398 3711 3454 crebris

2135 3466 2419 3537 sententiis
2443 3473 2694 3537 tanquam
2724 3468 2939 3536 spiculis
2963 3469 3067 3523 tale
3096 3466 3394 3525 monstrum
3421 3485 3562 3537 sa-pe
3586 3484 3711 3523 eon-

2143 3531 2478 3607 feceritLEst
2507 3531 2668 3607 igitur
2694 3531 3040 3605 in’promptu,
3077 3549 3134 3592 ut
3174 3531 3564 3607 impostorisin
3591 3553 3711 3591 eum

2137 3611 2283 3658 tanta
2331 3605 2489 3677 illata
2519 3606 2780 3677 calumnia
2824 3623 2984 3675 quam
3030 3605 3366 3677 apertissime
3411 3609 3707 3676 detegatur,

2136 3687 2234 3746 nec
2260 3673 2757 3746 exdubiisquidem
2785 3673 3042 3746 testibus,
3063 3673 3496 3746 testimoniisque
3520 3673 3711 3731 obseu—

2136 3742 2229 3808 ris,
2265 3743 2357 3798 sed
2391 3743 2625 3816 ejusdem
2666 3744 2912 3800 lldefonsi
2948 3750 3215 3813 germanis
3253 3742 3486 3816 scriptis,
3519 3747 3712 3815 quibus

2137 3814 2446 3883 nonﬂsemel
2487 3813 2707 3868 totidem
2736 3817 2912 3869 verbis
2946 3816 3206 3883 ejusmodi
3233 3813 3711 3872 Nestbrianismum

2136 3881 2493 3956 in__llispaniis
2516 3883 2920 3956 disseminatum
2950 3881 3242 3955 impugnet,
3272 3902 3474 3956 negans
3499 3887 3713 3956 penitus

2135 3951 2329 4006 Filium
2361 3952 2454 4006 Dei
2479 3953 2769 4007 secundum
2797 3951 3145 4012 carnem—diei
3171 3951 3368 4011 debere
3400 3951 3568 4009 filium
3621 3953 3714 4007 ad-

2135 4023 2394 4090 optivum.

2204 4091 2260 4162 ln
2287 4091 2475 4162 primis
2502 4092 2662 4160 igitur
2694 4093 2821 4146 illud
2857 4094 3182 4149 adducamus
3208 4095 3262 4148 in
3289 4095 3544 4157 medium,
3573 4093 3713 4162 quod

2135 4160 2296 4215 habet
2323 4161 2379 4231 in
2413 4161 2548 4231 libro
2571 4163 2634 4216 de
2662 4162 2980 4231 Virginitate
3006 4173 3204 4218 sancta:
3230 4164 3428 4228 Mariaa,
3456 4173 3509 4217 et
3536 4160 3603 4216 ini
3620 4179 3714 4217 ne-

2135 4230 2422 4301 cessariam
2459 4229 2741 4286 deducitur
2767 4229 3215 4300 assumptionem,
3257 4235 3346 4287 ubi
3385 4243 3507 4301 post
3546 4233 3710 4287 multa

2135 4299 2424 4372 secundum
2456 4302 2732 4372 veritatem
2761 4299 3079 4372 catholicam
3106 4299 3405 4372 disputata?
3431 4322 3448 4352 ι
3477 4302 3710 4363 Audisti,

2136 4370 2326 4439 inquit,
2355 4371 2496 4437 quod
2525 4387 2646 4424 cum
2679 4371 2822 4425 aliud
2851 4372 2920 4425 sit
2944 4373 3103 4435 Deus,
3129 4370 3350 4425 et'aliud
3376 4374 3559 4433 homo,
3606 4389 3711 4424 non

455 4426 1054 4510 impostori'eredentes,
1082 4426 1266 4496 eodem
1302 4441 1460 4496 modo
1485 4455 1590 4509 quo
1621 4439 1795 4510 ipsum
1820 4437 2032 4510 Elipan-
2063 4426 2114 4486 D
2138 4426 2326 4510 tamen,
2351 4426 2433 4493 est
2473 4439 2623 4510 alter_
2643 4442 2804 4504 Deus,
2848 4449 2899 4496 et
2942 4426 3293 4503 alter'homo,
3338 4443 3431 4496 sed
3463 4426 3601 4495 unus
3631 4450 3716 4493 est

453 4507 602 4574 dum,
631 4508 744 4577 ejus
767 4525 978 4579 quoque
1011 4521 1137 4565 sunt
1169 4511 1416 4566 detestati
1455 4507 1588 4579 quos
1623 4509 1809 4562 citavit
1830 4507 2033 4579 praede—

454 4594 718 4643 ecssores,
739 4578 1052 4649 Eugenium,
1073 4581 1389 4636 lldefonsum
1417 4588 1470 4633 et
1487 4578 1775 4649 lulianum,
1801 4578 1887 4646 qui
1918 4586 2030 4630 tum

455 4666 521 4702 ex
541 4650 664 4702 vitae
690 4647 994 4713 sanctitate,
1021 4658 1132 4703 tum
1158 4651 1316 4704 etiam
1343 4664 1408 4702 ex
1435 4663 1708 4704 sacrarum
1732 4647 2030 4700 litterarum

455 4718 720 4782 doctrina,
750 4734 1000 4790 magnum
1029 4719 1080 4773 in
1104 4719 1355 4789 Hispania
1385 4734 1577 4774 nomen
1613 4717 1821 4770 fuerant
1846 4733 2034 4771 conse-

456 4790 588 4842 cuti.

529 4858 634 4912 VII.
679 4859 967 4928 Elipandus
996 4859 1313 4913 calumniosc
1341 4875 1462 4911 suos
1487 4857 1886 4928 pratdeccssores
1907 4874 2033 4928 eon-

454 4938 616 4982 sortes
642 4924 833 4980 erroris
858 4929 1037 4982 tradit.
1065 4928 1427 4982 Proscinditur
1452 4924 1644 4996 injuste
1663 4934 1872 4996 sanctus
1896 4924 2033 4978 Νάσ-

458 4997 889 5068 νΙιοηδιιετ-Νθ
919 5013 1044 5052 vero
1053 4997 1186 5067 justi
1223 5013 1344 5052 cum
1388 4995 1550 5065 impio
1589 4995 2030 5068 condemnentur,

457 5063 511 5121 et
545 5067 970 5122 maledictionem
1010 5063 1312 5138 iniquorum
1347 5063 1514 5138 sancti
1549 5063 1874 5138 possideant,
1903 5081 2035 5138 quo-

454 5154 578 5191 rum
619 5139 876 5194 memoria
916 5139 968 5192 in
1003 5136 1373 5194 benedictione
1418 5137 1675 5191 hactenus
1716 5136 1768 5188 in
1797 5136 2033 5190 Ecclesia

459 5207 723 5262 catholica
758 5219 1086 5275 perseverat,
1137 5205 1438 5262 vindicandi
1468 5214 1593 5261 sunt
1630 5207 1719 5261 isti
1759 5205 1810 5259 in
1848 5207 2036 5275 primis

460 5295 490 5331 a
519 5286 664 5330 tanta
703 5275 969 5332 calumnia
1004 5277 1241 5347 Elipandi
1270 5287 1324 5332 et
1361 5275 1606 5347 asynodi
1639 5276 2032 5347 maledictione.

461 5347 530 5402 Ut
551 5356 730 5401 autem
773 5347 884 5417 ipsa
913 5344 1112 5401 veritas
1145 5348 1342 5403 clarius
1364 5344 1650 5410 eluceseat,
1681 5347 1766 5417 hic
1793 5345 1888 5417 tibi
1916 5344 2036 5398 red-

457 5417 630 5488 denda
664 5414 918 5488 putamus
956 5435 1072 5488 quin
1107 5417 1248 5488 idem
1273 5417 1508 5488 perfidus
1528 5414 1817 5488 Elipandus
1852 5415 1903 5468 in
1939 5431 2036 5469 suo

462 5486 639 5540 libello
677 5487 729 5540 in
754 5487 955 5542 Gallias
975 5486 1148 5543 misso
1173 5487 1239 5542 de
1263 5486 1454 5542 iisdem
1492 5495 1574 5540 est
1609 5486 1866 5540 mentitus
1899 5500 2035 5553 prte-

459 5555 831 5627 deecssoribus
855 5577 866 5612 :
899 5561 1239 5627 reperiuntur
1261 5558 1405 5613 enim
1432 5558 1532 5611 ista
1558 5557 1781 5627 repetita
1812 5555 1864 5607 in
1893 5555 2036 5627 litte-

461 5627 541 5700 ris
574 5641 603 5679 a
631 5625 879 5700 Patribus
900 5625 976 5700 es
991 5629 1285 5700 synodolad
1309 5642 1432 5681 eum
1463 5627 1685 5700 redditis
1718 5625 2030 5700 his_verbis:

464 5714 486 5746 ι
510 5693 763 5764 Sequitur
790 5699 846 5755 in
872 5692 1062 5753 eodem
1087 5698 1270 5754 libello
1297 5705 1505 5754 vestro:
1525 5697 1654 5751 Item
1677 5692 2037 5767 pta-decesso-

2135 4509 2393 4562 Dominus
2425 4525 2574 4562 meus
2597 4508 2754 4563 Jesus
2784 4512 3049 4575 Christus,
3078 4511 3217 4564 idem
3247 4511 3386 4565 Deus
3412 4520 3465 4565 et
3493 4513 3706 4566 homo.»

2137 4577 2506 4651 (:S._Iltlefons.
2538 4577 2843 4651 deil’irgin.
2876 4579 2934 4634 S.
2965 4581 3170 4644 Μανίαν,
3203 4597 3251 4634 c.
3283 4581 3359 4651 6.)
3385 4582 3450 4634 Et
3489 4580 3714 4634 inferius

2135 4647 2199 4718 de
2233 4648 2290 4702 S.
2319 4647 2524 4718 Maria:
2561 4668 2576 4696 ι
2616 4649 2690 4702 lta
2716 4647 2768 4702 in
2793 4658 3016 4718 utraque
3039 4659 3229 4703 natura
3257 4647 3422 4704 unum
3445 4665 3710 4718 generatis

2135 4717 2323 4788 filium,
2351 4725 2414 4788 ut
2450 4717 2588 4771 idem
2617 4719 2686 4773 sit
2713 4718 2879 4773 Filius
2907 4717 2997 4774 Dei
3026 4720 3115 4788 qui
3146 4720 3284 4773 filius
3317 4717 3579 4781 hominis;
3613 4735 3710 4771 nec

2134 4787 2268 4841 alter
2283 4787 2351 4840 sit
2367 4787 2504 4842 filius
2520 4789 2751 4842 hominis
2773 4805 2932 4857 quam
2946 4790 3015 4841 sit
3032 4787 3194 4842 Filius
3210 4789 3301 4843 Dei
3317 4790 3477 4856 (Ibid.
3495 4805 3541 4842 c.
3565 4789 3673 4856 ll).
3690 4810 3706 4838 ι

2135 4858 2202 4910 Et
2237 4859 2290 4926 in
2325 4857 2458 4910 libro
2487 4858 2552 4911 de
2588 4867 2842 4926 perpetua
2865 4859 3178 4926 Virginitate
3209 4869 3405 4913 sancta:
3434 4858 3630 4920 Mariae,
3659 4867 3712 4911 et

2134 4926 2200 4979 de
2241 4925 2776 4998 ejuspartm‘itio’ne,
2822 4925 2982 4998 quem
3025 4927 3167 4998 haud
3195 4928 3402 4998 pridem
3435 4929 3490 4981 in
3537 4927 3708 4998 lucem

2134 4997 2300 5051 edidit
2345 4997 2428 5051 vir
2464 4996 2806 5052 doctissimus
2832 4996 3217 5051 Fcuardentius
3252 4997 3529 5065 theologus
3561 4996 3712 5050 Pari-

2135 5068 2345 5131 siensis,
2373 5068 2484 5121 lucc
2507 5069 2632 5121 item
2662 5069 2714 5120 in
2741 5067 2980 5121 eamdem
3005 5069 3322 5120 sententiam
3361 5086 3372 5119 :
3407 5087 3423 5116 ί
3463 5068 3712 5121 Christus

2136 5137 2278 5191 Deus
2315 5153 2584 5205 nunquam
2622 5153 2726 5190 non
2756 5137 2854 5191 fuit
2891 5153 2954 5190 ex
2984 5153 3089 5205 quo
3114 5137 3273 5190 homo
3313 5139 3484 5191 factus
3518 5146 3623 5203 est,
3655 5147 3708 5190 et

2136 5216 2439 5275 assumptus
2469 5207 2518 5259 in
2549 5207 2749 5260 unitate
2774 5223 3013 5276 personat
3044 5221 3255 5274 semper
3287 5207 3480 5260 mansit
3508 5215 3558 5260 et
3586 5221 3712 5275 per-

2138 5286 2316 5330 manet
2351 5292 2508 5330 verus
2537 5277 2675 5330 Deus
2705 5275 2896 5342 hoino;
2933 5293 3037 5330 non
3081 5275 3186 5328 duo
3211 5278 3448 5344 quidem,
3479 5286 3534 5328 ut
3565 5285 3708 5330 esset

2137 5347 2270 5400 alter
2298 5347 2436 5400 Deus
2461 5346 2674 5404 et,alter
2698 5348 2888 5411 homo;
2923 5347 3014 5401 sed
3045 5362 3183 5400 unus
3208 5347 3453 5415 idemque
3480 5347 3619 5399 Deus
3654 5354 3710 5400 et

2137 5417 2316 5470 homo.
2344 5416 2596 5482 Quamvis
2621 5417 2760 5470 enim
2793 5418 2936 5470 aliud
2965 5431 3061 5485 per
3090 5416 3232 5484 quod
3253 5417 3408 5473 Deus,
3439 5417 3580 5469 aliud
3613 5431 3709 5484 per

2101 5499 2104 5503 ‘
2137 5487 2495 5556 quodlbomo,
2533 5487 2586 5541 in
2627 5495 2854 5556 utroque
2893 5495 3068 5556 tamen
3098 5485 3238 5541 Dens
3273 5495 3327 5540 et
3365 5487 3544 5547 homo,
3569 5487 3705 5556 quia

2139 5572 2243 5609 non
2283 5555 2384 5609 fuit
2407 5557 2694 5626 aliquando
2722 5555 2887 5626 purus
2913 5558 3026 5610 sine
3054 5555 3161 5611 Deo
3187 5566 3475 5626 conceptus
3498 5555 3578 5608 vel
3614 5572 3709 5607 na-

2139 5635 2226 5679 tus
2263 5626 2420 5681 homo
2447 5645 2459 5679 :
2489 5627 2582 5681 sed
2607 5627 2730 5695 quia
2755 5635 3041 5695 conceptus
3076 5626 3141 5680 de
3177 5627 3379 5696 Spiritu
3423 5634 3608 5680 sancto
3642 5640 3708 5678 ex

2138 5697 2377 5758 virginea
2434 5711 2613 5764 carne,
2652 5707 2706 5751 et
2747 5708 2904 5752 natus
2936 5697 3094 5751 homo
3137 5712 3300 5752 vere:
3332 5713 3453 5752 mox
3493 5712 3554 5750 ex
3595 5697 3710 5763 ipsa

3623 318 3719 372 9H
3805 339 3808 342 '

1820 425 1943 485 itam
1991 411 2045 464 in
2077 416 2120 471 Λ
2153 413 2446 485 res_nostri
2488 412 2774 485 Eugenius,
2817 414 3137 485 lldefonsus,
3167 416 3426 485 Julianus,
3457 423 3728 480 Toletana:
