  <div class='ocr_page' id='page_1' title='image "/cluster/home/n/w/nwhite01/storage/ocr_20150623/98/hvd.32044054759675/483.png"; bbox 0 0 4092 6188; ppageno 0'>
   <div class='ocr_carea' id='block_1_1' title="bbox 505 297 607 353">
    <p class='ocr_par' dir='ltr' id='par_1_1' title="bbox 505 297 607 353">
     <span class='ocr_line' id='line_1_1' title="bbox 505 297 607 353; baseline 0.059 -9"><span class='ocrx_word' id='word_1_1' title='bbox 505 297 607 353; x_wconf 70' lang='lat' dir='ltr'><strong>95f</strong></span> 
     </span>
    </p>
   </div>
   <div class='ocr_carea' id='block_1_2' title="bbox 1384 296 2876 363">
    <p class='ocr_par' dir='ltr' id='par_1_2' title="bbox 1384 296 2876 363">
     <span class='ocr_line' id='line_1_2' title="bbox 1384 296 2876 363; baseline 0.008 -12"><span class='ocrx_word' id='word_1_2' title='bbox 1384 296 1439 351; x_wconf 89' lang='grc' dir='ltr'><strong>Β.</strong></span> <span class='ocrx_word' id='word_1_3' title='bbox 1479 298 1731 356; x_wconf 75' lang='lat' dir='ltr'><strong>CAROLI</strong></span> <span class='ocrx_word' id='word_1_4' title='bbox 1768 299 1983 356; x_wconf 70' lang='lat' dir='ltr'><strong>MAGNI</strong></span> <span class='ocrx_word' id='word_1_5' title='bbox 2017 301 2168 358; x_wconf 87' lang='lat' dir='ltr'><strong>OPP.</strong></span> <span class='ocrx_word' id='word_1_6' title='bbox 2211 303 2391 359; x_wconf 77' lang='lat' dir='ltr'><strong>PARS</strong></span> <span class='ocrx_word' id='word_1_7' title='bbox 2427 305 2491 359; x_wconf 86' lang='lat' dir='ltr'><strong>II.</strong></span> <span class='ocrx_word' id='word_1_8' title='bbox 2534 304 2775 363; x_wconf 79' lang='lat' dir='ltr'><strong>SECTIO</strong></span> <span class='ocrx_word' id='word_1_9' title='bbox 2811 308 2876 363; x_wconf 86' lang='lat' dir='ltr'><strong>ll.</strong></span> 
     </span>
    </p>
   </div>
   <div class='ocr_carea' id='block_1_3' title="bbox 3651 315 3756 372">
    <p class='ocr_par' dir='ltr' id='par_1_3' title="bbox 3651 315 3756 372">
     <span class='ocr_line' id='line_1_3' title="bbox 3651 315 3756 372; baseline -0.01 0"><span class='ocrx_word' id='word_1_10' title='bbox 3651 315 3756 372; x_wconf 64' lang='lat'><strong>93‘!</strong></span> 
     </span>
    </p>
   </div>
   <div class='ocr_carea' id='block_1_4' title="bbox 507 406 3760 483">
    <p class='ocr_par' dir='ltr' id='par_1_4' title="bbox 507 406 3760 483">
     <span class='ocr_line' id='line_1_4' title="bbox 507 406 3760 483; baseline 0.003 -19"><span class='ocrx_word' id='word_1_11' title='bbox 507 415 736 483; x_wconf 76' lang='lat' dir='ltr'><strong>demque</strong></span> <span class='ocrx_word' id='word_1_12' title='bbox 764 408 821 463; x_wconf 86' lang='lat' dir='ltr'><strong>in</strong></span> <span class='ocrx_word' id='word_1_13' title='bbox 844 423 953 483; x_wconf 79' lang='lat' dir='ltr'><strong>uno</strong></span> <span class='ocrx_word' id='word_1_14' title='bbox 980 407 1149 483; x_wconf 32' lang='lat' dir='ltr'><strong>simul.</strong></span> <span class='ocrx_word' id='word_1_15' title='bbox 1171 406 1432 483; x_wconf 78' lang='lat' dir='ltr'><strong>fasciculo</strong></span> <span class='ocrx_word' id='word_1_16' title='bbox 1457 410 1692 483; x_wconf 84' lang='lat' dir='ltr'><strong>alligata,</strong></span> <span class='ocrx_word' id='word_1_17' title='bbox 1741 413 1863 467; x_wconf 88' lang='lat' dir='ltr'><strong>data</strong></span> <span class='ocrx_word' id='word_1_18' title='bbox 1887 411 2082 468; x_wconf 82' lang='lat' dir='ltr'><strong>Carolo</strong></span> <span class='ocrx_word' id='word_1_19' title='bbox 2110 417 2156 473; x_wconf 79' lang='grc' dir='ltr'><strong>Α</strong></span> <span class='ocrx_word' id='word_1_20' title='bbox 2184 420 2369 468; x_wconf 86' lang='lat' dir='ltr'><strong>curate</strong></span> <span class='ocrx_word' id='word_1_21' title='bbox 2396 415 2692 482; x_wconf 70' lang='lat' dir='ltr'><strong>perspectis</strong></span> <span class='ocrx_word' id='word_1_22' title='bbox 2722 414 2788 469; x_wconf 88' lang='lat' dir='ltr'><strong>iis</strong></span> <span class='ocrx_word' id='word_1_23' title='bbox 2810 430 2929 483; x_wconf 73' lang='lat' dir='ltr'><strong>qua:</strong></span> <span class='ocrx_word' id='word_1_24' title='bbox 2970 415 3023 468; x_wconf 92' lang='lat' dir='ltr'><strong>in</strong></span> <span class='ocrx_word' id='word_1_25' title='bbox 3047 430 3111 470; x_wconf 92' lang='lat' dir='ltr'><strong>eo</strong></span> <span class='ocrx_word' id='word_1_26' title='bbox 3148 425 3327 471; x_wconf 87' lang='lat' dir='ltr'><strong>essent</strong></span> <span class='ocrx_word' id='word_1_27' title='bbox 3365 428 3590 474; x_wconf 85' lang='lat' dir='ltr'><strong>cousuta</strong></span> <span class='ocrx_word' id='word_1_28' title='bbox 3614 438 3760 477; x_wconf 77' lang='lat' dir='ltr'><strong>meu-</strong></span> 
     </span>
    </p>
   </div>
   <div class='ocr_carea' id='block_1_5' title="bbox 506 477 1672 548">
    <p class='ocr_par' dir='ltr' id='par_1_5' title="bbox 506 477 1672 548">
     <span class='ocr_line' id='line_1_5' title="bbox 506 477 1672 548; baseline 0.001 -13"><span class='ocrx_word' id='word_1_29' title='bbox 506 477 729 544; x_wconf 80' lang='lat' dir='ltr'><strong>fuerint,</strong></span> <span class='ocrx_word' id='word_1_30' title='bbox 758 486 815 533; x_wconf 88' lang='lat' dir='ltr'><strong>et</strong></span> <span class='ocrx_word' id='word_1_31' title='bbox 839 479 909 532; x_wconf 84' lang='lat' dir='ltr'><strong>ab</strong></span> <span class='ocrx_word' id='word_1_32' title='bbox 937 479 1053 548; x_wconf 86' lang='lat' dir='ltr'><strong>ipso</strong></span> <span class='ocrx_word' id='word_1_33' title='bbox 1080 477 1242 533; x_wconf 87' lang='lat' dir='ltr'><strong>missa</strong></span> <span class='ocrx_word' id='word_1_34' title='bbox 1266 480 1333 533; x_wconf 89' lang='lat' dir='ltr'><strong>ad</strong></span> <span class='ocrx_word' id='word_1_35' title='bbox 1355 477 1672 536; x_wconf 78' lang='lat' dir='ltr'><strong>Adriauum.</strong></span> 
     </span>
    </p>
   </div>
   <div class='ocr_carea' id='block_1_6' title="bbox 580 549 2084 619">
    <p class='ocr_par' dir='ltr' id='par_1_6' title="bbox 580 549 2084 619">
     <span class='ocr_line' id='line_1_6' title="bbox 580 549 2084 619; baseline 0.001 -16"><span class='ocrx_word' id='word_1_36' title='bbox 580 550 692 604; x_wconf 79' lang='lat' dir='ltr'><strong>Has</strong></span> <span class='ocrx_word' id='word_1_37' title='bbox 717 556 897 619; x_wconf 87' lang='lat' dir='ltr'><strong>autem</strong></span> <span class='ocrx_word' id='word_1_38' title='bbox 921 549 1163 619; x_wconf 88' lang='lat' dir='ltr'><strong>ipsorum</strong></span> <span class='ocrx_word' id='word_1_39' title='bbox 1194 550 1646 619; x_wconf 61' lang='lat' dir='ltr'><strong>contradictiones</strong></span> <span class='ocrx_word' id='word_1_40' title='bbox 1670 566 1792 607; x_wconf 86' lang='lat' dir='ltr'><strong>cum</strong></span> <span class='ocrx_word' id='word_1_41' title='bbox 1816 551 2084 619; x_wconf 81' lang='lat' dir='ltr'><strong>capitulo-</strong></span> 
     </span>
    </p>
   </div>
   <div class='ocr_carea' id='block_1_7' title="bbox 509 617 2084 688">
    <p class='ocr_par' dir='ltr' id='par_1_7' title="bbox 509 617 2084 688">
     <span class='ocr_line' id='line_1_7' title="bbox 509 617 2084 688; baseline 0.001 -14"><span class='ocrx_word' id='word_1_42' title='bbox 509 634 633 675; x_wconf 86' lang='lat' dir='ltr'><strong>rum</strong></span> <span class='ocrx_word' id='word_1_43' title='bbox 651 619 792 675; x_wconf 86' lang='lat' dir='ltr'><strong>serie</strong></span> <span class='ocrx_word' id='word_1_44' title='bbox 809 617 1083 688; x_wconf 59' lang='lat' dir='ltr'><strong>distincth</strong></span> <span class='ocrx_word' id='word_1_45' title='bbox 1104 626 1303 682; x_wconf 86' lang='lat' dir='ltr'><strong>essent,</strong></span> <span class='ocrx_word' id='word_1_46' title='bbox 1340 618 1680 688; x_wconf 88' lang='lat' dir='ltr'><strong>Capitulare,</strong></span> <span class='ocrx_word' id='word_1_47' title='bbox 1712 617 1906 675; x_wconf 84' lang='lat' dir='ltr'><strong>librum</strong></span> <span class='ocrx_word' id='word_1_48' title='bbox 1935 621 2084 675; x_wconf 92' lang='lat' dir='ltr'><strong>illum</strong></span> 
     </span>
    </p>
   </div>
   <div class='ocr_carea' id='block_1_8' title="bbox 509 687 2088 757">
    <p class='ocr_par' dir='ltr' id='par_1_8' title="bbox 509 687 2088 757">
     <span class='ocr_line' id='line_1_8' title="bbox 509 687 2088 757; baseline -0.001 -12"><span class='ocrx_word' id='word_1_49' title='bbox 509 691 651 745; x_wconf 84' lang='lat' dir='ltr'><strong>idem</strong></span> <span class='ocrx_word' id='word_1_50' title='bbox 691 688 934 743; x_wconf 80' lang='lat' dir='ltr'><strong>nominat</strong></span> <span class='ocrx_word' id='word_1_51' title='bbox 958 687 1253 751; x_wconf 78' lang='lat' dir='ltr'><strong>Adrianus,</strong></span> <span class='ocrx_word' id='word_1_52' title='bbox 1276 756 1279 757; x_wconf 17' lang='grc' dir='ltr'><em>ν</em></span> <span class='ocrx_word' id='word_1_53' title='bbox 1303 687 1446 757; x_wconf 90' lang='lat' dir='ltr'><strong>quod</strong></span> <span class='ocrx_word' id='word_1_54' title='bbox 1496 690 1664 744; x_wconf 86' lang='lat' dir='ltr'><strong>multa</strong></span> <span class='ocrx_word' id='word_1_55' title='bbox 1699 692 1961 746; x_wconf 88' lang='lat' dir='ltr'><strong>adversus</strong></span> <span class='ocrx_word' id='word_1_56' title='bbox 1995 689 2088 744; x_wconf 85' lang='lat' dir='ltr'><strong>Ni-</strong></span> 
     </span>
    </p>
   </div>
   <div class='ocr_carea' id='block_1_9' title="bbox 510 756 2087 829">
    <p class='ocr_par' dir='ltr' id='par_1_9' title="bbox 510 756 2087 829">
     <span class='ocr_line' id='line_1_9' title="bbox 510 756 2087 829; baseline -0.001 -15"><span class='ocrx_word' id='word_1_57' title='bbox 510 774 719 815; x_wconf 71' lang='lat' dir='ltr'><strong>ctenum</strong></span> <span class='ocrx_word' id='word_1_58' title='bbox 757 757 1041 829; x_wconf 86' lang='lat' dir='ltr'><strong>concilium</strong></span> <span class='ocrx_word' id='word_1_59' title='bbox 1055 756 1333 829; x_wconf 19' lang='lat' dir='ltr'><strong>#capitul‘a&#39;</strong></span> <span class='ocrx_word' id='word_1_60' title='bbox 1364 759 1692 823; x_wconf 78' lang='lat' dir='ltr'><strong>contineret;</strong></span> <span class='ocrx_word' id='word_1_61' title='bbox 1725 776 1844 829; x_wconf 70' lang='lat' dir='ltr'><strong>qua:</strong></span> <span class='ocrx_word' id='word_1_62' title='bbox 1870 760 2087 828; x_wconf 83' lang='lat' dir='ltr'><strong>quidem</strong></span> 
     </span>
    </p>
   </div>
   <div class='ocr_carea' id='block_1_10' title="bbox 511 825 2086 897">
    <p class='ocr_par' dir='ltr' id='par_1_10' title="bbox 511 825 2086 897">
     <span class='ocr_line' id='line_1_10' title="bbox 511 825 2086 897; baseline -0.001 -14"><span class='ocrx_word' id='word_1_63' title='bbox 511 829 711 897; x_wconf 86' lang='lat' dir='ltr'><strong>scripta</strong></span> <span class='ocrx_word' id='word_1_64' title='bbox 741 828 796 882; x_wconf 89' lang='lat' dir='ltr'><strong>in</strong></span> <span class='ocrx_word' id='word_1_65' title='bbox 816 827 1005 897; x_wconf 76' lang='lat' dir='ltr'><strong>eodem</strong></span> <span class='ocrx_word' id='word_1_66' title='bbox 1054 825 1519 897; x_wconf 28' lang='lat' dir='ltr'><strong>Fra’ncofordieusi</strong></span> <span class='ocrx_word' id='word_1_67' title='bbox 1566 825 1827 894; x_wconf 83' lang='lat' dir='ltr'><strong>concilio,</strong></span> <span class='ocrx_word' id='word_1_68' title='bbox 1876 825 1929 884; x_wconf 78' lang='lat' dir='ltr'><strong>et</strong></span> <span class='ocrx_word' id='word_1_69' title='bbox 1965 835 2086 883; x_wconf 85' lang='lat' dir='ltr'><strong>acta</strong></span> 
     </span>
    </p>
   </div>
   <div class='ocr_carea' id='block_1_11' title="bbox 510 892 2087 967">
    <p class='ocr_par' dir='ltr' id='par_1_11' title="bbox 510 892 2087 967">
     <span class='ocr_line' id='line_1_11' title="bbox 510 892 2087 967; baseline 0 -15"><span class='ocrx_word' id='word_1_70' title='bbox 510 892 786 967; x_wconf 70' lang='lat' dir='ltr'><strong>continere</strong></span> <span class='ocrx_word' id='word_1_71' title='bbox 809 894 1044 963; x_wconf 84' lang='lat' dir='ltr'><strong>ejusdem</strong></span> <span class='ocrx_word' id='word_1_72' title='bbox 1071 892 1281 951; x_wconf 87' lang='lat' dir='ltr'><strong>concilii</strong></span> <span class='ocrx_word' id='word_1_73' title='bbox 1302 892 1819 967; x_wconf 66' lang='lat' dir='ltr'><strong>Francofordicnsis,</strong></span> <span class='ocrx_word' id='word_1_74' title='bbox 1833 901 1975 955; x_wconf 88' lang='lat' dir='ltr'><strong>idem</strong></span> <span class='ocrx_word' id='word_1_75' title='bbox 1995 899 2087 967; x_wconf 90' lang='lat' dir='ltr'><strong>qui</strong></span> 
     </span>
    </p>
   </div>
   <div class='ocr_carea' id='block_1_12' title="bbox 511 965 2090 1038">
    <p class='ocr_par' dir='ltr' id='par_1_12' title="bbox 511 965 2090 1038">
     <span class='ocr_line' id='line_1_12' title="bbox 511 965 2090 1038; baseline -0.001 -16"><span class='ocrx_word' id='word_1_76' title='bbox 511 981 674 1038; x_wconf 87' lang='lat' dir='ltr'><strong>supra</strong></span> <span class='ocrx_word' id='word_1_77' title='bbox 719 966 1040 1038; x_wconf 70' lang='lat' dir='ltr'><strong>llincuiarus</strong></span> <span class='ocrx_word' id='word_1_78' title='bbox 1083 967 1307 1038; x_wconf 82' lang='lat' dir='ltr'><strong>asserit,</strong></span> <span class='ocrx_word' id='word_1_79' title='bbox 1338 965 1579 1038; x_wconf 77' lang='lat' dir='ltr'><strong>ejusdem</strong></span> <span class='ocrx_word' id='word_1_80' title='bbox 1621 967 1790 1038; x_wconf 85' lang='lat' dir='ltr'><strong>ferme</strong></span> <span class='ocrx_word' id='word_1_81' title='bbox 1831 965 2090 1035; x_wconf 74' lang='lat' dir='ltr'><strong>temporis</strong></span> 
     </span>
    </p>
   </div>
   <div class='ocr_carea' id='block_1_13' title="bbox 513 1036 2089 1105">
    <p class='ocr_par' dir='ltr' id='par_1_13' title="bbox 513 1036 2089 1105">
     <span class='ocr_line' id='line_1_13' title="bbox 513 1036 2089 1105; baseline -0.001 -13"><span class='ocrx_word' id='word_1_82' title='bbox 513 1036 767 1105; x_wconf 76' lang='lat' dir='ltr'><strong>scriptor,</strong></span> <span class='ocrx_word' id='word_1_83' title='bbox 795 1042 854 1088; x_wconf 87' lang='lat' dir='ltr'><strong>ut</strong></span> <span class='ocrx_word' id='word_1_84' title='bbox 882 1036 946 1090; x_wconf 88' lang='lat' dir='ltr'><strong>de</strong></span> <span class='ocrx_word' id='word_1_85' title='bbox 969 1036 1056 1090; x_wconf 90' lang='lat' dir='ltr'><strong>his</strong></span> <span class='ocrx_word' id='word_1_86' title='bbox 1081 1050 1189 1089; x_wconf 85' lang='lat' dir='ltr'><strong>non</strong></span> <span class='ocrx_word' id='word_1_87' title='bbox 1219 1036 1288 1089; x_wconf 85' lang='lat' dir='ltr'><strong>sit</strong></span> <span class='ocrx_word' id='word_1_88' title='bbox 1325 1037 1696 1091; x_wconf 81' lang='lat' dir='ltr'><strong>dubitandum.</strong></span> <span class='ocrx_word' id='word_1_89' title='bbox 1727 1037 1828 1104; x_wconf 85' lang='lat' dir='ltr'><strong>Qui</strong></span> <span class='ocrx_word' id='word_1_90' title='bbox 1854 1038 1999 1092; x_wconf 89' lang='lat' dir='ltr'><strong>enim</strong></span> <span class='ocrx_word' id='word_1_91' title='bbox 2024 1052 2089 1091; x_wconf 87' lang='lat' dir='ltr'><strong>ea</strong></span> 
     </span>
    </p>
   </div>
   <div class='ocr_carea' id='block_1_14' title="bbox 512 1105 2089 1176">
    <p class='ocr_par' dir='ltr' id='par_1_14' title="bbox 512 1105 2089 1176">
     <span class='ocr_line' id='line_1_14' title="bbox 512 1105 2089 1176; baseline 0.001 -16"><span class='ocrx_word' id='word_1_92' title='bbox 512 1107 787 1176; x_wconf 79' lang='lat' dir='ltr'><strong>prurigine</strong></span> <span class='ocrx_word' id='word_1_93' title='bbox 812 1105 1157 1176; x_wconf 70' lang='lat' dir='ltr'><strong>laborarunt,</strong></span> <span class='ocrx_word' id='word_1_94' title='bbox 1182 1111 1243 1159; x_wconf 89' lang='lat' dir='ltr'><strong>ut</strong></span> <span class='ocrx_word' id='word_1_95' title='bbox 1266 1120 1387 1174; x_wconf 70' lang='lat' dir='ltr'><strong>qua:</strong></span> <span class='ocrx_word' id='word_1_96' title='bbox 1413 1114 1612 1161; x_wconf 89' lang='lat' dir='ltr'><strong>statuta</strong></span> <span class='ocrx_word' id='word_1_97' title='bbox 1640 1116 1823 1162; x_wconf 83' lang='lat' dir='ltr'><strong>essent</strong></span> <span class='ocrx_word' id='word_1_98' title='bbox 1866 1109 1924 1160; x_wconf 89' lang='lat' dir='ltr'><strong>in</strong></span> <span class='ocrx_word' id='word_1_99' title='bbox 1945 1109 2089 1162; x_wconf 87' lang='lat' dir='ltr'><strong>dicto</strong></span> 
     </span>
    </p>
   </div>
   <div class='ocr_carea' id='block_1_15' title="bbox 512 1173 2090 1246">
    <p class='ocr_par' dir='ltr' id='par_1_15' title="bbox 512 1173 2090 1246">
     <span class='ocr_line' id='line_1_15' title="bbox 512 1173 2090 1246; baseline 0.001 -17"><span class='ocrx_word' id='word_1_100' title='bbox 512 1173 731 1231; x_wconf 60' lang='lat' dir='ltr'><strong>Niczcno</strong></span> <span class='ocrx_word' id='word_1_101' title='bbox 751 1173 978 1246; x_wconf 87' lang='lat' dir='ltr'><strong>concilio</strong></span> <span class='ocrx_word' id='word_1_102' title='bbox 989 1173 1351 1246; x_wconf 81' lang='lat' dir='ltr'><strong>dissolverent</strong></span> <span class='ocrx_word' id='word_1_103' title='bbox 1367 1215 1381 1237; x_wconf 94' lang='lat'><strong>,</strong></span> <span class='ocrx_word' id='word_1_104' title='bbox 1421 1192 1484 1230; x_wconf 88' lang='lat' dir='ltr'><strong>ea</strong></span> <span class='ocrx_word' id='word_1_105' title='bbox 1511 1192 1753 1231; x_wconf 79' lang='lat' dir='ltr'><strong>seorsum</strong></span> <span class='ocrx_word' id='word_1_106' title='bbox 1776 1177 1970 1246; x_wconf 80' lang='lat' dir='ltr'><strong>singuli</strong></span> <span class='ocrx_word' id='word_1_107' title='bbox 1995 1192 2090 1231; x_wconf 89' lang='lat' dir='ltr'><strong>eo—</strong></span> 
     </span>
    </p>
   </div>
   <div class='ocr_carea' id='block_1_16' title="bbox 516 1244 2092 1314">
    <p class='ocr_par' dir='ltr' id='par_1_16' title="bbox 516 1244 2092 1314">
     <span class='ocr_line' id='line_1_16' title="bbox 516 1244 2092 1314; baseline 0.001 -15"><span class='ocrx_word' id='word_1_108' title='bbox 516 1259 633 1314; x_wconf 78' lang='lat' dir='ltr'><strong>rum</strong></span> <span class='ocrx_word' id='word_1_109' title='bbox 664 1246 925 1314; x_wconf 86' lang='lat' dir='ltr'><strong>adversus</strong></span> <span class='ocrx_word' id='word_1_110' title='bbox 949 1244 1088 1298; x_wconf 88' lang='lat' dir='ltr'><strong>idem</strong></span> <span class='ocrx_word' id='word_1_111' title='bbox 1129 1244 1414 1299; x_wconf 88' lang='lat' dir='ltr'><strong>concilium</strong></span> <span class='ocrx_word' id='word_1_112' title='bbox 1439 1246 1837 1314; x_wconf 88' lang='lat' dir='ltr'><strong>conscripsere,</strong></span> <span class='ocrx_word' id='word_1_113' title='bbox 1865 1244 1984 1314; x_wconf 67' lang='lat' dir='ltr'><strong>quae</strong></span> <span class='ocrx_word' id='word_1_114' title='bbox 2023 1247 2092 1301; x_wconf 90' lang='lat' dir='ltr'><strong>ab</strong></span> 
     </span>
    </p>
   </div>
   <div class='ocr_carea' id='block_1_17' title="bbox 514 1313 2093 1383">
    <p class='ocr_par' dir='ltr' id='par_1_17' title="bbox 514 1313 2093 1383">
     <span class='ocr_line' id='line_1_17' title="bbox 514 1313 2093 1383; baseline 0 -15"><span class='ocrx_word' id='word_1_115' title='bbox 514 1313 621 1370; x_wconf 74' lang='lat' dir='ltr'><strong>illis</strong></span> <span class='ocrx_word' id='word_1_116' title='bbox 641 1313 866 1382; x_wconf 80' lang='lat' dir='ltr'><strong>singulis</strong></span> <span class='ocrx_word' id='word_1_117' title='bbox 889 1314 1565 1383; x_wconf 85' lang='lat' dir='ltr'><strong>contradictoribusoblata</strong></span> <span class='ocrx_word' id='word_1_118' title='bbox 1585 1313 1801 1369; x_wconf 84' lang='lat' dir='ltr'><strong>fuerunt</strong></span> <span class='ocrx_word' id='word_1_119' title='bbox 1815 1313 1913 1383; x_wconf 87' lang='lat' dir='ltr'><strong>ipsi</strong></span> <span class='ocrx_word' id='word_1_120' title='bbox 1930 1315 2093 1369; x_wconf 83' lang='lat' dir='ltr'><strong>Fran-</strong></span> 
     </span>
    </p>
   </div>
   <div class='ocr_carea' id='block_1_18' title="bbox 513 1382 2094 1453">
    <p class='ocr_par' dir='ltr' id='par_1_18' title="bbox 513 1382 2094 1453">
     <span class='ocr_line' id='line_1_18' title="bbox 513 1382 2094 1453; baseline -0.001 -14"><span class='ocrx_word' id='word_1_121' title='bbox 513 1383 834 1439; x_wconf 85' lang='lat' dir='ltr'><strong>cofordiensi</strong></span> <span class='ocrx_word' id='word_1_122' title='bbox 860 1382 1108 1438; x_wconf 89' lang='lat' dir='ltr'><strong>concilio.</strong></span> <span class='ocrx_word' id='word_1_123' title='bbox 1136 1382 1214 1453; x_wconf 65' lang='lat' dir='ltr'><strong>Ex</strong></span> <span class='ocrx_word' id='word_1_124' title='bbox 1230 1383 1326 1453; x_wconf 78' lang='lat' dir='ltr'><strong>bis</strong></span> <span class='ocrx_word' id='word_1_125' title='bbox 1349 1393 1526 1438; x_wconf 90' lang='lat' dir='ltr'><strong>autem</strong></span> <span class='ocrx_word' id='word_1_126' title='bbox 1551 1399 1670 1438; x_wconf 87' lang='lat' dir='ltr'><strong>esse</strong></span> <span class='ocrx_word' id='word_1_127' title='bbox 1693 1382 1968 1453; x_wconf 78' lang='lat' dir='ltr'><strong>permotos</strong></span> <span class='ocrx_word' id='word_1_128' title='bbox 1982 1384 2094 1453; x_wconf 91' lang='lat' dir='ltr'><strong>epi-</strong></span> 
     </span>
    </p>
   </div>
   <div class='ocr_carea' id='block_1_19' title="bbox 512 1451 2095 1522">
    <p class='ocr_par' dir='ltr' id='par_1_19' title="bbox 512 1451 2095 1522">
     <span class='ocr_line' id='line_1_19' title="bbox 512 1451 2095 1522; baseline -0.001 -13"><span class='ocrx_word' id='word_1_129' title='bbox 512 1468 725 1522; x_wconf 87' lang='lat' dir='ltr'><strong>scopos,</strong></span> <span class='ocrx_word' id='word_1_130' title='bbox 757 1463 817 1507; x_wconf 90' lang='lat' dir='ltr'><strong>ut</strong></span> <span class='ocrx_word' id='word_1_131' title='bbox 839 1456 1156 1507; x_wconf 82' lang='lat' dir='ltr'><strong>damnarent</strong></span> <span class='ocrx_word' id='word_1_132' title='bbox 1199 1451 1474 1506; x_wconf 63' lang='lat' dir='ltr'><strong>Niczenum</strong></span> <span class='ocrx_word' id='word_1_133' title='bbox 1510 1451 1817 1522; x_wconf 82' lang='lat' dir='ltr'><strong>concilium,</strong></span> <span class='ocrx_word' id='word_1_134' title='bbox 1849 1469 1915 1507; x_wconf 75' lang='lat' dir='ltr'><strong>ex</strong></span> <span class='ocrx_word' id='word_1_135' title='bbox 1940 1451 2095 1508; x_wconf 51' lang='lat' dir='ltr'><strong>eo&#39;li-</strong></span> 
     </span>
    </p>
   </div>
   <div class='ocr_carea' id='block_1_20' title="bbox 514 1521 2096 1593">
    <p class='ocr_par' dir='ltr' id='par_1_20' title="bbox 514 1521 2096 1593">
     <span class='ocr_line' id='line_1_20' title="bbox 514 1521 2096 1593; baseline -0.001 -16"><span class='ocrx_word' id='word_1_136' title='bbox 514 1521 645 1593; x_wconf 15' lang='lat' dir='ltr'><strong>quiet</strong></span> <span class='ocrx_word' id='word_1_137' title='bbox 672 1524 813 1591; x_wconf 89' lang='lat' dir='ltr'><strong>quod</strong></span> <span class='ocrx_word' id='word_1_138' title='bbox 840 1522 1081 1593; x_wconf 80' lang='lat' dir='ltr'><strong>cxfalsis</strong></span> <span class='ocrx_word' id='word_1_139' title='bbox 1105 1521 1342 1590; x_wconf 90' lang='lat' dir='ltr'><strong>ipsorum</strong></span> <span class='ocrx_word' id='word_1_140' title='bbox 1360 1521 1750 1593; x_wconf 74' lang='lat' dir='ltr'><strong>assertionibus</strong></span> <span class='ocrx_word' id='word_1_141' title='bbox 1775 1523 1874 1591; x_wconf 87' lang='lat' dir='ltr'><strong>ipsi</strong></span> <span class='ocrx_word' id='word_1_142' title='bbox 1890 1525 2096 1592; x_wconf 88' lang='lat' dir='ltr'><strong>pariter</strong></span> 
     </span>
    </p>
   </div>
   <div class='ocr_carea' id='block_1_21' title="bbox 515 1591 2095 1654">
    <p class='ocr_par' dir='ltr' id='par_1_21' title="bbox 515 1591 2095 1654">
     <span class='ocr_line' id='line_1_21' title="bbox 515 1591 2095 1654; baseline 0 -7"><span class='ocrx_word' id='word_1_143' title='bbox 515 1591 871 1654; x_wconf 77' lang='lat' dir='ltr'><strong>allirmarunt,</strong></span> <span class='ocrx_word' id='word_1_144' title='bbox 911 1591 1112 1646; x_wconf 89' lang='lat' dir='ltr'><strong>idcirco</strong></span> <span class='ocrx_word' id='word_1_145' title='bbox 1139 1593 1499 1645; x_wconf 85' lang='lat' dir='ltr'><strong>damnandum</strong></span> <span class='ocrx_word' id='word_1_146' title='bbox 1524 1607 1642 1646; x_wconf 84' lang='lat' dir='ltr'><strong>esse</strong></span> <span class='ocrx_word' id='word_1_147' title='bbox 1672 1591 1946 1647; x_wconf 72' lang='lat' dir='ltr'><strong>Niczenum</strong></span> <span class='ocrx_word' id='word_1_148' title='bbox 1973 1608 2095 1647; x_wconf 87' lang='lat' dir='ltr'><strong>con-</strong></span> 
     </span>
    </p>
   </div>
   <div class='ocr_carea' id='block_1_22' title="bbox 516 1659 2096 1729">
    <p class='ocr_par' dir='ltr' id='par_1_22' title="bbox 516 1659 2096 1729">
     <span class='ocr_line' id='line_1_22' title="bbox 516 1659 2096 1729; baseline -0.001 -13"><span class='ocrx_word' id='word_1_149' title='bbox 516 1661 722 1723; x_wconf 88' lang='lat' dir='ltr'><strong>cilium,</strong></span> <span class='ocrx_word' id='word_1_150' title='bbox 750 1662 892 1729; x_wconf 90' lang='lat' dir='ltr'><strong>quod</strong></span> <span class='ocrx_word' id='word_1_151' title='bbox 919 1659 1120 1714; x_wconf 89' lang='lat' dir='ltr'><strong>cultum</strong></span> <span class='ocrx_word' id='word_1_152' title='bbox 1147 1661 1318 1714; x_wconf 76' lang='lat' dir='ltr'><strong>latria:</strong></span> <span class='ocrx_word' id='word_1_153' title='bbox 1345 1661 1434 1715; x_wconf 88' lang='lat' dir='ltr'><strong>uni</strong></span> <span class='ocrx_word' id='word_1_154' title='bbox 1456 1661 1569 1716; x_wconf 84' lang='lat' dir='ltr'><strong>Deo</strong></span> <span class='ocrx_word' id='word_1_155' title='bbox 1598 1662 1835 1716; x_wconf 88' lang='lat' dir='ltr'><strong>debitum</strong></span> <span class='ocrx_word' id='word_1_156' title='bbox 1862 1662 2096 1718; x_wconf 82' lang='lat' dir='ltr'><strong>tribuen-</strong></span> 
     </span>
    </p>
   </div>
   <div class='ocr_carea' id='block_1_23' title="bbox 2186 482 3757 545">
    <p class='ocr_par' dir='ltr' id='par_1_23' title="bbox 2186 482 3757 545">
     <span class='ocr_line' id='line_1_23' title="bbox 2186 482 3757 545; baseline 0.004 -6"><span class='ocrx_word' id='word_1_157' title='bbox 2186 484 2371 545; x_wconf 85' lang='lat' dir='ltr'><strong>dacia,</strong></span> <span class='ocrx_word' id='word_1_158' title='bbox 2409 484 2745 538; x_wconf 88' lang='lat' dir='ltr'><strong>conclamata</strong></span> <span class='ocrx_word' id='word_1_159' title='bbox 2794 482 2955 539; x_wconf 85' lang='lat' dir='ltr'><strong>fuerit</strong></span> <span class='ocrx_word' id='word_1_160' title='bbox 2997 485 3051 538; x_wconf 91' lang='lat' dir='ltr'><strong>in</strong></span> <span class='ocrx_word' id='word_1_161' title='bbox 3080 487 3269 539; x_wconf 85' lang='lat' dir='ltr'><strong>eodem</strong></span> <span class='ocrx_word' id='word_1_162' title='bbox 3290 486 3757 545; x_wconf 82' lang='lat' dir='ltr'><strong>Francofordiensi</strong></span> 
     </span>
    </p>
   </div>
   <div class='ocr_carea' id='block_1_24' title="bbox 2185 553 3761 626">
    <p class='ocr_par' dir='ltr' id='par_1_24' title="bbox 2185 553 3761 626">
     <span class='ocr_line' id='line_1_24' title="bbox 2185 553 3761 626; baseline 0.004 -18"><span class='ocrx_word' id='word_1_163' title='bbox 2185 553 2413 608; x_wconf 88' lang='lat' dir='ltr'><strong>concilio</strong></span> <span class='ocrx_word' id='word_1_164' title='bbox 2441 553 2980 626; x_wconf 68' lang='lat' dir='ltr'><strong>damnatioseptiina:</strong></span> <span class='ocrx_word' id='word_1_165' title='bbox 3004 556 3192 626; x_wconf 82' lang='lat' dir='ltr'><strong>synodi</strong></span> <span class='ocrx_word' id='word_1_166' title='bbox 3220 555 3565 626; x_wconf 81' lang='lat' dir='ltr'><strong>ejusdemque</strong></span> <span class='ocrx_word' id='word_1_167' title='bbox 3590 559 3761 614; x_wconf 66' lang='lat' dir='ltr'><strong>Nicae-</strong></span> 
     </span>
    </p>
   </div>
   <div class='ocr_carea' id='block_1_25' title="bbox 2184 621 3759 696">
    <p class='ocr_par' dir='ltr' id='par_1_25' title="bbox 2184 621 3759 696">
     <span class='ocr_line' id='line_1_25' title="bbox 2184 621 3759 696; baseline 0.004 -20"><span class='ocrx_word' id='word_1_168' title='bbox 2184 638 2272 696; x_wconf 60' lang='grc' dir='ltr'><strong>ηαξ</strong></span> <span class='ocrx_word' id='word_1_169' title='bbox 2296 621 2573 686; x_wconf 64' lang='lat' dir='ltr'><strong>secundae;</strong></span> <span class='ocrx_word' id='word_1_170' title='bbox 2596 621 2845 696; x_wconf 86' lang='lat' dir='ltr'><strong>quodque</strong></span> <span class='ocrx_word' id='word_1_171' title='bbox 2874 623 3017 696; x_wconf 85' lang='lat' dir='ltr'><strong>idem</strong></span> <span class='ocrx_word' id='word_1_172' title='bbox 3036 621 3180 696; x_wconf 74' lang='lat' dir='ltr'><strong>liber</strong></span> <span class='ocrx_word' id='word_1_173' title='bbox 3202 621 3542 696; x_wconf 80' lang='lat' dir='ltr'><strong>adversarius</strong></span> <span class='ocrx_word' id='word_1_174' title='bbox 3567 628 3759 696; x_wconf 72' lang='lat' dir='ltr'><strong>ubique</strong></span> 
     </span>
    </p>
   </div>
   <div class='ocr_carea' id='block_1_26' title="bbox 2186 692 3757 767">
    <p class='ocr_par' dir='ltr' id='par_1_26' title="bbox 2186 692 3757 767">
     <span class='ocr_line' id='line_1_26' title="bbox 2186 692 3757 767; baseline 0.005 -24"><span class='ocrx_word' id='word_1_175' title='bbox 2186 692 2464 767; x_wconf 48' lang='lat' dir='ltr'><strong>vulgatus,</strong></span> <span class='ocrx_word' id='word_1_176' title='bbox 2487 697 2544 745; x_wconf 89' lang='lat' dir='ltr'><strong>et</strong></span> <span class='ocrx_word' id='word_1_177' title='bbox 2567 692 2771 767; x_wconf 76' lang='lat' dir='ltr'><strong>absque</strong></span> <span class='ocrx_word' id='word_1_178' title='bbox 2810 692 3054 767; x_wconf 84' lang='lat' dir='ltr'><strong>veritatis</strong></span> <span class='ocrx_word' id='word_1_179' title='bbox 3094 694 3430 767; x_wconf 72' lang='lat' dir='ltr'><strong>discussione</strong></span> <span class='ocrx_word' id='word_1_180' title='bbox 3454 692 3701 767; x_wconf 79' lang='lat' dir='ltr'><strong>recept-1s</strong></span> <span class='ocrx_word' id='word_1_181' title='bbox 3726 712 3757 751; x_wconf 82' lang='lat' dir='ltr'><strong>a</strong></span> 
     </span>
    </p>
   </div>
   <div class='ocr_carea' id='block_1_27' title="bbox 2185 759 3758 835">
    <p class='ocr_par' dir='ltr' id='par_1_27' title="bbox 2185 759 3758 835">
     <span class='ocr_line' id='line_1_27' title="bbox 2185 759 3758 835; baseline 0.003 -19"><span class='ocrx_word' id='word_1_182' title='bbox 2185 759 2552 835; x_wconf 73' lang='lat' dir='ltr'><strong>compluribus</strong></span> <span class='ocrx_word' id='word_1_183' title='bbox 2578 759 2774 824; x_wconf 78' lang='lat' dir='ltr'><strong>fuerit;</strong></span> <span class='ocrx_word' id='word_1_184' title='bbox 2807 762 3119 835; x_wconf 81' lang='lat' dir='ltr'><strong>synodoque</strong></span> <span class='ocrx_word' id='word_1_185' title='bbox 3139 764 3402 835; x_wconf 87' lang='lat' dir='ltr'><strong>absoluta,</strong></span> <span class='ocrx_word' id='word_1_186' title='bbox 3434 759 3596 835; x_wconf 58' lang='grc' dir='ltr'><strong>πρυὸ</strong></span> <span class='ocrx_word' id='word_1_187' title='bbox 3612 776 3758 834; x_wconf 82' lang='lat' dir='ltr'><strong>puta-</strong></span> 
     </span>
    </p>
   </div>
   <div class='ocr_carea' id='block_1_28' title="bbox 2186 830 3753 905">
    <p class='ocr_par' dir='ltr' id='par_1_28' title="bbox 2186 830 3753 905">
     <span class='ocr_line' id='line_1_28' title="bbox 2186 830 3753 905; baseline 0.001 -20"><span class='ocrx_word' id='word_1_188' title='bbox 2186 830 2363 905; x_wconf 83' lang='lat' dir='ltr'><strong>verint</strong></span> <span class='ocrx_word' id='word_1_189' title='bbox 2391 831 2447 883; x_wconf 89' lang='lat' dir='ltr'><strong>in</strong></span> <span class='ocrx_word' id='word_1_190' title='bbox 2466 837 2784 905; x_wconf 85' lang='lat' dir='ltr'><strong>e_o__tractata</strong></span> <span class='ocrx_word' id='word_1_191' title='bbox 2801 832 3181 905; x_wconf 72' lang='lat' dir='ltr'><strong>retractatione</strong></span> <span class='ocrx_word' id='word_1_192' title='bbox 3199 834 3419 905; x_wconf 90' lang='lat' dir='ltr'><strong>minime</strong></span> <span class='ocrx_word' id='word_1_193' title='bbox 3437 830 3753 905; x_wconf 70' lang='lat' dir='ltr'><strong>indiguisse:</strong></span> 
     </span>
    </p>
   </div>
   <div class='ocr_carea' id='block_1_29' title="bbox 2187 900 3765 971">
    <p class='ocr_par' dir='ltr' id='par_1_29' title="bbox 2187 900 3765 971">
     <span class='ocr_line' id='line_1_29' title="bbox 2187 900 3765 971; baseline 0.003 -17"><span class='ocrx_word' id='word_1_194' title='bbox 2187 915 2253 954; x_wconf 80' lang='lat' dir='ltr'><strong>ex</strong></span> <span class='ocrx_word' id='word_1_195' title='bbox 2283 900 2369 953; x_wconf 89' lang='lat' dir='ltr'><strong>bis</strong></span> <span class='ocrx_word' id='word_1_196' title='bbox 2388 900 2587 971; x_wconf 86' lang='lat' dir='ltr'><strong>accidit</strong></span> <span class='ocrx_word' id='word_1_197' title='bbox 2621 900 2942 971; x_wconf 81' lang='lat' dir='ltr'><strong>utnonnulli</strong></span> <span class='ocrx_word' id='word_1_198' title='bbox 2985 901 3190 971; x_wconf 66' lang='lat' dir='ltr'><strong>absque</strong></span> <span class='ocrx_word' id='word_1_199' title='bbox 3217 902 3395 971; x_wconf 86' lang='lat' dir='ltr'><strong>aliqua</strong></span> <span class='ocrx_word' id='word_1_200' title='bbox 3429 900 3765 959; x_wconf 73' lang='lat' dir='ltr'><strong>haesitatione</strong></span> 
     </span>
    </p>
   </div>
   <div class='ocr_carea' id='block_1_30' title="bbox 2188 968 3765 1036">
    <p class='ocr_par' dir='ltr' id='par_1_30' title="bbox 2188 968 3765 1036">
     <span class='ocr_line' id='line_1_30' title="bbox 2188 968 3765 1036; baseline 0.003 -13"><span class='ocrx_word' id='word_1_201' title='bbox 2188 968 2640 1036; x_wconf 87' lang='lat' dir='ltr'><strong>conscripserint,</strong></span> <span class='ocrx_word' id='word_1_202' title='bbox 2690 969 2746 1023; x_wconf 90' lang='lat' dir='ltr'><strong>in</strong></span> <span class='ocrx_word' id='word_1_203' title='bbox 2791 970 2977 1023; x_wconf 88' lang='lat' dir='ltr'><strong>eodem</strong></span> <span class='ocrx_word' id='word_1_204' title='bbox 3025 968 3493 1029; x_wconf 77' lang='lat' dir='ltr'><strong>Francolordiensi</strong></span> <span class='ocrx_word' id='word_1_205' title='bbox 3536 975 3765 1029; x_wconf 87' lang='lat' dir='ltr'><strong>concilio</strong></span> 
     </span>
    </p>
   </div>
   <div class='ocr_carea' id='block_1_31' title="bbox 2190 1037 3767 1109">
    <p class='ocr_par' dir='ltr' id='par_1_31' title="bbox 2190 1037 3767 1109">
     <span class='ocr_line' id='line_1_31' title="bbox 2190 1037 3767 1109; baseline 0.002 -15"><span class='ocrx_word' id='word_1_206' title='bbox 2190 1040 2498 1109; x_wconf 74' lang='lat' dir='ltr'><strong>damnatam</strong></span> <span class='ocrx_word' id='word_1_207' title='bbox 2518 1037 2681 1109; x_wconf 83' lang='lat' dir='ltr'><strong>fuisse</strong></span> <span class='ocrx_word' id='word_1_208' title='bbox 2701 1038 2967 1092; x_wconf 73' lang='lat' dir='ltr'><strong>Nicaznam</strong></span> <span class='ocrx_word' id='word_1_209' title='bbox 2986 1040 3270 1109; x_wconf 79' lang='lat' dir='ltr'><strong>synodum.</strong></span> <span class='ocrx_word' id='word_1_210' title='bbox 3293 1040 3625 1098; x_wconf 87' lang='lat' dir='ltr'><strong>Posteriores</strong></span> <span class='ocrx_word' id='word_1_211' title='bbox 3636 1059 3767 1097; x_wconf 80' lang='lat' dir='ltr'><strong>vero</strong></span> 
     </span>
    </p>
   </div>
   <div class='ocr_carea' id='block_1_32' title="bbox 2189 1106 3764 1180">
    <p class='ocr_par' dir='ltr' id='par_1_32' title="bbox 2189 1106 3764 1180">
     <span class='ocr_line' id='line_1_32' title="bbox 2189 1106 3764 1180; baseline 0.003 -19"><span class='ocrx_word' id='word_1_212' title='bbox 2189 1108 2431 1180; x_wconf 78' lang='lat' dir='ltr'><strong>nonnulli</strong></span> <span class='ocrx_word' id='word_1_213' title='bbox 2459 1106 2511 1180; x_wconf 82' lang='lat' dir='ltr'><strong>id</strong></span> <span class='ocrx_word' id='word_1_214' title='bbox 2537 1122 2604 1162; x_wconf 77' lang='lat' dir='ltr'><strong>ex</strong></span> <span class='ocrx_word' id='word_1_215' title='bbox 2625 1108 2741 1176; x_wconf 89' lang='lat' dir='ltr'><strong>ejus</strong></span> <span class='ocrx_word' id='word_1_216' title='bbox 2765 1109 2932 1180; x_wconf 74' lang='lat' dir='ltr'><strong>actis,</strong></span> <span class='ocrx_word' id='word_1_217' title='bbox 2950 1106 3150 1180; x_wconf 78' lang='lat' dir='ltr'><strong>nempe</strong></span> <span class='ocrx_word' id='word_1_218' title='bbox 3179 1110 3323 1165; x_wconf 89' lang='lat' dir='ltr'><strong>dicto</strong></span> <span class='ocrx_word' id='word_1_219' title='bbox 3366 1112 3645 1180; x_wconf 87' lang='lat' dir='ltr'><strong>capitulari</strong></span> <span class='ocrx_word' id='word_1_220' title='bbox 3668 1128 3764 1165; x_wconf 89' lang='lat' dir='ltr'><strong>vo-</strong></span> 
     </span>
    </p>
   </div>
   <div class='ocr_carea' id='block_1_33' title="bbox 2192 1176 3766 1250">
    <p class='ocr_par' dir='ltr' id='par_1_33' title="bbox 2192 1176 3766 1250">
     <span class='ocr_line' id='line_1_33' title="bbox 2192 1176 3766 1250; baseline 0.003 -19"><span class='ocrx_word' id='word_1_221' title='bbox 2192 1177 2411 1239; x_wconf 86' lang='lat' dir='ltr'><strong>lumine,</strong></span> <span class='ocrx_word' id='word_1_222' title='bbox 2442 1177 2557 1250; x_wconf 82' lang='lat' dir='ltr'><strong>sive</strong></span> <span class='ocrx_word' id='word_1_223' title='bbox 2579 1193 2644 1230; x_wconf 84' lang='lat' dir='ltr'><strong>ex</strong></span> <span class='ocrx_word' id='word_1_224' title='bbox 2675 1177 2812 1250; x_wconf 85' lang='lat' dir='ltr'><strong>actis</strong></span> <span class='ocrx_word' id='word_1_225' title='bbox 2840 1176 3162 1250; x_wconf 79' lang='lat' dir='ltr'><strong>Parisiensis</strong></span> <span class='ocrx_word' id='word_1_226' title='bbox 3185 1176 3593 1245; x_wconf 49' lang='lat' dir='ltr'><strong>conciliiffalsa</strong></span> <span class='ocrx_word' id='word_1_227' title='bbox 3623 1184 3766 1250; x_wconf 86' lang='lat' dir='ltr'><strong>ipso-</strong></span> 
     </span>
    </p>
   </div>
   <div class='ocr_carea' id='block_1_34' title="bbox 2194 1246 3769 1319">
    <p class='ocr_par' dir='ltr' id='par_1_34' title="bbox 2194 1246 3769 1319">
     <span class='ocr_line' id='line_1_34' title="bbox 2194 1246 3769 1319; baseline 0.003 -19"><span class='ocrx_word' id='word_1_228' title='bbox 2194 1262 2311 1319; x_wconf 77' lang='lat' dir='ltr'><strong>rum</strong></span> <span class='ocrx_word' id='word_1_229' title='bbox 2340 1246 2637 1319; x_wconf 84' lang='lat' dir='ltr'><strong>assertione</strong></span> <span class='ocrx_word' id='word_1_230' title='bbox 2663 1247 2888 1315; x_wconf 89' lang='lat' dir='ltr'><strong>decepti,</strong></span> <span class='ocrx_word' id='word_1_231' title='bbox 2910 1255 3159 1315; x_wconf 86' lang='lat' dir='ltr'><strong>putantes</strong></span> <span class='ocrx_word' id='word_1_232' title='bbox 3178 1264 3299 1303; x_wconf 89' lang='lat' dir='ltr'><strong>esse</strong></span> <span class='ocrx_word' id='word_1_233' title='bbox 3318 1265 3441 1304; x_wconf 85' lang='lat' dir='ltr'><strong>vera</strong></span> <span class='ocrx_word' id='word_1_234' title='bbox 3466 1265 3585 1319; x_wconf 76' lang='lat' dir='ltr'><strong>quae</strong></span> <span class='ocrx_word' id='word_1_235' title='bbox 3610 1246 3662 1304; x_wconf 76' lang='lat' dir='ltr'><strong>in</strong></span> <span class='ocrx_word' id='word_1_236' title='bbox 3686 1252 3769 1305; x_wconf 82' lang='lat' dir='ltr'><strong>eis</strong></span> 
     </span>
    </p>
   </div>
   <div class='ocr_carea' id='block_1_35' title="bbox 2194 1315 3768 1386">
    <p class='ocr_par' dir='ltr' id='par_1_35' title="bbox 2194 1315 3768 1386">
     <span class='ocr_line' id='line_1_35' title="bbox 2194 1315 3768 1386; baseline 0.003 -17"><span class='ocrx_word' id='word_1_237' title='bbox 2194 1315 2329 1386; x_wconf 86' lang='lat' dir='ltr'><strong>falso</strong></span> <span class='ocrx_word' id='word_1_238' title='bbox 2358 1316 2724 1383; x_wconf 86' lang='lat' dir='ltr'><strong>reperirentur</strong></span> <span class='ocrx_word' id='word_1_239' title='bbox 2765 1325 3006 1370; x_wconf 85' lang='lat' dir='ltr'><strong>asserta:</strong></span> <span class='ocrx_word' id='word_1_240' title='bbox 3054 1319 3257 1386; x_wconf 88' lang='lat' dir='ltr'><strong>absque</strong></span> <span class='ocrx_word' id='word_1_241' title='bbox 3290 1318 3395 1372; x_wconf 86' lang='lat' dir='ltr'><strong>ulla</strong></span> <span class='ocrx_word' id='word_1_242' title='bbox 3433 1315 3768 1374; x_wconf 83' lang='lat' dir='ltr'><strong>dubitatione</strong></span> 
     </span>
    </p>
   </div>
   <div class='ocr_carea' id='block_1_36' title="bbox 2194 1385 3768 1455">
    <p class='ocr_par' dir='ltr' id='par_1_36' title="bbox 2194 1385 3768 1455">
     <span class='ocr_line' id='line_1_36' title="bbox 2194 1385 3768 1455; baseline 0.002 -16"><span class='ocrx_word' id='word_1_243' title='bbox 2194 1385 2248 1439; x_wconf 90' lang='lat' dir='ltr'><strong>id</strong></span> <span class='ocrx_word' id='word_1_244' title='bbox 2275 1386 2448 1453; x_wconf 89' lang='lat' dir='ltr'><strong>ipsum</strong></span> <span class='ocrx_word' id='word_1_245' title='bbox 2489 1393 2865 1455; x_wconf 86' lang='lat' dir='ltr'><strong>asseruerunt,</strong></span> <span class='ocrx_word' id='word_1_246' title='bbox 2906 1399 3108 1455; x_wconf 88' lang='lat' dir='ltr'><strong>nempe</strong></span> <span class='ocrx_word' id='word_1_247' title='bbox 3147 1385 3642 1444; x_wconf 84' lang='lat' dir='ltr'><strong>condemnationem</strong></span> <span class='ocrx_word' id='word_1_248' title='bbox 3676 1388 3768 1442; x_wconf 79' lang='lat' dir='ltr'><strong>Ni—</strong></span> 
     </span>
    </p>
   </div>
   <div class='ocr_carea' id='block_1_37' title="bbox 2195 1454 3431 1511">
    <p class='ocr_par' dir='ltr' id='par_1_37' title="bbox 2195 1454 3431 1511">
     <span class='ocr_line' id='line_1_37' title="bbox 2195 1454 3431 1511; baseline 0.001 -2"><span class='ocrx_word' id='word_1_249' title='bbox 2195 1470 2356 1509; x_wconf 71' lang='lat' dir='ltr'><strong>czente</strong></span> <span class='ocrx_word' id='word_1_250' title='bbox 2382 1456 2571 1511; x_wconf 87' lang='lat' dir='ltr'><strong>svnodi</strong></span> <span class='ocrx_word' id='word_1_251' title='bbox 2599 1455 2653 1508; x_wconf 90' lang='lat' dir='ltr'><strong>in</strong></span> <span class='ocrx_word' id='word_1_252' title='bbox 2680 1454 3144 1510; x_wconf 83' lang='lat' dir='ltr'><strong>Francofordieusi</strong></span> <span class='ocrx_word' id='word_1_253' title='bbox 3183 1457 3431 1511; x_wconf 90' lang='lat' dir='ltr'><strong>concilio.</strong></span> 
     </span>
    </p>
   </div>
   <div class='ocr_carea' id='block_1_38' title="bbox 2265 1524 3766 1594">
    <p class='ocr_par' dir='ltr' id='par_1_38' title="bbox 2265 1524 3766 1594">
     <span class='ocr_line' id='line_1_38' title="bbox 2265 1524 3766 1594; baseline 0.002 -17"><span class='ocrx_word' id='word_1_254' title='bbox 2265 1524 2450 1577; x_wconf 77' lang='lat' dir='ltr'><strong>XXIII.</strong></span> <span class='ocrx_word' id='word_1_255' title='bbox 2489 1524 2738 1594; x_wconf 65' lang='lat' dir='ltr'><strong>Auctore:</strong></span> <span class='ocrx_word' id='word_1_256' title='bbox 2763 1525 2851 1594; x_wconf 83' lang='lat' dir='ltr'><strong>qui</strong></span> <span class='ocrx_word' id='word_1_257' title='bbox 2871 1535 3217 1594; x_wconf 62' lang='lat' dir='ltr'><strong>gsscruerunt</strong></span> <span class='ocrx_word' id='word_1_258' title='bbox 3251 1526 3554 1580; x_wconf 81' lang='lat' dir='ltr'><strong>damnatum</strong></span> <span class='ocrx_word' id='word_1_259' title='bbox 3585 1524 3766 1580; x_wconf 68' lang='lat' dir='ltr'><strong>Nica-</strong></span> 
     </span>
    </p>
   </div>
   <div class='ocr_carea' id='block_1_39' title="bbox 2198 1592 3770 1677">
    <p class='ocr_par' dir='ltr' id='par_1_39' title="bbox 2198 1592 3770 1677">
     <span class='ocr_line' id='line_1_39' title="bbox 2198 1592 3770 1677; baseline 0.002 -32"><span class='ocrx_word' id='word_1_260' title='bbox 2198 1610 2322 1677; x_wconf 62' lang='lat' dir='ltr'><strong>num</strong></span> <span class='ocrx_word' id='word_1_261' title='bbox 2348 1592 2614 1677; x_wconf 61' lang='lat' dir='ltr'><strong>comit.</strong></span> <span class='ocrx_word' id='word_1_262' title='bbox 2634 1592 3210 1677; x_wconf 55' lang='lat' dir='ltr'><strong>synodof‘raucoford.</strong></span> <span class='ocrx_word' id='word_1_263' title='bbox 3230 1625 3305 1677; x_wconf 72' lang='lat'><strong>_——</strong></span> <span class='ocrx_word' id='word_1_264' title='bbox 3340 1594 3445 1650; x_wconf 89' lang='lat' dir='ltr'><strong>Sed</strong></span> <span class='ocrx_word' id='word_1_265' title='bbox 3473 1594 3586 1677; x_wconf 78' lang='lat' dir='ltr'><strong>jam</strong></span> <span class='ocrx_word' id='word_1_266' title='bbox 3622 1595 3770 1677; x_wconf 71' lang='lat' dir='ltr'><strong>ipsos</strong></span> 
     </span>
    </p>
   </div>
   <div class='ocr_carea' id='block_1_40' title="bbox 2198 1662 3770 1733">
    <p class='ocr_par' dir='ltr' id='par_1_40' title="bbox 2198 1662 3770 1733">
     <span class='ocr_line' id='line_1_40' title="bbox 2198 1662 3770 1733; baseline 0.001 -16"><span class='ocrx_word' id='word_1_267' title='bbox 2198 1662 2436 1732; x_wconf 85' lang='lat' dir='ltr'><strong>singulos</strong></span> <span class='ocrx_word' id='word_1_268' title='bbox 2462 1663 2741 1733; x_wconf 78' lang='lat' dir='ltr'><strong>audiamus</strong></span> <span class='ocrx_word' id='word_1_269' title='bbox 2772 1662 3101 1733; x_wconf 70' lang='lat' dir='ltr'><strong>antiquiores</strong></span> <span class='ocrx_word' id='word_1_270' title='bbox 3125 1672 3371 1718; x_wconf 89' lang='lat' dir='ltr'><strong>auctores</strong></span> <span class='ocrx_word' id='word_1_271' title='bbox 3403 1662 3493 1733; x_wconf 88' lang='lat' dir='ltr'><strong>qui</strong></span> <span class='ocrx_word' id='word_1_272' title='bbox 3521 1662 3770 1719; x_wconf 76' lang='lat' dir='ltr'><strong>asserunt</strong></span> 
     </span>
    </p>
   </div>
   <div class='ocr_carea' id='block_1_41' title="bbox 518 1730 3770 1806">
    <p class='ocr_par' dir='ltr' id='par_1_41' title="bbox 518 1730 3770 1806">
     <span class='ocr_line' id='line_1_41' title="bbox 518 1730 3770 1806; baseline 0.001 -21"><span class='ocrx_word' id='word_1_273' title='bbox 518 1734 644 1787; x_wconf 89' lang='lat' dir='ltr'><strong>dum</strong></span> <span class='ocrx_word' id='word_1_274' title='bbox 665 1746 787 1786; x_wconf 88' lang='lat' dir='ltr'><strong>esse</strong></span> <span class='ocrx_word' id='word_1_275' title='bbox 816 1730 1065 1806; x_wconf 79' lang='lat' dir='ltr'><strong>statuerit</strong></span> <span class='ocrx_word' id='word_1_276' title='bbox 1082 1730 1470 1806; x_wconf 80' lang='lat' dir='ltr'><strong>_imagin_i_bus._</strong></span> <span class='ocrx_word' id='word_1_277' title='bbox 1503 1731 1656 1797; x_wconf 87' lang='lat' dir='ltr'><strong>Quod</strong></span> <span class='ocrx_word' id='word_1_278' title='bbox 1679 1731 1837 1799; x_wconf 86' lang='lat' dir='ltr'><strong>plane</strong></span> <span class='ocrx_word' id='word_1_279' title='bbox 1867 1730 2092 1787; x_wconf 53' lang='lat' dir='ltr'><strong>falsissie-</strong></span> <span class='ocrx_word' id='word_1_280' title='bbox 2128 1746 2172 1806; x_wconf 74' lang='grc' dir='ltr'><strong>Β</strong></span> <span class='ocrx_word' id='word_1_281' title='bbox 2199 1730 2509 1806; x_wconf 85' lang='lat' dir='ltr'><strong>damnatum</strong></span> <span class='ocrx_word' id='word_1_282' title='bbox 2529 1745 2650 1785; x_wconf 89' lang='lat' dir='ltr'><strong>esse</strong></span> <span class='ocrx_word' id='word_1_283' title='bbox 2671 1730 2844 1806; x_wconf 92' lang='lat' dir='ltr'><strong>ipsum</strong></span> <span class='ocrx_word' id='word_1_284' title='bbox 2862 1731 3132 1806; x_wconf 69' lang='lat' dir='ltr'><strong>Niemnum</strong></span> <span class='ocrx_word' id='word_1_285' title='bbox 3148 1730 3437 1806; x_wconf 75' lang='lat' dir='ltr'><strong>concilium</strong></span> <span class='ocrx_word' id='word_1_286' title='bbox 3452 1736 3770 1806; x_wconf 78' lang='lat' dir='ltr'><strong>secundum,</strong></span> 
     </span>
    </p>
   </div>
   <div class='ocr_carea' id='block_1_42' title="bbox 519 1797 1705 1869">
    <p class='ocr_par' dir='ltr' id='par_1_42' title="bbox 519 1797 1705 1869">
     <span class='ocr_line' id='line_1_42' title="bbox 519 1797 1705 1869; baseline -0.003 -14"><span class='ocrx_word' id='word_1_287' title='bbox 519 1817 665 1855; x_wconf 74' lang='lat' dir='ltr'><strong>unum</strong></span> <span class='ocrx_word' id='word_1_288' title='bbox 694 1816 812 1869; x_wconf 85' lang='lat' dir='ltr'><strong>csse</strong></span> <span class='ocrx_word' id='word_1_289' title='bbox 830 1800 990 1869; x_wconf 88' lang='lat' dir='ltr'><strong>paulo</strong></span> <span class='ocrx_word' id='word_1_290' title='bbox 1020 1797 1245 1854; x_wconf 83' lang='lat' dir='ltr'><strong>inferius</strong></span> <span class='ocrx_word' id='word_1_291' title='bbox 1280 1799 1472 1855; x_wconf 88' lang='lat' dir='ltr'><strong>dicturi</strong></span> <span class='ocrx_word' id='word_1_292' title='bbox 1500 1797 1705 1855; x_wconf 79' lang='lat' dir='ltr'><strong>sumus.</strong></span> 
     </span>
    </p>
   </div>
   <div class='ocr_carea' id='block_1_43' title="bbox 589 1868 2097 1952">
    <p class='ocr_par' dir='ltr' id='par_1_43' title="bbox 589 1868 2097 1952">
     <span class='ocr_line' id='line_1_43' title="bbox 589 1868 2097 1952; baseline 0.001 -29"><span class='ocrx_word' id='word_1_293' title='bbox 589 1870 734 1952; x_wconf 44' lang='lat' dir='ltr'><strong>&quot;XXI:</strong></span> <span class='ocrx_word' id='word_1_294' title='bbox 770 1868 925 1952; x_wconf 63' lang='lat' dir='ltr'><strong>Liber</strong></span> <span class='ocrx_word' id='word_1_295' title='bbox 942 1885 1052 1952; x_wconf 41' lang='lat' dir='ltr'><strong>nan.</strong></span> <span class='ocrx_word' id='word_1_296' title='bbox 1070 1868 1223 1922; x_wconf 80' lang='lat' dir='ltr'><strong>unius</strong></span> <span class='ocrx_word' id='word_1_297' title='bbox 1249 1870 1501 1933; x_wconf 80' lang='lat' dir='ltr'><strong>auctoris,</strong></span> <span class='ocrx_word' id='word_1_298' title='bbox 1637 1868 2097 1952; x_wconf 67' lang='lat' dir='ltr'><strong>plurium,mi_ssus</strong></span> 
     </span>
    </p>
   </div>
   <div class='ocr_carea' id='block_1_44' title="bbox 519 1937 2101 2007">
    <p class='ocr_par' dir='ltr' id='par_1_44' title="bbox 519 1937 2101 2007">
     <span class='ocr_line' id='line_1_44' title="bbox 519 1937 2101 2007; baseline 0 -13"><span class='ocrx_word' id='word_1_299' title='bbox 519 1958 553 1994; x_wconf 83' lang='grc' dir='ltr'><em>α</em></span> <span class='ocrx_word' id='word_1_300' title='bbox 575 1938 766 1993; x_wconf 86' lang='lat' dir='ltr'><strong>Carolo</strong></span> <span class='ocrx_word' id='word_1_301' title='bbox 810 1938 879 1991; x_wconf 86' lang='lat' dir='ltr'><strong>ad</strong></span> <span class='ocrx_word' id='word_1_302' title='bbox 922 1937 1213 1991; x_wconf 78' lang='lat' dir='ltr'><strong>Adrianum</strong></span> <span class='ocrx_word' id='word_1_303' title='bbox 1250 1955 1536 2007; x_wconf 82' lang='lat' dir='ltr'><strong>papam.—</strong></span> <span class='ocrx_word' id='word_1_304' title='bbox 1553 1937 1651 1995; x_wconf 83' lang='lat' dir='ltr'><strong>Ubi</strong></span> <span class='ocrx_word' id='word_1_305' title='bbox 1677 1954 1807 1993; x_wconf 86' lang='lat' dir='ltr'><strong>vero</strong></span> <span class='ocrx_word' id='word_1_306' title='bbox 1842 1943 2101 1996; x_wconf 76' lang='lat' dir='ltr'><strong>sensisset</strong></span> 
     </span>
    </p>
   </div>
   <div class='ocr_carea' id='block_1_45' title="bbox 519 2007 2099 2078">
    <p class='ocr_par' dir='ltr' id='par_1_45' title="bbox 519 2007 2099 2078">
     <span class='ocr_line' id='line_1_45' title="bbox 519 2007 2099 2078; baseline 0 -14"><span class='ocrx_word' id='word_1_307' title='bbox 519 2008 742 2064; x_wconf 85' lang='lat' dir='ltr'><strong>Carolus</strong></span> <span class='ocrx_word' id='word_1_308' title='bbox 762 2007 1062 2075; x_wconf 80' lang='lat' dir='ltr'><strong>impugnari</strong></span> <span class='ocrx_word' id='word_1_309' title='bbox 1084 2007 1278 2078; x_wconf 75' lang='lat' dir='ltr'><strong>abillis</strong></span> <span class='ocrx_word' id='word_1_310' title='bbox 1292 2007 1561 2063; x_wconf 39' lang='lat' dir='ltr'><strong>Nicaiuam</strong></span> <span class='ocrx_word' id='word_1_311' title='bbox 1585 2009 1866 2078; x_wconf 83' lang='lat' dir='ltr'><strong>synodum,</strong></span> <span class='ocrx_word' id='word_1_312' title='bbox 1884 2010 2099 2064; x_wconf 77' lang='lat' dir='ltr'><strong>delendi</strong></span> 
     </span>
    </p>
   </div>
   <div class='ocr_carea' id='block_1_46' title="bbox 520 2075 2093 2145">
    <p class='ocr_par' dir='ltr' id='par_1_46' title="bbox 520 2075 2093 2145">
     <span class='ocr_line' id='line_1_46' title="bbox 520 2075 2093 2145; baseline 0.003 -16"><span class='ocrx_word' id='word_1_313' title='bbox 520 2092 650 2132; x_wconf 83' lang='lat' dir='ltr'><strong>vero</strong></span> <span class='ocrx_word' id='word_1_314' title='bbox 675 2093 703 2130; x_wconf 89' lang='lat' dir='ltr'><strong>a</strong></span> <span class='ocrx_word' id='word_1_315' title='bbox 727 2077 916 2145; x_wconf 82' lang='lat' dir='ltr'><strong>legatis</strong></span> <span class='ocrx_word' id='word_1_316' title='bbox 939 2075 1247 2145; x_wconf 56' lang='lat' dir='ltr'><strong>apostolicae</strong></span> <span class='ocrx_word' id='word_1_317' title='bbox 1273 2079 1416 2132; x_wconf 87' lang='lat' dir='ltr'><strong>sedis</strong></span> <span class='ocrx_word' id='word_1_318' title='bbox 1433 2118 1447 2140; x_wconf 92' lang='lat'><strong>,</strong></span> <span class='ocrx_word' id='word_1_319' title='bbox 1476 2075 1765 2133; x_wconf 54' lang='lat' dir='ltr'><strong>tunc&#39;illud</strong></span> <span class='ocrx_word' id='word_1_320' title='bbox 1802 2093 1953 2132; x_wconf 89' lang='lat' dir='ltr'><strong>more</strong></span> <span class='ocrx_word' id='word_1_321' title='bbox 1977 2095 2093 2142; x_wconf 88' lang='lat' dir='ltr'><strong>suo,</strong></span> 
     </span>
    </p>
   </div>
   <div class='ocr_carea' id='block_1_47' title="bbox 519 2145 2099 2216">
    <p class='ocr_par' dir='ltr' id='par_1_47' title="bbox 519 2145 2099 2216">
     <span class='ocr_line' id='line_1_47' title="bbox 519 2145 2099 2216; baseline 0 -14"><span class='ocrx_word' id='word_1_322' title='bbox 519 2147 734 2202; x_wconf 62' lang='lat' dir='ltr'><strong>salubre</strong></span> <span class='ocrx_word' id='word_1_323' title='bbox 755 2146 1040 2201; x_wconf 82' lang='lat' dir='ltr'><strong>consiﬁum</strong></span> <span class='ocrx_word' id='word_1_324' title='bbox 1069 2145 1187 2216; x_wconf 84' lang='lat' dir='ltr'><strong>iniit</strong></span> <span class='ocrx_word' id='word_1_325' title='bbox 1184 2186 1221 2216; x_wconf 57' lang='grc' dir='ltr'><em>δ</em></span> <span class='ocrx_word' id='word_1_326' title='bbox 1251 2154 1310 2199; x_wconf 90' lang='lat' dir='ltr'><strong>ut</strong></span> <span class='ocrx_word' id='word_1_327' title='bbox 1334 2148 1588 2201; x_wconf 88' lang='lat' dir='ltr'><strong>collectas</strong></span> <span class='ocrx_word' id='word_1_328' title='bbox 1626 2147 1679 2201; x_wconf 89' lang='lat' dir='ltr'><strong>in</strong></span> <span class='ocrx_word' id='word_1_329' title='bbox 1708 2162 1872 2200; x_wconf 90' lang='lat' dir='ltr'><strong>unum</strong></span> <span class='ocrx_word' id='word_1_330' title='bbox 1902 2162 2099 2216; x_wconf 87' lang='lat' dir='ltr'><strong>propo-</strong></span> 
     </span>
    </p>
   </div>
   <div class='ocr_carea' id='block_1_48' title="bbox 521 2186 2099 2285">
    <p class='ocr_par' dir='ltr' id='par_1_48' title="bbox 521 2186 2099 2285">
     <span class='ocr_line' id='line_1_48' title="bbox 521 2186 2099 2285; baseline 0.001 -15"><span class='ocrx_word' id='word_1_331' title='bbox 521 2186 2099 2285; x_wconf 57' lang='grc' dir='ltr'><strong>ε’ἵὶἔε”ὶιῖνιῖἒὶιᾙὶὲῖῐόηέε’ἰῐγοῖιῖιιῖῖὲέὶέἷὶἓήί’ῥεῖ’ἱὲἕόιῖιίἶινέἷιι</strong></span> 
     </span>
    </p>
   </div>
   <div class='ocr_carea' id='block_1_49' title="bbox 523 2284 2101 2355">
    <p class='ocr_par' dir='ltr' id='par_1_49' title="bbox 523 2284 2101 2355">
     <span class='ocr_line' id='line_1_49' title="bbox 523 2284 2101 2355; baseline 0 -15"><span class='ocrx_word' id='word_1_332' title='bbox 523 2287 625 2340; x_wconf 84' lang='lat' dir='ltr'><strong>hoc</strong></span> <span class='ocrx_word' id='word_1_333' title='bbox 646 2300 789 2355; x_wconf 86' lang='lat' dir='ltr'><strong>opus</strong></span> <span class='ocrx_word' id='word_1_334' title='bbox 808 2285 876 2339; x_wconf 88' lang='lat' dir='ltr'><strong>ab</strong></span> <span class='ocrx_word' id='word_1_335' title='bbox 895 2300 965 2339; x_wconf 85' lang='lat' dir='ltr'><strong>eo</strong></span> <span class='ocrx_word' id='word_1_336' title='bbox 987 2284 1249 2355; x_wconf 75' lang='lat' dir='ltr'><strong>delectum</strong></span> <span class='ocrx_word' id='word_1_337' title='bbox 1270 2284 1639 2354; x_wconf 87' lang='lat' dir='ltr'><strong>Angilbertum</strong></span> <span class='ocrx_word' id='word_1_338' title='bbox 1660 2284 1909 2339; x_wconf 79' lang='lat' dir='ltr'><strong>abbatem</strong></span> <span class='ocrx_word' id='word_1_339' title='bbox 1932 2285 1990 2340; x_wconf 91' lang='lat' dir='ltr'><strong>S.</strong></span> <span class='ocrx_word' id='word_1_340' title='bbox 2010 2287 2101 2340; x_wconf 82' lang='lat' dir='ltr'><strong>Ri-</strong></span> 
     </span>
    </p>
   </div>
   <div class='ocr_carea' id='block_1_50' title="bbox 522 2353 2096 2424">
    <p class='ocr_par' dir='ltr' id='par_1_50' title="bbox 522 2353 2096 2424">
     <span class='ocr_line' id='line_1_50' title="bbox 522 2353 2096 2424; baseline -0.001 -14"><span class='ocrx_word' id='word_1_341' title='bbox 522 2356 657 2410; x_wconf 85' lang='lat' dir='ltr'><strong>carii</strong></span> <span class='ocrx_word' id='word_1_342' title='bbox 683 2353 698 2355; x_wconf 24' lang='lat'><em>7</em></span> <span class='ocrx_word' id='word_1_343' title='bbox 724 2356 962 2409; x_wconf 88' lang='lat' dir='ltr'><strong>mitteret</strong></span> <span class='ocrx_word' id='word_1_344' title='bbox 1008 2353 1233 2408; x_wconf 73' lang='lat' dir='ltr'><strong>Romam</strong></span> <span class='ocrx_word' id='word_1_345' title='bbox 1297 2356 1363 2409; x_wconf 83' lang='lat' dir='ltr'><strong>ad</strong></span> <span class='ocrx_word' id='word_1_346' title='bbox 1412 2356 1707 2410; x_wconf 83' lang='lat' dir='ltr'><strong>Adrianum</strong></span> <span class='ocrx_word' id='word_1_347' title='bbox 1766 2356 2096 2424; x_wconf 76' lang='lat' dir='ltr'><strong>pontificem.</strong></span> 
     </span>
    </p>
   </div>
   <div class='ocr_carea' id='block_1_51' title="bbox 522 2424 2100 2505">
    <p class='ocr_par' dir='ltr' id='par_1_51' title="bbox 522 2424 2100 2505">
     <span class='ocr_line' id='line_1_51' title="bbox 522 2424 2100 2505; baseline 0.001 -26"><span class='ocrx_word' id='word_1_348' title='bbox 522 2424 675 2505; x_wconf 73' lang='lat' dir='ltr'><strong>Quod</strong></span> <span class='ocrx_word' id='word_1_349' title='bbox 703 2440 826 2505; x_wconf 76' lang='lat' dir='ltr'><strong>cuni</strong></span> <span class='ocrx_word' id='word_1_350' title='bbox 872 2424 1054 2505; x_wconf 69' lang='lat' dir='ltr'><strong>plures</strong></span> <span class='ocrx_word' id='word_1_351' title='bbox 1095 2432 1389 2505; x_wconf 65' lang='lat' dir='ltr'><strong>testentur,</strong></span> <span class='ocrx_word' id='word_1_352' title='bbox 1435 2426 1718 2505; x_wconf 74' lang='lat' dir='ltr'><strong>profitetur</strong></span> <span class='ocrx_word' id='word_1_353' title='bbox 1755 2426 1985 2505; x_wconf 73' lang='lat' dir='ltr'><strong>idipsum</strong></span> <span class='ocrx_word' id='word_1_354' title='bbox 2025 2426 2100 2480; x_wconf 84' lang='lat' dir='ltr'><strong>A-</strong></span> 
     </span>
    </p>
   </div>
   <div class='ocr_carea' id='block_1_52' title="bbox 522 2493 2099 2563">
    <p class='ocr_par' dir='ltr' id='par_1_52' title="bbox 522 2493 2099 2563">
     <span class='ocr_line' id='line_1_52' title="bbox 522 2493 2099 2563; baseline 0.001 -14"><span class='ocrx_word' id='word_1_355' title='bbox 522 2494 743 2549; x_wconf 85' lang='lat' dir='ltr'><strong>drianus</strong></span> <span class='ocrx_word' id='word_1_356' title='bbox 768 2495 823 2548; x_wconf 91' lang='lat' dir='ltr'><strong>in</strong></span> <span class='ocrx_word' id='word_1_357' title='bbox 851 2493 1075 2563; x_wconf 82' lang='lat' dir='ltr'><strong>epistola</strong></span> <span class='ocrx_word' id='word_1_358' title='bbox 1096 2494 1163 2547; x_wconf 88' lang='lat' dir='ltr'><strong>ad</strong></span> <span class='ocrx_word' id='word_1_359' title='bbox 1189 2493 1449 2548; x_wconf 82' lang='lat' dir='ltr'><strong>Carolum</strong></span> <span class='ocrx_word' id='word_1_360' title='bbox 1466 2497 1644 2557; x_wconf 85' lang='lat' dir='ltr'><strong>missa,</strong></span> <span class='ocrx_word' id='word_1_361' title='bbox 1679 2495 1733 2548; x_wconf 90' lang='lat' dir='ltr'><strong>in</strong></span> <span class='ocrx_word' id='word_1_362' title='bbox 1757 2493 1912 2562; x_wconf 84' lang='lat' dir='ltr'><strong>cujus</strong></span> <span class='ocrx_word' id='word_1_363' title='bbox 1933 2494 2099 2550; x_wconf 85' lang='lat' dir='ltr'><strong>ferme</strong></span> 
     </span>
    </p>
   </div>
   <div class='ocr_carea' id='block_1_53' title="bbox 521 2563 2099 2633">
    <p class='ocr_par' dir='ltr' id='par_1_53' title="bbox 521 2563 2099 2633">
     <span class='ocr_line' id='line_1_53' title="bbox 521 2563 2099 2633; baseline -0.001 -14"><span class='ocrx_word' id='word_1_364' title='bbox 521 2564 746 2619; x_wconf 78' lang='lat' dir='ltr'><strong>exordio</strong></span> <span class='ocrx_word' id='word_1_365' title='bbox 772 2563 872 2616; x_wconf 90' lang='lat' dir='ltr'><strong>ista</strong></span> <span class='ocrx_word' id='word_1_366' title='bbox 897 2564 1144 2633; x_wconf 87' lang='lat' dir='ltr'><strong>leguntur</strong></span> <span class='ocrx_word' id='word_1_367' title='bbox 1164 2580 1189 2633; x_wconf 12' lang='grc' dir='ltr'><strong>γε</strong></span> <span class='ocrx_word' id='word_1_368' title='bbox 1224 2582 1242 2612; x_wconf 73' lang='grc' dir='ltr'>ί</span> <span class='ocrx_word' id='word_1_369' title='bbox 1272 2563 1538 2618; x_wconf 66' lang='lat' dir='ltr'><strong>Prmterea</strong></span> <span class='ocrx_word' id='word_1_370' title='bbox 1577 2565 1838 2618; x_wconf 84' lang='lat' dir='ltr'><strong>directum</strong></span> <span class='ocrx_word' id='word_1_371' title='bbox 1866 2579 1896 2618; x_wconf 91' lang='lat' dir='ltr'><strong>a</strong></span> <span class='ocrx_word' id='word_1_372' title='bbox 1919 2573 2099 2619; x_wconf 89' lang='lat' dir='ltr'><strong>vestra</strong></span> 
     </span>
    </p>
   </div>
   <div class='ocr_carea' id='block_1_54' title="bbox 523 2632 2102 2703">
    <p class='ocr_par' dir='ltr' id='par_1_54' title="bbox 523 2632 2102 2703">
     <span class='ocr_line' id='line_1_54' title="bbox 523 2632 2102 2703; baseline -0.001 -14"><span class='ocrx_word' id='word_1_373' title='bbox 523 2632 938 2703; x_wconf 84' lang='lat' dir='ltr'><strong>clementissima</strong></span> <span class='ocrx_word' id='word_1_374' title='bbox 960 2632 1236 2701; x_wconf 64' lang='lat' dir='ltr'><strong>praecelsa</strong></span> <span class='ocrx_word' id='word_1_375' title='bbox 1283 2633 1448 2702; x_wconf 85' lang='lat' dir='ltr'><strong>regali</strong></span> <span class='ocrx_word' id='word_1_376' title='bbox 1481 2634 1719 2703; x_wconf 84' lang='lat' dir='ltr'><strong>potentia</strong></span> <span class='ocrx_word' id='word_1_377' title='bbox 1767 2635 2102 2702; x_wconf 86' lang='lat' dir='ltr'><strong>suscepimus</strong></span> 
     </span>
    </p>
   </div>
   <div class='ocr_carea' id='block_1_55' title="bbox 524 2701 2098 2773">
    <p class='ocr_par' dir='ltr' id='par_1_55' title="bbox 524 2701 2098 2773">
     <span class='ocr_line' id='line_1_55' title="bbox 524 2701 2098 2773; baseline -0.001 -15"><span class='ocrx_word' id='word_1_378' title='bbox 524 2703 735 2773; x_wconf 71' lang='lat' dir='ltr'><strong>ﬁdelem</strong></span> <span class='ocrx_word' id='word_1_379' title='bbox 764 2701 1084 2773; x_wconf 73' lang='lat' dir='ltr'><strong>familiarem</strong></span> <span class='ocrx_word' id='word_1_380' title='bbox 1109 2701 1379 2767; x_wconf 81' lang='lat' dir='ltr'><strong>vestrum,</strong></span> <span class='ocrx_word' id='word_1_381' title='bbox 1430 2701 1678 2759; x_wconf 75' lang='lat' dir='ltr'><strong>videlicet</strong></span> <span class='ocrx_word' id='word_1_382' title='bbox 1719 2701 2098 2773; x_wconf 77' lang='lat' dir='ltr'><strong>Engelbértum</strong></span> 
     </span>
    </p>
   </div>
   <div class='ocr_carea' id='block_1_56' title="bbox 525 2770 2099 2846">
    <p class='ocr_par' dir='ltr' id='par_1_56' title="bbox 525 2770 2099 2846">
     <span class='ocr_line' id='line_1_56' title="bbox 525 2770 2099 2846; baseline 0 -20"><span class='ocrx_word' id='word_1_383' title='bbox 525 2770 968 2846; x_wconf 80' lang='lat' dir='ltr'><strong>[Angilbertu_m]_</strong></span> <span class='ocrx_word' id='word_1_384' title='bbox 1000 2772 1268 2846; x_wconf 77' lang='lat' dir='ltr'><strong>abbatem,</strong></span> <span class='ocrx_word' id='word_1_385' title='bbox 1297 2779 1355 2846; x_wconf 78' lang='lat' dir='ltr'><strong>et</strong></span> <span class='ocrx_word' id='word_1_386' title='bbox 1378 2773 1682 2846; x_wconf 80' lang='lat' dir='ltr'><strong>ministrum</strong></span> <span class='ocrx_word' id='word_1_387' title='bbox 1738 2770 1975 2846; x_wconf 74' lang='lat' dir='ltr'><strong>capellae,</strong></span> <span class='ocrx_word' id='word_1_388' title='bbox 2008 2773 2099 2841; x_wconf 93' lang='lat' dir='ltr'><strong>qui</strong></span> 
     </span>
    </p>
   </div>
   <div class='ocr_carea' id='block_1_57' title="bbox 523 2840 2101 2912">
    <p class='ocr_par' dir='ltr' id='par_1_57' title="bbox 523 2840 2101 2912">
     <span class='ocr_line' id='line_1_57' title="bbox 523 2840 2101 2912; baseline -0.001 -15"><span class='ocrx_word' id='word_1_389' title='bbox 523 2840 661 2912; x_wconf 76' lang='lat' dir='ltr'><strong>pene</strong></span> <span class='ocrx_word' id='word_1_390' title='bbox 685 2842 754 2896; x_wconf 88' lang='lat' dir='ltr'><strong>ab</strong></span> <span class='ocrx_word' id='word_1_391' title='bbox 777 2840 1194 2911; x_wconf 62' lang='lat' dir='ltr'><strong>ipsis&#39;infautim</strong></span> <span class='ocrx_word' id='word_1_392' title='bbox 1239 2843 1558 2897; x_wconf 87' lang='lat' dir='ltr'><strong>rudimentis</strong></span> <span class='ocrx_word' id='word_1_393' title='bbox 1591 2843 1644 2896; x_wconf 92' lang='lat' dir='ltr'><strong>in</strong></span> <span class='ocrx_word' id='word_1_394' title='bbox 1687 2840 1887 2912; x_wconf 87' lang='lat' dir='ltr'><strong>palatio</strong></span> <span class='ocrx_word' id='word_1_395' title='bbox 1920 2840 2101 2896; x_wconf 88' lang='lat' dir='ltr'><strong>vestro</strong></span> 
     </span>
    </p>
   </div>
   <div class='ocr_carea' id='block_1_58' title="bbox 522 2911 2098 2980">
    <p class='ocr_par' dir='ltr' id='par_1_58' title="bbox 522 2911 2098 2980">
     <span class='ocr_line' id='line_1_58' title="bbox 522 2911 2098 2980; baseline -0.001 -13"><span class='ocrx_word' id='word_1_396' title='bbox 522 2911 799 2967; x_wconf 83' lang='lat' dir='ltr'><strong>enutritus</strong></span> <span class='ocrx_word' id='word_1_397' title='bbox 824 2918 927 2977; x_wconf 87' lang='lat' dir='ltr'><strong>est,</strong></span> <span class='ocrx_word' id='word_1_398' title='bbox 943 2919 1000 2965; x_wconf 89' lang='lat' dir='ltr'><strong>et</strong></span> <span class='ocrx_word' id='word_1_399' title='bbox 1020 2912 1073 2965; x_wconf 92' lang='lat' dir='ltr'><strong>in</strong></span> <span class='ocrx_word' id='word_1_400' title='bbox 1094 2912 1345 2966; x_wconf 88' lang='lat' dir='ltr'><strong>omnibus</strong></span> <span class='ocrx_word' id='word_1_401' title='bbox 1363 2912 1602 2967; x_wconf 89' lang='lat' dir='ltr'><strong>consiliis</strong></span> <span class='ocrx_word' id='word_1_402' title='bbox 1622 2911 1818 2966; x_wconf 76' lang='lat' dir='ltr'><strong>vestris</strong></span> <span class='ocrx_word' id='word_1_403' title='bbox 1832 2921 2098 2980; x_wconf 85' lang='lat' dir='ltr'><strong>receptus,</strong></span> 
     </span>
    </p>
   </div>
   <div class='ocr_carea' id='block_1_59' title="bbox 523 2981 2097 3049">
    <p class='ocr_par' dir='ltr' id='par_1_59' title="bbox 523 2981 2097 3049">
     <span class='ocr_line' id='line_1_59' title="bbox 523 2981 2097 3049; baseline -0.002 -13"><span class='ocrx_word' id='word_1_404' title='bbox 523 2991 585 3036; x_wconf 89' lang='lat' dir='ltr'><strong>ut</strong></span> <span class='ocrx_word' id='word_1_405' title='bbox 609 2982 731 3037; x_wconf 84' lang='lat' dir='ltr'><strong>ideo</strong></span> <span class='ocrx_word' id='word_1_406' title='bbox 763 2981 905 3036; x_wconf 90' lang='lat' dir='ltr'><strong>sicut</strong></span> <span class='ocrx_word' id='word_1_407' title='bbox 926 2996 958 3034; x_wconf 91' lang='lat' dir='ltr'><strong>a</strong></span> <span class='ocrx_word' id='word_1_408' title='bbox 978 2981 1132 3035; x_wconf 84' lang='lat' dir='ltr'><strong>vobis</strong></span> <span class='ocrx_word' id='word_1_409' title='bbox 1162 2981 1213 3035; x_wconf 93' lang='lat' dir='ltr'><strong>in</strong></span> <span class='ocrx_word' id='word_1_410' title='bbox 1248 2982 1393 3035; x_wconf 89' lang='lat' dir='ltr'><strong>omni</strong></span> <span class='ocrx_word' id='word_1_411' title='bbox 1428 2981 1790 3036; x_wconf 83' lang='lat' dir='ltr'><strong>familiaritate</strong></span> <span class='ocrx_word' id='word_1_412' title='bbox 1821 2982 2097 3049; x_wconf 89' lang='lat' dir='ltr'><strong>recipitur,</strong></span> 
     </span>
    </p>
   </div>
   <div class='ocr_carea' id='block_1_60' title="bbox 2201 1802 3771 1872">
    <p class='ocr_par' dir='ltr' id='par_1_60' title="bbox 2201 1802 3771 1872">
     <span class='ocr_line' id='line_1_60' title="bbox 2201 1802 3771 1872; baseline 0.001 -17"><span class='ocrx_word' id='word_1_413' title='bbox 2201 1802 2481 1872; x_wconf 86' lang='lat' dir='ltr'><strong>septimam</strong></span> <span class='ocrx_word' id='word_1_414' title='bbox 2518 1802 2780 1872; x_wconf 75' lang='lat' dir='ltr'><strong>synodum</strong></span> <span class='ocrx_word' id='word_1_415' title='bbox 2815 1802 3200 1856; x_wconf 75' lang='lat' dir='ltr'><strong>(ecumenicam</strong></span> <span class='ocrx_word' id='word_1_416' title='bbox 3234 1803 3451 1866; x_wconf 89' lang='lat' dir='ltr'><strong>dictam,</strong></span> <span class='ocrx_word' id='word_1_417' title='bbox 3478 1818 3576 1872; x_wconf 87' lang='lat' dir='ltr'><strong>per</strong></span> <span class='ocrx_word' id='word_1_418' title='bbox 3608 1803 3771 1857; x_wconf 76' lang='lat' dir='ltr'><strong>Fran-</strong></span> 
     </span>
    </p>
   </div>
   <div class='ocr_carea' id='block_1_61' title="bbox 2199 1869 3773 1942">
    <p class='ocr_par' dir='ltr' id='par_1_61' title="bbox 2199 1869 3773 1942">
     <span class='ocr_line' id='line_1_61' title="bbox 2199 1869 3773 1942; baseline 0.003 -19"><span class='ocrx_word' id='word_1_419' title='bbox 2199 1870 2534 1942; x_wconf 84' lang='lat' dir='ltr'><strong>cofordiense</strong></span> <span class='ocrx_word' id='word_1_420' title='bbox 2552 1869 2858 1942; x_wconf 77' lang='lat' dir='ltr'><strong>concilium,</strong></span> <span class='ocrx_word' id='word_1_421' title='bbox 2909 1885 3201 1940; x_wconf 91' lang='lat' dir='ltr'><strong>eorumque</strong></span> <span class='ocrx_word' id='word_1_422' title='bbox 3224 1872 3431 1942; x_wconf 87' lang='lat' dir='ltr'><strong>singula</strong></span> <span class='ocrx_word' id='word_1_423' title='bbox 3454 1869 3614 1928; x_wconf 77' lang='lat' dir='ltr'><strong>verba</strong></span> <span class='ocrx_word' id='word_1_424' title='bbox 3653 1873 3773 1927; x_wconf 54' lang='lat' dir='ltr'><strong>red.</strong></span> 
     </span>
    </p>
   </div>
   <div class='ocr_carea' id='block_1_62' title="bbox 2199 1941 3773 2010">
    <p class='ocr_par' dir='ltr' id='par_1_62' title="bbox 2199 1941 3773 2010">
     <span class='ocr_line' id='line_1_62' title="bbox 2199 1941 3773 2010; baseline 0.001 -17"><span class='ocrx_word' id='word_1_425' title='bbox 2199 1941 2408 2004; x_wconf 89' lang='lat' dir='ltr'><strong>damus,</strong></span> <span class='ocrx_word' id='word_1_426' title='bbox 2439 1955 2547 2009; x_wconf 89' lang='lat' dir='ltr'><strong>quo</strong></span> <span class='ocrx_word' id='word_1_427' title='bbox 2590 1941 2643 1994; x_wconf 90' lang='lat' dir='ltr'><strong>in</strong></span> <span class='ocrx_word' id='word_1_428' title='bbox 2671 1947 2817 1993; x_wconf 88' lang='lat' dir='ltr'><strong>tanta</strong></span> <span class='ocrx_word' id='word_1_429' title='bbox 2848 1942 3215 1995; x_wconf 75' lang='lat' dir='ltr'><strong>controversia</strong></span> <span class='ocrx_word' id='word_1_430' title='bbox 3240 1941 3354 2010; x_wconf 86' lang='lat' dir='ltr'><strong>ipsa</strong></span> <span class='ocrx_word' id='word_1_431' title='bbox 3394 1942 3594 1997; x_wconf 87' lang='lat' dir='ltr'><strong>veritas</strong></span> <span class='ocrx_word' id='word_1_432' title='bbox 3617 1956 3773 2010; x_wconf 81' lang='lat' dir='ltr'><strong>aper—</strong></span> 
     </span>
    </p>
   </div>
   <div class='ocr_carea' id='block_1_63' title="bbox 2200 2009 3773 2082">
    <p class='ocr_par' dir='ltr' id='par_1_63' title="bbox 2200 2009 3773 2082">
     <span class='ocr_line' id='line_1_63' title="bbox 2200 2009 3773 2082; baseline 0.002 -21"><span class='ocrx_word' id='word_1_433' title='bbox 2200 2010 2308 2064; x_wconf 90' lang='lat' dir='ltr'><strong>tius</strong></span> <span class='ocrx_word' id='word_1_434' title='bbox 2331 2010 2618 2082; x_wconf 82' lang='lat' dir='ltr'><strong>elucescat,</strong></span> <span class='ocrx_word' id='word_1_435' title='bbox 2668 2024 2789 2077; x_wconf 84' lang='lat' dir='ltr'><strong>quae</strong></span> <span class='ocrx_word' id='word_1_436' title='bbox 2812 2009 3206 2082; x_wconf 60' lang='lat' dir='ltr'><strong>adversantium</strong></span> <span class='ocrx_word' id='word_1_437' title='bbox 3242 2009 3407 2066; x_wconf 89' lang='lat' dir='ltr'><strong>densa</strong></span> <span class='ocrx_word' id='word_1_438' title='bbox 3435 2009 3677 2082; x_wconf 75' lang='lat' dir='ltr'><strong>caligine,</strong></span> <span class='ocrx_word' id='word_1_439' title='bbox 3703 2025 3773 2064; x_wconf 88' lang='lat' dir='ltr'><strong>ne</strong></span> 
     </span>
    </p>
   </div>
   <div class='ocr_carea' id='block_1_64' title="bbox 2199 2079 3775 2147">
    <p class='ocr_par' dir='ltr' id='par_1_64' title="bbox 2199 2079 3775 2147">
     <span class='ocr_line' id='line_1_64' title="bbox 2199 2079 3775 2147; baseline 0.002 -15"><span class='ocrx_word' id='word_1_440' title='bbox 2199 2087 2473 2147; x_wconf 89' lang='lat' dir='ltr'><strong>appareat,</strong></span> <span class='ocrx_word' id='word_1_441' title='bbox 2497 2080 2834 2133; x_wconf 88' lang='lat' dir='ltr'><strong>obscuratur.</strong></span> <span class='ocrx_word' id='word_1_442' title='bbox 2876 2079 3309 2135; x_wconf 83' lang='lat' dir='ltr'><strong>Vetustissimum</strong></span> <span class='ocrx_word' id='word_1_443' title='bbox 3349 2079 3590 2135; x_wconf 82' lang='lat' dir='ltr'><strong>omnium</strong></span> <span class='ocrx_word' id='word_1_444' title='bbox 3614 2081 3775 2135; x_wconf 85' lang='lat' dir='ltr'><strong>chro-</strong></span> 
     </span>
    </p>
   </div>
   <div class='ocr_carea' id='block_1_65' title="bbox 2199 2148 3770 2217">
    <p class='ocr_par' dir='ltr' id='par_1_65' title="bbox 2199 2148 3770 2217">
     <span class='ocr_line' id='line_1_65' title="bbox 2199 2148 3770 2217; baseline 0 -16"><span class='ocrx_word' id='word_1_445' title='bbox 2199 2149 2357 2217; x_wconf 89' lang='lat' dir='ltr'><strong>nicon</strong></span> <span class='ocrx_word' id='word_1_446' title='bbox 2401 2149 2502 2203; x_wconf 89' lang='lat' dir='ltr'><strong>hac</strong></span> <span class='ocrx_word' id='word_1_447' title='bbox 2523 2155 2680 2203; x_wconf 62' lang='lat' dir='ltr'><strong>aetate</strong></span> <span class='ocrx_word' id='word_1_448' title='bbox 2708 2149 3067 2216; x_wconf 88' lang='lat' dir='ltr'><strong>conscriptum</strong></span> <span class='ocrx_word' id='word_1_449' title='bbox 3102 2150 3203 2204; x_wconf 90' lang='lat' dir='ltr'><strong>sub</strong></span> <span class='ocrx_word' id='word_1_450' title='bbox 3231 2148 3505 2206; x_wconf 85' lang='lat' dir='ltr'><strong>Ludovico</strong></span> <span class='ocrx_word' id='word_1_451' title='bbox 3551 2151 3770 2217; x_wconf 90' lang='lat' dir='ltr'><strong>imper.,</strong></span> 
     </span>
    </p>
   </div>
   <div class='ocr_carea' id='block_1_66' title="bbox 2198 2216 3773 2285">
    <p class='ocr_par' dir='ltr' id='par_1_66' title="bbox 2198 2216 3773 2285">
     <span class='ocr_line' id='line_1_66' title="bbox 2198 2216 3773 2285; baseline 0.001 -15"><span class='ocrx_word' id='word_1_452' title='bbox 2198 2216 2376 2272; x_wconf 82' lang='lat' dir='ltr'><strong>Caroli</strong></span> <span class='ocrx_word' id='word_1_453' title='bbox 2423 2217 2534 2272; x_wconf 81' lang='lat' dir='ltr'><strong>lilio</strong></span> <span class='ocrx_word' id='word_1_454' title='bbox 2573 2218 2626 2271; x_wconf 90' lang='lat' dir='ltr'><strong>in</strong></span> <span class='ocrx_word' id='word_1_455' title='bbox 2660 2217 2848 2285; x_wconf 90' lang='lat' dir='ltr'><strong>primis</strong></span> <span class='ocrx_word' id='word_1_456' title='bbox 2875 2218 2991 2272; x_wconf 75' lang='lat' dir='ltr'><strong>bzec</strong></span> <span class='ocrx_word' id='word_1_457' title='bbox 3024 2218 3215 2280; x_wconf 83' lang='lat' dir='ltr'><strong>habet,</strong></span> <span class='ocrx_word' id='word_1_458' title='bbox 3243 2220 3333 2273; x_wconf 90' lang='lat' dir='ltr'><strong>ubi</strong></span> <span class='ocrx_word' id='word_1_459' title='bbox 3360 2220 3469 2285; x_wconf 81' lang='lat' dir='ltr'><strong>agit</strong></span> <span class='ocrx_word' id='word_1_460' title='bbox 3497 2220 3562 2273; x_wconf 90' lang='lat' dir='ltr'><strong>de</strong></span> <span class='ocrx_word' id='word_1_461' title='bbox 3582 2216 3773 2273; x_wconf 82' lang='lat' dir='ltr'><strong>eodem</strong></span> 
     </span>
    </p>
   </div>
   <div class='ocr_carea' id='block_1_67' title="bbox 2201 2236 3775 2356">
    <p class='ocr_par' dir='ltr' id='par_1_67' title="bbox 2201 2236 3775 2356">
     <span class='ocr_line' id='line_1_67' title="bbox 2201 2236 3773 2285; baseline 0.001 -15"><span class='ocrx_word' id='word_1_462' title='bbox 2201 2236 2376 2272; x_wconf 68' lang='lat' dir='ltr'><strong>harou</strong></span> <span class='ocrx_word' id='word_1_463' title='bbox 2423 2236 2534 2272; x_wconf 91' lang='lat' dir='ltr'><strong>nuo</strong></span> <span class='ocrx_word' id='word_1_464' title='bbox 2573 2236 2626 2271; x_wconf 87' lang='grc' dir='ltr'><strong>ιιι</strong></span> <span class='ocrx_word' id='word_1_465' title='bbox 2660 2236 2848 2285; x_wconf 68' lang='grc' dir='ltr'>ριιιιιιδ</span> <span class='ocrx_word' id='word_1_466' title='bbox 2877 2236 2991 2272; x_wconf 78' lang='lat' dir='ltr'><strong>meo</strong></span> <span class='ocrx_word' id='word_1_467' title='bbox 3026 2236 3215 2280; x_wconf 79' lang='lat' dir='ltr'><strong>uacet,</strong></span> <span class='ocrx_word' id='word_1_468' title='bbox 3243 2236 3333 2273; x_wconf 86' lang='lat' dir='ltr'><strong>um</strong></span> <span class='ocrx_word' id='word_1_469' title='bbox 3360 2236 3389 2273; x_wconf 90' lang='lat' dir='ltr'><strong>a</strong></span> <span class='ocrx_word' id='word_1_470' title='bbox 3447 2236 3469 2272; x_wconf 82' lang='grc' dir='ltr'><strong>ι</strong></span> <span class='ocrx_word' id='word_1_471' title='bbox 3497 2236 3562 2273; x_wconf 87' lang='lat' dir='ltr'><strong>ae</strong></span> <span class='ocrx_word' id='word_1_472' title='bbox 3582 2236 3773 2273; x_wconf 86' lang='lat' dir='ltr'><strong>eooem</strong></span> 
     </span>
     <span class='ocr_line' id='line_1_68' title="bbox 2201 2236 3775 2356; baseline 0.002 -17"><span class='ocrx_word' id='word_1_473' title='bbox 2201 2285 2664 2342; x_wconf 85' lang='lat' dir='ltr'><strong>Francofordiensi</strong></span> <span class='ocrx_word' id='word_1_474' title='bbox 2722 2286 2950 2341; x_wconf 90' lang='lat' dir='ltr'><strong>concilio</strong></span> <span class='ocrx_word' id='word_1_475' title='bbox 2986 2287 3089 2342; x_wconf 93' lang='lat' dir='ltr'><strong>hoc</strong></span> <span class='ocrx_word' id='word_1_476' title='bbox 3140 2302 3281 2342; x_wconf 91' lang='lat' dir='ltr'><strong>anno</strong></span> <span class='ocrx_word' id='word_1_477' title='bbox 3321 2236 3541 2352; x_wconf 62' lang='lat' dir='ltr'><strong>uagitu,</strong></span> <span class='ocrx_word' id='word_1_478' title='bbox 3601 2289 3775 2356; x_wconf 86' lang='lat' dir='ltr'><strong>deque</strong></span> 
     </span>
    </p>
   </div>
   <div class='ocr_carea' id='block_1_68' title="bbox 2200 2356 3772 2427">
    <p class='ocr_par' dir='ltr' id='par_1_68' title="bbox 2200 2356 3772 2427">
     <span class='ocr_line' id='line_1_69' title="bbox 2200 2356 3772 2427; baseline 0.001 -18"><span class='ocrx_word' id='word_1_479' title='bbox 2200 2356 2449 2427; x_wconf 85' lang='lat' dir='ltr'><strong>damnata</strong></span> <span class='ocrx_word' id='word_1_480' title='bbox 2478 2356 2534 2427; x_wconf 89' lang='lat' dir='ltr'><strong>in</strong></span> <span class='ocrx_word' id='word_1_481' title='bbox 2561 2370 2656 2419; x_wconf 92' lang='lat' dir='ltr'><strong>eo,</strong></span> <span class='ocrx_word' id='word_1_482' title='bbox 2684 2363 2745 2409; x_wconf 91' lang='lat' dir='ltr'><strong>ut</strong></span> <span class='ocrx_word' id='word_1_483' title='bbox 2767 2356 2862 2418; x_wconf 88' lang='lat' dir='ltr'><strong>ait,</strong></span> <span class='ocrx_word' id='word_1_484' title='bbox 2888 2356 3079 2411; x_wconf 63' lang='lat' dir='ltr'><strong>haeresi</strong></span> <span class='ocrx_word' id='word_1_485' title='bbox 3108 2356 3372 2412; x_wconf 86' lang='lat' dir='ltr'><strong>Feliciana</strong></span> <span class='ocrx_word' id='word_1_486' title='bbox 3402 2375 3415 2410; x_wconf 91' lang='lat'><strong>:</strong></span> <span class='ocrx_word' id='word_1_487' title='bbox 3451 2388 3468 2407; x_wconf 76' lang='grc' dir='ltr'><strong>ι</strong></span> <span class='ocrx_word' id='word_1_488' title='bbox 3503 2357 3772 2427; x_wconf 81' lang='lat' dir='ltr'><strong>Synodus,</strong></span> 
     </span>
    </p>
   </div>
   <div class='ocr_carea' id='block_1_69' title="bbox 2200 2424 3775 2494">
    <p class='ocr_par' dir='ltr' id='par_1_69' title="bbox 2200 2424 3775 2494">
     <span class='ocr_line' id='line_1_70' title="bbox 2200 2424 3775 2494; baseline 0.002 -16"><span class='ocrx_word' id='word_1_489' title='bbox 2200 2424 2394 2494; x_wconf 87' lang='lat' dir='ltr'><strong>inquit,</strong></span> <span class='ocrx_word' id='word_1_490' title='bbox 2426 2426 2588 2479; x_wconf 87' lang='lat' dir='ltr'><strong>etiam</strong></span> <span class='ocrx_word' id='word_1_491' title='bbox 2630 2440 2750 2494; x_wconf 70' lang='lat' dir='ltr'><strong>quae</strong></span> <span class='ocrx_word' id='word_1_492' title='bbox 2775 2432 2898 2479; x_wconf 89' lang='lat' dir='ltr'><strong>ante</strong></span> <span class='ocrx_word' id='word_1_493' title='bbox 2941 2440 3143 2494; x_wconf 88' lang='lat' dir='ltr'><strong>paucos</strong></span> <span class='ocrx_word' id='word_1_494' title='bbox 3185 2436 3355 2494; x_wconf 87' lang='lat' dir='ltr'><strong>annos</strong></span> <span class='ocrx_word' id='word_1_495' title='bbox 3390 2424 3775 2481; x_wconf 80' lang='lat' dir='ltr'><strong>Constantino-</strong></span> 
     </span>
    </p>
   </div>
   <div class='ocr_carea' id='block_1_70' title="bbox 2198 2493 3774 2565">
    <p class='ocr_par' dir='ltr' id='par_1_70' title="bbox 2198 2493 3774 2565">
     <span class='ocr_line' id='line_1_71' title="bbox 2198 2493 3774 2565; baseline 0 -17"><span class='ocrx_word' id='word_1_496' title='bbox 2198 2493 2306 2563; x_wconf 84' lang='lat' dir='ltr'><strong>poli</strong></span> <span class='ocrx_word' id='word_1_497' title='bbox 2331 2497 2432 2551; x_wconf 89' lang='lat' dir='ltr'><strong>sub</strong></span> <span class='ocrx_word' id='word_1_498' title='bbox 2459 2496 2611 2549; x_wconf 90' lang='lat' dir='ltr'><strong>Irene</strong></span> <span class='ocrx_word' id='word_1_499' title='bbox 2634 2493 2688 2549; x_wconf 85' lang='lat' dir='ltr'><strong>et</strong></span> <span class='ocrx_word' id='word_1_500' title='bbox 2708 2493 3059 2549; x_wconf 80' lang='lat' dir='ltr'><strong>Constantino</strong></span> <span class='ocrx_word' id='word_1_501' title='bbox 3078 2496 3189 2550; x_wconf 81' lang='lat' dir='ltr'><strong>ﬁlio</strong></span> <span class='ocrx_word' id='word_1_502' title='bbox 3213 2493 3328 2563; x_wconf 86' lang='lat' dir='ltr'><strong>ejus</strong></span> <span class='ocrx_word' id='word_1_503' title='bbox 3348 2504 3691 2565; x_wconf 88' lang='lat' dir='ltr'><strong>congregata,</strong></span> <span class='ocrx_word' id='word_1_504' title='bbox 3721 2506 3774 2549; x_wconf 70' lang='lat' dir='ltr'><strong>et</strong></span> 
     </span>
    </p>
   </div>
   <div class='ocr_carea' id='block_1_71' title="bbox 2200 2565 3777 2634">
    <p class='ocr_par' dir='ltr' id='par_1_71' title="bbox 2200 2565 3777 2634">
     <span class='ocr_line' id='line_1_72' title="bbox 2200 2565 3777 2634; baseline 0.004 -17"><span class='ocrx_word' id='word_1_505' title='bbox 2200 2566 2269 2619; x_wconf 90' lang='lat' dir='ltr'><strong>ab</strong></span> <span class='ocrx_word' id='word_1_506' title='bbox 2299 2566 2429 2634; x_wconf 87' lang='lat' dir='ltr'><strong>ipsis</strong></span> <span class='ocrx_word' id='word_1_507' title='bbox 2452 2579 2558 2619; x_wconf 89' lang='lat' dir='ltr'><strong>non</strong></span> <span class='ocrx_word' id='word_1_508' title='bbox 2588 2565 2760 2619; x_wconf 88' lang='lat' dir='ltr'><strong>solum</strong></span> <span class='ocrx_word' id='word_1_509' title='bbox 2784 2565 3027 2632; x_wconf 86' lang='lat' dir='ltr'><strong>septima,</strong></span> <span class='ocrx_word' id='word_1_510' title='bbox 3060 2581 3248 2619; x_wconf 90' lang='lat' dir='ltr'><strong>verum</strong></span> <span class='ocrx_word' id='word_1_511' title='bbox 3269 2566 3429 2620; x_wconf 88' lang='lat' dir='ltr'><strong>etiam</strong></span> <span class='ocrx_word' id='word_1_512' title='bbox 3456 2565 3777 2623; x_wconf 84' lang='lat' dir='ltr'><strong>universalis</strong></span> 
     </span>
    </p>
   </div>
   <div class='ocr_carea' id='block_1_72' title="bbox 2200 2633 3777 2704">
    <p class='ocr_par' dir='ltr' id='par_1_72' title="bbox 2200 2633 3777 2704">
     <span class='ocr_line' id='line_1_73' title="bbox 2200 2633 3777 2704; baseline 0 -15"><span class='ocrx_word' id='word_1_513' title='bbox 2200 2633 2602 2704; x_wconf 34' lang='lat' dir='ltr'><strong>erat’appellata</strong></span> <span class='ocrx_word' id='word_1_514' title='bbox 2634 2651 2648 2687; x_wconf 93' lang='lat'><strong>:</strong></span> <span class='ocrx_word' id='word_1_515' title='bbox 2686 2642 2746 2688; x_wconf 92' lang='lat' dir='ltr'><strong>ut</strong></span> <span class='ocrx_word' id='word_1_516' title='bbox 2765 2648 2866 2688; x_wconf 89' lang='lat' dir='ltr'><strong>nec</strong></span> <span class='ocrx_word' id='word_1_517' title='bbox 2891 2636 3117 2702; x_wconf 85' lang='lat' dir='ltr'><strong>septima</strong></span> <span class='ocrx_word' id='word_1_518' title='bbox 3144 2650 3245 2689; x_wconf 89' lang='lat' dir='ltr'><strong>nec</strong></span> <span class='ocrx_word' id='word_1_519' title='bbox 3266 2635 3585 2690; x_wconf 80' lang='lat' dir='ltr'><strong>universalis</strong></span> <span class='ocrx_word' id='word_1_520' title='bbox 3613 2635 3777 2689; x_wconf 86' lang='lat' dir='ltr'><strong>habe-</strong></span> 
     </span>
    </p>
   </div>
   <div class='ocr_carea' id='block_1_73' title="bbox 2200 2704 3779 2772">
    <p class='ocr_par' dir='ltr' id='par_1_73' title="bbox 2200 2704 3779 2772">
     <span class='ocr_line' id='line_1_74' title="bbox 2200 2704 3779 2772; baseline -0.002 -14"><span class='ocrx_word' id='word_1_521' title='bbox 2200 2711 2349 2758; x_wconf 81' lang='lat' dir='ltr'><strong>retur</strong></span> <span class='ocrx_word' id='word_1_522' title='bbox 2372 2705 2726 2768; x_wconf 79' lang='lat' dir='ltr'><strong>dicereturve,</strong></span> <span class='ocrx_word' id='word_1_523' title='bbox 2749 2704 2902 2772; x_wconf 88' lang='lat' dir='ltr'><strong>quasi</strong></span> <span class='ocrx_word' id='word_1_524' title='bbox 2924 2718 3251 2772; x_wconf 87' lang='lat' dir='ltr'><strong>supervacua</strong></span> <span class='ocrx_word' id='word_1_525' title='bbox 3273 2705 3490 2759; x_wconf 89' lang='lat' dir='ltr'><strong>omnino</strong></span> <span class='ocrx_word' id='word_1_526' title='bbox 3517 2706 3584 2759; x_wconf 89' lang='lat' dir='ltr'><strong>ab</strong></span> <span class='ocrx_word' id='word_1_527' title='bbox 3605 2704 3779 2757; x_wconf 76' lang='lat' dir='ltr'><strong>omni—</strong></span> 
     </span>
    </p>
   </div>
   <div class='ocr_carea' id='block_1_74' title="bbox 2199 2772 3777 2829">
    <p class='ocr_par' dir='ltr' id='par_1_74' title="bbox 2199 2772 3777 2829">
     <span class='ocr_line' id='line_1_75' title="bbox 2199 2772 3777 2829; baseline -0.001 -2"><span class='ocrx_word' id='word_1_528' title='bbox 2199 2774 2300 2827; x_wconf 89' lang='lat' dir='ltr'><strong>bus</strong></span> <span class='ocrx_word' id='word_1_529' title='bbox 2323 2774 2568 2828; x_wconf 87' lang='lat' dir='ltr'><strong>abdicata</strong></span> <span class='ocrx_word' id='word_1_530' title='bbox 2589 2779 2691 2828; x_wconf 90' lang='lat' dir='ltr'><strong>est.</strong></span> <span class='ocrx_word' id='word_1_531' title='bbox 2722 2792 2740 2824; x_wconf 83' lang='grc' dir='ltr'><strong>ι</strong></span> <span class='ocrx_word' id='word_1_532' title='bbox 2793 2772 2919 2827; x_wconf 65' lang='lat' dir='ltr'><strong>Haec</strong></span> <span class='ocrx_word' id='word_1_533' title='bbox 2944 2773 3040 2827; x_wconf 90' lang='lat' dir='ltr'><strong>ibi.</strong></span> <span class='ocrx_word' id='word_1_534' title='bbox 3088 2774 3287 2829; x_wconf 87' lang='lat' dir='ltr'><strong>Eadem</strong></span> <span class='ocrx_word' id='word_1_535' title='bbox 3329 2774 3550 2829; x_wconf 90' lang='lat' dir='ltr'><strong>totidem</strong></span> <span class='ocrx_word' id='word_1_536' title='bbox 3597 2774 3777 2827; x_wconf 79' lang='lat' dir='ltr'><strong>verbis</strong></span> 
     </span>
    </p>
   </div>
   <div class='ocr_carea' id='block_1_75' title="bbox 2201 2841 3777 2913">
    <p class='ocr_par' dir='ltr' id='par_1_75' title="bbox 2201 2841 3777 2913">
     <span class='ocr_line' id='line_1_76' title="bbox 2201 2841 3777 2913; baseline -0.001 -18"><span class='ocrx_word' id='word_1_537' title='bbox 2201 2843 2341 2910; x_wconf 88' lang='lat' dir='ltr'><strong>apud</strong></span> <span class='ocrx_word' id='word_1_538' title='bbox 2375 2841 2683 2897; x_wconf 87' lang='lat' dir='ltr'><strong>Aimoinum</strong></span> <span class='ocrx_word' id='word_1_539' title='bbox 2724 2842 2989 2913; x_wconf 85' lang='lat' dir='ltr'><strong>descripta</strong></span> <span class='ocrx_word' id='word_1_540' title='bbox 3027 2842 3293 2913; x_wconf 78' lang='lat' dir='ltr'><strong>leguntur.</strong></span> <span class='ocrx_word' id='word_1_541' title='bbox 3337 2843 3641 2899; x_wconf 85' lang='lat' dir='ltr'><strong>Cbronicon</strong></span> <span class='ocrx_word' id='word_1_542' title='bbox 3686 2842 3777 2913; x_wconf 83' lang='lat' dir='ltr'><strong>iti-</strong></span> 
     </span>
    </p>
   </div>
   <div class='ocr_carea' id='block_1_76' title="bbox 2202 2912 3777 2981">
    <p class='ocr_par' dir='ltr' id='par_1_76' title="bbox 2202 2912 3777 2981">
     <span class='ocr_line' id='line_1_77' title="bbox 2202 2912 3777 2981; baseline -0.001 -15"><span class='ocrx_word' id='word_1_543' title='bbox 2202 2913 2324 2966; x_wconf 90' lang='lat' dir='ltr'><strong>dem</strong></span> <span class='ocrx_word' id='word_1_544' title='bbox 2350 2913 2536 2967; x_wconf 86' lang='lat' dir='ltr'><strong>eodem</strong></span> <span class='ocrx_word' id='word_1_545' title='bbox 2566 2918 2806 2980; x_wconf 90' lang='lat' dir='ltr'><strong>tempore</strong></span> <span class='ocrx_word' id='word_1_546' title='bbox 2830 2912 3117 2981; x_wconf 68' lang='lat' dir='ltr'><strong>scriptum,</strong></span> <span class='ocrx_word' id='word_1_547' title='bbox 3154 2927 3184 2965; x_wconf 93' lang='lat' dir='ltr'><strong>a</strong></span> <span class='ocrx_word' id='word_1_548' title='bbox 3208 2912 3418 2967; x_wconf 76' lang='lat' dir='ltr'><strong>Pithceo</strong></span> <span class='ocrx_word' id='word_1_549' title='bbox 3464 2927 3636 2981; x_wconf 88' lang='lat' dir='ltr'><strong>nuper</strong></span> <span class='ocrx_word' id='word_1_550' title='bbox 3659 2912 3777 2981; x_wconf 85' lang='lat' dir='ltr'><strong>edi-</strong></span> 
     </span>
    </p>
   </div>
   <div class='ocr_carea' id='block_1_77' title="bbox 2204 2979 3780 3044">
    <p class='ocr_par' dir='ltr' id='par_1_77' title="bbox 2204 2979 3780 3044">
     <span class='ocr_line' id='line_1_78' title="bbox 2204 2979 3780 3044; baseline 0 -10"><span class='ocrx_word' id='word_1_551' title='bbox 2204 2989 2338 3044; x_wconf 88' lang='lat' dir='ltr'><strong>tum,</strong></span> <span class='ocrx_word' id='word_1_552' title='bbox 2371 2982 2486 3036; x_wconf 70' lang='lat' dir='ltr'><strong>haec</strong></span> <span class='ocrx_word' id='word_1_553' title='bbox 2512 2979 2698 3035; x_wconf 85' lang='lat' dir='ltr'><strong>eodem</strong></span> <span class='ocrx_word' id='word_1_554' title='bbox 2734 2995 2875 3035; x_wconf 86' lang='lat' dir='ltr'><strong>anno</strong></span> <span class='ocrx_word' id='word_1_555' title='bbox 2917 2979 2983 3034; x_wconf 88' lang='lat' dir='ltr'><strong>de</strong></span> <span class='ocrx_word' id='word_1_556' title='bbox 3034 2981 3221 3035; x_wconf 88' lang='lat' dir='ltr'><strong>iisdem</strong></span> <span class='ocrx_word' id='word_1_557' title='bbox 3248 2983 3448 3037; x_wconf 87' lang='lat' dir='ltr'><strong>habet:</strong></span> <span class='ocrx_word' id='word_1_558' title='bbox 3497 2999 3515 3031; x_wconf 78' lang='grc' dir='ltr'><strong>ι</strong></span> <span class='ocrx_word' id='word_1_559' title='bbox 3543 2979 3780 3035; x_wconf 81' lang='lat' dir='ltr'><strong>Pseudo-</strong></span> 
     </span>
    </p>
   </div>
   <div class='ocr_carea' id='block_1_78' title="bbox 523 3048 3776 3141">
    <p class='ocr_par' dir='ltr' id='par_1_78' title="bbox 523 3048 3776 3141">
     <span class='ocr_line' id='line_1_79' title="bbox 523 3048 3776 3141; baseline -0.001 -37"><span class='ocrx_word' id='word_1_560' title='bbox 523 3052 602 3105; x_wconf 90' lang='lat' dir='ltr'><strong>ita</strong></span> <span class='ocrx_word' id='word_1_561' title='bbox 625 3051 916 3141; x_wconf 46' lang='lat' dir='ltr'><strong>e&#39;t&#39;ajnobis</strong></span> <span class='ocrx_word' id='word_1_562' title='bbox 934 3051 1264 3132; x_wconf 76' lang='lat' dir='ltr'><strong>reciperetur</strong></span> <span class='ocrx_word' id='word_1_563' title='bbox 1281 3058 1335 3105; x_wconf 88' lang='lat' dir='ltr'><strong>et</strong></span> <span class='ocrx_word' id='word_1_564' title='bbox 1356 3052 1713 3106; x_wconf 87' lang='lat' dir='ltr'><strong>condecenter</strong></span> <span class='ocrx_word' id='word_1_565' title='bbox 1723 3051 2097 3141; x_wconf 66' lang='lat' dir='ltr'><strong>honoraretur.</strong></span> <span class='ocrx_word' id='word_1_566' title='bbox 2129 3080 2173 3141; x_wconf 67' lang='grc' dir='ltr'>ο</span> <span class='ocrx_word' id='word_1_567' title='bbox 2206 3052 2440 3141; x_wconf 70' lang='lat' dir='ltr'><strong>synodus</strong></span> <span class='ocrx_word' id='word_1_568' title='bbox 2467 3049 2788 3141; x_wconf 67' lang='lat' dir='ltr'><strong>Graecorum</strong></span> <span class='ocrx_word' id='word_1_569' title='bbox 2800 3065 2896 3118; x_wconf 86' lang='lat' dir='ltr'><strong>pro</strong></span> <span class='ocrx_word' id='word_1_570' title='bbox 2908 3048 3121 3141; x_wconf 64' lang='lat' dir='ltr'><strong>adorari</strong></span> <span class='ocrx_word' id='word_1_571' title='bbox 3131 3051 3207 3105; x_wconf 80' lang='lat' dir='ltr'><strong>dis</strong></span> <span class='ocrx_word' id='word_1_572' title='bbox 3223 3052 3546 3141; x_wconf 61' lang='lat' dir='ltr'><strong>imaginibus</strong></span> <span class='ocrx_word' id='word_1_573' title='bbox 3569 3050 3776 3141; x_wconf 77' lang='lat' dir='ltr'><strong>habita,</strong></span> 
     </span>
    </p>
   </div>
   <div class='ocr_carea' id='block_1_79' title="bbox 601 3119 2099 3189">
    <p class='ocr_par' dir='ltr' id='par_1_79' title="bbox 601 3119 2099 3189">
     <span class='ocr_line' id='line_1_80' title="bbox 601 3119 2099 3189; baseline 0.002 -20"><span class='ocrx_word' id='word_1_574' title='bbox 601 3137 621 3169; x_wconf 84' lang='grc'><strong>‹</strong></span> <span class='ocrx_word' id='word_1_575' title='bbox 651 3119 804 3175; x_wconf 88' lang='lat' dir='ltr'><strong>Unde</strong></span> <span class='ocrx_word' id='word_1_576' title='bbox 823 3134 922 3187; x_wconf 92' lang='lat' dir='ltr'><strong>pro</strong></span> <span class='ocrx_word' id='word_1_577' title='bbox 945 3120 1113 3173; x_wconf 89' lang='lat' dir='ltr'><strong>nimio</strong></span> <span class='ocrx_word' id='word_1_578' title='bbox 1136 3135 1339 3182; x_wconf 89' lang='lat' dir='ltr'><strong>amore,</strong></span> <span class='ocrx_word' id='word_1_579' title='bbox 1363 3135 1519 3189; x_wconf 88' lang='lat' dir='ltr'><strong>quem</strong></span> <span class='ocrx_word' id='word_1_580' title='bbox 1543 3135 1671 3189; x_wconf 89' lang='lat' dir='ltr'><strong>erga</strong></span> <span class='ocrx_word' id='word_1_581' title='bbox 1705 3128 1939 3174; x_wconf 86' lang='lat' dir='ltr'><strong>vestram</strong></span> <span class='ocrx_word' id='word_1_582' title='bbox 1966 3120 2099 3173; x_wconf 90' lang='lat' dir='ltr'><strong>mel-</strong></span> 
     </span>
    </p>
   </div>
   <div class='ocr_carea' id='block_1_80' title="bbox 527 3188 2100 3257">
    <p class='ocr_par' dir='ltr' id='par_1_80' title="bbox 527 3188 2100 3257">
     <span class='ocr_line' id='line_1_81' title="bbox 527 3188 2100 3257; baseline 0 -15"><span class='ocrx_word' id='word_1_583' title='bbox 527 3188 729 3242; x_wconf 86' lang='lat' dir='ltr'><strong>lilluam</strong></span> <span class='ocrx_word' id='word_1_584' title='bbox 760 3189 1000 3257; x_wconf 85' lang='lat' dir='ltr'><strong>gerimus</strong></span> <span class='ocrx_word' id='word_1_585' title='bbox 1038 3189 1269 3257; x_wconf 86' lang='lat' dir='ltr'><strong>regalem</strong></span> <span class='ocrx_word' id='word_1_586' title='bbox 1301 3188 1670 3243; x_wconf 80' lang='lat' dir='ltr'><strong>excellentiam</strong></span> <span class='ocrx_word' id='word_1_587' title='bbox 1690 3229 1704 3252; x_wconf 92' lang='lat'><strong>,</strong></span> <span class='ocrx_word' id='word_1_588' title='bbox 1737 3189 1875 3244; x_wconf 90' lang='lat' dir='ltr'><strong>sicut</strong></span> <span class='ocrx_word' id='word_1_589' title='bbox 1906 3188 2100 3243; x_wconf 91' lang='lat' dir='ltr'><strong>misisti</strong></span> 
     </span>
    </p>
   </div>
   <div class='ocr_carea' id='block_1_81' title="bbox 526 3257 2102 3314">
    <p class='ocr_par' dir='ltr' id='par_1_81' title="bbox 526 3257 2102 3314">
     <span class='ocr_line' id='line_1_82' title="bbox 526 3257 2102 3314; baseline 0 -2"><span class='ocrx_word' id='word_1_590' title='bbox 526 3272 653 3312; x_wconf 87' lang='lat' dir='ltr'><strong>cum</strong></span> <span class='ocrx_word' id='word_1_591' title='bbox 679 3257 846 3311; x_wconf 92' lang='lat' dir='ltr'><strong>nimio</strong></span> <span class='ocrx_word' id='word_1_592' title='bbox 874 3271 1058 3311; x_wconf 87' lang='lat' dir='ltr'><strong>amore</strong></span> <span class='ocrx_word' id='word_1_593' title='bbox 1099 3259 1397 3313; x_wconf 89' lang='lat' dir='ltr'><strong>dulcedinis</strong></span> <span class='ocrx_word' id='word_1_594' title='bbox 1436 3259 1648 3313; x_wconf 63' lang='lat' dir='ltr'><strong>eximite</strong></span> <span class='ocrx_word' id='word_1_595' title='bbox 1683 3273 1807 3312; x_wconf 91' lang='lat' dir='ltr'><strong>eum</strong></span> <span class='ocrx_word' id='word_1_596' title='bbox 1836 3257 2102 3314; x_wconf 83' lang='lat' dir='ltr'><strong>recipien-</strong></span> 
     </span>
    </p>
   </div>
   <div class='ocr_carea' id='block_1_82' title="bbox 531 3326 2105 3396">
    <p class='ocr_par' dir='ltr' id='par_1_82' title="bbox 531 3326 2105 3396">
     <span class='ocr_line' id='line_1_83' title="bbox 531 3326 2105 3396; baseline 0 -15"><span class='ocrx_word' id='word_1_597' title='bbox 531 3336 632 3390; x_wconf 87' lang='lat' dir='ltr'><strong>tes,</strong></span> <span class='ocrx_word' id='word_1_598' title='bbox 670 3334 832 3395; x_wconf 89' lang='lat' dir='ltr'><strong>prout</strong></span> <span class='ocrx_word' id='word_1_599' title='bbox 850 3326 1036 3390; x_wconf 87' lang='lat' dir='ltr'><strong>voluit,</strong></span> <span class='ocrx_word' id='word_1_600' title='bbox 1069 3335 1121 3380; x_wconf 90' lang='lat' dir='ltr'><strong>et</strong></span> <span class='ocrx_word' id='word_1_601' title='bbox 1150 3328 1382 3396; x_wconf 87' lang='lat' dir='ltr'><strong>qualiter</strong></span> <span class='ocrx_word' id='word_1_602' title='bbox 1400 3328 1568 3382; x_wconf 90' lang='lat' dir='ltr'><strong>voluit</strong></span> <span class='ocrx_word' id='word_1_603' title='bbox 1589 3343 1711 3381; x_wconf 91' lang='lat' dir='ltr'><strong>cum</strong></span> <span class='ocrx_word' id='word_1_604' title='bbox 1735 3342 1926 3396; x_wconf 90' lang='lat' dir='ltr'><strong>magna</strong></span> <span class='ocrx_word' id='word_1_605' title='bbox 1951 3326 2105 3381; x_wconf 87' lang='lat' dir='ltr'><strong>lami-</strong></span> 
     </span>
    </p>
   </div>
   <div class='ocr_carea' id='block_1_83' title="bbox 529 3396 2105 3466">
    <p class='ocr_par' dir='ltr' id='par_1_83' title="bbox 529 3396 2105 3466">
     <span class='ocr_line' id='line_1_84' title="bbox 529 3396 2105 3466; baseline 0.001 -16"><span class='ocrx_word' id='word_1_606' title='bbox 529 3397 765 3453; x_wconf 89' lang='lat' dir='ltr'><strong>liaritate</strong></span> <span class='ocrx_word' id='word_1_607' title='bbox 782 3396 940 3451; x_wconf 90' lang='lat' dir='ltr'><strong>nobis</strong></span> <span class='ocrx_word' id='word_1_608' title='bbox 963 3404 1304 3451; x_wconf 88' lang='lat' dir='ltr'><strong>enarrantem</strong></span> <span class='ocrx_word' id='word_1_609' title='bbox 1349 3412 1479 3451; x_wconf 89' lang='lat' dir='ltr'><strong>aure</strong></span> <span class='ocrx_word' id='word_1_610' title='bbox 1518 3397 1797 3466; x_wconf 88' lang='lat' dir='ltr'><strong>placabili,</strong></span> <span class='ocrx_word' id='word_1_611' title='bbox 1844 3404 1899 3452; x_wconf 91' lang='lat' dir='ltr'><strong>et</strong></span> <span class='ocrx_word' id='word_1_612' title='bbox 1927 3404 2105 3451; x_wconf 88' lang='lat' dir='ltr'><strong>mente</strong></span> 
     </span>
    </p>
   </div>
   <div class='ocr_carea' id='block_1_84' title="bbox 529 3465 2105 3536">
    <p class='ocr_par' dir='ltr' id='par_1_84' title="bbox 529 3465 2105 3536">
     <span class='ocr_line' id='line_1_85' title="bbox 529 3465 2105 3536; baseline -0.002 -15"><span class='ocrx_word' id='word_1_613' title='bbox 529 3466 762 3536; x_wconf 86' lang='lat' dir='ltr'><strong>benigna</strong></span> <span class='ocrx_word' id='word_1_614' title='bbox 786 3481 910 3536; x_wconf 85' lang='lat' dir='ltr'><strong>eum</strong></span> <span class='ocrx_word' id='word_1_615' title='bbox 938 3466 1303 3536; x_wconf 75' lang='lat' dir='ltr'><strong>suscepimus,</strong></span> <span class='ocrx_word' id='word_1_616' title='bbox 1353 3475 1407 3521; x_wconf 90' lang='lat' dir='ltr'><strong>et</strong></span> <span class='ocrx_word' id='word_1_617' title='bbox 1428 3465 1578 3536; x_wconf 87' lang='lat' dir='ltr'><strong>quasi</strong></span> <span class='ocrx_word' id='word_1_618' title='bbox 1613 3473 1791 3521; x_wconf 87' lang='lat' dir='ltr'><strong>vestra</strong></span> <span class='ocrx_word' id='word_1_619' title='bbox 1840 3465 2105 3535; x_wconf 87' lang='lat' dir='ltr'><strong>corporali</strong></span> 
     </span>
    </p>
   </div>
   <div class='ocr_carea' id='block_1_85' title="bbox 530 3479 2107 3606">
    <p class='ocr_par' dir='ltr' id='par_1_85' title="bbox 530 3479 2107 3606">
     <span class='ocr_line' id='line_1_86' title="bbox 531 3479 2105 3587; baseline -0.002 -66"><span class='ocrx_word' id='word_1_620' title='bbox 531 3479 762 3587; x_wconf 55' lang='lat' dir='ltr'><strong>benigna</strong></span> <span class='ocrx_word' id='word_1_621' title='bbox 786 3481 910 3521; x_wconf 90' lang='lat' dir='ltr'><strong>eum</strong></span> <span class='ocrx_word' id='word_1_622' title='bbox 938 3481 1303 3534; x_wconf 74' lang='lat' dir='ltr'><strong>suscepimus,</strong></span> <span class='ocrx_word' id='word_1_623' title='bbox 1353 3479 1407 3521; x_wconf 89' lang='lat' dir='ltr'><strong>et</strong></span> <span class='ocrx_word' id='word_1_624' title='bbox 1428 3482 1578 3536; x_wconf 77' lang='lat' dir='ltr'><strong>quasi</strong></span> <span class='ocrx_word' id='word_1_625' title='bbox 1613 3479 1791 3521; x_wconf 87' lang='lat' dir='ltr'><strong>vestra</strong></span> <span class='ocrx_word' id='word_1_626' title='bbox 1840 3479 2105 3535; x_wconf 77' lang='lat' dir='ltr'><strong>corporali</strong></span> 
     </span>
     <span class='ocr_line' id='line_1_87' title="bbox 530 3535 2107 3606; baseline -0.001 -15"><span class='ocrx_word' id='word_1_627' title='bbox 530 3535 847 3606; x_wconf 76' lang='lat' dir='ltr'><strong>exceientia</strong></span> <span class='ocrx_word' id='word_1_628' title='bbox 892 3535 1055 3606; x_wconf 82' lang='lat' dir='ltr'><strong>nobis</strong></span> <span class='ocrx_word' id='word_1_629' title='bbox 1078 3543 1348 3600; x_wconf 87' lang='lat' dir='ltr'><strong>narrante,</strong></span> <span class='ocrx_word' id='word_1_630' title='bbox 1390 3538 1439 3591; x_wconf 90' lang='lat' dir='ltr'><strong>ei</strong></span> <span class='ocrx_word' id='word_1_631' title='bbox 1468 3537 1738 3606; x_wconf 87' lang='lat' dir='ltr'><strong>patentius</strong></span> <span class='ocrx_word' id='word_1_632' title='bbox 1783 3536 2107 3590; x_wconf 88' lang='lat' dir='ltr'><strong>credidimus</strong></span> 
     </span>
    </p>
   </div>
   <div class='ocr_carea' id='block_1_86' title="bbox 532 3604 2106 3674">
    <p class='ocr_par' dir='ltr' id='par_1_86' title="bbox 532 3604 2106 3674">
     <span class='ocr_line' id='line_1_88' title="bbox 532 3604 2106 3674; baseline -0.001 -14"><span class='ocrx_word' id='word_1_633' title='bbox 532 3604 814 3660; x_wconf 74' lang='lat' dir='ltr'><strong>musilium</strong></span> <span class='ocrx_word' id='word_1_634' title='bbox 840 3604 908 3657; x_wconf 87' lang='lat' dir='ltr'><strong>ad</strong></span> <span class='ocrx_word' id='word_1_635' title='bbox 931 3604 1227 3674; x_wconf 89' lang='lat' dir='ltr'><strong>profectum</strong></span> <span class='ocrx_word' id='word_1_636' title='bbox 1257 3604 1692 3661; x_wconf 34' lang='lat' dir='ltr'><strong>sancte—nostra:</strong></span> <span class='ocrx_word' id='word_1_637' title='bbox 1722 3606 1974 3660; x_wconf 76' lang='lat' dir='ltr'><strong>Romana:</strong></span> <span class='ocrx_word' id='word_1_638' title='bbox 2001 3606 2106 3659; x_wconf 84' lang='lat' dir='ltr'><strong>Ec—</strong></span> 
     </span>
    </p>
   </div>
   <div class='ocr_carea' id='block_1_87' title="bbox 533 3674 2109 3744">
    <p class='ocr_par' dir='ltr' id='par_1_87' title="bbox 533 3674 2109 3744">
     <span class='ocr_line' id='line_1_89' title="bbox 533 3674 2109 3744; baseline -0.001 -14"><span class='ocrx_word' id='word_1_639' title='bbox 533 3674 749 3737; x_wconf 71' lang='lat' dir='ltr'><strong>clesiae,</strong></span> <span class='ocrx_word' id='word_1_640' title='bbox 795 3682 852 3729; x_wconf 89' lang='lat' dir='ltr'><strong>et</strong></span> <span class='ocrx_word' id='word_1_641' title='bbox 879 3682 1071 3729; x_wconf 76' lang='lat' dir='ltr'><strong>vestra:</strong></span> <span class='ocrx_word' id='word_1_642' title='bbox 1114 3690 1145 3729; x_wconf 89' lang='lat' dir='ltr'><strong>a</strong></span> <span class='ocrx_word' id='word_1_643' title='bbox 1177 3676 1284 3729; x_wconf 88' lang='lat' dir='ltr'><strong>Deo</strong></span> <span class='ocrx_word' id='word_1_644' title='bbox 1315 3683 1570 3744; x_wconf 80' lang='lat' dir='ltr'><strong>protectae</strong></span> <span class='ocrx_word' id='word_1_645' title='bbox 1618 3675 1814 3743; x_wconf 88' lang='lat' dir='ltr'><strong>regalis</strong></span> <span class='ocrx_word' id='word_1_646' title='bbox 1856 3676 2109 3744; x_wconf 75' lang='lat' dir='ltr'><strong>potentia:</strong></span> 
     </span>
    </p>
   </div>
   <div class='ocr_carea' id='block_1_88' title="bbox 531 3744 2110 3813">
    <p class='ocr_par' dir='ltr' id='par_1_88' title="bbox 531 3744 2110 3813">
     <span class='ocr_line' id='line_1_90' title="bbox 531 3744 2110 3813; baseline -0.001 -13"><span class='ocrx_word' id='word_1_647' title='bbox 531 3744 935 3800; x_wconf 74' lang='lat' dir='ltr'><strong>exultationem.</strong></span> <span class='ocrx_word' id='word_1_648' title='bbox 968 3744 1114 3799; x_wconf 88' lang='lat' dir='ltr'><strong>Inter</strong></span> <span class='ocrx_word' id='word_1_649' title='bbox 1138 3760 1260 3813; x_wconf 73' lang='lat' dir='ltr'><strong>quae</strong></span> <span class='ocrx_word' id='word_1_650' title='bbox 1284 3747 1452 3799; x_wconf 88' lang='lat' dir='ltr'><strong>edidit</strong></span> <span class='ocrx_word' id='word_1_651' title='bbox 1485 3745 1646 3799; x_wconf 91' lang='lat' dir='ltr'><strong>nobis</strong></span> <span class='ocrx_word' id='word_1_652' title='bbox 1684 3744 1980 3813; x_wconf 85' lang='lat' dir='ltr'><strong>capitulare</strong></span> <span class='ocrx_word' id='word_1_653' title='bbox 2014 3746 2110 3798; x_wconf 91' lang='lat' dir='ltr'><strong>ad-</strong></span> 
     </span>
    </p>
   </div>
   <div class='ocr_carea' id='block_1_89' title="bbox 535 3815 2112 3884">
    <p class='ocr_par' dir='ltr' id='par_1_89' title="bbox 535 3815 2112 3884">
     <span class='ocr_line' id='line_1_91' title="bbox 535 3815 2112 3884; baseline 0.001 -19"><span class='ocrx_word' id='word_1_654' title='bbox 535 3829 726 3869; x_wconf 84' lang='lat' dir='ltr'><strong>versus</strong></span> <span class='ocrx_word' id='word_1_655' title='bbox 750 3816 1012 3884; x_wconf 83' lang='lat' dir='ltr'><strong>synodum</strong></span> <span class='ocrx_word' id='word_1_656' title='bbox 1032 3854 1047 3877; x_wconf 92' lang='lat'><strong>,</strong></span> <span class='ocrx_word' id='word_1_657' title='bbox 1072 3829 1192 3882; x_wconf 75' lang='lat' dir='ltr'><strong>quae</strong></span> <span class='ocrx_word' id='word_1_658' title='bbox 1224 3830 1323 3884; x_wconf 88' lang='lat' dir='ltr'><strong>pro</strong></span> <span class='ocrx_word' id='word_1_659' title='bbox 1361 3830 1637 3870; x_wconf 89' lang='lat' dir='ltr'><strong>sacrarum</strong></span> <span class='ocrx_word' id='word_1_660' title='bbox 1668 3815 1979 3884; x_wconf 10' lang='lat' dir='ltr'><strong>imaginum,</strong></span> <span class='ocrx_word' id='word_1_661' title='bbox 2000 3828 2112 3884; x_wconf 83' lang='lat' dir='ltr'><strong>ere-</strong></span> 
     </span>
    </p>
   </div>
   <div class='ocr_carea' id='block_1_90' title="bbox 533 3882 2111 3954">
    <p class='ocr_par' dir='ltr' id='par_1_90' title="bbox 533 3882 2111 3954">
     <span class='ocr_line' id='line_1_92' title="bbox 533 3882 2111 3954; baseline -0.003 -15"><span class='ocrx_word' id='word_1_662' title='bbox 533 3885 713 3940; x_wconf 88' lang='lat' dir='ltr'><strong>ctione</strong></span> <span class='ocrx_word' id='word_1_663' title='bbox 746 3882 799 3938; x_wconf 86' lang='lat' dir='ltr'><strong>in</strong></span> <span class='ocrx_word' id='word_1_664' title='bbox 830 3882 1006 3937; x_wconf 70' lang='lat' dir='ltr'><strong>Nicma</strong></span> <span class='ocrx_word' id='word_1_665' title='bbox 1035 3892 1154 3938; x_wconf 88' lang='lat' dir='ltr'><strong>acta</strong></span> <span class='ocrx_word' id='word_1_666' title='bbox 1181 3882 1283 3939; x_wconf 81' lang='lat' dir='ltr'><strong>est.</strong></span> <span class='ocrx_word' id='word_1_667' title='bbox 1338 3884 1490 3940; x_wconf 85' lang='lat' dir='ltr'><strong>Unde</strong></span> <span class='ocrx_word' id='word_1_668' title='bbox 1516 3899 1614 3954; x_wconf 88' lang='lat' dir='ltr'><strong>pro</strong></span> <span class='ocrx_word' id='word_1_669' title='bbox 1641 3882 1819 3938; x_wconf 81' lang='lat' dir='ltr'><strong>vestra</strong></span> <span class='ocrx_word' id='word_1_670' title='bbox 1861 3882 2111 3954; x_wconf 86' lang='lat' dir='ltr'><strong>mellillua</strong></span> 
     </span>
    </p>
   </div>
   <div class='ocr_carea' id='block_1_91' title="bbox 534 3953 2114 4036">
    <p class='ocr_par' dir='ltr' id='par_1_91' title="bbox 534 3953 2114 4036">
     <span class='ocr_line' id='line_1_93' title="bbox 534 3953 2114 4036; baseline -0.003 -26"><span class='ocrx_word' id='word_1_671' title='bbox 534 3953 701 4023; x_wconf 85' lang='lat' dir='ltr'><strong>regali</strong></span> <span class='ocrx_word' id='word_1_672' title='bbox 733 3954 1018 4036; x_wconf 72' lang='lat' dir='ltr'><strong>dilectione</strong></span> <span class='ocrx_word' id='word_1_673' title='bbox 1058 3968 1155 4022; x_wconf 91' lang='lat' dir='ltr'><strong>per</strong></span> <span class='ocrx_word' id='word_1_674' title='bbox 1214 3953 1654 4036; x_wconf 67' lang='lat' dir='ltr'><strong>unumquodque</strong></span> <span class='ocrx_word' id='word_1_675' title='bbox 1692 3953 1984 4036; x_wconf 70' lang='lat' dir='ltr'><strong>capitulum</strong></span> <span class='ocrx_word' id='word_1_676' title='bbox 2029 3967 2114 4006; x_wconf 90' lang='lat' dir='ltr'><strong>re-</strong></span> 
     </span>
    </p>
   </div>
   <div class='ocr_carea' id='block_1_92' title="bbox 536 4022 2113 4095">
    <p class='ocr_par' dir='ltr' id='par_1_92' title="bbox 536 4022 2113 4095">
     <span class='ocr_line' id='line_1_94' title="bbox 536 4022 2113 4095; baseline -0.002 -18"><span class='ocrx_word' id='word_1_677' title='bbox 536 4022 793 4095; x_wconf 75' lang='lat' dir='ltr'><strong>sponsum</strong></span> <span class='ocrx_word' id='word_1_678' title='bbox 818 4024 1164 4095; x_wconf 84' lang='lat' dir='ltr'><strong>reddidimus,</strong></span> <span class='ocrx_word' id='word_1_679' title='bbox 1194 4040 1300 4078; x_wconf 91' lang='lat' dir='ltr'><strong>non</strong></span> <span class='ocrx_word' id='word_1_680' title='bbox 1328 4022 1620 4095; x_wconf 75' lang='lat' dir='ltr'><strong>quemlibet</strong></span> <span class='ocrx_word' id='word_1_681' title='bbox 1638 4022 1820 4095; x_wconf 87' lang='lat' dir='ltr'><strong>(absit)</strong></span> <span class='ocrx_word' id='word_1_682' title='bbox 1842 4023 2113 4095; x_wconf 79' lang='lat' dir='ltr'><strong>hominem</strong></span> 
     </span>
    </p>
   </div>
   <div class='ocr_carea' id='block_1_93' title="bbox 537 4091 2117 4157">
    <p class='ocr_par' dir='ltr' id='par_1_93' title="bbox 537 4091 2117 4157">
     <span class='ocr_line' id='line_1_95' title="bbox 537 4091 2117 4157; baseline -0.001 -10"><span class='ocrx_word' id='word_1_683' title='bbox 537 4091 916 4157; x_wconf 76' lang='lat' dir='ltr'><strong>defendentes,</strong></span> <span class='ocrx_word' id='word_1_684' title='bbox 947 4095 1040 4148; x_wconf 88' lang='lat' dir='ltr'><strong>sed</strong></span> <span class='ocrx_word' id='word_1_685' title='bbox 1066 4093 1320 4148; x_wconf 87' lang='lat' dir='ltr'><strong>olitanam</strong></span> <span class='ocrx_word' id='word_1_686' title='bbox 1346 4091 1685 4148; x_wconf 84' lang='lat' dir='ltr'><strong>traditionem</strong></span> <span class='ocrx_word' id='word_1_687' title='bbox 1708 4091 1907 4147; x_wconf 63' lang='lat' dir='ltr'><strong>sanettc</strong></span> <span class='ocrx_word' id='word_1_688' title='bbox 1934 4091 2117 4146; x_wconf 86' lang='lat' dir='ltr'><strong>catho-</strong></span> 
     </span>
    </p>
   </div>
   <div class='ocr_carea' id='block_1_94' title="bbox 538 4162 2116 4231">
    <p class='ocr_par' dir='ltr' id='par_1_94' title="bbox 538 4162 2116 4231">
     <span class='ocr_line' id='line_1_96' title="bbox 538 4162 2116 4231; baseline 0.001 -17"><span class='ocrx_word' id='word_1_689' title='bbox 538 4162 654 4218; x_wconf 63' lang='lat' dir='ltr'><strong>licae</strong></span> <span class='ocrx_word' id='word_1_690' title='bbox 674 4170 727 4217; x_wconf 89' lang='lat' dir='ltr'><strong>et</strong></span> <span class='ocrx_word' id='word_1_691' title='bbox 744 4162 1050 4231; x_wconf 63' lang='lat' dir='ltr'><strong>apostolicae</strong></span> <span class='ocrx_word' id='word_1_692' title='bbox 1069 4163 1325 4218; x_wconf 69' lang='lat' dir='ltr'><strong>Romana:</strong></span> <span class='ocrx_word' id='word_1_693' title='bbox 1352 4164 1605 4218; x_wconf 67' lang='lat' dir='ltr'><strong>Ecclesia:</strong></span> <span class='ocrx_word' id='word_1_694' title='bbox 1622 4170 1864 4217; x_wconf 86' lang='lat' dir='ltr'><strong>tenentes</strong></span> <span class='ocrx_word' id='word_1_695' title='bbox 1882 4162 2116 4231; x_wconf 88' lang='lat' dir='ltr'><strong>priscam</strong></span> 
     </span>
    </p>
   </div>
   <div class='ocr_carea' id='block_1_95' title="bbox 536 4231 2116 4301">
    <p class='ocr_par' dir='ltr' id='par_1_95' title="bbox 536 4231 2116 4301">
     <span class='ocr_line' id='line_1_97' title="bbox 536 4231 2116 4301; baseline -0.002 -14"><span class='ocrx_word' id='word_1_696' title='bbox 536 4233 990 4301; x_wconf 62' lang='lat' dir='ltr'><strong>praedecessorum</strong></span> <span class='ocrx_word' id='word_1_697' title='bbox 1015 4241 1325 4287; x_wconf 89' lang='lat' dir='ltr'><strong>nostrorum</strong></span> <span class='ocrx_word' id='word_1_698' title='bbox 1357 4241 1663 4287; x_wconf 86' lang='lat' dir='ltr'><strong>sanctorum</strong></span> <span class='ocrx_word' id='word_1_699' title='bbox 1688 4231 2002 4300; x_wconf 81' lang='lat' dir='ltr'><strong>pontificum</strong></span> <span class='ocrx_word' id='word_1_700' title='bbox 2028 4245 2116 4284; x_wconf 89' lang='lat' dir='ltr'><strong>se-</strong></span> 
     </span>
    </p>
   </div>
   <div class='ocr_carea' id='block_1_96' title="bbox 538 4301 2119 4370">
    <p class='ocr_par' dir='ltr' id='par_1_96' title="bbox 538 4301 2119 4370">
     <span class='ocr_line' id='line_1_98' title="bbox 538 4301 2119 4370; baseline -0.001 -15"><span class='ocrx_word' id='word_1_701' title='bbox 538 4301 755 4370; x_wconf 88' lang='lat' dir='ltr'><strong>quimur</strong></span> <span class='ocrx_word' id='word_1_702' title='bbox 778 4302 1098 4364; x_wconf 89' lang='lat' dir='ltr'><strong>doctrinam,</strong></span> <span class='ocrx_word' id='word_1_703' title='bbox 1128 4310 1287 4357; x_wconf 71' lang='lat' dir='ltr'><strong>recta:</strong></span> <span class='ocrx_word' id='word_1_704' title='bbox 1312 4301 1431 4356; x_wconf 83' lang='lat' dir='ltr'><strong>lidci</strong></span> <span class='ocrx_word' id='word_1_705' title='bbox 1459 4302 1799 4356; x_wconf 88' lang='lat' dir='ltr'><strong>traditionem</strong></span> <span class='ocrx_word' id='word_1_706' title='bbox 1822 4301 1997 4355; x_wconf 90' lang='lat' dir='ltr'><strong>modis</strong></span> <span class='ocrx_word' id='word_1_707' title='bbox 2010 4315 2119 4357; x_wconf 87' lang='lat' dir='ltr'><strong>om-</strong></span> 
     </span>
    </p>
   </div>
   <div class='ocr_carea' id='block_1_97' title="bbox 540 4370 2113 4427">
    <p class='ocr_par' dir='ltr' id='par_1_97' title="bbox 540 4370 2113 4427">
     <span class='ocr_line' id='line_1_99' title="bbox 540 4370 2113 4427; baseline -0.003 -1"><span class='ocrx_word' id='word_1_708' title='bbox 540 4370 701 4427; x_wconf 88' lang='lat' dir='ltr'><strong>nibus</strong></span> <span class='ocrx_word' id='word_1_709' title='bbox 734 4371 1088 4426; x_wconf 88' lang='lat' dir='ltr'><strong>vindicantes.</strong></span> <span class='ocrx_word' id='word_1_710' title='bbox 1120 4391 1138 4423; x_wconf 78' lang='grc' dir='ltr'><strong>ι</strong></span> <span class='ocrx_word' id='word_1_711' title='bbox 1201 4371 1325 4425; x_wconf 63' lang='lat' dir='ltr'><strong>Haec</strong></span> <span class='ocrx_word' id='word_1_712' title='bbox 1363 4372 1430 4427; x_wconf 85' lang='lat' dir='ltr'><strong>de</strong></span> <span class='ocrx_word' id='word_1_713' title='bbox 1475 4372 1641 4425; x_wconf 88' lang='lat' dir='ltr'><strong>misso</strong></span> <span class='ocrx_word' id='word_1_714' title='bbox 1683 4371 2113 4425; x_wconf 86' lang='lat' dir='ltr'><strong>adversarion</strong></span> 
     </span>
    </p>
   </div>
   <div class='ocr_carea' id='block_1_98' title="bbox 540 4414 2194 4523">
    <p class='ocr_par' dir='ltr' id='par_1_98' title="bbox 540 4414 2194 4523">
     <span class='ocr_line' id='line_1_100' title="bbox 540 4414 2194 4523; baseline -0.001 -30"><span class='ocrx_word' id='word_1_715' title='bbox 540 4414 1338 4523; x_wconf 48' lang='grc' dir='ltr'><strong>ξεὶξιῖἴιιιὲἑὶἓέἷὶὶἶιῖιιίξθὲὗιῖι</strong></span> <span class='ocrx_word' id='word_1_716' title='bbox 1364 4414 1639 4523; x_wconf 65' lang='grc' dir='ltr'><strong>ῖιῖιωῑείὶῐζ</strong></span> <span class='ocrx_word' id='word_1_717' title='bbox 1648 4414 1751 4523; x_wconf 67' lang='grc' dir='ltr'><strong>ςξῖ</strong></span> <span class='ocrx_word' id='word_1_718' title='bbox 1848 4414 2115 4523; x_wconf 52' lang='lat' dir='ltr'><strong>&quot;esse;</strong></span> <span class='ocrx_word' id='word_1_719' title='bbox 2145 4414 2194 4473; x_wconf 80' lang='grc'><strong>1)</strong></span> 
     </span>
    </p>
   </div>
   <div class='ocr_carea' id='block_1_99' title="bbox 541 4508 2115 4579">
    <p class='ocr_par' dir='ltr' id='par_1_99' title="bbox 541 4508 2115 4579">
     <span class='ocr_line' id='line_1_101' title="bbox 541 4508 2115 4579; baseline -0.001 -15"><span class='ocrx_word' id='word_1_720' title='bbox 541 4508 828 4579; x_wconf 77' lang='lat' dir='ltr'><strong>Adrianus.</strong></span> <span class='ocrx_word' id='word_1_721' title='bbox 858 4508 1252 4579; x_wconf 81' lang='lat' dir='ltr'><strong>Cujusquidem</strong></span> <span class='ocrx_word' id='word_1_722' title='bbox 1273 4508 1452 4577; x_wconf 78' lang='lat' dir='ltr'><strong>operis</strong></span> <span class='ocrx_word' id='word_1_723' title='bbox 1474 4526 1594 4564; x_wconf 88' lang='lat' dir='ltr'><strong>cum</strong></span> <span class='ocrx_word' id='word_1_724' title='bbox 1610 4510 1792 4579; x_wconf 91' lang='lat' dir='ltr'><strong>plures</strong></span> <span class='ocrx_word' id='word_1_725' title='bbox 1808 4508 2007 4564; x_wconf 80' lang='lat' dir='ltr'><strong>fuerint</strong></span> <span class='ocrx_word' id='word_1_726' title='bbox 2020 4524 2115 4562; x_wconf 88' lang='lat' dir='ltr'><strong>au-</strong></span> 
     </span>
    </p>
   </div>
   <div class='ocr_carea' id='block_1_100' title="bbox 542 4577 2121 4648">
    <p class='ocr_par' dir='ltr' id='par_1_100' title="bbox 542 4577 2121 4648">
     <span class='ocr_line' id='line_1_102' title="bbox 542 4577 2121 4648; baseline -0.002 -15"><span class='ocrx_word' id='word_1_727' title='bbox 542 4587 744 4642; x_wconf 88' lang='lat' dir='ltr'><strong>ctores,</strong></span> <span class='ocrx_word' id='word_1_728' title='bbox 779 4577 955 4633; x_wconf 90' lang='lat' dir='ltr'><strong>Caroli</strong></span> <span class='ocrx_word' id='word_1_729' title='bbox 990 4578 1164 4648; x_wconf 75' lang='lat' dir='ltr'><strong>Magni</strong></span> <span class='ocrx_word' id='word_1_730' title='bbox 1193 4578 1438 4634; x_wconf 88' lang='lat' dir='ltr'><strong>ultimum</strong></span> <span class='ocrx_word' id='word_1_731' title='bbox 1484 4577 1742 4634; x_wconf 76' lang='lat' dir='ltr'><strong>duntaxat</strong></span> <span class='ocrx_word' id='word_1_732' title='bbox 1769 4593 1889 4634; x_wconf 89' lang='lat' dir='ltr'><strong>esse</strong></span> <span class='ocrx_word' id='word_1_733' title='bbox 1912 4580 2121 4648; x_wconf 81' lang='lat' dir='ltr'><strong>capitu-</strong></span> 
     </span>
    </p>
   </div>
   <div class='ocr_carea' id='block_1_101' title="bbox 544 4648 2120 4717">
    <p class='ocr_par' dir='ltr' id='par_1_101' title="bbox 544 4648 2120 4717">
     <span class='ocr_line' id='line_1_103' title="bbox 544 4648 2120 4717; baseline 0 -16"><span class='ocrx_word' id='word_1_734' title='bbox 544 4648 676 4710; x_wconf 89' lang='lat' dir='ltr'><strong>lum,</strong></span> <span class='ocrx_word' id='word_1_735' title='bbox 707 4658 889 4717; x_wconf 79' lang='lat' dir='ltr'><strong>mouet</strong></span> <span class='ocrx_word' id='word_1_736' title='bbox 925 4649 1064 4703; x_wconf 90' lang='lat' dir='ltr'><strong>idem</strong></span> <span class='ocrx_word' id='word_1_737' title='bbox 1112 4648 1346 4716; x_wconf 78' lang='lat' dir='ltr'><strong>pontifex</strong></span> <span class='ocrx_word' id='word_1_738' title='bbox 1387 4649 1673 4713; x_wconf 88' lang='lat' dir='ltr'><strong>Adrianus,</strong></span> <span class='ocrx_word' id='word_1_739' title='bbox 1702 4649 1847 4717; x_wconf 90' lang='lat' dir='ltr'><strong>quod</strong></span> <span class='ocrx_word' id='word_1_740' title='bbox 1869 4657 1925 4702; x_wconf 91' lang='lat' dir='ltr'><strong>et</strong></span> <span class='ocrx_word' id='word_1_741' title='bbox 1950 4655 2120 4703; x_wconf 89' lang='lat' dir='ltr'><strong>testa-</strong></span> 
     </span>
    </p>
   </div>
   <div class='ocr_carea' id='block_1_102' title="bbox 546 4716 2123 4786">
    <p class='ocr_par' dir='ltr' id='par_1_102' title="bbox 546 4716 2123 4786">
     <span class='ocr_line' id='line_1_104' title="bbox 546 4716 2123 4786; baseline 0.001 -16"><span class='ocrx_word' id='word_1_742' title='bbox 546 4725 651 4779; x_wconf 89' lang='lat' dir='ltr'><strong>tur,</strong></span> <span class='ocrx_word' id='word_1_743' title='bbox 680 4716 897 4786; x_wconf 84' lang='lat' dir='ltr'><strong>adillud</strong></span> <span class='ocrx_word' id='word_1_744' title='bbox 928 4717 983 4771; x_wconf 90' lang='lat' dir='ltr'><strong>in</strong></span> <span class='ocrx_word' id='word_1_745' title='bbox 1011 4719 1119 4771; x_wconf 85' lang='lat' dir='ltr'><strong>line</strong></span> <span class='ocrx_word' id='word_1_746' title='bbox 1147 4719 1506 4786; x_wconf 89' lang='lat' dir='ltr'><strong>respondens;</strong></span> <span class='ocrx_word' id='word_1_747' title='bbox 1537 4735 1636 4773; x_wconf 88' lang='lat' dir='ltr'><strong>nos</strong></span> <span class='ocrx_word' id='word_1_748' title='bbox 1672 4716 1800 4772; x_wconf 79' lang='lat' dir='ltr'><strong>vero</strong></span> <span class='ocrx_word' id='word_1_749' title='bbox 1835 4719 2123 4773; x_wconf 85' lang='lat' dir='ltr'><strong>reddemus</strong></span> 
     </span>
    </p>
   </div>
   <div class='ocr_carea' id='block_1_103' title="bbox 546 4784 992 4856">
    <p class='ocr_par' dir='ltr' id='par_1_103' title="bbox 546 4784 992 4856">
     <span class='ocr_line' id='line_1_105' title="bbox 546 4784 992 4856; baseline 0.002 -18"><span class='ocrx_word' id='word_1_750' title='bbox 742 4784 992 4856; x_wconf 74' lang='lat' dir='ltr'><strong>inferius.</strong></span> 
     </span>
    </p>
   </div>
   <div class='ocr_carea' id='block_1_104' title="bbox 618 4852 2121 4928">
    <p class='ocr_par' dir='ltr' id='par_1_104' title="bbox 618 4852 2121 4928">
     <span class='ocr_line' id='line_1_106' title="bbox 618 4852 2121 4928; baseline 0.002 -20"><span class='ocrx_word' id='word_1_751' title='bbox 618 4852 779 4908; x_wconf 74' lang='lat' dir='ltr'><strong>XXII.</strong></span> <span class='ocrx_word' id='word_1_752' title='bbox 823 4852 963 4928; x_wconf 82' lang='lat' dir='ltr'><strong>Quid</strong></span> <span class='ocrx_word' id='word_1_753' title='bbox 999 4857 1056 4928; x_wconf 81' lang='lat' dir='ltr'><strong>in</strong></span> <span class='ocrx_word' id='word_1_754' title='bbox 1079 4856 1278 4926; x_wconf 56' lang='lat' dir='ltr'><strong>modo</strong></span> <span class='ocrx_word' id='word_1_755' title='bbox 1308 4857 1372 4913; x_wconf 86' lang='lat' dir='ltr'><strong>de</strong></span> <span class='ocrx_word' id='word_1_756' title='bbox 1394 4857 1726 4928; x_wconf 71' lang='lat' dir='ltr'><strong>imaginibus.</strong></span> <span class='ocrx_word' id='word_1_757' title='bbox 1749 4855 2121 4928; x_wconf 18' lang='grc' dir='ltr'>-νϐωιθινιιιιι</span> 
     </span>
    </p>
   </div>
   <div class='ocr_carea' id='block_1_105' title="bbox 548 4923 2124 4997">
    <p class='ocr_par' dir='ltr' id='par_1_105' title="bbox 548 4923 2124 4997">
     <span class='ocr_line' id='line_1_107' title="bbox 548 4923 2124 4997; baseline 0.001 -18"><span class='ocrx_word' id='word_1_758' title='bbox 548 4923 947 4997; x_wconf 79' lang='lat' dir='ltr'><strong>quuetpariter</strong></span> <span class='ocrx_word' id='word_1_759' title='bbox 988 4923 1227 4997; x_wconf 75' lang='lat' dir='ltr'><strong>ejusdem</strong></span> <span class='ocrx_word' id='word_1_760' title='bbox 1274 4928 1365 4996; x_wconf 90' lang='lat' dir='ltr'><strong>qui</strong></span> <span class='ocrx_word' id='word_1_761' title='bbox 1391 4923 1553 4997; x_wconf 73' lang='lat' dir='ltr'><strong>supra</strong></span> <span class='ocrx_word' id='word_1_762' title='bbox 1576 4926 1847 4997; x_wconf 85' lang='lat' dir='ltr'><strong>Hincmari</strong></span> <span class='ocrx_word' id='word_1_763' title='bbox 1892 4927 2124 4980; x_wconf 89' lang='lat' dir='ltr'><strong>auctori-</strong></span> 
     </span>
    </p>
   </div>
   <div class='ocr_carea' id='block_1_106' title="bbox 549 4995 2125 5059">
    <p class='ocr_par' dir='ltr' id='par_1_106' title="bbox 549 4995 2125 5059">
     <span class='ocr_line' id='line_1_108' title="bbox 549 4995 2125 5059; baseline 0.001 -10"><span class='ocrx_word' id='word_1_764' title='bbox 549 5003 679 5058; x_wconf 91' lang='lat' dir='ltr'><strong>tate,</strong></span> <span class='ocrx_word' id='word_1_765' title='bbox 726 4995 780 5050; x_wconf 90' lang='lat' dir='ltr'><strong>in</strong></span> <span class='ocrx_word' id='word_1_766' title='bbox 821 4996 1011 5051; x_wconf 89' lang='lat' dir='ltr'><strong>eodem</strong></span> <span class='ocrx_word' id='word_1_767' title='bbox 1052 4995 1513 5053; x_wconf 83' lang='lat' dir='ltr'><strong>Francofordiensi</strong></span> <span class='ocrx_word' id='word_1_768' title='bbox 1563 4996 1821 5059; x_wconf 89' lang='lat' dir='ltr'><strong>concilio,</strong></span> <span class='ocrx_word' id='word_1_769' title='bbox 1875 4999 1982 5051; x_wconf 91' lang='lat' dir='ltr'><strong>duo</strong></span> <span class='ocrx_word' id='word_1_770' title='bbox 2005 5010 2125 5050; x_wconf 87' lang='lat' dir='ltr'><strong>esse</strong></span> 
     </span>
    </p>
   </div>
   <div class='ocr_carea' id='block_1_107' title="bbox 548 5063 2124 5137">
    <p class='ocr_par' dir='ltr' id='par_1_107' title="bbox 548 5063 2124 5137">
     <span class='ocr_line' id='line_1_109' title="bbox 548 5063 2124 5137; baseline -0.001 -16"><span class='ocrx_word' id='word_1_771' title='bbox 548 5063 776 5121; x_wconf 84' lang='lat' dir='ltr'><strong>concilia</strong></span> <span class='ocrx_word' id='word_1_772' title='bbox 800 5067 1174 5137; x_wconf 85' lang='lat' dir='ltr'><strong>condemnata,</strong></span> <span class='ocrx_word' id='word_1_773' title='bbox 1220 5065 1867 5137; x_wconf 79' lang='lat' dir='ltr'><strong>Constantinopolitanum</strong></span> <span class='ocrx_word' id='word_1_774' title='bbox 1906 5066 2124 5137; x_wconf 43' lang='lat' dir='ltr'><strong>har-eti-</strong></span> 
     </span>
    </p>
   </div>
   <div class='ocr_carea' id='block_1_108' title="bbox 548 5134 2125 5207">
    <p class='ocr_par' dir='ltr' id='par_1_108' title="bbox 548 5134 2125 5207">
     <span class='ocr_line' id='line_1_110' title="bbox 548 5134 2125 5207; baseline 0 -17"><span class='ocrx_word' id='word_1_775' title='bbox 548 5148 758 5198; x_wconf 83' lang='lat' dir='ltr'><strong>corum,</strong></span> <span class='ocrx_word' id='word_1_776' title='bbox 779 5150 886 5203; x_wconf 90' lang='lat' dir='ltr'><strong>quo</strong></span> <span class='ocrx_word' id='word_1_777' title='bbox 912 5135 1172 5207; x_wconf 84' lang='lat' dir='ltr'><strong>imagines</strong></span> <span class='ocrx_word' id='word_1_778' title='bbox 1199 5136 1465 5207; x_wconf 91' lang='lat' dir='ltr'><strong>confringi</strong></span> <span class='ocrx_word' id='word_1_779' title='bbox 1502 5134 1842 5202; x_wconf 79' lang='lat' dir='ltr'><strong>iuberentur,</strong></span> <span class='ocrx_word' id='word_1_780' title='bbox 1879 5143 1934 5190; x_wconf 88' lang='lat' dir='ltr'><strong>et</strong></span> <span class='ocrx_word' id='word_1_781' title='bbox 1954 5135 2125 5207; x_wconf 53' lang='lat' dir='ltr'><strong>Nicaea-</strong></span> 
     </span>
    </p>
   </div>
   <div class='ocr_carea' id='block_1_109' title="bbox 551 5205 2125 5286">
    <p class='ocr_par' dir='ltr' id='par_1_109' title="bbox 551 5205 2125 5286">
     <span class='ocr_line' id='line_1_111' title="bbox 551 5205 2125 5286; baseline 0.001 -27"><span class='ocrx_word' id='word_1_782' title='bbox 551 5218 683 5286; x_wconf 77' lang='lat' dir='ltr'><strong>num</strong></span> <span class='ocrx_word' id='word_1_783' title='bbox 731 5205 1041 5286; x_wconf 61' lang='lat' dir='ltr'><strong>secundum</strong></span> <span class='ocrx_word' id='word_1_784' title='bbox 1070 5208 1214 5286; x_wconf 77' lang='lat' dir='ltr'><strong>quod</strong></span> <span class='ocrx_word' id='word_1_785' title='bbox 1238 5221 1332 5286; x_wconf 71' lang='lat' dir='ltr'><strong>eas</strong></span> <span class='ocrx_word' id='word_1_786' title='bbox 1382 5205 1487 5286; x_wconf 80' lang='lat' dir='ltr'><strong>coli</strong></span> <span class='ocrx_word' id='word_1_787' title='bbox 1511 5207 1927 5286; x_wconf 51' lang='lat' dir='ltr'><strong>praeciperetur:</strong></span> <span class='ocrx_word' id='word_1_788' title='bbox 1966 5206 2125 5286; x_wconf 53' lang='lat' dir='ltr'><strong>good</strong></span> 
     </span>
    </p>
   </div>
   <div class='ocr_carea' id='block_1_110' title="bbox 550 5274 2128 5344">
    <p class='ocr_par' dir='ltr' id='par_1_110' title="bbox 550 5274 2128 5344">
     <span class='ocr_line' id='line_1_112' title="bbox 550 5274 2128 5344; baseline 0.001 -17"><span class='ocrx_word' id='word_1_789' title='bbox 550 5275 714 5344; x_wconf 88' lang='lat' dir='ltr'><strong>etiam</strong></span> <span class='ocrx_word' id='word_1_790' title='bbox 737 5290 801 5329; x_wconf 77' lang='lat' dir='ltr'><strong>ex</strong></span> <span class='ocrx_word' id='word_1_791' title='bbox 824 5274 1104 5344; x_wconf 88' lang='lat' dir='ltr'><strong>capitulari</strong></span> <span class='ocrx_word' id='word_1_792' title='bbox 1136 5276 1227 5331; x_wconf 91' lang='lat' dir='ltr'><strong>illo</strong></span> <span class='ocrx_word' id='word_1_793' title='bbox 1250 5276 1386 5332; x_wconf 90' lang='lat' dir='ltr'><strong>libro</strong></span> <span class='ocrx_word' id='word_1_794' title='bbox 1421 5276 1489 5330; x_wconf 79' lang='lat' dir='ltr'><strong>ad</strong></span> <span class='ocrx_word' id='word_1_795' title='bbox 1512 5274 1809 5330; x_wconf 62' lang='lat' dir='ltr'><strong>Adriauum</strong></span> <span class='ocrx_word' id='word_1_796' title='bbox 1835 5289 1934 5344; x_wconf 89' lang='lat' dir='ltr'><strong>per</strong></span> <span class='ocrx_word' id='word_1_797' title='bbox 1961 5274 2128 5330; x_wconf 91' lang='lat' dir='ltr'><strong>Caro—</strong></span> 
     </span>
    </p>
   </div>
   <div class='ocr_carea' id='block_1_111' title="bbox 552 5343 2126 5416">
    <p class='ocr_par' dir='ltr' id='par_1_111' title="bbox 552 5343 2126 5416">
     <span class='ocr_line' id='line_1_113' title="bbox 552 5343 2126 5416; baseline 0.001 -19"><span class='ocrx_word' id='word_1_798' title='bbox 552 5343 665 5416; x_wconf 84' lang='lat' dir='ltr'><strong>lnm</strong></span> <span class='ocrx_word' id='word_1_799' title='bbox 701 5345 866 5416; x_wconf 77' lang='lat' dir='ltr'><strong>misso</strong></span> <span class='ocrx_word' id='word_1_800' title='bbox 901 5346 1127 5416; x_wconf 84' lang='lat' dir='ltr'><strong>intelligi</strong></span> <span class='ocrx_word' id='word_1_801' title='bbox 1165 5353 1371 5415; x_wconf 85' lang='lat' dir='ltr'><strong>potest;</strong></span> <span class='ocrx_word' id='word_1_802' title='bbox 1423 5343 1858 5416; x_wconf 78' lang='lat' dir='ltr'><strong>fuissequeeam</strong></span> <span class='ocrx_word' id='word_1_803' title='bbox 1906 5352 2126 5400; x_wconf 87' lang='lat' dir='ltr'><strong>senten-</strong></span> 
     </span>
    </p>
   </div>
   <div class='ocr_carea' id='block_1_112' title="bbox 555 5413 2127 5495">
    <p class='ocr_par' dir='ltr' id='par_1_112' title="bbox 555 5413 2127 5495">
     <span class='ocr_line' id='line_1_114' title="bbox 555 5413 2127 5495; baseline 0.003 -28"><span class='ocrx_word' id='word_1_804' title='bbox 555 5414 686 5467; x_wconf 89' lang='lat' dir='ltr'><strong>tiam</strong></span> <span class='ocrx_word' id='word_1_805' title='bbox 705 5484 717 5495; x_wconf 42' lang='lat'><strong>.</strong></span> <span class='ocrx_word' id='word_1_806' title='bbox 734 5413 1106 5495; x_wconf 68' lang='lat' dir='ltr'><strong>episcoporum</strong></span> <span class='ocrx_word' id='word_1_807' title='bbox 1123 5456 1138 5478; x_wconf 91' lang='lat'><strong>,</strong></span> <span class='ocrx_word' id='word_1_808' title='bbox 1159 5413 1462 5495; x_wconf 61' lang='lat' dir='ltr'><strong>secundum</strong></span> <span class='ocrx_word' id='word_1_809' title='bbox 1498 5413 1644 5495; x_wconf 74' lang='lat' dir='ltr'><strong>quod</strong></span> <span class='ocrx_word' id='word_1_810' title='bbox 1675 5414 1908 5495; x_wconf 76' lang='lat' dir='ltr'><strong>aiebant,</strong></span> <span class='ocrx_word' id='word_1_811' title='bbox 1933 5427 2127 5495; x_wconf 75' lang='lat' dir='ltr'><strong>perpe-</strong></span> 
     </span>
    </p>
   </div>
   <div class='ocr_carea' id='block_1_113' title="bbox 557 5431 2129 5553">
    <p class='ocr_par' dir='ltr' id='par_1_113' title="bbox 557 5431 2129 5553">
     <span class='ocr_line' id='line_1_115' title="bbox 557 5431 2127 5541; baseline 0 -74"><span class='ocrx_word' id='word_1_812' title='bbox 557 5431 686 5467; x_wconf 85' lang='lat' dir='ltr'><strong>uam</strong></span> <span class='ocrx_word' id='word_1_813' title='bbox 705 5484 717 5495; x_wconf 40' lang='grc' dir='ltr'><strong><em>ο</em></strong></span> <span class='ocrx_word' id='word_1_814' title='bbox 734 5431 1106 5485; x_wconf 74' lang='lat' dir='ltr'><strong>episcoporum</strong></span> <span class='ocrx_word' id='word_1_815' title='bbox 1123 5456 1138 5478; x_wconf 92' lang='lat'><strong>,</strong></span> <span class='ocrx_word' id='word_1_816' title='bbox 1167 5431 1462 5472; x_wconf 83' lang='lat' dir='ltr'><strong>secundum</strong></span> <span class='ocrx_word' id='word_1_817' title='bbox 1490 5431 1644 5541; x_wconf 57' lang='lat' dir='ltr'><strong>anon</strong></span> <span class='ocrx_word' id='word_1_818' title='bbox 1675 5431 1908 5495; x_wconf 74' lang='lat' dir='ltr'><strong>arebant,</strong></span> <span class='ocrx_word' id='word_1_819' title='bbox 1933 5431 2127 5495; x_wconf 74' lang='lat' dir='ltr'><strong>perpe-</strong></span> 
     </span>
     <span class='ocr_line' id='line_1_116' title="bbox 557 5484 2129 5553; baseline 0.001 -18"><span class='ocrx_word' id='word_1_820' title='bbox 557 5497 674 5553; x_wconf 85' lang='lat' dir='ltr'><strong>ram</strong></span> <span class='ocrx_word' id='word_1_821' title='bbox 704 5485 1026 5542; x_wconf 77' lang='lat' dir='ltr'><strong>intellectam</strong></span> <span class='ocrx_word' id='word_1_822' title='bbox 1054 5486 1375 5541; x_wconf 88' lang='lat' dir='ltr'><strong>sententiam</strong></span> <span class='ocrx_word' id='word_1_823' title='bbox 1401 5484 1462 5540; x_wconf 89' lang='lat' dir='ltr'><strong>S.</strong></span> <span class='ocrx_word' id='word_1_824' title='bbox 1541 5485 1736 5553; x_wconf 79' lang='lat' dir='ltr'><strong>regorti</strong></span> <span class='ocrx_word' id='word_1_825' title='bbox 1755 5498 1907 5553; x_wconf 70' lang='lat' dir='ltr'><strong>papae</strong></span> <span class='ocrx_word' id='word_1_826' title='bbox 1933 5499 1988 5538; x_wconf 89' lang='grc' dir='ltr'><strong>ιιι</strong></span> <span class='ocrx_word' id='word_1_827' title='bbox 2011 5485 2129 5552; x_wconf 86' lang='lat' dir='ltr'><strong>epi-</strong></span> 
     </span>
    </p>
   </div>
   <div class='ocr_carea' id='block_1_114' title="bbox 557 5550 2125 5624">
    <p class='ocr_par' dir='ltr' id='par_1_114' title="bbox 557 5550 2125 5624">
     <span class='ocr_line' id='line_1_117' title="bbox 557 5550 2125 5624; baseline 0 -18"><span class='ocrx_word' id='word_1_828' title='bbox 557 5550 697 5624; x_wconf 81' lang='lat' dir='ltr'><strong>stola</strong></span> <span class='ocrx_word' id='word_1_829' title='bbox 725 5555 793 5608; x_wconf 87' lang='lat' dir='ltr'><strong>ad</strong></span> <span class='ocrx_word' id='word_1_830' title='bbox 820 5554 1099 5619; x_wconf 87' lang='lat' dir='ltr'><strong>Serenum,</strong></span> <span class='ocrx_word' id='word_1_831' title='bbox 1131 5566 1191 5610; x_wconf 88' lang='lat' dir='ltr'><strong>ut</strong></span> <span class='ocrx_word' id='word_1_832' title='bbox 1217 5556 1479 5624; x_wconf 84' lang='lat' dir='ltr'><strong>imagines</strong></span> <span class='ocrx_word' id='word_1_833' title='bbox 1506 5550 1624 5608; x_wconf 50' lang='lat' dir='ltr'><strong>non&#39;</strong></span> <span class='ocrx_word' id='word_1_834' title='bbox 1644 5550 2125 5621; x_wconf 76' lang='lat' dir='ltr'><strong>confringerentur,</strong></span> 
     </span>
    </p>
   </div>
   <div class='ocr_carea' id='block_1_115' title="bbox 504 5621 2058 5687">
    <p class='ocr_par' dir='ltr' id='par_1_115' title="bbox 504 5621 2058 5687">
     <span class='ocr_line' id='line_1_118' title="bbox 504 5621 2058 5687; baseline 0.001 -13"><span class='ocrx_word' id='word_1_835' title='bbox 504 5664 507 5665; x_wconf 41' lang='grc' dir='ltr'><em>ν</em></span> <span class='ocrx_word' id='word_1_836' title='bbox 560 5621 655 5675; x_wconf 82' lang='lat' dir='ltr'><strong>sed</strong></span> <span class='ocrx_word' id='word_1_837' title='bbox 674 5636 798 5679; x_wconf 85' lang='lat' dir='ltr'><strong>esse</strong></span> <span class='ocrx_word' id='word_1_838' title='bbox 821 5626 1143 5687; x_wconf 85' lang='lat' dir='ltr'><strong>sinerentur,</strong></span> <span class='ocrx_word' id='word_1_839' title='bbox 1191 5626 1264 5680; x_wconf 90' lang='lat' dir='ltr'><strong>ita</strong></span> <span class='ocrx_word' id='word_1_840' title='bbox 1294 5621 1474 5680; x_wconf 80' lang='lat' dir='ltr'><strong>tamen</strong></span> <span class='ocrx_word' id='word_1_841' title='bbox 1501 5631 1559 5680; x_wconf 88' lang='lat' dir='ltr'><strong>ut</strong></span> <span class='ocrx_word' id='word_1_842' title='bbox 1586 5639 1695 5679; x_wconf 90' lang='lat' dir='ltr'><strong>non</strong></span> <span class='ocrx_word' id='word_1_843' title='bbox 1733 5624 2058 5678; x_wconf 88' lang='lat' dir='ltr'><strong>colerentur.</strong></span> 
     </span>
    </p>
   </div>
   <div class='ocr_carea' id='block_1_116' title="bbox 633 5688 2132 5766">
    <p class='ocr_par' dir='ltr' id='par_1_116' title="bbox 633 5688 2132 5766">
     <span class='ocr_line' id='line_1_119' title="bbox 633 5688 2132 5766; baseline 0.001 -19"><span class='ocrx_word' id='word_1_844' title='bbox 633 5688 786 5757; x_wconf 86' lang='lat' dir='ltr'><strong>Quod</strong></span> <span class='ocrx_word' id='word_1_845' title='bbox 816 5694 977 5765; x_wconf 86' lang='lat' dir='ltr'><strong>igitur</strong></span> <span class='ocrx_word' id='word_1_846' title='bbox 1002 5710 1069 5751; x_wconf 78' lang='lat' dir='ltr'><strong>ex</strong></span> <span class='ocrx_word' id='word_1_847' title='bbox 1093 5696 1237 5752; x_wconf 82' lang='lat' dir='ltr'><strong>dicto</strong></span> <span class='ocrx_word' id='word_1_848' title='bbox 1251 5694 1533 5766; x_wconf 86' lang='lat' dir='ltr'><strong>capitulari</strong></span> <span class='ocrx_word' id='word_1_849' title='bbox 1558 5692 1827 5750; x_wconf 65' lang='lat' dir='ltr'><strong>volumine</strong></span> <span class='ocrx_word' id='word_1_850' title='bbox 1861 5693 2003 5749; x_wconf 82' lang='lat' dir='ltr'><strong>haud</strong></span> <span class='ocrx_word' id='word_1_851' title='bbox 2034 5709 2132 5749; x_wconf 84' lang='lat' dir='ltr'><strong>ac-</strong></span> 
     </span>
    </p>
   </div>
   <div class='ocr_carea' id='block_1_117' title="bbox 2204 3117 3780 3189">
    <p class='ocr_par' dir='ltr' id='par_1_117' title="bbox 2204 3117 3780 3189">
     <span class='ocr_line' id='line_1_120' title="bbox 2204 3117 3780 3189; baseline -0.001 -16"><span class='ocrx_word' id='word_1_852' title='bbox 2204 3117 2273 3175; x_wconf 85' lang='lat' dir='ltr'><strong>ab</strong></span> <span class='ocrx_word' id='word_1_853' title='bbox 2293 3121 2560 3189; x_wconf 88' lang='lat' dir='ltr'><strong>episcopis</strong></span> <span class='ocrx_word' id='word_1_854' title='bbox 2576 3117 2880 3189; x_wconf 74' lang='lat' dir='ltr'><strong>damnatur,</strong></span> <span class='ocrx_word' id='word_1_855' title='bbox 2907 3120 2959 3172; x_wconf 90' lang='lat' dir='ltr'><strong>in</strong></span> <span class='ocrx_word' id='word_1_856' title='bbox 2980 3120 3168 3174; x_wconf 90' lang='lat' dir='ltr'><strong>eodem</strong></span> <span class='ocrx_word' id='word_1_857' title='bbox 3188 3117 3435 3176; x_wconf 81' lang='lat' dir='ltr'><strong>videlicet</strong></span> <span class='ocrx_word' id='word_1_858' title='bbox 3461 3117 3780 3189; x_wconf 44' lang='lat' dir='ltr'><strong>Francoforf</strong></span> 
     </span>
    </p>
   </div>
   <div class='ocr_carea' id='block_1_118' title="bbox 2203 3187 3779 3259">
    <p class='ocr_par' dir='ltr' id='par_1_118' title="bbox 2203 3187 3779 3259">
     <span class='ocr_line' id='line_1_121' title="bbox 2203 3187 3779 3259; baseline -0.002 -15"><span class='ocrx_word' id='word_1_859' title='bbox 2203 3187 2371 3244; x_wconf 81' lang='lat' dir='ltr'><strong>diensi</strong></span> <span class='ocrx_word' id='word_1_860' title='bbox 2400 3187 2658 3259; x_wconf 78' lang='lat' dir='ltr'><strong>concilio;</strong></span> <span class='ocrx_word' id='word_1_861' title='bbox 2700 3197 2764 3259; x_wconf 79' lang='lat' dir='ltr'><strong>et</strong></span> <span class='ocrx_word' id='word_1_862' title='bbox 2805 3187 2920 3242; x_wconf 85' lang='lat' dir='ltr'><strong>Ado</strong></span> <span class='ocrx_word' id='word_1_863' title='bbox 2969 3189 3290 3259; x_wconf 78' lang='lat' dir='ltr'><strong>Viennensis</strong></span> <span class='ocrx_word' id='word_1_864' title='bbox 3324 3191 3635 3259; x_wconf 84' lang='lat' dir='ltr'><strong>episcopus,</strong></span> <span class='ocrx_word' id='word_1_865' title='bbox 3672 3187 3779 3259; x_wconf 79' lang='lat' dir='ltr'><strong>qui</strong></span> 
     </span>
    </p>
   </div>
   <div class='ocr_carea' id='block_1_119' title="bbox 2199 3256 3779 3327">
    <p class='ocr_par' dir='ltr' id='par_1_119' title="bbox 2199 3256 3779 3327">
     <span class='ocr_line' id='line_1_122' title="bbox 2199 3256 3779 3327; baseline -0.003 -14"><span class='ocrx_word' id='word_1_866' title='bbox 2199 3259 2415 3327; x_wconf 89' lang='lat' dir='ltr'><strong>scripsit</strong></span> <span class='ocrx_word' id='word_1_867' title='bbox 2432 3260 2533 3314; x_wconf 89' lang='lat' dir='ltr'><strong>sub</strong></span> <span class='ocrx_word' id='word_1_868' title='bbox 2557 3256 2749 3327; x_wconf 88' lang='lat' dir='ltr'><strong>Carolo</strong></span> <span class='ocrx_word' id='word_1_869' title='bbox 2773 3264 2967 3327; x_wconf 86' lang='lat' dir='ltr'><strong>nepote</strong></span> <span class='ocrx_word' id='word_1_870' title='bbox 2986 3258 3145 3326; x_wconf 86' lang='lat' dir='ltr'><strong>hujus</strong></span> <span class='ocrx_word' id='word_1_871' title='bbox 3170 3256 3565 3327; x_wconf 56' lang='lat' dir='ltr'><strong>Caroli&#39;Mag&#39;ni,</strong></span> <span class='ocrx_word' id='word_1_872' title='bbox 3588 3257 3779 3311; x_wconf 88' lang='lat' dir='ltr'><strong>eadem</strong></span> 
     </span>
    </p>
   </div>
   <div class='ocr_carea' id='block_1_120' title="bbox 2200 3326 3784 3395">
    <p class='ocr_par' dir='ltr' id='par_1_120' title="bbox 2200 3326 3784 3395">
     <span class='ocr_line' id='line_1_123' title="bbox 2200 3326 3784 3395; baseline -0.001 -15"><span class='ocrx_word' id='word_1_873' title='bbox 2200 3326 2378 3383; x_wconf 78' lang='lat' dir='ltr'><strong>verbis</strong></span> <span class='ocrx_word' id='word_1_874' title='bbox 2405 3329 2618 3392; x_wconf 89' lang='lat' dir='ltr'><strong>iisdem;</strong></span> <span class='ocrx_word' id='word_1_875' title='bbox 2664 3326 2805 3382; x_wconf 89' lang='lat' dir='ltr'><strong>idem</strong></span> <span class='ocrx_word' id='word_1_876' title='bbox 2834 3326 3068 3395; x_wconf 71' lang='lat' dir='ltr'><strong>Regina,</strong></span> <span class='ocrx_word' id='word_1_877' title='bbox 3110 3328 3203 3382; x_wconf 83' lang='lat' dir='ltr'><strong>sed</strong></span> <span class='ocrx_word' id='word_1_878' title='bbox 3248 3337 3301 3381; x_wconf 87' lang='lat' dir='ltr'><strong>et</strong></span> <span class='ocrx_word' id='word_1_879' title='bbox 3343 3328 3431 3381; x_wconf 89' lang='lat' dir='ltr'><strong>alii</strong></span> <span class='ocrx_word' id='word_1_880' title='bbox 3477 3327 3784 3395; x_wconf 82' lang='lat' dir='ltr'><strong>complures</strong></span> 
     </span>
    </p>
   </div>
   <div class='ocr_carea' id='block_1_121' title="bbox 2204 3395 3781 3468">
    <p class='ocr_par' dir='ltr' id='par_1_121' title="bbox 2204 3395 3781 3468">
     <span class='ocr_line' id='line_1_124' title="bbox 2204 3395 3781 3468; baseline -0.003 -17"><span class='ocrx_word' id='word_1_881' title='bbox 2204 3398 2360 3468; x_wconf 84' lang='lat' dir='ltr'><strong>longe</strong></span> <span class='ocrx_word' id='word_1_882' title='bbox 2384 3397 2676 3452; x_wconf 88' lang='lat' dir='ltr'><strong>nobiliores</strong></span> <span class='ocrx_word' id='word_1_883' title='bbox 2711 3407 2966 3468; x_wconf 83' lang='lat' dir='ltr'><strong>auctores</strong></span> <span class='ocrx_word' id='word_1_884' title='bbox 2985 3438 2998 3459; x_wconf 88' lang='lat'><strong>,</strong></span> <span class='ocrx_word' id='word_1_885' title='bbox 3029 3411 3183 3468; x_wconf 86' lang='lat' dir='ltr'><strong>quos</strong></span> <span class='ocrx_word' id='word_1_886' title='bbox 3210 3397 3435 3468; x_wconf 77' lang='lat' dir='ltr'><strong>inferius</strong></span> <span class='ocrx_word' id='word_1_887' title='bbox 3469 3395 3781 3468; x_wconf 84' lang='lat' dir='ltr'><strong>recensebi-</strong></span> 
     </span>
    </p>
   </div>
   <div class='ocr_carea' id='block_1_122' title="bbox 2204 3465 3776 3535">
    <p class='ocr_par' dir='ltr' id='par_1_122' title="bbox 2204 3465 3776 3535">
     <span class='ocr_line' id='line_1_125' title="bbox 2204 3465 3776 3535; baseline -0.002 -14"><span class='ocrx_word' id='word_1_888' title='bbox 2204 3465 2345 3522; x_wconf 81' lang='lat' dir='ltr'><strong>mus.</strong></span> <span class='ocrx_word' id='word_1_889' title='bbox 2374 3468 2571 3522; x_wconf 78' lang='lat' dir='ltr'><strong>Verum</strong></span> <span class='ocrx_word' id='word_1_890' title='bbox 2617 3468 2683 3521; x_wconf 90' lang='lat' dir='ltr'><strong>de</strong></span> <span class='ocrx_word' id='word_1_891' title='bbox 2708 3467 2838 3534; x_wconf 88' lang='lat' dir='ltr'><strong>ipsis</strong></span> <span class='ocrx_word' id='word_1_892' title='bbox 2884 3465 3073 3535; x_wconf 90' lang='lat' dir='ltr'><strong>primis</strong></span> <span class='ocrx_word' id='word_1_893' title='bbox 3113 3467 3449 3535; x_wconf 85' lang='lat' dir='ltr'><strong>auctoribus,</strong></span> <span class='ocrx_word' id='word_1_894' title='bbox 3483 3465 3776 3534; x_wconf 87' lang='lat' dir='ltr'><strong>episcopis,</strong></span> 
     </span>
    </p>
   </div>
   <div class='ocr_carea' id='block_1_123' title="bbox 2206 3534 3786 3620">
    <p class='ocr_par' dir='ltr' id='par_1_123' title="bbox 2206 3534 3786 3620">
     <span class='ocr_line' id='line_1_126' title="bbox 2206 3534 3786 3620; baseline -0.003 -29"><span class='ocrx_word' id='word_1_895' title='bbox 2206 3536 2566 3620; x_wconf 30' lang='lat' dir='ltr'><strong>inquamnqui</strong></span> <span class='ocrx_word' id='word_1_896' title='bbox 2592 3534 2948 3620; x_wconf 74' lang='lat' dir='ltr'><strong>interfuerunt</strong></span> <span class='ocrx_word' id='word_1_897' title='bbox 2974 3536 3146 3620; x_wconf 74' lang='lat' dir='ltr'><strong>cidem</strong></span> <span class='ocrx_word' id='word_1_898' title='bbox 3172 3534 3636 3620; x_wconf 81' lang='lat' dir='ltr'><strong>rancofordieusi</strong></span> <span class='ocrx_word' id='word_1_899' title='bbox 3658 3550 3786 3620; x_wconf 77' lang='lat' dir='ltr'><strong>con-</strong></span> 
     </span>
    </p>
   </div>
   <div class='ocr_carea' id='block_1_124' title="bbox 2206 3604 3781 3675">
    <p class='ocr_par' dir='ltr' id='par_1_124' title="bbox 2206 3604 3781 3675">
     <span class='ocr_line' id='line_1_127' title="bbox 2206 3604 3781 3675; baseline -0.003 -13"><span class='ocrx_word' id='word_1_900' title='bbox 2206 3604 2350 3671; x_wconf 86' lang='lat' dir='ltr'><strong>cilio,</strong></span> <span class='ocrx_word' id='word_1_901' title='bbox 2379 3604 2611 3675; x_wconf 86' lang='lat' dir='ltr'><strong>primum</strong></span> <span class='ocrx_word' id='word_1_902' title='bbox 2630 3605 3096 3675; x_wconf 87' lang='lat' dir='ltr'><strong>pervestigandum</strong></span> <span class='ocrx_word' id='word_1_903' title='bbox 3118 3613 3233 3659; x_wconf 89' lang='lat' dir='ltr'><strong>est:</strong></span> <span class='ocrx_word' id='word_1_904' title='bbox 3282 3605 3555 3675; x_wconf 85' lang='lat' dir='ltr'><strong>quomodo</strong></span> <span class='ocrx_word' id='word_1_905' title='bbox 3593 3619 3659 3675; x_wconf 78' lang='lat' dir='ltr'><strong>ex</strong></span> <span class='ocrx_word' id='word_1_906' title='bbox 3682 3604 3781 3675; x_wconf 80' lang='lat' dir='ltr'><strong>ad-</strong></span> 
     </span>
    </p>
   </div>
   <div class='ocr_carea' id='block_1_125' title="bbox 2206 3673 3784 3743">
    <p class='ocr_par' dir='ltr' id='par_1_125' title="bbox 2206 3673 3784 3743">
     <span class='ocr_line' id='line_1_128' title="bbox 2206 3673 3784 3743; baseline -0.001 -15"><span class='ocrx_word' id='word_1_907' title='bbox 2206 3673 2534 3730; x_wconf 81' lang='lat' dir='ltr'><strong>versantium</strong></span> <span class='ocrx_word' id='word_1_908' title='bbox 2558 3673 2788 3742; x_wconf 88' lang='lat' dir='ltr'><strong>scriptis,</strong></span> <span class='ocrx_word' id='word_1_909' title='bbox 2815 3673 3092 3743; x_wconf 88' lang='lat' dir='ltr'><strong>capitulari</strong></span> <span class='ocrx_word' id='word_1_910' title='bbox 3120 3673 3323 3729; x_wconf 86' lang='lat' dir='ltr'><strong>scilicet</strong></span> <span class='ocrx_word' id='word_1_911' title='bbox 3344 3674 3485 3729; x_wconf 90' lang='lat' dir='ltr'><strong>libro</strong></span> <span class='ocrx_word' id='word_1_912' title='bbox 3505 3673 3596 3726; x_wconf 87' lang='lat' dir='ltr'><strong>illo</strong></span> <span class='ocrx_word' id='word_1_913' title='bbox 3627 3673 3784 3726; x_wconf 84' lang='lat' dir='ltr'><strong>indu-</strong></span> 
     </span>
    </p>
   </div>
   <div class='ocr_carea' id='block_1_126' title="bbox 2208 3743 3569 3813">
    <p class='ocr_par' dir='ltr' id='par_1_126' title="bbox 2208 3743 3569 3813">
     <span class='ocr_line' id='line_1_129' title="bbox 2208 3743 3569 3813; baseline -0.004 -13"><span class='ocrx_word' id='word_1_914' title='bbox 2208 3747 2279 3801; x_wconf 91' lang='lat' dir='ltr'><strong>cti</strong></span> <span class='ocrx_word' id='word_1_915' title='bbox 2306 3747 2429 3806; x_wconf 84' lang='lat' dir='ltr'><strong>sint,</strong></span> <span class='ocrx_word' id='word_1_916' title='bbox 2471 3751 2528 3797; x_wconf 92' lang='lat' dir='ltr'><strong>ut</strong></span> <span class='ocrx_word' id='word_1_917' title='bbox 2548 3743 2819 3798; x_wconf 64' lang='lat' dir='ltr'><strong>Nicmnam</strong></span> <span class='ocrx_word' id='word_1_918' title='bbox 2848 3745 3108 3813; x_wconf 83' lang='lat' dir='ltr'><strong>synodum</strong></span> <span class='ocrx_word' id='word_1_919' title='bbox 3131 3745 3569 3798; x_wconf 86' lang='lat' dir='ltr'><strong>condemnarent.</strong></span> 
     </span>
    </p>
   </div>
   <div class='ocr_carea' id='block_1_127' title="bbox 2278 3810 3785 3895">
    <p class='ocr_par' dir='ltr' id='par_1_127' title="bbox 2278 3810 3785 3895">
     <span class='ocr_line' id='line_1_130' title="bbox 2278 3810 3785 3895; baseline -0.005 -27"><span class='ocrx_word' id='word_1_920' title='bbox 2278 3814 2466 3895; x_wconf 60' lang='lat' dir='ltr'><strong>XXIV.</strong></span> <span class='ocrx_word' id='word_1_921' title='bbox 2506 3812 2725 3895; x_wconf 77' lang='lat' dir='ltr'><strong>Certum</strong></span> <span class='ocrx_word' id='word_1_922' title='bbox 2756 3810 2969 3895; x_wconf 82' lang='lat' dir='ltr'><strong>quidem</strong></span> <span class='ocrx_word' id='word_1_923' title='bbox 3005 3821 3059 3895; x_wconf 62' lang='lat' dir='ltr'><strong>ei</strong></span> <span class='ocrx_word' id='word_1_924' title='bbox 3083 3814 3413 3895; x_wconf 54' lang='lat' dir='ltr'><strong>capioratuiu</strong></span> <span class='ocrx_word' id='word_1_925' title='bbox 3440 3812 3658 3892; x_wconf 85' lang='lat' dir='ltr'><strong>omnino</strong></span> <span class='ocrx_word' id='word_1_926' title='bbox 3677 3810 3785 3895; x_wconf 53' lang='grc' dir='ltr'>μιειέ</span> 
     </span>
    </p>
   </div>
   <div class='ocr_carea' id='block_1_128' title="bbox 2210 3878 3785 3952">
    <p class='ocr_par' dir='ltr' id='par_1_128' title="bbox 2210 3878 3785 3952">
     <span class='ocr_line' id='line_1_131' title="bbox 2210 3878 3785 3952; baseline -0.005 -13"><span class='ocrx_word' id='word_1_927' title='bbox 2210 3885 2382 3945; x_wconf 87' lang='lat' dir='ltr'><strong>betur,</strong></span> <span class='ocrx_word' id='word_1_928' title='bbox 2412 3898 2505 3937; x_wconf 88' lang='lat' dir='ltr'><strong>eos</strong></span> <span class='ocrx_word' id='word_1_929' title='bbox 2537 3884 2682 3951; x_wconf 90' lang='lat' dir='ltr'><strong>ipsos</strong></span> <span class='ocrx_word' id='word_1_930' title='bbox 2714 3878 2990 3952; x_wconf 77' lang='lat' dir='ltr'><strong>episcopos</strong></span> <span class='ocrx_word' id='word_1_931' title='bbox 3011 3884 3078 3936; x_wconf 89' lang='lat' dir='ltr'><strong>ab</strong></span> <span class='ocrx_word' id='word_1_932' title='bbox 3101 3878 3289 3937; x_wconf 75' lang='lat' dir='ltr'><strong>iisdem</strong></span> <span class='ocrx_word' id='word_1_933' title='bbox 3315 3878 3785 3952; x_wconf 21' lang='lat' dir='ltr'><strong>adversariisidoio</strong></span> 
     </span>
    </p>
   </div>
   <div class='ocr_carea' id='block_1_129' title="bbox 2212 3948 3784 4021">
    <p class='ocr_par' dir='ltr' id='par_1_129' title="bbox 2212 3948 3784 4021">
     <span class='ocr_line' id='line_1_132' title="bbox 2212 3948 3784 4021; baseline -0.004 -14"><span class='ocrx_word' id='word_1_934' title='bbox 2212 3954 2354 4008; x_wconf 89' lang='lat' dir='ltr'><strong>malo</strong></span> <span class='ocrx_word' id='word_1_935' title='bbox 2380 3948 2631 4021; x_wconf 76' lang='lat' dir='ltr'><strong>deceptos</strong></span> <span class='ocrx_word' id='word_1_936' title='bbox 2661 3948 2807 4018; x_wconf 78' lang='lat' dir='ltr'><strong>esse,</strong></span> <span class='ocrx_word' id='word_1_937' title='bbox 2838 3948 2999 4019; x_wconf 56' lang='lat' dir='ltr'><strong>amne</strong></span> <span class='ocrx_word' id='word_1_938' title='bbox 3028 3966 3125 4020; x_wconf 90' lang='lat' dir='ltr'><strong>per</strong></span> <span class='ocrx_word' id='word_1_939' title='bbox 3153 3952 3502 4019; x_wconf 88' lang='lat' dir='ltr'><strong>imposturam</strong></span> <span class='ocrx_word' id='word_1_940' title='bbox 3544 3958 3599 4005; x_wconf 90' lang='lat' dir='ltr'><strong>et</strong></span> <span class='ocrx_word' id='word_1_941' title='bbox 3630 3948 3784 4021; x_wconf 77' lang='lat' dir='ltr'><strong>falsi-</strong></span> 
     </span>
    </p>
   </div>
   <div class='ocr_carea' id='block_1_130' title="bbox 2214 4018 3787 4085">
    <p class='ocr_par' dir='ltr' id='par_1_130' title="bbox 2214 4018 3787 4085">
     <span class='ocr_line' id='line_1_133' title="bbox 2214 4018 3787 4085; baseline -0.005 -7"><span class='ocrx_word' id='word_1_942' title='bbox 2214 4032 2378 4078; x_wconf 87' lang='lat' dir='ltr'><strong>tatem</strong></span> <span class='ocrx_word' id='word_1_943' title='bbox 2408 4018 2600 4077; x_wconf 78' lang='lat' dir='ltr'><strong>cuncta</strong></span> <span class='ocrx_word' id='word_1_944' title='bbox 2623 4037 2740 4077; x_wconf 87' lang='lat' dir='ltr'><strong>esse</strong></span> <span class='ocrx_word' id='word_1_945' title='bbox 2768 4018 3054 4085; x_wconf 62' lang='lat' dir='ltr'><strong>transacta,</strong></span> <span class='ocrx_word' id='word_1_946' title='bbox 3081 4032 3141 4076; x_wconf 89' lang='lat' dir='ltr'><strong>ut</strong></span> <span class='ocrx_word' id='word_1_947' title='bbox 3160 4018 3334 4075; x_wconf 82' lang='lat' dir='ltr'><strong>locum</strong></span> <span class='ocrx_word' id='word_1_948' title='bbox 3359 4021 3563 4074; x_wconf 90' lang='lat' dir='ltr'><strong>nullum</strong></span> <span class='ocrx_word' id='word_1_949' title='bbox 3585 4018 3787 4073; x_wconf 86' lang='lat' dir='ltr'><strong>veritas</strong></span> 
     </span>
    </p>
   </div>
   <div class='ocr_carea' id='block_1_131' title="bbox 2215 4088 3785 4161">
    <p class='ocr_par' dir='ltr' id='par_1_131' title="bbox 2215 4088 3785 4161">
     <span class='ocr_line' id='line_1_134' title="bbox 2215 4088 3785 4161; baseline -0.006 -12"><span class='ocrx_word' id='word_1_950' title='bbox 2215 4092 2496 4149; x_wconf 89' lang='lat' dir='ltr'><strong>inveniret.</strong></span> <span class='ocrx_word' id='word_1_951' title='bbox 2528 4091 2654 4145; x_wconf 67' lang='lat' dir='ltr'><strong>llaec</strong></span> <span class='ocrx_word' id='word_1_952' title='bbox 2690 4092 2794 4146; x_wconf 90' lang='lat' dir='ltr'><strong>nisi</strong></span> <span class='ocrx_word' id='word_1_953' title='bbox 2831 4099 2887 4145; x_wconf 88' lang='lat' dir='ltr'><strong>tu</strong></span> <span class='ocrx_word' id='word_1_954' title='bbox 2920 4092 3064 4161; x_wconf 89' lang='lat' dir='ltr'><strong>ipse,</strong></span> <span class='ocrx_word' id='word_1_955' title='bbox 3089 4089 3285 4154; x_wconf 89' lang='lat' dir='ltr'><strong>lector,</strong></span> <span class='ocrx_word' id='word_1_956' title='bbox 3328 4107 3490 4161; x_wconf 89' lang='lat' dir='ltr'><strong>manu</strong></span> <span class='ocrx_word' id='word_1_957' title='bbox 3514 4088 3785 4161; x_wconf 75' lang='lat' dir='ltr'><strong>tetigeris,</strong></span> 
     </span>
    </p>
   </div>
   <div class='ocr_carea' id='block_1_132' title="bbox 2215 4157 3788 4236">
    <p class='ocr_par' dir='ltr' id='par_1_132' title="bbox 2215 4157 3788 4236">
     <span class='ocr_line' id='line_1_135' title="bbox 2215 4157 3788 4236; baseline -0.006 -18"><span class='ocrx_word' id='word_1_958' title='bbox 2215 4163 2380 4236; x_wconf 80' lang='lat' dir='ltr'><strong>nolim</strong></span> <span class='ocrx_word' id='word_1_959' title='bbox 2404 4162 2620 4236; x_wconf 84' lang='lat' dir='ltr'><strong>_credas.</strong></span> <span class='ocrx_word' id='word_1_960' title='bbox 2652 4161 2769 4236; x_wconf 60' lang='lat' dir='ltr'><strong>Non</strong></span> <span class='ocrx_word' id='word_1_961' title='bbox 2795 4157 2995 4236; x_wconf 56' lang='lat' dir='ltr'><strong>enimn</strong></span> <span class='ocrx_word' id='word_1_962' title='bbox 3022 4160 3375 4236; x_wconf 86' lang='lat' dir='ltr'><strong>longe_pe_titis</strong></span> <span class='ocrx_word' id='word_1_963' title='bbox 3403 4157 3788 4236; x_wconf 36' lang='lat' dir='ltr'><strong>testi‘lica’tionif</strong></span> 
     </span>
    </p>
   </div>
   <div class='ocr_carea' id='block_1_133' title="bbox 2216 4228 3788 4300">
    <p class='ocr_par' dir='ltr' id='par_1_133' title="bbox 2216 4228 3788 4300">
     <span class='ocr_line' id='line_1_136' title="bbox 2216 4228 3788 4300; baseline -0.006 -13"><span class='ocrx_word' id='word_1_964' title='bbox 2216 4235 2318 4287; x_wconf 91' lang='lat' dir='ltr'><strong>bus</strong></span> <span class='ocrx_word' id='word_1_965' title='bbox 2341 4232 2563 4293; x_wconf 89' lang='lat' dir='ltr'><strong>utimur,</strong></span> <span class='ocrx_word' id='word_1_966' title='bbox 2597 4232 2690 4285; x_wconf 89' lang='lat' dir='ltr'><strong>sed</strong></span> <span class='ocrx_word' id='word_1_967' title='bbox 2720 4246 2787 4286; x_wconf 79' lang='lat' dir='ltr'><strong>ex</strong></span> <span class='ocrx_word' id='word_1_968' title='bbox 2818 4233 3056 4300; x_wconf 87' lang='lat' dir='ltr'><strong>ipsorum</strong></span> <span class='ocrx_word' id='word_1_969' title='bbox 3093 4228 3334 4300; x_wconf 76' lang='lat' dir='ltr'><strong>scriptis,</strong></span> <span class='ocrx_word' id='word_1_970' title='bbox 3362 4238 3421 4284; x_wconf 91' lang='lat' dir='ltr'><strong>ut</strong></span> <span class='ocrx_word' id='word_1_971' title='bbox 3448 4228 3788 4300; x_wconf 67' lang='lat' dir='ltr'><strong>nulla_possit</strong></span> 
     </span>
    </p>
   </div>
   <div class='ocr_carea' id='block_1_134' title="bbox 2218 4295 3788 4371">
    <p class='ocr_par' dir='ltr' id='par_1_134' title="bbox 2218 4295 3788 4371">
     <span class='ocr_line' id='line_1_137' title="bbox 2218 4295 3788 4371; baseline -0.006 -14"><span class='ocrx_word' id='word_1_972' title='bbox 2218 4301 2658 4371; x_wconf 85' lang='lat' dir='ltr'><strong>tergiversatione</strong></span> <span class='ocrx_word' id='word_1_973' title='bbox 2684 4295 2882 4371; x_wconf 75' lang='lat' dir='ltr'><strong>veritas</strong></span> <span class='ocrx_word' id='word_1_974' title='bbox 2912 4300 3040 4354; x_wconf 90' lang='lat' dir='ltr'><strong>falli.</strong></span> <span class='ocrx_word' id='word_1_975' title='bbox 3089 4295 3219 4371; x_wconf 57' lang='lat' dir='ltr'><strong>Qna&#39;</strong></span> <span class='ocrx_word' id='word_1_976' title='bbox 3243 4299 3297 4354; x_wconf 88' lang='lat' dir='ltr'><strong>iu</strong></span> <span class='ocrx_word' id='word_1_977' title='bbox 3330 4315 3388 4371; x_wconf 82' lang='lat' dir='ltr'><strong>re</strong></span> <span class='ocrx_word' id='word_1_978' title='bbox 3421 4300 3579 4371; x_wconf 55' lang='lat' dir='ltr'><strong>sicut</strong></span> <span class='ocrx_word' id='word_1_979' title='bbox 3598 4295 3788 4371; x_wconf 73' lang='lat' dir='ltr'><strong>Patres</strong></span> 
     </span>
    </p>
   </div>
   <div class='ocr_carea' id='block_1_135' title="bbox 2218 4366 3786 4440">
    <p class='ocr_par' dir='ltr' id='par_1_135' title="bbox 2218 4366 3786 4440">
     <span class='ocr_line' id='line_1_138' title="bbox 2218 4366 3786 4440; baseline -0.005 -15"><span class='ocrx_word' id='word_1_980' title='bbox 2218 4366 2337 4425; x_wconf 73' lang='lat' dir='ltr'><strong>illos</strong></span> <span class='ocrx_word' id='word_1_981' title='bbox 2351 4370 2441 4439; x_wconf 89' lang='lat' dir='ltr'><strong>qui</strong></span> <span class='ocrx_word' id='word_1_982' title='bbox 2464 4372 2667 4440; x_wconf 84' lang='lat' dir='ltr'><strong>synodo</strong></span> <span class='ocrx_word' id='word_1_983' title='bbox 2693 4369 3046 4440; x_wconf 87' lang='lat' dir='ltr'><strong>interfuerunt</strong></span> <span class='ocrx_word' id='word_1_984' title='bbox 3068 4366 3188 4425; x_wconf 77' lang='lat' dir='ltr'><strong>ddlo</strong></span> <span class='ocrx_word' id='word_1_985' title='bbox 3199 4369 3434 4423; x_wconf 89' lang='lat' dir='ltr'><strong>caruisse</strong></span> <span class='ocrx_word' id='word_1_986' title='bbox 3456 4366 3613 4440; x_wconf 73' lang='lat' dir='ltr'><strong>facile</strong></span> <span class='ocrx_word' id='word_1_987' title='bbox 3635 4366 3786 4440; x_wconf 78' lang='lat' dir='ltr'><strong>dixe-</strong></span> 
     </span>
    </p>
   </div>
   <div class='ocr_carea' id='block_1_136' title="bbox 2219 4436 3788 4503">
    <p class='ocr_par' dir='ltr' id='par_1_136' title="bbox 2219 4436 3788 4503">
     <span class='ocr_line' id='line_1_139' title="bbox 2219 4436 3788 4503; baseline -0.005 -8"><span class='ocrx_word' id='word_1_988' title='bbox 2219 4442 2319 4496; x_wconf 89' lang='lat' dir='ltr'><strong>rim</strong></span> <span class='ocrx_word' id='word_1_989' title='bbox 2341 4436 2457 4503; x_wconf 52' lang='lat' dir='ltr'><strong>{ita</strong></span> <span class='ocrx_word' id='word_1_990' title='bbox 2484 4436 2669 4494; x_wconf 80' lang='lat' dir='ltr'><strong>eorum</strong></span> <span class='ocrx_word' id='word_1_991' title='bbox 2718 4439 3057 4494; x_wconf 88' lang='lat' dir='ltr'><strong>oscitantiam</strong></span> <span class='ocrx_word' id='word_1_992' title='bbox 3106 4455 3213 4494; x_wconf 91' lang='lat' dir='ltr'><strong>non</strong></span> <span class='ocrx_word' id='word_1_993' title='bbox 3247 4453 3465 4494; x_wconf 79' lang='lat' dir='ltr'><strong>excuso.</strong></span> <span class='ocrx_word' id='word_1_994' title='bbox 3510 4436 3788 4502; x_wconf 82' lang='lat' dir='ltr'><strong>Quomodo</strong></span> 
     </span>
    </p>
   </div>
   <div class='ocr_carea' id='block_1_137' title="bbox 2220 4507 3785 4579">
    <p class='ocr_par' dir='ltr' id='par_1_137' title="bbox 2220 4507 3785 4579">
     <span class='ocr_line' id='line_1_140' title="bbox 2220 4507 3785 4579; baseline -0.006 -14"><span class='ocrx_word' id='word_1_995' title='bbox 2220 4510 2538 4565; x_wconf 89' lang='lat' dir='ltr'><strong>inconsultis</strong></span> <span class='ocrx_word' id='word_1_996' title='bbox 2562 4510 2815 4578; x_wconf 83' lang='lat' dir='ltr'><strong>legitimis</strong></span> <span class='ocrx_word' id='word_1_997' title='bbox 2836 4508 3181 4579; x_wconf 82' lang='lat' dir='ltr'><strong>synodalibus</strong></span> <span class='ocrx_word' id='word_1_998' title='bbox 3214 4509 3378 4573; x_wconf 89' lang='lat' dir='ltr'><strong>actis,</strong></span> <span class='ocrx_word' id='word_1_999' title='bbox 3428 4507 3493 4579; x_wconf 80' lang='lat' dir='ltr'><strong>de</strong></span> <span class='ocrx_word' id='word_1_1000' title='bbox 3520 4521 3581 4560; x_wconf 92' lang='lat' dir='ltr'><strong>re</strong></span> <span class='ocrx_word' id='word_1_1001' title='bbox 3618 4511 3785 4579; x_wconf 74' lang='lat' dir='ltr'><strong>tanta,</strong></span> 
     </span>
    </p>
   </div>
   <div class='ocr_carea' id='block_1_138' title="bbox 2220 4573 3783 4649">
    <p class='ocr_par' dir='ltr' id='par_1_138' title="bbox 2220 4573 3783 4649">
     <span class='ocr_line' id='line_1_141' title="bbox 2220 4573 3783 4649; baseline -0.002 -14"><span class='ocrx_word' id='word_1_1002' title='bbox 2220 4573 2636 4635; x_wconf 75' lang='lat' dir='ltr'><strong>adversantibus</strong></span> <span class='ocrx_word' id='word_1_1003' title='bbox 2669 4573 2967 4649; x_wconf 67' lang='lat' dir='ltr'><strong>praesertim</strong></span> <span class='ocrx_word' id='word_1_1004' title='bbox 3020 4578 3210 4649; x_wconf 88' lang='lat' dir='ltr'><strong>legatis</strong></span> <span class='ocrx_word' id='word_1_1005' title='bbox 3251 4576 3567 4649; x_wconf 69' lang='lat' dir='ltr'><strong>apostolicaa</strong></span> <span class='ocrx_word' id='word_1_1006' title='bbox 3613 4573 3783 4632; x_wconf 86' lang='lat' dir='ltr'><strong>sedis.</strong></span> 
     </span>
    </p>
   </div>
   <div class='ocr_carea' id='block_1_139' title="bbox 2221 4647 3786 4715">
    <p class='ocr_par' dir='ltr' id='par_1_139' title="bbox 2221 4647 3786 4715">
     <span class='ocr_line' id='line_1_142' title="bbox 2221 4647 3786 4715; baseline -0.006 -11"><span class='ocrx_word' id='word_1_1007' title='bbox 2221 4649 2542 4704; x_wconf 87' lang='lat' dir='ltr'><strong>adversariis</strong></span> <span class='ocrx_word' id='word_1_1008' title='bbox 2594 4647 2814 4703; x_wconf 81' lang='lat' dir='ltr'><strong>credere</strong></span> <span class='ocrx_word' id='word_1_1009' title='bbox 2861 4647 3198 4702; x_wconf 74' lang='lat' dir='ltr'><strong>maluerunt?</strong></span> <span class='ocrx_word' id='word_1_1010' title='bbox 3249 4647 3315 4700; x_wconf 86' lang='lat' dir='ltr'><strong>Et</strong></span> <span class='ocrx_word' id='word_1_1011' title='bbox 3336 4659 3570 4715; x_wconf 85' lang='lat' dir='ltr'><strong>quonam</strong></span> <span class='ocrx_word' id='word_1_1012' title='bbox 3608 4650 3786 4712; x_wconf 85' lang='lat' dir='ltr'><strong>pacto,</strong></span> 
     </span>
    </p>
   </div>
   <div class='ocr_carea' id='block_1_140' title="bbox 2222 4715 3787 4790">
    <p class='ocr_par' dir='ltr' id='par_1_140' title="bbox 2222 4715 3787 4790">
     <span class='ocr_line' id='line_1_143' title="bbox 2222 4715 3787 4790; baseline -0.006 -17"><span class='ocrx_word' id='word_1_1013' title='bbox 2222 4732 2315 4790; x_wconf 85' lang='lat' dir='ltr'><strong>eos</strong></span> <span class='ocrx_word' id='word_1_1014' title='bbox 2339 4717 2553 4786; x_wconf 89' lang='lat' dir='ltr'><strong>quidem</strong></span> <span class='ocrx_word' id='word_1_1015' title='bbox 2584 4717 2823 4785; x_wconf 89' lang='lat' dir='ltr'><strong>potuisse</strong></span> <span class='ocrx_word' id='word_1_1016' title='bbox 2845 4716 3044 4779; x_wconf 90' lang='lat' dir='ltr'><strong>fallere,</strong></span> <span class='ocrx_word' id='word_1_1017' title='bbox 3065 4717 3281 4790; x_wconf 68' lang='lat' dir='ltr'><strong>veifalli</strong></span> <span class='ocrx_word' id='word_1_1018' title='bbox 3308 4715 3475 4790; x_wconf 71' lang='lat' dir='ltr'><strong>(quod</strong></span> <span class='ocrx_word' id='word_1_1019' title='bbox 3494 4715 3787 4790; x_wconf 70' lang='lat' dir='ltr'><strong>humanum</strong></span> 
     </span>
    </p>
   </div>
   <div class='ocr_carea' id='block_1_141' title="bbox 2221 4781 3788 4861">
    <p class='ocr_par' dir='ltr' id='par_1_141' title="bbox 2221 4781 3788 4861">
     <span class='ocr_line' id='line_1_144' title="bbox 2221 4781 3788 4861; baseline -0.01 -14"><span class='ocrx_word' id='word_1_1020' title='bbox 2221 4787 2325 4858; x_wconf 83' lang='lat' dir='ltr'><strong>est)</strong></span> <span class='ocrx_word' id='word_1_1021' title='bbox 2352 4781 2481 4861; x_wconf 40' lang='lat' dir='ltr'><strong>inon</strong></span> <span class='ocrx_word' id='word_1_1022' title='bbox 2510 4781 2796 4861; x_wconf 75' lang='lat' dir='ltr'><strong>putantes,</strong></span> <span class='ocrx_word' id='word_1_1023' title='bbox 2849 4801 3061 4861; x_wconf 79' lang='lat' dir='ltr'><strong>omnem</strong></span> <span class='ocrx_word' id='word_1_1024' title='bbox 3109 4786 3215 4861; x_wconf 84' lang='lat' dir='ltr'><strong>illis</strong></span> <span class='ocrx_word' id='word_1_1025' title='bbox 3258 4781 3788 4861; x_wconf 49' lang='lat' dir='ltr'><strong>adh’iberenlidemiu</strong></span> 
     </span>
    </p>
   </div>
   <div class='ocr_carea' id='block_1_142' title="bbox 2221 4848 3790 4913">
    <p class='ocr_par' dir='ltr' id='par_1_142' title="bbox 2221 4848 3790 4913">
     <span class='ocr_line' id='line_1_145' title="bbox 2221 4848 3790 4913; baseline -0.008 0"><span class='ocrx_word' id='word_1_1026' title='bbox 2221 4848 2469 4913; x_wconf 81' lang='lat' dir='ltr'><strong>omnibus</strong></span> <span class='ocrx_word' id='word_1_1027' title='bbox 2509 4848 2561 4910; x_wconf 63' lang='lat' dir='ltr'><strong>i&#39;n</strong></span> <span class='ocrx_word' id='word_1_1028' title='bbox 2595 4872 2652 4911; x_wconf 92' lang='lat' dir='ltr'><strong>re</strong></span> <span class='ocrx_word' id='word_1_1029' title='bbox 2674 4848 2824 4910; x_wconf 85' lang='lat' dir='ltr'><strong>tanta</strong></span> <span class='ocrx_word' id='word_1_1030' title='bbox 2847 4855 3067 4910; x_wconf 87' lang='lat' dir='ltr'><strong>minimc</strong></span> <span class='ocrx_word' id='word_1_1031' title='bbox 3101 4854 3480 4910; x_wconf 80' lang='lat' dir='ltr'><strong>detractarint?</strong></span> <span class='ocrx_word' id='word_1_1032' title='bbox 3507 4853 3635 4907; x_wconf 61' lang='lat' dir='ltr'><strong>Haec</strong></span> <span class='ocrx_word' id='word_1_1033' title='bbox 3661 4848 3790 4903; x_wconf 86' lang='lat' dir='ltr'><strong>mihi</strong></span> 
     </span>
    </p>
   </div>
   <div class='ocr_carea' id='block_1_143' title="bbox 2223 4920 3793 4996">
    <p class='ocr_par' dir='ltr' id='par_1_143' title="bbox 2223 4920 3793 4996">
     <span class='ocr_line' id='line_1_146' title="bbox 2223 4920 3793 4996; baseline -0.006 -15"><span class='ocrx_word' id='word_1_1034' title='bbox 2223 4927 2313 4982; x_wconf 90' lang='lat' dir='ltr'><strong>diu</strong></span> <span class='ocrx_word' id='word_1_1035' title='bbox 2347 4926 2631 4996; x_wconf 88' lang='lat' dir='ltr'><strong>cogitanti,</strong></span> <span class='ocrx_word' id='word_1_1036' title='bbox 2667 4933 2720 4981; x_wconf 90' lang='lat' dir='ltr'><strong>et</strong></span> <span class='ocrx_word' id='word_1_1037' title='bbox 2739 4927 2895 4995; x_wconf 90' lang='lat' dir='ltr'><strong>plane</strong></span> <span class='ocrx_word' id='word_1_1038' title='bbox 2924 4924 3095 4996; x_wconf 77' lang='lat' dir='ltr'><strong>fateor</strong></span> <span class='ocrx_word' id='word_1_1039' title='bbox 3128 4924 3517 4996; x_wconf 77' lang='lat' dir='ltr'><strong>obtupescenti,</strong></span> <span class='ocrx_word' id='word_1_1040' title='bbox 3552 4920 3683 4996; x_wconf 76' lang='lat' dir='ltr'><strong>illud</strong></span> <span class='ocrx_word' id='word_1_1041' title='bbox 3703 4935 3793 4973; x_wconf 87' lang='lat' dir='ltr'><strong>oc-</strong></span> 
     </span>
    </p>
   </div>
   <div class='ocr_carea' id='block_1_144' title="bbox 2222 4991 3794 5064">
    <p class='ocr_par' dir='ltr' id='par_1_144' title="bbox 2222 4991 3794 5064">
     <span class='ocr_line' id='line_1_147' title="bbox 2222 4991 3794 5064; baseline -0.005 -13"><span class='ocrx_word' id='word_1_1042' title='bbox 2222 4995 2394 5051; x_wconf 87' lang='lat' dir='ltr'><strong>currit</strong></span> <span class='ocrx_word' id='word_1_1043' title='bbox 2406 4991 2441 5057; x_wconf 64' lang='lat'><strong>,&#39;</strong></span> <span class='ocrx_word' id='word_1_1044' title='bbox 2461 4996 2548 5050; x_wconf 88' lang='lat' dir='ltr'><strong>his</strong></span> <span class='ocrx_word' id='word_1_1045' title='bbox 2578 4991 2908 5064; x_wconf 81' lang='lat' dir='ltr'><strong>temporibus</strong></span> <span class='ocrx_word' id='word_1_1046' title='bbox 2942 5010 3029 5050; x_wconf 88' lang='lat' dir='ltr'><strong>res</strong></span> <span class='ocrx_word' id='word_1_1047' title='bbox 3063 4991 3376 5050; x_wconf 62' lang='lat' dir='ltr'><strong>Graecorum</strong></span> <span class='ocrx_word' id='word_1_1048' title='bbox 3420 4991 3647 5064; x_wconf 77' lang='lat' dir='ltr'><strong>Francis</strong></span> <span class='ocrx_word' id='word_1_1049' title='bbox 3676 5003 3794 5058; x_wconf 84' lang='lat' dir='ltr'><strong>pes-</strong></span> 
     </span>
    </p>
   </div>
   <div class='ocr_carea' id='block_1_145' title="bbox 2223 5060 3795 5138">
    <p class='ocr_par' dir='ltr' id='par_1_145' title="bbox 2223 5060 3795 5138">
     <span class='ocr_line' id='line_1_148' title="bbox 2223 5060 3795 5138; baseline -0.006 -16"><span class='ocrx_word' id='word_1_1050' title='bbox 2223 5065 2621 5138; x_wconf 78' lang='lat' dir='ltr'><strong>simeoluisse,</strong></span> <span class='ocrx_word' id='word_1_1051' title='bbox 2660 5060 2821 5138; x_wconf 57' lang='lat' dir='ltr'><strong>e&#39;x_eo</strong></span> <span class='ocrx_word' id='word_1_1052' title='bbox 2857 5066 2999 5134; x_wconf 90' lang='lat' dir='ltr'><strong>quod</strong></span> <span class='ocrx_word' id='word_1_1053' title='bbox 3042 5065 3427 5138; x_wconf 79' lang='lat' dir='ltr'><strong>Constantinus</strong></span> <span class='ocrx_word' id='word_1_1054' title='bbox 3465 5063 3604 5138; x_wconf 39' lang='lat' dir='ltr'><strong>imp,</strong></span> <span class='ocrx_word' id='word_1_1055' title='bbox 3627 5060 3795 5138; x_wconf 66' lang='lat' dir='ltr'><strong>[rente</strong></span> 
     </span>
    </p>
   </div>
   <div class='ocr_carea' id='block_1_146' title="bbox 2224 5128 3794 5204">
    <p class='ocr_par' dir='ltr' id='par_1_146' title="bbox 2224 5128 3794 5204">
     <span class='ocr_line' id='line_1_149' title="bbox 2224 5128 3794 5204; baseline -0.007 -14"><span class='ocrx_word' id='word_1_1056' title='bbox 2224 5136 2413 5191; x_wconf 88' lang='lat' dir='ltr'><strong>matris</strong></span> <span class='ocrx_word' id='word_1_1057' title='bbox 2441 5150 2552 5189; x_wconf 69' lang='lat' dir='ltr'><strong>suae</strong></span> <span class='ocrx_word' id='word_1_1058' title='bbox 2582 5128 2812 5204; x_wconf 84' lang='lat' dir='ltr'><strong>impulsu</strong></span> <span class='ocrx_word' id='word_1_1059' title='bbox 2851 5128 3115 5190; x_wconf 70' lang='lat' dir='ltr'><strong>recusarit</strong></span> <span class='ocrx_word' id='word_1_1060' title='bbox 3157 5134 3422 5204; x_wconf 75' lang='lat' dir='ltr'><strong>pollicitus</strong></span> <span class='ocrx_word' id='word_1_1061' title='bbox 3454 5128 3794 5204; x_wconf 79' lang='lat' dir='ltr'><strong>nuptias__diu</strong></span> 
     </span>
    </p>
   </div>
   <div class='ocr_carea' id='block_1_147' title="bbox 2224 5199 3799 5279">
    <p class='ocr_par' dir='ltr' id='par_1_147' title="bbox 2224 5199 3799 5279">
     <span class='ocr_line' id='line_1_150' title="bbox 2224 5199 3799 5279; baseline -0.007 -18"><span class='ocrx_word' id='word_1_1062' title='bbox 2224 5211 2559 5279; x_wconf 70' lang='lat' dir='ltr'><strong>exspectatas</strong></span> <span class='ocrx_word' id='word_1_1063' title='bbox 2582 5199 2705 5279; x_wconf 65' lang='lat' dir='ltr'><strong>tiliie</strong></span> <span class='ocrx_word' id='word_1_1064' title='bbox 2729 5204 2906 5259; x_wconf 90' lang='lat' dir='ltr'><strong>Caroli</strong></span> <span class='ocrx_word' id='word_1_1065' title='bbox 2942 5204 3138 5279; x_wconf 67' lang='lat' dir='ltr'><strong>Magni,</strong></span> <span class='ocrx_word' id='word_1_1066' title='bbox 3159 5199 3253 5259; x_wconf 55' lang='lat' dir='ltr'><strong>&#39;ob</strong></span> <span class='ocrx_word' id='word_1_1067' title='bbox 3274 5203 3462 5279; x_wconf 87' lang='lat' dir='ltr'><strong>_idque_</strong></span> <span class='ocrx_word' id='word_1_1068' title='bbox 3504 5199 3799 5279; x_wconf 79' lang='lat' dir='ltr'><strong>quamlibet</strong></span> 
     </span>
    </p>
   </div>
   <div class='ocr_carea' id='block_1_148' title="bbox 2224 5272 3798 5344">
    <p class='ocr_par' dir='ltr' id='par_1_148' title="bbox 2224 5272 3798 5344">
     <span class='ocr_line' id='line_1_151' title="bbox 2224 5272 3798 5344; baseline 0.001 -14"><span class='ocrx_word' id='word_1_1069' title='bbox 2224 5272 2460 5330; x_wconf 79' lang='lat' dir='ltr'><strong>oblatam</strong></span> <span class='ocrx_word' id='word_1_1070' title='bbox 2493 5275 2829 5329; x_wconf 86' lang='lat' dir='ltr'><strong>occasionem</strong></span> <span class='ocrx_word' id='word_1_1071' title='bbox 2874 5272 3163 5344; x_wconf 81' lang='lat' dir='ltr'><strong>arripuisse</strong></span> <span class='ocrx_word' id='word_1_1072' title='bbox 3214 5275 3374 5344; x_wconf 87' lang='lat' dir='ltr'><strong>rebus</strong></span> <span class='ocrx_word' id='word_1_1073' title='bbox 3416 5272 3483 5344; x_wconf 77' lang='lat' dir='ltr'><strong>ab</strong></span> <span class='ocrx_word' id='word_1_1074' title='bbox 3507 5285 3573 5326; x_wconf 89' lang='lat' dir='ltr'><strong>eo</strong></span> <span class='ocrx_word' id='word_1_1075' title='bbox 3601 5272 3798 5344; x_wconf 63' lang='lat' dir='ltr'><strong>gestis.</strong></span> 
     </span>
    </p>
   </div>
   <div class='ocr_carea' id='block_1_149' title="bbox 2223 5341 3799 5427">
    <p class='ocr_par' dir='ltr' id='par_1_149' title="bbox 2223 5341 3799 5427">
     <span class='ocr_line' id='line_1_152' title="bbox 2223 5341 3799 5427; baseline -0.002 -30"><span class='ocrx_word' id='word_1_1076' title='bbox 2223 5344 2626 5427; x_wconf 76' lang='lat' dir='ltr'><strong>pietatem_iicet</strong></span> <span class='ocrx_word' id='word_1_1077' title='bbox 2639 5341 3116 5427; x_wconf 33' lang='lat' dir='ltr'><strong>‘pratsefereutibus</strong></span> <span class='ocrx_word' id='word_1_1078' title='bbox 3131 5385 3145 5409; x_wconf 96' lang='lat'><strong>,</strong></span> <span class='ocrx_word' id='word_1_1079' title='bbox 3174 5342 3488 5427; x_wconf 54' lang='lat' dir='ltr'><strong>detrahendi</strong></span> <span class='ocrx_word' id='word_1_1080' title='bbox 3517 5341 3799 5427; x_wconf 57' lang='lat' dir='ltr'><strong>pariterft</strong></span> 
     </span>
    </p>
   </div>
   <div class='ocr_carea' id='block_1_150' title="bbox 2227 5409 3799 5483">
    <p class='ocr_par' dir='ltr' id='par_1_150' title="bbox 2227 5409 3799 5483">
     <span class='ocr_line' id='line_1_153' title="bbox 2227 5409 3799 5483; baseline -0.005 -14"><span class='ocrx_word' id='word_1_1081' title='bbox 2227 5409 2548 5480; x_wconf 81' lang='lat' dir='ltr'><strong>iusultandi;</strong></span> <span class='ocrx_word' id='word_1_1082' title='bbox 2602 5409 2765 5483; x_wconf 67' lang='lat' dir='ltr'><strong>atque</strong></span> <span class='ocrx_word' id='word_1_1083' title='bbox 2805 5414 2939 5469; x_wconf 84' lang='lat' dir='ltr'><strong>adeo</strong></span> <span class='ocrx_word' id='word_1_1084' title='bbox 2984 5414 3152 5483; x_wconf 88' lang='lat' dir='ltr'><strong>ipsam</strong></span> <span class='ocrx_word' id='word_1_1085' title='bbox 3196 5412 3466 5468; x_wconf 67' lang='lat' dir='ltr'><strong>Nicaanam</strong></span> <span class='ocrx_word' id='word_1_1086' title='bbox 3513 5409 3799 5483; x_wconf 81' lang='lat' dir='ltr'><strong>Synodum,</strong></span> 
     </span>
    </p>
   </div>
   <div class='ocr_carea' id='block_1_151' title="bbox 2228 5482 3801 5554">
    <p class='ocr_par' dir='ltr' id='par_1_151' title="bbox 2228 5482 3801 5554">
     <span class='ocr_line' id='line_1_154' title="bbox 2228 5482 3801 5554; baseline -0.004 -15"><span class='ocrx_word' id='word_1_1087' title='bbox 2228 5485 2467 5554; x_wconf 87' lang='lat' dir='ltr'><strong>ipsorum</strong></span> <span class='ocrx_word' id='word_1_1088' title='bbox 2492 5498 2654 5553; x_wconf 87' lang='lat' dir='ltr'><strong>opera</strong></span> <span class='ocrx_word' id='word_1_1089' title='bbox 2678 5482 2959 5539; x_wconf 82' lang='lat' dir='ltr'><strong>collectam</strong></span> <span class='ocrx_word' id='word_1_1090' title='bbox 2994 5482 3049 5538; x_wconf 88' lang='lat' dir='ltr'><strong>et</strong></span> <span class='ocrx_word' id='word_1_1091' title='bbox 3069 5484 3369 5538; x_wconf 89' lang='lat' dir='ltr'><strong>absolutam</strong></span> <span class='ocrx_word' id='word_1_1092' title='bbox 3406 5482 3660 5554; x_wconf 82' lang='lat' dir='ltr'><strong>non_sin_e</strong></span> <span class='ocrx_word' id='word_1_1093' title='bbox 3688 5486 3801 5554; x_wconf 81' lang='lat' dir='ltr'><strong>sto-</strong></span> 
     </span>
    </p>
   </div>
   <div class='ocr_carea' id='block_1_152' title="bbox 2229 5549 3803 5621">
    <p class='ocr_par' dir='ltr' id='par_1_152' title="bbox 2229 5549 3803 5621">
     <span class='ocr_line' id='line_1_155' title="bbox 2229 5549 3803 5621; baseline -0.004 -12"><span class='ocrx_word' id='word_1_1094' title='bbox 2229 5549 2423 5609; x_wconf 79' lang='lat' dir='ltr'><strong>macho</strong></span> <span class='ocrx_word' id='word_1_1095' title='bbox 2444 5549 2746 5609; x_wconf 85' lang='lat' dir='ltr'><strong>audivisse:</strong></span> <span class='ocrx_word' id='word_1_1096' title='bbox 2775 5554 3019 5609; x_wconf 87' lang='lat' dir='ltr'><strong>homines</strong></span> <span class='ocrx_word' id='word_1_1097' title='bbox 3046 5570 3249 5615; x_wconf 88' lang='lat' dir='ltr'><strong>sumus,</strong></span> <span class='ocrx_word' id='word_1_1098' title='bbox 3282 5561 3337 5609; x_wconf 87' lang='lat' dir='ltr'><strong>et</strong></span> <span class='ocrx_word' id='word_1_1099' title='bbox 3363 5550 3599 5621; x_wconf 89' lang='lat' dir='ltr'><strong>quandiu</strong></span> <span class='ocrx_word' id='word_1_1100' title='bbox 3624 5549 3677 5621; x_wconf 78' lang='lat' dir='ltr'><strong>in</strong></span> <span class='ocrx_word' id='word_1_1101' title='bbox 3703 5549 3803 5621; x_wconf 81' lang='lat' dir='ltr'><strong>hac</strong></span> 
     </span>
    </p>
   </div>
   <div class='ocr_carea' id='block_1_153' title="bbox 2230 5617 3802 5707">
    <p class='ocr_par' dir='ltr' id='par_1_153' title="bbox 2230 5617 3802 5707">
     <span class='ocr_line' id='line_1_156' title="bbox 2230 5617 3802 5707; baseline -0.006 -27"><span class='ocrx_word' id='word_1_1102' title='bbox 2230 5624 2341 5707; x_wconf 63' lang='lat' dir='ltr'><strong>vita</strong></span> <span class='ocrx_word' id='word_1_1103' title='bbox 2362 5623 2631 5707; x_wconf 44' lang='lat' dir='ltr'><strong>.degiiuus,</strong></span> <span class='ocrx_word' id='word_1_1104' title='bbox 2656 5624 2805 5705; x_wconf 74' lang='lat' dir='ltr'><strong>hisce</strong></span> <span class='ocrx_word' id='word_1_1105' title='bbox 2822 5625 3089 5707; x_wconf 60' lang='lat' dir='ltr'><strong>interdum</strong></span> <span class='ocrx_word' id='word_1_1106' title='bbox 3113 5624 3338 5707; x_wconf 73' lang='lat' dir='ltr'><strong>privatis</strong></span> <span class='ocrx_word' id='word_1_1107' title='bbox 3359 5617 3561 5707; x_wconf 79' lang='lat' dir='ltr'><strong>pulsari</strong></span> 
     </span>
    </p>
   </div>
   <div class='ocr_carea' id='block_1_154' title="bbox 2232 5690 3800 5763">
    <p class='ocr_par' dir='ltr' id='par_1_154' title="bbox 2232 5690 3800 5763">
     <span class='ocr_line' id='line_1_157' title="bbox 2232 5690 3800 5763; baseline -0.006 -11"><span class='ocrx_word' id='word_1_1108' title='bbox 2232 5695 2333 5752; x_wconf 85' lang='lat' dir='ltr'><strong>bus</strong></span> <span class='ocrx_word' id='word_1_1109' title='bbox 2360 5690 2513 5750; x_wconf 67' lang='lat' dir='ltr'><strong>inviti</strong></span> <span class='ocrx_word' id='word_1_1110' title='bbox 2546 5694 2816 5763; x_wconf 80' lang='lat' dir='ltr'><strong>cogimur.</strong></span> <span class='ocrx_word' id='word_1_1111' title='bbox 2866 5692 3043 5750; x_wconf 81' lang='lat' dir='ltr'><strong>Mitior</strong></span> <span class='ocrx_word' id='word_1_1112' title='bbox 3083 5690 3153 5749; x_wconf 89' lang='lat' dir='ltr'><strong>sit</strong></span> <span class='ocrx_word' id='word_1_1113' title='bbox 3194 5694 3295 5749; x_wconf 89' lang='lat' dir='ltr'><strong>ista</strong></span> <span class='ocrx_word' id='word_1_1114' title='bbox 3340 5690 3724 5761; x_wconf 81' lang='lat' dir='ltr'><strong>reprehensio,</strong></span> <span class='ocrx_word' id='word_1_1115' title='bbox 3748 5693 3800 5743; x_wconf 78' lang='lat' dir='ltr'><strong>ct</strong></span> 
     </span>
    </p>
   </div>
  </div>
