4092 6188
418 301 525 359 933

1415 265 1593 358 mm
1627 301 1968 359 CAROLINI.
2010 331 2080 342 —

2115 300 2648 357 PROLEGOMENA.
3564 303 3670 358 955

414 409 745 484 tolerabilior
771 406 1096 484 redargutio,
1113 423 1272 484 quain
1296 423 1390 467 eos
1411 424 1598 484 omnes
1625 408 1873 484 falsitatis
1897 424 1989 463 ar-
2016 412 2066 470 Α
2094 410 2279 484 talium
2324 410 2392 464 ad
2424 410 2704 484 'i‘arasium
2747 410 3107 478 patriarcham
3126 451 3159 484 ,_
3181 426 3320 484 quas
3363 412 3531 478 citat,
3564 432 3671 484 qua

451 496 580 535 uere
603 487 659 532 et
685 477 1014 546 imposturaa,
1044 479 1167 547 dum
1197 477 1301 532 illis
1323 479 1639 547 acquievere
1657 480 1744 547 qui
1774 478 1857 532 his
1881 493 1991 531 ma-

435 546 482 606 is
514 549 721 603 artibus
746 549 799 629 in
822 548 1065 629 eamdem
1102 546 1371 629 Niemuam
1408 546 1687 617 synodum
1725 549 1987 615 irrupere,

416 622 469 679 in
534 634 632 672 uos
653 617 829 671 omnis
853 616 1010 684 culpa
1036 624 1297 670 vertatur.
1452 616 1459 617 “

484 635 651 741 ἷχγ.
676 685 972 739 Adversarii
986 686 1214 754 septima:
1233 684 1417 753 synodi
1432 684 1708 754 fraudibus
1734 695 1991 754 agunt.—

490 702 651 741 Lav.
676 702 970 739 Adversum
986 702 1214 805 septima:
1233 702 1414 753 agnoui
1432 702 1708 754 Irauawus
1734 702 1990 754 agam.—

416 756 626 812 Etenim
661 754 953 808 adversarii
1001 753 1076 807 ili
1120 757 1529 808 concinnatores
1570 756 1990 819 mendaciorum,

415 838 469 882 ct
500 826 748 880 fraudum
785 823 1098 891 architecti,
1135 822 1274 877 dolis
1307 830 1468 891 atque
1505 822 1730 878 fallaciis
1763 824 1995 878 circum-

418 900 681 951 venerunt
705 890 921 947 eosdem
937 892 1081 961 ipsos
1095 892 1373 961 episcopos
1384 890 1485 961 qui
1509 901 1771 946 venerunt
1787 894 1856 947 ad
1870 908 1993 961 syn-

415 966 611 1029 odum,
654 970 815 1030 atque
853 960 1034 1029 speCie
1066 960 1282 1030 quidem
1319 960 1534 1028 pietatis
1577 962 1644 1016 ad
1670 960 1994 1017 condemna-

417 1035 619 1088 tionem
649 1029 878 1087 Nictena:
902 1029 1089 1100 synodi
1116 1038 1505 1150 permoverunt
1519 1071 1543 1112 ,.
1574 1032 1895 1112 mentientes
1939 1032 1994 1084 in

417 1102 607 1150 nrimis
635 1101 727 1150 (ut
756 1105 978 1150 armaret
1005 1114 1071 1150 ex
1136 1100 1251 1150 lbl‘O
1295 1099 1385 1150 illo
1417 1099 1710 1150 Camtulan
1755 1102 1898 1150 dicto
1928 1100 1994 1150 ad

417 1102 607 1173 primis
635 1101 742 1173 (u_t_
756 1099 978 1169 apparet
1005 1114 1071 1173 ex
1116 1099 1251 1173 libro
1295 1099 1385 1153 illo
1417 1099 1710 1173 Capitulari
1755 1101 1903 1173 dicto
1928 1100 1997 1154 ad

419 1167 670 1227 Carolum
695 1167 942 1236 Magnum
977 1167 1163 1238 misso)
1190 1167 1469 1238 Nicaanami
1483 1170 1746 1238 synodum
1777 1169 1997 1223 minime

416 1235 798 1297 conﬁrmatam
825 1252 944 1309 esse
967 1252 998 1309 a
1025 1235 1265 1309 Romano
1294 1235 1582 1309 pontiﬁce,
1613 1241 1730 1294 sine
1760 1253 1867 1305 quo
1901 1238 1997 1309 (ut

419 1312 563 1366 idem
590 1309 663 1364 ibi
688 1316 876 1362 auctor
896 1306 993 1376 ait)
1024 1307 1308 1376 concilium
1335 1308 1627 1361 subsistere
1647 1309 1864 1362 minime
1882 1306 2000 1376 pos-

422 1381 514 1444 sit,
558 1378 701 1444 quod
745 1376 920 1431 omnis
961 1375 1162 1444 deiide
1187 1377 1553 1430 controversia
1599 1378 1665 1429 ad
1696 1375 1998 1431 Romanum

424 1443 733 1520 pontiﬁcem
758 1452 982 1520 spectet.
1016 1443 1123 1498 Sed
1151 1454 1216 1520 et_
1233 1446 1375 1514 quod
1398 1444 1866 1520 plane_nefandum
1893 1454 1996 1520 est,

424 1514 745 1574 addiderunt
769 1516 1013 1570 eamdem
1050 1515 1314 1583 synodum
1358 1514 1731 1583 promulgasse
1775 1515 2002 1569 manife-

425 1587 718 1643 stissimam
743 1585 1092 1653 impietatem,
1125 1600 1190 1639 eo
1218 1583 1362 1653 quod
1390 1599 1457 1637 ex
1482 1599 1545 1638 ea
1577 1585 1800 1638 haeresis
1821 1584 2003 1637 ﬁrma-

428 1665 606 1720 retur,
632 1672 767 1726 qua,
793 1662 854 1726 ut
874 1654 1025 1707 aiunt
1038 1692 1077 1726 ,_
1095 1660 1496 1726 assererentur‘
1517 1653 1778 1726 imagines
1812 1654 2000 1709 eodem

427 1728 633 1781 honore
651 1722 719 1780 'et
742 1723 886 1778 cultu
914 1738 1021 1791 quo
1050 1723 1235 1783 Deum,
1264 1737 1385 1791 esse
1414 1738 1445 1776 a
1470 1722 1717 1791 ﬁdelibus
1743 1738 2003 1778 veneran-

426 1797 522 1873 das
731 1792 878 1873 enim
911 1789 966 1846 in
992 1792 1304 1873 prmiatione
1333 1789 1575 1859 ejusdem
1603 1791 1724 1873 libri
1754 1792 2015 1873 capitula».

430 1865 505 1919 ris
529 1866 596 1918 ad
616 1862 911 1917 Adrianum
938 1861 1087 1916 missi
1123 1861 1402 1929 leguntur,
1456 1876 1581 1915 cum
1614 1861 1792 1928 agitur
1821 1862 1888 1916 de
1916 1877 2005 1915 re-

427 1935 529 1988 bus
556 1934 722 2002 gestis
745 1933 799 1985 iu
824 1929 1288 2002 Francofordiensi
1328 1930 1554 2002 concilio
1574 1948 1607 2002 ﬂ:
1669 1949 1687 1980 ε
1720 1929 1894 1984 Allata
1921 1936 2006 1985 est

429 1998 723 2075 (inquiunt)
754 2002 809 2075 in
824 2000 1056 2075 medium
1071 2002 1296 2075 qiuzestio
1312 2001 1378 2075 de
1400 2015 1536 2075 nova
1552 1998 1869 2075 _Gra3coru_m
1885 2015 2005 2075 syn:

427 2069 551 2135 edo,
592 2069 752 2141 quam
779 2071 845 2124 de
879 2070 1165 2141 aderandis
1200 2069 1522 2141 imaginibus
1543 2069 2005 2141 Constantinopoli

429 2139 687 2201 fecerant,
717 2141 771 2194 in
796 2155 901 2207 qua
931 2139 1188 2208 scriptum
1218 2140 1533 2208 habebatur,
1562 2147 1622 2192 ut
1643 2140 1732 2208 qui
1764 2139 2006 2207 imagini-

427 2212 530 2265 bus
560 2218 888 2272 sanctorum,
918 2208 992 2262 ita
1017 2207 1077 2262 ut
1106 2208 1310 2262 deiﬁcm
1338 2207 1583 2261 Trinitati
1616 2207 1891 2262 servitium
1912 2215 2006 2261 aut

430 2280 795 2335 adorationem
822 2294 925 2332 non
954 2278 1299 2345 impenderet,
1339 2278 1622 2332 anathema
1648 2275 2001 2343 judicaretur.

428 2349 532 2415 Qui
569 2364 729 2417 supra
768 2346 1090 2402 sanctissimi
1132 2345 1320 2417 Patres
1348 2348 1521 2401 nostri
1554 2348 1876 2402 omnimodis
1907 2346 2005 2400 ad-

428 2416 728 2474 oration’em
745 2425 798 2471 et
811 2417 1122 2471 servitutem
1138 2416 1218 2469 eis
1233 2416 1539 2483 impendere
1560 2425 1868 2480 renuentes,
1880 2430 2007 2469 con-

431 2494 788 2557 tempserunt,
839 2492 1001 2554 atque
1033 2486 1453 2557 consentientes
1503 2486 1998 2557 condemnarunt.)

433 2554 680 2613 Cita—ntur
707 2557 924 2623 insuper
954 2557 1006 2607 in
1030 2555 1145 2625 ipso
1179 2555 1457 2622 capitul'ari
1494 2564 1611 2625 acta
1641 2554 2005 2625 ejusdemNi-

432 2627 567 2683 carni
607 2625 816 2680 concilii
856 2625 1049 2693 quibus
1083 2624 1216 2679 falso
1255 2623 1594 2678 assereretur
1624 2623 2006 2678 Constantinus

432 2697 713 2765 episcopus
740 2693 901 2764 Cypri
927 2694 980 2746 in
1002 2695 1190 2765 eodem
1215 2693 1678 2765 concilioiNicteno
1719 2695 2004 2765 anathema

434 2762 632 2819 dixisse
669 2764 736 2818 iis
763 2762 855 2832 qui
886 2778 990 2832 non
1034 2764 1260 2817 adorant
1302 2762 1562 2831 imagines
1588 2778 1650 2817 ea
1694 2762 2006 2817 adoratione

433 2849 538 2902 qua
561 2831 896 2888 sanctisSima
921 2831 1156 2886 Trinitas
1171 2832 1453 2902 adoratur:
1479 2848 1598 2901 qua:
1618 2834 1811 2887 adrem
1834 2832 2005 2899 ipsam

431 2901 758 2972 exploratius
779 2902 1220 2971 cognoscendam,
1237 2901 1326 2956 hic
1347 2901 1612 2957 voluimus
1630 2902 2002 2971 descripsisse:

433 2971 513 3027 sic
536 2973 679 3026 enim
703 2988 761 3026 se
786 2971 1013 3025 habent:

502 3041 690 3097 XXVI.
737 3059 754 3089 ί
782 3039 931 3106 Quod
958 3038 1190 3095 iufauste
1225 3048 1279 3095 et
1303 3040 1701 3108 praecipitanter
1724 3040 1836 3094 sive
1874 3041 2006 3095 insi-

434 3111 643 3180 pienter
675 3110 1072 3180 Constantinus
1129 3108 1458 3180 Constantia:
1506 3108 1667 3180 Cypri
1724 3109 2005 3178 episcopus

436 3178 571 3235 dixit
607 3194 622 3234 :
662 3179 909 3247 Suscipio
952 3186 1006 3232 et
1047 3180 1340 3247 amplector
1373 3178 1758 3233 honorabiliter
1801 3187 2015 3233 sanctas

436 3258 491 3303 et
522 3249 850 3303 venerandas
876 3248 1136 3317 imagines
1166 3265 1178 3300 :
1207 3248 1574 3303 adorationem
1601 3257 1782 3301 autem
1809 3264 1928 3317 qua:
1955 3250 2016 3302 fit

436 3320 730 3374 secundum
763 3316 1003 3380 latriam,’
1026 3318 1078 3371 id
1109 3326 1212 3382 est,
1243 3318 1335 3371 Dei
1361 3317 1656 3378 culturam,
1691 3316 2015 3372 tantummo—

439 3388 507 3443 do
542 3386 879 3442 substantiali
907 3394 961 3440 et
985 3385 1209 3441 viviﬁca:
1234 3386 1485 3440 Trinitati
1512 3401 1803 3451 conservo;
1832 3395 1887 3439 et
1920 3388 2013 3455 qui

439 3457 519 3512 sic
551 3473 657 3511 non
683 3457 957 3525 sentiunt,
984 3471 1159 3525 neque
1183 3456 1518 3525 gloriﬁcant,
1552 3470 1584 3508 a
1615 3465 1799 3510 sancta
1830 3457 2017 3510 catho-

437 3526 540 3580 lica
584 3534 640 3608 et
681 3524 975 3605 apostolica
1021 3523 1261 3579 Ecclesia
1298 3539 1566 3647 segrego,
1605 3532 1659 3576 et
1688 3526 2014 3605 anathemati

439 3598 725 3647 submitte.
756 3602 811 3647 et
833 3602 972 3647 narti
1000 3609 1185 3647 eorum
1223 3609 1313 3647 nui
1340 3610 1370 3647 a
1411 3602 1740 3647 negaverunt
1772 3609 2014 3647 incarna-

439 3596 725 3657 submitto,
756 3602 811 3649 et
833 3594 972 3664 parti
1000 3609 1185 3664 eorum
1223 3594 1313 3664 qui
1340 3594 1740 3664 abnegaverunt
1772 3594 2015 3664 incarna-

443 3673 556 3719 tam
588 3675 642 3719 et
679 3661 987 3720 salvabilem
1028 3661 1496 3720 dispensationem
1519 3661 1719 3716 Christi
1755 3663 1867 3717 veri
1921 3663 2016 3717 Dei

438 3733 611 3788 nostri
646 3735 832 3788 emitto
859 3731 1195 3803 (CongiNic.
1226 3749 1284 3795 ιι,
1317 3742 1419 3803 act.
1447 3732 1523 3799 5).
1561 3731 1736 3803 {Hcce
1768 3732 2017 3803 adversa-

444 3804 572 3858 sarii
603 3800 962 3871 tanquam‘ex
1004 3800 1217 3871 Nicrena
1257 3802 1480 3871 synodo.
1561 3800 1707 3865 Quos
1749 3801 2018 3856 Adrianus

437 3871 560 3941 jure
610 3870 913 3942 redarguit,
950 3870 1202 3942 nimirum
1227 3870 1404 3942 neque
1428 3870 1836 3942 Constantinum
1856 3911 1872 3934 ,
1924 3886 2019 3924 ne-

443 3940 548 4011 que
571 3942 705 3996 alios
740 3940 867 3995 tunc
902 3954 1026 3994 cum
1052 3955 1129 4011 eoi
1142 3941 1210 3995 ad
1244 3940 1536 4011 Ecclesium
1575 3940 1894 3994 catholicam
1936 3955 2018 3994 re-

441 4009 714 4066 vertentes
738 4011 898 4064 aliter
926 4025 987 4064 se
1008 4009 1226 4064 credere
1261 4025 1380 4064 esse
1406 4009 1675 4078 professos
1703 4025 1864 4077 quam
1900 4024 2019 4078 quae

445 4083 516 4137 ab
545 4080 730 4135 eadem
752 4079 968 4133 Nica‘na
1003 4080 1207 4148 synodo
1240 4087 1365 4133 sunt
1394 4087 1624 4142 statuta;
1656 4079 1910 4133 nimirum
1941 4080 2019 4134 sic

441 4150 703 4219 imagines
749 4162 931 4219 sacras
975 4148 1306 4219 venerandas
1347 4163 1496 4211 esse,
1537 4156 1827 4219 utrtamen
1851 4148 2020 4204 latrite

441 4218 619 4273 cultus
644 4219 750 4274 illis
780 4218 927 4272 nullo
953 4218 1112 4272 modo
1135 4218 1373 4280 daretur,
1402 4219 1493 4286 qui
1525 4218 1625 4271 soli
1658 4218 1768 4272 Deo
1801 4218 2021 4273 debere-

446 4295 533 4341 tur
566 4287 824 4342 impendi.

446 4295 533 4341 tur
566 4287 824 4357 impendi.

512 4358 588 4411 Ita
619 4355 850 4424 quidem,
901 4363 953 4410 et
981 4372 1086 4411 non
1128 4355 1303 4419 aliter,
1339 4371 1399 4411 se
1446 4355 1644 4410 habere
1680 4355 2016 4412 Constantini

442 4403 675 4495 episcopi
712 4403 1039 4495 Constantia:
1060 4424 1220 4495 Cypri
1254 4403 1631 4489 assertionem,
1662 4403 1774 4495 ipsa
1802 4425 2016 4480 Nicaena
2047 4403 2093 4462 θ

441 4494 563 4551 acta
593 4511 713 4564 qua:
748 4494 922 4549 adhuc
965 4494 1181 4550 exstant
1220 4496 1427 4563 integra
1465 4496 1658 4550 docent
1687 4494 1771 4550 his
1796 4496 2013 4549 verbis:

447 4586 465 4615 ι
494 4565 879 4619 Constantinus
908 4565 1189 4634 episcopus
1211 4565 1538 4620 Constantia;
1561 4566 1616 4618 in
1647 4565 1824 4634 Cypro
1847 4564 2012 4619 dixit:

442 4635 497 4689 In
535 4634 694 4688 nullis
730 4643 1018 4703 peccantes
1062 4651 1184 4690 cum
1226 4636 1434 4689 videam
1478 4635 1685 4689 litteras
1721 4650 1840 4701 qua:
1875 4643 2017 4688 nunc

444 4704 594 4759 lecta:
621 4702 760 4767 sunt,
791 4712 845 4757 et
873 4706 941 4758 ab
965 4702 1326 4759 Orientalibus
1355 4705 1618 4773 episcopis
1646 4703 1712 4757 ad
1738 4704 2016 4758 Tarasium

442 4774 839 4829 sanctissimum
906 4789 970 4828 ac
1031 4775 1399 4829 beatissimum
1451 4774 1907 4843 archiepiscopum
1964 4782 2020 4827 et

444 4843 799 4898 universalem
826 4843 1185 4911 patriarcham
1216 4844 1424 4907 missae;
1454 4844 1580 4898 item
1607 4859 1729 4897 cum
1759 4844 1844 4898 bis
1872 4859 2020 4898 eam-

444 4914 564 4968 dem
619 4912 742 4967 fidei
788 4912 1181 4968 confessionem
1231 4927 1591 4983 cognoscam:
1629 4928 1727 4983 ego
1768 4913 2019 4983 indignus

442 4983 603 5037 etiam
626 4983 905 5044 assentior,
931 4990 985 5037 et
1006 4998 1113 5037 uno
1133 4984 1313 5038 animo
1338 4982 1476 5037 idem
1499 4982 1751 5050 prmdico.
1774 4982 2019 5051 Suscipio

443 5053 584 5106 enim
613 5060 666 5105 et
697 5053 990 5120 amplector
1028 5054 1360 5109 venerandas
1402 5052 1703 5121 imagines;
1752 5053 2019 5107 adoratio-

442 5137 563 5198 nem
593 5130 771 5175 autem
813 5138 932 5191 quae
978 5124 1036 5176 ﬁt
1066 5123 1355 5198 secundum
1394 5122 1775 5198 )iatpeiay,__boc
1817 5123 2018 5198 est_Dei

441 5190 740 5261 culturam,
780 5190 1149 5247 tantummodo
1175 5190 1681 5261 'supersuhst'antiali
1716 5199 1770 5248 et
1795 5192 2019 5247 vivitica:

443 5260 696 5332 Trinitati
730 5275 1024 5324 conservo;
1049 5262 1140 5331 qui
1180 5278 1307 5317 vero
1350 5262 1505 5316 aliter
1543 5262 1795 5325 sentiunt,
1821 5262 2021 5332 quique

441 5330 711 5402 gloriosos
743 5338 959 5402 sanctos
984 5330 1091 5385 non
1116 5335 1431 5402 approbant,
1463 5348 1493 5385 a
1519 5332 1784 5402 catholica
1815 5330 1867 5386 et
1891 5330 2020 5402 apo-

440 5399 632 5471 stolica
673 5400 910 5471 Ecclesia
956 5399 1262 5471 separo—{et
1305 5402 1631 5456 anathemati
1672 5400 1897 5470 subjicio
1915 5399 1943 5466 ,”
1966 5411 2021 5457 et

442 5467 511 5523 ad
560 5484 654 5523 eos
698 5470 875 5541 relego
918 5467 1384 5540 qui'incarnatam
1448 5471 1644 5527 Christi
1699 5467 1794 5526 Dei
1847 5474 2018 5528 nostri

442 5540 797 5611 meonomiam
820 5540 823 5541 ⁷
850 5541 1196 5611 pertinaciter
1253 5551 1467 5611 negant.
1500 5563 1518 5594 ι
1561 5541 1849 5610 ﬂuensque
1892 5559 2021 5599 sen-

445 5611 614 5664 tentia
657 5609 995 5665 Constantini
1038 5609 1365 5666 Constantia:
1407 5612 1676 5681 episcopi,
1725 5609 2015 5666 secundum
2053 5668 2061 5675 _

445 5681 797 5745 assertionem
832 5680 1175 5736 recitaturum
1211 5680 1457 5753 superius
1491 5680 1790 5739 litterarum
1830 5682 2017 5739 0rien~

2091 478 2669 551 declaraturDeiparaa
2709 488 2783 551 eti
2801 487 3108 551 sanctorum
3147 478 3439 551 imagines,
3468 478 3673 541 non—ut

2093 549 2220 609 Dei,
2241 547 2350 618 sed
2390 549 2472 618 (ut
2507 547 2725 618 habent)
2766 549 2858 603 Dei
2893 549 3187 618 amicorum
3225 547 3325 605 coli
3357 551 3575 608 debere.

2163 617 2371 671 XXVII.
2403 617 2534 673 Sed
2580 624 2629 671 et
2665 617 2777 684 ipsa
2824 617 3060 684 synodus
3109 618 3323 675 Nicena
3365 623 3551 676 eadem
3588 624 3674 679 bis

2093 686 2341 741 omnibus
2364 675 2751 741 consentientia
2785 675 2946 741 habet
2979 687 3033 740 in
3072 687 3192 742 ﬁdei
3233 675 3512 745 catholica:
3542 675 3676 747 dell;

2094 756 2299 826 nitione
2326 796 2341 819 ,
2380 754 2609 826 Patrum
2676 756 2916 810 omnium
2975 758 3366 826 subscriptione
3421 759 3629 815 ﬁrmata
3657 803 3671 825 ,

2094 825 2273 899 verbis
2304 825 2423 880 istis
2447 841 2462 879 :
2485 844 2511 899 _¢
2545 826 2835 879 Deﬁnimus
2866 841 2989 899 cum
3031 825 3334 899 onini'eura
3363 837 3417 882 et
3451 830 3675 899 diligen—

2095 894 2201 964 tia,
2232 893 2565 948 venerandas
2598 902 2651 949 et
2689 902 2904 949 sanctas
2942 895 3205 964 imagines
3241 899 3309 952 ad
3350 893 3573 952 moduni
3622 908 3677 952 et

2095 962 2322 1018 formam
2348 965 2664 1018 veneranda:
2692 971 2747 1016 et
2771 962 3092 1018 viviﬁcantis
3129 967 3308 1021 crucis
3333 983 3364 1022 e
3400 968 3679 1023 coloribus

2096 1040 2151 1105 et
2182 1032 2379 1105 taxillis
2408 1039 2501 1085 aut
2525 1032 2629 1105 alia
2660 1034 2849 1105 quavis
2888 1034 3110 1105 materia
3150 1035 3428 1105 commode
3458 1046 3678 1105 paratas

2097 1101 2420 1156 dedicandae
2438 1140 2453 1165 ,
2481 1110 2535 1155 et
2570 1101 2624 1155 in
2651 1103 2863 1171 templis
2887 1104 3087 1157 sanctis
3110 1101 3679 1160 collocandas'haben-

2098 1171 2301 1244 dasque
2335 1178 2447 1244 tum
2480 1171 2534 1244 in
2561 1171 2731 1244 sacris
2756 1172 2901 1244 vasis
2924 1180 2978 1244 et
2999 1173 3258 1244 vestibus,
3288 1182 3399 1228 tum
3426 1176 3480 1229 in
3504 1177 3679 1244 parie-

2099 1241 2243 1294 tibus
2273 1240 2584 1310 et_tabulis,
2612 1241 2665 1293 in
2692 1241 2914 1305 aedibus,
2949 1241 3004 1294 in
3029 1242 3132 1296 viis
3155 1244 3383 1310 publicis
3400 1284 3415 1307 ,
3445 1240 3681 1299 maxime

2099 1308 2615 1389 autemuiniaginein
2661 1310 2871 1389 Domini
2918 1318 2973 1364 et
3022 1311 3118 1389 Dei
3156 1308 3679 1389 'Salvatmjsnostri

2098 1377 2226 1433 .Iesu
2258 1377 2458 1450 Christi
2481 1418 2496 1442 ,
2535 1378 2726 1450 deinde
2774 1380 3129 1450 intemerata:
3154 1390 3354 1436 nostra:
3400 1383 3640 1450 Deipara:
3664 1423 3679 1447 ,

2100 1447 2529 1501 venerandorum
2552 1447 2881 1516 angelorum,
2912 1457 2966 1501 et
2989 1449 3227 1502 omnium
3251 1452 3444 1505 deinde
3464 1447 3681 1505 sancto-

2103 1531 2223 1570 rum
2252 1515 2509 1589 virorum.
2536 1515 2654 1580 Quo
2677 1515 2882 1576 scilicet
2904 1532 3002 1584 per
3025 1516 3165 1589 hanc
3189 1517 3482 1589 imaginum
3506 1521 3679 1588 picta-

2104 1600 2223 1639 rum
2271 1584 2660 1652 inspectionem
2709 1600 2898 1657 omnes
2951 1586 3043 1654 qui
3093 1584 3526 1657 contemplantur
3546 1629 3560 1652 ,
3613 1589 3680 1643 ad

2104 1663 2512 1724 prototyporum
2552 1654 2866 1709 memoriam
2906 1663 2960 1709 et
2995 1654 3419 1711 recordationem
3449 1666 3504 1711 et
3540 1656 3681 1712 desi-

2034 1746 2078 1805 B
2106 1723 2337 1805 derium_
2366 1724 2614 1805 veniant,
2667 1723 2878 1805 illisque
2927 1725 3303 1805 salutationem
3358 1735 3412 1780 et
3450 1726 3681 1805 honora—

2107 1793 2241 1864 riani
2272 1793 2638 1864 adulationem
2668 1792 2986 1864 exhibeant,
3024 1809 3132 1849 non
3170 1806 3347 1850 tamen
3386 1797 3679 1850 secundum

2104 1861 2260 1915 ﬁdem
2286 1861 2544 1933 nostram,
2570 1876 2751 1933 veram
2774 1861 3004 1933 latriam,
3029 1879 3149 1933 quae
3171 1865 3281 1919 sola
3307 1866 3501 1918 divina:
3526 1872 3681 1917 natu-

2103 1946 2178 1985 ra:
2220 1932 2476 2009 competit
2507 1950 2524 1982 ο
2558 1930 2705 2002 (Nic.
2720 1931 2920 2009 _concil.
2969 1930 3183 2009 infect.
3224 1934 3457 2009 '7_)._Haec
3497 1950 3682 2009 saero—

2103 1999 2528 2072 sancta‘Nicrena
2565 1999 2801 2072 synodus
2840 2015 2905 2054 ex
2943 2002 3155 2072 vulgata
3195 1999 3465 2068 editione,
3496 2004 3549 2056 in
3579 2005 3681 2057 hoc

2104 2084 2212 2122 non
2255 2069 2501 2141 dissimili
2543 2069 3226 2141 abieditioneAna'stasii,
3254 2087 3319 2126 ex
3350 2088 3468 2141 qua_
3492 2073 3681 2141 eadem

2105 2146 2230 2209 sunt
2256 2139 2500 2209 superius
2530 2138 2774 2209 recitata.
2814 2138 2991 2193 Habes
3033 2141 3197 2209 igitur
3232 2138 3494 2196 detectam
3538 2140 3682 2194 frau—

2105 2208 2267 2271 dem,
2314 2208 2583 2275 proditam
2634 2207 2982 2275 imposturam
3032 2207 3098 2263 de
3146 2218 3294 2263 textu
3349 2209 3541 2264 falsato
3568 2250 3582 2274 ,
3627 2218 3682 2265 et

2105 2276 2334 2331 lectione
2350 2276 2563 2347 vitiata,
2588 2284 2759 2347 atque
2790 2277 2844 2329 in
2869 2279 3198 2332 contrarium
3227 2279 3443 2347 penitus
3473 2280 3682 2333 detorta

2104 2361 2320 2416 sensum
2347 2344 2400 2398 in
2432 2346 2635 2416 synodo
2660 2346 2815 2416 plena
2845 2347 2987 2416 edita
3014 2348 3082 2401 ad
3108 2344 3523 2403 destructionem
3552 2364 3679 2416 syn-

2104 2414 2193 2468 odi
2229 2413 2602 2475 (ncumenicae,
2655 2430 2686 2467 a
2727 2413 2978 2469 Patribus
3024 2424 3203 2470 autem
3236 2418 3342 2471 illis
3380 2413 3682 2471 inconsulte

2104 2485 2268 2555 nimis
2290 2492 2525 2555 accepta
2562 2484 2763 2555 absque
2787 2483 2965 2552 aliqua
3002 2485 3141 2539 facta
3181 2486 3511 2554 inspectione
3549 2486 3683 2555 legi-

2104 2554 2252 2608 tima:
2288 2551 2532 2608 lectionis
2557 2551 2639 2607 vel
2677 2551 3145 2622 Graecoinspecto
3182 2551 3350 2620 textu,
3378 2551 3683 2610 collatione-

2105 2638 2211 2692 que
2247 2623 2430 2692 habita
2467 2622 2723 2676 Codicum
2758 2623 3123 2688 diversorum,
3148 2632 3207 2678 ut
3238 2625 3293 2678 in
3320 2640 3379 2679 re
3408 2625 3542 2678 tanti
3569 2641 3684 2678 mo-

2105 2691 2270 2746 menti
2294 2691 2477 2760 perﬁci
2503 2706 2723 2760 necesse
2744 2699 2880 2745 erat.

2175 2759 2408 2832 XXVIII.
2457 2760 2566 2832 Alii
2609 2759 2899 2832 adversarii
2961 2764 3189 2831 septima:
3248 2763 3451 2832 synodi.
3516 2763 3682 2817 Jonas

2106 2830 2495 2900 Aurelianensis
2549 2830 2878 2900 adversarius
2932 2830 3162 2899 septimae
3223 2830 3427 2900 synodi.
3459 2861 3531 2872 —
3576 2832 3682 2886 Sed

2106 2901 2248 2967 quod
2285 2898 2521 2953 deterius
2553 2898 2721 2951 videri
2738 2906 2935 3021 dpotest
2964 2898 3018 2952 et
3058 2901 3230 2970 magis
3256 2898 3638 2954 admirandum
3665 2940 3679 2962 ,

2107 2968 2249 3021 uuod
2275 2984 2382 3021 non
2420 2968 2593 3021 solum
2629 2981 2732 3021 anu
2810 2967 2995 3021 Patres
3044 2968 3164 3021 illos
3198 2971 3289 3021 oui
3317 2970 3490 3021 eidem
3518 2968 3679 3021 Fran-

2107 2968 2249 3038 quod
2275 2984 2382 3022 non
2417 2968 2593 3038 solum
2620 2967 2770 3038 apud
2810 2967 2995 3022 Patres
3044 2967 3171 3023 illos
3198 2971 3289 3038 qui
3317 2970 3490 3023 eidem
3518 2968 3685 3022 Fran-

2108 3035 2430 3107 éofordicnsi
2468 3035 2827 3107 interfuerunt
2860 3039 3064 3107 synodo
3084 3078 3098 3100 ,
3129 3035 3498 3106 tot'tantaque
3535 3054 3687 3091 men-

2115 3108 2268 3161 dacia
2294 3105 2451 3176 ﬁdem
2480 3105 2764 3168 invenere;
2797 3105 2900 3176 sed
2918 3108 3056 3174 apud
3086 3116 3351 3176 posteros,
3379 3105 3434 3160 et
3468 3107 3684 3176 quidem

2114 3177 2260 3230 viros
2296 3174 2594 3246 eruditione
2626 3174 2972 3242 conspicuos,
3012 3185 3066 3230 et
3088 3174 3281 3246 magni
3307 3178 3371 3246 in
3401 3193 3465 3231 eo
3488 3174 3686 3230 sacculo

2114 3246 2378 3307 nominis,
2414 3244 3223 3315 existimantesatquescriptis
3257 3245 3616 3309 aﬁirmantes,
3655 3259 3687 3315 a

2115 3316 2314 3369 nostris
2354 3313 2456 3368 coli
2499 3313 2908 3382 exprmscripto
2948 3313 3184 3382 ejusdem
3228 3315 3427 3369 Nieavni
3474 3313 3689 3369 concilii

2114 3386 2255 3438 sicut
2279 3384 2447 3437 Deum
2474 3384 2805 3454 venerandos
2832 3383 3111 3454 imagines.
3143 3385 3206 3438 Hi
3232 3384 3376 3437 enim
3401 3383 3535 3438 duas
3561 3398 3691 3437 con-

2114 3454 2405 3507 stituerunt
2443 3452 2645 3506 classes
2683 3450 2742 3522 in
2779 3450 2963 3522 sacris
2990 3454 3311 3522 imaginibus
3348 3454 3685 3522 errantium;

2114 3522 2336 3592 alteram
2377 3536 2572 3592 eorum
2604 3521 2695 3592 qui
2744 3536 2835 3574 eas
2896 3520 3241 3592 frangerent,
3274 3531 3562 3577 exurerent
3607 3521 3691 3574 vel

2114 3591 2306 3659 quovis
2347 3589 2507 3643 modo
2548 3589 2786 3659 delerent
2813 3607 2827 3644 :
2853 3589 3146 3659 atque'hac
3179 3608 3241 3645 ex
3282 3600 3434 3659 parte
3470 3592 3693 3645 damna-

2114 3658 2241 3730 runt
2289 3659 2572 3730 septimam
2603 3658 2767 3730 illam
2820 3662 3081 3730 synodum
3131 3658 3594 3730 Constantinopoli
3657 3674 3697 3712 a

2115 3729 2452 3798 Copronymo
2493 3728 2768 3798 habitam;
2803 3729 3025 3798 alteram
3068 3744 3196 3783 vero
3237 3745 3422 3785 eorum
3468 3728 3558 3798 qui
3585 3768 3601 3793 ,
3629 3735 3692 3782 ut

2151 3795 2403 3859 utabant,
2435 3813 2500 3850 ex
2526 3795 2723 3850 Nicaeni
2751 3797 2961 3851 concilii
2999 3799 3213 3853 decreto
3263 3795 3568 3853 assererem
3600 3799 3693 3851 de-

2154 3868 2229 3936 ito
2266 3866 2411 3920 cultu
2438 3879 2556 3920 esse
2593 3864 2844 3936 colendas
2883 3867 3180 3936 imagines:
3208 3869 3260 3921 in
3300 3868 3435 3921 hanc
3462 3866 3691 3936 classem

2117 3935 2422 4008 rejicienies
2455 3951 2645 3989 omnes
2671 3934 3173 4008 Nic:en:e_sec_und:e
3209 3937 3397 4008 synodi
3423 3934 3693 4005 professo-

2118 4022 2223 4069 res,
2259 4014 2312 4059 et
2338 4004 2632 4058 Romanam
2660 4019 2872 4072 quoque
2905 4005 3199 4060 Ecclesium
3238 4004 3381 4060 inter
3404 4004 3497 4059 eos
3522 4018 3694 4058 annu-

2118 4083 2408 4137 merantes,
2426 4090 2543 4148 qute
2560 4074 2799 4148 proiiteri
2820 4074 3149 4148 inveniretur
3163 4076 3404 4148 eamdem
3428 4075 3689 4144 synodum

2118 4161 2237 4200 esse
2284 4143 2606 4198 auctoritate
2654 4143 2879 4196 Romani
2940 4144 3210 4213 pontiﬁcis
3256 4143 3576 4199 celebratam
3639 4151 3694 4213 et

2118 4214 2725 4288 conﬁrmatam,”atque
2769 4214 2983 4282 scriptis
3026 4214 3329 4288 defensam,
3380 4212 3693 4288 posteriori-

2118 4287 2326 4352 busque
2362 4283 2605 4339 conciliis
2642 4283 2971 4337 roboratam.
3029 4283 3095 4337 Ut
3142 4284 3300 4352 plane
3344 4285 3691 4351 obstupescas

2120 4355 2253 4409 adeo
2280 4353 2468 4408 leviter
2505 4370 2571 4407 ex
2619 4353 2852 4421 ipsorum
2892 4352 3022 4406 falsa
3062 4353 3146 4406 illa
3173 4354 3555 4422 assumptione,
3586 4367 3691 4419 qua

2119 4424 2386 4490 dicerent,
2415 4439 2444 4476 a
2477 4423 2693 4477 Nicreno
2718 4422 2946 4477 concilio
2973 4430 3267 4481 statutum,
3299 4431 3355 4476 ut
3381 4422 3692 4477 adorationc

2118 4493 2289 4547 latria:
2322 4493 2626 4548 colerentur
2652 4492 2940 4563 imagines,
2968 4493 3239 4548 Orientem
3269 4492 3426 4546 simul
3464 4499 3517 4547 et
3538 4490 3692 4546 Occi-

2117 4563 2361 4634 dentem,
2395 4564 2537 4634 quod
2563 4562 2863 4634 reciperent
2881 4562 3024 4634 illam
3049 4563 3344 4634 synodum,
3376 4577 3481 4616 una
3506 4576 3691 4616 eorum

2116 4633 2382 4688 sententia
2408 4632 2767 4687 damnationis
2790 4632 3042 4686 inclusos.

2189 4702 2295 4757 Sed
2319 4703 2463 4771 quod
2485 4710 2593 4756 tam
2617 4708 2808 4771 patens
2834 4718 3003 4767 error,
3033 4712 3251 4771 tamque
3275 4710 3517 4771 apertum
3546 4712 3695 4771 men-

2118 4769 2353 4827 dacium
2378 4774 2548 4841 possit
2578 4769 2761 4827 haberi
2796 4787 2895 4840 pro
2944 4769 3218 4837 monstro,
3248 4769 3348 4827 nec
3392 4772 3550 4824 ﬁdem
3588 4769 3696 4823 for—

2116 4850 2262 4896 tasse
2293 4840 2529 4896 inveniat
2564 4857 2663 4911 pro
2712 4850 2859 4895 tanta
2899 4843 2980 4896 sui
3018 4841 3359 4895 deformitate
3393 4841 3532 4910 apud
3565 4840 3696 4895 ﬁde~

2118 4912 2248 4966 lium
2271 4926 2463 4966 aures:
2486 4913 2572 4967 hic
2599 4912 2692 4966 tibi
2723 4912 2824 4965 ista
2848 4912 3137 4966 dicentium
3160 4912 3469 4979 catalogum
3484 4918 3689 4979 texam,

2118 4982 2450 5051 singulorum
2494 4982 2789 5036 sententias
2836 4983 3107 5051 verbatim
3142 4978 3401 5051 refiirens.
3450 4978 3692 5051 Fuerunt

2117 5047 2335 5105 isti'viri
2380 5052 2620 5106 doctrina
2648 5051 2993 5120 insigniores,
3023 5050 3112 5119 qui
3139 5052 3238 5103 sub
3261 5049 3531 5120 Ludovico
3559 5047 3694 5114 imp.

2118 5119 2294 5175 Caroli
2315 5120 2487 5190 Magni
2515 5122 2623 5174 lilio
2648 5118 2908 5183 claruerc,
2931 5131 2991 5174 ut
3008 5118 3104 5175 suo
3124 5121 3240 5173 loco
3265 5118 3689 5190 dicturisumus,

2118 5188 2518 5260 siniulquealii
2566 5192 2656 5259 qui
2707 5191 2758 5245 in
2806 5190 3092 5246 Parisiensi
3142 5188 3515 5245 conventiculo
3563 5193 3692 5260 tunc

2118 5255 2315 5314 eadem
2352 5277 2417 5315 ex
2466 5255 2627 5316 causa
2669 5261 2912 5325 collecto,
2966 5261 3017 5314 in
3062 5261 3307 5313 eumrlem
3347 5271 3582 5313 errorem
3625 5255 3694 5307 ab

2119 5329 2306 5383 iisdem
2332 5330 2562 5385 traducti
2587 5340 2741 5395 sunt,
2779 5341 2837 5385 ut
2870 5332 3147 5399 septimam
3173 5328 3431 5400 synodum
3454 5327 3696 5400 dicerent

2119 5400 2367 5454 docuisse
2410 5402 2513 5456 coli
2558 5403 2751 5456 debere
2794 5409 2854 5455 ut
2886 5395 3050 5455 Deum
3090 5395 3351 5469 imagines
3380 5411 3394 5449 :
3421 5411 3593 5469 quam
3623 5395 3693 5469 ob

2118 5485 2336 5547 causam
2375 5480 2429 5547 et
2462 5472 2984 5547 magnaitemeritate
3019 5477 3180 5547 atque
3201 5463 3694 5547 'protervianaliqui

2118 5555 2183 5595 ex
2211 5539 2317 5594 illis
2342 5542 2503 5596 etiam
2536 5535 2913 5596 inveherentur
2943 5541 2995 5594 in
3026 5535 3321 5593 Κόιηίιιῐυηι
3350 5535 3656 5607 pontiﬁcem
3674 5572 3692 5596 ,

2118 5609 2209 5681 qui
2255 5610 2491 5678 ejusdem
2538 5612 2727 5684 synodi
2779 5610 3040 5680 ejusmodi
3097 5610 3369 5677 decretum
3429 5610 3696 5663 assereret

2118 5691 2278 5750 atque
2305 5683 2575 5752 probaret.
