4042 6192
312 406 410 463 981

314 520 499 580 Codici
537 516 969 588 Evangeliorum,
993 516 1135 588 va_sis
1182 515 1353 570 sacris
1400 514 1618 588 deberi,
1667 512 1722 567 in

313 605 499 660 gressu
537 582 714 660 operis
749 587 1018 660 agnoscit,
1058 586 1303 653 hancque
1340 583 1616 652 religionis
1663 582 1886 646 cultum,

311 656 364 717 id
391 667 508 723 est,
543 656 588 712 a—
611 656 870 727 religione
905 656 1259 727 imperatum,
1316 668 1510 727 vocare
1550 666 1893 727 nonugrava-

308 741 465 855 «stur
483 721 667 851 iscum
710 721 825 781 rem
861 721 1033 796 ipsam
1079 725 1181 779 hoc
1226 722 1488 778 vocabulo
1534 721 1890 792 signiﬁcatam

309 816 340 855 a
380 800 481 855 mit
541 805 582 850 t.

309 800 582 855 admittat.

382 869 450 923 Et
495 865 655 921 infra.
694 884 713 916 ε
761 866 901 921 Ecce
943 870 1238 920 cernuntur
1286 862 1471 932 plures
1515 868 1660 932 stare
1703 859 1891 929 imagi-

309 953 428 1017 ρεθ-
559 975 573 989 -
600 936 655 1017 ίει
683 936 879 1017 animas
899 934 1136 1017 quidem,
1164 930 1439 1017 quaet"!!!
1453 930 1648 1017 Mli:
1662 937 1815 1017 ff“:
1836 935 1893 1017 εξ

309 1007 564 1077 imaginis
592 999 889 1077 similitudo
906 999 933 1069 ,“
954 1011 1023 1077 _et
1067 999 1450 1077 superscriptio
1506 999 1740 1077 nominis
1785 1013 1893 1077 una

307 1085 400 1133 est
419 1067 453 1130 ἴ
463 1076 611 1130 verbi
654 1075 824 1143 gratia
852 1067 912 1143 et
952 1067 1149 1143 imago'
1174 1067 1356 1143 Pauli'
1376 1076 1577 1143 est,_et
1604 1067 1894 1143 superscri:

310 1148 429 1217 ptio
459 1164 472 1200 :
507 1135 734 1217 Sanctus
763 1141 985 1217 Paulus.
1030 1135 1444 1217 Sciscitandum_
1470 1139 1538 1217 ab
1581 1135 1772 1217 eis—est
1800 1135 1890 1205 qui

312 1209 468 1290 tanto
500 1228 687 1270 errore
714 1214 978 1277 laborant,
1009 1213 1070 1266 ut
1097 1225 1190 1266 eas
1209 1224 1309 1290 pro
1331 1209 1697 1290 arbitriosuo,
1722 1214 1776 1262 et
1799 1222 1891 1261 ve-

312 1288 555 1349 ritatem,
584 1290 895 1347 etsanetas,
926 1289 982 1336 et
1008 1295 1184 1345 veras,
1230 1286 1419 1349 et_non
1465 1285 1663 1348 potius,
1702 1292 1894 1332 secun-

309 1356 443 1411 dum
485 1347 872 1409 venerabilium
923 1350 1141 1405 Patrum
1187 1347 1552 1413 traditionem,
1581 1354 1892 1401 sanctorum

311 1424 577 1494 imagines
602 1423 953 1494 dicunt,_qu:e
973 1420 1182 1494 eunetis
1202 1428 1517 1494 _eomparata
1540 1416 1780 1494 sanctior
1808 1416 1892 1470 vel

312 1487 512 1558 verior,
533 1507 653 1562 qua:
680 1487 928 1562 omnium
967 1488 1306 1545 sanctissima
1326 1495 1426 1562 aut
1453 1487 1733 1562 verissima
1775 1499 1896 1540 esse

309 1557 583 1618 credenda
609 1569 714 1627 est,
742 1574 878 1631 quas
898 1559 1026 1631 dum
1047 1572 1140 1615 eos
1170 1557 1404 1631 aequales
1448 1557 1628 1631 dicere
1654 1570 1894 1631 proma-

311 1633 572 1688 teriarum
600 1639 655 1687 et
676 1626 1121 1700 magnitudinum,
1153 1627 1237 1700 vel
1281 1641 1503 1700 operum
1530 1626 1892 1700 discretione,

312 1703 455 1756 ratio
482 1717 589 1756 non
604 1695 929 1772 permiserit,
956 1708 1011 1753 et
1028 1695 1636 1772 quasdam_quibusdam
1663 1695 1899 1772 sanctio-

312 1788 425 1837 res,
464 1778 519 1827 et
565 1764 827 1841 qhasdam
873 1764 1245 1841 sanctiasimas
1287 1764 1442 1821 fateri
1484 1764 1892 1841 compescuerit,

1308 398 1486 456 unm
1524 393 1862 454 caseum.
1905 423 1973 435 --
2008 372 2539 449 PROLEGOMENA.

3466 382 3570 437 sse

1764 527 1889 581 pro-
1918 519 1965 572 Α
1997 527 2016 561 ε
2052 508 2499 581 Non__tnirandum
2528 505 2843 581 est,_inquit,
2877 503 2923 581 si
2948 500 3287 581 fallanturiin
3309 499 3570 581 minimis,

1992 579 2083 648 qui
2113 577 2370 648 falluntur
2391 578 2445 648 in
2467 567 2676 645 magnis
2699 567 2867 648 :'ne_c_
2893 573 2954 648 in
2997 586 3062 627 eo
3079 569 3316 648 amplius
3356 567 3571 648 illorum

1991 639 2147 703 error
2171 647 2517 703 admirandus
2552 639 2652 702 ést.
2687 643 2829 713 quod
2857 642 2974 697 ideo
3002 639 3269 708 sejustos,
3301 639 3574 713 quiaima-

1991 718 2143 788 g‘ines
2160 718 2406 778 adorant,
2422 730 2549 788 esse
2562 709 2881 785 gloriantur,
2907 728 3007 788 n_os
3031 720 3211 766 autem
3233 710 3323 779 qui
3343 724 3438 788 eas
3468 709 3575 788 ad-

1991 776 2149 842 ὅτευ-θ
2163 776 2908 855 οοηιθτηὴίιηυεζρθεοδιοτθδ
2921 782 3191 855 fateantur
3206 797 3219 833 :
3235 776 3358 834 cum
3379 780 3448 855 ob
3466 776 3578 831 illa-

1991 872 2112 911 rum
2136 870 2373 910 amorem
2414 864 2468 910 et
2507 849 2909 923 Scripturarum
2939 852 3239 923 divinarum
3278 849 3573 923 puritatem

1993 926 2194 981 violare
2220 932 2498 986 conentur,
2528 932 2583 979 et
2605 918 2942 992 potissimum
2969 935 3079 977 suae
3097 920 3221 992 ﬁdei
3243 918 3575 992 emolumen-

1994 1004 2108 1051 tum
2143 995 2197 1048 in
2227 995 2313 1048 his
2338 1008 2459 1049 esse
2486 988 2844 1057 arbitrentur;
2885 1000 2940 1046 et
2969 1007 3061 1047 eos
3094 990 3186 1059 qui
3215 989 3411 1059 spretis
3467 988 3574 1050 his,

1971 1065 2105 1120 ‘sive
2128 1063 2340 1120 caeteris
2393 1062 2763 1132 hujuscemodi
2805 1058 3154 1132 vanitatibus,
3207 1059 3318 1132 soli
3333 1058 3440 1113 Deo
3465 1073 3579 1132 ser-

1991 1136 2163 1200 viunt,
2199 1148 2433 1203 eumque
2459 1128 2696 1188 colentes
2717 1132 2964 1203 adorant,
2995 1130 3452 1203 anathematizare
3476 1128 3578 1203 ob-

1994 1197 2189 1260 stinata
2216 1197 2397 1259 mente
2430 1204 2693 1257 nituntur.
2729 1220 2747 1254 ›
2792 1202 2872 1255 Ex
2917 1202 3191 1269 :equivoco
3243 1197 3577 1269 adorationis

1978 1275 2254 1349 vocabulo
2280 1273 2511 1349 Nicaenis
2533 1272 2783 1349 Patribus
2814 1268 3069 1349 invidiam
3109 1269 3270 1349 facit,_
3308 1276 3363 1349 et
3402 1268 3576 1349 diem}!

1995 1344 2184 1400 scribit
2208 1343 2429 1407 erroris,
2464 1342 2615 1411 quasi
2640 1341 3009 1411 adorationem
3034 1339 3446 1411 etscrvitutem
3479 1336 3583 1411 soli

1996 1412 2106 1469 Deo
2126 1414 2361 1469 debitam
2385 1407 2507 1467 cum
2533 1412 2858 1481 imaginibus
2869 1409 3214 1481 partitisint;
3242 1408 3393 1481 quasi
3414 1407 3582 1481 potis-

1996 1485 2190 1538 simum
2213 1482 2335 1537 ﬁdei
2375 1497 2486 1537 sua:
2509 1477 2930 1535 emoliimentu'm
2963 1479 3017 1533 in
3056 1479 3143 1534 his
3164 1477 3576 1540 constituerint;

1996 1553 2150 1623 quasi
2179 1551 2498 1608 Christianae
2520 1549 2746 1623 iustitiae
2776 1550 3102 1623 prtecipuam
3135 1556 3350 1623 partem
3395 1547 3452 1601 in
3488 1547 3583 1601 ad-

1996 1618 2241 1693 dratione
2267 1618 2581 1693 imaginum
2600 1618 2834 1691 positam
2857 1618 2964 1677 sint
2984 1618 3253 1693 arbitrati.

2068 1692 2288 1760 Quinto,
2315 1686 2458 1747 idém
2483 1686 2756 1762 colligitur
2779 1706 2844 1747 ex
2879 1705 2997 1760 cap.
3020 1690 3228 1746 decimo
3255 1689 3415 1762 tertio
3443 1686 3584 1762 ejus-

1999 1758 2122 1819 dem
2153 1763 2298 1819 libri.
2344 1780 2364 1814 ι
2398 1762 2573 1828 Unde,
2602 1758 2796 1832 inquit,
2837 1758 2977 1816 sicut
3003 1761 3056 1814 in
3091 1760 3322 1832 caeteris,
3346 1759 3420 1812 ita
3445 1768 3499 1812 et
3528 1758 3583 1812 in

317 1830 562 1912 proﬁteri
583 1830 1003 1910 'compelluntur
1047 1836 1342 1912 secundum
1386 1830 1630 1892 veritatis
1671 1830 1894 1906 indaga?
1928 1844 1972 1903 Β
2004 1835 2107 1912 hoc
2126 1832 2371 1912 exemplo
2396 1832 2629 1912 assertio
2650 1830 3015 1912 frustrabitur,
3050 1830 3142 1912 qui
3162 1843 3600 1912 suumerrorem.

320 1907 514 1967 tricem
563 1907 825 1968 rationem
847 1950 863 1976 ,
920 1925 1022 1965 nec
1061 1907 1308 1963 veritatis
1348 1921 1573 1976 capaces
1622 1919 1724 1960 nec
1767 1920 1893 1959 san-

311 1990 432 2036 ctas
454 1981 562 2036 dici
589 1981 802 2035 debere.
841 1999 860 2033 ι
898 1979 1128 2034 Putabat
1169 1977 1431 2047 imagines
1475 1983 1773 2047 sanctaset
1816 1989 1902 2030 ve-

312 2066 406 2105 ras
446 2065 478 2104 a
518 2050 721 2106 Grtecis
766 2049 1024 2119 appellari
1070 2045 1301 2119 propter
1343 2046 1613 2100 internam
1663 2045 1900 2115 aliquam

311 2121 657 2176 sanctitatem
674 2160 689 2185 ,
735 2118 894 2188 idqne
914 2134 1080 2172 unum
1102 2118 1380 2188 impugnat
1405 2133 1418 2169 :
1445 2130 1553 2171 non
1574 2122 1755 2188 autem
1777 2130 1894 2188 san-

312 2199 435 2245 ctas
455 2189 561 2244 dici
584 2185 848 2259 improbat
869 2189 939 2243 ob
967 2185 1270 2259 respectum
1291 2185 1360 2259 ad
1393 2193 1631 2259 sanctos.
1655 2185 1724 2238 Et
1745 2186 1788 2238 si
1815 2199 1904 2259 ne-

313 2273 426 2342 que
444 2259 546 2342 hac
564 2254 771 2314 ratione
791 2266 1006 2314 sanctas
1020 2254 1134 2313 vitlt
1156 2254 1441 2328 appellari,
1460 2256 1575 2311 solo
1598 2256 1665 2311 de
1686 2256 1903 2310 nomine

316 2327 515 2383 litigat.

392 2345 660 2463 Egnatio,
686 2398 841 2469 idem
868 2397 1232 2469 colligiturgex
1252 2396 1430 2469 capite
1445 2395 1670 2469 decimo
1713 2402 1903 2469 octavo

316 2466 561 2546 ejusdem
590 2468 786 2546 libri._t
815 2468 933 2546 Jam
973 2465 1121 2546 varo,
1146 2465 1342 2546 inquit,
1368 2465 1495 2546 quia
1522 2481 1581 2520 se
1608 2465 1903 2546 imaginum

317 2536 655 2608 inspectione
677 2538 963 2593 salvandos
985 2536 1233 2608 credunt,
1280 2536 1421 2592 sicut
1447 2536 1709 2608 serpentis
1733 2536 1907 2608 inspe-

316 2605 501 2663 ctione
539 2607 877 2677 [Sraeliticus
910 2607 1138 2677 populus
1180 2622 1212 2661 a
1257 2606 1588 2677 serpentium
1634 2605 1905 2677 morsibus

317 2677 635 2746 sanabatur,
658 2678 703 2732 si
725 2692 829 2746 qua
859 2674 999 2732 forte
1037 2677 1116 2731 eis
1162 2674 1404 2744 corporis
1444 2674 1788 2746 inclementia
1821 2688 1907 2728 ac-

317 2745 567 2810 cesserit,
597 2743 878 2802 recurrant
926 2747 993 2802 ad
1036 2743 1319 2815 imagines,
1366 2758 1582 2815 easque,
1619 2743 1902 2815 aspiciant,

319 2823 591 2896 quatenus
635 2816 765 2896 dum
811 2813 1426 2896 illarum_ins'pectione‘
1456 2814 1679 2868 minime
1729 2813 1906 2896 sanati

321 2884 544 2950 fuerint,
570 2893 904 2940 revertantur
943 2885 1011 2940 ad
1038 2884 1323 2940 Dominum
1341 2924 1356 2950 ,
1378 2888 1434 2937 et
1472 2898 1570 2952 per
1594 2888 1905 2938 sanctorum

319 2954 739 3010 intercessiones
762 2955 829 3008 ab
853 2969 917 3010 eo
937 2956 1224 3010 sanitatem
1246 2969 1303 3009 se
1325 2962 1639 3023 accepturos
1662 2953 1903 3019 credant,

324 3024 421 3091 qui
440 3025 619 3093 totius
656 3024 904 3079 sanitatis
926 3033 982 3079 et
1007 3025 1132 3079 vitae
1158 3031 1242 3078 est
1282 3031 1489 3078 auctor.
1526 3042 1544 3074 ι
1578 3023 1741 3078 Falso
1787 3038 1909 3093 sup-

321 3092 476 3164 ponit
493 3092 763 3164 Nieaanam
784 3095 1047 3164 synodum
1068 3094 1315 3149 docuisse
1336 3108 1484 3164 spem
1507 3093 1561 3164 in
1585 3092 1907 3164 imaginibtis

2001 1904 2058 1958 in
2081 1898 2732 1974 adorationejmaginum
2768 1898 3152 1974 enitengemgin
3180 1913 3244 1955 eo
3272 1898 3587 1974 fulcire_co-

2002 1981 2216 2037 nentur,
2245 1972 2388 2042 quod
2401 1967 2661 2028 Silvester
2682 1973 2937 2028 Romanae
2951 1970 3205 2042 Ecclesia:
3223 1967 3427 2042 praesul
3443 1967 3554 2042 Con
3573 1998 3585 2007 ο

2003 2044 2239 2100 stantino
2262 2038 2603 2113 'imperatori
2641 2042 3003 2113 apostolorum
3042 2040 3303 2113 imagines
3330 2038 3613 2113 detulisse

1999 2114 2235 2185 legitur,
2286 2107 2488 2185 Detulit
2521 2107 2779 2185 ergo'eas
2806 2111 2988 2185 illi_ad
3034 2107 3343 2173 videhdum,
3376 2107 3604 2185 non_ad'

2002 2178 2362 2239 adorandum:
2390 2178 2735 2247 detulitfnon
2759 2189 2819 2236 ut
2848 2183 3094 2246 adorare,
3118 2194 3277 2248 quem
3302 2194 3334 2233 a
3359 2178 3585 2233 simula-
3680 2231 3685 2235 .

2002 2268 2221 2311 crorum
2257 2253 2403 2308 cultu
2441 2254 2780 2317 abstrahere,
2817 2260 2873 2307 et
2901 2251 2969 2305 ad
2986 2250 3154 2305 solius
3182 2249 3273 2303 Dei
3313 2248 3595 2304 adoratio--

2003 2338 2124 2380 nem
2150 2322 2434 2379 convolare
2458 2324 2798 2386 hortabatur,
2820 2321 3200 2390 compelleret:
3236 2319 3329 2373 sed
3350 2326 3410 2390 ut
3443 2317 3588 2390 idem

2004 2395 2311 2462 imperator,
2342 2407 2477 2461 quos
2514 2394 2567 2447 in
2608 2392 2812 2448 somnis
2855 2387 3076 2462 viderat,
3108 2403 3295 2446 eorum
3321 2387 3593 2462 vultusin

2002 2458 2391 2546 pictura:__fucis
2406 2471 2780 2546 cognosceret.
2824 2461 3040 2545 Detulit,
3079 2476 3187 2546 npn
3217 2468 3277 2546 ut
3297 2459 3381 2546 ab
3408 2458 3593 2546 idP-lo:

2006 2529 2124 2587 rum
2160 2534 2370 2589 cultura
2403 2529 2716 2598 fugientem,
2750 2534 3044 2598 imaginum
3072 2530 3374 2587 adorationi
3397 2529 3602 2584 cedere

2004 2602 2339 2674 informaret,
2363 2611 2417 2658 et
2441 2597 2509 2674 ab
2546 2604 2729 2659 hostili
2775 2597 2952 2674 gladio
3006 2603 3315 2664 liberatum,
3346 2597 3605 2674 intestini,

2004 2673 2150 2729 ensis
2178 2674 2359 2744 rigore
2392 2673 2704 2742 perimeret,
2744 2669 2836 2728 sed
2871 2681 2930 2728 ut
2969 2686 3176 2744 per_res
3220 2681 3377 2726 natas
3407 2669 3473 2724 ad
3503 2682 3594 2744 res

2004 2738 2281 2816 ignoratis
2301 2738 2417 2816 ejus
2442 2753 2677 2816 mentem
2697 2738 3034 2816 extolleret)
3064 2741 3216 2816 illam
3267 2755 3459 2795 rursus
3499 2738 3595 2816 ad?“

2005 2807 2306 2869 o‘rationem
2329 2807 2603 2868 'duntaxat
2633 2814 2959 2884 imaginibus
2990 2812 3281 2884 abjudicat,
3331 2826 3465 2884 (μιτιῑΔ
3488 2807 3592 2884 soli

2005 2883 2115 2939 Deo
2136 2885 2316 2939 debita
2338 2891 2441 2947 est,
2468 2891 2524 2938 et
2545 2898 2708 2953 quam
2720 2878 2951 2953 g'entiles
2976 2878 3424 2953 ad'simulacra‘rct
3450 2878 3606 2953 idola.

2006 2954 2350 3009 transtulere.
2392 2953 2499 3008 Sed
2523 2950 2921 3009 venerationem
2948 2952 3220 3009 inferioris
3245 2952 3460 3022 gradus,
3479 2950 3594 3022 sive

2006 3024 2375 3079 adorationem
2406 3024 2751 3078 bonorariam
2799 3025 3092 3093 imaginum
3126 3018 3481 3079 Constantino
3504 3018 3593 3093 ju-

2004 3093 2135 3148 bere
2155 3093 2396 3162 potuisse
2430 3102 2676 3149 sanctum
2707 3090 3026 3148 Silveslrum
3074 3093 3296 3156 fatetur,
3347 3090 3593 3162 quamvis

320 3161 715 3240 collocandam,
735 3161 972 3240 divinam
996 3165 1233 3240 aliquam
1252 3161 1495 3217 vim'illis
1522 3161 1718 3240 inesse,
1743 3169 1797 3216 et
1818 3162 1908 3216 be-
1932 3178 1978 3240 ο
2009 3162 2140 3240 illud
2157 3161 2474 3240 fetemplum
2510 3164 2561 3217 in
2582 3164 3017 3240 consequentiam
3042 3164 3184 3219 trahi
3215 3178 3337 3240 non_
3352 3161 3621 3240 debemus

320 3231 696 3304 neticiaposse
711 3233 779 3288 ab
794 3234 923 3303 ipsis
938 3231 1240 3304 exspectari
1254 3239 1346 3286 aut
1361 3232 1558 3301 rogari.
1575 3231 1757 3286 Solam
1780 3246 1908 3301 ergo

322 3302 703 3384 adorationem
726 3302 849 3384 quae
884 3302 1097 3384 obiecto
1133 3302 1247 3384 spei
1293 3310 1501 3384 nostra:
1536 3310 1592 3384 et
1629 3304 1909 3384 bonorum

321 3373 566 3427 omnium
584 3373 793 3428 auctori
817 3371 1076 3438 defertur,
1106 3371 1313 3429 scilicet
1339 3372 1539 3427 cultum
1571 3372 1763 3436 latriae,
1780 3371 1913 3426 ima-

322 3442 539 3512 ginibus
558 3450 867 3513 sanctorum
893 3443 1250 3499 exhibendam
1292 3449 1471 3513 negat.
1497 3440 1762 3513 Caeterum
1792 3442 1907 3496 vult

322 3511 425 3580 per
447 3518 757 3567 sanctorum
787 3512 1201 3568 intercessiones
1223 3511 1507 3566 sanitatem
1528 3526 1559 3564 a
1588 3511 1698 3565 Deo
1722 3526 1907 3580 exspe-

322 3581 463 3636 ctari
485 3597 550 3637 ae
574 3583 750 3651 rogari
775 3600 788 3636 :
818 3584 864 3638 si
893 3584 946 3637 in
967 3583 1115 3637 omni
1138 3582 1277 3645 loco,
1307 3589 1361 3636 et
1384 3581 1616 3637 maxime
1652 3580 1707 3634 in
1732 3582 1907 3636 eccle-

321 3650 424 3706 siis
448 3665 569 3723 qure
595 3650 919 3723 imaginibus
944 3661 1150 3708 ornatae
1184 3659 1360 3719 erant,
1387 3666 1484 3707 cur
1501 3666 1609 3705 non
1631 3651 1793 3706 etiam
1825 3665 1910 3706 co-

323 3734 445 3792 ram
469 3721 830 3792 imaginibus?

401 3787 607 3863 Tertio;
622 3790 762 3863 idem
782 3791 1052 3863 colligitur
1062 3806 1126 3846 ex
1141 3806 1258 3863 cap.
1277 3791 1537 3863 vigesimo
1550 3798 1743 3863 quarto
1765 3787 1909 3858 ejus-

325 3861 449 3931 dem
476 3861 622 3916 libri.
674 3879 688 3913 ι
718 3859 825 3916 Sed
846 3859 946 3917 nec
972 3862 1121 3926 illud,
1150 3859 1499 3931 inquit,'quod
1511 3859 1905 3931 scriptumAestg;

337 3928 553 3985 Vultum
573 3939 721 4001 tuum
734 3930 1147 4001 deprecabuntur
1160 3927 1336 4001 omnes
1354 3927 1536 4001 divites
1556 3927 1717 4001 plebis
1735 3927 1904 4001 (Paul.

326 4016 475 4065 xuv,
506 3999 615 4072 15),
656 4001 725 4072 de
750 3999 983 4070 quodam
1010 3999 1909 4072 manufactogvultuintelligendum

324 4078 441 4126 est:
468 4069 769 4140 prtesertim
794 4084 916 4125 cum
942 4070 1232 4125 manufacti
1250 4070 1430 4125 vultus
1449 4069 1569 4140 ideo
1589 4084 1695 4123 non
1722 4069 1914 4140 depre-

325 4085 441 4126 est:
468 4085 769 4140 praesertim
794 4085 916 4125 cum
942 4085 1232 4125 manutacti
1250 4085 1430 4125 vultus
1449 4085 1569 4124 meo
1589 4085 1695 4123 non
1722 4085 1789 4122 ue
1831 4085 1893 4124 re

325 4141 484 4196 candi
512 4140 640 4204 sint,
671 4140 805 4210 quia
828 4153 936 4194 nec
965 4140 1221 4195 exaudire
1240 4147 1460 4210 queunt.
1487 4138 1657 4195 Omne
1672 4085 1893 4207 quogde

325 4218 612 4280 precatur,
629 4209 750 4280 ideo
772 4209 1089 4280 deprecatur
1110 4219 1169 4264 ut
1191 4209 1470 4266 exaudiat:
1506 4216 1560 4263 et
1581 4223 1739 4280 omne
1768 4210 1913 4277 quod

326 4278 565 4342 exaudit,
603 4278 912 4334 irrationale
925 4294 1043 4335 esse
1067 4296 1173 4334 non
1192 4281 1379 4335 debet:
1407 4295 1567 4334 omne
1592 4278 1755 4347 igitur
1769 4280 1914 4347 quod

328 4350 666 4419 deprecatur,
685 4348 995 4405 irrationale
1019 4364 1137 4405 esse
1158 4366 1263 4404 non
1282 4350 1467 4404 debet:
1495 4348 1635 4418 quod
1659 4348 1911 4419 sidepre-

327 4418 444 4473 cari
469 4431 579 4473 non
606 4420 782 4484 debet,
816 4419 981 4473 multo
1010 4420 1188 4474 minus
1236 4419 1468 4483 adorari,
1505 4434 1627 4475 cum
1669 4418 1915 4474 videlicet

330 4488 580 4559 adoratio
631 4488 994 4559 deprecationi
1030 4490 1282 4544 emineat.
1353 4489 1487 4543 Nam
1539 4488 1912 4559 signranugfacti

329 4558 514 4613 vultus
539 4557 860 4628 deprecandi
882 4566 936 4614 et
981 4560 1235 4613 adorandi
1267 4567 1412 4623 sunt,
1453 4566 1515 4612 ut
1537 4557 1625 4628 illi
1644 4557 1909 4628 garriunt,

329 4642 554 4699 necesse
577 4626 663 4699 est
688 4636 749 4682 ut
774 4627 1122 4699 deprecantes
1166 4628 1422 4684 exaudire
1461 4636 1517 4683 et
1564 4626 1914 4699 addrantibus

332 4696 513 4752 favere
532 4696 858 4767 credantur:
875 4707 929 4753 et
948 4698 992 4752 si
1014 4699 1361 4767 deprecantes
1388 4697 1662 4763 exaudire,
1686 4699 1916 4752 adoran-

331 4766 588 4837 tibusque
626 4765 806 4822 favere
852 4765 1165 4832 creduntur,
1208 4782 1425 4823 necesse
1447 4776 1532 4823 est
1577 4774 1637 4821 ut
1684 4767 1792 4821 vita
1833 4768 1915 4824 eis

328 4851 591 4892 sensuum
613 4851 782 4905 capax
806 4838 981 4893 inesse
1006 4837 1275 4893 credatur.
1322 4837 1437 4892 Non
1463 4846 1642 4891 autem
1666 4838 1806 4891 inest
1835 4839 1916 4894 eis

330 4906 447 4960 vita
497 4920 751 4978 sensuum
799 4923 965 4978 capax
990 4924 1006 4964 :
1036 4921 1158 4978 non
1196 4907 1392 4978 igitur,
1430 4913 1488 4962 ut
1526 4906 1603 4978 illi
1631 4908 1912 4978 garriunt,

332 4976 595 5047 adorandi
622 4977 703 5032 vel
725 4976 1048 5046 deprecandi
1079 4976 1237 5032 sunt.
1251 4996 1268 5028 ι
1304 4976 1500 5047 Errore
1518 4976 1644 5030 facti
1660 4976 1918 5047 septimae

330 5046 529 5128 synodi
562 5044 813 5128 Patribus
835 5048 1041 5128 tribuit,
1085 5048 1233 5128 quod
1264 5046 1588 5128 imaginibus
1610 5044 1919 5128 supplican-

331 5116 464 5170 dum
490 5116 759 5172 senserint
798 5132 864 5173 ac
897 5116 1255 5172 decreverint.
1319 5116 1703 5171 Adorationem
1726 5117 1918 5187 itaque

333 5199 663 5268 supremam,
713 5196 807 5268 aut
839 5187 1039 5268 cultum
1077 5198 1227 5243 certe
1251 5186 1912 5268 religiosum“absolutum,

332 5254 779 5340 qualem-sanctis
803 5257 1140 5323 exhibemus,
1172 5265 1331 5340 negat
1356 5254 1920 5340 imaginibus‘sancto-

339 5339 460 5396 rum
489 5324 857 5393 deferendum,
894 5343 999 5382 non
1032 5324 1431 5383 venerationem
1462 5324 1583 5396 quae
1620 5327 1784 5383 rebus
1829 5344 1918 5384 sa-

334 5394 447 5466 cris
471 5403 690 5466 propter
713 5396 857 5451 aliud
886 5397 1195 5463 exhibetur;
1237 5414 1301 5451 ex
1324 5411 1388 5451 ea
1434 5394 1665 5466 namque
1691 5414 1798 5452 non
1837 5414 1922 5454 se-

337 5464 663 5538 quiturillas
688 5467 886 5538 rogari.
962 5466 1037 5521 lta
1066 5484 1198 5522 crux
1221 5465 1451 5531 Domini,
1502 5474 1557 5522 et
1580 5464 1697 5536 ejus
1727 5467 1917 5538 ﬁgura,

337 5536 520 5608 Codex
534 5535 968 5607 Evangeliorum,
995 5552 1118 5592 vasa
1141 5553 1315 5602 saera,
1337 5545 1645 5608 sanctorum
1662 5535 1918 5608 reliqttite,

340 5604 457 5660 loca
480 5604 1059 5678 sancta,'veneratione
1083 5608 1241 5678 digna
1273 5608 1533 5662 librorum
1546 5604 1922 5665 Carolinorum

340 5684 533 5730 auctor
553 5678 822 5758 agnoscit;
852 5677 1048 5758 quibus
1073 5677 1251 5734 tamen
1282 5693 1388 5733 non
1419 5678 1771 5749 supplicatur,
1795 5680 1922 5751 quia

342 5759 447 5816 nec
464 5747 719 5801 exaudire
744 5756 966 5816 queunt.

413 5814 638 5882 Quarto,
655 5814 795 5874 idem
809 5818 1077 5888 colligitur
1088 5834 1152 5875 ex
1167 5818 1285 5876 libri
1304 5820 1522 5875 secumli
1538 5835 1654 5890 cap.
1672 5821 1900 5891 Srptiuto

1946 4524 1993 4583 ι)

2012 3234 2221 3304 etiamsi
2262 3230 2529 3304 iussisset,
2579 3234 2702 3304 quia
2733 3230 2920 3290 recens
2958 3249 3219 3291 converso
3249 3231 3486 3304 principi
3512 3230 3610 3304 lae-

2008 3303 2399 3373 propinandum
2431 3313 2567 3368 erat,
2596 3302 2939 3360 'Christianis
2955 3316 3133 3360 autem
3160 3304 3213 3358 in
3237 3302 3339 3357 ﬁde
3370 3303 3606 3373 ﬁrmatis.

2010 3374 2116 3444 cibi
2138 3373 2421 3444 solidiores
2454 3375 2783 3444 porrigendi,
2830 3376 3122 3444 secundum
3152 3372 3398 3444 Apostoli
3440 3386 3599 3444 regu-

2011 3442 2137 3497 lam.
2185 3461 2204 3495 (
2240 3442 2351 3498 Has
2377 3441 2558 3515 igitur,
2588 3441 2778 3514 inquit,
2808 3446 2858 3499 ei
2907 3446 3013 3515 etsi
3060 3441 3287 3515 adorare
3319 3441 3596 3511 jussiss’et.

2009 3528 2132 3567 cum
2183 3521 2361 3567 tamen
2402 3512 2514 3570 non
2535 3512 2777 3583 jusserit,
2827 3515 2948 3570 ideo
2994 3514 3239 3569 fortassis
3262 3512 3494 3583 iuberet,
3538 3521 3599 3583 ut

2009 3588 2149 3655 eum
2171 3583 2264 3651 qui
2301 3581 2594 3638 visibilium
2624 3584 2800 3639 cultor
2821 3594 2957 3648 erat,
2988 3601 3086 3655 per
3116 3583 3347 3655 visibilia
3375 3582 3442 3635 ad
3464 3581 3598 3655 invi—

2009 3651 2186 3706 sibilia
2207 3660 2542 3722 provocaret,
2588 3668 2698 3722 non
2724 3663 2782 3708 ut
2807 3670 2904 3710 nos
2928 3651 3376 3711 de’invisibilibus
3414 3652 3482 3707 ad
3516 3652 3598 3705 vi-

2010 3722 2184 3793 sibilia
2209 3721 2508 3793 revocaret.
2576 3721 2686 3778 Nec
2724 3724 2845 3779 ideo
2869 3725 3042 3788 nobis,
3086 3724 3178 3793 qui
3202 3723 3267 3777 ad
3294 3722 3597 3793 percipien-

2010 3791 2136 3848 dum
2185 3791 2630 3864 solidum_cibum
2680 3791 3186 3864 viresiaccepimus,
3246 3791 3314 3864 ad
3364 3791 3625 3845 laeteam.:

2008 3876 2190 3917 escam
2228 3860 2540 3916 lactentium
2566 3877 2717 3917 more
2760 3860 3041 3918 infantium
3072 3860 3403 3918 redeundum
3429 3868 3611 3923 esset,.

2011 3933 2055 3988 si
2080 3930 2155 3985 illi
2178 3929 2264 3986 cui
2279 3931 2503 3985 necdum
2525 3946 2624 4000 per
2652 3933 2773 3987 ﬁdei
2789 3935 3204 3989 teneritudinem
3226 3932 3429 3987 solidus
3442 3931 3601 3985 cibus

2010 4001 2275 4070 impertiri
2299 4008 2530 4071 poterat,
2584 4000 2701 4059 sine
2720 4003 2842 4057 dolo
2873 4002 2956 4059 lac
2995 4002 3479 4072 concupiscendum
3504 4000 3599 4055 da-

2013 4080 2162 4126 retur
2197 4072 2251 4141 in
2279 4085 2384 4141 quo
2415 4081 2705 4127 cresceret.
2745 4092 2762 4125 ο
2825 4072 2894 4129 At
2932 4073 2980 4128 si
3028 4071 3398 4129 adorationem
3428 4071 3599 4126 honos.

1894 4170 1914 4212 τ
2014 4140 2211 4195 rariam
2240 4140 2557 4212 imaginum,
2581 4142 2694 4197 sive
2732 4143 2945 4199 illarum
2981 4143 3384 4199 venerationem
3415 4156 3598 4209 respe-

2012 4212 2230 4281 ctivam,
2262 4218 2484 4281 propter
2523 4221 2831 4269 sanctorum
2858 4214 3216 4269 reverentiam
3250 4221 3305 4269 et
3334 4226 3594 4273 amorem,

2011 4280 2252 4355 illicitam
2274 4280 2340 4336 'et
2362 4281 2542 4336 divina
2564 4282 2680 4355 lege
2703 4284 2921 4355 vetitam
2948 4284 3309 4355 existimasset
3336 4281 3606 4355 librorum

2014 4351 2385 4407 Carolinorum
2400 4362 2608 4421 auctor,
2619 4351 2745 4410 'non
2762 4354 2986 4410 dixisset
3001 4353 3319 4409 Silvestrum
3334 4352 3607 4421 Constans.

2019 4421 2406 4494 t_inoﬂlacleam
2436 4438 2616 4494 escam
2643 4426 2968 4494 porrexisse,
3012 4424 3059 4478 si
3098 4424 3200 4494 ipsi
3230 4421 3329 4479 SS.
3359 4420 3526 4494 Petri
3545 4429 3601 4475 et

2020 4490 2169 4545 Pauli
2218 4491 2525 4565 adorandas
2548 4490 2806 4565 imagines
2839 4490 3241 4564 proposuisset,
3292 4492 3389 4548 sed
3419 4492 3611 4563 potius

2017 4575 2196 4635 eseam
2218 4560 2518 4617 lethiferam
2546 4573 2601 4635 et
2629 4560 2895 4620 v'cnenuin
2927 4560 3262 4635 propinasse.

2088 4630 2274 4705 sexto,
2291 4646 2355 4686 ex
2373 4648 2491 4705 cap.
2507 4634 2765 4705 vigesimo
2783 4630 2955 4705 prima
2973 4630 3212 4703 ejusdem
3228 4633 3371 4690 libri.
3384 4652 3401 4684 ι
3423 4633 3613 4697 Undc,:

2017 4701 2210 4770 inquit,
2241 4701 2537 4774 cavendum
2570 4701 2682 4760 illis
2708 4701 2808 4769 est,
2846 4715 2899 4760 et
2949 4701 3125 4761 modis
3151 4705 3400 4761 omnibus
3433 4704 3600 4774 perti-

2015 4772 2381 4856 mescendum,
2410 4789 2479 4828 ne
2508 4774 2631 4856 dum
2653 4775 2967 4856 imaginum
3005 4776 3206 4856 cultum
3234 4785 3288 4831 et
3331 4772 3621 4856 adp—ratiow

2016 4856 2139 4895 nem
2170 4840 2492 4924 Christianae
2516 4844 2760 4924 religioni
2784 4840 3040 4924 ingerere
3061 4847 3337 4924 nituntur,
3364 4844 3601 4924 singula-

2017 4924 2130 4965 rem
2158 4911 2318 4968 unius
2364 4912 2459 4967 Dei
2505 4911 2709 4968 cultam
2746 4921 2801 4968 et
2829 4911 3195 4969 adorationem
3227 4911 3476 4968 frustrari
3517 4912 3600 4964 vi-

2018 4981 2246 5055 deantur
2276 5021 2289 5035 .
2320 5021 2333 5036 .
2366 5022 2382 5037 .
2419 4982 2549 5055 ._Ac
2566 4998 2679 5055 per
2723 4983 2847 5055 hoc,
2870 4984 2914 5040 si
2960 4984 3237 5055 religionis
3278 4980 3615 5055 (bristiapze,

2017 5065 2137 5133 ars,
2174 5052 2287 5133 sive
2314 5050 2610 5133 mttnimen,
2638 5061 2693 5133 et
2720 5053 3011 5133 gloriosum
3047 5050 3272 5133 ihsigne,
3313 5051 3472 5133 unius

2019 5120 2195 5175 cultus
2224 5129 2279 5175 et
2306 5122 2548 5176 adoratio
2572 5129 2687 5188 est;
2723 5118 2840 5178 imo
2887 5121 3011 5190 quia
3041 5118 3325 5187 estfbanc
3352 5118 3600 5190 imagini-

2018 5190 2136 5259 bus,
2155 5190 2238 5245 vel
2260 5191 2582 5259 quibuslibet
2601 5194 2760 5248 rebus
2786 5190 3264 5259 exhibere,.contra
3285 5190 3600 5258 religionem

2018 5258 2380 5315 Christianam
2415 5270 2517 5326 est,
2568 5272 2623 5317 et
2659 5263 2703 5317 si
2730 5263 2830 5318 has
2856 5277 2965 5316 non
2998 5258 3222 5317 adorare
3255 5276 3349 5317 seu
3394 5259 3596 5323 colere,

2020 5338 2208 5384 contra
2237 5330 2546 5400 religionem
2581 5331 2940 5388 Christianam
2979 5339 3082 5398 est,
3124 5339 3187 5386 ut
3215 5332 3292 5386 illi
3333 5329 3595 5392 delirant;

2021 5400 2193 5472 solum
2217 5400 2405 5472 Deum
2441 5401 2687 5468 adorare,
2715 5415 2808 5457 seu
2849 5401 3052 5467 colere,
3080 5400 3301 5472 ejusque
3336 5400 3509 5455 cultus
3544 5405 3601 5452 et

2021 5470 2351 5542 adorationis
2373 5486 2576 5542 gareem
2624 5471 2951 5542 singularem
2993 5470 3315 5542 essefateri
3341 5512 3356 5535 ,
3410 5476 3617 5542 contra.

2024 5541 2331 5612 religionem
2357 5538 3053 5612 Christianam'erit._Solus
3078 5541 3239 5612 igitur
3266 5541 3408 5597 Deus
3426 5538 3611 5612 colem.

2021 5609 2144 5676 dus,
2169 5611 2313 5666 solus
2332 5610 2653 5682 adorandus,
2677 5611 2824 5682 solus
2846 5609 3223 5682 gloriﬁcandus
3243 5620 3343 5667 est.
3370 5632 3388 5665 ι
3418 5609 3616 5666 Solam

2023 5682 2410 5755 adorationem,
2442 5680 2895 5755 quagugloriosum
2922 5680 3143 5755 insigne
3177 5683 3337 5740 unius
3375 5682 3607 5755 Deipcst,

2025 5751 2368 5821 imaginibus,
2396 5750 2479 5805 vel
2509 5750 2628 5805 aliis
2667 5752 2826 5806 rebus
2853 5750 3130 5818 exhibere,
3174 5762 3359 5809 contra
3387 5751 3604 5821 religim

2025 5836 2146 5876 nem
2173 5821 2531 5878 Christianam
2567 5835 2686 5878 esse
2725 5822 3051 5879 contendit:
3082 5840 3186 5882 non
3228 5839 3354 5883 vero
3382 5835 3601 5882 venem-
