4092 6188
443 345 543 404 985

1363 350 1424 402 B.
1467 350 1716 406 CAROLI
1753 350 1965 406 MAGNI
2003 351 2154 406 OPP.
2194 351 2373 405 PARS
2409 351 2470 404 ll.
2512 350 2752 406 SECTiO
2789 352 2849 404 ll.

3579 352 3686 408 98':

441 462 638 532 tionem
678 451 1289 532 quamvisnreligiosam.
1337 454 1611 532 Siquidem
1651 458 2005 532 sanctis_cum
2032 469 2082 532 Α
2107 459 2354 532 ecclesia,
2377 470 2432 514 et
2456 460 2602 532 legat
2626 479 2640 515 ;
2680 461 2961 532 Dominum
2984 459 3154 514 Deum
3174 470 3322 515 tuum
3347 461 3611 528 adomnis,
3634 475 3685 520 et

441 520 649 599 Christo
700 521 1042 599 regnantibus
1073 520 1229 599 'lianc
1257 520 1468 599 asserit
1502 527 1724 599 ibidem.
1767 545 1785 578 ι
1841 528 2007 595 Cujus

439 591 596 643 etiam
622 593 835 663 sanctis,
854 591 1171 660 inquit,qui,
1203 595 1525 663 triumphato
1553 597 1782 662 diabolo,
1799 591 2007 653 cum'eo

439 670 681 730 regnant,
711 660 822 714 sive
848 663 970 729 quia
999 663 1224 717 viriliter
1258 660 1599 719 certaverunt
1627 676 1684 720 ut
1709 660 1777 722 ad
1799 683 1897 723 nos
1921 668 2007 721 in-

439 730 663 806 eeliiinis
696 731 945 806 licclesia:
986 740 1158 806 status
1192 736 1512 806 perveniret,
1539 736 1665 806 rsive
1706 742 1830 806 quia
1863 753 2008 792 eam-

439 805 558 877 dem
592 799 883 856 Ecclesiam
909 802 1137 856 assiduis
1164 799 1432 877 sutl'ragiis
1456 799 1510 877 et
1535 799 2010 877 intercessionibus

438 869 690 936 adjuvare
716 879 1025 935 noscuntur,
1057 869 1659 929 veneratio'exhihenda
1684 885 1785 930 est.
1822 896 1840 927 ι
1873 876 2010 930 lina—

437 939 648 1017 ginibus
669 940 881 1017 quidem
906 955 1093 1009 parem
1121 958 1185 997 ac
1220 944 1421 1017 sanctis
1451 944 1580 1013 ipsis
1616 947 2008 1017 venerationem

436 1013 792 1063 extii;,-eiid;iiii
845 1020 1032 1078 negat,
1079 1028 1293 1069 omnem
1323 1013 1525 1068 cultum
1553 1024 1607 1067 et
1643 1016 2010 1070 adorationem

436 1083 672 1155 ipsarum
705 1079 937 1161 escludit
983 1085 1302 1147 absolutam,
1348 1098 1449 1161 qua
1497 1085 1764 1161 nimirum
1793 1097 2013 1161 propter

435 1149 638 1216 seipsas
682 1149 942 1212 colantur,
983 1167 1090 1204 non
1143 1162 1319 1206 autem
1365 1149 1668 1208 relativum.
1721 1149 1831 1212 Nec
1868 1149 2013 1209 aliud

435 1217 740 1292 signiﬁcant
769 1222 884 1292 inec
931 1222 1092 1292 verba
1128 1236 1141 1274 :
1172 1240 1200 1292 ί(
1252 1221 1517 1292 Imagines
1561 1238 1687 1278 vero
1732 1227 1880 1283 omni
1929 1225 2013 1280 sui

434 1288 643 1347 cultura
666 1297 718 1340 et
743 1289 1054 1366 adoratione
1080 1291 1305 1354 seclusa,
1331 1288 1512 1346 uirum
1550 1293 1604 1346 in
1636 1295 1872 1348 basilicis
1891 1312 2016 1363 pro-

437 1367 552 1435 ιλιιει·
605 1373 916 1435 ii'ieinoriam
966 1376 1147 1435 rerum
1197 1373 1518 1435 gestarum,
1543 1373 1598 1435 et
1639 1376 2014 1419 ornamentum

435 1430 562 1490 sint,
595 1441 662 1479 an
692 1430 857 1480 etiam
887 1445 992 1483 non
1023 1431 1151 1494 sint,
1203 1430 1404 1485 nullum
1451 1433 1575 1486 ﬁdei
1620 1435 1900 1487 catholicae
1939 1435 2018 1488 af-

436 1497 580 1572 ferre
625 1507 875 1572 poterunt
926 1498 1355 1572 pia-judicium.»
1397 1500 1551 1567 Quod
1599 1503 1646 1556 si
1689 1504 2018 1572 pertinacius

438 1568 561 1634 quis
622 1569 906 1642 contendat
955 1570 1307 1642 respectivam
1355 1585 1568 1642 quoque
1615 1568 2018 1629 venerationem

439 1647 714 1716 auctorqm
739 1637 907 1701 illum,
939 1650 994 1692 et
1014 1637 1743 1716 GallicanosGerinanosque
1763 1644 2019 1716 pricsules

439 1707 762 1782 imaginin
811 1719 1119 1763 sanctorum
1164 1709 1539 1782 ahjudicasse,
1589 1707 1830 1768 dicemus
1875 1715 2020 1782 ipsos

439 1793 546 1829 non
584 1778 926 1846 iinpugnasse
971 1780 1367 1834 venerationem
1413 1781 1560 1834 illam
1603 1790 1660 1834 ut
1690 1778 1930 1838 illicitaiii
1966 1793 2021 1838 et

441 1848 618 1912 divina
647 1848 760 1915 lege
799 1863 864 1901 ex
895 1864 1012 1922 sese
1037 1850 1392 1922 prohibitam,
1427 1851 1520 1922 sed
1566 1860 1622 1922 ut
1664 1852 2021 1922 periculosam

437 1928 656 2001 propter
687 1933 923 2001 abusum.
942 1919 1330 2001 imperitorum.
1363 1919 1512 1986 Quod
1539 1919 2024 2001 planesigiiiﬁeant

441 1989 556 2040 inec
585 1995 785 2040 verba:
833 2005 851 2037 ι
886 1989 1193 2042 Cavendum
1223 1990 1328 2044 illis
1364 1997 1449 2044 est
1489 2001 1543 2044 et
1583 1993 1755 2046 modis
1770 1989 2024 2048 omnibus

439 2059 950 2129 pertimescendum,
977 2075 1044 2111 ne
1089 2061 1212 2112 ddiii
1252 2061 1543 2129 imaginum
1594 2063 1798 2117 cultum
1844 2073 1900 2117 et
1931 2063 2025 2116 ad-

438 2128 739 2199 erationeni
756 2128 1075 2199 Christianae
1090 2130 1333 2199 religioni
1359 2128 1603 2199 ingerere
1626 2133 1891 2196 nituntur,
1921 2134 2026 2187 sin-

440 2197 678 2268 gularem
724 2198 880 2252 unius
907 2197 1002 2254 Dei
1031 2197 1236 2255 cultum
1281 2209 1333 2254 et
1377 2197 1746 2256 adorationem
1771 2202 2025 2268 frustrari

443 2269 742 2321 videantur.
783 2287 799 2320 ι

513 2339 771 2407 Septimo,
800 2339 938 2393 idem
967 2338 1236 2410 colligitur
1262 2354 1328 2394 ex
1353 2355 1471 2409 cap.
1489 2339 1694 2398 decimo
1724 2351 1876 2398 sexto.
1901 2341 2025 2396 libri

443 2410 604 2476 tertii.
649 2427 666 2457 ι
710 2413 869 2474 Nam,
912 2411 1104 2478 inquit,
1155 2411 1283 2483 dum
1320 2411 1450 2464 nihil
1474 2427 1573 2483 nos
1605 2413 1658 2465 iii
1705 2412 2027 2483 imaginibus

442 2495 760 2550 spei-namus
773 2489 969 2552 printer
991 2481 1378 2544 adorationem,
1397 2481 1590 2552 quippe
1607 2483 1768 2551 quiin
1789 2481 2028 2538 basilicis

444 2559 752 2602 sanctorum
787 2551 1065 2619 imagines,
1099 2565 1202 2603 non
1226 2557 1292 2603 ad
1325 2553 1679 2615 adorandum,
1710 2553 1804 2607 sed
1828 2555 1896 2607 ad
1917 2567 2028 2606 me-

444 2620 675 2692 riioriain
721 2635 910 2692 rerum
947 2628 1240 2692 gestarum,
1288 2629 1341 2673 et
1389 2631 1726 2676 venustatem
1761 2623 2028 2692 parietum

447 2690 647 2760 habere
675 2691 1059 2758 permittimus,
1103 2690 1175 2743 illi
1213 2705 1339 2744 vero
1371 2706 1506 2760 pene
1531 2707 1744 2746 onmem
1771 2690 1883 2747 Sua:
1912 2707 2029 2746 cre-

443 2758 853 2832 dulitatisspein
886 2762 944 2824 in,
982 2761 1304 2832 imaginibus
1326 2758 1611 2832 collucent,
1648 2770 1814 2819 restat
1841 2771 1899 2816 ut
1930 2777 2030 2818 nos

440 2839 660 2885 sanctos
695 2831 748 2883 in
777 2845 963 2910 conum
987 2831 1310 2910 corporibus
1336 2831 1416 2884 vel
1445 2833 1624 2900 potius
1649 2832 1892 2910 reliquiis
1914 2848 2031 2887 cor-

439 2915 656 2969 porum,
695 2916 788 2955 seu
816 2901 979 2955 etiam
1008 2901 1343 2954 vestimentis
1379 2917 1728 2965 veneremur,
1745 2901 1903 2970 juxta
1930 2917 2028 2956 an-

446 2979 714 3039 tiquorum
756 2970 976 3024 Patrum
1010 2972 1383 3034 traditionem,
1428 2971 1503 3024 illi
1540 2987 1667 3028 vero
1710 2972 1944 3041 parietes
1977 2981 2032 3027 et

446 3042 660 3094 tinulas
695 3042 1000 3112 adorantes,
1034 3041 1086 3093 in
1112 3057 1176 3094 eo
1207 3055 1262 3094 se
1293 3042 1626 3096 arbitrentur
1656 3047 1910 3112 magnum
1937 3041 2032 3095 ha-

445 3125 574 3164 bere
605 3112 727 3163 lidei
762 3111 1202 3174 emolumentum,
1235 3125 1299 3163 eo
1329 3114 1472 3180 quod
1495 3111 1879 3180 operibusisint
1905 3113 2032 3166 sub-

444 3180 571 3248 iecti
611 3183 899 3251 pictorum.
948 3199 966 3231 ›
1021 3181 1173 3233 illam
1218 3182 1476 3234 duntaxat
1519 3182 1807 3251 imaginum
1841 3183 2032 3236 adora-

447 3251 648 3320 tioneiii
689 3250 983 3320 impugnat,
1036 3265 1140 3318 qua
1184 3265 1320 3318 pene
1349 3251 1524 3305 omnis
1553 3250 1674 3319 spes
1701 3251 2032 3306 credulitatis

447 3322 504 3380 in
537 3319 643 3372 illis
675 3319 986 3375 collocatur.
1015 3320 1141 3373 time
1175 3330 1354 3373 autem
1401 3329 1484 3374 est
1531 3322 1773 3375 adoratio
1817 3321 1990 3374 latriie
2012 3337 2059 3387 ;.

450 3399 542 3468 aut
572 3391 1032 3470 certea'ciieratio
1074 3391 1185 3470 illis
1225 3400 1444 3470 propter
1487 3406 1544 3444 se
1573 3391 1733 3459 ipsas
1769 3391 2028 3470 exhibita,

450 3459 604 3528 cujus
631 3461 871 3528 periculo
899 3463 1024 3528 quia
1072 3461 1308 3527 imperiti
1345 3471 1704 3532 exponuntur,
1756 3463 1880 3532 dum
1927 3461 2042 3517 illis.

450 3532 738 3584 adoranda:
767 3539 1137 3600 proponuntur
1166 3531 1444 3600 imagines,
1475 3543 1657 3586 censet
1685 3531 1886 3586 cultum
1918 3547 2034 3588 0m-

453 3617 575 3670 nem
614 3601 743 3669 ipsis
773 3603 1138 3670 abrogandum
1165 3617 1179 3665 ;
1223 3617 1329 3653 non
1369 3601 1509 3669 quod
1539 3616 1634 3671 per
1659 3617 1717 3656 se
1757 3602 1826 3655 sit
1851 3602 2034 3670 prohi-

453 3675 598 3725 iiitus
626 3687 689 3724 ac
723 3671 961 3736 illicitas,
1003 3671 1129 3740 quia
1171 3674 1358 3724 doctos
1405 3672 1622 3726 innoxie
1666 3687 1759 3726 eas
1789 3671 2035 3725 venerari

453 3741 696 3811 agnoscit
722 3750 774 3794 et
800 3743 978 3796 colere
1015 3742 1159 3795 cultu
1197 3742 1516 3810 respectivo,
1563 3742 1826 3812 sedquod
1855 3742 2036 3812 rudiu-

454 3809 603 3866 ribus
634 3822 686 3864 et
725 3813 990 3880 imperitis
1034 3813 1236 3867 erroris
1281 3809 1492 3866 occasio
1523 3809 1802 3879 disciplina
1847 3809 2036 3877 hujus-

455 3884 596 3936 niodi
620 3898 738 3936 esse
758 3879 948 3951 possit,
975 3881 1066 3951 qui
1090 3881 1293 3935 cultum
1319 3881 1675 3949 respectivum
1697 3883 1764 3936 ab
1793 3879 2036 3936 absoluto

453 3969 561 4025 non
595 3955 667 4006 ita
693 3954 918 4025 subtiles
952 3960 1076 4007 sunt
1105 3960 1162 4005 ut
1190 3953 1556 4025 distinguant.‘
1579 3970 1596 4002 ι
1634 3951 1770 4025 Nam
1799 3952 1923 4025 etsi,
1954 3951 2038 4025 in:

455 4023 592 4092 quit,
623 4039 652 4075 a
677 4024 849 4077 doctis
883 4025 1185 4091 quibusque
1225 4021 1387 4075 vitari
1415 4021 1586 4089 possit
1637 4022 1740 4076 hoc
1779 4023 1922 4090 quod
1960 4021 2034 4074 illi

457 4091 511 4145 in
551 4093 838 4148 aderandis
866 4094 1190 4160 imaginibus
1211 4099 1486 4156 exercent,
1515 4092 1608 4159 qui
1636 4091 1902 4154 videlicet,
1930 4108 2040 4146 non

456 4164 586 4231 quid
632 4166 755 4226 sint,
802 4165 893 4218 sed
932 4165 1062 4232 quid
1110 4163 1355 4226 innuant,
1404 4166 1766 4226 venerantur;
1810 4161 2039 4232 indoctis

458 4245 640 4298 tamen
685 4231 986 4302 quibusque
1044 4232 1357 4286 scandalum
1411 4241 1708 4300 generant,
1762 4231 1854 4298 qui
1908 4231 2041 4284 nihil

457 4304 605 4357 aliud
639 4305 692 4358 in
719 4305 822 4368 his,
862 4312 1060 4372 printer
1093 4303 1147 4357 id
1188 4303 1330 4370 quod
1377 4304 1591 4370 vident,
1627 4311 1950 4370 venerantur
1986 4313 2040 4355 et

459 4379 709 4429 adorant.
761 4396 776 4424 ι

534 4443 752 4520 Octavo,
785 4444 836 4496 id
875 4443 1236 4520 colligitur_ex
1252 4441 1426 4520 capite
1447 4439 1670 4520 decimo
1695 4439 1922 4520 septimo
1951 4443 2040 4520 ubi

462 4584 716 4651 episcopi.
749 4600 766 4631 ι
809 4585 978 4646 Quam
1005 4583 1420 4652 praecipitanter,
1440 4581 1630 4649 inquit,
1664 4593 1737 4644 ei,
1771 4589 1824 4633 ut
1855 4581 1932 4635 ita
1957 4585 2039 4636 di-

463 4654 653 4714 xerim,
706 4653 1038 4720 insipienter,
1089 4653 1470 4706 Constantinus
1511 4652 1836 4704 Constantia:
1881 4653 2041 4721 Cypri

463 4722 775 4792 episcopus,
825 4723 1032 4775 caneris
1071 4722 1551 4785 consentientibus,
1585 4735 1642 4773 se
1671 4732 2042 4791 suscepturum

463 4791 517 4850 et
563 4793 935 4862 aniplexurum
989 4791 1377 4849 honorabiliter
1432 4792 1692 4862 imagines
1727 4792 1945 4862 dixerit,
1990 4802 2046 4847 et

465 4861 745 4916 servitium
771 4865 1123 4928 adorationis,
1148 4865 1291 4931 quod
1319 4861 1764 4917 consubstantiali
1791 4871 1845 4915 et
1875 4863 2044 4914 viviti-

466 4932 653 4987 catrici
682 4932 930 4986 'l‘rinitati
966 4935 1208 4999 debetur,
1235 4933 1313 4988 eis
1337 4949 1393 4987 se
1421 4932 1752 5004 redditurum
1775 4933 2039 5004 gari-ierit,

466 5019 571 5058 non
601 5012 682 5056 est
709 5005 999 5072 plurimum
1027 5016 1208 5060 nosu'a
1237 5003 1594 5072 disputatione
1619 5001 2041 5056 discutiendum:

467 5071 726 5143 quoniam
751 5076 1020 5138 omnibus,
1048 5075 1138 5142 qui
1171 5076 1273 5129 hoc
1310 5071 1390 5126 vel
1425 5071 1628 5142 legunt,
1675 5071 1755 5125 vel
1800 5075 2040 5138 audiunt,

468 5145 671 5214 liquido
699 5152 845 5212 patet
895 5145 1046 5197 illum
1101 5161 1201 5199 non
1241 5144 1435 5198 modici
1476 5143 2048 5214 errorisvoraginibus

471 5212 780 5268 immersam
809 5229 822 5268 :
863 5216 1058 5284 quippe
1093 5217 1185 5283 qui
1233 5217 1511 5269 servitium
1541 5213 1639 5266 soli
1673 5212 1782 5284 Deo
1808 5217 2045 5267 debitum

470 5285 715 5339 Creatori
745 5283 999 5338 exhibere
1029 5299 1085 5339 se
1115 5287 1312 5340 l‘atetur
1338 5284 1620 5347 creaturis,
1651 5291 1705 5337 et
1735 5283 1876 5354 Ldum
1901 5285 2047 5354 cupit

471 5360 653 5425 lavere
679 5356 924 5423 picturis,
956 5355 1250 5409 reluctatur
1286 5355 1492 5410 cunctis
1519 5353 1690 5425 sacris
1729 5351 2042 5421 Seripturis.

473 5424 604 5492 Quis
651 5440 779 5494 ergo
807 5441 1042 5494 unquam
1087 5427 1202 5480 sani
1233 5426 1424 5493 capitis
1457 5424 1616 5494 talem
1661 5425 2044 5477 absurditatem

478 5499 557 5548 vel
579 5493 791 5559 dixerit,
819 5502 901 5548 vel
924 5497 1118 5550 dicenti
1147 5495 1495 5556 consenserit,
1525 5493 1653 5546 utin
1677 5501 1826 5547 tanto
1846 5494 2048 5549 honore

475 5565 735 5634 habeatur
759 5565 1091 5634 picturarum
1123 5567 1377 5630 varietas,
1406 5575 1604 5633 quanto
1643 5573 1845 5628 sancta,
1882 5565 2048 5617 viviti-

476 5633 648 5694 cati-ix
683 5641 736 5687 et
761 5633 1018 5688 omnium
1063 5646 1296 5689 creatrix
1345 5634 1622 5692 Trinitas?
1661 5635 1728 5687 Et
1761 5635 1863 5686 tale
1897 5637 2048 5688 exhi-

478 5706 666 5757 beatur
708 5705 983 5757 servitium
1028 5706 1268 5774 pietur-ai,
1303 5704 1460 5774 quale
1504 5704 1787 5759 exhibetur
1824 5704 2048 5758 Domino

479 5775 642 5844 totius
665 5781 922 5828 creaturae
945 5776 966 5827 1’
1007 5813 1017 5826 .
1060 5813 1071 5828 .
1105 5813 1117 5827 .
1154 5813 1166 5828 .
1205 5813 1216 5826 .
1259 5776 1376 5830 Stet
1411 5789 1638 5844 namque
1677 5774 1955 5850 episcopus
1995 5775 2047 5828 iii

2109 531 2190 583 illi
2213 529 2311 583 soli
2332 529 2550 595 servies}
2573 540 2627 584 et
2652 545 2775 584 mox
2798 539 2856 586 ut
2882 531 2936 582 in
2963 539 3231 585 conventu
3259 532 3474 594 sederit,
3507 533 3684 588 dicat:

2116 618 2133 649 ι
2182 600 2424 668 Suscipio
2454 610 2509 654 et
2533 601 2824 670 amplector
2854 601 3239 654 honorabiliter
3274 611 3491 664 sanctas
3514 612 3568 662 et
3595 618 3688 659 ve-

2117 687 2134 719 i
2171 673 2435 724 nerandas
2479 671 2758 738 imagines,
2797 680 2850 722 et
2885 671 2988 723 illis
3019 671 3296 724 servitium
3335 672 3684 740 adorationis,

2116 759 2135 791 ι
2181 740 2322 808 quod
2367 740 2806 794 consubstantiali
2841 748 2895 793 et
2925 741 3259 794 viviﬁcatrici
3305 740 3556 794 Trinitati
3591 744 3688 798 de-

2117 828 2134 859 ι
2172 811 2345 871 betur,
2366 810 2642 877 impendo;
2679 830 2698 860 ι
2730 810 2912 877 sicque
2937 824 2995 864 se
3017 810 3071 863 in
3095 811 3290 864 divinis
3315 812 3497 864 verbis
3521 812 3688 865 insta-

2111 880 2294 944 bilem,
2327 893 2383 931 se
2405 881 2548 934 aliud
2568 894 2662 933 ore
2686 880 3046 947 proﬁtentem,
3092 880 3235 934 aliud
3266 882 3428 934 corde
3455 883 3681 936 creden-

2113 956 2240 1011 tem,
2281 949 2424 1019 aliud
2450 948 2642 1002 divinis
2674 949 2896 1019 paginis
2933 949 3214 1017 legentem,
3252 949 3394 1003 aliud
3445 952 3496 1004 in
3532 962 3690 1006 antro

2112 1018 2346 1095 pectoris
2380 1019 2463 1076 sui
2494 1018 2843 1095 tepenteidet
2870 1018 3064 1073 divinis
3102 1021 3684 1095 .vei'bis‘obnitentetn,

2113 1087 2168 1140 et
2193 1103 2315 1142 suas
2340 1104 2508 1161 nugas
2532 1088 2822 1161 Dominicis
2866 1089 3146 1161 praeceptis
3186 1087 3555 1159 perferentem
3597 1092 3684 1146 de-

2113 1166 2397 1211 monstret.
2424 1157 2450 1210 )
2480 1157 2684 1216 Ansain
2722 1157 2883 1212 dabat
2914 1159 3002 1211 illa
3037 1157 3375 1218 Constantini
3402 1161 3687 1223 sententia,

2115 1243 2275 1296 quam
2298 1227 2473 1282 versio
2497 1237 2738 1297 actorum
2767 1229 3006 1297 septima:
3027 1229 3215 1297 synodi
3242 1230 3418 1282 minus
3440 1239 3690 1284 accurata

2117 1298 2387 1368 duriorem
2426 1296 2767 1362 reddiderat,
2805 1296 2925 1368 ipsi
2969 1296 3233 1351 tribuendi
3272 1300 3488 1363 erroris,
3532 1316 3692 1368 quem

2115 1367 2304 1439 verbis
2325 1375 2481 1439 tenus
2505 1369 2774 1439 exprimit,
2801 1367 2906 1424 imo
2933 1369 3106 1437 ipsum
3145 1368 3200 1439 in
3232 1376 3394 1422 totam
3429 1370 3695 1439 synodum

2118 1436 2452 1500 rel’undcndi,
2492 1436 2611 1504 qua:
2659 1437 2808 1492 illum
2845 1436 2964 1491 non"
2997 1438 3354 1491 emendasset.
3391 1436 3697 1492 Hadrianus

2119 1506 2335 1578 papain
2363 1508 2588 1578 epistola
2629 1507 2959 1575 apologetica
3001 1522 3101 1575 pro
3140 1508 3284 1578 cultu
3313 1509 3601 1576 imaginum
3626 1509 3700 1562 ad

2119 1575 2369 1646 Caroluni
2415 1577 2684 1644 Magnum,
2729 1592 2846 1646 cap.
2894 1578 2946 1641 9,
2996 1577 3329 1632 Constantini
3378 1575 3699 1632 sententiain

2120 1647 2318 1700 bonum
2359 1645 2412 1698 in
2441 1662 2658 1717 sensum
2682 1645 2846 1700 trahit
2871 1648 2956 1700 his
2981 1647 3156 1700 vertis
3181 1664 3194 1698 :
3242 1665 3260 1698 ι
3301 1648 3378 1701 Ex
3402 1663 3564 1717 prava
3614 1663 3701 1700 re-

2121 1723 2393 1772 vertentes
2436 1716 2650 1780 bairesi,
2702 1717 2829 1771 totis
2877 1717 3082 1770 nisibus
3125 1732 3310 1770 eorum
3360 1716 3702 1772 tentaverunt

2054 1817 2098 1877 Β
2367 1785 2646 1877 catholica:
2660 1794 2729 1877 ret
2763 1786 3703 1877 apostolica:.inAipsloruchonl'es-

2126 1856 2277 1914 sione
2305 1859 2622 1909 satist‘acere
2658 1856 2952 1920 Ecclesiae;
2991 1866 3046 1908 et
3083 1856 3202 1910 ideo
3236 1857 3394 1910 talem
3433 1857 3705 1909 adoratio-

2125 1941 2248 1979 nem
2284 1925 2515 1980 cout‘essi
2562 1935 2688 1979 sunt
2729 1940 2830 1995 pro
2873 1926 3040 1981 sacris
3088 1926 3408 1994 imaginibus
3450 1928 3700 1988 credere,

2126 1995 2298 2066 qualis
2330 1996 2383 2048 in
2409 1995 2716 2066 deﬁnitione
2753 1997 2943 2066 synodi
2981 1997 3268 2050 constituta
3305 2005 3387 2050 est
3424 1996 3562 2050 inter
3594 2012 3704 2049 ca:-

2128 2065 2262 2120 tera.
2303 2084 2321 2117 ι
2362 2068 2475 2136 Quo
2509 2066 2633 2136 loco
2656 2065 2887 2121 Nicaeus:
2927 2082 2961 2121 ιι
3009 2066 3197 2136 synodi
3239 2066 3606 2129 deﬁnitionem
3650 2068 3705 2120 iu

2126 2136 2359 2190 medium
2387 2134 2562 2193 affert.
2599 2135 2878 2204 Signiﬁcat
2914 2134 3216 2190 Hadrianus
3239 2136 3371 2189 istos
3398 2137 3702 2203 episcoiios,

2127 2206 2219 2276 qui
2244 2207 2690 2260 iconoclastarum
2720 2207 2967 2276 literesini
2997 2204 3294 2273 cjurabant,
3325 2215 3383 2258 ut
3402 2219 3613 2259 omnem
3637 2221 3707 2276 ex

2128 2275 2458 2329 audientium
2514 2275 2708 2346 animis
2759 2275 3115 2346 suspicionem
3152 2279 3542 2344 alstcrgerent,
3577 2275 3706 2346 icul-

2129 2355 2263 2409 tum,
2296 2361 2455 2414 quem
2495 2345 2817 2414 imaginibus
2841 2344 3180 2400 tribuendum
3216 2355 3496 2413 putabant,
3534 2344 3707 2398 ellica-

2128 2417 2280 2470 cibus
2324 2425 2484 2483 atque
2515 2416 2835 2485 emphaticis
2868 2415 3045 2470 verbis
3083 2416 3453 2484 expressisse;
3497 2417 3591 2468 sed
3629 2417 3706 2469 ita

2131 2494 2308 2542 tamen
2360 2495 2420 2551 ut,
2460 2489 2646 2539 eorum
2684 2486 2948 2546 sententia
2997 2486 3068 2538 sit
3110 2501 3176 2539 ex
3208 2485 3392 2553 ipsius,
3422 2487 3508 2546 cui
3543 2485 3708 2539 inter-

2128 2564 2304 2626 erant,
2331 2555 2519 2624 synodi
2557 2555 2865 2626 deﬁnitione
2895 2556 3311 2626 interpretanda.
3351 2556 3534 2624 Neque
3573 2556 3709 2608 adeo

2129 2625 2277 2680 illam
2325 2624 2666 2696 Constantini
2709 2625 2944 2696 episcopi
2977 2624 3330 2696 sententiam,
3366 2631 3709 2692 quantumvis

2130 2697 2340 2759 duram,
2382 2695 2555 2747 l'randi
2585 2710 2705 2750 esse
2731 2692 2927 2748 debere
2953 2695 3200 2758 concdio,
3249 2692 3402 2762 cuius
3445 2697 3593 2748 clara
3624 2704 3710 2748 est

2131 2774 2185 2824 et
2218 2765 2515 2819 indubitata
2551 2765 2816 2818 sententia
2848 2765 2986 2817 infra
3008 2765 3222 2818 lati-iani
3249 2779 3368 2818 esse
3395 2780 3518 2818 eum
3547 2768 3712 2818 hono-

2131 2850 2246 2896 rem
2278 2834 2369 2903 qui
2397 2835 2718 2904 imaginibus
2747 2835 3005 2891 defertur.

2199 2905 2270 2958 At
2297 2903 2556 2959 librorum
2575 2903 2950 2960 Carolinorum
2971 2913 3160 2960 auctor
3187 2919 3288 2956 non
3307 2903 3376 2956 ita
3403 2903 3501 2956 fuit
3525 2918 3714 2970 aequus

2133 2977 2187 3032 in
2217 2977 2477 3045 synodum
2491 2974 2761 3045 Nicaenain
2784 2989 2842 3037 ιι,
2871 2974 2962 3028 sed
2987 2989 3052 3029 ex
3077 2973 3328 3045 opinione
3341 2985 3712 3042 praiconcepia

2134 3043 2397 3109 scrib-ens,
2431 3045 2530 3114 ipsi
2559 3043 2749 3096 tribuit
2769 3043 3198 3114 errorentrquein
3219 3043 3617 3114 Constantinus
3634 3059 3712 3096 Vi-

2135 3117 2357 3172 debatur
2383 3112 2729 3183 expressisse,
2753 3122 2806 3165 et
2835 3113 3202 3169 deﬁnitionem
3223 3115 3410 3182 synodi
3432 3116 3498 3166 ad
3522 3112 3713 3183 facien-

2135 3188 2263 3241 dum
2302 3182 2481 3238 l'ucuin
2515 3183 2892 3242 concinnatam
2931 3184 3026 3248 ait,
3073 3191 3137 3240 et,
3169 3185 3237 3242 ad
3265 3182 3713 3242 dissimulandum

2134 3270 2391 3322 errorem,
2424 3268 2587 3321 quem,
2609 3253 2786 3316 minus
2833 3253 3060 3312 callidus
3084 3252 3390 3322 prodiderat
3406 3253 3712 3322 Constantis

2133 3340 2254 3384 nus.
2299 3324 2689 3389 Existimabam
2719 3323 2881 3392 igitur
2893 3321 3114 3378 Carolus
3128 3322 3351 3392 Magnus
3371 3335 3425 3392 et
3450 3321 3712 3378 Gallicani

2134 3393 2496 3461 Germanique
2546 3391 2839 3464 praesules,
2871 3401 3036 3464 totam
3084 3391 3357 3464 Synoduni
3401 3391 3712 3464 Griecorum

2135 3467 2370 3519 sensisse
2391 3465 2652 3531 imagines
2673 3462 2862 3516 eodem
2885 3462 3029 3516 cultu
3053 3463 3352 3520 adorandas
3376 3463 3468 3530 qui
3489 3462 3710 3517 sanctis-

2135 3535 2285 3588 sima:
2307 3533 2556 3587 Trinitati
2579 3531 2845 3596 defertur;
2895 3532 3305 3586 Constantinum
3334 3533 3640 3602 episcopum
3661 3531 3716 3588 id

2135 3619 2319 3670 coram
2341 3603 2606 3671 frequenti
2636 3604 2841 3671 synodo
2854 3603 3174 3672 professum,
3207 3609 3712 3672 reprehensumnon

2136 3675 2333 3738 fuisse;
2381 3673 2744 3726 deﬁnitionem
2777 3671 3021 3725 eumdem
3044 3685 3302 3734 errorem,
3352 3671 3716 3726 distinctioni-

2139 3747 2240 3802 bus
2275 3745 2341 3796 ad
2366 3741 2672 3796 faciendum
2703 3741 2883 3795 lucum
2916 3742 3120 3799 idoneis
3132 3741 3430 3810 palliatum,
3475 3742 3716 3811 plebibus

2137 3815 2398 3883 ingerere.
2441 3813 2577 3866 Hinc
2589 3811 2814 3883 Carolus
2829 3811 3065 3880 Magnus,
3092 3820 3214 3880 post
3235 3812 3718 3883 laudatasuperius

2136 3881 2322 3946 verba,
2373 3883 2440 3936 de
2459 3881 2797 3937 Constantini
2827 3882 3330 3939 sententia'subdit:
3377 3899 3394 3931 ι
3425 3881 3559 3934 Nam
3593 3893 3717 3936 cum

2139 3955 2239 4008 sibi
2263 3951 2480 4022 suisque
2517 3953 2864 4020 dignoscatur
2887 3953 2942 4005 in
2973 3967 3068 4022 sua
3091 3965 3348 4020 perversa
3385 3952 3722 4021 professione

2139 4027 2348 4088 obesse,
2388 4021 2542 4076 nobis
2561 4039 2591 4076 e
2623 4023 2892 4077 contrario
2916 4021 3009 4089 qui
3033 4022 3244 4075 illorum
3271 4025 3427 4089 nugis
3454 4022 3611 4075 reniti
3628 4037 3722 4074 cu-p

2142 4095 2332 4163 pimus,
2366 4093 2699 4160 dignoscitur
2727 4094 3012 4163 prodesse;
3057 4107 3178 4163 cum
3211 4091 3455 4163 videlicet
3476 4106 3718 4144 errorem

2139 4161 2341 4232 detegit
2367 4165 2678 4227 int‘austmn,
2729 4162 2993 4232 quemilli
3035 4162 3283 4232 videntur
3307 4161 3550 4230 plebibus
3573 4163 3722 4227 iugi.-

2142 4230 2578 4301 rei-epalliatuin.
2641 4232 2807 4285 Aiunt
2828 4231 3011 4286 enim:
3054 4249 3072 4281 ι
3105 4230 3220 4286 Non
3256 4245 3543 4301 adoramus
3581 4232 3721 4301 inia-

2148 4325 2164 4356 ι
2198 4299 2350 4374 giJes
2387 4312 2446 4356 ut
2469 4304 2657 4367 Deum,
2695 4317 2794 4374 nec
2818 4301 2920 4374 illis
2944 4303 3110 4374 divini
3136 4302 3356 4374 servitii
3399 4300 3602 4374 cultum
3629 4299 3726 4352 in.-

2149 4395 2166 4426 ι
2200 4370 2501 4443 pendimus,
2552 4375 2646 4426 sed
2677 4373 2802 4426 dum
2833 4372 2953 4426 illas
2981 4372 3272 4443 aspicimus
3309 4381 3380 4443 et
3409 4370 3726 4443 adoramus,

2499 4460 2518 4492 Β
2534 4457 2731 4492 DOSLI'IB
2750 4457 2973 4492 acumen
2999 4457 3280 4492 GCHQIIDUS

534 4443 752 4506 Octavo,
785 4444 836 4496 id
875 4443 1143 4512 colligitur
1170 4457 1236 4497 ex
1252 4441 1426 4510 capite
1463 4441 1670 4513 decimo
1695 4441 1922 4520 septimo
1951 4443 2040 4495 ubi
2093 4500 2096 4501 ν
2150 4466 2166 4496 ι
2201 4441 2291 4499 illo
2323 4445 2518 4498 mentis
2534 4453 2731 4496 nostra:
2750 4456 2973 4496 acumen
2999 4441 3300 4512 deﬁgimus,
3334 4441 3423 4494 ubi
3453 4453 3567 4502 eos,
3593 4453 3724 4506 quo-

465 4515 719 4580 expendit
761 4522 1080 4565 sententiam
1122 4511 1462 4566 Constantini
1506 4512 1832 4582 Constantia:
1861 4511 2042 4582 Cypri
2073 4496 2119 4554 υ
2153 4539 2169 4567 ι
2208 4530 2324 4568 rum
2362 4514 2463 4567 illa:
2494 4521 2639 4578 sunt,
2697 4526 2816 4566 esse
2842 4527 2948 4566 non
2991 4512 3318 4581 ignoramus.
3351 4531 3370 4561 ι
3433 4509 3504 4582 At
3533 4517 3724 4582 contra

2153 4539 2169 4567 ι
2208 4530 2324 4568 rum
2362 4514 2463 4567 illa:
2494 4521 2639 4578 sunt,
2697 4526 2816 4566 esse
2842 4527 2948 4566 non
2991 4509 3318 4581 ignoramus.
3351 4531 3370 4561 ι
3433 4509 3504 4581 At
3533 4517 3726 4581 contra

2144 4589 2245 4645 iste
2270 4585 2480 4637 illorum
2517 4587 2772 4652 detegens
2785 4579 3045 4646 errorem,
3070 4589 3123 4634 et
3147 4596 3298 4652 suam
3328 4580 3570 4650 pandens
3601 4579 3725 4652 abs-

2144 4671 2247 4726 que
2270 4657 2375 4709 ulla
2393 4647 2814 4726 obumbratione
2825 4651 3227 4726 cogitationem,
3254 4647 3546 4726 fateturse,
3565 4647 3725 4726 quale

2145 4719 2344 4781 sancta:
2375 4719 2644 4790 'l‘i-initati,
2678 4722 2779 4776 tale
2803 4719 2912 4773 illis
2926 4722 3181 4776 exhibere
3213 4719 3510 4782 servitium,
3537 4719 3725 4790 talem-

2145 4813 2249 4866 que
2270 4788 2636 4866 adorationcm
2653 4811 2668 4866 ;
2700 4794 2882 4859 sicque
2915 4791 3325 4866 absurditatem,
3354 4788 3622 4866 quamilli
3642 4788 3724 4840 in-

2147 4861 2354 4922 trorsus
2392 4865 2623 4918 renitent
2649 4865 2892 4924 latenter,
2942 4864 3080 4914 hanc
3107 4862 3208 4914 iste
3241 4861 3411 4929 egerit
3452 4865 3721 4929 patenter.

2147 4937 2254 4990 Nec
2268 4937 2767 5006 laterequciuquam
2783 4940 2959 5006 potest
2975 4932 3185 4984 illorum
3202 4927 3430 5006 ignavia,
3447 4942 3570 5006 cuni
3585 4927 3724 5005 lianc

2146 5010 2343 5078 pandat
2374 4998 2593 5078 hujusce
2625 4998 2973 5078 professionis
2990 5002 3272 5078 sententia.
3307 5018 3326 5049 ι
3370 4998 3542 5078 Quam
3559 4998 3724 5078 igitur

2147 5068 2514 5132 adorationein
2540 5068 2831 5145 imaginum
2862 5073 3137 5145 impugnat
3167 5071 3426 5124 libroruin
3449 5068 3721 5145 Caralitin-

2149 5166 2270 5202 runi.
2285 5156 2491 5209 auctor,
2517 5160 2581 5197 ea
2606 5144 2773 5196 latrite
2803 5143 3046 5194 adoratio
3066 5149 3166 5206 est,
3197 5154 3359 5209 quam
3378 5143 3623 5196 sanxisse
3642 5152 3719 5189 ar-

2146 5219 2457 5273 bitrabatur
2475 5215 2745 5285 synodum
2766 5210 3097 5285 Graecorum.
3164 5281 3176 5285 _
3247 5279 3258 5285 _
3445 5282 3453 5285 _
3617 5273 3629 5284 _

2219 5288 2388 5351 Nono,
2405 5279 2545 5342 idem
2577 5283 2848 5354 colligitur
2865 5297 2930 5334 ex
2949 5279 3355 5354 capitedcciino
3373 5282 3565 5332 octavo
3583 5279 3726 5354 ejus~

2147 5357 2267 5411 deni
2296 5358 2435 5412 libri.
2458 5375 2475 5406 ι
2499 5357 2631 5409 Cum
2657 5351 2804 5422 ergo,
2836 5352 3029 5424 inquit,
3057 5351 3144 5424 isti
3173 5364 3308 5418 pene
3335 5351 3722 5424 omnem-anxi-

2149 5428 2204 5480 lii
2252 5429 2334 5482 sui
2363 5443 2510 5496 spem
2551 5425 2605 5478 in
2648 5417 2970 5496 imaginibus
2982 5417 3257 5496 deligant,
3290 5433 3414 5496 non
3439 5417 3724 5495 mediocris

2152 5507 2230 5551 ter
2270 5515 2299 5551 a
2334 5487 2518 5552 sancta
2553 5505 2617 5567 et
2634 5487 2918 5567 universali
2943 5487 3269 5567 disseritiunt
3291 5487 3555 5567 Ecclesia,
3604 5498 3722 5567 quin

2149 5583 2298 5636 spem
2329 5567 2513 5620 auxilii
2542 5565 2621 5618 sui
2645 5580 2749 5636 non
2777 5563 2829 5615 in
2852 5560 3254 5636 pietur-teufucis,
3282 5573 3388 5636 non
3414 5557 3468 5609 in
3487 5557 3724 5608 inannl'a-

2149 5628 2250 5693 ciis
2278 5637 2542 5692 artilicum
2571 5628 2968 5702 operibusfsed
2997 5633 3048 5686 in
3075 5632 3184 5684 Deo
3211 5628 3450 5702 ninnium
3477 5637 3723 5678 creatore

2150 5707 2351 5776 deligit.
2385 5727 2402 5757 ι
2439 5697 3570 5776 liamimpugnatimaginumadorationem,
3606 5708 3720 5776 quae

2151 5765 2464 5849 at'giiiiietito
2475 5784 2555 5831 est
2581 5765 2883 5844 spempcnc
2906 5765 3120 5829 onmem
3144 5769 3196 5825 in
3209 5770 3430 5840 pictura:
3457 5765 3594 5821 fucis
3614 5769 3713 5818 cul-
