4092 6188
388 295 494 353 995

1201 294 1374 349 LIBRI
1412 294 1837 352 CAROLlNl.-—
1869 297 2087 352 CAPIT.
2126 297 2213 352 DE
2246 294 2431 353 NAG.
2468 329 2536 338 —-
2565 294 2791 355 PREF'.

3532 298 3637 367 99-5

385 408 599 482 interim
629 399 754 461 dum
780 408 1041 482 ltosduos
1064 408 1206 482 locos
1228 407 1460 482 protero,
1486 424 1541 463 tn
1571 409 1713 463 aliud
1742 417 1953 482 tempus
1981 418 2026 475 Α
2056 408 2318 482 fingendis
2344 408 2649 482 recentibus
2666 410 2910 482 patronis
2934 410 3261 481 deorumque
3283 411 3489 482 formis,
3509 432 3634 474 cum

383 478 653 547 rejiciens,
677 492 800 532 cum
825 477 946 548 aliis
968 478 1128 548 rebus
1155 476 1392 544 ejusdem
1408 488 1547 534 notat
1572 487 1626 534 et
1652 476 1953 548 argumenti

383 548 678 628 appositins
710 547 1135 628 quadrantibus:
1167 549 1396 628 accessit
1439 550 1602 603 etiam
1640 547 1769 601 mihi
1811 549 1954 601 dono

380 616 619 686 ejusdem
643 617 879 688 exempli
909 616 1158 688 volumen
1182 633 1316 688 cum
1347 618 1447 672 hoc
1482 627 1668 688 nostro
1697 632 1711 670 :
1743 630 1810 670 ex
1846 632 1953 688 quo

381 685 609 756 utroque
639 687 789 740 illum
817 685 1021 740 Paulini
1070 686 1307 756 libellum
1341 688 1513 741 hausi.
1562 687 1666 742 Sed
1711 685 1951 740 nunc'ad

379 754 699 827 principium
721 764 983 827 actorum.
1019 772 1037 804 ι
1062 756 1110 808 1.
1132 754 1581 827 Convenientibus
1610 757 1719 809 Deo
1741 755 1952 810 favente

379 824 674 897 apostolica
714 824 1040 897 auctoritate
1086 834 1248 893 atque
1292 826 1519 897 piissimi
1550 827 1749 897 domini
1780 826 1950 897 nostri

378 894 552 951 Caroli
614 896 756 965 regis
796 894 1072 965 jussione,
1127 910 1270 949 anno
1319 895 1386 947 26
1440 896 1774 964 principatus
1825 896 1946 958 sui,

381 965 589 1021 cunctis
612 964 758 1035 regni
785 964 1112 1019 Francorum
1142 980 1234 1019 seu
1260 964 1440 1027 Italiae,
1467 964 1783 1035 Aquitaniae,
1817 965 1950 1019 Pro-

378 1037 596 1098 vinciae,
626 1035 890 1104 episcopis
906 1048 967 1088 ac
996 1035 1365 1089 sacerdotibus
1393 1034 1631 1104 synodali
1681 1035 1906 1088 concilio
1932 1051 1945 1085 :

379 1107 521 1158 inter
551 1118 685 1173 quos
731 1103 846 1173 ipse
883 1104 1197 1159 mitissimus
1216 1113 1403 1159 sancto
1426 1103 1681 1157 interfuit
1710 1120 1948 1159 conven-

380 1175 490 1239 tui;
522 1175 613 1227 ubi
634 1174 687 1243 in
716 1173 1010 1242 primordio
1034 1174 1390 1242 capitulorum
1416 1181 1662 1227 exortum
1689 1174 1754 1228 dc
1787 1174 1948 1243 impia

378 1259 442 1298 ac
484 1242 709 1312 nefanda
756 1243 946 1297 haeresi
985 1243 1288 1312 Elipbandi,
1341 1242 1610 1298 Toletanae
1651 1243 1794 1297 sedis
1838 1242 1951 1312 epi-

379 1315 551 1385 scopi,
584 1322 636 1385 et
663 1311 856 1385 Felicis
891 1311 1258 1385 OrgelitanmL
1267 1327 1567 1385 eorumque
1610 1311 1947 1385 sequacibus,

378 1382 492 1451 qui,
520 1382 656 1437 male
684 1382 993 1447 sentientes,
1023 1383 1076 1436 in
1091 1383 1186 1438 Dei
1219 1382 1356 1438 Filio
1373 1382 1684 1438 asserebant
1716 1383 1952 1452 adoptio-

379 1468 521 1508 nem.
551 1452 720 1519 Quam
747 1466 934 1507 omnes
969 1454 1059 1521 qui
1087 1467 1248 1521 supra
1266 1493 1279 1515 ,
1309 1453 1634 1507 sanctissimi
1658 1452 1844 1506 Patres
1865 1468 1951 1507 re-

377 1531 633 1593 spuentes
676 1537 781 1593 una
804 1537 935 1576 voce
963 1522 1407 1593 contradixerunt
1427 1563 1441 1585 ,
1485 1531 1647 1593 atque
1673 1524 1810 1577 hanc
1841 1522 1951 1576 hae.

378 1590 524 1646 resin
554 1590 795 1646 funditus
832 1607 862 1644 a
902 1600 1085 1646 sancta
1128 1591 1365 1649 Ecclesia
1412 1592 1790 1646 eradicandam
1829 1600 1944 1645 sta-

377 1670 613 1716 tuerunt.
655 1660 708 1714 2.
739 1661 916 1715 Allata
945 1670 1030 1715 est
1068 1662 1122 1714 in
1151 1660 1390 1715 medium
1412 1661 1637 1730 quatstio
1693 1662 1760 1717 de
1810 1676 1946 1715 nova

376 1730 685 1786 (ir-meorum
731 1732 965 1801 synodo,
996 1746 1156 1800 quam
1194 1730 1260 1784 de
1294 1731 1582 1801 adorandis
1624 1731 1947 1801 imaginibus

375 1783 855 1870 cessammpar
875 1783 1155 1864 neeum,
1197 1783 1251 1852 in
1283 1783 1946 1870 suscensuissem;
1981 1783 2023 1842 Β

379 1878 465 1925 tur
501 1872 567 1924 ut
589 1871 680 1939 qui
715 1871 979 1941 imagines
1006 1879 1314 1941 sanctorum
1349 1871 1424 1924 ita
1472 1871 1798 1941 utdeificam
1834 1870 1951 1923 Tri-

375 1938 861 2009 nitatem’servitio
902 1948 995 1993 aut
1034 1938 1348 2009 adcretione
1390 1954 1495 1993 non
1542 1939 1945 2009 impenderent,

375 2011 711 2066 anathemata
715 2008 895 2080 jndiea
903 2017 1106 2064 rentur.
1121 2008 1223 2080 Qui
1243 2008 1747 2080 supra,sanctissimi
1762 2009 1950 2064 Patres

375 2080 569 2142 nostri,
599 2079 920 2134 omnimodis
940 2087 994 2133 et
1016 2078 1324 2133 orationem
1337 2086 1393 2133 ct
1419 2079 1733 2134 servitutem
1754 2080 1834 2133 eis
1864 2093 1948 2133 re-

373 2157 631 2213 nuentes,
681 2157 1119 2216 contempserunt
1160 2155 1322 2216 atque
1366 2150 1768 2204 consentientes
1812 2164 1944 2203 con-

371 2218 778 2275 demnaverunt.
815 2238 836 2270 ι
868 2217 988 2272 1am
1012 2231 1176 2289 vero,
1207 2219 1351 2286 quod
1396 2217 1569 2286 majus
1594 2228 1696 2282 est,
1722 2220 1790 2272 ab
1815 2219 1947 2289 ipsis

373 2289 678 2344 testimonia
728 2296 905 2357 petam
941 2289 1033 2357 qui
1074 2285 1239 2355 hujus
1257 2285 1623 2343 conciliiacta
1654 2288 1788 2342 lalso
1813 2285 1944 2357 cita:

374 2367 501 2429 runt
529 2368 582 2412 et
602 2356 886 2429 laudarunt
918 2373 933 2412 :
958 2356 1070 2427 quo
1093 2373 1192 2413 suo
1216 2358 1461 2429 instituto
1486 2360 1822 2429 commodius
1842 2356 1948 2412 suf-

374 2426 718 2497 fragarentur
736 2468 750 2491 ,
779 2426 1150 2497 idoloru’mque
1171 2428 1373 2482 cultum
1401 2426 1763 2482 defensarent.
1793 2426 1947 2494 Quod

371 2496 560 2553 scribit
595 2496 829 2552 Joannes
864 2498 1056 2552 Eckius
1082 2498 1137 2552 in
1166 2503 1264 2552 suo
1290 2497 1601 2552 Enchiridio
1619 2499 1686 2552 de
1717 2506 1947 2566 quatuor

370 2566 546 2621 Caroli
594 2568 770 2638 magni
805 2567 977 2633 libris,
1009 2582 1185 2621 nonne
1208 2582 1309 2636 pro
1330 2582 1415 2621 me
1456 2567 1747 2637 plurimum
1786 2566 1941 2631 facit,

370 2651 436 2691 ac
466 2644 694 2690 testatur
716 2652 870 2691 suam
896 2639 981 2692 his
1008 2638 1162 2692 libris
1195 2638 1476 2692 veritatem
1501 2638 1788 2692 constare?
1814 2652 1945 2705 quo-

370 2722 490 2760 rum
526 2707 834 2776 meminisse
857 2708 1094 2776 quidem,
1121 2708 1215 2762 sed
1234 2723 1509 2776 nunquam
1536 2722 1567 2760 a
1605 2722 1663 2761 se
1685 2707 1943 2761 lectorum

368 2776 556 2830 voluit.
590 2774 733 2831 Nihil
763 2774 942 2831 autem
968 2777 1225 2831 addubito
1249 2774 1377 2846 quin
1408 2791 1662 2833 nauseam
1688 2776 1760 2829 illi
1786 2776 1946 2830 civis-

369 2854 490 2900 sent
510 2846 557 2900 si
590 2846 683 2901 illo
718 2847 1005 2916 superstite
1028 2847 1082 2916 in
1110 2847 1379 2916 publicum
1407 2847 1725 2916 exiliissent.
1752 2846 1945 2914 Liquet

367 2925 548 2969 autem
570 2930 632 2969 ea
654 2915 940 2977 volumina,
961 2915 1122 2971 fando
1136 2918 1202 2970 ad
1223 2932 1344 2972 eum
1364 2925 1420 2970 et
1446 2915 1587 2970 fama
1614 2917 1940 2984 pervenisse,

369 2986 463 3040 sed
488 2984 626 3039 bello
652 2986 741 3040 isti
764 2986 1079 3040 somniatori
1116 3000 1212 3054 pro
1237 2987 1361 3041 ludo
1390 2985 1507 3048 fuit,
1539 3001 1602 3039 ea
1633 2986 1698 3039 de
1723 3001 1781 3039 re
1806 2988 1943 3039 veri.

370 3055 497 3110 tatis
535 3056 899 3110 testimonium
933 3056 1226 3110 asserendo
1267 3057 1444 3110 dicere
1473 3096 1487 3119 ,
1540 3070 1701 3123 quam
1740 3055 1943 3109 incom-

2054 480 2247 554 quibus
2268 478 2462 554 insigni
2492 478 2869 554 superstitione
2894 489 2947 534 et
2972 478 3229 554 ementita
3254 478 3511 554 religione
3533 485 3638 541 for-

2051 550 2230 621 nicata
2254 555 2363 621 est,
2395 548 2566 602 donec
2593 549 2752 621 unius
2772 548 2997 621 ejusque
3022 551 3135 621 veri
3174 552 3267 605 Dei
3304 548 3632 621 praeconium

2051 616 2358 690 increbuit),
2390 632 2452 690 ex
2482 631 2587 690 quo
2613 617 2730 690 ejus
2756 616 2994 673 Ecclesia
3020 620 3069 673 in
3098 621 3217 674 aula
3247 616 3634 690 imperatorum

2051 687 2214 762 erepit
2243 686 2575 762 loeupletari.
2609 688 2902 762 sinceriore
2928 690 3178 762 doctrina
3196 686 3518 762 proscripta,
3550 696 3634 748 in-

2051 756 2302 827 signioris
2343 758 2711 827 sanctimonia:
2741 758 3060 823 velamento,
3099 756 3303 827 primas
3343 756 3549 817 radices
3579 766 3632 817 in

2049 826 2365 902 Christiana
2385 826 2654 902 republica
2686 826 2911 902 cultura:
2952 826 3361 902 simulacrorum
3401 834 3629 902 peperit,

2050 895 2497 970 degeneravitque
2520 897 2788 950 cordatior
2809 898 3055 970 pietasin
3078 898 3335 970 picturas,
3358 895 3630 970 pigmenta

2048 972 2103 1017 et
2130 965 2355 1039 aliorum
2382 965 3090 1039 ornamentorumjneptias;
3118 968 3285 1039 Cujus
3313 965 3477 1039 pestis
3501 988 3630 1026 con-

2051 1036 2251 1104 tagium
2298 1036 2519 1088 Romam
2554 1035 2723 1103 ipsam
2761 1035 2964 1089 afﬂavit
2989 1046 3044 1090 et
3072 1037 3283 1103 affecit,
3314 1035 3503 1095 urbem
3544 1044 3630 1096 ni-

2050 1104 2162 1180 hilo
2183 1104 2373 1180 melius
2395 1113 2656 1158 moratam
2683 1106 2844 1180 (bona
2869 1121 2990 1180 cum
3015 1107 3165 1160 venia
3194 1109 3442 1171 dixerim)
3470 1126 3631 1180 quam

2052 1174 2261 1250 isthanc
2309 1174 2563 1250 alteram,
2595 1174 2701 1250 non
2727 1175 2804 1250 ita
2844 1174 3013 1229 multo
3050 1184 3170 1246 post
3194 1193 3354 1250 quam
3385 1174 3503 1250 ejus
3526 1182 3631 1235 Ec-

2049 1244 2208 1319 clesia
2238 1242 2859 1319 fortunisauctjosfacta
2881 1253 2963 1299 est
2989 1259 3003 1297 :
3028 1242 3170 1319 quod
3197 1242 3322 1319 huic
3345 1242 3632 1319 contigisse

2049 1313 2209 1367 etiam
2252 1312 2404 1384 infrs
2442 1312 2619 1367 Caroli
2666 1314 2836 1384 Magni
2887 1312 3081 1368 smcnla
3129 1316 3470 1371 crediderim.
3493 1312 3629 1375 'Sed

2050 1382 2335 1453 pmcvalida
2365 1382 2696 1453 Francorum
2724 1382 2970 1453 pectora,
3002 1386 3092 1453 qui
3122 1386 3275 1440 unica
3305 1388 3457 1442 ruina
3489 1389 3629 1444 idola

2049 1451 2376 1522 deleverant,
2404 1466 2509 1505 non
2542 1462 2649 1506 tam
2675 1451 2833 1507 facile
2857 1452 2996 1507 allici
3019 1451 3274 1522 poterant
3303 1464 3394 1509 aut
3422 1458 3630 1522 alligari

2049 1520 2345 1593 adorationi
2372 1531 2480 1593 tam
2505 1522 2679 1593 impiae
2702 1531 2756 1593 et
2776 1520 3119 1593 detestandce,
3147 1525 3239 1593 sed
3263 1538 3390 1593 opes
3413 1520 3631 1582 tandem

2049 1598 2114 1667 et
2139 1591 2378 1644 avaritiae
2420 1591 2538 1667 illos
2571 1592 2676 1645 huc
2704 1591 3113 1667 lucrifecerunt,
3157 1591 3419 1663 longeque
3459 1611 3629 1667 augur

2051 1662 2215 1733 stiore
2242 1660 2597 1733 veneratione
2623 1662 2883 1716 restituta:
2922 1671 3046 1733 sunt
3082 1660 3507 1733 quam’un’quam
3532 1660 3632 1719 an-

2052 1730 2226 1805 tehac,
2272 1734 2535 1805 tantisper
2568 1730 2695 1784 dum
2733 1747 2862 1787 vera
2892 1730 3315 1787 obdomiisceret
3346 1730 3551 1805 religio,
3584 1737 3631 1791 si

2050 1800 2125 1853 ita
2155 1799 2296 1869 loqui
2326 1801 2516 1853 ausim.

2119 1869 2360 1938 Cumque
2395 1870 2688 1925 Ecclesiam
2718 1871 2956 1925 virorum
2985 1872 3276 1941 proborum
3320 1880 3481 1941 atque
3506 1889 3632 1929 eru-

2048 1939 2281 1993 ditorum
2311 1955 2502 2010 magna
2531 1941 2754 2010 penuria
2782 1939 3000 2006 invasit,
3025 1943 3271 1996 monachi
3301 1951 3356 1997 et
3381 1939 3629 1999 doctores

2048 2009 2262 2077 quidam
2284 2049 2299 2072 ,
2330 2009 2497 2079 penes
2520 2025 2656 2078 quos
2680 2009 2822 2064 solos
2846 2010 3039 2065 litterae
3060 2012 3487 2074 diversabantur,
3521 2030 3626 2069 non

2046 2079 2168 2146 plus
2215 2087 2392 2153 tamen
2443 2095 2605 2147 quam
2660 2080 2789 2153 ipsis
2836 2094 2903 2134 ex
2951 2097 3050 2153 usu
3099 2087 3275 2144 esset,
3327 2082 3626 2153 ignorantia

2047 2164 2286 2212 summa,
2319 2149 2502 2203 dicere
2531 2164 2637 2203 non
2668 2150 2838 2204 ausim
2872 2150 3160 2213 malitiam,
3197 2166 3263 2205 ne
3293 2149 3477 2205 eorum
3508 2169 3631 2207 sur»

2046 2217 2299 2272 cidaneos
2321 2233 2660 2273 successores
2684 2233 2994 2290 exasperem
3019 2221 3284 2290 lcgitimos
3307 2221 3625 2285 imitatores,

2046 2302 2168 2360 cum
2207 2290 2386 2342 omnia
2428 2303 2642 2342 sursum
2685 2289 3042 2360 deorsumque
3080 2289 3340 2344 bellorum
3380 2293 3629 2360 procellis

2045 2357 2422 2429 miscerentur,
2450 2367 2510 2412 ut
2538 2373 2700 2427 quam
2735 2359 2934 2429 optime
2965 2373 3083 2413 sese
3118 2357 3418 2429 gesserint,
3450 2363 3630 2415 erudi-

2047 2427 2244 2498 tionem
2270 2441 2483 2498 omnem
2513 2434 2568 2481 et
2590 2427 2843 2481 virtutem
2869 2427 3196 2498 praepostere
3224 2438 3372 2483 actas
3405 2433 3629 2487 obtene-

2044 2496 2293 2577 brarunt,
2334 2497 2453 2580 nisi_
2477 2513 2701 2580 prorsus
2743 2512 2840 2552 suo
2874 2496 3121 2580 tempore
3158 2513 3254 2553 eas
3294 2501 3573 2556 amiserint
3606 2517 3622 2555 :

2044 2567 2226 2620 omnia
2254 2581 2353 2621 suo
2376 2567 2639 2623 arbitratu
2664 2568 3062 2636 pervertehant,
3090 2576 3149 2621 ut
3174 2583 3300 2622 suos
3324 2577 3549 2626 conatus
3573 2579 3629 2626 et

2046 2636 2263 2710 rapinas
2294 2636 2868 2710 _fucarent_rcligionis
2913 2638 3407 2710 specie.UEjns,_dem
3453 2641 3627 2710 impn-

2045 2705 2240 2776 dentiat
2286 2706 2389 2761 fuit
2436 2708 2579 2776 quod
2627 2705 2818 2760 manus
2870 2720 2900 2759 a
2941 2707 3196 2761 vitiandis
3239 2708 3480 2764 historiis
3522 2705 3627 2765 illis

2046 2775 2179 2849 mire
2200 2775 2503 2845 prurientes
2524 2777 2925 2849 continerenon
2944 2777 3235 2849 potuerint,
3266 2792 3370 2849 non
3399 2794 3626 2849 perpene

2045 2845 2250 2918 dentes,
2280 2854 2538 2918 perpetuo
2580 2846 2747 2918 Deum
2782 2846 2906 2914 Opt.
2951 2845 3090 2918 Max.
3133 2862 3238 2918 non
3277 2845 3453 2902 sinere
3493 2845 3625 2918 quin

2043 2915 2247 2987 aliquot
2286 2916 2556 2985 supersint
2591 2917 2713 2985 qui,
2754 2931 2861 2986 quo
2899 2917 3072 2986 magis
3106 2917 3357 2987 videntur
3395 2915 3624 2987 improbi

2042 2985 2321 3055 exstincta-
2360 2986 2572 3040 veritati
2617 2985 2932 3055 paren‘are,
2978 2994 3071 3040 aut
3110 2985 3623 3042 deformatam'cant

2044 3053 2353 3129 [treat-meo
2384 3053 2676 3112 studiosius
2712 3056 2856 3110 illam
2897 3055 2960 3109 ad
2998 3070 3058 3111 se
3094 3066 3373 3129 exceptam
3413 3064 3623 3129 tegant,

365 3133 574 3200 penam
595 3125 933 3191 obtrudebat,
963 3124 1174 3200 qualem
1189 3140 1316 3200 esse
1342 3122 1607 3200 cupiebat.
1630 3124 1811 3200 Tantae
1842 3126 1945 3178 im-
1974 3137 2017 3200 ρ
2050 3122 2484 3200 felicioribusque
2532 3129 2761 3198 ingeniis
2805 3143 2903 3182 suo
2948 3134 3189 3200 tempore
3226 3122 3621 3200 restituendam

367 3196 582 3262 pietatis
628 3204 722 3249 aut
758 3203 867 3248 tam
906 3194 1143 3249 subdolae
1180 3195 1302 3250 fidei
1348 3196 1629 3250 traducere
1669 3194 1939 3250 hominem

369 3265 553 3328 nolim,
582 3274 643 3319 ut
668 3280 780 3319 rem
811 3265 1136 3319 reclamante
1158 3265 1486 3321 conscientia
1515 3265 1809 3320 asseruerit
1830 3304 1845 3330 ,
1887 3274 1942 3321 et

367 3334 723 3389 adulteratam
748 3335 976 3404 sepelire
1000 3334 1244 3390 voluerit.
1285 3337 1454 3401 Quam
1483 3334 1735 3389 festivum
1761 3343 1816 3388 et
1854 3335 1943 3403 ju-

367 3405 600 3475 cundum
646 3405 1009 3473 spectaculum
1049 3406 1093 3460 si
1139 3406 1267 3473 quid
1307 3405 1412 3459 tale
1438 3406 1625 3459 doctor
1663 3405 1942 3475 theologus

366 3472 1006 3543 designaretimposturte
1031 3475 1131 3528 sibi
1159 3472 1410 3529 conscius
1434 3476 1446 3528 l

436 3539 625 3598 Nonne
670 3539 841 3598 frater
876 3543 1132 3599 Alfonsus
1173 3545 1238 3599 de
1265 3544 1490 3607 Castro,
1527 3543 1856 3613 farraginum
1887 3554 1942 3600 et

366 3620 661 3668 centenum
685 3620 837 3667 sutor
873 3613 1136 3669 adversus
1178 3614 1428 3678 haereses,
1473 3619 1766 3668 monachus
1795 3624 1943 3670 certe

367 3681 552 3752 multa:
582 3683 853 3751 variaeque
883 3684 1128 3738 lectionis
1160 3699 1319 3752 supra
1347 3699 1564 3738 suorum
1587 3693 1787 3738 sortem
1817 3698 1944 3739 eru-

366 3751 524 3816 ditus,
558 3752 722 3806 refert
755 3769 769 3805 :
795 3753 1075 3807 Claudium
1097 3751 1317 3807 Taurini
1346 3756 1654 3822 episcopum
1684 3755 1799 3809 suis
1833 3755 1941 3808 ad-

365 3823 868 3877 orationemcrucis
898 3823 1190 3877 Dominicte
1210 3823 1582 3878 interdixisse?
1605 3825 1749 3892 quod
1765 3839 1943 3878 causa)

366 3905 501 3962 mete
520 3907 625 3945 non
651 3892 944 3962 yulgariter
965 3893 1353 3962 patrocinatur.
1375 3892 1426 3947 ls
1445 3893 1587 3947 enim
1608 3893 1789 3947 floruit
1806 3902 1944 3947 tem—

365 3961 621 4032 poribusn
635 3961 811 4016 Caroli
829 3961 1000 4032 Magni
1023 3963 1071 4016 ei
1095 3963 1161 4015 ab
1186 3962 1390 4016 intimis
1418 3962 1677 4026 consiliis,
1691 3964 1777 4032 vir
1799 3978 1945 4017 sum-

364 4045 449 4102 ma
474 4030 670 4102 ingenii
692 4032 866 4102 acutie
877 4030 937 4086 et
950 4033 1270 4096 eruditione,
1296 4032 1435 4086 inter
1453 4032 1654 4102 primos
1675 4031 1943 4087 Parisien-

364 4099 439 4179 sis
466 4099 770 4155 Academiae
807 4101 1134 4179 fundator-es.
1172 4102 1308 4156 Sunt
1346 4099 1487 4172 apud
1537 4116 1622 4154 me
1660 4109 1715 4156 et
1742 4102 1946 4172 aliquot

363 4173 479 4236 ejus
515 4184 676 4238 opera
697 4173 931 4226 nondum
953 4187 1170 4226 excusa.

437 4240 513 4293 De
540 4255 704 4311 opere
738 4241 901 4311 igitur
926 4251 1113 4298 nostro
1140 4241 1260 4311 plus
1284 4242 1421 4297 satis
1445 4239 1558 4309 jam
1585 4241 1773 4311 liquet.
1810 4241 1944 4309 Quis

363 4322 491 4380 vero
539 4308 651 4380 jam
699 4308 1102 4369 coiitrovertere
1140 4308 1469 4366 sustinuerit
1512 4318 1619 4363 tam
1644 4308 1944 4380 'prudcntis

363 4378 546 4451 piique
575 4379 914 4451 imperatoris
941 4383 1169 4450 scrip'a;
1199 4382 1289 4451 qui
1319 4390 1495 4436 tantos
1520 4378 1706 4449 totque
1733 4381 1959 4438 labores

2046 3195 2919 3266 promulgandamquereservent.
2951 3195 3075 3251 lllos
3104 3198 3265 3250 etiam
3302 3196 3438 3251 fallit
3464 3199 3626 3251 vehe-

2042 3273 2252 3337 menter
2281 3268 2510 3321 creatori
2544 3276 2732 3337 nostro
2765 3267 3065 3337 displicere,
3107 3275 3166 3320 ut
3202 3268 3424 3321 verbum
3461 3280 3626 3321 evan-

2042 3335 2272 3403 gelicum
2315 3346 2500 3392 nostro
2537 3336 2744 3404 judicio
2785 3335 3092 3391 ettratione
3132 3337 3437 3400 metiamur,
3485 3351 3624 3406 qua-

2043 3412 2200 3459 tenus
2226 3407 2460 3461 nominis
2485 3408 2568 3461 sui
2595 3405 2932 3475 majestatem
2958 3407 3175 3475 attingit
3198 3424 3210 3458 :
3238 3421 3423 3460 verum
3448 3405 3623 3461 sancit

2044 3481 2095 3527 et
2118 3475 2280 3529 edicit
2308 3484 2368 3528 ut
2402 3476 2731 3531 voluntatem
2764 3491 2915 3530 suam
2947 3490 3121 3544 neque
3150 3476 3255 3529 huc
3291 3489 3463 3544 neque
3498 3475 3625 3530 illuc

2042 3544 2401 3614 divaricantes
2422 3556 2813 3602 consectemur.
2847 3544 3017 3610 Quam
3043 3546 3183 3598 viam
3212 3559 3317 3598 non
3342 3544 3515 3614 potuit
3537 3544 3623 3598 fex

2041 3612 2145 3666 ista
2181 3614 2503 3667 nebulonum
2538 3615 2767 3669 calcare.
2798 3614 2969 3668 Tanta
3003 3612 3359 3682 posteriorum
3401 3614 3624 3668 smculo-

2043 3697 2161 3736 rum
2188 3682 2495 3738 calamitate
2520 3692 2574 3738 et
2600 3684 2914 3739 infelicitate
2949 3699 3055 3752 non
3090 3685 3246 3752 pauci
3278 3685 3419 3738 docti
3447 3690 3501 3739 et
3532 3684 3624 3737 lit-

2042 3755 2199 3806 terati
2224 3752 2326 3805 viri
2354 3753 2633 3822 intercepti
2665 3760 2717 3808 et
2748 3753 3003 3821 implicati
3036 3751 3205 3817 fuere,
3235 3753 3325 3821 qui
3358 3769 3461 3807 non
3492 3754 3625 3807 satis

2042 3822 2432 3894 animadverso,
2467 3823 2717 3894 historias
2768 3822 3107 3885 lectitabant,
3145 3830 3220 3894 _ut
3269 3824 3622 3894 impostorum

2043 3892 2572 3961 circumscriptiones
2599 3893 2913 3957 olfacerent,
2943 3892 3189 3961 quamvis
3210 3891 3390 3947 secum
3420 3900 3480 3944 ut
3504 3891 3624 3960 plu-

2044 3963 2237 4015 rimum
2288 3971 2621 4031 pugnarent,
2673 3976 2878 4030 suaque
2924 3963 3291 4016 rescinderent
3332 3976 3347 4014 :
3393 3974 3622 4028 quorum

2042 4031 2344 4086 imitatores
2383 4032 2570 4086 iisdem
2612 4032 2886 4086 erroribus
2914 4031 3106 4084 irretiti
3148 4040 3201 4085 et
3246 4031 3452 4084 mentiti
3498 4038 3623 4085 sunt

2037 4100 2189 4170 juxta
2211 4117 2276 4156 ac
2302 4102 2336 4155 ii
2358 4118 2454 4171 per
2475 4116 2609 4170 quos
2633 4103 2686 4157 in
2716 4100 2957 4154 fraudem
2986 4100 3149 4155 illecti
3179 4100 3390 4154 fuerant
3413 4100 3629 4169 sibique

2041 4187 2102 4226 os
2130 4171 2354 4225 o'..litum
2384 4172 2576 4225 fuerat.

2112 4240 2302 4295 Restat
2330 4256 2471 4296 nunc
2495 4240 2873 4297 excutiendum
2898 4240 3042 4310 quod
3065 4255 3185 4295 cum
3205 4239 3494 4310 jamrorbis
3521 4240 3624 4294 hac

2041 4312 2428 4367 consuetudine
2468 4311 2789 4373 occalzierit,
2832 4309 3062 4380 fanaque
3101 4311 3275 4364 media
3315 4309 3426 4364 fere
3470 4321 3623 4378 parte

2041 4382 2347 4436 simulacris
2376 4382 2704 4436 exmdilicata
2740 4381 2848 4436 sint
2885 4380 3213 4451 picturisque
3250 4380 3501 4451 distincta
3531 4394 3622 4431 va-

362 4448 683 4539 ssautlsvi‘t’,
722 4451 878 4505 tidem
932 4448 1249 4539 catholicam
1298 4448 1788 4539 propugnapdolac.
1812 4466 1939 4539 pro-
1972 4481 2020 4539 ι)
2043 4451 2159 4539 riis,
2190 4453 2318 4539 quid
2348 4452 2517 4539 (lc-iis
2550 4452 2751 4539 sentire
2785 4448 3074 4539 debeamus
3110 4448 3137 4503 :'
3166 4450 3503 4539 mordiclusne
3537 4463 3623 4502 re-

362 4519 639 4587 pagando?
667 4535 934 4590 quemque
960 4530 1145 4590 postea
1179 4519 1495 4576 sanctortun
1516 4519 1828 4576 kalendaria
1857 4523 1940 4576 di-

364 4597 525 4657 gnata
551 4602 628 4642 est
657 4590 929 4646 Ecclesia?
957 4592 1088 4657 Quis
1111 4592 1273 4646 etiam
1300 4591 1607 4654 crediderit,
1631 4605 1696 4645 eo
1715 4592 1943 4647 oblivio-

364 4656 451 4711 nis
481 4658 622 4729 apud
663 4659 832 4715 Deum
861 4656 1199 4725 demersum,
1234 4662 1384 4715 utin
1416 4660 1633 4716 decreto
1666 4662 1943 4729 religionis

365 4732 474 4781 tam
510 4727 792 4798 insigniter
818 4729 1122 4785 laberetur?
1160 4731 1294 4797 Quis
1321 4745 1451 4785 vero
1477 4745 1649 4799 usque
1686 4727 1821 4785 adeo
1864 4740 1942 4787 te-

362 4798 647 4876 merarius,
671 4808 765 4853 aut
789 4810 896 4876 tam
921 4800 1223 4876 inconsulta
1245 4800 1427 4876 factio,
1450 4808 1512 4854 ut
1534 4798 1862 4856 labefactare
1885 4810 1942 4856 et

362 4865 592 4938 inﬁciari
620 4882 755 4936 opus
784 4870 850 4925 de
876 4872 1140 4924 sententia
1169 4879 1224 4924 et
1246 4870 1449 4938 judicio
1487 4879 1597 4923 tam
1638 4885 1941 4926 numerosae

361 4936 550 5009 synodi
579 4940 975 5009 conscriptum,
1003 4940 1164 4994 velit?
1206 4936 1469 4994 Debemus
1506 4939 1672 5009 igitur
1710 4939 1764 4993 in
1807 4943 1941 5001 tanti

359 5005 623 5084 principis
648 5005 968 5065 sententiam
1000 5009 1260 5079 intrepide
1286 5009 1513 5084 pedibus
1525 5005 1647 5084 ire.
1677 5010 1941 5084 delibera-

361 5079 670 5145 tionemque
711 5086 766 5132 et
810 5094 1093 5133 censuram
1143 5088 1222 5133 tot
1268 5079 1653 5134 venerabilium
1704 5080 1941 5133 \‘imrum

361 5143 610 5215 amplecti
642 5148 733 5215 qui
764 5148 947 5204 liberat
974 5149 1318 5204 conscientiae
1343 5156 1398 5202 et
1426 5148 1623 5202 mentis
1651 5148 1941 5203 dictantine

361 5211 413 5266 id
434 5211 855 5287 pronuntiarunt
868 5221 1011 5287 quod
1030 5220 1263 5273 maxime
1280 5219 1562 5273 videbatur
1578 5233 1644 5272 ex
1669 5219 1778 5272 Deo
1796 5233 1937 5273 esse.

432 5282 697 5348 Quocirca
738 5286 793 5340 in
833 5282 947 5342 rem
988 5297 1229 5343 nostram
1258 5297 1550 5352 vertamus,
1584 5288 1742 5344 hodie
1770 5289 1945 5341 mani—

2049 4523 2298 4591 tentanda
2342 4522 2469 4585 sint,
2511 4529 2604 4591 aut
2641 4528 2898 4591 perrupto
2936 4534 3199 4591 consensu
3239 4520 3456 4591 publico
3479 4534 3623 4591 con-

2044 4590 2344 4660 fringcnda,
2388 4592 2471 4645 vel
2511 4588 2740 4660 flaminis
2779 4588 3100 4660 mandanda,
3143 4596 3237 4642 aut
3275 4590 3403 4658 quid
3445 4588 3641 4660 aliud,'

2045 4659 2194 4732 rogo,
2236 4662 2536 4732 agendum?
2574 4659 2683 4732 Nos
2710 4661 2830 4732 qui,
2869 4659 3071 4715 Christi
3114 4660 3408 4732 inspirata,
3452 4659 3621 4732 Deum

2043 4724 2537 4801 propius'novimus
2574 4724 2744 4799 eique'
2770 4724 3001 4791 fidimus,
3036 4724 3214 4801 magis
3251 4744 3413 4799 quam
3452 4724 3621 4801 Judaei

2045 4798 2112 4856 an
2136 4798 2386 4856 omnibus
2424 4801 2555 4872 legis
2584 4798 2824 4870 apii-ibus
2854 4809 2909 4872 et
2946 4798 3245 4872 maledictis
3272 4798 3589 4872 manumissi
3603 4838 3620 4861 ,

2044 4872 2305 4939 siquidem
2353 4868 2643 4926 inilitcmus
2685 4872 2785 4925 sub
2834 4870 3001 4939 signis
3039 4869 3234 4923 summi
3279 4868 3624 4937 Imperatoris

2046 4941 2243 5021 nostri,
2280 4940 2410 5021 nihil
2441 4942 2656 4995 obvium
2697 4940 2996 5021 reperimus
3032 4953 3206 5021 neque
3247 4945 3487 5021 creatum
3527 4952 3623 4989 ne—

2046 5025 2148 5078 que
2176 5009 2524 5064 fabrefactum
2545 5051 2558 5075 ,
2590 5018 2682 5064 aut
2706 5008 2810 5062 alia
2835 5010 3023 5077 quavis
3052 5008 3330 5078 hominum
3342 5013 3463 5078 arte
3492 5020 3623 5078 cono

2047 5075 2260 5145 fictum,
2298 5079 2452 5147 cujus
2483 5080 2635 5148 copia
2665 5079 2820 5133 nobis
2844 5075 3137 5148 denegatur
3168 5085 3261 5129 aut
3298 5076 3483 5148 illicita
3519 5075 3617 5148 sit,

2046 5144 2251 5218 quique
2286 5144 2418 5203 for-is
2461 5144 2663 5203 nullum
2702 5148 2896 5201 vulnus
2935 5158 3028 5218 aut
3060 5145 3444 5218 oll’ensaculum
3482 5144 3622 5218 acci-

2046 5215 2172 5287 pere
2197 5233 2507 5286 possumus,
2536 5226 2741 5272 tantum
2772 5217 3063 5272 interands
3089 5225 3143 5271 et
3167 5215 3421 5287 vitalibus
3446 5215 3622 5287 nosiis

2045 5284 2306 5356 expositi,
2336 5303 2463 5342 num
2490 5290 2627 5343 citra
2663 5289 2906 5342 fraudem
2943 5296 3035 5342 aut
3071 5285 3341 5356 piaculum
3371 5284 3622 5356 imagini-

362 5348 500 5407 ft‘ste
523 5364 823 5428 cernentes,
846 5358 987 5428 unde
1018 5359 1172 5428 nobis
1194 5348 1560 5428 prorepserint
1585 5358 1864 5428 imagines,
1889 5366 1944 5411 tt
2043 5348 2163 5424 bus,
2192 5348 2495 5413 simulacris
2519 5367 2574 5413 et
2598 5358 2825 5428 picturis
2851 5357 2926 5411 uti
2952 5348 3274 5428 poterimus,
3306 5348 3529 5422 perinde
3558 5368 3622 5428 ac

360 5427 811 5497 quctnadmodum
836 5426 1126 5482 desultoria
1148 5426 1371 5483 Grmciaé
1400 5427 1605 5497 religio,
1632 5426 1809 5483 omnis
1834 5429 1945 5481 idc-

360 5488 589 5569 lota-tria:
628 5496 874 5569 parentis
893 5507 949 5551 et
975 5498 1251 5569 seminarii
1282 5498 1434 5569 (qua:
1473 5488 1647 5569 usque
1687 5498 1754 5569 ab
1793 5497 1939 5552 omni

2044 5423 2154 5510 alio
2173 5429 2362 5510 quovis
2388 5423 2628 5510 humano
2646 5426 2879 5509 opificio,
2909 5423 2990 5481 vel
3018 5429 3071 5481 in
3106 5423 3619 5510 usumprnamcnzi,

2042 5498 2127 5553 vel
2156 5497 2452 5567 simplicem
2482 5498 2978 5553 architectationem
2999 5536 3014 5561 ,
3042 5504 3137 5567 aut
3176 5497 3404 5567 indicem
3441 5508 3623 5547 rerum

361 5562 683 5631 antiquitate
713 5581 833 5622 sese
861 5567 1108 5633 lactavit,
1140 5562 1303 5634 aluit,
1329 5562 1581 5622 'deliciata
1614 5576 1697 5622 est
1727 5568 1780 5621 in
1811 5582 1944 5623 con-
2041 5562 2467 5622 memorabilium
2496 5584 2724 5637 quarum
2755 5567 3057 5635 exemplum
3086 5564 3399 5637 frugiferum
3427 5575 3480 5618 et
3509 5578 3623 5618 tne-

434 5709 459 5737 ·
491 5695 785 5753 Confundit
807 5698 1091 5754 Claudium
1124 5699 1453 5754 Clementem
1497 5699 1719 5758 Scotum
1748 5701 2213 5758 Altisidicrensem
2247 5716 2367 5756 cum
2391 5699 2614 5755 Claudio
2645 5697 2983 5753 Taurincnsi.
