4092 6188
527 277 631 335 θθῦ

1389 273 1448 326 Β.
1489 270 1739 328 CAROLI
1775 265 1991 325 MAGNI
2026 269 2183 325 OPI‘.
2218 269 2396 325 PARS
2430 269 2491 323 ll.
2535 267 2775 324 SECTIO
2811 267 2873 322 ll.

3669 275 3755 329 990

525 380 697 439 moria
725 379 1003 436 recolenda
1037 395 1051 432 :
1091 380 1164 432 ita
1200 387 1259 451 ut
1295 377 1342 451 si
1376 378 1461 432 his
1490 378 1798 451 abutamur,
1840 386 2026 451 totum
2047 377 2098 430 id
2131 385 2173 439 Α
2203 378 2439 451 secundo
2492 377 2580 451 ille
2621 377 2684 451 in
2737 377 2924 451 orbem
2977 385 3222 451 nostrum
3277 390 3570 451 remearet,
3623 383 3761 451 hujus

524 452 723 507 ascribi
759 451 949 505 debeat
995 456 1176 503 nostro
1213 449 1363 513 vitio,
1396 463 1500 502 non
1542 449 1643 516 ipsi
1691 449 1941 515 objecta?
1982 446 2099 500 Non

526 520 757 578 dilliteor
793 521 936 589 quod
981 519 1026 573 si
1070 518 1323 588 populum
1360 518 1605 589 viderem
1638 527 2003 589 transversum
2037 517 2102 589 _i_u

526 593 760 660 aliquam
786 586 1106 660 abusionem
1122 586 1233 658 rapi
1251 629 1266 652 ,
1300 603 1408 660 non
1435 587 1745 656 impeditum
1765 587 1835 660 iri
1863 603 1947 641 me
1970 586 2102 660 reli-

565 656 714 724 ioite,
747 675 852 728 quo
882 659 1055 713 secius
1084 656 1253 712 fracta
1288 657 1470 728 statim
1499 665 1552 711 et
1583 658 1909 728 comminuta
1940 656 2106 728 simu-

548 727 669 785 acra
708 743 922 799 pessum
959 728 1174 793 darem,
1213 727 1514 799 exemplum
1553 737 1606 781 et
1644 727 1916 796 specimen
1950 727 2107 799 datu:

529 817 640 865 rus,
669 795 828 853 nullis
852 814 914 852 ea
942 799 1146 867 viribus
1181 795 1410 867 pollere;
1452 807 1638 850 contra
1667 811 1794 849 vero
1821 811 1942 849 cum
1975 795 2104 848 nulli

531 877 850 926 nocumento
885 877 976 920 aut
1004 866 1325 921 oll‘endiculo
1360 876 1512 931 sunt,
1551 867 1641 920 sed
1684 867 1734 919 in
1779 867 1973 919 bonam
2016 880 2108 918 ac-

528 949 682 1008 cepta
726 947 930 1007 partem
979 936 1232 991 decorant
1277 944 1332 990 et
1381 937 1674 1008 insignium
1723 935 1951 1008 templa,
1999 950 2106 1008 non

528 1005 938 1064 commissurum
980 1016 1037 1060 ut
1075 1022 1138 1060 ea
1179 1017 1378 1061 temere
1416 1006 1695 1068 demoliar,
1735 1005 1970 1072 alioquin
2007 1005 2106 1056 sub

527 1080 740 1134 easdem
770 1078 912 1147 leges
939 1077 1195 1145 quidquid
1225 1085 1308 1130 est
1333 1076 1898 1147 rerumhumanarum
1925 1074 2108 1126 venire

528 1143 1022 1208 necessum'esset,
1065 1143 1312 1214 idemque
1357 1145 1472 1198 fieri
1515 1143 1778 1212 judicium
1825 1161 1838 1195 :
1883 1151 2109 1213 possunt

525 1219 668 1272 enim
704 1232 888 1270 omnes
918 1223 1025 1268 tam
1055 1217 1188 1270 bene
1216 1231 1376 1284 quam
1414 1229 1568 1269 secus
1596 1214 1878 1284 usurpari;
1920 1227 2106 1284 verum

527 1303 587 1342 ea
620 1287 782 1341 etiam
813 1286 990 1340 cautio
1027 1283 1323 1340 adhibenda
1364 1293 1505 1338 esset
1542 1298 1610 1336 ne
1639 1283 1875 1352 aliquam
1915 1283 2106 1351 imagi-

527 1373 649 1412 nem
677 1355 1129 1417 commentitiam,
1163 1355 1410 1408 tabellam
1437 1353 1758 1417 fabulosam,
1793 1361 1996 1422 tapetes
2026 1368 2110 1422 re-

529 1443 646 1481 rum
698 1441 962 1494 nusquam
1010 1434 1282 1494 gestarum
1331 1424 1740 1494 admitteremus
1782 1423 1836 1475 in
1890 1421 2104 1494 templa.

529 1498 655 1551 Haec
682 1493 829 1549 enim
852 1495 971 1564 plus
997 1493 1128 1548 satis
1154 1510 1304 1548 suam
1334 1493 1634 1564 barbariem
1660 1503 1713 1546 et
1738 1493 2108 1561 paganismum

529 1566 792 1634 resipiunt
822 1563 995 1634 :quin
1025 1579 1088 1618 ea
1117 1564 1296 1618 omnia
1338 1565 1403 1616 ad
1433 1563 1612 1634 vivum
1645 1577 1900 1629 expressa
1933 1568 1994 1634 Aet
2021 1577 2111 1634 ar-

528 1631 812 1704 chetypum
839 1631 1136 1704 oportebat.
1161 1634 1423 1704 Czcterum
1446 1633 1588 1701 quod
1609 1633 1908 1704 vestiantur
1932 1631 2111 1704 linteis

2205 448 2381 517 magni
2409 447 2664 521 facinoris
2691 447 3118 521 promulgatione
3151 449 3388 521 ompium
3419 465 3629 514 eorum,
3658 447 3762 521 qua:

2205 516 2658 598 unquamgessit,
2691 517 3193 598 prmcellentissimi.
3217 517 3596 598 _Certo__a_utem
3623 516 3760 598 polli-

2203 586 2314 666 ceri
2336 587 2480 666 mihi
2490 601 2731 666 possum,
2754 586 2982 666 candide
3007 587 3192 666 lector,
3216 588 3339 666 boni
3367 589 3469 666 tibi
3487 586 3763 666 consultum

2206 656 2270 709 iri
2301 657 2443 710 lumc
2467 655 2684 714 librum.
2717 655 2938 724 ejusque
2962 655 3245 710 lectionem
3269 655 3560 724 jucundam
3590 659 3695 716 fore
3715 672 3762 716 et

2204 725 2657 780 exhilaratricem.
2688 725 2918 779 Verbum
2949 742 3114 779 unuut
3145 735 3315 781 restat
3343 726 3679 789 efferendum,
3705 747 3764 788 ne

2205 795 2326 864 quis
2353 795 2441 849 hic
2463 803 2690 865 venetur
2717 795 2990 865 dubitandi
3021 796 3356 850 occasionem
3377 837 3392 861 ,
3431 799 3572 865 quod
3599 800 3763 853 videli-

2206 863 2292 919 cet
2313 863 2862 938 reperiunturLalina
2885 866 3292 938 commentaria,
3315 863 3486 938 eaque
3506 868 3758 938 impressa,

2207 933 2446 1006 septimae
2484 933 3317 1006 synodiconstantinopolitana:
3350 933 3493 1006 (hoc
3528 933 3673 992 nobis
3705 941 3763 992 ab

2207 1003 2357 1076 lrene
2384 1003 2602 1072 ejusque
2629 1003 2740 1076 filio
2761 1003 3115 1076 constantiae
3144 1005 3308 1076 impp.
3337 1003 3764 1076 Constantinopo-

2207 1074 2410 1136 litanis,
2436 1088 2662 1142 quorum
2693 1074 2981 1142 plurimum
3010 1073 3120 1128 illic
3145 1075 3312 1128 valuit
3335 1077 3642 1139 auctoritas,
3666 1073 3765 1132 sor-

2209 1143 2340 1206 litat,
2366 1144 2558 1198 Nicaea:
2582 1151 2759 1197 tamen
2789 1144 3027 1212 habitas),
3057 1145 3148 1197 ubi
3175 1161 3280 1199 non
3306 1161 3370 1201 eo
3394 1146 3572 1200 omnia
3595 1149 3764 1201 ordine

2209 1224 2499 1267 narrantur
2528 1227 2636 1282 quo
2672 1227 2769 1282 per
2803 1212 3054 1283 Carolum
3100 1214 3347 1283 Magnum
3389 1215 3761 1270 describuntur.

2209 1283 2363 1349 Quod
2391 1284 2513 1337 inde
2542 1283 2801 1354 accidisse
2823 1282 3070 1352 conjicio,
3091 1282 3354 1354 Avel’quod
3393 1285 3558 1354 ipsius
3583 1295 3689 1341 acta
3717 1288 3762 1340 in

2209 1353 2324 1422 ipso
2339 1353 2584 1421 originali
2612 1353 2820 1407 diverse
2843 1361 3060 1420 excepta
3082 1352 3278 1408 fuerint
3299 1363 3353 1408 et
3379 1352 3572 1410 litteris
3592 1355 3764 1410 tradita

2211 1425 2375 1494 (quod
2419 1426 2533 1494 fere
2574 1425 2634 1474 fit
2678 1423 2730 1476 in
2777 1423 2985 1494 talibus_
3017 1424 3263 1492 negotiis,
3313 1425 3565 1479 incolumi
3607 1434 3762 1480 tamen

2210 1492 2520 1563 sententia),
2548 1502 2738 1564 postea
2762 1503 2938 1545 autem
2965 1492 3158 1548 Latine
3187 1494 3394 1548 reddita
3422 1510 3435 1548 :
3460 1495 3541 1548 vel
3566 1497 3695 1564 quod
3719 1497 3763 1550 in

2211 1577 2402 1634 manus
2433 1562 2772 1634 imperatoris
2803 1572 3010 1634 tantum
3033 1565 3380 1630 pervenerint
3411 1562 3614 1619 summa
3638 1582 3766 1634 quae

2210 1632 2337 1686 dam
2362 1633 2566 1702 capita,
2607 1648 2725 1700 quae
2755 1632 2994 1685 breviter
3027 1634 3450 1702 perstringerent
3482 1632 3762 1690 Graaco'rum

527 1701 670 1767 lotis,
689 1701 944 1781 scrtis—et
973 1702 1193 1781 ﬂoribus
1233 1702 1602 1781 redimiantur,
1635 1703 1928 1781 diebusque
1958 1701 2110 1781 festis
2137 1725 2184 1781 Β
2212 1701 2444 1781 decreta,
2473 1703 2636 1756 veluti
2669 1702 2855 1781 nuntia
2877 1701 3151 1781 quaedam,
3180 1701 3300 1781 qua:
3329 1705 3766 1781 succinctis_pagi-

527 1776 795 1842 comptius
830 1783 1108 1835 ornentur,
1140 1775 1208 1828 ob
1240 1774 1396 1841 idque
1427 1773 1578 1840 plura
1615 1773 1851 1841 possint,
1886 1771 2110 1825 faculta-

531 1855 744 1912 temque
773 1860 923 1898 suam
953 1844 1168 1897 sedibus
1193 1844 1401 1896 varient
1427 1843 1705 1912 imagines,
1737 1843 1822 1896 hic
1846 1842 2112 1911 potentio-

528 1929 634 1976 res,
659 1911 794 1968 ialibi
826 1913 1146 1983 ignaviores,
1179 1929 1369 1967 recens
1393 1911 1634 1983 sculptae,
1668 1928 1826 1980 quam
1856 1919 2114 1983 exesseget

531 1991 795 2037 vetustate
836 1981 1259 2045 marcescentes,
1296 1991 1389 2036 aut
1427 1982 1725 2051 fumigatze,
1767 1984 1867 2035 hac
1903 1990 1994 2035 aut
2022 1981 2112 2034 illa

531 2055 758 2108 materia
786 2052 1049 2115 conflatm,
1079 2068 1144 2106 ne
1169 2067 1492 2122 quemquam
1525 2052 1704 2106 verbis
1733 2052 1960 2113 titillcm,
1995 2065 2115 2104 ver-

534 2123 726 2192 tigines
761 2124 877 2177 ista:
905 2133 958 2177 et
995 2123 1257 2176 vecordia:
1289 2122 1417 2176 mihi
1458 2123 1675 2191 probari
1717 2138 1820 2175 non
1857 2129 2112 2190 possunt,

533 2191 706 2271 neque
732 2194 949 2271 dubium
983 2201 1064 2271 est
1091 2208 1218 2271 quin
1253 2192 1429 2245 omnis
1463 2191 1796 2271 gesticulatio
1826 2193 1909 2271 vel
1944 2192 2115 2271 impu-

535 2261 728 2318 dentia:
761 2263 1099 2316 adumbratio
1135 2262 1290 2331 longe
1325 2261 1649 2315 summoveri
1677 2262 1900 2325 debeat,
1937 2261 2116 2328 cujus-

536 2350 566 2384 n
593 2333 679 2386 odi
709 2333 874 2387 etiam
896 2333 963 2402 in
995 2333 1217 2402 privatis
1252 2333 1497 2402 domibus
1532 2331 1740 2394 visitur,
1785 2345 1969 2402 eorum
1999 2347 2116 2386 om-

533 2403 683 2455 nium
733 2403 824 2472 qui
876 2400 1270 2456 Christianismi
1321 2400 1473 2455 titulo
1525 2416 1646 2455 sese
1701 2401 1979 2456 venditant
2025 2403 2117 2456 de-

535 2473 773 2540 spuenda
799 2481 852 2526 et
875 2472 1079 2540 putida.

604 2541 721 2594 Jam
761 2542 922 2611 igitur
956 2542 1200 2611 colligam
1239 2557 1359 2596 cum
1395 2543 1693 2596 orthodoxa
1730 2541 1907 2596 Caroli
1942 2541 2116 2610 Magni

533 2620 587 2664 et
619 2613 782 2665 totius
806 2612 1091 2666 Gallicanae
1119 2612 1368 2666 Ecclesiae
1396 2614 1538 2666 illius
1564 2613 1821 2681 temporis
1845 2613 2114 2680 opinione,

534 2689 592 2734 ut
617 2683 1064 2750 quemadmodum
1099 2683 1260 2736 credo
1293 2697 1386 2736 eas
1420 2683 1473 2736 in
1509 2683 1821 2737 abusionem
1870 2683 2119 2736 ferendas

533 2767 640 2804 non
665 2766 813 2816 esse,
843 2751 916 2806 ita
947 2753 1110 2806 etiam
1141 2754 1374 2806 arbitror
1403 2768 1506 2807 non
1539 2753 1830 2815 tollendas,
1877 2753 1979 2805 nisi
2025 2753 2120 2804 ab-

533 2836 662 2875 usus
698 2822 924 2890 gliscat:
951 2823 1045 2876 sed
1078 2823 1131 2874 in
1167 2837 1290 2877 eum
1324 2838 1477 2876 usum
1505 2821 1864 2875 traducendas
1901 2835 2112 2883 censeo,

536 2901 593 2961 ut
621 2892 893 2945 memoria:
924 2892 1161 2946 subsidio
1185 2901 1550 2961 compareant,
1582 2891 1900 2960 decorisque
1925 2891 2117 2960 gratia.

537 2960 714 3026 Quare
745 2962 1024 3030 utriusque
1055 2960 1345 3030 imaginum
1374 2961 1756 3030 usurpationis,
1791 2970 1902 3014 tum
1931 2964 2114 3024 bonae,

539 3040 651 3100 tum
693 3032 854 3084 etiam
899 3033 1079 3091 malua,
1125 3032 1373 3100 prudenti
1416 3040 1470 3085 et
1508 3031 1770 3094 consulto,
1817 3032 1868 3100 id
1908 3037 2114 3085 tantum

537 3099 806 3153 sublatum
856 3100 1088 3168 cupienti
1127 3099 1267 3168 quod
1316 3103 1534 3155 noxium
1584 3109 1694 3162 est,
1734 3099 2119 3170 perjucundum

540 3170 671 3222 mihi
699 3170 925 3232 videtur,
955 3172 1019 3224 de
1045 3171 1260 3238 negotio
1284 3171 1574 3241 imaginum
1602 3171 1952 3238 imposturam
1984 3172 2123 3241 hanc

539 3245 594 3292 et
641 3248 1002 3292 commentum
1046 3253 1077 3292 e
1122 3241 1321 3310 mundo
1365 3239 1651 3310 profligare
1691 3255 1704 3292 :
1748 3255 1948 3308 gnarus
1995 3240 2122 3293 item

541 3315 802 3376 quantum
845 3309 1056 3376 publice
1100 3309 1403 3364 interfuerit
1444 3311 1491 3364 si
1530 3309 1669 3364 tanti
1711 3310 1968 3379 principis
2013 3319 2122 3362 tam

540 3379 796 3431 eiimium
826 3394 960 3447 opus
999 3395 1028 3433 a
1065 3379 1245 3435 blattis
1282 3389 1374 3434 aut
1405 3381 1560 3435 tineis
1590 3381 1997 3448 decoqueretur.
2032 3389 2124 3433 aut

542 3447 648 3503 alia
685 3450 874 3518 quavis
907 3449 1060 3505 clade
1100 3451 1252 3504 nobis
1289 3447 1755 3514 interverteretur,
1797 3465 1959 3504 ausus
2004 3465 2123 3503 sum

542 3519 649 3572 ista
679 3533 835 3573 sacra
866 3528 1209 3573 monumenta
1240 3521 1292 3573 in
1319 3520 1493 3576 lucem
1523 3534 1805 3582 revocare,
1839 3521 2126 3587 triumphis

543 3589 942 3658 cohonestanda
965 3590 1156 3643 iterum
1177 3604 1274 3658 per
1294 3597 1465 3644 totum
1484 3593 1688 3652 orbem,
1713 3597 1767 3643 et
1792 3591 1899 3644 Deo
1925 3591 2127 3658 optimo

545 3657 688 3730 laudi
715 3659 944 3730 maxime
969 3657 1204 3721 cessura,
1229 3669 1281 3714 et
1305 3661 1404 3730 ipsi
1427 3661 1733 3730 imperatori
1755 3657 2126 3729 potentissimo

545 3738 602 3782 et
622 3728 1083 3784 Cbristianissimo
1109 3730 1299 3784 honori
1324 3728 1529 3784 futura.
1563 3731 1617 3784 ld
1648 3728 1774 3784 vero
1801 3731 1980 3798 operis
2008 3743 2125 3784 mea

547 3813 709 3867 opera
754 3800 852 3853 sibi
892 3813 1094 3868 suoque
1131 3801 1306 3855 ordini
1346 3802 1651 3855 restitutum
1689 3809 1798 3863 est,
1838 3815 1943 3853 non
1979 3806 2127 3853 certe

547 3881 706 3936 quam
751 3869 889 3922 belle
929 3868 1250 3924 instructum
1295 3872 1578 3940 oportebat
1619 3878 1826 3924 tantum
1870 3869 2127 3938 principis

546 3952 710 4007 opus,
753 3939 845 3994 sed
881 3949 1142 4008 quantum
1168 3939 1422 3995 vireculis
1457 3941 1590 3996 meis
1618 3941 1820 3995 conniti
1855 3940 2033 4008 potui,
2068 3947 2128 3993 ut

2214 1774 2298 1826 nis
2341 1771 2636 1826 afferuntur
2671 1786 2685 1824 :
2722 1771 2822 1834 vel,
2871 1771 3050 1835 tertio,
3095 1771 3234 1840 quod
3275 1781 3484 1828 tantum
3526 1771 3766 1828 studuerit

2214 1842 2387 1910 ipsum
2428 1842 3108 1913 argumentum__mutuari,
3149 1851 3432 1912 statusque
3467 1858 3638 1898 rerum
3672 1846 3767 1913 prid

2215 1913 2433 1981 marios,
2476 1926 2612 1980 quos
2649 1910 2949 1965 convellere
2995 1912 3164 1965 Voluit
3206 1910 3467 1968 adversus
3511 1910 3762 1981 septimam

2213 1980 2513 2046 Nicamam,
2563 1991 2675 2034 tum
2721 1981 2978 2034 adversus
3023 1981 3156 2036 alias
3197 1998 3386 2038 omnes
3429 1980 3762 2046 adversar-ias,

2217 2053 2376 2122 ductu
2431 2061 2486 2106 et
2534 2051 2786 2119 auspiciis
2828 2050 3248 2122 praecedentium
3301 2054 3675 2122 imperatorum
3720 2055 3764 2106 in

2215 2120 2435 2193 Oriente
2463 2122 2782 2193 celebratas.
2812 2121 2947 2176 Cum
2985 2121 3152 2193 igitur
3179 2124 3232 2176 in
3268 2120 3593 2193 amplissima
3626 2123 3766 2176 totius

2215 2192 2362 2246 orbis
2391 2190 2700 2246 monarchia
2725 2206 2788 2244 ea
2810 2191 3036 2260 quaestio
3066 2190 3386 2247 excitaverit
3411 2192 3698 2247 teterrimas
3722 2200 3766 2246 et

2216 2261 2661 2332 virulentissimas
2686 2261 3068 2332 contentiones
3101 2273 3156 2316 et
3190 2263 3356 2327 rixas,
3395 2278 3596 2332 pugnas
3626 2271 3764 2330 atque

2215 2331 2566 2400 imperiorum
2595 2331 2970 2384 inclinationes
2993 2340 3047 2384 et
3071 2335 3382 2387 eversiones
3400 2331 3672 2394 invexerit,
3697 2342 3766 2384 at—

2215 2416 2321 2471 que
2349 2401 2506 2455 hodie
2532 2401 2902 2471 recrudescat,
2931 2409 2986 2454 et
3023 2402 3199 2470 pariat
3229 2411 3438 2456 tantum
3469 2403 3764 2471 tempestatis

2217 2471 2270 2541 in
2297 2470 2602 2525 Christiana
2631 2470 2923 2539 republica,
2954 2479 3115 2540 atque
3140 2473 3348 2541 lernam
3377 2470 3646 2541 quamdam
3677 2487 3765 2524 mao

2217 2539 2390 2611 lorum
2435 2555 2532 2610 per
2577 2542 2884 2594 universum
2932 2539 3149 2607 orbem,
3180 2539 3590 2611 'impensissime
3633 2541 3764 2611 nobis

2217 2609 2502 2664 laetandum
2539 2618 2622 2664 est
2657 2611 2800 2679 quod
2829 2611 2941 2666 haec
2975 2609 3342 2666 controversia
3379 2611 3588 2666 definita
3618 2621 3666 2665 et
3687 2610 3762 2663 de-

2218 2681 2504 2749 terminata
2539 2680 2696 2735 nobis
2728 2681 3064 2749 proponitur,
3101 2681 3347 2744 consilio,
3389 2683 3564 2736 labore
3594 2689 3643 2733 et
3671 2694 3764 2735 mas

2208 2748 2407 2818 jestate
2442 2749 2556 2818 ejus
2591 2748 2868 2818 principis,
2914 2766 3020 2819 quo
3059 2767 3164 2805 non
3207 2751 3331 2804 tulit
3373 2750 3762 2819 praestantiorem

2219 2829 2311 2873 aut
2334 2820 2708 2889 triumphalem
2733 2820 2906 2889 magis
2927 2821 3264 2875 Christianus
3284 2823 3434 2876 orbis
3455 2839 3467 2874 :
3494 2836 3605 2875 cum
3626 2819 3760 2889 etiam

2218 2890 2449 2958 primum
2482 2886 2720 2958 deealogi
2750 2886 3036 2960 articulum
3064 2900 3362 2960 respectet,
3395 2893 3586 2960 Deique
3605 2886 3764 2957 optimi

2221 2975 2363 3030 max.
2393 2961 2593 3014 cultum
2622 2968 2674 3013 et
2697 2959 3083 3030 adorationem.
3113 2960 3340 3026 Quicum
3369 2959 3608 3030 precibus
3633 2970 3764 3028 agere

2149 3063 2192 3124 Ο
2225 3029 2478 3108 debemus
2501 3039 2559 3083 ut
2578 3029 2881 3124 principum
2905 3037 3208 3124 nostrorum
3231 3029 3396 3086 corda
3424 3033 3474 3114 in
3498 3030 3606 3111 ejus
3631 3041 3764 3081 manu

2226 3100 2326 3150 sita
2349 3103 2654 3153 exstimulet
2682 3100 2749 3152 ad
2777 3101 2952 3168 magni
2982 3100 3122 3153 illius
3149 3101 3492 3169 imperatoris
3517 3101 3670 3167 reipsa
3691 3111 3766 3169 es-

2226 3170 2561 3236 primendum
2601 3167 2936 3237 exemplum,
2981 3183 3086 3236 quo
3119 3167 3401 3225 illis—cura:
3435 3173 3503 3224 sit
3535 3180 3582 3223 et
3619 3167 3765 3237 studio

2229 3235 2439 3292 turbam
2465 3248 2520 3292 et
2548 3235 2950 3292 altercationem
2982 3235 3276 3308 religionis,
3313 3256 3413 3308 per
3449 3249 3606 3294 totum
3640 3235 3766 3308 Chri-

2229 3308 2567 3379 stianismum
2604 3319 2971 3379 grassantem,
3008 3307 3359 3378 componere,
3399 3308 3625 3379 sanguini
3658 3307 3765 3358 lide-

2230 3377 2360 3431 lium
2395 3377 2642 3447 parcere,
2679 3378 3069 3448 ecclesiasticas
3113 3377 3438 3448 iinpasturas
3466 3377 3517 3433 et
3548 3379 3766 3431 doctrina:

2231 3451 2588 3518 corruptelam
2615 3449 2909 3511 eliminare,
2942 3447 3153 3503 obviam
3184 3447 3348 3518 porro
3386 3448 3618 3503 humanis
3647 3457 3765 3518 com-

2232 3515 2428 3573 mentis
2477 3519 2693 3589 prodire
2738 3534 2859 3590 cum
2907 3533 3044 3587 puro
3092 3515 3254 3590 verbo
3305 3520 3401 3574 Dei
3452 3515 3767 3590 pugnantibus

2231 3591 2408 3656 quoad
2438 3581 2552 3642 fieri
2589 3589 2787 3657 poterit
2814 3602 2828 3640 ε
2860 3581 3063 3657 sdaque
3100 3588 3416 3643 inexhausta
3447 3581 3764 3657 misericordia

2229 3659 2537 3728 propediem
2571 3659 2727 3725 hujus
2763 3658 2839 3712 rei
2877 3658 3228 3713 conficiuudaa
3255 3660 3480 3728 gratiam
3511 3657 3610 3710 illis
3627 3662 3676 3708 et
3700 3665 3766 3727 νιτ

2231 3745 2319 3783 res
2357 3729 2626 3798 impertiat
2661 3744 2752 3799 rex
2789 3728 2876 3799 ille
2912 3731 3154 3799 suun'nns
3183 3729 3442 3782 Dominus
3479 3736 3664 3799 noster,
3695 3733 3764 3799 cut

2230 3796 2453 3862 aeterno,
2484 3798 2806 3863 immortali,
2839 3797 3121 3860 invisibili,
3152 3799 3248 3852 soli
3287 3797 3513 3869 sapienti
3539 3796 3654 3856 Deo,
3679 3796 3765 3869 vir-

2230 3875 2318 3924 tus
2337 3877 2391 3923 et
2415 3869 2691 3928 fortitudo,
2721 3869 2912 3932 honor,
2935 3869 3234 3923 benedictio
3255 3879 3309 3922 et
3331 3867 3608 3938 gratiarum
3631 3867 3761 3918 actio.

2229 3946 2284 3992 et
2309 3939 2478 4010 gloria
2507 3938 2560 3993 in
2586 3938 2780 3994 saecula
2807 3938 3145 3993 saeculorum.
3177 3938 3369 3992 Amen.

561 4083 3750 4120 ΨΜ

1205 4229 1855 4307 TESTIMONIA
1913 4230 2403 4308 VETERUM
2464 4192 3149 4307 SCRIPTORUM.

621 4497 866 4556 CAROLUS
891 4498 1126 4562 anus,
1154 4492 1246 4552 lib.
1269 4514 1308 4563 ι,
1335 4513 1454 4567 cap.
1478 4497 1530 4564 6,
1557 4513 1614 4553 se
1634 4495 1792 4564 hujus
1810 4497 2132 4567 Capitularis
2163 4506 2208 4564 υ
2236 4498 2445 4554 tissime
2469 4496 2580 4550 filio
2604 4503 2894 4568 nostroque
2916 4496 3181 4568 spirituali
3203 4499 3459 4568 compatri
3481 4489 3651 4568 Carolo
3671 4489 3758 4561 regi

552 4580 826 4626 auctorem
871 4569 972 4621 hac
1011 4568 1244 4622 vindicta
1292 4569 1487 4622 asserit
1525 4587 1538 4621 :
1589 4586 1608 4619 ι
1657 4569 1983 4623 Veneranda:
2024 4583 2134 4622 me-

554 4639 739 4694 moria:
779 4636 1036 4706 genitoris
1075 4637 1244 4690 nostri
1284 4637 1633 4691 illustrissimi
1670 4652 1830 4706 anue
1863 4638 2132 4692 excellen-

554 4707 746 4764 tissimi
778 4705 905 4769 viri,
938 4705 1108 4775 Pipini
1141 4706 1282 4775 regis
1311 4723 1469 4773 cura;
1512 4717 1566 4761 et
1598 4705 1858 4761 industria
1889 4708 2000 4762 sive
2034 4709 2133 4762 ad-

554 4786 716 4833 ventu
757 4777 809 4830 in
845 4775 1052 4831 Gallias
1085 4777 1514 4831 reverendissimi
1550 4784 1604 4831 et
1642 4777 1966 4832 sanctissimi
1998 4778 2129 4840 viri,

555 4846 813 4919 Stephani
860 4847 1114 4900 Romana.-
1148 4847 1302 4919 urbis
1337 4849 1614 4919 antistitis,
1650 4856 1754 4902 etc.
1807 4868 1827 4919 ξ
1873 4848 2136 4919 Loquitur

553 4919 620 4972 de
649 4917 844 4972 unione
873 4917 1314 4970 caeremoniarum
1365 4917 1654 4972 Gallicana:
1708 4917 1960 4972 Ecclesia:
2011 4934 2132 4972 cum

554 4989 816 5044 Romana.
844 5014 915 5026 -α-
942 4986 1004 5039 Ει
1033 4986 1124 5039 lib.
1153 5002 1226 5049 tv,
1251 5003 1368 5056 cap.
1399 4990 1433 5043 '5
1467 5006 1478 5041 :
1518 5007 1536 5038 ‹
1572 4989 1627 5042 1η
1656 5003 1840 5042 eorum
1866 4987 2140 5056 plerisque

553 5059 686 5115 locis
731 5057 826 5127 qui
872 5071 930 5110 se
983 5057 1303 5127 imaginibus
1352 5058 1637 5112 luminaria
1683 5066 1738 5112 et
1787 5059 2140 5127 thymiamata

553 5129 749 5198 offerre
782 5126 1164 5198 glorianturga
1197 5128 1392 5195 quibus
1423 5145 1548 5194 nos,
1589 5129 1681 5198 qui
1712 5129 1765 5182 id
1799 5126 1977 5182 facere
2009 5145 2141 5183 con-

554 5196 873 5261 temnimus,
906 5196 1213 5268 scandalum
1254 5199 1362 5266 pati
1393 5196 1664 5268 putamur,
1702 5199 1775 5252 ita
1811 5199 1925 5253 loca
1958 5199 2140 5253 divino

554 5268 724 5339 cultui
763 5267 1065 5339 mancipata
1101 5266 1448 5339 despicabilia
1487 5277 1643 5332 sunt,
1678 5278 1737 5322 ut
1769 5269 1915 5339 Asicut
1954 5269 2142 5339 legatis

554 5338 776 5398 nostris,
821 5337 932 5390 sive
972 5336 1079 5391 illis
1117 5337 1210 5405 qui
1256 5345 1496 5407 tempore
1527 5337 1832 5393 reverenda:
1869 5336 2142 5394 memoria:

555 5407 903 5461 illustrissimi
931 5407 1029 5478 viri
1057 5408 1224 5476 patris
1251 5408 1382 5478 mei,
1416 5409 1528 5463 sive
1541 5411 1632 5478 eis
1660 5408 1752 5478 qui
1779 5424 1808 5462 a
1840 5409 1996 5462 nobis
2022 5409 2141 5462 illas

555 5486 682 5558 sunt
712 5477 962 5558 destinati
997 5474 1259 5546 in‘partes
1289 5474 1581 5548 [Graeciae],
1611 5474 1968 5533 referentibus
1993 5494 2142 5533 eom-

558 5557 816 5613 pertmus,
847 5557 952 5601 etc.
990 5565 1008 5598 ι

630 5615 899 5688 ᾼωιιῃυε
926 5617 950 5688 gl
979 5631 1113 5688 papa
1142 5617 1299 5672 Rom.
1329 5618 1382 5672 in
1412 5617 1702 5688 Capitulari
1734 5618 2140 5686 responsionum

560 5684 627 5737 ad
656 5685 755 5738 hoc
780 5686 955 5739 Caroli
985 5687 1155 5758 Magni
1185 5684 1534 5758 Capitulare':
1572 5708 1589 5740 ‹
1627 5684 1852 5744 Domino
1878 5687 2144 5742 excellen-

2237 4569 2564 4624 Francorum
2597 4574 2651 4622 et
2687 4565 3157 4635 Longobardorum
3195 4583 3258 4622 ac
3296 4565 3516 4636 patricio
3541 4567 3759 4636 Romano-

2236 4654 2385 4700 rum,
2423 4637 2690 4690 Adrianus
2725 4652 2885 4707 papa.
2923 4657 2941 4688 ι
2975 4637 3042 4690 Ει
3080 4646 3201 4705 post
3237 4635 3407 4706 pauca
3437 4656 3448 4690 :
3491 4655 3507 4686 ι
3539 4635 3756 4707 Praeteri

2236 4709 2559 4778 directuma
2587 4701 2764 4778 vestra
2795 4701 3209 4778 clementissima
3237 4701 3656 4778 prmcelsaregali
3685 4713 3759 4778 pg-

2235 4777 2404 4832 tentia
2444 4776 2651 4831 fidelem
2693 4773 3011 4830 familiarem
3053 4765 3290 4830 vestrum
3312 4819 3325 4840 ,
3358 4765 3591 4830 videlico?
3619 4765 3760 4840 fingi!-

2236 4848 2444 4920 bertum
2470 4847 2721 4920 abbatem
2748 4853 2803 4920 et
2830 4846 3135 4920 ministrum
3163 4835 3410 4920 capellas,
3447 4845 3531 4914 qui
3565 4835 3758 4920 peuehab

2236 4917 2367 4986 ipsis
2405 4914 2643 4988 infantia:
2675 4916 3090 4988 Arudimentgis‘in
3125 4914 3326 4988 palatio
3353 4925 3522 4971 vestro
3544 4914 3758 4988 enutritus

2239 4977 2320 5042 est
2337 5026 2353 5052 ,
2381 4995 2435 5042 et
2458 4985 2514 5038 in
2541 4985 2790 5056 omnibus
2814 4985 3052 5056 consiliis
3077 4977 3270 5041 vestris
3297 4994 3532 5056 receptus
3556 4987 3642 5056 :_et
3665 4977 3758 5056 ideo

2240 5051 2378 5112 sient
2410 5073 2441 5110 a
2474 5056 2627 5109 vobis
2657 5055 2711 5108 in
2737 5056 2881 5108 omni
2908 5055 3274 5126 familiaritate
3300 5051 3557 5126 recipitur,
3587 5051 3757 5126 itania:|

2241 5110 2397 5182 nobis
2435 5127 2765 5194 reciperetur
2789 5135 2843 5178 et
2868 5125 3225 5181 condecenter
3259 5110 3608 5194 honorantur.
3640 5110 3757 5169 υιιάο

2241 5212 2340 5266 pro
2376 5192 2756 5266 nimio'amore
2784 5209 2941 5266 quem
2974 5210 3101 5265 erga
3127 5205 3360 5251 vestram
3394 5192 3664 5266 mellifluam
3688 5193 3757 5266 είξσ

2245 5261 2413 5340 rimus
2444 5265 2674 5340 regalem
2701 5261 3072 5340 excellentiam
3091 5307 3105 5331 ,
3135 5267 3272 5340 sicut
3296 5265 3510 5321 misistis
3523 5301 3550 5340 ,_
3568 5270 3672 5340 cu"!
3684 5261 3784 5340 _'j"f

2244 5337 2352 5390 mio
2403 5331 2587 5410 amore
2640 5334 2938 5410 dulcedinis
2992 5337 3203 5390 eximiae
3257 5351 3378 5390 eum
3425 5331 3752 5410 suscipienjgﬁz

2245 5413 2406 5476 prout
2443 5405 2642 5468 voluit,
2689 5413 2744 5458 et
2783 5405 3015 5473 qualiter
3059 5421 3181 5460 cum
3229 5421 3414 5476 magna
3455 5395 3756 5476 familiariqle

2248 5459 2402 5558 itobis
2422 5459 2766 5529 enarrantem
2794 5459 2993 5558 .voluit,
3029 5459 3159 5531 aure
3189 5459 3429 5558 placibili
3452 5482 3499 5528 et
3519 5471 3668 5558 meo?

2250 5549 2300 5600 ni
2341 5562 2406 5600 na
2441 5560 2565 5598 eum
2599 5545 2951 5612 suscepimus,
2974 5533 3029 5600 et
3049 5533 3206 5615 quasi
3226 5554 3397 5600 vestra
3427 5533 3655 5609 corporali
3683 5533 3771 5588 cvi

2250 5562 2493 5668 ceﬁentia
2533 5615 2688 5668 nobis
2726 5625 2979 5668 narrante
3015 5625 3256 5668 nostrum
3298 5617 3347 5668 ei
3385 5614 3637 5668 patientius
3665 5607 3752 5668 ςιν-

2249 5609 2493 5670 cellentia
2533 5615 2688 5686 nobis
2726 5609 2979 5686 narrante
3015 5609 3256 5686 nostrum
3298 5617 3347 5670 ei
3385 5614 3637 5686 patientius

2502 5665 2810 5750 consilium,
3476 5665 3643 5735 nostra!
3673 5665 3748 5717 καθ’
