4042 6192
323 300 446 354 HK"

999 294 1178 350 LIBRI
1213 290 1553 349 CAROIJNI.
1596 321 1663 331 -—-
1700 289 1917 347 CAPIT.
1959 288 2047 344 DE
2084 288 2272 344 WAG.
2315 320 2381 329 —
2416 285 2803 344 ΡΒᾸΞΡᾹΤΙΟ.

3440 289 3464 343 Ι
3472 290 3575 343 υιιε

317 419 666 472 adversarum
701 418 1026 483 potestatum
1060 409 1339 464 obsidione
1373 406 1654 470 fatiscere,
1687 402 1781 459 sed
1811 403 1901 458 illo
1928 406 1979 463 Α
2002 402 2060 456 in
2102 402 2223 458 sinu
2256 404 2403 473 regni
2435 404 2794 474 gubernacula
2835 401 3056 456 Domino
3091 401 3358 458 tribuente
3398 419 3586 463 suscr-

318 520 419 575 pro
445 519 509 560 ea
536 512 592 558 et
626 501 860 557 maxime
885 500 941 554 in
968 513 1032 553 ea
1069 505 1360 569 pugnante,
1389 495 1481 567 qui
1505 495 1713 565 positus
1737 502 1821 548 est
1848 494 1903 547 in

318 610 383 649 ea
406 607 612 655 murus,
639 592 853 646 dicente
879 588 1139 659 propheta
1163 603 1179 640 :
1209 585 1346 641 Urbs
1367 584 1694 655 fortitudinis
1717 593 1906 638 nostra

320 684 569 745 salt-ator,
598 689 820 751 ponetur
855 680 913 732 in
943 694 1005 732 ea
1029 693 1240 743 murus,
1266 684 1320 730 et
1357 672 1700 738 antemurale,
1728 682 1776 728 et
1815 672 1906 743 qui

322 791 480 851 super
508 773 621 843 ejus
647 787 825 825 muros
851 769 1117 824 constituit
1158 767 1415 830 custodes,
1444 765 1533 836 qui
1576 774 1686 818 tota
1725 765 1809 818 die
1858 772 1907 817 et

323 874 435 919 tota
457 872 600 917 nocte
621 861 676 914 in
699 868 1000 930 perpetuum
1029 872 1134 912 non
1161 858 1402 911 tacebunt
1430 853 1565 926 (Isa.
1586 854 1736 926 xxvi)
1767 871 1780 908 :
1812 855 1908 910 ad-

324 949 580 1008 versariis
646 947 938 1011 resistens,
992 953 1049 1000 et
1108 944 1466 1000 tumuliiferas
1516 944 1912 1014 inquietudines

325 1042 541 1105 tolerat,
565 1047 621 1094 et
649 1039 717 1093 ad
742 1052 883 1093 verte
912 1036 1037 1092 ﬁdei
1079 1035 1471 1091 confessionem
1503 1034 1912 1090 convolantibus

329 1131 383 1187 in
414 1130 621 1201 gremio
654 1128 938 1198 susceptis,
965 1133 1022 1181 et
1050 1126 1226 1182 eidem
1270 1125 1595 1181 confessioni
1643 1125 1911 1180 obstinata

327 1229 510 1276 mente
536 1218 924 1274 reluctantibus
950 1220 1233 1284 abdicatis,
1260 1218 1570 1274 ineouvulsa
1600 1225 1655 1274 et
1692 1219 1915 1273 inteme-

331 1320 449 1365 rata
479 1319 805 1379 perseverat,
835 1318 1033 1365 etcum
1075 1311 1241 1365 David
1283 1325 1480 1366 canere
1521 1326 1630 1365 non
1685 1318 1863 1365 cessat
1897 1327 1911 1362 :

317 1399 488 1469 .Sazpe
523 1408 942 1469 eapugnaverunt
968 1415 1050 1453 me
1081 1417 1114 1453 a
1147 1399 1418 1469 juventute
1444 1414 1580 1462 mea,
1600 1398 1744 1451 dicat
1778 1414 1916 1452 nunc

336 1488 531 1553 Israel,
557 1504 692 1556 saepe
719 1499 1139 1558 expugnaverant
1180 1505 1263 1542 me
1292 1505 1325 1542 a
1360 1488 1634 1558 iuventute
1681 1504 1814 1550 mea,
1844 1496 1921 1540 et-

333 1576 475 1631 enim
501 1584 905 1647 non.potuerunt
929 1576 1054 1631 mihi
1101 1574 1273 1646 (Psal.
1310 1574 1496 1647 ειμι)
1527 1589 1542 1629 :
1572 1590 1692 1644 qua:
1747 1575 1920 1630 inces-

2006 494 2204 563 pimus,
2232 508 2452 550 necesse
2477 501 2562 548 est
2599 502 2660 548 ut
2689 492 2741 548 in
2775 491 2891 560 ejus
2923 490 3228 547 defensione
3260 500 3315 547 et
3354 494 3423 549 ob
3465 509 3582 565 ejus

2005 586 2405 650 exultationem,
2447 585 2660 641 Christo
2689 584 2999 648 auxiliante,
3036 591 3148 639 toto
3185 584 3375 639 annisu
3405 594 3578 641 certe-

2008 691 2145 739 mus,
2169 684 2229 729 ut
2264 676 2332 731 ab
2368 692 2433 731 eo
2468 675 2591 731 boni
2634 673 2773 729 servi
2812 681 2867 727 et
2905 673 3075 729 fidelis
3111 673 3327 729 nomine
3378 676 3583 731 censeri

2007 768 2301 825 valeamus.
2327 767 2479 835 Quod
2515 769 2729 838 quidem
2760 784 2865 823 non
2901 768 3072 823 solum
3112 769 3283 833 nobis,
3308 771 3503 841 quibus
3532 772 3583 828 in

2009 860 2167 930 hujus
2190 861 2371 917 saeculi
2395 860 2710 931 procellosis
2736 858 2983 915 ﬂuctibus
3027 862 3093 916 ad
3121 850 3412 932 regendum
3438 880 3585 920 com-
3609 849 3615 854 ’

2011 953 2173 1008 missa
2207 959 2307 1015 est,
2336 952 2430 1007 sed
2457 951 2620 1008 etiam
2647 952 2854 1007 cunctis
2880 953 2949 1008 ab
2982 950 3098 1021 ejus
3147 954 3402 1010 uberibus
3460 970 3589 1010 enu-

2014 1041 2155 1096 tritis
2176 1040 2404 1097 sollicite
2428 1041 2822 1096 observandum
2845 1049 2926 1095 est
2951 1058 2967 1094 :
2996 1041 3068 1096 ita
3096 1051 3275 1097 tamen
3306 1053 3364 1098 ut
3389 1044 3458 1100 ab
3479 1043 3592 1113 ejus

2013 1130 2229 1193 unione,
2250 1130 2342 1200 qui
2369 1129 2489 1200 ejus
2519 1130 2819 1185 membrum
2859 1145 2977 1186 esse
3018 1131 3334 1199 dinoscitur,
3358 1135 3590 1189 nullate-

2016 1234 2116 1274 nus
2144 1220 2415 1274 abscedat.
2450 1219 2712 1286 Quoniam
2739 1219 2830 1288 qui
2864 1235 2984 1274 cum
3008 1235 3070 1275 ea
3099 1237 3202 1276 non
3225 1230 3325 1288 est,
3340 1224 3593 1279 adversus

2014 1323 2134 1363 eam
2148 1316 2234 1364 est
2248 1324 2262 1361 :
2283 1316 2340 1363 et
2352 1309 2439 1376 qui
2456 1324 2579 1362 cum
2604 1322 2666 1362 ea
2682 1320 2787 1362 non
2815 1308 3035 1378 colligit,
3051 1318 3270 1381 Spargit.
3289 1310 3454 1380 Hujus
3466 1328 3596 1383 ergo

2017 1396 2096 1451 rei
2108 1411 2270 1452 causa
2292 1396 2437 1466 loqui
2456 1396 2750 1464 compellit,
2766 1397 2907 1464 quod
2923 1412 3028 1451 non
3048 1398 3162 1452 sine
3177 1399 3407 1469 quodam
3431 1401 3594 1457 animi

2018 1498 2251 1541 maerore
2291 1484 2696 1555 prosequimur,
2736 1484 2932 1554 quippe
2981 1486 3074 1556 qui
3111 1502 3231 1542 cum
3280 1488 3596 1545 infirmanti-

2019 1572 2416 1638 busintirmari,
2443 1580 2637 1627 etcum
2662 1573 3151 1630 scandalizantibus
3175 1576 3281 1643 uri,
3305 1579 3598 1647 apostolico

337 1672 524 1720 santer
547 1679 645 1735 per
667 1671 851 1733 partes
881 1665 1037 1719 trime
1063 1664 1325 1721 orationis
1360 1664 1677 1735 mysterium
1719 1671 1925 1718 sancta:
1957 1733 1988 1739 _
2020 1662 2377 1735 perducemur
2396 1664 2661 1733 exemplo.
2686 1663 3038 1721 lnflammavit
3066 1667 3227 1739 igitur
3248 1678 3483 1725 ventosae
3506 1686 3599 1724 ar-

339 1733 622 1810 Trinitatis
646 1754 883 1823 exponit,
907 1754 1032 1808 dum
1060 1762 1114 1823 et
1145 1755 1310 1808 verba
1346 1733 1442 1808 sua
1478 1753 1700 1808 auribus
1727 1752 1922 1807 divinae
1955 1733 1997 1792 Β
2022 1733 2283 1824 rogantis:
2331 1752 2513 1808 inﬂata
2550 1755 2805 1821 ambitio,
2831 1766 2883 1811 et
2912 1772 3065 1813 vana:
3088 1733 3270 1815 laudis
3300 1760 3600 1816 insolentis-

338 1844 638 1912 inajcstatis
682 1843 1042 1913 percipienda,
1075 1844 1129 1898 id
1169 1853 1253 1898 est
1298 1842 1558 1913 psallendi
1606 1842 1941 1909 melodiam,‘

338 1951 499 2006 quam
525 1936 643 1990 sine
667 1935 1063 1990 intermissione
1086 1935 1318 2009 exhibet,
1356 1934 1706 2005 deprecatur;
1740 1944 1795 1991 et
1819 1935 1927 1991 cla-

340 2041 548 2081 morem
577 2025 1002 2097 intelligendum,
1033 2026 1084 2080 id
1112 2032 1196 2080 est
1216 2025 1397 2081 cordis
1421 2023 1797 2095 at'fectum,qui
1819 2042 1925 2080 non

342 2116 567 2170 auribus
588 2115 912 2179 carnalibus,
942 2116 1037 2169 sed
1062 2113 1646 2179 ineﬂ‘abilibusdivinze
1675 2113 1928 2183 majesta-

344 2207 415 2260 tis
467 2203 738 2260 auditibus
790 2204 1110 2259 mirabiliter
1162 2204 1456 2274 excipitur,
1505 2203 1697 2263 devota
1750 2212 1929 2260 mente

344 2304 562 2361 exorat,
589 2304 643 2350 et
696 2293 958 2351 orationis
1005 2309 1117 2350 sua:
1169 2310 1355 2351 vocem
1409 2295 1792 2350 intendendam
1836 2310 1930 2349 ex-

344 2388 536 2457 poscit,
560 2395 619 2442 ut
643 2387 848 2442 scilicet
873 2384 1108 2442 declaret
1130 2386 1268 2443 hanc
1292 2401 1414 2441 esse
1455 2385 1754 2441 orationem
1808 2399 1930 2454 per-

347 2476 543 2531 fectam
566 2491 728 2544 quam
759 2474 953 2529 mentis
980 2474 1203 2530 allectus
1230 2475 1470 2531 ardentis
1500 2473 1816 2531 inﬂammat.
1862 2474 1931 2529 Et

346 2581 652 2638 quanquam
698 2567 1094 2635 metaphoricos
1127 2566 1346 2621 mutatis
1386 2566 1565 2621 verbis
1605 2580 1797 2622 sensus
1841 2581 1932 2619 no-

346 2668 490 2713 stros
514 2657 834 2720 immisceat,
861 2657 1095 2712 divinam
1129 2664 1307 2712 tamen
1334 2665 1580 2712 naturam
1623 2657 1794 2712 credit
1822 2672 1929 2712 non

349 2747 592 2817 partibus
639 2746 1001 2801 membrorum
1045 2746 1394 2801 discernenda
1449 2746 1786 2810 discernere,
1837 2745 1932 2800 sed

348 2850 454 2889 una
491 2834 689 2888 virtute
728 2841 924 2888 cuncta
972 2848 1249 2904 peragere,
1280 2834 1371 2903 qui
1415 2850 1477 2889 ea
1532 2850 1652 2905 qua:
1701 2849 1731 2887 a
1776 2833 1931 2889 nobis

349 2924 602 2978 videntur
627 2922 791 2986 audit,
822 2932 878 2976 et
926 2917 1044 2992 quae
1093 2923 1447 2994 cogitavimus
1492 2925 1605 2979 sive
1645 2924 1928 2993 cogitaturi

352 3031 558 3080 sumus,
588 3016 729 3070 intro
765 3015 1021 3085 inspicit:
1054 3031 1153 3070 nec
1178 3016 1469 3085 quidquam
1512 3015 1628 3085 ejus
1675 3015 1929 3071 ineffabili

350 3211 499 3268 pere,
524 3196 813 3252 clamorem
852 3196 1172 3267 intelligere,
1197 3198 1316 3254 voci
1345 3198 1604 3253 orationis
1634 3198 1932 3265 intendere,

351 3303 661 3358 quanquam
693 3288 885 3343 iterate
940 3289 1041 3343 sub
1100 3289 1365 3345 varietate
1399 3290 1705 3350 verborum,
1734 3303 1832 3358 per
1882 3288 1936 3343 id

351 3377 640 3432 locutionis
662 3392 829 3448 genus
852 3377 994 3447 quod
1023 3392 1053 3430 a
1086 3377 1393 3433 rhetoribus
1417 3377 1680 3432 metabole
1717 3378 1933 3442 dicitur,

351 3468 740 3537 proferantur:
780 3468 920 3522 trina
952 3477 1129 3521 tamen
1186 3468 1435 3537 repetitio
1478 3483 1646 3521 unum
1690 3467 1937 3536 idemque

353 3556 641 3627 significat,
669 3572 788 3625 qua:
824 3570 868 3611 e:
880 3556 984 3611 iam
1007 3556 1060 3611 in
1087 3557 1424 3612 invocatione
1454 3557 1595 3627 regis
1622 3566 1677 3611 et
1704 3557 1798 3610 Dei
1823 3546 1939 3612 sive

356 3647 590 3713 Domini,
617 3648 742 3701 dum
766 3647 912 3702 dicit.
943 3646 1057 3701 Rea:
1080 3664 1224 3701 meus
1251 3655 1298 3701 et
1328 3644 1468 3701 Deus
1495 3662 1658 3711 meus,
1690 3647 1937 3717 quoniam

357 3739 425 3792 ad
455 3748 503 3792 te
530 3739 708 3804 orabo,
735 3734 953 3792 Domine
975 3736 1147 3811 (Psal.
1169 3753 1202 3792 v
1222 3748 1277 3793 et
1296 3736 1484 3808 sum)
1511 3756 1524 3791 :
1549 3747 1662 3792 tres
1682 3752 1940 3808 personas

355 3837 409 3883 et
434 3843 596 3881 unam
632 3829 986 3884 substantiam
1018 3828 1073 3883 in
1098 3828 1387 3883 Divinitate
1414 3843 1472 3883 se
1507 3828 1728 3883 credere
1766 3835 1819 3883 et
1861 3825 1939 3907 fa-

358 3919 461 3972 teri
506 3919 855 3984 demonstrat,
884 3934 1007 3974 cum
1056 3919 1218 3974 trium
1269 3918 1548 3974 nominum
1592 3916 1941 3981 invocationi,

356 4024 468 4063 non
518 4008 763 4078 pluralia,
799 4011 895 4066 sed
942 4010 1231 4080 singularia
1289 4009 1449 4064 verba
1503 4007 1791 4062 interserit.
1844 4007 1941 4063 Est

356 4098 714 4167 enimvsancta
740 4109 931 4167 mater,
957 4110 1040 4156 est
1064 4101 1422 4165 immaculata,
1446 4108 1527 4155 est
1557 4099 1833 4170 prmelara,
1858 4109 1942 4155 cst

360 4190 687 4262 incorrupta,
711 4200 795 4248 est
814 4201 869 4248 et
896 4191 1141 4261 fecunda,
1163 4210 1283 4264 quae
1314 4202 1370 4249 et
1396 4193 1758 4265 virginitatem
1785 4193 1943 4247 amit-

365 4288 481 4335 tere
525 4282 726 4348 nescit,
773 4292 827 4338 et
876 4285 1014 4340 ﬁlios
1065 4300 1322 4356 generare
1374 4300 1481 4340 non
1528 4284 1723 4340 desinit
1759 4300 1773 4339 :
1820 4301 1941 4355 qua:

360 4381 565 4443 quanto
599 4375 829 4445 amplius
857 4377 1040 4431 mundi
1088 4377 1503 4433 adversitatibus
1547 4375 1757 4441 feritur,
1790 4386 1949 4454 tanto.

361 4463 694 4521 auctioribus
710 4466 823 4522 sive
841 4467 1076 4522 excellen
1086 4468 1313 4522 tioribus
1332 4468 1625 4523 virtutibus
1646 4468 1900 4524 dilatatur
1921 4483 1938 4523 :

357 4564 419 4608 et
445 4565 645 4624 quanto
668 4558 788 4627 plus
810 4558 1092 4627 premitur,
1121 4567 1268 4614 tanto
1293 4558 1455 4613 altius
1478 4558 1762 4624 exaltatur,
1781 4573 1943 4628 quam

355 4651 623 4720 propheta
642 4666 740 4721 per
752 4652 1057 4721 etbopmian
1074 4652 1183 4706 Deo
1197 4651 1276 4706 sic
1293 4651 1582 4707 introducit
1604 4652 1939 4721 loquentem:

356 4733 496 4791 Cum
522 4737 812 4793 invocarem
845 4749 913 4806 te,
948 4740 1208 4794 exaudisti
1245 4756 1345 4807 me,
1381 4739 1520 4794 Deus
1547 4740 1770 4810 justitia:
1796 4755 1941 4804 mete,

355 4826 420 4879 in
441 4824 773 4881 tribulatione
809 4827 1041 4883 dilatasti
1071 4845 1151 4883 me
1177 4827 1347 4899 (Psal.
1378 4828 1475 4903 Iv).
1505 4827 1669 4898 Cujus
1694 4831 1945 4900 quoniam

434 4971 462 4999 ι
488 4957 647 5033 Gesta
669 4976 797 5033 sane
817 4969 892 5015 est
911 4963 1148 5033 antest
1171 4979 1336 5017 annos
1358 4964 1415 5016 in
1431 4961 1693 5033 Bithynice
1712 4963 1947 5033 partibus

355 5028 608 5100 quedam
631 5030 880 5120 synpdu'g,
903 5039 1009 5113 etc.
1032 5032 1140 5085 Aut
1164 5034 1488 5120 minimam,
1533 5028 1949 5120 antiquae-{am

356 5107 793 5171 μνημονιντικῶς.
819 5100 1027 5155 Etenim
1055 5118 1163 5159 non
1192 5103 1244 5157 in
1266 5100 1537 5174 Biibynia,
1567 5102 1663 5158 sed
1680 5100 1947 5158 Constan-

359 5167 590 5250 tinopoli
633 5169 688 5223 in
722 5168 925 5239 palatio
950 5170 1162 5250 Allieriie
1203 5172 1484 5250 celebrata
1530 5172 1644 5250 tunc
1690 5173 1945 5250 synodus.

359 5237 495 5313 Nisi
512 5237 557 5293 si
592 5237 746 5313 error
773 5240 1247 5313 cognatinominis
1291 5240 1544 5313 librarios
1591 5237 1820 5313 decepit,
1862 5257 1952 5298 re-

358 5306 819 5384 scribendumque
835 5306 933 5384 sit,
949 5308 1166 5384 Hierim,
1194 5326 1294 5381 pro
1314 5310 1601 5384 Qithyniaa,
1620 5306 1906 5384 hoc—modo
1932 5330 1946 5368 :

358 5378 424 5458 in
447 5372 648 5458 Hierite
670 5372 878 5458 palatio
914 5372 1164 5452 quadam,
1185 5372 1301 5453 ign.
1329 5372 1483 5450 Quod
1512 5372 1645 5438 mihi
1669 5382 1734 5438 ﬁt
1761 5384 1952 5439 admo-

359 5445 501 5500 dum
522 5445 833 5504 verisimile.

444 5515 475 5556 1³
509 5515 671 5580 Quod
687 5532 778 5571 rea:
799 5533 981 5574 eorum
996 5517 1368 5577 Constantinus
1384 5538 1471 5579 eos
1483 5521 1548 5577 ab
1563 5522 1718 5580 idolis
1737 5522 1956 5579 liberas-

371 5592 467 5666 set.
500 5577 916 5666 (favebiagnum
962 5589 1229 5666 intelligas
1261 5606 1385 5648 eum
1430 5577 1522 5666 qui

371 5663 617 5708 ratorum
641 5652 782 5710 idola
802 5655 1050 5725 ejuravit,
1066 5652 1580 5720 sedConstantinutn
1599 5652 1953 5734 Caballinum,

619 5746 894 5809 Ριτιιοι.
943 5749 1226 5815 XCVIII.

351 3107 538 3181 lumini
573 3114 749 3175 potest
774 3068 1030 3161 abscondi
1058 3123 1072 3161 :
1105 3068 1558 3162 auribus'etenim'
1577 3108 1739 3164 verba
1766 3108 1935 3178 perci-
1957 3068 2008 3130 ο

1964 4418 2021 4481 D

2024 1844 2192 1898 simus
2219 1845 2504 1914 appetitus,
2542 1847 2803 1915 quosdam
2832 1848 3175 1903 orientalium
3216 1852 3449 1920 partium
3493 1868 3598 1908 non

2025 1933 2196 1989 solum
2223 1949 2407 2004 reges,
2436 1935 2531 1990 sed
2576 1937 2743 1992 etiam
2780 1938 3103 2005 sacerdotes,
3132 1942 3265 1996 adeo
3300 1951 3360 1996 ut
3387 1952 3602 2013 postpo-

2026 2023 2129 2078 sita
2156 2039 2287 2079 sana
2315 2025 2602 2094 sobriaque
2626 2026 2868 2080 doctrina
2884 2068 2898 2091 ,
2925 2034 2979 2083 et
3003 2029 3449 2098 parvipendentes
3472 2031 3600 2087 illud

2026 2111 2408 2180 apostolicum,
2431 2112 2493 2167 Si
2518 2114 2634 2184 quis
2663 2115 3085 2185 evangelisauerit
3108 2118 3247 2173 vobis
3267 2157 3282 2184 ,
3313 2131 3502 2189 prte'er
3548 2122 3603 2174 id

2024 2202 2164 2272 quod
2192 2200 2601 2272 etwngelizatum
2634 2212 2730 2266 est,
2760 2205 2852 2257 etsi
2876 2205 3091 2275 angelus
3117 2206 3203 2272 sit,
3238 2208 3514 2262 anathema
3537 2210 3604 2263 sit

2029 2288 2241 2361 (Colat.
2278 2289 2362 2361 ι),
2393 2298 2448 2345 et
2495 2292 2950 2359 transgredientes
2999 2302 3186 2348 contra
3237 2296 3601 2366 propheticum

2030 2379 2421 2434 institutionem
2442 2381 2701 2435 terminos
2738 2380 3020 2450 majorum,
3041 2397 3140 2452 per
3168 2384 3395 2441 infames
3418 2394 3473 2441 et
3497 2386 3607 2442 inc-

2029 2469 2304 2540 ptissimas
2317 2470 2553 2542 synodos
2573 2471 2828 2528 Ecclesia:
2850 2472 3049 2529 inferre
3065 2480 3330 2532 conentur
3352 2478 3495 2547 quod
3509 2495 3608 2534 nec

2033 2559 2281 2616 Salvator
2322 2576 2424 2617 nec
2460 2563 2691 2631 apostoli
2731 2563 2976 2621 intulisse
3012 2575 3339 2634 noscuntur;
3375 2577 3434 2624 et
3480 2570 3607 2625 dum

2027 2649 2325 2714 sublitnare
2363 2659 2627 2707 conantur
2665 2668 2775 2709 sua:
2825 2654 3001 2711 laudis
3035 2654 3326 2729 fastigium,
3357 2674 3608 2732 magnum

2031 2740 2371 2797 accumuleut
2398 2742 2511 2797 suis
2533 2742 2816 2800 animabus
2836 2743 3159 2814 deliquium;
3208 2747 3440 2816 dumque
3486 2764 3610 2804 suo-

2033 2844 2155 2884 rum
2197 2837 2467 2901 gestorum
2507 2831 2749 2886 ordinem
2793 2832 2978 2888 volunt
3028 2835 3285 2888 mandare
3339 2835 3612 2891 memoria:

2031 2921 2380 2991 posteritatis,
2406 2921 2710 2977 discindunt
2746 2922 3018 2979 vinculum
3066 2924 3446 2980 ecclesiastica:
3493 2925 3613 2980 uni-

2030 3012 2180 3068 tatis.
2206 3024 2232 3053 α
2255 3012 2418 3068 Gesta
2446 3026 2574 3068 sane
2607 3019 2691 3068 est
2726 3021 2852 3069 ante
2891 3015 2989 3069 bos
3027 3029 3197 3071 annos
3247 3015 3301 3069 in
3349 3015 3612 3086 Bithynia:

2036 3104 2283 3175 partibus
2304 3105 2547 3174 quaedam
2579 3106 2819 3176 synodus
2852 3113 2960 3162 tam
2996 3106 3223 3162 incauta:
3266 3114 3482 3176 tamque
3527 3108 3612 3164 in-

2035 3195 2283 3251 discreta:
2314 3196 2676 3265 procacitatis,
2700 3204 2760 3251 ut
2795 3197 3052 3269 imagines
3080 3196 3134 3252 in
3161 3198 3493 3253 ornamentis
3526 3214 3610 3253 ec-

2035 3286 2214 3343 clesia:
2241 3295 2295 3343 et
2323 3287 2581 3343 memoria
2610 3303 2790 3343 rerum
2817 3295 3086 3358 gestarum
3114 3288 3182 3343 ab
3205 3288 3442 3356 antiquis
3466 3289 3609 3358 posi-

2037 3385 2119 3432 tas
2143 3377 2360 3432 incauta
2379 3377 2655 3434 abolerent
2678 3377 3013 3434 abdicatione
3039 3393 3053 3433 :
3077 3378 3326 3448 quodque
3352 3379 3613 3434 Dominus

2036 3469 2100 3522 de
2127 3467 2285 3523 idolis
2311 3468 2585 3537 praecepit,
2605 3469 2707 3524 hcc
2728 3469 2803 3523 illi
2825 3469 2890 3524 de
2917 3468 3126 3523 cunctis
3146 3468 3465 3538 imaginibus
3487 3483 3610 3538 per-

2035 3565 2343 3628 petrarent;
2374 3558 2673 3614 nescientes
2712 3559 2997 3629 imaginem
3033 3573 3154 3613 esse
3194 3574 3380 3629 genus,
3408 3558 3611 3615 idolum

2035 3664 2165 3705 vero
2192 3649 2427 3719 speciem
2464 3667 2477 3703 :
2522 3658 2577 3704 et
2606 3650 2839 3720 spsciem
2871 3648 2939 3703 ad
2973 3665 3159 3720 genus,
3186 3665 3357 3719 genus
3391 3651 3460 3706 ad
3485 3666 3610 3721 spe-

2037 3739 2175 3794 ciem
2204 3739 2394 3795 referri
2415 3756 2521 3795 non
2552 3755 2729 3810 posse.
2756 3738 2890 3794 Nam
2919 3755 3040 3796 cum
3062 3754 3199 3808 pene
3222 3755 3380 3795 omne
3408 3741 3607 3797 idolum

2038 3830 2215 3900 itnago
2262 3830 2370 3895 sit,
2412 3846 2521 3885 non
2568 3831 2743 3886 omnis
2780 3830 2957 3900 imago
3006 3828 3225 3884 idolum.
3272 3828 3508 3885 Alterius
3555 3841 3611 3886 et

2038 3921 2201 3991 longe
2215 3919 2437 3976 alterius
2456 3920 2782 3976 deﬁnitionis
2805 3929 2888 3976 est
2908 3920 3127 3984 idolum,
3150 3920 3372 3976 alterius
3394 3921 3568 3992 imago
3593 3945 3599 3953 -

2038 4024 2161 4064 cum
2188 4008 2435 4064 videlicet
2458 4008 2573 4063 istic
2595 4009 2661 4064 ad
2688 4015 3063 4064 ornamentum
3089 4008 3173 4063 vel
3199 4007 3269 4063 ad
3304 4022 3392 4064 res
3431 4020 3612 4081 gestas

2039 4100 2411 4155 monstrandas
2434 4098 2585 4168 ﬁant,
2610 4098 2738 4155 illud
2758 4105 2937 4155 autem
2970 4114 3243 4169 nunquam
3271 4099 3375 4155 nisi
3399 4107 3470 4155 ad
3504 4102 3609 4156 mi-

2039 4205 2281 4246 serorum
2312 4190 2521 4245 animas
2542 4191 2803 4261 sacrilego
2838 4191 2944 4246 ritu
2972 4198 3027 4245 et
3055 4205 3194 4245 vana
3230 4192 3611 4261 superstitione

2040 4278 2355 4335 inliciendas
2376 4293 2392 4332 :
2416 4288 2470 4333 et
2497 4279 2674 4351 imago
2697 4280 2765 4335 ad
2790 4279 3011 4349 aliquid,
3035 4279 3233 4335 idolum
3269 4280 3337 4336 ad
3375 4280 3609 4351 seipsum

2040 4367 2270 4424 dicatur.
2304 4367 2404 4436 Qui
2430 4370 2684 4426 nimirum
2713 4377 2875 4425 tantae
2910 4369 3168 4427 caecitatis
3199 4370 3427 4443 caligine
3461 4373 3616 4428 obte—

2043 4457 2249 4512 nebrati
2274 4457 2506 4525 fuerunt,
2535 4465 2595 4512 ut
2630 4458 2840 4514 cunctis
2863 4459 2955 4529 qui
2982 4475 3077 4516 eas
3104 4460 3303 4516 habere
3342 4461 3396 4516 iu
3442 4462 3616 4517 eccle-

2042 4545 2138 4600 siis
2164 4547 2523 4601 noscebantur
2560 4547 2644 4603 vel
2670 4547 2901 4604 habituri
2937 4557 3091 4604 erant
3127 4550 3613 4616 anathematizatis,

2042 4637 2185 4692 inter
2211 4645 2433 4695 ceteros
2460 4654 2672 4695 errores
2706 4639 2810 4696 hoc
2844 4641 3008 4696 etiam
3057 4657 3156 4697 suo
3198 4642 3368 4698 errori
3415 4643 3618 4699 insere.

2044 4734 2166 4782 rent
2196 4727 2225 4767 δ
2262 4729 2404 4799 quod
2435 4743 2531 4784 rex
2566 4744 2752 4787 eorum
2794 4729 3176 4788 Constantinus
3211 4748 3304 4788 eos
3338 4733 3410 4788 ab
3464 4732 3621 4788 idolis

2046 4819 2327 4878 liberasset
2353 4840 2366 4875 :
2401 4830 2458 4877 et
2485 4821 2536 4876 ei
2571 4823 2664 4894 qui
2696 4822 2985 4878 exsultavit
3011 4831 3072 4878 ut
3094 4824 3247 4895 gigas
3283 4822 3352 4878 ad
3395 4839 3617 4879 curren-

2046 4956 2198 5027 cujus
2217 4959 2395 5032 edicto
2417 4958 2880 5032 Constantinopoli!
2894 4961 3126 5032 synodus
3162 4961 3270 5032 illa!
3288 4961 3384 5017 fuit
3421 4975 3618 5032 convo-

2047 5043 2079 5082 c
2098 5038 2186 5091 ita,
2213 5030 2267 5099 in
2295 5028 2445 5097 cujus
2476 5029 2583 5099 fine
2613 5031 2755 5084 inter
2768 5028 3184 5086 acclamationes
3196 5030 3462 5085 solemnes
3488 5030 3618 5099 legi-

2048 5105 2137 5152 tur
2172 5097 2433 5154 :Omnem
2476 5097 2830 5154 idololatriam
2876 5115 2962 5155 vos
3007 5099 3339 5155 obscurastis.
3380 5099 3462 5154 Ad
3498 5097 3619 5155 uuae

2049 5168 2212 5238 verba
2249 5168 2304 5223 in
2336 5168 2475 5238 actis
2508 5165 2709 5225 Nicatni
2745 5169 2956 5225 concilii
3002 5185 3036 5224 ll
3070 5177 3466 5225 commentatur
3492 5165 3621 5238 Epi-

2049 5236 2281 5308 phanius
2314 5255 2326 5289 :
2368 5236 2479 5310 «κεί
2505 5252 2633 5310 vero
2660 5238 2742 5309 (ut
2766 5239 2868 5309 ipsi
2893 5239 3066 5310 aiunt)
3088 5236 3621 5310 conventusepiseoo

2050 5307 2241 5378 porum
2261 5314 2316 5363 et
2336 5309 2502 5364 robur
2539 5307 2935 5379 imperatorum
2951 5307 3055 5364 nos
3072 5310 3142 5379 ab
3157 5307 3323 5379 idolis
3348 5307 3615 5379 liberavit,

2052 5376 2220 5446 genus
2240 5379 2535 5446 humanum
2567 5376 2849 5446 a'veritate
2870 5378 3093 5435 fallitur.
3123 5376 3256 5433 Nam
3282 5393 3406 5434 cum
3432 5378 3501 5434 ab
3532 5391 3621 5434 er-

2053 5444 2179 5502 rore
2210 5445 2474 5504 idolorum
2506 5444 2664 5505 Iesus
2689 5444 2934 5504 Christus
2964 5448 3222 5504 Dominus
3264 5448 3406 5504 Deus
3434 5455 3620 5505 noster

2054 5530 2154 5573 nos
2182 5516 2447 5589 liberavit,
2486 5518 3035 5589 quomodopqterunt
3066 5518 3282 5589 gloriari
3322 5525 3379 5574 et
3409 5516 3619 5586 jactare

2055 5602 2089 5658 ζ
2141 5601 2202 5642 se
2256 5585 2797 5658 mimum—factum?
2826 5586 2874 5643 0
2928 5585 3171 5658 insanam
3211 5585 3612 5658 jactantiamls

2057 5654 2227 5724 Quem
2264 5654 2440 5715 locum
2478 5657 2696 5714 iudubie
2730 5657 2800 5713 ob
2834 5657 3019 5714 oculos
3062 5654 3255 5714 habuit
3287 5667 3344 5714 et
3383 5657 3617 5730 respexit

3182 5750 3263 5813 32
