4092 6188
488 280 622 335 1005

1322 274 1384 331 Β.
1423 273 1673 332 CAROLI
1716 272 1930 331 MAGNI
1965 273 2117 330 OPP.
2158 269 2338 328 PARS
2375 274 2436 328 ll.
2481 271 2723 328 SECTIO
2761 271 2825 325 ll.

3640 272 3769 326 10M

482 397 604 451 dam
637 394 801 456 viam,
828 391 893 447 de
918 405 1024 462 quo
1058 390 1259 446 dictum
1289 396 1392 455 est,
1422 388 1557 444 Ecce
1586 389 1703 444 vicit
1726 386 1806 442 leo
1831 388 1897 442 de
1926 387 2061 441 tribu
2089 391 2137 448 Α
2168 394 2288 442 tans
2326 401 2386 442 se
2427 386 2618 442 medici
2658 400 2849 456 parere
2884 384 3075 450 dictis,
3102 398 3212 440 non
3260 382 3452 439 solum
3514 382 3629 439 vini
3685 386 3776 441 sed

482 485 647 551 Iuda,
678 482 837 565 radix
863 481 1032 537 David
1059 479 1243 554 (Apoc.
1268 477 1355 549 ν),
1395 487 1450 534 et
1483 479 1833 550 triumphanti
1881 477 2085 533 mundi-

483 577 654 649 spolia
690 590 873 632 secum
920 571 1233 645 reportavit,
1266 571 1508 626 victoria:
1556 570 1765 625 titulum
1808 569 2068 640 derogare

485 670 783 740 cupientes,
810 664 923 735 regi
945 678 1044 719 suo
1073 662 1423 718 adnecterent
1448 673 1464 713 :
1491 674 1613 713 cum
1650 674 1756 713 nou
1784 658 1851 713 de
1877 672 2066 712 eorum

488 775 631 831 rege,
660 756 756 815 sed
802 756 871 811 de
920 768 1048 810 vero
1096 750 1489 821 triumphatore
1546 748 1764 804 Christo
1807 749 2071 818 propheta

487 846 833 921 prccdixerit:
862 844 995 899 Ecce
1024 843 1277 898 Dominus
1311 839 1552 895 ascendet
1573 855 1728 911 super
1759 838 1944 893 nubem
1993 836 2069 891 le-

491 959 622 1007 vem,
648 950 693 996 et
732 937 1052 1010 ingredietur
1087 934 1400 1006 Egi/ptum,
1424 941 1473 986 et
1519 931 1971 986 commovebuntur
2002 929 2077 984 δὶα

491 1034 727 1090 mulacra
752 1031 969 1103 AEgypti
1001 1047 1034 1083 a
1061 1028 1197 1099 faeie
1220 1026 1335 1097 ejus
1376 1024 1512 1096 (lsa.
1545 1023 1683 1096 XIX).
1730 1023 1937 1078 Nubem
1997 1023 2076 1077 le-

491 1142 633 1190 vem,
673 1138 870 1193 corpus
916 1120 1166 1175 videlicet
1217 1118 1544 1179 humanum,
1572 1115 1714 1184 quod
1759 1129 1826 1168 ex
1873 1113 2079 1183 virgine

495 1220 858 1285 assumpserat
901 1210 1046 1266 nulla
1066 1210 1315 1263 hmnanaa
1337 1204 1731 1261 commistionis
1756 1201 1914 1259 sorde
1945 1218 2081 1273 prae-

494 1320 773 1382 gravatum
801 1328 814 1364 :
843 1307 1135 1378 Egyptum
1162 1305 1421 1359 mundum
1440 1300 1627 1357 volens
1650 1298 1911 1367 intelligi:
1938 1295 2081 1365 quod

495 1412 550 1458 et
575 1416 673 1474 per
695 1399 985 1456 Jcremiam
1008 1409 1143 1466 pene
1167 1393 1358 1448 iisdem
1383 1391 1566 1447 verbis
1594 1405 1651 1444 se.
1680 1388 1879 1443 dudum
1915 1386 2085 1442 factu-

496 1510 617 1551 rum
661 1506 779 1549 esse
816 1490 1154 1561 promiserat,
1186 1485 1409 1541 dicens:
1444 1480 1750 1552 Disperdam
1777 1477 2083 1541 simulacra,

498 1596 546 1641 et
590 1600 791 1640 cessare
834 1580 1030 1651 faciam
1072 1575 1216 1631 idola
1252 1574 1318 1628 de
1374 1570 1631 1642 Memphis
1687 1568 1903 1641 (Ezech.
1931 1565 2082 1637 xxx).

499 1687 525 1717 ι
556 1673 720 1730 Gesta
741 1678 1000 1742 praeterea
1027 1674 1111 1722 est
1134 1664 1303 1720 ferme
1332 1670 1457 1717 ante
1490 1660 1780 1715 triennium
1823 1663 1879 1712 et
1917 1655 2087 1710 altera

2165 479 2329 533 etiam
2378 477 2597 533 laticum
2658 476 2761 530 sibi
2814 474 3099 529 interdicat
3148 474 3445 529 humorem
3467 513 3488 539 ,
3539 472 3681 528 adeo
3721 484 3777 529 ut

2166 569 2258 639 qui
2292 568 2493 623 dudum
2525 567 2809 637 languebat
2832 565 3001 620 nimio
3025 563 3135 619 vini
3170 563 3376 619 haustu
3401 561 3774 623 madefactus,

2168 659 2313 715 omni
2349 658 2451 715 sibi
2487 658 2696 728 liquore
2722 656 3029 719 interdicto,
3055 654 3309 725 langueat
3345 651 3448 707 siti
3472 649 3775 707 arefactus:

2171 764 2294 804 cum
2317 758 2517 812 tamen,
2556 755 2611 802 et
2638 746 2685 802 si
2722 746 2938 801 diversa
2984 745 3055 799 sit
3094 758 3257 799 causa
3289 739 3609 811 languoris,
3646 755 3781 793 unus

2172 850 2353 894 tamen
2378 839 2449 893 sit
2470 837 2698 894 eﬂ‘ectus
2727 835 2985 892 desidiosi
3018 832 3244 889 erroris.
3309 831 3544 887 [atem
3566 844 3690 885 eum
3731 829 3780 882 in

2173 940 2365 986 neutra
2377 937 2532 999 parte
2553 943 2727 998 neque
2745 928 2835 983 isti
2854 942 3027 997 neque
3050 928 3125 983 illi
3139 928 3537 998 temperantiae
3564 936 3782 980 tenean-

2176 1029 2267 1075 tur
2285 1020 2528 1084 habenis,
2543 1018 2637 1072 sed
2658 1018 3189 1089 utriqueprtecipites
3203 1034 3299 1089 per
3312 1019 3560 1089 abrupta
3575 1016 3782 1072 discur-

2178 1120 2318 1173 rant,
2348 1118 2403 1166 et
2426 1109 2629 1179 dispari
2667 1124 2830 1163 cursu
2879 1107 3141 1175 ferantur,
3194 1126 3302 1164 uno
3329 1117 3528 1165 tamen
3555 1122 3781 1163 occursu

2179 1218 2391 1274 sponsa:
2414 1201 2618 1258 Christi
2662 1201 2937 1268 Ecclesim,
2984 1202 3071 1257 cui
3118 1201 3233 1272 ipse
3284 1201 3425 1257 dicit
3463 1200 3521 1254 in
3549 1197 3783 1255 Canticis

2181 1293 2540 1356 canticorum,
2577 1290 2708 1345 Tota
2733 1293 2968 1363 speciosa
2990 1309 3065 1356 es,
3117 1293 3288 1346 amica
3309 1307 3460 1356 mea,
3499 1298 3551 1345 et
3577 1288 3781 1342 macula

2183 1403 2287 1440 non
2323 1394 2397 1439 est
2425 1386 2479 1438 in
2506 1395 2555 1439 te
2588 1382 2767 1456 (Cant.
2815 1382 2896 1455 ιι),
2937 1381 3206 1438 maculam
3249 1379 3469 1436 inferre
3492 1386 3778 1441 conantur,

2184 1477 2312 1532 dum
2347 1475 2499 1530 etilli
2528 1475 2577 1529 ei
2602 1476 2737 1530 bene
2768 1475 2953 1530 habita
2983 1473 3238 1543 abiicere,
3277 1482 3336 1527 et
3364 1472 3462 1526 isti
3506 1473 3650 1527 bene
3689 1470 3783 1523 ha-

2185 1568 2314 1623 bitis
2346 1567 2486 1622 male
2513 1567 2590 1622 uti
2615 1566 2870 1631 suadent;
2913 1566 3040 1621 dum
3079 1565 3285 1621 scilicet
3324 1572 3387 1619 et
3437 1562 3519 1618 illi
3555 1562 3606 1617 ei
3626 1577 3783 1617 orna-

2189 1664 2370 1712 nteuta
2391 1655 2606 1712 auferre
2626 1656 2859 1720 student,
2886 1663 2940 1711 et
2953 1655 3041 1710 isti
3071 1670 3189 1710 eam
3212 1662 3547 1710 ornamenta
3562 1653 3783 1708 adorare

500 1734 868 1839 synodus-illis
896 1761 952 1815 in
980 1758 1239 1830 partibus,
1262 1754 1329 1809 ab
1358 1766 1545 1807 eorum
1583 1749 1674 1819 qui
1710 1748 1946 1819 priorem
1971 1760 2087 1816 ges-
2114 1734 2162 1795 Β
2187 1757 2534 1819 permovent;
2596 1762 2717 1817 quae
2761 1748 2869 1802 duo
2899 1746 3059 1809 mala,
3103 1753 3166 1800 υι
3206 1738 3428 1815 νηίδα
3471 1758 3686 1808 θρωπε,
3723 1741 3785 1797 ἀρ

502 1837 687 1914 serant
714 1851 1136 1913 successoribus,
1160 1846 1306 1901 vela
1352 1842 1625 1914 plerisque
1670 1839 1764 1910 qui
1812 1838 1866 1892 in
1909 1837 2090 1908 priore

502 1951 670 2007 fuisse
709 1953 998 2003 narrantur
1024 1957 1039 1996 :
1070 1956 1192 2010 qua:
1240 1946 1418 1992 tamen
1466 1946 1773 2004 quanquam
1830 1945 1861 1983 a
1911 1928 2091 1998 priore

503 2044 665 2098 distet
692 2048 837 2100 voto,
862 2050 968 2090 non
993 2042 1174 2088 tamen
1198 2030 1361 2084 distat
1379 2040 1594 2090 errore;
1641 2023 1765 2078 etsi
1790 2021 1975 2091 dispar
2008 2026 2095 2074 est

505 2135 739 2205 negotio,
764 2137 850 2185 est
875 2136 1051 2182 tamen
1078 2136 1299 2191 compar
1322 2117 1553 2189 ﬂagitio;
1591 2123 1794 2170 etcum
1823 2113 1895 2168 sit
1914 2120 2094 2182 poste-

504 2199 618 2282 rior
645 2232 903 2292 tempore,
932 2231 1040 2271 non
1077 2223 1257 2269 tamen
1281 2218 1365 2265 est
1393 2207 1661 2280 posterior
1696 2203 1942 2259 crimine.
1984 2199 2096 2255 Nec

506 2314 777 2372 immerito
817 2311 869 2365 in
916 2306 1077 2362 unius
1124 2301 1326 2358 baratri
1376 2312 1651 2354 cumosum
1703 2294 1897 2356 lacum,
1925 2304 2098 2361 quau-

508 2420 670 2478 quam
695 2417 793 2474 per
831 2399 1043 2455 diversa
1070 2393 1361 2454 ﬂuitantes,
1383 2388 1653 2443 conﬂuere
1679 2384 1948 2446 videntur,
1976 2394 2097 2450 quae

510 2477 580 2557 ab
612 2497 774 2554 unius
811 2491 1088 2565 iactantiae
1125 2497 1181 2544 et
1210 2502 1362 2542 vauzu
1393 2484 1567 2540 laudis
1604 2481 1749 2537 fonte
1787 2477 2098 2535 seaturiisse

510 2590 823 2646 creduntur.
851 2583 979 2640 limo
1010 2581 1176 2645 enim,
1198 2574 1650 2633 anathematizata
1695 2580 1752 2626 et
1791 2570 2098 2625 abominata

511 2699 636 2738 cum
664 2680 779 2737 suis
803 2674 1112 2733 auctoribus
1136 2671 1338 2744 priore,
1367 2667 1648 2738 imagines,
1669 2678 1804 2735 quas
1829 2661 1979 2734 prior
2000 2673 2101 2714 nec

511 2777 674 2832 etiam
700 2787 924 2830 eernere
947 2768 1287 2841 permiserat,
1313 2763 1541 2817 adorare
1563 2756 1865 2829 compellit;
1894 2762 1951 2809 et
1976 2753 2101 2808 ubi-

513 2880 728 2937 cunque
765 2864 879 2920 sive
920 2861 974 2916 in
1000 2858 1195 2916 divina:
1221 2853 1518 2924 Scriptura:
1547 2849 1698 2911 locis,
1723 2847 1837 2901 sive
1877 2846 1932 2899 in
1976 2858 2101 2898 san-

515 2969 722 3015 ctorum
750 2955 974 3010 Patrum
1017 2943 1438 3008 commentariis,
1466 2953 1843 3012 quamcunque
1890 2949 2106 3005 repere-

518 3058 642 3106 runt
677 3046 973 3117 imaginum
997 3041 1325 3096 mentionem
1354 3049 1479 3103 erga
1506 3046 1616 3087 sum
1640 3029 1932 3086 voluntatis
1961 3025 2105 3080 arbi-

519 3141 681 3195 trium
708 3142 926 3192 vertunt
945 3134 999 3188 in
1026 3130 1414 3187 adoratioucm.
1460 3125 1570 3179 Nec
1605 3122 1829 3177 minoris
1861 3116 2108 3174 absurdi-

522 3233 647 3288 tatis
673 3228 836 3300 spiris
877 3226 933 3281 hi
973 3228 1365 3281 connectuntur
1411 3217 1466 3272 in
1508 3216 1709 3271 habere
1758 3220 1812 3268 et
1859 3210 2103 3274 adorare,

522 3338 684 3395 quam
711 3320 789 3377 illi
811 3316 1040 3376 connexi
1070 3321 1195 3370 sunt
1223 3313 1277 3367 in
1311 3310 1544 3380 imagine
1572 3315 1628 3362 ct
1670 3304 1832 3369 idolo,
1860 3319 1983 3359 cum
2030 3300 2106 3355 illi

525 3414 808 3487 imaginem
845 3417 901 3466 et
938 3407 1159 3471 idolum,
1200 3403 1286 3458 isti
1333 3402 1535 3457 habere
1566 3406 1622 3452 et
1659 3397 1916 3458 adorare,
1942 3407 2107 3447 unum

524 3522 645 3561 esse
673 3508 961 3575 putarunt,
989 3514 1109 3569 quas
1149 3505 1328 3551 tamen
1363 3508 1393 3547 a
1425 3506 1484 3548 se
1531 3489 1760 3546 invicem
1810 3487 2028 3551 distant,
2057 3493 2112 3539 et

524 3596 838 3653 diversitate
858 3592 933 3647 rei
958 3598 1012 3646 et
1031 3590 1287 3645 societate
1306 3581 1705 3655 pranlicameuti
1732 3593 1747 3633 :
1771 3578 1968 3649 quippe
1987 3591 2108 3631 cum

525 3684 935 3744 uuumillorum
967 3681 1039 3736 sit
1082 3678 1314 3737 habitus,
1346 3674 1576 3729 alterum
1623 3683 1801 3740 agere.
1856 3668 1988 3723 Nam
2020 3667 2109 3722 illa

525 3775 626 3830 etsi
655 3786 848 3840 magna
874 3770 1071 3825 distent
1086 3763 1405 3828 diﬂ'crentia,
1421 3759 1611 3815 saltem
1639 3759 1690 3813 in
1713 3756 2107 3827 eoiunguntur,

527 3864 667 3935 quod
690 3878 798 3917 unu
816 3877 851 3913 η
884 3858 1111 3928 species,
1138 3855 1365 3908 alterum
1389 3864 1556 3923 genus
1580 3856 1696 3904 est:
1727 3849 1844 3903 h:ec
1870 3860 1998 3901 vero
2013 3859 2111 3899 nec

527 3934 742 4025 genere,
770 3964 871 4006 nec
912 3946 1108 4019 specie,
1134 3958 1236 3999 nec
1281 3941 1387 3996 ulla
1437 3936 1801 4008 hujuscemodi
1857 3934 2113 3989 societate

528 4046 630 4102 sibi
656 4045 946 4105 cohaerent,
960 4052 1082 4096 eum
1103 4044 1158 4092 et
1180 4033 1392 4090 adorari
1415 4031 1622 4101 possint
1642 4043 1761 4098 qum
1784 4042 1890 4082 non
1917 4026 2116 4081 haben-

531 4144 637 4200 tur,
659 4141 716 4189 et
759 4130 947 4188 haberi
991 4142 1112 4199 qua:
1153 4139 1261 4181 non
1297 4123 1608 4178 adorantur.
1649 4117 1849 4187 Sicque
1899 4113 2114 4184 rejectis

533 4222 915 4281 moderaminis
942 4216 1281 4279 retinaculis,
1310 4221 1365 4268 et
1396 4211 1638 4283 neglecto
1666 4208 1809 4278 quod
1854 4209 1922 4263 ab
1969 4209 2079 4261 anti
2098 4238 2112 4248 -

533 4318 654 4387 quis
684 4330 790 4371 non
830 4314 1122 4381 incongrue
1164 4307 1365 4362 dictum
1401 4311 1482 4358 est
1516 4300 1843 4373 proverbio:
1876 4299 1957 4353 Ne
1986 4300 2113 4370 qud

2180 1838 2463 1909 iactantia:
2509 1839 2657 1894 fonte
2707 1837 3057 1908 pullularunt.
3121 1837 3373 1906 Dumque
3441 1835 3636 1890 volunt
3685 1833 3780 1887 hu-

2190 1948 2379 1988 manos
2419 1933 2650 1998 favores,
2689 1939 2745 1986 et
2791 1930 2974 1985 vocari
3027 1929 3096 1985 ab
3146 1928 3468 1984 hominibus
3508 1926 3703 1991 Rahbi,
3735 1932 3783 1978 et

2191 2038 2319 2078 suas
2355 2022 2543 2079 laudes
2591 2021 2704 2077 suis
2744 2021 2989 2091 apicibus
3015 2018 3319 2090 prmfigunt,
3365 2032 3473 2073 nec
3507 2017 3780 2072 attendunt

2192 2115 2335 2186 quod
2357 2130 2455 2185 per
2478 2113 2764 2184 quemdam
2808 2112 3106 2182 sapientem
3151 2110 3391 2166 dicitur:
3452 2107 3695 2161 Laudent
3735 2116 3781 2158 te

2194 2206 2308 2271 alii,
2363 2215 2410 2260 et
2438 2221 2541 2259 non
2580 2220 2636 2257 os
2682 2214 2850 2264 tuum,
2889 2211 3188 2266 extraneas,
3236 2211 3282 2254 et
3312 2217 3426 2255 non
3487 2199 3669 2268 lingua
3695 2206 3779 2249 tua

2195 2300 2376 2369 (Prov.
2402 2298 2606 2368 xxvn):
2650 2295 2856 2350 relictis
2880 2284 3181 2366 priscOrum
3216 2291 3446 2346 Patrum
3477 2288 3779 2345 traditioni-

2198 2397 2317 2459 l~us,
2353 2393 2445 2464 qui
2470 2391 2734 2460 imagines
2761 2406 2866 2443 non
2902 2387 3079 2443 (olere
3115 2392 3438 2450 sanxerunt,
3483 2382 3581 2438 sed
3615 2382 3668 2435 in
3700 2394 3779 2433 or-

2198 2495 2451 2543 natm-nte
2471 2483 2822 2539 ecclesiarum
2853 2481 3053 2535 habere
3074 2477 3339 2541 siverunt,
3374 2490 3552 2530 novas
3576 2481 3630 2528 et
3642 2471 3780 2526 inso—

2200 2581 2325 2634 litas
2346 2575 2602 2632 Ecclesia:
2629 2573 2877 2628 nituntur
2898 2569 3099 2626 inferre
3114 2567 3559 2632 constitutiones,
3598 2563 3777 2634 quibus

2199 2673 2248 2728 ei
2273 2669 2536 2726 maculam
2563 2666 2742 2737 potius
2771 2679 2933 2735 quam
2955 2664 3202 2718 decorem
3228 2660 3532 2716 ast‘rihant.
3586 2654 3715 2710 Nam
3737 2652 3777 2706 si

2201 2777 2368 2817 novas
2400 2757 2809 2815 constitutiones
2843 2753 3098 2809 Ecclesia:
3122 2752 3372 2821 ingerere
3393 2745 3657 2818 iactantia
3682 2749 3773 2804 est,

2203 2853 2435 2910 schisma
2466 2860 2580 2906 est:
2607 2847 2749 2919 quod
2765 2856 2941 2900 tamen
2965 2846 3018 2900 in
3046 2842 3281 2898 Ecclesia
3308 2839 3431 2896 ﬁeri
3467 2853 3575 2892 non
3600 2834 3772 2890 debet:

2204 2943 2345 3014 quod
2368 2943 2412 2997 si
2443 2941 2674 2996 schisma
2699 2945 2801 3002 est,
2828 2934 3039 2991 macula
3062 2942 3163 2996 est,
3203 2946 3324 3001 qua:
3346 2931 3403 2985 in
3432 2929 3637 2998 Sponsa
3669 2936 3777 2978 esse

2206 3010 2452 3103 negatur.
2507 3030 2562 3085 Si
2594 3028 2752 3099 igitur
2795 3041 2960 3081 novas
2984 3010 3401 3079 constitutitmes
3430 3015 3679 3073 Ecclesiae
3703 3012 3774 3065 in-

2206 3140 2393 3197 gerere
2411 3121 2670 3193 iactantia
2695 3131 2799 3186 est,
2828 3116 3036 3172 macula
3059 3112 3247 3185 procul
3276 3110 3445 3169 dubio
3467 3117 3570 3173 est,
3595 3120 3706 3176 qua:
3726 3103 3774 3156 in

2207 3231 2403 3288 sponsa
2419 3228 2538 3270 esse
2561 3219 2808 3283 negatur.
2896 3208 3048 3264 Unde
3086 3207 3246 3262 datur
3273 3201 3501 3272 intelligi
3529 3214 3632 3254 non
3662 3209 3773 3250 eum

2206 3324 2327 3365 esse
2364 3307 2595 3363 amicum
2622 3303 2823 3374 sponsi,
2850 3301 2941 3372 qui
2976 3300 3111 3355 adeo
3132 3314 3243 3353 suae
3265 3298 3444 3353 laudis
3468 3293 3581 3349 vult
3607 3303 3772 3345 cumu-

2207 3401 2321 3456 lare
2348 3412 2625 3460 cacumen,
2649 3404 2709 3450 ut
2730 3409 2827 3465 per
2849 3408 3092 3449 errorum
3116 3400 3271 3446 notas
3298 3406 3408 3445 non
3430 3394 3672 3445 vereatur
3696 3395 3770 3433 ec-

2209 3488 2572 3544 clesiasticum
2599 3483 2897 3541 obtundere
2920 3497 3176 3545 acumen;
3202 3496 3267 3534 ac
3294 3495 3396 3550 per
3421 3480 3526 3535 hoc
3552 3475 3594 3530 si
3631 3485 3772 3541 spon-

2209 3595 2325 3633 sam
2354 3576 2563 3631 macula
2602 3588 2707 3628 non
2747 3572 2919 3634 decet,
2953 3585 3076 3625 eam
3105 3569 3157 3624 ei
3211 3569 3393 3623 nullus
3418 3562 3599 3623 conari
3630 3557 3772 3614 debet

2209 3666 2542 3737 imprimere:
2583 3674 2743 3732 quam
2768 3661 2811 3714 si
2846 3658 3023 3714 nullus
3051 3658 3234 3713 conari
3266 3657 3430 3713 debet
3486 3649 3772 3721 imprimere

2210 3758 2302 3827 qui
2340 3762 2585 3815 conatur,
2623 3765 2822 3820 sponso
2850 3749 3099 3818 iniuriam
3127 3746 3274 3801 facit.
3337 3745 3398 3800 Si
3438 3743 3596 3814 igitur
3625 3750 3768 3806 spon-

2211 3863 2326 3902 sam
2353 3842 2561 3899 macula
2599 3856 2705 3895 non
2730 3841 2902 3905 decet,
2933 3847 2987 3893 et
3020 3844 3207 3892 revera
3240 3850 3345 3890 non
3378 3836 3549 3896 decet,
3566 3829 3650 3900 qui
3692 3839 3768 3878 co-

2214 3945 2374 3993 natur
2394 3933 2721 4004 imprimere,
2753 3944 2949 3999 spnnso
2975 3926 3229 3998 iniuriam
3252 3923 3404 3981 facit.
3438 3921 3545 3977 Nos
3566 3916 3769 3984 denique

2212 4026 2559 4099 propheticis,
2591 4020 2914 4093 evangelicis
2940 4029 2995 4074 et
3028 4016 3337 4089 apostolicis
3359 4009 3769 4099 Scripturiseouo

2217 4092 2350 4174 lenti
2377 4124 2431 4173 et
2454 4092 2762 4172 sanctorum
2787 4111 3206 4167 orthodoxorum
3232 4107 3475 4173 Patrum,
3512 4100 3599 4173 qui
3620 4092 3768 4152 nulla-

2216 4220 2374 4267 tenus
2412 4209 2465 4264 in
2492 4207 2605 4263 suis
2638 4203 2979 4273 dogmatibus
3008 4203 3078 4256 ab
3125 4215 3190 4256 eo
3228 4200 3317 4270 qui
3346 4208 3431 4254 est
3474 4195 3574 4259 via,
3605 4186 3767 4245 verita!

2215 4310 2262 4355 et
2279 4302 2404 4366 vita,
2430 4298 2732 4363 deviaruut,
2758 4294 3019 4351 institutis
3045 4293 3254 4356 imbuti,
3288 4299 3343 4347 et
3364 4297 3575 4347 sanctas
3593 4287 3641 4337 et
3667 4274 3767 4366 uni-

534 4365 653 4387 T-.-
685 4365 789 4371 ---η
899 4365 941 4367 μ
991 4365 1022 4381 ι.
1517 4365 1534 4373 ,
1998 4365 2009 4370 ,
2392 4365 2396 4366 ,

534 4406 710 4471 nimis,
734 4398 1121 4458 mediocritatis
1149 4395 1283 4450 calle
1326 4392 1663 4448 transmisso.
1691 4405 1788 4460 per
1814 4389 1965 4445 devia
1996 4406 2117 4461 gra-
2147 4406 2197 4466 ι)
2218 4390 2454 4449 ver-sales
2477 4406 2569 4446 sex
2594 4389 2845 4461 synodos,
2885 4402 3005 4456 qua:
3027 4400 3124 4455 pro
3145 4384 3311 4438 variis
3330 4384 3674 4437 hereseorum
3698 4365 3765 4418 in-

536 4487 982 4550 diunturzvcluti
1021 4486 1068 4541 si
1100 4486 1221 4555 quis
1258 4484 1468 4539 cuidam
1516 4479 1853 4550 multiloquio
1902 4481 2115 4534 vacanti

542 4586 1017 4654 temperamentum
1065 4578 1118 4631 in
1161 4575 1429 4645 loquen'lo
1467 4574 1704 4628 inlicere
1731 4588 1944 4637 curans,
1970 4572 2059 4627 ille
2089 4587 2119 4627 e

537 4671 810 4729 contrario
835 4669 969 4724 adeo
994 4664 1208 4721 silentio
1242 4664 1473 4727 studeat,
1516 4670 1578 4716 u-t
1614 4667 1792 4716 mutus
1834 4660 2113 4722 eﬂiciatur,

537 4771 593 4817 et
615 4760 700 4815 cui
733 4758 965 4814 dedecus
995 4756 1273 4824 ingerebat
1300 4752 1603 4807 inordinata
1632 4749 1947 4819 loquacitas,
1964 4750 2121 4802 dede-

539 4869 635 4907 cus
663 4848 1013 4906 nihilominus
1041 4847 1250 4917 ingerat
1279 4844 1544 4898 desidiosa
1571 4840 1929 4897 taciturnitas.
1947 4841 2049 4893 Aut
2076 4839 2120 4893 si

539 4944 659 5013 quis
687 4940 927 4996 medicus
944 4944 1291 5007 aegrotantem
1325 4934 1648 4989 temulentiae
1673 4940 1882 5002 arguat,
1908 4931 1997 4987 ille
2030 4946 2124 5000 pu-

542 5115 764 5172 Carolus
797 5112 1037 5182 Magnus.
1063 5111 1217 5180 Apud
1239 5108 1616 5182 Theophanem
1655 5106 1716 5182 in_
1746 5105 1884 5160 Hist.
1918 5103 2119 5182 Misce].

544 5188 794 5256 leguntur
805 5175 1072 5256 episcopi,
1099 5175 1248 5236 [inita
1273 5175 1477 5256 synodo
1507 5175 1819 5256 «populum
1838 5189 2032 5256 manus
2069 5176 2125 5229 in

546 5244 715 5312 alium
749 5244 936 5314 tollere
965 5244 1255 5320 iubentes,
1271 5244 1467 5320 Letum
1503 5244 2119 5320 strepitum'cxeitasse,

548 5336 712 5409 atque
745 5321 874 5379 illud
897 5314 1413 5401 protulissenllomn
1441 5314 1852 5409 SALUSAFRXD'QI:
1882 5314 2126 5397 quando-

549 5386 765 5468 quidem
800 5386 965 5463 opei'a
1006 5400 1117 5457 tua,
1157 5406 1191 5445 o
1219 5390 1543 5457 imperator,
1584 5386 1741 5441 idolis
1777 5386 1989 5440 liberati
2039 5400 2131 5439 su-

554 5481 693 5521 111115.
734 5485 753 5517 ι

623 5549 649 5575 ει
682 5533 837 5588 Gesta
861 5542 1113 5603 partem;
1138 5540 1219 5603 est
1238 5529 1398 5599 ferme
1425 5536 1546 5603 ante
1575 5526 1936 5603 triennium.“
1960 5521 2129 5603 altera

553 5605 781 5674 synodus
826 5592 939 5674 illis
971 5603 1026 5656 in
1064 5592 1431 5674 purt_ibl,__ei_.e;
1457 5596 1648 5674 Nicasat
1682 5594 1737 5648 in
1776 5593 2022 5674 Bithynia
2061 5592 2131 5646 ab

555 5663 880 5743 imperatore
906 5663 1259 5726 Constantino
1281 5668 1365 5722 νη
1396 5667 1871 5737 Porphyrogeneto
1894 5673 1947 5716 et
1973 5663 2127 5717 Irena

2218 4483 2593 4538 festationibus
2618 4495 2648 4534 a
2670 4479 2871 4534 sanctis
2889 4485 2943 4532 et
2958 4473 3354 4532 venerabilibus
3365 4468 3606 4526 Patr-ibus
3623 4464 3765 4532 gest-‘0

2217 4584 2362 4637 sunt,
2390 4573 2763 4642 suscipientes,
2797 4582 2984 4625 omnes
3006 4566 3274 4621 novitates
3302 4578 3511 4625 vocum,
3539 4562 3590 4610 et
3616 4543 3765 4606 stulti-

2217 4667 2409 4736 loquas
2455 4665 2864 4719 adiuvcntiones
2908 4658 3219 4728 abiicimus:
3264 4664 3318 4712 et
3355 4670 3462 4708 non
3489 4647 3649 4705 solum
3674 4649 3764 4736 l1?"

2220 4757 2559 4826 suscipimus,
2609 4768 2794 4808 verum
2836 4751 3001 4806 etiam
3029 4761 3283 4818 tanquam
3321 4742 3658 4816 purgamenta
3685 4725 3763 4780 de‘

2222 4847 2495 4918 spieimus,
2551 4846 2690 4900 sicut
2736 4853 2790 4897 et
2839 4854 2957 4895 eam
3003 4855 3125 4909 qua:
3154 4845 3375 4908 propter
3404 4822 3760 4918 adorandal'ilm

2221 4908 2514 5010 imaginum
2563 4932 3078 5005 impudentissimam
3115 4928 3460 4985 traditionem
3503 4922 3555 4976 in
3601 4908 3760 4976 Bith!‘

2223 5119 2412 5177 matre,
2441 5125 2530 5165 an.
2569 5106 2771 5163 Christi
2807 5106 2930 5171 737,
2968 5100 3276 5177 mango.
3309 5097 3646 5177 tribuistis?
3672 5082 3758 5177 ῖῇξξ

2244 5144 2290 5166 ΙΙή
2364 5144 2394 5164 Ὀ
2494 5144 2530 5163 Ι.
2570 5144 2669 5163 υιιι
2684 5144 2771 5161 lati
2818 5144 2902 5162 Ιυι
2968 5144 3155 5161 Ιιιιιινισ
3194 5144 3276 5157 ιν·
3314 5144 3495 5156 ιιι-διν*
3540 5144 3549 5145 ί
3586 5144 3614 5157 υ

2224 5144 2513 5243 iudici-us,
2555 5193 2678 5234 cum
2722 5178 2836 5231 haec
2876 5147 3115 5246 s§nodus
3156 5170 3405 5227 Fraucol‘.
3454 5144 3757 5246 Metuit:

2226 5228 2677 5320 ἧδ’νᾷξῇιέἆᾶὶῖ
2703 5228 3128 5316 patientius:
3164 5249 3256 5320 aut
3302 5250 3449 5320 certe

2228 5284 2339 5307 ιυιυ
2486 5284 2666 5303 ιυιιιιιυ
2741 5284 2875 5301 vosv-
2890 5284 2961 5301 ιυι
3011 5284 3079 5300 σιν
3115 5284 3128 5298 ο
3164 5284 3256 5297 uu-
3303 5284 3384 5296 νν-
3399 5284 3447 5294 -ν
3494 5284 3539 5289 vv
3634 5284 3649 5291 -

2224 5321 2364 5389 Quid
2387 5284 2737 5389 astirlegamusy
2753 5332 2769 5370 :
2795 5326 2915 5370 ante
2946 5314 3267 5424 septennium
3295 5318 3342 5364 et
3365 5308 3526 5364 altera
3556 5284 3753 5365 89W“?

2235 5391 2489 5424 "‘ansn:m
2527 5391 2580 5424 ὅ..
2604 5386 2841 5424 ..ηε-131...
2883 5393 2968 5424 nln
3065 5382 3183 5424 nun
3206 5391 3365 5424 nan.“

2228 5353 3752 5462 ῧῖιῒυέιῖῗῒἓὲἓῖίὶὲἵῗέιὲἵξξΕὸὶὶίιῖᾆοῖοῖἷόὲθρἱέδὲᾓίξ

2226 5428 2381 5518 locu;
2403 5428 2571 5531 'vulgo
2604 5428 2748 5531 finale
2765 5428 2988 5531 ubi};
3006 5428 3750 5531 Ni‘c‘énir_h_itiusreunciiii‘ac‘t’a

3229 5501 3538 5577 fideinl‘m,
3581 5501 3662 5557 lib.
3689 5502 3750 5551 IV.

2229 5618 2349 5670 Cflp.
2380 5602 2446 5657 i5
2482 5611 2534 5655 et
2570 5615 2685 5669 (λιιι.
2713 5597 2801 5651 “£4.
