4042 6192
380 254 519 313 ίυυὸ

1202 254 1379 312 unm
1413 255 1757 314 caseum.
1788 286 1860 301 -μ
1891 255 2112 312 CAPIT.
2156 256 2245 312 DE
2283 231 2469 313 me.
2512 286 2583 298 -
2619 258 2751 314 LIB.
2782 261 2825 314 ι.

3511 264 3648 321 1006

378 368 485 423 nite
512 367 758 437 partibus
788 374 939 439 gesta
964 376 1068 433 est,
1120 368 1406 439 synodum.
1482 366 1648 437 Cujus
1681 368 1963 437 scriptura:
1990 376 2037 432 Α
2067 366 2299 424 secunda
2315 368 2494 440 priore
2513 373 2787 424 destructa
2803 372 3104 442 computari
3127 374 3341 442 debeat,
3357 376 3413 431 in
3430 391 3655 447 sequen-

378 468 559 515 textus
583 458 889 529 eloquentia
912 474 1184 530 sensuque
1199 476 1395 515 carens
1420 459 1489 515 ad
1514 476 1612 515 nos
1642 474 1813 529 usque
1834 474 1960 528 per-

377 548 547 604 venit.
587 547 785 605 Contra
819 548 972 619 cujus
1006 564 1221 605 errores
1255 550 1376 605 ideo
1423 550 1661 605 scribere
1696 548 1962 619 compulsi

376 656 586 706 sumus,
632 652 692 698 ut
735 642 907 698 sicubi
958 642 1100 699 forte
1146 651 1240 698 aut
1268 659 1460 699 manus
1496 643 1814 709 tenentium,
1871 649 1967 696 aut

376 748 539 788 aures
572 734 905 790 audientium
943 736 1228 805 inquinare
1269 736 1575 801 teutaverit,
1618 733 1790 790 nostri
1839 735 1964 805 styli

376 824 683 879 divinarum
699 824 1103 895 Scripturarum
1114 826 1436 882 auctoritate
1451 826 1646 881 armati
1663 825 1968 880 invectione

374 914 608 984 pellatur
638 932 653 969 :
698 924 757 972 et
801 918 1053 983 inertem,
1090 917 1174 972 vel
1199 918 1380 987 potius
1410 918 1672 973 inermem
1703 916 1967 975 Orientali

375 1005 447 1059 de
466 1013 624 1075 parte
643 1006 949 1062 venientem
979 1008 1186 1064 hostem
1206 1006 1442 1063 Occidua
1458 1007 1512 1061 in
1538 1015 1692 1077 parte
1718 1020 1818 1077 per
1843 1020 1962 1071 nos,

378 1092 590 1150 favente
626 1095 756 1159 Deo,
805 1095 968 1150 allata
996 1104 1310 1151 sanctorum
1337 1096 1559 1151 Patrum
1596 1094 1864 1150 sententia
1889 1092 1969 1147 fc—

375 1184 503 1239 riat.
527 1197 555 1226 ι
593 1185 749 1253 Quod
768 1201 905 1256 opus
947 1186 1186 1257 aggressi
1233 1201 1421 1241 sumus
1455 1201 1579 1240 cum
1622 1184 1967 1240 conhibentia

374 1272 721 1331 sacerdotum
747 1276 803 1331 in
823 1291 990 1348 regno
1004 1293 1034 1331 a
1059 1278 1169 1332 Deo
1217 1277 1375 1332 nobis
1398 1291 1656 1331 concesso
1684 1275 1969 1330 catholicis

372 1367 634 1439 gregibus
659 1367 1027 1437 praalatorum,
1054 1384 1158 1423 non
1182 1368 1508 1437 arrogantia:
1534 1367 1843 1438 supercilio,
1873 1366 1969 1422 sed

373 1457 495 1512 zelo
518 1458 614 1512 Dei
637 1468 695 1512 et
714 1456 962 1512 veritatis
980 1459 1189 1514 studio:
1231 1458 1486 1529 quoniam
1526 1459 1666 1513 sicut
1696 1456 1862 1526 justis
1913 1466 1971 1511 et

372 1541 619 1604 honestis
652 1550 816 1605 rebus
851 1551 1117 1619 inhzercre
1146 1559 1414 1618 sanctum,
1453 1551 1526 1605 ita
1565 1550 1819 1605 nimirum
1849 1565 1970 1620 pes-

372 1638 531 1695 simis
550 1649 605 1694 et
624 1640 945 1695 inordinatis
972 1643 1131 1697 rebus
1153 1641 1392 1697 animum
1405 1640 1814 1696 accommodare
1840 1654 1965 1709 pec-

2068 462 2232 526 tibus,
2246 478 2367 517 cum
2385 478 2474 517 res
2485 463 2744 532 exegerit,
2764 464 3092 533 diligentius,
3111 476 3385 523 annuente
3400 468 3650 535 Domino,

2066 552 2478 622 disputabimus,
2520 569 2640 623 qua:
2685 554 2891 611 scilicet
2918 556 3062 611 haud
3096 570 3254 612 secus
3295 572 3392 613 sex
3435 560 3654 630 synodis

2065 642 2459 713 :equiparanda:
2478 652 2621 708 sunt,
2636 660 2797 714 quam
2821 645 3211 702 Rubenitarum
3238 656 3293 703 et
3311 646 3652 715 Gaditarum,

2066 742 2122 790 et
2147 735 2384 792 dimidia:
2407 737 2582 793 tribus
2606 737 2849 793 Manasse
2882 738 3057 795 altare
3086 738 3247 795 altari
3275 740 3419 811 quod
3440 756 3540 812 per
3578 743 3654 799 le-

2067 825 2377 895 gislatorem
2414 826 2642 882 Domino
2668 825 2895 896 jubente
2934 829 3212 884 conditum
3258 838 3362 897 est,
3410 833 3650 901 mquipa-

2068 913 2179 968 rari
2219 915 2393 985 potuit
2427 932 2440 968 :
2478 916 2631 985 cujus
2685 927 2935 974 auctores
2968 918 3247 975 lsraelitici
3280 920 3445 990 gladii
3504 922 3656 977 furor

2069 1012 2324 1071 vastaret,
2357 1006 2461 1062 nisi
2489 1005 2762 1062 fraternas
2797 1008 2910 1063 iras
2943 1010 3162 1079 supplex
3191 1009 3462 1066 confessio
3492 1012 3653 1066 mista

2067 1095 2319 1164 precibus
2363 1098 2702 1166 prmveniret.
2769 1097 2879 1153 Nos
2928 1099 3157 1169 denique
3207 1100 3357 1155 lsaim
3402 1101 3656 1157 vaticinio

2069 1186 2232 1250 docti,
2275 1186 2369 1257 qui
2388 1187 2539 1253 dicit,
2569 1186 2700 1242 Ilwc
2727 1190 2829 1254 via,
2865 1189 3214 1255 antbulatejn
3250 1208 3333 1257 ea,
3367 1208 3471 1246 non
3495 1191 3656 1246 decli-

2069 1278 2262 1332 nabitis
2294 1277 2360 1332 ab
2384 1295 2467 1345 ea,
2494 1296 2656 1351 neque
2682 1280 2751 1333 ad
2779 1281 3048 1335 dexteram
3086 1299 3247 1353 neque
3278 1284 3346 1337 ad
3385 1284 3656 1339 sinistram

2070 1365 2207 1437 (lsa.
2230 1367 2392 1439 xxx);
2433 1376 2488 1423 et
2508 1368 2748 1426 doctoris
2780 1371 3023 1441 gentium
3061 1372 3430 1442 praidicationi
3465 1376 3655 1432 admo—

2070 1457 2192 1523 niti,
2232 1459 2324 1528 qui
2353 1475 2454 1515 nos
2479 1460 2621 1515 viam
2646 1462 2850 1532 regiam
2883 1469 3067 1518 tenere
3090 1463 3323 1520 instituit
3349 1506 3365 1532 ,
3397 1466 3659 1539 imagines

2071 1548 2126 1603 in
2157 1551 2492 1608 ornamentis
2522 1551 2873 1608 ecclesiarum
2904 1561 2960 1608 et
2983 1554 3244 1610 memoria
3273 1571 3453 1611 rerum
3483 1566 3658 1628 gesta-

2072 1656 2191 1696 rum
2223 1642 2503 1709 habentes,
2536 1653 2591 1699 et
2616 1644 2792 1699 solum
2815 1644 2983 1698 Deum
3009 1645 3299 1701 adorantes
3323 1655 3379 1701 et
3407 1645 3523 1715 ejus
3536 1661 3661 1703 san-

373 1745 505 1786 care
528 1739 632 1786 est.
701 1730 853 1787 Unde
884 1740 941 1786 et
978 1732 1145 1787 David
1182 1732 1325 1802 quod
1365 1731 1657 1787 societates
1699 1728 1964 1784 malorum
1999 1726 2045 1786 Β
2070 1733 2173 1788 etis
2196 1742 2553 1803 opportunam
2584 1733 2988 1789 venerationem
3031 1731 3366 1800 exhibentes,
3401 1750 3504 1790 nec
3534 1751 3658 1790 cum

370 1820 595 1892 fugerit,
635 1823 747 1879 Deo
774 1824 930 1893 quasi
959 1840 1154 1893 purum
1177 1824 1505 1880 sacrificium
1534 1822 1713 1889 odert,
1737 1839 1860 1878 cum
1887 1822 1970 1878 di-

371 1914 449 1968 cit
473 1931 485 1967 :
513 1912 651 1968 0dio
679 1916 839 1969 habui
867 1919 1289 1987 congregationes
1315 1916 1737 1988 malignantittm,
1771 1925 1822 1970 et
1849 1931 1967 1970 cum
1994 1936 1997 1937 ν

369 2004 549 2073 impiis
572 2019 677 2058 non
699 2005 885 2059 sedebo
912 2004 1088 2075 (Psal.
1123 2005 1292 2077 xxvi).
1328 2006 1394 2061 Et
1415 2005 1676 2077 Josaphat
1709 2023 1805 2062 rex
1828 2005 1967 2061 Juda

369 2106 440 2147 eo
489 2095 636 2163 quod
672 2094 981 2152 lsraeliticie
1034 2099 1210 2168 gentis
1266 2100 1505 2168 pessimo
1553 2099 1668 2171 regi
1713 2098 1968 2153 amicitiis

368 2182 592 2253 junctus
629 2187 721 2253 sit,
780 2202 812 2241 a
843 2188 1070 2244 Domino
1106 2200 1351 2260 argmtur
1398 2206 1497 2261 per
1539 2191 1856 2261 prophetam
1880 2189 1966 2263 (11

370 2274 507 2330 Par.
536 2279 672 2350 nx).
727 2278 862 2335 Cum
889 2280 1055 2352 igitur
1085 2282 1434 2351 praefatorum
1467 2282 1697 2338 duarum
1733 2285 1968 2354 synodo-

373 2381 497 2420 rum
534 2369 847 2425 conditores
882 2386 983 2426 nec
1009 2372 1151 2429 illius
1202 2374 1487 2444 imperitia:
1525 2389 1831 2430 sermonem
1871 2375 1970 2431 ha-

367 2460 537 2514 beant
557 2476 664 2530 qua
700 2476 760 2517 se
786 2462 1077 2537 Apostolus
1107 2466 1415 2535 imperitum
1443 2468 1574 2523 dicit
1596 2482 1847 2523 sermone
1873 2467 1969 2524 sed

366 2563 483 2603 non
510 2549 759 2616 scientia,
785 2567 887 2607 nec
910 2552 1057 2608 illius
1075 2554 1396 2625 eloquentiae
1413 2570 1534 2611 cum
1558 2555 1787 2626 spiritali
1804 2569 1969 2613 sensu

368 2639 627 2708 nitorem,
666 2641 735 2697 de
756 2658 864 2713 quo
885 2658 952 2699 ex
964 2658 1194 2714 persona
1216 2656 1529 2703 sanctorum
1553 2646 1968 2718 praedicatorum

367 2729 429 2784 in
458 2728 698 2789 Canticis
726 2734 1067 2791 canticorum
1090 2737 1347 2794 Ecclesia:
1385 2738 1606 2805 dicitur,
1655 2738 1969 2797 Murenulas

366 2837 564 2877 aureas
592 2823 849 2893 faciemus
902 2826 1395 2883 tibi-vermiculata
1428 2839 1647 2901 argento
1677 2828 1858 2902 (Cant.
1890 2829 1966 2902 t):

366 2911 571 2967 mirum
599 2915 845 2971 ducimus
870 2930 971 2972 cur
993 2925 1155 2973 tanta:
1177 2919 1433 2975 vanitatis
1461 2929 1625 2975 vento
1651 2918 1820 2975 inﬂati
1835 2920 1966 2987 sint,

364 3008 435 3056 ut
455 3019 550 3058 eas
580 3021 688 3060 nun
709 3007 883 3062 solum
918 3009 1130 3080 agitare
1165 3012 1629 3082 prmsumpserint,
1660 3011 1757 3067 sed
1802 3013 1967 3068 etiam

2072 1824 2179 1879 illis
2203 1823 2523 1896 frangimus,
2561 1841 2662 1881 nec
2697 1841 2821 1881 cum
2877 1827 2997 1881 istis
3026 1829 3335 1894 adoramus,
3375 1829 3470 1905 sed
3513 1827 3660 1882 illius

2069 1915 2418 1985 ineptissima:
2452 1917 2644 1987 synodi
2668 1917 3015 1987 scripturam,
3059 1933 3180 1987 qua:
3230 1934 3337 1974 non
3365 1918 3540 1974 solum
3567 1917 3658 1973 illa

2069 2004 2340 2061 locutione
2360 2014 2512 2061 caret
2536 2021 2641 2075 qua
2665 2022 2832 2075 parva
2858 2007 3146 2071 submisse,
3182 2006 3474 2062 mediocria
3516 2016 3656 2062 tetu-

2067 2103 2275 2165 perate,
2312 2110 2504 2165 magna
2528 2095 2806 2166 granditer
2837 2094 3203 2166 proferantur,
3254 2093 3535 2163 sedetiam
3562 2109 3658 2163 pe-

2069 2185 2268 2241 destris
2300 2187 2567 2241 sermonis
2594 2185 2812 2241 modum
2850 2183 3094 2254 negligit,
3133 2183 3451 2245 abnuentes,
3501 2180 3658 2236 insti-

2070 2275 2264 2331 tutoris
2288 2276 2481 2339 nostri,
2537 2273 2804 2329 sermonis
2833 2271 3086 2326 videlicet
3104 2270 3391 2335 Dominici,
3431 2269 3658 2325 nitimur

2069 2368 2188 2424 ﬁeri
2221 2381 2607 2437 usquequaque
2646 2379 2928 2434 sequaces.
2986 2361 3254 2430 Quoniam
3281 2361 3448 2432 igitur
3483 2368 3540 2416 et
3562 2376 3659 2431 pa-

2070 2469 2213 2515 trum
2235 2457 2814 2515 anathematizantium
2834 2456 2994 2521 (ilics,
3023 2462 3077 2509 et
3103 2454 3337 2509 ﬁliorum
3351 2454 3660 2508 anathema-

2069 2551 2356 2606 tizantium
2371 2557 2574 2620 patres,
2591 2548 2794 2603 mistim
2819 2547 2872 2602 in
2889 2544 3111 2618 pnnfaza
3137 2544 3344 2616 synodo
3371 2543 3658 2600 hebetudi-

2069 2641 2156 2697 nis
2196 2639 2543 2695 continentur
2566 2637 2866 2702 discursus,
2907 2635 3125 2691 mistam
3161 2634 3445 2703 utriusque
3479 2649 3660 2704 repre-

2070 2734 2384 2791 hensionem
2423 2739 2625 2795 noster,
2672 2729 2887 2785 favente
2925 2728 3174 2792 Dotnino,
3213 2726 3424 2798 digeret
3466 2726 3659 2798 stylus,

2068 2825 2205 2882 nihil
2228 2824 2611 2888 indiscussum,
2641 2821 2776 2877 nihil
2822 2820 3107 2884 intactum,
3144 2819 3281 2873 nihil
3324 2818 3526 2874 silentii
3569 2833 3664 2874 ca-

2068 2915 2251 2971 vernis
2292 2913 2606 2969 obstrusum
2654 2910 3012 2982 praeteriens:
3053 2909 3157 2964 nisi
3204 2908 3345 2965 forte
3384 2909 3529 2979 quod
3566 2921 3662 2964 aut

2068 3005 2356 3064 diﬂicultas
2418 3002 2713 3060 inordinati
2775 3001 3043 3058 sermonis
3114 3010 3302 3058 nostro
3362 3002 3659 3059 intellectui

364 3110 471 3151 sex
496 3100 895 3158 venerabilibus
926 3103 1148 3176 synodis
1195 3104 1553 3161 adnumerare
1597 3106 1777 3161 conati
1823 3104 1963 3160 sint:
1991 3102 2041 3167 ο
2072 3098 2353 3170 impertire
2407 3088 2723 3167 negaverit,
2775 3102 2870 3149 aut
2914 3093 3138 3164 puerilis
3192 3092 3323 3148 dicti
3380 3093 3659 3163 ineptiam,

364 3204 603 3258 quarunt
635 3201 827 3249 neutra
848 3196 1119 3264 quomodo
1150 3212 1255 3252 non
1271 3198 1498 3267 septima
1523 3206 1645 3267 post
1666 3196 1961 3264 Niemnam,

363 3280 468 3335 sed
499 3290 593 3336 aut
622 3283 802 3348 tertia,
839 3288 1022 3356 priore
1047 3296 1262 3342 servata
1285 3297 1408 3360 post
1426 3289 1847 3355 Ariminensem,
1873 3296 1969 3345 aut

447 3427 472 3455 ³
507 3415 664 3493 Quod
699 3435 829 3493 opus
859 3424 1092 3493 aggressi
1115 3441 1297 3478 sumus
1323 3441 1439 3478 cum
1466 3424 1761 3480 cohibentia
1790 3441 1967 3480 sacer-

362 3484 1295 3564 dol_mn.__Entendavij'conhibentia,
1318 3497 1459 3562 quod
1484 3509 1679 3549 nomen
1704 3504 1787 3549 est
1809 3494 1966 3564 hujus

362 3557 493 3637 gcvi.
521 3557 649 3637 _Lib.
680 3574 762 3637 ut,
788 3575 906 3632 c.:p.
928 3564 956 3637 _1
965 3562 995 3637 ᾖ
1027 3580 1040 3615 :
1075 3582 1094 3613 σ
1115 3564 1242 3637 ΔΝειίξ
1274 3557 1537 3637 synodum
1563 3566 1634 3620 ob
1661 3557 1964 3637 adorandas

363 3631 637 3705 imagines
663 3631 791 3705 sine
820 3632 1163 3705 conliihentia
1192 3631 1545 3705 plurimarum
1576 3635 1965 3691 catholicarum

363 3712 429 3751 et
460 3697 571 3753 ι)εο
605 3700 841 3754 fidelium
882 3697 1245 3759 Ecclesiumin
1283 3705 1642 3760 universalcm
1681 3706 1967 3761 nominare

362 3777 646 3849 curarent.
685 3793 702 3819 ι
745 3773 899 3837 Quod
928 3771 1021 3828 lib.
1060 3790 1135 3849 tv,
1164 3790 1283 3846 cap.
1316 3775 1407 3842 ‘25,
1435 3777 1961 3849 itamintcrpretatur;

369 3857 388 3889 ι
450 3838 551 3903 Qui
596 3840 800 3916 absque
840 3838 1292 3899 cunsacerdotu'm
1342 3838 1441 3916 per
1487 3838 1732 3911 diversas
1781 3847 1967 3916 mundi

362 3916 558 3981 partes
604 3913 1023 3981 constitutorum
1072 3913 1359 3981 consensu,
1407 3928 1511 3971 etc.
1549 3938 1567 3969 ι
1624 3917 1825 3971 Balbus
1876 3914 1968 3971 Ja-

364 3980 595 4034 nuensis
636 3980 914 4056 Catholico
964 3999 980 4038 :
1031 3980 1360 4041 Conhibco:
1410 3986 1574 4042 habeo
1624 3986 1969 4056 componitur

361 4063 493 4128 eum
533 4067 665 4115 con,
708 4053 1089 4128 eturetinctn,
1129 4071 1249 4124 (lita:
1284 4056 1528 4128 aufertur
1567 4058 1622 4112 in
1658 4053 1870 4111 cohibeo
1912 4066 1967 4112 et

363 4119 572 4174 dicitur
626 4122 921 4189 coultibere,
970 4125 1024 4181 id
1068 4119 1181 4192 est',
1224 4127 1412 4182 oculos
1456 4128 1725 4193 claudere,
1756 4136 1812 4183 et
1843 4130 1970 4198 quia

2065 3192 2371 3250 reverentia
2406 3190 2714 3255 cohibente,
2750 3198 2939 3244 noster
2974 3201 3155 3242 sermo
3188 3185 3440 3256 persequi
3475 3186 3663 3256 despe-

2068 3286 2234 3341 xerit.

2068 3421 2276 3478 clausio
2313 3420 2597 3476 oculorum
2648 3420 2826 3490 signat
2869 3432 3183 3490 assensum,
3223 3417 3346 3490 ideo
3385 3417 3666 3490 con/tibere

2066 3493 2289 3562 ponitur
2324 3506 2424 3560 pro
2458 3487 2731 3562 assentire,
2753 3488 3014 3562 _obedire;
3060 3496 3134 3562 et_
3148 3495 3284 3562 tunc
3310 3487 3434 3562 inde
3468 3488 3658 3562 dicitur

2069 3558 2437 3618 conbibentia.
2470 3581 2489 3613 ι
2552 3559 2805 3629 Et-paulo
2831 3568 2953 3627 post
2982 3575 3052 3629 τί(
3095 3558 3471 3629 Conhibentia,
3503 3558 3666 3629 id_est

2068 3648 2359 3694 assensus,
2409 3630 2553 3686 idem
2586 3627 2660 3685 et’
2682 3628 3059 3685 convenientia
3096 3637 3153 3683 et
3189 3627 3521 3684 eollibentia.
3560 3627 3662 3683 Ut:

2067 3702 2160 3759 lllc
2200 3703 2316 3757 sine
2358 3699 2665 3756 cohibentia
2714 3699 2799 3754 vel
2841 3698 3185 3753 conniventia
3224 3698 3310 3753 vel
3354 3697 3663 3753 collibentia

2068 3774 2300 3829 fratrum
2327 3771 2572 3835 recessit,
2600 3771 2652 3825 id
2674 3778 2760 3825 est
2779 3768 2895 3824 sine
2916 3782 3163 3823 assensu.
3196 3788 3214 3822 ι
3266 3767 3445 3822 lnnuit
3476 3774 3664 3836 aperte

2068 3844 2338 3899 variatum
2373 3842 2429 3896 in
2460 3840 2621 3908 hujus
2661 3839 2899 3896 nominis
2940 3839 3232 3906 scriptura.
3283 3836 3398 3905 Ego
3418 3844 3569 3908 puto,
3609 3846 3665 3892 et

2069 3930 2259 3992 verum
2283 3921 2388 3977 est,
2414 3910 2895 3992 corruptamnhanc
2918 3923 3105 3992 vocem
3138 3923 3165 3962 a
3194 3908 3446 3963 barbaris
3476 3915 3528 3977 et
3562 3908 3663 3963 ini-

2144 3985 2263 4040 ritis
2284 3982 2563 4038 monachis
2576 3977 2689 4052 jam
2713 3978 2892 4052 Caroli
2918 3977 3100 4052 Magni
3124 3994 3261 4052 aevo,
3289 3992 3368 4052 es
3390 3992 3475 4045 ea,
3499 3992 3662 4052 quam

2120 4057 2264 4110 atine
2294 4046 2600 4123 exprimere
2631 4046 3277 4123 dembanthoilnbentia,
3324 4046 3441 4102 sive
3480 4046 3658 4103 conlu-

2078 4127 2274 4182 beutia.
2316 4117 2516 4179 Facilis
2561 4122 2745 4192 lapsus
2779 4121 2834 4174 in
2865 4117 3126 4174 afﬁnitate
3153 4117 3481 4173 litterarum.

1525 4272 3041 4298 Μ

1644 4389 1945 4469 LIBER
1985 4390 2404 4469 PRIMUS.

891 4647 1118 4707 CAPUT
1155 4649 1447 4708 PRIMUM.

366 4763 449 4818 De
475 4779 548 4835 eo,
566 4761 708 4833 quod
735 4758 1117 4835 Qanslantinus
1150 4773 1197 4817 et
1251 4761 1480 4818 Ila'rena
1526 4765 1585 4835 in
1618 4766 1726 4818 suis
1757 4765 1966 4835 scriptis

511 4830 713 4896 dii-um,
740 4830 847 4887 Per
878 4847 1002 4887 eum
1029 4833 1122 4904 qui
1145 4844 1442 4903 conregnat
1467 4834 1622 4889 nobis
1657 4835 1817 4890 Deus.

438 4925 770 4996 Plerumque
795 4925 1027 4979 humana
1061 4924 1328 4996 fragilitas
1366 4941 1479 4981 suae
1514 4925 1967 4996 impossibilitatis

368 5025 549 5074 metas
569 5017 801 5081 excedit,
857 5026 913 5072 et
942 5027 1146 5089 quanto
1169 5033 1227 5074 se
1259 5018 1397 5073 ultra
1419 5034 1581 5089 quam
1605 5019 1764 5074 debet
1791 5020 1966 5073 extol-

369 5109 455 5171 lit,
483 5118 638 5165 tanto
655 5111 725 5166 ab
745 5125 812 5165 eo
832 5111 923 5181 qui
951 5113 1004 5166 in
1035 5110 1161 5167 altis
1190 5112 1419 5177 habitat,
1463 5121 1513 5167 et
1542 5112 1767 5167 humilia
1796 5111 1965 5181 respi-

367 5201 446 5256 cit
471 5201 522 5255 in
548 5200 689 5257 caelo
714 5208 767 5255 et
801 5202 855 5255 in
888 5209 1052 5267 terra,
1090 5203 1325 5258 recedit:
1367 5210 1677 5273 quantoque
1723 5203 1791 5258 ad
1840 5217 1966 5258 eum

368 5292 467 5362 qui
500 5292 747 5348 excelsus
768 5308 931 5363 super
958 5308 1149 5350 omnes
1168 5304 1358 5366 gentes
1382 5304 1463 5351 est
1488 5336 1503 5361 ,
1543 5310 1642 5365 per
1666 5294 1971 5350 sublimita-

372 5394 485 5441 tem
516 5386 951 5456 appropinquare
972 5396 1202 5441 conatur
1220 5426 1236 5453 ,
1274 5395 1428 5442 tanto
1449 5388 1519 5443 ab
1554 5400 1620 5442 eo
1644 5400 1968 5458 propensms

367 5477 676 5550 elongatur.
717 5477 851 5546 Qua:
868 5479 914 5535 si
941 5480 1157 5536 modum
1179 5494 1291 5536 sua:
1309 5480 1633 5537 conditionis
1663 5496 1770 5536 non
1796 5479 1969 5552 negli-

371 5585 487 5648 gat,
518 5585 570 5631 et
583 5577 860 5648 superiora
882 5586 1066 5647 petere
1093 5577 1289 5643 nitens,
1304 5577 1371 5634 ad
1391 5576 1679 5634 humiliora
1704 5590 1763 5631 se
1777 5578 1966 5633 devota

375 5679 556 5728 mente
583 5669 888 5740 submittat,
926 5672 1126 5737 poterit
1147 5686 1205 5729 se
1241 5670 1550 5729 inclinanda
1594 5685 1659 5728 co
1706 5685 2031 5752 consccn;

1998 4659 2047 4718 ι)
2072 4656 2201 4711 dere
2226 4671 2257 4710 a
2286 4672 2393 4727 quo
2418 4673 2477 4713 se
2503 4659 2791 4715 esaltanuo
2833 4660 3161 4715 noscebatur
3207 4658 3566 4715 descendere:
3604 4666 3665 4713 et

2069 4757 2273 4816 quanto
2295 4762 2351 4803 se
2375 4749 2931 4818 prostraverithumo,
2956 4748 3472 4818 tantoﬂatproxima
3498 4748 3657 4805 coelo.

2070 4840 2205 4897 Cum
2231 4855 2362 4912 ergo
2389 4848 2636 4897 nostrum
2660 4855 2781 4896 esse
2804 4848 3014 4897 tantum
3053 4840 3215 4895 distet
3240 4854 3272 4894 a
3295 4839 3392 4893 Dei
3426 4854 3568 4904 esse,
3605 4845 3663 4894 et

2069 4941 2313 4986 nostrum
2344 4930 2526 4987 vivere
2571 4931 2640 4986 ab
2674 4929 2792 5000 ejus
2812 4931 3013 4994 vivere,
3064 4939 3121 4985 et
3161 4936 3407 4984 nostmm
3438 4942 3665 4998 regnare

2070 5024 2140 5078 ab
2161 5021 2280 5091 ejus
2298 5038 2545 5093 regnare,
2576 5022 2804 5079 dolenda
2826 5022 3007 5092 potius
3038 5036 3201 5091 quam
3234 5019 3551 5075 admiranda
3578 5026 3661 5074 est

2070 5115 2285 5169 illorum
2309 5115 2560 5172 vecordia
2576 5115 2690 5186 qui,
2715 5116 2857 5170 inter
2875 5123 3071 5169 eastera
3096 5128 3216 5184 quae
3249 5113 3353 5169 sibi
3371 5112 3665 5168 indiscrete

2071 5214 2358 5275 usurpant,
2388 5206 2559 5261 Deum
2586 5206 2689 5262 sibi
2718 5220 3054 5277 conregnare
3081 5204 3246 5260 etiam
3271 5203 3478 5259 dicunt.
3516 5202 3664 5260 Illius

2072 5297 2219 5352 cnim
2265 5311 2407 5362 esse,
2444 5310 2565 5352 esse
2599 5304 2809 5353 tantum
2863 5296 3045 5352 novit:
3098 5294 3265 5351 fuisse
3317 5294 3394 5349 vel
3423 5292 3663 5351 futurum

2073 5401 2215 5453 esse,
2244 5401 2353 5443 non
2374 5387 2542 5443 novit.
2594 5386 2711 5442 Non
2724 5388 2890 5443 habet
2910 5387 3055 5442 enim
3084 5393 3296 5457 partem
3321 5385 3663 5453 sterilitatis,

2077 5494 2240 5550 quam
2263 5493 2362 5534 nos
2387 5487 2599 5550 tempus
2619 5477 2866 5543 dicimus,
2892 5485 2948 5533 et
2973 5478 3027 5533 in
3048 5492 3309 5550 prmsens,
3326 5477 3664 5549 prieteritum

2073 5580 2131 5627 ct
2161 5569 2403 5627 futurum
2432 5570 2740 5633 dividimus,
2780 5569 2876 5626 sed
2907 5568 3076 5626 totius
3103 5568 3426 5626 :eternitatis
3470 5567 3526 5625 in
3551 5582 3667 5624 sua:

2044 5666 2321 5752 _essenti;e
2335 5662 2877 5723 incommutabilitate
2900 5662 3267 5733 integritatem
3289 5663 3516 5726 habent».
3544 5673 3666 5717 esse
