4092 6188
474 239 608 297 10οῗ

1376 242 1437 297 Β.
1472 239 1721 301 CAROLI
1757 240 1971 299 MAGNI
2005 237 2159 295 OPP.
2198 240 2379 300 PARS
2406 244 2475 300 ll.
2517 243 2762 303 SECTIO
2798 246 2861 303 ΙΙ.

3621 244 3753 303 ιθοθ

466 365 679 412 tantum
702 354 754 410 ei
775 363 878 410 est.
915 353 1066 410 Unde
1092 362 1355 411 etsancto
1383 355 1550 428 Moysi
1582 357 1718 412 disit
1751 372 1766 410 :
1801 356 1914 428 Ego
1938 374 2054 412 sum
2086 363 2129 419 Α
2158 358 2280 415 liter
2307 361 2467 416 simul
2489 371 2632 426 sunt,
2659 362 2866 418 nullum
2894 369 3075 416 tamen
3102 375 3292 416 eorum
3321 338 3532 432 μιξερρι
3550 362 3709 418 alteri
3736 381 3757 419 :

465 452 554 522 qui
578 467 717 517 sum,
746 458 820 516 et,
847 449 952 517 Qui
975 461 1073 515 est,
1102 452 1242 505 misit
1264 468 1347 506 me
1366 451 1435 507 ad
1450 469 1537 506 vos
1564 451 1762 524 (Exod.
1795 457 1903 522 ιιι).
1947 452 2056 507 No—

467 550 638 597 strum
668 549 849 597 autem
873 556 1014 606 esse,
1040 542 1236 611 quibus
1270 542 1546 611 praeterita
1578 543 1630 597 in
1660 542 2054 605 recordatione,

466 633 754 703 praesentia
786 634 842 688 in
867 634 1086 697 intuitu,
1127 634 1306 687 futura
1355 633 1407 687 in
1435 633 1858 702 exspectatione,
1913 632 2059 687 illius

466 725 718 781 essentia:
767 733 1137 797 comparatum
1173 741 1281 779 non
1302 739 1423 779 esse
1448 733 1554 780 est.
1605 724 1797 779 Vivere
1823 738 2058 793 namque

467 811 603 882 ejus,
632 830 731 871 nec
753 815 987 876 initium,
1029 830 1129 868 nec
1154 814 1335 880 linem,
1373 828 1472 869 nec
1495 814 1910 871 mutabilitatem
1948 814 2061 869 ullo

468 904 628 961 modo
655 905 838 965 sentit.
911 905 1063 961 Unde
1097 912 1151 960 et
1194 905 1249 959 in
1290 905 1568 975 prophetis
1584 905 1881 961 scribitur:
1930 903 2059 960 Vivo

466 1012 579 1066 ego,
607 995 731 1049 dicit
755 994 1010 1049 Dominus
1040 993 1176 1066 (Isa.
1198 992 1371 1065 ms),
1395 1001 1452 1048 et
1473 992 1690 1063 quidam
1718 1004 2052 1058 sanctorum,

471 1105 491 1138 ι
522 1086 665 1141 Vivit
684 1085 960 1151 Dominus,
992 1087 1173 1141 dicere
1200 1086 1318 1141 ausi
1344 1093 1492 1152 sunt,
1537 1085 1593 1140 id
1628 1092 1730 1151 est,
1777 1086 1870 1155 qui
1910 1086 1965 1140 in
1992 1101 2057 1140 ea

465 1179 575 1233 vita
596 1178 728 1233 vivit
751 1194 911 1248 quam
957 1193 1057 1233 nec
1094 1178 1310 1232 initium
1339 1176 1514 1248 cepit,
1568 1189 1669 1232 nec
1718 1175 2059 1231 mutabilitas

466 1278 663 1331 movet,
704 1284 805 1324 nec
834 1268 960 1323 linis
995 1267 1287 1337 intercipit.
1328 1288 1346 1320 ι
1389 1267 1645 1323 Nostrum
1669 1275 1851 1325 autem
1869 1265 2055 1321 vivere

464 1371 645 1417 ortum
667 1370 722 1417 ct
764 1376 1017 1417 occasum
1058 1368 1112 1415 et
1158 1360 1571 1415 mutabilitatem
1609 1360 1839 1428 patitur;
1881 1374 2057 1427 quan-

465 1471 628 1526 quam
653 1453 1172 1512 animaimmortalis
1201 1453 1290 1516 sit,
1319 1461 1499 1507 tamen
1529 1451 1807 1506 mutabilis
1835 1466 1955 1506 esse
1979 1450 2060 1505 di-

465 1548 777 1618 gnoscitur:
808 1562 931 1616 qua:
964 1544 1299 1600 mutabilitas
1333 1544 1380 1598 ei
1410 1545 1729 1614 plerumque
1757 1558 1857 1613 pro
1884 1552 2058 1597 morte

466 1638 779 1695 ascribitur.
840 1636 992 1692 Unde
1018 1644 1072 1691 et
1119 1635 1295 1707 primo
1345 1634 1550 1690 homini
1590 1634 1793 1689 dictum
1824 1640 1927 1697 est,
1987 1632 2054 1687 In

2163 457 2221 503 nt
2247 450 2395 505 verbi
2420 452 2594 521 gratia
2625 451 2879 522 simplum
2898 460 2952 506 et
2980 450 3204 522 duplum
3225 465 3503 521 ponamus
3537 465 3759 508 necesse

2160 539 2322 594 simul
2345 555 2466 597 esse
2513 542 2833 598 naturaliter
2869 560 2883 594 :
2928 542 3022 597 sed
3063 557 3240 612 neque
3270 540 3498 611 duplum
3531 538 3664 595 facit
3703 548 3758 595 ι.ι

2158 630 2410 702 simplum
2439 633 2534 697 sit,
2567 646 2742 703 neque
2770 633 3023 703 simplum
3045 632 3210 688 allicit
3242 632 3509 703 duplum;
3545 632 3644 687 sed
3664 646 3759 686 nec

2158 721 2454 779 secundum
2491 722 2636 777 hunc
2655 723 2872 779 modum
2905 723 3060 778 nobis
3081 722 3244 778 simul
3276 737 3514 793 regnare
3543 721 3650 777 dici
3669 735 3759 791 po-

2159 820 2285 877 test,
2324 828 2448 868 cum
2497 823 2580 868 tot
2619 814 2895 870 distantiis
2933 822 3126 869 natura
3152 813 3271 883 ejus
3316 822 3530 869 nostrae
3561 820 3762 868 natura

2156 905 2307 974 prior
2329 905 2421 970 sit,
2461 912 2646 976 totque
2690 906 2866 962 modis
2919 907 3153 962 creatrix
3201 917 3445 961 creatam
3471 906 3758 976 prtecedat.

2157 992 2388 1059 Genera,
2427 996 2641 1065 quoties
2685 1011 2753 1052 ex
2796 997 2986 1052 eodem
3034 1012 3233 1066 genere
3273 996 3564 1050 manantia
3607 993 3763 1051 simul

2156 1083 2409 1141 videntur
2449 1099 2569 1141 esse
2625 1097 2838 1149 natura,
2873 1088 2968 1142 sed
3021 1087 3204 1157 specie
3239 1086 3656 1150 discernuntur,
3705 1092 3761 1140 ut

2154 1184 2238 1232 est
2275 1177 2494 1231 animal.
2586 1177 2722 1232 Nam
2762 1185 2819 1233 et
2863 1178 3116 1248 pedestre
3152 1186 3209 1233 et
3253 1177 3507 1247 aquatile
3564 1175 3761 1233 animal

2157 1266 2372 1331 dicitur,
2397 1267 2491 1322 sed
2501 1267 2682 1337 specie
2704 1268 3060 1323 discernitur:
3088 1267 3409 1337 nullumque
3428 1265 3594 1321 alteri
3618 1265 3758 1319 aliud

2156 1356 2314 1427 prius
2337 1365 2444 1422 est,
2482 1358 2579 1413 sed
2617 1358 2779 1413 simul
2814 1360 2999 1415 omnia
3053 1360 3123 1415 ab
3157 1359 3409 1424 animali,
3462 1358 3521 1413 id
3556 1365 3661 1423 est,
3698 1358 3763 1413 ab

2158 1462 2264 1502 uno
2285 1460 2482 1516 genere
2508 1458 2628 1504 orta
2666 1457 2987 1505 noscuntur.
3046 1450 3150 1518 Qui
3187 1452 3388 1506 tertius
3415 1451 3758 1515 modus,noa

2159 1537 2339 1593 minus
2388 1554 2550 1608 quam
2604 1541 2977 1609 praecedentes
3022 1542 3158 1606 duo,
3210 1558 3339 1597 eum
3386 1541 3553 1597 nobis
3607 1540 3761 1595 simul

2161 1642 2389 1699 regnare
2447 1630 2745 1686 reluctatur
2776 1672 2792 1698 ,
2857 1649 2983 1689 cum
3039 1633 3347 1688 nullatenus
3410 1643 3615 1689 natura
3664 1648 3757 1689 no-

463 1745 771 1801 quacunque
795 1729 880 1783 die
908 1727 1195 1782 comederis
1215 1743 1281 1780 ex
1303 1743 1384 1790 eo,
1416 1736 1581 1780 morte
1627 1726 1872 1779 morieris
1895 1722 2050 1796 (Gen.
2088 1707 2133 1770 Β
2156 1728 2271 1775 stra
2307 1730 2362 1775 et
2396 1719 2512 1789 ejus
2561 1724 2794 1792 quadam
2854 1725 3170 1780 substantia:
3218 1725 3431 1779 unitate
3477 1722 3757 1792 conjuncta

465 1837 503 1885 ι,
541 1821 620 1892 9.).
696 1820 812 1877 Non
860 1820 1005 1889 quod
1043 1817 1229 1872 statim
1269 1825 1330 1871 ut
1357 1824 1688 1886 praeceptum
1721 1813 1936 1885 Domini
1978 1821 2062 1869 est

466 1921 858 1981 transgressus,
895 1908 1078 1964 carnis
1102 1907 1173 1962 sit
1197 1914 1374 1961 morte
1396 1906 1677 1969 multatus,
1715 1905 1811 1961 sed
1840 1905 1969 1973 quia
1991 1905 2060 1960 ab

465 2016 527 2055 ea
549 2000 837 2057 sanctitate
869 1999 923 2053 in
954 2013 1059 2068 qua
1083 1998 1193 2052 Deo
1228 1996 1511 2067 proximus
1528 1997 1730 2061 stabat,
1766 2010 1863 2065 per
1892 1994 2059 2050 animi

466 2091 882 2147 mutabilitatem
906 2090 977 2143 sit
996 2088 1153 2159 longe
1171 2087 1465 2157 digressus.
1509 2086 1679 2143 Porro
1700 2085 1817 2155 ejus
1833 2102 2060 2158 regnare

464 2195 495 2233 a
534 2178 722 2234 noStro
749 2193 999 2248 regnare,
1034 2193 1141 2232 non
1177 2178 1356 2232 minus
1383 2192 1548 2246 quam
1587 2174 1706 2246 ejus
1731 2191 1853 2232 esse
1882 2192 1914 2233 a
1956 2193 2057 2233 no-

463 2279 581 2325 stro
599 2284 739 2336 esse,
767 2277 822 2323 et
839 2265 957 2336 ejus
971 2267 1197 2321 viverea
1219 2274 1410 2322 nostro
1433 2265 1616 2322 vivere
1639 2266 1841 2322 distat:
1862 2266 2059 2337 quippe

465 2359 618 2429 cujus
640 2359 878 2415 essentia
918 2358 1062 2413 sicut
1090 2372 1305 2428 semper
1331 2356 1521 2413 habuit
1541 2372 1662 2413 esse
1685 2368 1741 2414 et
1762 2358 1964 2422 vivere,
1984 2357 2058 2412 ita

462 2451 627 2505 etiam
652 2458 707 2505 et
732 2464 980 2521 regnare.
1049 2448 1304 2504 Nostrum
1351 2449 1497 2503 enim
1532 2462 1762 2521 regnare
1809 2466 1843 2505 a
1868 2457 2058 2506 nostro

462 2556 585 2596 esse
620 2548 677 2596 et
699 2540 882 2595 vivere
905 2540 1250 2610 pneceditur,
1291 2556 1321 2595 a
1352 2550 1540 2597 nostro
1564 2542 1793 2599 interire
1813 2541 2058 2598 succedi-

464 2644 591 2691 tur:
621 2648 743 2704 qua:
770 2633 895 2689 dum
919 2633 995 2688 ita
1013 2648 1072 2688 se
1101 2633 1359 2699 habeant,
1382 2649 1593 2706 magna:
1620 2634 2058 2706 praasumptionis

460 2736 547 2782 est
581 2727 750 2782 Deum
793 2724 895 2780 sibi
923 2723 1229 2795 quempiam
1280 2723 1461 2780 dicere
1504 2739 1838 2797 conregnare
1874 2740 1891 2781 :
1929 2740 2057 2781 cum

464 2821 566 2876 hoc
609 2834 712 2874 nec
747 2817 915 2874 David
958 2819 1139 2874 dicere
1168 2832 1334 2874 ausus
1386 2800 1609 2886 est,'-de
1653 2834 1761 2890 quo
1795 2819 2056 2877 Dominus

461 2912 618 2977 dixit,
649 2910 831 2966 Inveni
859 2911 1027 2965 virum
1046 2910 1334 2965 secundum
1361 2927 1452 2965 cor
1475 2928 1668 2978 meum,
1703 2921 1757 2967 et
1783 2911 1933 2978 illud,
1961 2911 2048 2967 Ιη-

463 3001 574 3055 reni
601 3000 769 3054 David
794 3015 998 3054 servum
1022 3016 1194 3053 meum
1223 3016 1241 3054 :
1271 2999 1384 3054 oleo
1416 3012 1599 3056 sancto
1626 3019 1738 3056 meo
1762 3001 1908 3057 littivi
1929 2998 2068 3057 eum

463 3090 636 3163 (Psal.
676 3088 933 3162 Lxxxrx);
990 3104 1090 3144 nec
1120 3089 1375 3145 Salomon
1409 3093 1496 3147 cui
1533 3109 1563 3147 a
1592 3093 1822 3148 Domino
1845 3093 2050 3149 dictum

460 3182 565 3245 est,
597 3179 870 3251 Sapientia
890 3187 937 3233 et
961 3179 1180 3232 scientia
1207 3180 1347 3234 datm
1367 3191 1486 3235 sunt
1511 3182 1625 3247 tibi,
1647 3182 1857 3237 divitias
1877 3194 2054 3237 autent

461 3282 508 3325 ct
533 3270 881 3325 substantiam
913 3279 960 3322 et
988 3267 1209 3339 gloriam
1252 3268 1388 3324 dabo
1409 3271 1524 3337 tibi,
1571 3272 1646 3325 ita
1678 3284 1734 3325 ut
1784 3271 1959 3328 nullus
1997 3274 2053 3329 in

461 3361 666 3430 regibus
710 3377 801 3414 nec
847 3369 967 3413 ante
995 3367 1043 3413 te
1071 3376 1161 3412 nec
1194 3369 1308 3430 post
1335 3370 1384 3414 te
1408 3360 1565 3431 fuerit
1606 3361 1796 3417 similis
1840 3364 1918 3417 tui
1964 3363 2052 3434 (II

462 3451 592 3507 Par.
630 3450 703 3523 t);
737 3449 828 3520 qui
856 3448 923 3506 de
942 3463 1001 3504 se
1029 3464 1242 3519 quoque
1286 3448 1398 3519 ipse
1427 3449 1667 3520 loquitur
1696 3452 2049 3518 conﬁdenter,

462 3542 603 3596 Deus
627 3541 805 3595 docuit
830 3557 911 3595 me
943 3540 1278 3611 sapientiam,
1324 3550 1372 3595 et
1407 3541 1724 3598 intellectum
1745 3553 2050 3600 sanctorum

460 3630 675 3701 cognovi
700 3628 883 3702 (Prov.
933 3628 1086 3703 xxx).
1126 3628 1234 3686 Nec
1255 3631 1541 3702 quisquam
1568 3633 1634 3689 de
1670 3634 1909 3705 regibus,
1950 3650 2051 3690 nec

461 3722 637 3780 dehis
672 3738 810 3794 quos
838 3723 1153 3778 meritorum
1187 3723 1545 3795 praerogativa
1570 3724 1834 3789 suﬂ'ultos,
1865 3740 1966 3782 nec
1986 3726 2053 3782 de

459 3816 543 3871 his
562 3830 698 3884 quos
718 3813 970 3884 superbia
995 3828 1122 3869 usos
1141 3811 1303 3869 luisse
1329 3814 1609 3886 Scriptura
1635 3826 2048 3884 commemorat,

461 3909 566 3964 tale
595 3907 725 3978 quid
754 3906 951 3978 legitur
971 3905 1192 3961 dixisse.
1244 3906 1455 3963 Interea
1483 3925 1583 3963 con
1610 3909 1815 3980 syllaba
1843 3910 1898 3966 in
1919 3925 2050 3965 con-

458 4000 722 4071 ponendis
758 4000 941 4055 verbis
985 3999 1280 4056 secundum
1314 4016 1410 4056 eos
1455 4002 1548 4073 qui
1578 4002 1856 4058 litteraria:
1883 4004 2052 4059 soler-

459 4095 589 4150 tiam
615 4088 909 4166 disciplind:
936 4109 1042 4148 non
1072 4094 1339 4159 nesciunt,
1380 4110 1516 4165 pene
1547 4096 1680 4150 nihil
1712 4095 1857 4151 aliud
1887 4112 2049 4167 quam

456 4183 616 4239 simul
642 4184 911 4255 signiﬁcat
942 4200 956 4239 :
1000 4192 1059 4238 ut
1083 4192 1184 4249 cst,
1225 4184 1580 4261 Congregettg
1619 4187 1788 4240 omnis
1810 4186 2051 4242 Ecclesia

459 4268 631 4332 Israel
673 4274 859 4347 (Lerit.
891 4276 1043 4347 vnn);
1088 4284 1183 4341 et,
1228 4277 1499 4331 conveniat
1553 4276 1623 4331 ad
1674 4277 1811 4331 diem
1861 4277 2049 4348 festum

459 4369 624 4442 (Dan.
646 4368 752 4441 ιιι),
781 4368 834 4422 id
855 4376 958 4432 est,
989 4368 1148 4423 simul
1180 4370 1233 4422 in
1257 4382 1473 4441 gregem
1504 4369 1854 4441 glomeretur,
1889 4369 2050 4426 simul

459 4461 669 4528 veniat;
711 4469 766 4514 et
791 4459 1112 4528 Apostolus:
1157 4458 1218 4515 Si
1247 4470 1422 4516 tamen
1451 4462 1833 4532 compatiamur
1853 4502 1870 4529 ,
1915 4472 1972 4517 ut
2001 4473 2049 4517 ct

457 4551 615 4608 simul
641 4550 996 4622 glori/iocatur
1043 4548 1222 4621 (Rom.
1250 4551 1394 4621 vin),
1441 4551 1495 4606 id
1522 4558 1626 4616 est,
1681 4551 2051 4622 congloriﬂce—

462 4657 617 4707 mur;
643 4648 702 4695 et
720 4638 874 4706 illud,
909 4637 1083 4709 Super
1116 4640 1263 4694 vitrei
1317 4642 1606 4712 marginem
1636 4641 1796 4712 fontis
1836 4653 2052 4714 uterque

457 4729 709 4794 comedit,
742 4729 798 4784 id
826 4738 929 4797 est,
958 4728 1119 4784 simul
1171 4729 1339 4785 sedit:
1370 4739 1425 4787 et
1452 4749 1722 4788 consessor
1758 4735 1954 4791 dicitur
1977 4734 2052 4791 si-

459 4822 571 4879 mul
599 4821 817 4877 sedens.
898 4818 1073 4878 Simul
1122 4837 1358 4891 namque
1380 4823 1628 4893 quaedam
1648 4824 1802 4895 juxta
1821 4843 1917 4884 eos
1957 4830 2050 4899 qui

457 4912 823 4985 sagacissima:
847 4910 1037 4983 logica:
1064 4928 1263 4969 arcana
1293 4925 1628 4981 scrutantur,
1681 4917 1855 4974 tribus
1876 4920 2052 4975 modis

457 5004 714 5061 dicuntur
748 5017 764 5057 :
808 5011 1069 5073 tempore,
1115 5012 1308 5059 natura
1342 5015 1398 5061 et
1431 5022 1649 5077 genere.
1680 5007 1966 5079 Tempore,
1992 5020 2051 5065 ut

457 5099 535 5154 ait
554 5097 748 5152 beatus
769 5092 1123 5164 Augustinus,
1160 5110 1284 5150 cum
1329 5097 1582 5167 qumlihet
1621 5099 1779 5154 simul
1811 5100 2051 5157 existunt

458 5204 566 5244 uno
591 5197 834 5258 tempore
857 5185 943 5241 vel
969 5197 1248 5256 apparent,
1287 5189 1363 5244 ita
1389 5199 1449 5245 ut
1470 5200 1721 5247 neutrum
1747 5192 1816 5248 de
1839 5193 2051 5252 duobus

459 5281 543 5336 vel
571 5278 850 5350 priussit,
880 5278 965 5334 vel
994 5278 1226 5335 alterum
1250 5292 1652 5353 consequatur,
1692 5286 1788 5341 sed
1835 5288 2051 5360 utrique

458 5380 610 5428 ortus
637 5372 886 5428 videatur
913 5384 1036 5427 esse
1058 5372 1394 5440 communis;
1423 5378 1720 5435 secundum
1742 5392 1905 5447 quem
1935 5395 2051 5435 mo-

459 5464 588 5518 dum
612 5463 770 5519 nobis
791 5461 952 5518 simul
970 5461 1195 5523 minime
1207 5477 1435 5535 regnare
1450 5464 1709 5522 dicendus
1721 5476 1824 5533 est,
1852 5469 2053 5539 quippe

460 5570 583 5612 cum
620 5553 712 5611 ille
754 5554 827 5609 sit
872 5554 1252 5625 sempiternus,
1294 5571 1392 5611 nos
1413 5558 1766 5627 temporales,
1800 5559 1895 5614 ille
1934 5561 2051 5617 sine

462 5646 634 5714 initio,
665 5660 765 5706 nos
786 5661 909 5703 cum
942 5647 1116 5709 initio.
1150 5646 1372 5715 Natura,
1400 5666 1525 5707 cum
1552 5653 1796 5721 quaedam
1827 5663 2049 5710 natura-

2080 4410 2133 4473 ο

2162 1810 2529 1882 dignoscatur,
2557 1822 2613 1869 et
2647 1815 2880 1884 quadam
2909 1816 3088 1886 specie
3107 1815 3487 1882 discernatur;
3519 1815 3611 1885 qui
3638 1815 3755 1870 dum

2159 1914 2257 1970 per
2302 1904 2600 1971 potentiam
2649 1904 2947 1959 divinitatis
3009 1904 3209 1973 ubique
3256 1904 3351 1967 sit,
3409 1911 3600 1958 tamen
3651 1918 3754 1958 non

2161 1994 2321 2049 alicui
2350 2009 2683 2066 conregnare
2720 1996 2826 2053 dici
2862 2005 3009 2052 recte
3054 2006 3254 2066 potest.
3300 1995 3473 2052 Aliud
3503 2003 3589 2051 est
3617 1992 3754 2049 enim

2161 2088 2361 2158 ubique
2405 2103 2546 2154 esse,
2590 2088 2736 2144 aliud
2769 2104 2889 2145 cum
2918 2104 3191 2159 quoquam
3221 2088 3386 2143 simul
3420 2102 3548 2142 esse
3570 2103 3590 2152 ;
3616 2084 3754 2139 aliud

2160 2178 2505 2235 inell‘abiliter
2551 2194 2795 2251 regnare,
2852 2178 2997 2234 aliud
3077 2179 3332 2248 cuiquam
3395 2189 3749 2247 conregnare.

2158 2269 2503 2340 Conregnare
2538 2270 2704 2341 igitur
2728 2278 2785 2327 et
2808 2269 3104 2327 consedere
3130 2277 3187 2324 et
3213 2267 3455 2340 plurima
3494 2265 3747 2336 hujusce-

2160 2361 2306 2418 modi
2329 2362 2376 2416 si
2401 2361 2646 2417 absolute
2663 2360 3032 2432 proferantur,
3061 2375 3165 2417 nec
3185 2359 3480 2431 quisquam
3501 2356 3748 2427 cuiquam

2157 2454 2451 2510 consedere
2492 2453 2577 2508 vel
2623 2466 2958 2524 conregnare
2995 2452 3230 2518 dicatur,
3266 2451 3436 2508 simul
3488 2448 3625 2504 duos
3671 2445 3749 2501 vel

2156 2544 2338 2617 plures
2385 2558 2719 2616 conregnare
2764 2544 2852 2600 vel
2887 2544 3182 2600 consedere
3217 2542 3493 2614 designat.
3538 2539 3597 2595 Si
3630 2552 3749 2593 vero

2156 2639 2279 2709 quis
2301 2638 2554 2708 cuiquam
2593 2652 2925 2708 conregnare
2948 2637 3038 2692 vel
3079 2635 3378 2693 consedere
3404 2635 3635 2698 dicatur,
3680 2629 3747 2684 si—

2155 2730 2375 2801 gniﬁcat
2394 2745 2517 2785 eum
2547 2728 2851 2800 prtecederc
2877 2729 2966 2784 cui
2997 2734 3361 2798 conregnatur
3386 2725 3473 2781 vel
3501 2720 3747 2779 consede—

2157 2829 2281 2878 tur:
2307 2820 2456 2876 illum
2485 2834 2613 2876 vero
2662 2818 2779 2888 ejus
2805 2818 3126 2890 participem
3163 2816 3282 2872 ﬁeri
3327 2816 3429 2886 qui
3460 2816 3743 2881 cont-egeat

2154 2923 2211 2971 ct
2255 2913 2540 2976 consedet,
2592 2911 2808 2967 dicente
2834 2912 2974 2971 Vase
3002 2909 3285 2965 electionis
3312 2907 3494 2963 Paulo
3520 2921 3535 2960 :
3567 2902 3745 2958 Come-

2154 3006 2287 3079 pulti
2309 3006 2432 3060 estis
2455 3003 2664 3059 Christo
2701 3002 2880 3076 (Rom.
2922 3019 2974 3057 γι
2997 3001 3055 3073 );
3093 3009 3149 3056 et
3178 3001 3377 3055 iterum
3404 3017 3416 3052 :
3446 2997 3509 3054 Si
3539 3005 3741 3049 consur.

2158 3097 2364 3153 rcxistis
2406 3094 2638 3158 Christo,
2688 3109 2807 3164 qua:
2862 3107 3072 3147 sursum
3111 3100 3231 3145 sunt
3261 3092 3485 3161 qua-rite
3526 3081 3734 3156 (Coloss-

2158 3191 2266 3261 ιιι).
2352 3187 2504 3242 Unde
2576 3187 2736 3240 datur
2815 3182 3042 3252 intelligi
3111 3196 3233 3237 eum
3297 3176 3605 3250 praecedere
3653 3167 3736 3238 qui

2156 3278 2413 3348 sepelitur
2475 3286 2532 3331 ct
2576 3276 2768 3345 surgit,
2819 3288 2913 3329 cos
2966 3287 3096 3328 vero
3167 3269 3504 3341 participare
3560 3263 3608 3319 ei
3655 3261 3734 3315 cui

2154 3368 2598 3439 consepeliuntur
2674 3375 2730 3420 et
2807 3370 3162 3433 consurgunt.
3244 3358 3358 3413 Nisi
3428 3356 3568 3412 enim
3636 3349 3731 3403 lie-

2153 3463 2403 3532 demptor
2433 3458 2653 3515 humani
2676 3459 2889 3529 generis
2936 3470 3037 3526 pro
3071 3453 3227 3509 nobis
3279 3451 3524 3522 sepultus
3553 3444 3729 3500 fuisset

2153 3562 2208 3609 et
2260 3550 2664 3615 resurrexisset,
2703 3563 2802 3603 nos
2843 3546 2894 3601 ei
2920 3542 3243 3614 consepeliri
3278 3549 3332 3596 et
3353 3544 3731 3604 eonresurgete

2155 3645 2377 3700 minime
2394 3653 2728 3712 poteramus.
2757 3639 2875 3705 Quo
2900 3637 3224 3692 documento
3248 3632 3544 3702 colligitur,
3568 3642 3597 3679 a
3621 3637 3730 3680 cau-

2157 3735 2258 3789 tela
2300 3740 2565 3788 remotum
2606 3744 2726 3784 esse
2775 3728 2941 3782 Deum
2965 3725 3120 3779 nobis
3156 3723 3336 3779 dicere
3373 3724 3722 3788 conregnare:

2152 3828 2244 3898 qui
2274 3843 2378 3881 non
2432 3823 2585 3880 nobis
2616 3824 2668 3877 in
2699 3819 2972 3890 regnando
2997 3817 3302 3889 participat.
3334 3815 3434 3871 sed
3457 3814 3592 3869 sicut
3616 3822 3723 3863 οωο

2153 3913 2308 3973 nium'
2323 3925 2513 3972 auctor
2536 3905 2636 3975 est,
2673 3912 2746 3966 ita
2769 3925 2957 3966 omnes
2979 3909 3032 3964 in
3057 3921 3198 3972 esse,
3219 3906 3404 3962 vivere
3435 3912 3491 3960 et
3519 3909 3724 3969 regnare

2152 4006 2428 4079 praecedit.
2493 4005 2646 4073 Quod
2698 4003 2743 4057 si
2795 4000 2934 4056 forte
2987 3999 3362 4054 contentiosus
3415 3994 3534 4065 quis
3578 3985 3721 4079 hujus

2154 4078 2305 4155 verbi
2348 4104 2593 4153 astruere
2623 4092 2838 4149 tentans
2875 4106 3139 4154 errorem,
3177 4104 3241 4144 ea
3285 4103 3409 4158 qum
3449 4078 3717 4142 secundum

2155 4190 2384 4244 formam
2423 4186 2564 4243 servi
2593 4185 2661 4240 de
2706 4182 2982 4253 unigenito
3026 4180 3123 4236 Dei
3167 4179 3304 4235 Filio
3331 4181 3474 4235 dicta
3502 4180 3621 4230 sunt
3670 4168 3715 4220 in

2157 4278 2526 4335 testimonium
2566 4275 2762 4339 trahat,
2794 4273 3005 4328 dicens:
3036 4270 3147 4325 Cur
3184 4286 3289 4324 non
3318 4270 3604 4336 conrctgnet
3629 4264 3715 4313 no:-

2154 4372 2239 4426 bis
2273 4371 2381 4435 cui,
2413 4368 2707 4425 secundum
2733 4364 3068 4435 Apostolum,
3117 4360 3498 4432 compatimur,
3547 4360 3716 4409 conse-

2156 4460 2401 4529 pelimur,
2465 4455 2927 4519 convivilicamur,
2976 4450 3389 4521 consurgimus?
3428 4444 3574 4515 cujus
3604 4453 3712 4510 pro-

2151 4549 2427 4603 missionis
2475 4542 2785 4603 colneredes
2821 4553 2877 4598 et
2923 4539 3339 4612 concorporalcs
3388 4547 3442 4595 et
3482 4542 3707 4601 compar-

2151 4642 2342 4709 ticipes
2372 4654 2559 4694 sumus
2597 4638 2651 4691 in
2690 4637 2878 4692 eodem
2920 4632 3046 4689 Jesu
3091 4632 3311 4688 Christo
3353 4644 3452 4702 per
3492 4625 3710 4709 Eventu?-

2152 4707 2304 4796 liunt,
2355 4732 2409 4785 in
2441 4746 2549 4802 quo
2582 4729 2725 4783 Deus
2774 4725 3097 4782 coexeitavit
3143 4739 3242 4779 nos
3288 4720 3548 4791 simulque
3594 4707 3709 4802 iecit

2152 4823 2341 4876 sedere
2371 4821 2423 4874 in
2449 4798 2798 4882 caelestibus;
2846 4816 2912 4870 dc
2960 4830 3069 4884 quo
3103 4821 3154 4868 ct
3194 4810 3516 4882 evangelista
3558 4798 3697 4858 dicit:

2152 4911 2469 4967 Convescens
2499 4908 2726 4963 elevatus
2768 4916 2841 4961 est
2871 4907 3007 4979 (Act.
3048 4905 3088 4977 ι)
3114 4922 3128 4971 ;
3158 4912 3213 4960 et
3258 4904 3451 4958 iterum
3476 4916 3488 4953 :
3519 4893 3600 4951 Illi
3621 4903 3702 4942 att-

2150 5010 2251 5056 lem
2276 5000 2495 5072 profecti
2520 4999 2933 5070 prwdicavcrunt
2960 4997 3147 5068 ubique
3173 4996 3399 5052 Domino
3423 4988 3701 5080 cooperante

2151 5090 2346 5163 (Marc.
2393 5089 2880 5163 xvt):perpendat,
2926 5089 3169 5145 abstersa
3221 5088 3488 5143 nebulosa:
3526 5081 3699 5134 ωαιυθ

2150 5182 2398 5253 caligine,
2450 5196 2555 5237 non
2596 5181 2697 5237 hoc
2726 5194 2792 5234 ex
2822 5195 2918 5233 sua
2968 5179 3268 5242 divinitate,
3315 5178 3409 5235 sed
3441 5189 3504 5231 ex
3536 5173 3697 5224 nosm

2151 5274 2487 5329 humanitate
2529 5288 2650 5330 esse
2678 5272 2734 5329 in
2762 5287 2870 5343 quo
2898 5286 2996 5326 nos
3022 5272 3072 5326 ei
3108 5270 3479 5343 compatimur,
3524 5268 3694 5355 cause.-

2148 5364 2398 5436 pclimur,
2443 5362 2905 5421 convivillcamur.
2945 5362 3099 5419 Sicut
3135 5363 3281 5418 enim
3317 5362 3446 5434 pati,
3483 5346 3690 5424 sepeliti.

2148 5457 2315 5525 vesci,
2380 5458 2435 5513 in
2482 5471 2591 5530 quo
2635 5471 2735 5512 nos
2797 5456 2848 5512 ei
2901 5456 3316 5526 consepelimur,
3346 5446 3689 5537 compatimva

2148 5558 2204 5606 et
2280 5548 2371 5604 ille
2440 5548 2597 5604 nobis
2677 5562 3009 5604 convescens
3077 5548 3254 5604 dictus
3337 5554 3436 5612 est,
3502 5537 3693 5611 ρωιπιθ

2152 5642 2449 5696 humanum
2475 5648 2555 5697 cst
2583 5653 2599 5694 :
2642 5638 2718 5694 ita
2745 5649 2800 5696 et
2828 5654 3056 5711 regnare
3083 5640 3303 5710 proprie
3346 5635 3569 5694 divinum
3598 5624 3688 5676 θείω
