4092 6188
369 447 508 505 1009

1188 445 1369 501 LIBRI
1405 442 1748 501 CAROLI-NI.
1780 473 1849 481 —
1876 438 2096 494 CAPIT.
2139 437 2228 491 DE
2266 435 2454 508 IIIAG.
2497 430 2569 475 --’
2605 434 2733 490 LIB.
2780 435 2819 489 l.

3512 434 3644 489 ωλι)

366 561 651 620 Psalmista
697 566 1007 626 attestante,
1038 556 1130 629 qui
1168 559 1244 613 ait
1268 576 1282 611 :
1310 556 1614 612 Exultatum
1654 562 1729 609 est
1766 566 1951 607 nomen
1978 554 2027 611 Δ
2054 547 2223 614 Quasi
2267 548 2377 602 ouis
2423 547 2493 602 ad
2532 520 2794 602 uictimam
2833 545 3024 599 ductus
3059 552 3132 599 est
3177 542 3313 617 (lsa.
3362 544 3521 618 LIII);
3564 544 3650 601 vel

365 652 480 724 (jus
524 650 687 707 solius
735 648 910 721 (Psal.
938 649 1205 720 cxnvm);
1256 655 1311 702 et
1357 643 1829 700 itcrum:Domini
1876 649 1952 694 est

364 758 582 814 mgnum
601 751 650 796 et
675 743 785 813 ipse
802 742 1165 796 dominabitur
1188 741 1327 811 genti
1350 738 1524 810 (Psal.
1550 736 1650 809 xu)
1675 753 1689 802 ;
1714 745 1767 791 et
1788 735 1951 797 idem,

369 833 605 905 Regnum
645 842 813 898 tuum,
842 832 1087 897 Domine,
1122 845 1338 901 regnum
1360 829 1593 883 omnium
1616 825 1950 887 steculorum,

361 932 412 977 et
463 922 755 977 dominatio
799 930 892 976 tua
933 922 991 975 in
1032 919 1176 976 omni
1230 918 1563 990 generatione
1613 924 1662 970 et
1711 911 1956 986 progenie

360 1010 538 1084 (Psal.
562 1009 745 1083 θην).
774 1011 1021 1067 Dicimur
1041 1011 1185 1065 enim
1213 1016 1268 1063 et
1294 1024 1394 1063 nos
1417 1021 1667 1079 regnare,
1699 1003 1793 1059 sed
1825 1003 1954 1056 abu-

360 1103 499 1169 sive,
541 1118 651 1158 non
677 1102 915 1172 proprie.
948 1099 1086 1155 Nam
1118 1112 1367 1169 regnare,
1395 1095 1756 1152 immortalem
1781 1102 1837 1148 et
1864 1105 1957 1145 vc-

361 1210 544 1251 racem
586 1208 730 1259 esse,
763 1194 843 1248 illi
874 1200 960 1248 est
983 1190 1269 1256 naturale;
1300 1188 1513 1245 eteteris
1544 1201 1674 1241 vero
1700 1185 1793 1256 qui
1838 1184 1954 1239 haec

358 1294 768 1357 consequuntur
822 1285 969 1340 illius
1015 1283 1304 1355 largitione
1357 1289 1441 1336 est
1487 1279 1805 1334 attributum
1861 1275 1954 1346 qui

359 1392 488 1434 vere
516 1385 729 1449 regnat,
776 1377 925 1433 solus
947 1375 1272 1432 immortalis
1300 1381 1356 1430 ct
1397 1389 1560 1429 verax
1591 1379 1692 1438 est,
1730 1371 1955 1427 doctore

357 1472 602 1542 gentium
641 1472 995 1541 prmdicante,
1024 1469 1116 1539 qui
1143 1470 1258 1523 ait:
1287 1466 1384 1522 Est
1424 1467 1562 1521 enim
1605 1464 1747 1518 Deus
1773 1478 1951 1527 verax,

359 1562 532 1616 omnis
570 1572 744 1616 autent
783 1563 938 1615 homo
967 1557 1399 1629 mendax(Rom.
1453 1556 1576 1621 ml;
1623 1571 1678 1611 et
1725 1568 1949 1610 rursus:

359 1653 467 1719 Qui
505 1652 648 1708 solus
693 1652 844 1707 habet
888 1649 1333 1705 immortalitatem
1383 1647 1436 1720 (1
1490 1646 1625 1700 Tim.
1670 1646 1797 1717 in);
1847 1659 1955 1699 non

358 1762 488 1816 quo,
530 1755 588 1800 ut
622 1745 696 1799 ait
728 1746 919 1800 beatus
953 1743 1336 1814 Hieronymus,
1368 1752 1422 1798 et
1444 1741 1617 1811 angeli
1656 1748 1710 1796 et
1744 1749 1956 1795 czetera:

361 1838 655 1894 rationales
706 1846 972 1893 creatura:
1036 1834 1495 1890 immortalitatem
1548 1848 1657 1888 non
1718 1832 1956 1887 habeant

2053 644 2202 691 certe
2244 636 2539 692 secundum
2578 635 2878 705 spiritalem
2909 648 3151 697 sensum,
3188 649 3297 703 quo
3342 635 3505 690 modo
3550 639 3648 690 ne-

2052 741 2325 796 quaquam
2361 726 2416 781 in
2466 739 2635 780 carne
2654 724 2829 779 sancti
2851 724 2961 778 sint
2997 739 3122 779 cum
3150 724 3335 778 vivant
3362 724 3416 778 in
3465 737 3648 789 carne,

2052 824 2109 873 et
2130 818 2366 873 habeant
2416 816 2884 872 conversationem
2920 816 2975 869 in
3016 816 3331 872 coelestibus
3380 832 3503 871 cum
3535 832 3651 888 gra-

2053 906 2273 961 diantur
2311 908 2367 961 in
2406 915 2572 970 terra,
2607 922 2736 961 caro
2765 921 2887 961 esse
2928 905 3270 972 desistentes,
3295 906 3391 960 toti
3436 915 3651 962 vertan-

2053 1006 2142 1052 tur
2197 998 2252 1053 in
2296 998 2548 1067 spiritum
2578 1013 2596 1058 :
2622 998 2694 1053 ita
2721 1013 2816 1053 eos
2846 997 2900 1051 in
2925 997 3236 1052 cmlestibus
3282 997 3471 1053 sedere
3525 1014 3648 1053 cum

2053 1088 2290 1144 Christo.
2338 1089 2582 1160 Regnum
2619 1089 2819 1158 quippe
2856 1089 2949 1142 Dei
2984 1089 3121 1143 intra
3175 1104 3272 1143 nos
3313 1096 3413 1153 est,
3453 1096 3509 1144 et
3557 1090 3650 1144 ubi

2056 1177 2221 1234 fuerit
2244 1179 2531 1234 thesaurus
2582 1188 2797 1244 noster,
2842 1178 2912 1233 ibi
2961 1179 3067 1233 erit
3112 1186 3170 1233 et
3221 1192 3317 1233 cor
3359 1186 3645 1243 nostrum;

2054 1268 2306 1338 ﬁrmique
2333 1276 2390 1323 et
2418 1268 2640 1324 stabiles
2666 1269 2919 1324 sedemus
2939 1284 3062 1323 cum
3090 1268 3328 1335 Christo,
3363 1269 3646 1339 sapientia,

2055 1360 2238 1423 verbo,
2287 1360 2522 1429 justitia,
2561 1360 2812 1414 veritate.
2871 1358 3242 1413 Prwdicabant
3292 1369 3471 1414 autem
3518 1376 3644 1431 apo-

2053 1449 2172 1504 stoli
2193 1449 2418 1504 Domino
2449 1459 2759 1520 cooperante
2782 1449 2976 1520 (Marc.
3019 1448 3154 1521 xvr),
3197 1446 3249 1504 id
3286 1458 3390 1514 est,
3421 1449 3487 1504 ad
3509 1451 3647 1506 bona

2055 1553 2220 1608 opera
2256 1537 2559 1593 exercenda
2593 1537 2675 1592 eis
2712 1536 3098 1591 adminiculum
3126 1534 3436 1606 pmbcute':
3479 1547 3533 1592 et
3564 1538 3645 1592 id-

2054 1631 2203 1685 circo
2250 1637 2456 1683 tantam
2496 1629 2603 1682 vim
2644 1627 2860 1683 illorum
2910 1628 3157 1698 operatio
3216 1629 3424 1693 habui,
3467 1637 3526 1683 ut
3580 1630 3649 1684 ad

2053 1734 2246 1774 eorum
2292 1718 2734 1788 praedicationem
2787 1726 2866 1774 tot
2918 1718 3087 1772 millia
3131 1718 3409 1773 hominum
3463 1720 3645 1775 crede-

2060 1821 2199 1877 rent,
2237 1821 2292 1869 et
2321 1821 2529 1867 natura:
2569 1813 2774 1867 viribus
2809 1811 2998 1868 fractis
3024 1820 3080 1867 et
3109 1813 3305 1867 mortui
3352 1813 3540 1878 vitam,
3588 1824 3647 1868 et

357 1938 414 1985 et
435 1927 683 1983 veritatis
712 1926 821 1981 sint
847 1934 1136 1988 amatores,
1169 1926 1261 1980 sed
1296 1941 1406 1996 quo
1444 1925 1533 1979 ille
1558 1924 1703 1980 solus
1731 1931 1951 1978 natura-

2057 1906 2181 1961 czeei
2218 1906 2423 1969 oeulos,
2471 1914 2525 1960 et
2550 1904 2697 1959 surdi
2744 1919 2905 1959 aures
2931 1905 3260 1974 acciperent.
3309 1903 3644 1978 Cooperatur

360 2021 482 2075 liter
537 2018 609 2073 sit
650 2028 705 2072 ct
741 2016 1062 2071 immortalis
1104 2024 1161 2071 et
1213 2032 1396 2082 verax,
1449 2016 1629 2071 emleri
1678 2030 1805 2070 vero
1852 2015 1953 2068 im-

359 2108 744 2163 mortalitatem
769 2114 824 2162 et
860 2107 1145 2162 veritatem
1178 2122 1242 2160 ex
1269 2106 1553 2177 largitione
1578 2106 1723 2161 illius
1759 2118 1951 2161 conse-

357 2208 614 2272 quantur,
641 2208 696 2255 et
717 2199 861 2253 aliud
886 2199 957 2253 sit
992 2199 1194 2255 habere
1216 2213 1314 2269 per
1351 2208 1541 2264 semet,
1574 2198 1718 2254 aliud
1760 2199 1812 2253 in
1856 2214 1953 2268 po-

359 2301 557 2350 testate
580 2292 833 2347 donantis
856 2303 977 2347 esse
1002 2288 1146 2361 quod
1169 2291 1391 2346 habeas.
1421 2289 1479 2345 Si
1514 2306 1644 2362 ergo
1671 2298 1818 2346 recte
1847 2290 1953 2345 dici

358 2399 647 2456 possumus
680 2383 791 2439 Deo
820 2384 1083 2439 commori
1111 2390 1167 2437 et
1200 2383 1459 2454 compati,
1504 2382 1596 2453 qui
1629 2381 1953 2437 immortalis

358 2483 415 2531 et
440 2474 789 2545 impassibilis
816 2484 919 2539 est,
956 2473 1029 2527 ita
1059 2482 1115 2528 et
1146 2483 1295 2529 recte
1332 2474 1436 2529 dici
1480 2481 1657 2543 potest
1684 2473 1825 2528 Deus
1856 2487 1953 2527 no-

360 2568 444 2622 bis
488 2582 840 2635 conregnare.
887 2565 955 2619 Et
994 2565 1039 2620 si
1070 2565 1204 2620 illud
1256 2563 1545 2620 manifesta
1590 2564 1799 2619 ratione
1843 2564 1951 2619 dici

359 2658 748 2723 contemnitur,
782 2664 839 2711 et
873 2656 1018 2711 istud
1053 2655 1302 2726 prudenti
1330 2654 1674 2725 indagatioue
1705 2652 1954 2724 repudia-

360 2758 469 2805 tur.
534 2747 908 2817 Compatimur
972 2745 1115 2800 enim
1171 2744 1391 2799 Christo
1449 2744 1665 2814 quando
1724 2742 1779 2797 in
1834 2740 1954 2811 ejus

360 2858 547 2898 amore
585 2842 678 2912 qui
728 2857 828 2912 pro
876 2839 1031 2894 nobis
1066 2838 1243 2893 crucis
1312 2837 1616 2908 passionem
1667 2850 1955 2907 perpessus

358 2941 463 2997 est,
492 2948 709 2989 carnem
746 2940 989 2987 nostram
1024 2929 1413 2998 cruciﬁgimus,
1462 2930 1515 2985 id
1546 2937 1649 2993 est,
1697 2927 1953 2983 mundum

359 3041 484 3081 cum
548 3024 692 3080 vitiis
736 3033 787 3079 et
843 3022 1314 3093 concupiscentiis,
1344 3033 1399 3077 et
1436 3021 1699 3077 morimur
1734 3021 1954 3087 mundo,

359 3123 416 3170 et
451 3113 839 3170 commorimur
864 3111 1099 3172 Christo.
1139 3120 1193 3168 et
1226 3112 1305 3167 sic
1328 3128 1569 3177 carnem,
1614 3111 1668 3166 id
1710 3120 1793 3168 est
1836 3127 1956 3167 cor-

361 3223 481 3278 pus,
522 3204 912 3276 cruciliginms,
956 3212 1015 3259 ut
1052 3204 1318 3262 desideria
1347 3203 1464 3274 ejus
1489 3204 1779 3260 calcemus.
1810 3203 1951 3260 Con-

362 3298 557 3370 sepulti
613 3296 757 3353 enim
810 3312 999 3352 sumus
1047 3311 1170 3351 cum
1215 3295 1309 3351 illo
1373 3311 1471 3368 per
1530 3296 1854 3366 baptismum
1895 3295 1947 3349 iu

363 3398 613 3454 mortem,
658 3399 716 3443 ut
762 3388 1217 3459 quemadmodum
1273 3386 1525 3443 Christus
1575 3387 1872 3443 resurrexit
1920 3402 1950 3441 a

363 3481 594 3538 mortuis
626 3495 723 3550 per
763 3480 1015 3535 virtutem
1044 3479 1241 3544 Patris,
1283 3478 1357 3533 ita
1399 3487 1454 3533 et
1485 3494 1582 3533 nos
1613 3478 1665 3532 in
1714 3478 1952 3533 novitate

364 3576 489 3629 vita:
514 3572 892 3628 ambulemus:
919 3581 975 3626 et
1013 3572 1093 3627 sic
1134 3569 1392 3641 baptizati
1420 3568 1716 3638 consepulti
1767 3582 1954 3623 sumus

361 3664 435 3729 ei,
464 3670 523 3717 ut
549 3663 614 3718 de
635 3673 830 3717 caetero
856 3662 996 3717 hanc
1023 3662 1191 3715 vitam
1241 3676 1552 3731 sequamur,
1592 3659 1647 3715 in
1678 3675 1784 3731 qua
1805 3658 1955 3715 Chri-

364 3765 485 3812 stus
512 3756 831 3811 resurrexit.
860 3754 1193 3824 Baptisnuun
1216 3752 1630 3808 resurrectionis
1649 3752 1848 3825 pignus
1872 3760 1956 3807 est

364 3857 422 3902 et
462 3848 662 3919 imago,
712 3856 772 3901 ut
809 3845 921 3916 jam
974 3846 1028 3901 in
1067 3844 1356 3915 praeceptis
1401 3843 1603 3900 Christi
1650 3850 1952 3908 manentes,

364 3941 434 3995 ad
467 3939 743 4009 prmterita
793 3938 971 3994 denuo
1014 3952 1122 3992 non
1174 3935 1534 3991 revolvamur.
1590 3933 1952 3990 Convivilica-

367 4047 489 4086 mur
518 4038 697 4085 autem
730 4036 785 4083 et
826 4028 1202 4096 consurgimus
1238 4026 1310 4093 ei,
1346 4026 1393 4081 si
1424 4025 1763 4081 similitudini
1813 4040 1961 4078 mor-

368 4123 439 4177 tis
472 4120 589 4190 ejus
619 4135 806 4177 sumus
855 4119 1224 4188 complantati,
1263 4116 1314 4173 id
1358 4125 1459 4179 est,
1509 4118 1553 4172 si
1589 4117 1642 4171 iu
1691 4117 1959 4187 baptismo

364 4215 548 4269 omnia
601 4212 731 4267 vitia
775 4211 1109 4282 dcponentes
1156 4212 1211 4265 in
1242 4226 1438 4266 novam
1489 4211 1654 4266 vitam
1712 4209 1959 4264 transl..ti

366 4306 433 4361 de
464 4313 664 4359 caetero
709 4319 818 4358 non
862 4317 1168 4371 peccemus.
1215 4300 1525 4357 Similitudo
1570 4301 1714 4356 enim
1768 4301 1961 4355 mortis

366 4394 601 4453 similem
635 4393 916 4464 pnestavit
966 4391 1442 4448 resurrectionem.
1507 4391 1831 4448 Cohzcredcs
1866 4409 1961 4447 uu-

369 4497 477 4543 tem
522 4493 578 4541 et
622 4483 1040 4555 eomparticipes
1072 4481 1189 4553 ejus
1227 4498 1435 4548 sumus,
1482 4498 1587 4536 non
1615 4498 1726 4552 qua
1780 4482 1959 4552 aliqua

370 4579 512 4633 inter
547 4592 646 4631 nos
670 4574 943 4646 possessio
986 4573 1273 4636 dividatur,
1316 4573 1412 4629 sed
1440 4588 1548 4642 quo
1584 4573 1697 4643 ipse
1729 4572 1799 4627 sit
1847 4571 1952 4626 Do-

368 4668 548 4724 minus
595 4666 884 4722 liaereditas
927 4671 1113 4719 nostra
1150 4672 1310 4733 atque
1353 4663 1644 4733 possessio.
1693 4662 1951 4717 Dominus

365 4764 570 4835 quippe,
601 4761 692 4823 ait,
714 4758 993 4815 Iuereditas
1019 4765 1182 4811 vestra
1208 4765 1281 4810 est
1306 4754 1484 4828 (Deut.
1508 4754 1698 4829 XVIII);
1723 4763 1779 4810 et
1798 4752 1948 4817 alibi,

371 4853 628 4908 Dominus
674 4867 797 4922 pars
843 4866 958 4903 mea
1000 4858 1047 4902 et
1103 4847 1383 4902 Ita'reditas
1436 4863 1555 4901 mea
1621 4845 1797 4916 (Psal.
1850 4863 1949 4913 xv;

376 4942 542 4997 Eccli.
584 4943 729 5010 XLV).
781 4937 1207 5008 Coneoxporales
1256 4937 1423 5000 enim,
1480 4936 1607 5005 quia
1643 4953 1954 5008 quanqu.un

369 5035 613 5090 diversas
654 5033 887 5087 habeant
915 5031 1115 5100 gratias
1164 5030 1217 5085 hi
1248 5031 1338 5101 qui
1371 5032 1424 5085 in
1455 5030 1671 5085 Christo
1714 5031 1958 5086 credide-

370 5134 517 5191 runt,
544 5125 598 5180 in
624 5140 731 5180 uno
763 5132 939 5179 tamen
965 5132 1091 5179 sunt
1111 5123 1364 5180 Ecclesia:
1378 5139 1605 5195 corpore
1629 5124 1955 5196 conglobati.

372 5216 546 5271 Simul
584 5230 713 5286 ergo
737 5223 954 5272 sanctos
984 5214 1114 5271 fecit
1139 5216 1327 5271 sedere
1360 5231 1484 5270 cum
1514 5215 1731 5272 Christo
1761 5216 1814 5269 in
1850 5233 1961 5272 eu:-

373 5308 599 5366 Icstibus
645 5326 748 5365 non
794 5324 902 5379 quo
946 5310 995 5365 ei
1041 5310 1213 5365 sancti
1258 5309 1587 5366 consedeant
1621 5310 1858 5382 quandiu
1906 5312 1959 5367 in

375 5400 479 5456 hoc
527 5400 726 5455 mundo
752 5408 877 5453 sunt
922 5407 980 5454 et
1007 5399 1420 5470 peregrinantur
1462 5400 1533 5455 ab
1559 5414 1646 5467 eo,
1688 5401 1783 5456 sed
1829 5416 1956 5471 quo,

367 5489 521 5559 juxta
562 5489 770 5560 prmlati
794 5491 1032 5548 doctoris
1057 5491 1402 5558 sententiam,
1430 5507 1549 5548 mos
1579 5492 1683 5549 iste
1703 5492 1776 5548 sit
1814 5492 1964 5548 Scri-

375 5592 657 5651 pturarum
712 5589 772 5635 ut
828 5580 1097 5636 interdum
1150 5581 1329 5636 futura
1390 5591 1633 5656 tempore
1685 5585 1964 5653 praeterito

376 5673 717 5730 declinentur
780 5688 878 5745 per
932 5675 1150 5730 schema
1205 5674 1351 5745 quod
1403 5676 1601 5731 dicitur
1653 5676 1959 5747 prolepsis:

377 5764 526 5819 verbi
553 5781 716 5821 causa
741 5767 808 5821 de
833 5781 996 5823 cruce
1015 5765 1226 5821 Domini
1256 5785 1266 5821 :
1298 5763 1566 5822 Foderunt
1598 5784 1785 5823 manus
1821 5785 1963 5823 meus

380 5865 435 5912 et
475 5856 631 5931 pedes
676 5856 849 5931 (Psal.
908 5856 1084 5930 xxii);
1138 5866 1193 5913 et
1233 5858 1359 5916 alibi
1411 5859 1475 5915 de
1504 5860 1757 5930 passione
1799 5859 1959 5930 ejus;

2053 1999 2195 2053 enim
2244 1999 2504 2054 Dominus
2552 1997 2806 2053 omnibus
2828 1998 3052 2062 sanctis,
3091 1998 3386 2053 secundum
3422 1997 3628 2068 Aposto

2055 2090 2187 2154 lum,
2220 2090 2313 2159 qui
2348 2089 2498 2154 dicit,
2532 2087 2732 2143 Factus
2780 2105 2895 2142 sum
2934 2089 3171 2143 minister
3214 2088 3501 2144 secundum
3550 2090 3644 2142 do—

2054 2197 2179 2235 num
2223 2180 2440 2251 gratim,
2481 2195 2600 2250 qua:
2629 2179 2756 2233 data
2802 2189 2875 2233 est
2919 2180 3047 2233 milii
3086 2180 3245 2250 juxta
3294 2180 3645 2250 operationem

2054 2271 2258 2325 virtutis
2281 2269 2395 2340 ejus
2423 2268 2648 2341 (Coloss.
2678 2269 2739 2341 ι).
2764 2270 3149 2325 Pcccatoribus
3174 2277 3353 2325 autem
3377 2270 3431 2324 in
3471 2285 3639 2338 quan-

2055 2369 2169 2415 tum
2206 2369 2435 2431 peccant
2463 2375 2637 2431 neque
2664 2362 2947 2431 cooperari
2974 2377 3150 2431 neque
3180 2377 3512 2432 conregnare
3534 2362 3641 2415 nlo

2054 2452 2215 2506 modo
2234 2451 2535 2505 credendus
2563 2460 2667 2505 est.
2706 2450 2763 2505 Si
2787 2466 2917 2520 ergo
2950 2460 3005 2506 et
3040 2453 3169 2507 illud
3195 2453 3337 2523 quod
3353 2453 3645 2523 Apostolus

2051 2542 2201 2607 dicit,
2236 2541 2295 2597 Si
2315 2544 2719 2598 sustinuerimus
2741 2554 2788 2598 et
2811 2545 3244 2616 conregnabimus
3285 2543 3370 2617 (11
3398 2545 3534 2603 Tim.
3559 2546 3642 2617 it),

2052 2641 2207 2702 putat
2255 2633 2357 2688 sibi
2393 2633 2610 2704 aliquod
2648 2635 3031 2690 adminiculum
3084 2636 3137 2690 in
3194 2637 3297 2692 hac
3333 2644 3484 2707 parte
3511 2653 3646 2707 pne-

2054 2729 2222 2785 stare,
2260 2724 2460 2778 sentiat
2487 2724 2589 2779 hoc
2617 2726 2684 2780 ab
2706 2739 2771 2781 eo
2793 2726 2937 2797 quod
2960 2725 3051 2781 ille
3076 2726 3226 2791 dicit,
3262 2727 3529 2797 tripertita
3561 2742 3645 2780 ra-

2057 2815 2203 2869 tione
2253 2815 2475 2881 distare,
2525 2816 2581 2871 id
2629 2824 2733 2882 est,
2786 2831 3036 2887 persona,
3098 2826 3358 2889 tempore,
3412 2818 3645 2873 uzerito:

2052 2921 2304 2978 persona,
2330 2908 2457 2976 quia
2483 2923 2591 2961 non
2636 2908 2726 2963 ille
2769 2910 2989 2975 sanctis,
3022 2909 3118 2965 sed
3148 2909 3221 2964 illi
3253 2910 3425 2965 sancti
3456 2925 3646 2965 conre-

2057 2998 2274 3069 guaturi
2321 2998 2615 3065 dicuntur;
2665 3006 2925 3070 tempore,
2979 3001 3103 3071 quia
3136 3017 3241 3055 non
3291 3016 3650 3072 eonregnasse

2056 3107 2157 3146 nec
2192 3105 2548 3162 conregnare,
2581 3090 2677 3146 sed
2706 3093 3084 3163 eonregnaturi
3112 3092 3396 3158 dicuntur;
3430 3094 3645 3159 merito,

2058 3186 2183 3257 quia
2208 3201 2314 3240 non
2341 3185 2585 3256 quilibet,
2610 3185 2704 3241 sed
2725 3185 3061 3241 solummodo
3084 3186 3256 3241 sancti
3279 3185 3327 3240 ei
3356 3202 3651 3257 conregna-

2054 3278 2206 3333 bunt.
2240 3274 2330 3330 Ait
2358 3276 2501 3332 enim
2534 3295 2546 3330 :
2581 3275 2641 3332 Si
2682 3278 3106 3344 sustinuerimus,
3135 3286 3183 3331 et
3214 3277 3647 3348 conregiwbimus

2055 3360 2269 3442 (Ibid),
2300 3368 2354 3424 id
2381 3377 2484 3436 est,
2520 3369 2565 3424 si
2604 3368 2657 3424 in
2700 3369 2805 3424 hoc
2848 3368 3045 3425 saeculo
3096 3369 3535 3433 sustinuerimus,
3590 3369 3646 3422 in

2055 3462 2240 3519 futuro
2258 3462 2712 3534 conregnabimus
2738 3479 2751 3516 :
2784 3462 2868 3517 vel
2895 3470 3039 3518 certe
3063 3470 3185 3532 post
3209 3460 3492 3531 judicium,
3525 3477 3649 3517 cum

2050 3550 2171 3623 jam
2205 3568 2331 3608 eum
2358 3569 2465 3609 non
2489 3568 2588 3623 per
2625 3553 2903 3629 speculum
2942 3562 2996 3610 et
3033 3554 3088 3610 in
3117 3554 3406 3626 enigmatc,
3440 3554 3534 3609 sed
3560 3552 3644 3608 fa-

2055 3645 2140 3700 cie
2191 3644 2259 3698 ad
2294 3642 2488 3699 faciem
2536 3646 2940 3701 contuehimur.
2990 3646 3124 3701 Nam
3156 3646 3202 3701 si
3242 3645 3418 3702 adhuc
3465 3646 3649 3702 inhoc

2057 3738 2257 3794 mundo
2288 3753 2494 3804 sumus,
2520 3738 2697 3793 adhuc
2720 3739 3090 3803 sustinemus;
3117 3739 3163 3794 si
3200 3740 3376 3795 adhuc
3413 3741 3648 3795 sustine-

2057 3849 2197 3898 mus,
2239 3831 2465 3886 necdum
2512 3846 2928 3901 conregnamus.
2962 3829 3021 3885 Si
3050 3831 3215 3901 igitur
3243 3833 3419 3888 adhuc
3447 3832 3500 3886 in
3543 3831 3646 3887 hoc

2057 3923 2259 3981 mundo
2308 3939 2517 4003 sumus,
2571 3924 2798 3979 necdum
2859 3938 3277 3994 eonregnamus.
3334 3925 3536 3980 Dein-de
3599 3926 3646 3979 si

2058 4031 2455 4086 conreguanius
2492 4015 2561 4080 ei,
2592 4013 2699 4083 iam
2734 4014 2881 4068 venit
2923 4014 3068 4084 quod
3116 4014 3414 4084 perfectum
3452 4024 3571 4081 est;
3603 4016 3648 4068 si

2052 4105 2168 4173 jam
2212 4106 2357 4160 venit
2403 4105 2545 4175 quod
2575 4104 2878 4175 perlectum
2904 4115 3004 4171 est,
3048 4105 3164 4175 jam
3203 4115 3520 4162 evacuatum
3566 4119 3651 4163 est

2062 4199 2205 4268 quod
2237 4215 2303 4253 ex
2332 4206 2484 4267 parte
2516 4207 2620 4253 est.
2671 4197 2789 4253 Non
2826 4208 3008 4254 autem
3048 4208 3366 4256 evacuatum
3395 4203 3646 4270 estquod

2061 4309 2126 4348 ex
2157 4301 2310 4363 parte
2336 4300 2439 4355 est,
2498 4307 2603 4346 non
2656 4291 2821 4362 igitur
2856 4307 3253 4364 conreguamus
3301 4293 3374 4348 ei.
3416 4292 3475 4348 Si
3521 4308 3650 4363 ergo

2062 4389 2233 4444 sancti
2265 4385 2503 4457 quandiu
2550 4386 2601 4440 in
2633 4387 2734 4441 hoc
2784 4384 2986 4442 mundo
3022 4395 3148 4442 sunt
3174 4403 3281 4443 non
3320 4397 3655 4456 conregnaut

2063 4480 2136 4545 ei,
2171 4479 2342 4534 multo
2373 4478 2553 4533 minus
2581 4478 2669 4532 ille
2698 4487 2996 4549 conregnat
3019 4478 3119 4543 eis,
3148 4481 3302 4548 cujus
3325 4488 3408 4537 est
3427 4495 3651 4550 regnum

2062 4582 2119 4629 et
2155 4572 2460 4643 imperium,
2508 4580 2569 4625 et
2611 4569 2766 4640 cujus
2817 4571 2971 4643 regni
3010 4586 3119 4628 non
3156 4571 3263 4627 erit
3307 4571 3547 4628 tiniszet
3605 4571 3653 4626 si

2060 4669 2264 4725 sanctis
2329 4683 2437 4722 non
2510 4675 2828 4739 couregnat,
2879 4668 3026 4724 nullo
3075 4670 3235 4724 modo
3277 4668 3654 4740 peccatoribus

2060 4776 2394 4831 conregnare
2439 4760 2701 4816 dicendus
2748 4769 2852 4816 est.
2903 4761 3131 4829 Quando
3166 4771 3347 4817 autem
3377 4763 3549 4817 sancti
3601 4762 3651 4817 ei

2062 4852 2491 4923 conregnabunt,
2520 4851 2764 4921 apostolo
2800 4850 3009 4908 Joanne
3045 4853 3292 4919 downte,
3323 4854 3649 4909 didicimus:

2059 4945 2138 5000 ait
2184 4945 2327 5000 enim
2354 4963 2367 4997 :
2397 4944 2726 5007 Charissimi,
2754 4944 2986 4998 nondum
3003 4947 3243 5016 apparuit
3265 4945 3405 5015 quod
3424 4947 3648 5008 erimus.

2060 5036 2257 5090 scimus
2301 5034 2550 5105 quoniam
2597 5049 2716 5087 cum
2753 5035 3055 5105 apparuerit
3093 5034 3293 5089 similes
3334 5036 3383 5089 ei
3434 5036 3648 5096 erimus.

2061 5127 2311 5197 quoniam
2346 5124 2629 5180 ridebimus
2673 5140 2794 5178 eum
2840 5124 2994 5178 sicuti
3023 5134 3097 5179 est
3145 5124 3198 5196 (I
3227 5125 3388 5180 Joau.
3439 5124 3524 5195 in)
3551 5143 3565 5191 ;
3596 5135 3651 5179 ut

2066 5220 2192 5274 dum
2231 5216 2541 5286 apparuerit
2588 5216 2733 5285 quod
2776 5217 3001 5281 erimus,
3030 5217 3195 5273 idest
3235 5216 3568 5273 immortales
3598 5228 3651 5275 et.

2067 5307 2309 5379 gloriosi,
2344 5306 2520 5375 inquo
2548 5306 2755 5362 similes
2777 5306 2829 5363 ei
2858 5307 3082 5364 erimus.
3124 5306 3341 5364 Similes
3365 5308 3516 5369 dixit,
3545 5326 3650 5364 nun

2067 5398 2322 5470 aequales.
2364 5398 2581 5454 Similes
2614 5398 2859 5455 videlicet
2888 5417 2997 5456 non
3026 5400 3081 5456 in
3114 5401 3362 5471 corporis
3403 5401 3654 5457 similitu-

2069 5493 2214 5557 dine,
2254 5490 2350 5547 sed
2370 5490 2427 5545 in
2468 5490 2723 5547 interiore
2748 5493 2988 5560 homine,
3017 5494 3229 5549 dicente
3267 5494 3428 5550 beato
3464 5495 3652 5565 Augu-

2069 5586 2211 5641 stino
2242 5584 2296 5639 in
2333 5584 2561 5655 cpistola
2601 5585 2670 5641 ad
2702 5584 2942 5641 Italicam
2981 5587 3245 5659 virginem
3298 5606 3311 5642 :
3347 5607 3365 5640 ι
3396 5587 3529 5656 Quis
3566 5607 3655 5645 au-

2071 5686 2178 5731 tem
2222 5675 2661 5733 dementissimus
2686 5676 2883 5733 dixerit
2918 5693 3145 5751 corpore
3175 5697 3275 5739 nos
3322 5682 3407 5739 vel
3436 5698 3558 5740 esse
3573 5683 3655 5738 vel

2067 5768 2278 5825 laturos
2307 5783 2426 5825 esse
2461 5770 2664 5826 similes
2701 5771 2854 5826 Deo?
2881 5772 2933 5827 in
2959 5773 3216 5831 interiore
3244 5775 3409 5845 igitur
3437 5777 3656 5833 homine

2067 5861 2169 5919 ista
2219 5861 2513 5919 similitudo
2562 5868 2664 5918 est.
2705 5882 2725 5916 θ
2776 5862 3087 5922 Videbimus
3135 5882 3265 5941 ergo
3316 5883 3443 5926 eum
3491 5867 3650 5925 sicut'
