4042 6192
544 402 667 458 ΙΟΗ

1410 400 1469 456 Β.
1510 399 1758 457 CAROLI
1797 394 2009 455 MAGNI
2046 390 2197 451 OPP.
2238 391 2416 450 PARS
2451 395 2514 451 ll.
2557 395 2797 456 SECTIO
2831 395 2895 454 ΙΙ.

444 512 447 517 ’
538 526 641 581 est,
664 530 786 572 cum
802 512 1094 570 secundum
1119 528 1270 569 suam
1294 512 1732 584 pollicitationem
1760 508 2104 581 diligentibus
2134 506 2178 563 A
2207 505 2341 560 riam
2380 504 2643 571 ,iustorum
2682 505 2854 574 (Psal.
2904 506 2967 577 l),
3017 513 3208 563 auctor
3242 507 3431 563 mortis
3470 505 3740 562 contrarius

3620 395 3741 452 10H.

540 624 599 665 se
636 604 1059 661 manifestaverit
1091 603 1323 672 seipsum
1383 604 1500 659 sine
1544 603 1650 659 ﬁne
1686 603 1948 659 existente
1988 618 2001 653 :
2054 600 2107 653 in
2210 604 2313 660 est,
2361 596 2429 652 de
2461 612 2567 666 quo
2605 596 2963 666 subiungitur,
3016 595 3083 650 Et
3129 597 3230 650 iter
3270 597 3542 667 impiorum
3583 595 3741 664 peribit
3770 590 3781 616 ί

540 714 648 769 quo
685 698 855 753 Deum
899 696 1199 751 videbimus
1240 693 1463 759 inﬁnite,
1501 694 1830 751 celebrantes
1866 694 2109 765 perpetui

541 789 751 846 sabbati
786 787 1193 848 solemnitatem,
1249 785 1457 840 dicente
1488 784 1643 839 nobis
1683 784 1910 839 Domino
1955 802 1970 837 :
2008 781 2111 836 Va—

544 891 657 936 cate
682 890 732 937 et
755 880 917 936 uidete
934 878 1179 950 quoniam
1208 894 1300 948 ego
1320 893 1436 931 sum
1459 876 1711 930 Dominus
1741 875 1912 946 (Psal.
1934 874 2105 943 xui),

545 987 664 1041 quae
687 970 867 1026 omnia
888 984 997 1024 non
1020 976 1178 1021 antea
1206 965 1615 1034 eomplebuntur
1646 967 1699 1020 in
1728 965 1949 1028 sanctis,
1976 965 2102 1030 nisi,

540 1062 693 1131 juxta
720 1058 1056 1130 Apostolnm,
1080 1073 1204 1112 cum
1239 1056 1464 1112 mortale
1487 1056 1590 1112 hoc
1615 1054 1849 1111 induerit
1892 1056 2112 1111 immor-

549 1152 827 1215 talitatem,
868 1157 923 1203 et
958 1146 1304 1217 corruptibile
1348 1147 1450 1202 hoc
1473 1146 1714 1202 vestierit
1758 1147 2115 1215 incorruptio-

547 1261 690 1301 nem.
727 1244 860 1300 Nam
886 1244 932 1300 si
966 1258 1360 1313 conregnamus
1407 1241 1479 1306 ei,
1507 1239 1621 1309 jam
1672 1243 1922 1310 apparuit
1971 1241 2115 1310 quod

547 1340 787 1402 erimus;
820 1338 863 1393 si
899 1335 1010 1406 jam
1035 1317 1279 1403 apparuit
1308 1333 1448 1401 quod
1483 1332 1701 1396 erimus,
1748 1329 1862 1400 jam
1910 1332 2115 1388 similes

548 1432 599 1486 ci
645 1444 871 1493 sumus;
900 1427 946 1481 si
990 1427 1103 1495 jam
1147 1422 1348 1480 similes
1384 1422 1433 1477 ei
1471 1437 1677 1485 sumus,
1712 1419 1825 1489 jam
1874 1421 2118 1476 videmus

551 1534 673 1572 eum
706 1518 859 1573 sicuti
895 1523 1015 1570 est:
1050 1529 1152 1567 non
1179 1518 1356 1566 autem
1382 1510 1623 1564 vitemus
1671 1524 1792 1565 eum
1830 1510 1984 1565 sicuti
2012 1519 2115 1574 est,

556 1611 789 1667 nondum
813 1607 976 1675 igitur
1005 1619 1397 1673 conregnamus
1421 1602 1491 1658 ei.
1535 1601 1741 1672 Regnat
1771 1617 1898 1670 ergo
1932 1601 2021 1656 ille
2066 1601 2119 1655 in

2214 683 2425 757 (lbid.).
2475 685 2608 741 Nam
2645 686 2689 739 si
2730 701 2760 739 a
2809 685 3037 740 veritate
3084 691 3442 747 recesserunt,
3498 683 3746 740 mendacio

2213 774 2570 837 adhzeserunt,
2619 774 2904 830 mendaces
2945 774 3121 829 eﬁ'ecti
3156 782 3300 828 sunt.
3340 772 3398 828 Si
3431 774 3586 841 igitur
3614 788 3642 827 a
3669 786 3745 825 ve-

2214 865 2375 921 ritate
2424 872 2781 930 recesserunt,
2826 864 3115 921 mendaces
3153 864 3327 920 eﬂecti
3354 873 3499 920 sunt.
3527 864 3657 933 Ergo
3680 877 3743 916 sc-

2214 953 2445 1008 cundum
2497 954 3021 1009 denominativorum
3073 954 3335 1024 regulam,
3383 960 3444 1008 ut
3482 968 3512 1007 a
3555 951 3752 1007 veritate

2214 1057 2399 1108 verax,
2446 1059 2476 1098 a
2514 1043 2724 1112 justitia
2760 1043 2975 1112 justus,
3022 1060 3054 1098 a
3109 1044 3310 1114 pietate
3354 1044 3512 1114 pius,
3556 1056 3586 1095 a
3627 1039 3735 1095 boni

2216 1140 2328 1188 tate
2389 1133 2598 1198 bonus,
2670 1134 2749 1187 ita
2800 1147 2831 1186 e
2889 1133 3165 1189 contrario
3215 1148 3246 1186 a
3296 1132 3569 1187 mendacio
3621 1144 3750 1186 men-

2218 1226 2323 1281 dax
2362 1224 2577 1279 dicitur.
2617 1225 2753 1280 Nam
2792 1241 2915 1280 cum
2951 1226 3239 1281 mendaces
3272 1224 3557 1280 veritatem
3591 1223 3755 1278 dotem

2218 1324 2310 1370 aut
2335 1315 2423 1369 vix
2452 1324 2545 1370 aut
2578 1330 2852 1384 nunquam
2901 1314 3129 1385 possint,
3180 1314 3481 1369 mirandum
3519 1319 3598 1368 est
3638 1309 3756 1365 unde

2219 1406 2275 1461 hi
2319 1413 2428 1460 tam
2477 1420 2697 1462 veraces
2741 1413 2960 1473 tamque
2994 1404 3240 1460 veritatis
3281 1410 3571 1459 sectatores
3608 1398 3755 1455 enecti

2221 1495 2329 1549 sint
2356 1513 2369 1547 :
2399 1496 2490 1564 qui
2544 1494 2801 1550 videlicet
2858 1494 3153 1548 secundum
3194 1508 3347 1548 suam
3397 1491 3683 1562 Opinionem
3731 1504 3755 1541 τι

2221 1584 2571 1638 mendacibus
2619 1583 2764 1637 docti
2790 1590 2844 1637 et
2875 1583 3043 1653 geniti
3078 1590 3224 1637 sunt.
3254 1582 3372 1638 Non
3408 1596 3534 1650 ergo
3562 1578 3756 1650 gratiam

555 1699 730 1761 nobis,
756 1669 862 1751 non
889 1669 1396 1764 conregnat‘nobis:
1426 1669 1902 1761 regnatvvidelicet,
1933 1704 2124 1746 sccnn—
2223 1673 2319 1728 Dei
2346 1674 2491 1764 inf?“
2519 1673 2745 1764 νθνίξέιῑέ
2791 1678 3054 1764 (ιξιῖετιιιιι,
3111 1674 3179 1727 de
3218 1687 3323 1764 (illa
3362 1672 3453 1764 Dia
3478 1669 3675 1764 Ῡςΐίιθε
3713 1673 3758 1718 ει

556 1787 685 1842 dum
728 1784 876 1842 beati
928 1782 1210 1852 Augustini
1258 1781 1598 1844 sententiam,
1648 1781 1701 1835 in
1760 1781 2117 1841 credentibus,

2224 1777 2352 1818 vera
2398 1762 2575 1817 Pietas
2615 1761 2790 1816 dixit:
2821 1760 2882 1817 Si
2929 1762 3316 1833 permanseritis
3354 1762 3412 1814 in
3452 1758 3594 1814 rerbo
3636 1773 3757 1818 meo,

557 1875 683 1944 quia
719 1887 890 1943 usque
924 1873 989 1926 ad
1017 1848 1237 1926 crucem
1271 1878 1326 1924 et
1365 1876 1591 1923 mortem
1646 1868 1950 1923 inﬁrmatus
1998 1878 2120 1923 est:
2155 1848 2200 1911 Β
2228 1856 2543 1944 εορηοξεεεὶε
2588 1855 2870 1944 veritatem.
2913 1864 2963 1907 οε
3001 1854 3189 1944 veritas
3230 1852 3466 1944 liberabit
3490 1868 3571 1944 vo}
3604 1849 3756 1944 (100.7!-

558 1965 659 2019 hoc
677 1970 855 2017 autem
878 1960 1037 2016 modo
1058 1957 1225 2012 Filius
1244 1957 1457 2029 prOprie
1483 1968 1670 2029 regnat
1716 1958 1769 2012 in
1792 1956 1893 2011 ﬁdc
1910 1960 2132 2013 creden—

559 2049 690 2103 tium
715 2066 730 2115 ;
762 2065 866 2104 non
892 2050 1035 2104 enim
1057 2048 1216 2103 Pater
1243 2047 1348 2103 dici
1373 2056 1464 2101 aut
1489 2046 1633 2102 credi
1656 2053 1833 2115 potest
1852 2043 1934 2097 vel
1957 2043 2133 2097 incar-

561 2149 741 2206 natus,
768 2140 851 2194 vel
876 2139 1168 2208 judicatus,
1195 2140 1277 2194 vel
1303 2139 1626 2203 cruciﬁxus;
1656 2152 1752 2208 per
1776 2137 2007 2205 speciem
2036 2151 2132 2188 au-

563 2238 689 2295 tem,
724 2247 828 2301 qua
856 2232 1078 2302 aequalis
1102 2240 1183 2287 est
1209 2231 1377 2296 Patri,
1415 2237 1602 2301 regnat
1632 2229 1687 2282 in
1712 2225 2128 2296 contemplanti-

560 2321 663 2376 bus
709 2322 1010 2388 veritatem,
1062 2340 1168 2379 non
1193 2330 1485 2392 conregnat
1525 2322 1700 2387 nobis,
1747 2321 1873 2391 quia
1925 2319 2131 2375 scilicet

561 2425 666 2464 non
703 2412 989 2481 participat
1029 2413 1184 2468 nobis
1211 2413 1264 2467 in
1295 2427 1480 2484 regno.
1527 2411 1700 2481 Ipsius
1739 2411 1881 2466 enim
1919 2410 2133 2479 proprie

561 2512 786 2568 regnum
829 2507 932 2564 est,
965 2500 1104 2555 sicut
1139 2502 1385 2571 superius
1421 2501 1830 2572 disputavimus.
1884 2499 2131 2554 Nondum

561 2587 704 2641 enim
749 2603 1134 2661 eonregnamus
1160 2591 1208 2647 ei
1232 2592 1468 2663 quandiu
1494 2590 1653 2660 hujus
1683 2591 2026 2646 mortalitatis
2047 2598 2132 2645 tu-

562 2677 681 2731 nica
722 2677 895 2733 induti
937 2694 1140 2746 sumus,
1187 2683 1328 2752 quod
1346 2691 1474 2738 tunc
1513 2696 1611 2737 nos
1649 2683 2134 2751 facturosesseper

560 2765 677 2835 ejus
696 2768 1116 2827 misericordiam
1130 2789 1427 2844 speramus,
1447 2791 1568 2832 cum
1581 2776 1872 2832 secundum
1894 2782 2134 2830 contem-

560 2856 849 2925 plationem
864 2865 1357 2930 supernmveritatis
1368 2866 1439 2920 ad
1471 2865 1814 2921 obtinendam
1845 2864 2130 2921 beatitudi-

564 2964 687 3002 nem
710 2950 856 3005 nullo
868 2962 1012 3007 motu
1025 2954 1213 3020 animi,
1226 2955 1368 3010 nulla
1392 2964 1547 3026 parte
1566 2957 1810 3027 corporis
1825 2958 2128 3020 resistente,

565 3039 780 3094 nemine
849 3050 1067 3097 amante
1110 3045 1384 3115 propriam
1431 3056 1776 3117 potestatem,
1841 3049 1946 3105 erit
1992 3048 2137 3104 Deus

564 3129 744 3182 omnia
784 3128 836 3184 in
864 3133 1136 3189 omnibus.

1186 3292 1411 3351 CAPUT
1448 3294 1511 3350 ll.

570 3400 647 3459 De
672 3420 732 3458 eo
758 3403 900 3478 quod
927 3402 1298 3460 Constantinus
1342 3416 1392 3460 et
1434 3406 1665 3478 Harena
1708 3406 1763 3461 in
1807 3404 2024 3478 epistola
2068 3406 2137 3478 ad

639 3473 980 3547 venerabilem
1021 3477 1544 3547 papamgapostolica:
1578 3477 1713 3532 sedis
1738 3473 2029 3531 Adi-ianum
2059 3476 2140 3529 di-

642 3544 1156 3627 recta.scripseru.nt,
1188 3544 1359 3627 Elegit
1394 3564 1493 3604 nos
1529 3548 1671 3605 Deus
1705 3547 1795 3617 qui
1826 3548 1880 3602 in
1911 3547 2139 3602 veritate

640 3613 931 3682 quaerimus
954 3614 1175 3684 gloriam
1198 3613 1333 3685 ejus.

643 3736 951 3794 Secundum
998 3741 1253 3797 Veritatis
1299 3745 1638 3810 sententiam,
1682 3745 1830 3814 quia
1852 3747 2141 3816 semetipso

574 3826 827 3898 loquitur,
875 3828 1100 3898 gloriam
1144 3833 1413 3903 propriam
1440 3834 1650 3903 quaerit.
1697 3834 1869 3903 Quam
1918 3851 2142 3908 prorsus

573 3917 628 3972 hi
647 3919 740 3987 qui
773 3919 826 3973 in
853 3920 1139 3976 adorandis
1177 3923 1498 3993 imaginibus
1535 3931 1875 3991 exarserunt,
1903 3926 2036 3980 adeo
2065 3925 2143 3979 vi-

574 4010 768 4064 dentur
792 4025 1035 4080 quaerere
1054 4020 1111 4068 et
1137 4013 1404 4085 amplecti,
1434 4025 1461 4054 ι
1499 4024 1558 4069 ιιι
1584 4016 1993 4086 prodecessores
2019 4028 2145 4070 suos

574 4100 655 4154 vel
678 4110 930 4170 parentes
951 4118 1074 4158 cum
1094 4104 1303 4159 actibus
1321 4119 1508 4159 eorum
1528 4120 1635 4160 non
1655 4115 1944 4160 vereantur
1961 4120 2146 4175 asper-

576 4197 714 4252 nari.
743 4197 1022 4268 Despectis
1065 4200 1212 4254 enim
1256 4199 1365 4255 illis
1399 4209 1561 4269 atque
1589 4201 1804 4270 spretis,
1841 4198 2051 4267 jactant
2086 4214 2145 4255 se

577 4291 631 4345 in
672 4291 896 4346 veritate
932 4291 1158 4362 gloriam
1199 4291 1293 4347 Dei
1320 4306 1583 4361 quaerere,
1623 4307 1759 4361 quos
1790 4292 1978 4361 utique
1998 4299 2145 4346 recte

576 4392 838 4453 spernunt
900 4384 945 4438 si
1017 4385 1087 4438 ab
1152 4398 1216 4439 ea
1288 4383 1525 4440 Veritate
1593 4398 1712 4452 quae
1773 4382 1908 4439 dixit
1960 4397 1976 4437 :
2029 4381 2144 4453 Ego

577 4490 695 4528 sunt
736 4475 853 4540 via,
919 4475 1131 4539 veritas,
1176 4484 1224 4529 et
1287 4477 1392 4531 rita
1459 4474 1640 4547 (Joan.
1691 4475 1829 4547 xxv),
1879 4475 2146 4531 ullatenus

578 4562 924 4618 deviaverunt
950 4576 966 4616 :
994 4564 1086 4632 qui
1122 4564 1242 4619 ideo
1272 4565 1356 4619 via
1381 4565 1578 4620 dicitur
1616 4562 1741 4634 quia
1768 4579 1868 4636 per
1896 4565 2145 4620 incarna-

580 4653 779 4708 tionem
815 4651 972 4709 houis
1005 4654 1210 4724 praebet
1240 4655 1446 4710 vivendi
1472 4656 1794 4727 exemplum.
1822 4656 2029 4711 Dicitur
2060 4664 2147 4711 et-

577 4743 723 4799 enim
750 4744 937 4799 veritas
975 4743 1225 4799 Christus
1268 4753 1486 4816 propter
1502 4745 1763 4815 judicium
1793 4747 1936 4817 quod
1964 4747 2019 4802 in
2053 4762 2147 4803 ve-

580 4836 740 4892 ritate
767 4844 1004 4903 exercet,
1043 4837 1156 4892 sive
1189 4837 1332 4908 quod
1368 4838 1422 4892 in
1446 4852 1513 4894 eo
1538 4837 1746 4894 falsitas
1785 4839 1896 4893 ulla
1936 4839 2151 4909 penitus

580 4927 811 4983 inveniri
863 4944 972 4987 non
1020 4929 1213 5000 possit.
1262 4928 1398 4991 ,Vita
1446 4936 1665 5001 propter
1711 4928 1961 4984 deitatem
1988 4968 2004 4996 ,
2055 4945 2154 5001 per

581 5031 742 5088 quam
768 5023 853 5073 est
867 5017 993 5072 vitae
1017 5017 1171 5090 origo
1192 5025 1354 5088 atque
1380 5016 1430 5074 ei
1455 5021 1635 5075 omnia
1654 5019 1841 5074 vivunt
1866 5032 1883 5073 :
1904 5026 1988 5074 est
2006 5020 2150 5075 enim

582 5118 728 5165 recte
757 5109 1143 5164 ambulantium
1181 5110 1266 5167 via
1293 5108 1361 5166 ad
1385 5110 1550 5165 vitam
1574 5112 1776 5167 ducens
1795 5118 2089 5177 aeternam;
2119 5127 2150 5166 a

579 5201 708 5271 qua'
727 5201 814 5256 via
841 5212 942 5256 nos
979 5201 1196 5257 deviare
1225 5203 1484 5273 propheta
1518 5203 1791 5259 dissuadet
1829 5218 1955 5258 cum
1981 5204 2150 5259 dicit:

580 5292 957 5364 Appreltendite
996 5291 1329 5362 disciplinam
1363 5310 1427 5350 ne
1457 5294 1665 5364 quando
1692 5296 1953 5349 irascatur
1975 5294 2157 5349 Domi-

580 5398 681 5437 nus
722 5390 772 5436 et
814 5383 1037 5452 pereatis
1078 5400 1113 5437 a
1153 5383 1236 5438 ria
1271 5383 1420 5454 justa
1456 5383 1629 5457 (Psal.
1677 5384 1761 5457 ιι).
1807 5384 1907 5439 Cui
1940 5385 2057 5449 viae,
2088 5385 2156 5440 de

583 5491 689 5544 qua
736 5476 878 5531 idem
923 5487 1144 5535 sanctus
1195 5480 1345 5546 dicit,
1403 5479 1662 5546 Quoniam
1715 5482 1854 5536 novit
1901 5480 2155 5536 Dominus

657 5638 681 5702 ξ
705 5625 1191 5702 (prodecessores
1224 5647 1347 5685 suos
1373 5630 1449 5702 vel
1472 5641 1751 5702 parentes,
1778 5631 1857 5687 Ita
1892 5632 2155 5702 perpelim

589 5694 641 5771 in
664 5694 939 5771 hi_s__libris,
967 5702 1058 5768 qni
1081 5700 1240 5771 vulgo
1261 5694 1679 5771 pmdecéssores.
1729 5694 2158 5770 Simili-ter'leges

591 5766 690 5819 hoc
716 5764 832 5829 lib.,
852 5781 969 5836 cap.
986 5764 1047 5830 ’9,
1071 5764 1277 5833 ’ἤιξ’-ΒΞ
1313 5770 1403 5824 lib.
1439 5788 1497 5836 ιι,
1528 5786 1643 5841 cap.
1668 5771 1806 5829 23a
1827 5772 1927 5839 51;
1956 5771 2047 5826 lib.
2065 5764 2153 5837 ἲν,

2161 3189 2209 3253 C

2174 4526 2223 4585 D

2231 1944 2368 2015 vm).
2394 1943 2499 1999 Sed
2520 1944 2573 1997 in
2596 1943 2915 2013 imaginibus
2941 1941 3207 1997 artiﬁcum
3238 1941 3500 1998 industria
3530 1938 3758 2000 formatis,

2228 2049 2347 2104 qua
2372 2041 2703 2104 spectatores
2732 2047 2857 2086 suos
2882 2032 3196 2102 plerumque
3216 2032 3284 2086 ob
3316 2047 3497 2086 rerum
3521 2036 3757 2101 gestarum

2228 2122 2546 2178 memoriam
2600 2120 2858 2175 inducunt
2900 2119 2954 2172 in
3003 2119 3435 2184 admirationem,
3484 2119 3758 2172 adoratores

2227 2226 2355 2266 vero
2378 2225 2590 2280 semper
2631 2209 2683 2262 in
2727 2222 2986 2262 errorem.
3030 2206 3143 2261 Non
3189 2208 3332 2261 enim
3377 2205 3645 2262 mediocris
3689 2213 3757 2257 est

2229 2315 2383 2356 error
2407 2314 2530 2354 cum
2554 2297 2696 2352 aliud
2735 2297 2992 2352 adoratur
3030 2295 3301 2366 religionis
3342 2295 3507 2359 cultu,
3555 2308 3697 2364 quam
3720 2290 3756 2345 is

2229 2393 2322 2463 qui
2356 2391 2511 2456 dixit,
2543 2389 2821 2444 Dominum
2864 2388 3031 2442 Deum
3063 2398 3208 2442 tuum
3237 2387 3483 2443 adorabis
3517 2397 3563 2442 et
3587 2385 3655 2439 illi
3675 2383 3755 2439 soli

2228 2484 2413 2539 servies
2441 2482 2673 2554 (Denter.
2724 2480 2820 2552 vr).
2867 2480 3079 2535 Veritas
3120 2495 3337 2549 semper
3382 2480 3675 2535 intemerata
3711 2483 3755 2529 et

2230 2576 2483 2631 inviolata
2516 2588 2868 2644 perseverans
2904 2572 3066 2627 unius
3094 2571 3235 2627 modi
3266 2580 3372 2626 est.
3404 2571 3521 2626 Istae
3549 2584 3662 2625 vero
3678 2580 3755 2637 pro

2228 2666 2503 2721 voluntate
2538 2664 2762 2719 artiﬁcis
2796 2663 2947 2732 plura
2989 2677 3049 2719 se
3078 2662 3447 2719 demonstrant
3482 2676 3628 2733 agere
3656 2672 3753 2711 cum

2230 2754 2362 2813 nihil
2398 2763 2578 2826 agant.
2618 2753 2752 2809 Nam
2799 2769 2922 2809 eum
2951 2754 3203 2809 videntur
3241 2754 3487 2808 homines
3517 2765 3626 2807 esse
3657 2761 3754 2801 cum

2232 2864 2339 2902 non
2369 2848 2496 2911 sint,
2526 2861 2767 2917 pugnare
2794 2860 2917 2899 cum
2946 2860 3052 2900 non
3078 2852 3338 2914 pugnent,
3369 2843 3508 2913 loqui
3535 2856 3644 2897 cum
3672 2851 3757 2891 non

2231 2939 2537 3008 loquantur,
2580 2937 2767 2992 audire
2805 2952 2928 2991 cum
2971 2952 3076 2991 non
3119 2935 3364 3002 audiant,
3409 2948 3615 2990 cernere
3658 2943 3756 2983 cum

2232 3044 2339 3084 non
2365 3034 2606 3092 cernant,
2634 3027 2854 3080 innuere
2890 3041 3011 3080 cum
3039 3042 3141 3082 non
3172 3026 3414 3090 innuant,
3442 3023 3639 3095 palpare
3661 3032 3757 3073 cum

2234 3137 2343 3177 non
2390 3121 2639 3191 palpent,
2685 3128 2817 3185 etc.,
2877 3117 3242 3187 hujuscemodi
3295 3125 3504 3173 constat
3544 3114 3757 3183 ﬁgmenta

2239 3208 2505 3265 artiﬁcum
2546 3223 2685 3271 esse,
2727 3222 2835 3261 non
2881 3222 2998 3261 eam
3049 3206 3335 3261 veritatem
3376 3205 3443 3260 de
3468 3219 3566 3274 qua
3593 3199 3758 3256 dictum

2238 3305 2351 3360 est,
2392 3294 2461 3349 Et
2496 3295 2680 3350 vetitas
2725 3294 2961 3348 liberabit
3003 3311 3088 3348 vos
3128 3293 3310 3366 (Joan.
3355 3294 3492 3363 vin).
3537 3286 3760 3358 Imagines

2239 3401 2470 3455 namque
2497 3399 2589 3439 eas
2615 3386 2730 3439 sine
2768 3400 2927 3439 sensu
2965 3392 3021 3438 et
3056 3385 3261 3440 ratione
3312 3400 3434 3441 esse
3474 3394 3644 3436 verum
3679 3381 3759 3433 est,

2238 3476 2484 3532 homines
2526 3482 2705 3530 autem
2744 3489 2837 3530 eas
2865 3490 2982 3538 esse
3008 3473 3201 3531 falsum
3222 3483 3342 3541 est;
3372 3490 3502 3545 quas
3528 3479 3579 3527 et
3602 3469 3642 3523 si
3665 3465 3763 3536 quis

2240 3570 2532 3625 secundum
2553 3568 2948 3638 :equivocorum
2969 3568 3230 3623 rationem
3250 3567 3494 3625 homines
3519 3564 3612 3620 dici
3634 3571 3761 3630 posse

2240 3658 2490 3721 afﬁrmet,
2526 3666 2607 3723 ut,
2640 3657 2968 3727 Augustinus
3010 3655 3110 3712 fuit
3157 3672 3403 3712 summus
3444 3649 3759 3726 philosophus,

2240 3757 2313 3814 et,
2363 3748 2692 3819 Augustinus
2734 3745 2987 3817 legendus
3030 3754 3134 3813 est,
3165 3756 3236 3808 et,
3269 3745 3590 3818 Augustinus
3619 3740 3760 3809 pictus

2243 3839 2297 3893 in
2325 3838 2551 3894 ecclesia
2579 3845 2707 3903 stat,
2733 3845 2806 3903 et,
2838 3836 3166 3905 Augustinus
3186 3836 3277 3891 illo
3302 3835 3424 3891 loco
3444 3832 3656 3905 sepultus
3676 3832 3756 3888 est.

2242 3929 2631 3983 animadvertat
2674 3929 2791 3983 haec
2833 3928 3013 3982 omnia
3057 3943 3371 3997 quanquam
3403 3927 3469 3982 ab
3497 3939 3593 3980 uno
3623 3919 3755 3974 fonte.

2243 4018 2297 4073 id
2338 4027 2422 4073 est
2450 4016 2767 4087 Augustino,
2800 4017 3181 4088 processerint,
3228 4016 3375 4073 hunc
3426 4014 3584 4071 solum
3624 4008 3758 4063 fuisse

2243 4125 2431 4165 verum
2473 4107 2852 4178 Augustinum,
2880 4107 2947 4163 de
2967 4122 3073 4177 quo
3101 4107 3305 4163 dictum
3334 4115 3418 4163 est
3444 4116 3651 4161 summus
3668 4094 3757 4167 phi-

2243 4197 2506 4270 losophus,
2535 4208 2729 4255 cetera
2755 4212 2883 4253 vero
2904 4196 3047 4251 aliud
3075 4210 3194 4252 esse
3226 4195 3482 4258 codicem,
3508 4187 3635 4246 aliud
3653 4185 3757 4239 ima-

2244 4288 2444 4360 ginem,
2481 4288 2626 4344 aliud
2649 4303 2843 4359 corpus
2867 4288 3151 4360 sepultum.
3177 4287 3323 4343 Inter
3341 4285 3592 4342 hominem
3614 4282 3757 4360 autent

2245 4359 2449 4453 pictum
2485 4389 2541 4437 et
2579 4396 2793 4445 verum,
2842 4359 2943 4436 hoc
2985 4379 3355 4451 principaliter
3400 4377 3607 4433 interest
3646 4359 3756 4435 αι’οά

2248 4489 2388 4529 unus
2435 4472 2644 4528 illorum
2690 4482 2776 4527 est
2819 4486 2999 4536 verus,
3038 4471 3174 4525 alter
3218 4467 3406 4534 falsus,
3454 4479 3547 4521 nec
3589 4463 3755 4550 usptatn

2250 4563 2354 4619 nisi
2397 4562 2452 4618 in
2498 4560 2730 4617 nominis
2776 4560 3031 4617 societate
3066 4558 3379 4630 junguntur.
3410 4553 3537 4609 Nam
3560 4560 3666 4605 cum
3690 4542 3757 4594 hic

2249 4671 2411 4713 verus
2435 4656 2526 4720 sit,
2555 4655 2647 4724 qui
2674 4654 2776 4709 hac
2809 4651 3119 4708 deﬁnitione
3152 4650 3362 4706 deﬁniri
3386 4653 3548 4718 potest
3568 4647 3619 4695 ut
3637 4633 3757 4689 dira.

2250 4760 2359 4815 tur,
2389 4746 2655 4812 animalis,
2689 4745 2981 4808 rationalis,
3025 4740 3289 4807 mortalis,
3335 4741 3471 4796 risus
3511 4733 3758 4791 δεηειιείιιιθ

2248 4855 2440 4909 capax,
2479 4836 2786 4893 necessario
2833 4834 2922 4890 ille
2966 4833 3132 4889 falsus
3173 4833 3449 4889 habendus
3480 4834 3557 4882 est
3582 4818 3659 4892 qui
3685 4815 3758 4868 ho-

2249 4947 2369 4991 rutn
2406 4929 2538 4985 nihil
2588 4930 2864 4984 habctzct
2899 4926 2945 4981 si
2991 4925 3081 4980 ille
3119 4925 3209 4994 qui
3263 4925 3329 4980 iis
3370 4920 3600 4979 omnibus
3641 4911 3759 4964 caret

2251 5025 2416 5080 falsus
2454 5038 2560 5078 non
2602 5029 2706 5085 est,
2749 5035 2850 5074 nec
2894 5018 2981 5073 ille
3027 5033 3189 5073 verus
3220 5025 3303 5073 est
3333 5015 3419 5086 qui
3453 5012 3514 5068 iis
3552 4999 3757 5062 omnibus

2250 5116 2452 5188 regulis
2487 5113 2745 5184 subjacet.
2791 5112 2931 5168 Ecce
2967 5119 3262 5166 cernuntur
3286 5109 3461 5180 plures
3492 5111 3620 5158 stare
3656 5094 3757 5147 ima-

2252 5208 2425 5280 gines,
2458 5220 2686 5277 quarum
2721 5204 2965 5274 quaedam
3004 5207 3129 5256 sunt
3164 5200 3396 5256 colorum
3431 5193 3559 5250 fucis
3584 5195 3756 5252 compa-

2255 5300 2486 5370 ginatae,
2529 5295 2776 5366 quaedam
2828 5307 2962 5347 auro
3007 5298 3293 5362 argentove
3344 5284 3597 5344 eonﬁatte,
3639 5285 3754 5370 πρῖε·

2253 5362 2377 5444 dam
2421 5387 2475 5441 in
2514 5362 2659 5456 ligno
2690 5383 2956 5439 cmlatoris
2990 5380 3240 5453 scalpello
3270 5381 3515 5450 ﬁguratae,
3553 5362 3753 5456 quatiam

2252 5481 2308 5536 in
2336 5450 2605 5534 marmore
2632 5474 2832 5538 incisa),
2867 5450 3119 5544 quatdam
3137 5471 3192 5527 in
3220 5483 3380 5543 gypso
3412 5465 3491 5520 vel
3523 5468 3643 5517 testa
3663 5450 3752 5509 lor'

2254 5646 2375 5701 cap.
2410 5626 2464 5693 6,
2500 5627 2690 5701 10,15
2715 5635 2785 5701 et
2812 5627 2901 5683 22.
2934 5626 3136 5697 Opinor
3168 5626 3237 5682 ad
3272 5639 3385 5681 eam
3427 5620 3630 5678 tornum
3660 5617 3751 5701 illa

2247 5689 2648 5821 jtirismpSMtis
2698 5696 2950 5754 dicuntur
2972 5689 2997 5765 ,’
3024 5714 3275 5768 proavus,
3305 5701 3621 5766 propatrtttts.
3656 5689 3753 5749 ρ»

2256 5787 2454 5827 at'uncu
2484 5786 2562 5835 tts,
2588 5780 2617 5824 c
2644 5786 2690 5823 ρ.
