4092 6188
400 336 534 393 Illis

1208 341 1384 397 LIBRI
1421 342 1760 400 CAROLINI.
1800 374 1872 387 --
1907 341 2126 398 CAPIT.
2170 342 2257 398 DE
2293 342 2483 398 tuac.
2516 374 2583 385 --
2608 342 2736 397 LIB.
2778 342 2819 395 ι.

3506 341 3643 399 {OM

394 459 571 515 matte,
598 446 653 503 in
676 448 871 518 quibus
891 449 1105 519 quidem
1127 460 1388 522 quantum
1416 454 1470 507 in
1494 454 1600 510 illis
1626 462 1730 519 est,
1745 464 1799 510 et
1825 455 1960 509 ima—
1988 460 2039 515 Α
2064 461 2303 524 tempore
2331 455 2473 510 dicta
2502 452 2787 519 sufliciant,
2836 468 2937 508 nec
2974 453 3041 508 ad
3088 454 3191 510 alia
3234 458 3645 527 properantibus

390 539 532 610 ginis
577 538 891 604 similitudo,
928 547 983 594 et
1018 541 1403 613 superscriptio
1446 542 1680 598 nominis
1710 559 1817 597 una
1842 550 1962 597 est:

392 629 540 684 verbi
585 630 757 700 gratia
800 637 855 684 et
902 630 1078 699 imago
1123 629 1274 685 Pauli
1324 639 1427 693 est,
1474 639 1528 685 et
1562 633 1965 701 superscriptio,

388 729 601 776 sanctus
643 720 866 775 Paulus.
913 721 1305 778 Seiscitandum
1349 723 1418 777 ab
1465 723 1543 777 eis
1579 732 1662 778 est
1699 724 1789 793 qui
1818 732 1969 781 tanto

386 824 577 864 errore
601 809 867 873 laborant,
896 819 954 864 ut
984 825 1077 865 eas
1105 826 1203 880 pro
1237 809 1463 865 arbitrio
1484 826 1583 865 suo
1606 821 1661 866 et
1683 810 1967 866 veritatem

387 907 446 953 et
483 908 701 954 sanctas
741 907 797 954 et
833 914 1007 961 veras,
1049 907 1105 954 et
1136 914 1241 953 non
1266 898 1444 968 potius
1478 900 1772 954 secundum
1807 912 1966 954 vene-

391 989 643 1048 rabilium
689 989 911 1046 Patrum
963 990 1305 1045 traditionem
1352 999 1660 1046 sanctorum
1696 991 1970 1063 imagines

391 1084 597 1149 dicunt,
629 1098 749 1154 quae
778 1084 988 1138 cunctis
1023 1092 1335 1152 comparata
1378 1083 1616 1138 sanctior
1647 1083 1733 1138 vel
1766 1085 1965 1150 verior,

390 1190 512 1244 quae
557 1174 796 1231 omnium
847 1174 1189 1229 sanctissima
1236 1182 1331 1229 aut
1378 1175 1659 1230 verissima
1698 1191 1817 1231 esse
1852 1190 1971 1231 ere-

384 1263 565 1319 denda
606 1273 710 1330 est,
754 1276 891 1333 quas
936 1264 1063 1318 dum
1092 1277 1185 1317 eos
1210 1263 1443 1332 aequales
1470 1264 1648 1319 dicere
1670 1280 1770 1334 pro
1794 1274 1967 1320 mate-

393 1356 596 1410 riarum
643 1365 697 1410 et
746 1354 1171 1425 magnitudinum
1230 1355 1313 1408 vel
1366 1369 1591 1424 operum
1646 1356 1971 1413 discretione

394 1447 532 1502 ratio
553 1461 660 1500 non
680 1445 1005 1515 permiserit,
1030 1452 1084 1499 et
1112 1444 1368 1514 quasdam
1397 1445 1718 1514 quibusdam
1738 1447 1972 1501 sanctio-

393 1553 501 1603 res,
546 1546 602 1591 et
641 1537 996 1606 quarumdam
1025 1538 1396 1594 sanctissimas
1440 1538 1595 1593 fateri
1629 1553 1972 1606 compescue—

392 1628 482 1691 rit,
525 1627 767 1697 profiteri
805 1627 1199 1696 compelluntur
1222 1629 1516 1684 secundum
1548 1628 1794 1682 veritatis
1822 1628 1971 1683 inda-

393 1719 649 1790 gatricem
676 1717 960 1781 rationem,
989 1732 1089 1772 nec
1117 1717 1358 1773 veritatis
1385 1733 1414 1772 c
1450 1732 1609 1787 paces
1635 1733 1731 1772 nec
1755 1724 1970 1773 sanctas

2070 545 2185 600 haec
2204 546 2486 602 obstaculo
2510 546 2637 600 sint.

2683 653 2911 712 CAPUT
2948 656 3033 710 Ill.

2067 746 2145 802 De
2170 765 2231 802 eo
2252 748 2391 819 quod
2416 746 2795 819 Constantinus
2820 754 2868 800 et
2895 745 3120 801 Htcrenu
3163 756 3307 817 gesta
3341 746 3417 803 vel
3458 747 3651 818 scripta

2509 834 2608 871 sua
2638 816 2836 871 divalia
2880 816 3202 886 nuncupant.

2137 906 2334 962 Prisca:
2368 907 2687 978 gentilitatis
2708 907 2983 962 obsoletus
3009 922 3165 962 error
3188 906 3390 963 Christi
3415 907 3647 962 adventu

2067 995 2314 1065 repulsus
2358 997 2625 1066 quoddam
2665 995 2907 1051 cernitur
2950 996 3002 1049 in
3052 996 3137 1049 his
3177 995 3455 1065 reliquisse
3488 996 3651 1051 vesti-

2068 1083 2237 1154 gium,
2290 1084 2381 1152 qui
2428 1097 2490 1138 se
2536 1082 2659 1138 fidei
2694 1092 2749 1138 et
2779 1084 3055 1154 religionis
3089 1085 3412 1139 Christianae
3440 1085 3651 1153 jactant

2069 1175 2306 1230 retinere
2352 1173 2647 1245 fastigium,
2683 1176 2774 1245 qui
2806 1184 2860 1230 et
2896 1176 3037 1229 intra
3068 1176 3366 1231 Ecclesium
3399 1190 3564 1231 novas
3597 1187 3652 1231 et

2068 1264 2282 1334 ineptas
2307 1265 2723 1320 constitutiones
2748 1264 3007 1329 audacter
3037 1272 3274 1319 statuere
3297 1263 3570 1329 affectant,
3597 1275 3652 1318 et

2068 1368 2128 1409 se
2158 1354 2304 1411 diros
2336 1370 2544 1425 suaque
2589 1366 2741 1424 gesta
2783 1353 2981 1408 diralia
3024 1355 3298 1423 gentiliter
3341 1369 3652 1422 nuncupare

2068 1458 2177 1498 non
2225 1443 2535 1499 formidant.
2575 1444 2722 1500 Unde
2764 1444 2824 1497 lit
2858 1450 2918 1498 ut
2950 1444 3092 1512 quod
3123 1444 3438 1514 protolilasti
3462 1460 3653 1514 perpe-

2071 1540 2281 1588 travere
2321 1532 2569 1604 ﬂorigera
2608 1534 2661 1587 in
2705 1532 2834 1587 sede
2878 1533 3056 1586 virosa
3107 1534 3376 1603 serpentis
3423 1533 3653 1603 promis-

2069 1625 2220 1680 sione
2247 1625 2430 1690 illecti,
2463 1625 2566 1680 hoc
2602 1624 2690 1679 isti
2727 1631 3037 1694 perpetrant
3065 1624 3120 1676 in
3158 1623 3400 1678 Ecclesia
3445 1624 3650 1691 antiqui

2072 1717 2243 1772 hostis
2264 1713 2452 1769 fraude
2480 1715 2689 1785 decepti
2717 1732 2729 1767 :
2759 1728 2882 1767 cum
2907 1715 3153 1770 videlicet
3170 1722 3225 1768 et
3249 1715 3337 1769 isti
3359 1729 3455 1784 per
3474 1714 3652 1770 inanis

392 1809 495 1864 dici
516 1809 744 1863 debere:
772 1806 1024 1876 quoniam
1052 1806 1268 1876 quidem
1302 1816 1356 1860 et
1386 1808 1556 1877 pretio
1580 1815 1705 1862 sunt
1729 1806 1967 1876 inzequa-
2004 1798 2047 1858 Β
2073 1804 2258 1875 gloria:
2297 1803 2674 1860 celsitudinem
2701 1818 2760 1859 se
2785 1803 2930 1859 divos
2958 1804 3239 1861 nominare
3265 1822 3375 1860 non
3403 1817 3648 1869 renuant,

392 1901 486 1964 les,
533 1915 640 1970 quo
690 1899 905 1953 sibimet
944 1912 1044 1969 per
1077 1898 1495 1968 comparationis
1538 1896 1739 1969 gradus
1782 1894 1976 1968 praefe-

394 1998 605 2055 runtur,
650 1996 705 2045 et
745 1989 1048 2044 sanctitatis
1090 1997 1146 2043 et
1190 1988 1436 2043 veritatis
1480 1988 1677 2043 merito
1718 1988 1968 2058 aequales,

393 2096 497 2151 qua
556 2095 746 2135 omnes
801 2080 1021 2134 omnino
1075 2086 1281 2135 carent.
1343 2077 1495 2134 Sicut
1551 2079 1692 2135 enim
1738 2079 1973 2150 pretiosa

396 2176 573 2243 imago
617 2172 990 2242 pretiosiorem
1020 2179 1076 2227 et
1104 2170 1549 2241 pretiosissimam
1598 2170 1855 2238 admittit,
1901 2172 1974 2229 ita

394 2274 580 2320 sancta
616 2274 671 2319 et
696 2278 821 2318 vera
849 2264 1173 2317 sanctiorem
1208 2271 1261 2317 et
1299 2262 1647 2327 veraciorem,
1698 2263 1976 2319 sanctissi-

394 2371 538 2410 mam
583 2364 637 2409 et
673 2354 1075 2408 veracissimam
1122 2362 1304 2423 posset
1348 2352 1652 2418 admittere,
1698 2354 1744 2408 si
1791 2362 1972 2409 tamen

393 2454 538 2501 esset
564 2444 827 2515 positivus
859 2444 1057 2513 gradus
1084 2460 1114 2497 a
1143 2459 1250 2513 quo
1277 2443 1676 2513 comparativus
1704 2451 1757 2499 et
1786 2458 1974 2513 super-

394 2537 588 2592 lativus
612 2535 852 2590 valerent
890 2549 1184 2604 emergere.
1232 2534 1382 2598 Esto,
1420 2533 1559 2588 inest
1587 2533 1811 2604 depicta:
1838 2535 1974 2590 ima-

393 2628 503 2698 gitti
529 2626 790 2683 sanctitas
815 2642 829 2678 :
860 2625 951 2679 ubi
989 2632 1276 2694 antequam
1305 2623 1454 2679 fieret
1485 2622 1618 2677 fuit?
1646 2640 1714 2678 an
1746 2623 1802 2677 in
1826 2623 1972 2695 ligno

393 2718 535 2789 quod
558 2732 625 2773 ex
652 2704 785 2773 silva
818 2717 885 2772 ad
917 2731 1049 2770 usus
1075 2715 1323 2778 sumitur,
1351 2713 1503 2783 cujus
1532 2714 1807 2769 residuum
1838 2715 1973 2786 igni-

396 2811 495 2863 bus
523 2807 896 2878 mancipatur?
923 2821 992 2860 an
1022 2806 1076 2861 in
1105 2805 1376 2861 coloribus
1412 2802 1502 2875 qu'i
1531 2805 1851 2875 plerumque
1887 2819 1972 2860 re-

393 2902 494 2956 bus
540 2894 767 2969 impuris
813 2896 1204 2952 coniiciuntur?
1253 2911 1321 2949 an
1352 2895 1404 2949 in
1435 2910 1559 2949 cera
1594 2910 1714 2965 qua:
1742 2902 1800 2949 et
1827 2894 1971 2949 colo-

394 3004 513 3044 rant
537 2998 592 3045 et
624 2988 862 3043 sordium
902 3001 1070 3056 capax
1095 2986 1213 3042 est?
1239 2985 1295 3040 Si
1330 2986 1382 3040 in
1419 2986 1585 3057 ligno,
1610 3001 1708 3041 cur
1741 2986 1795 3040 id
1830 2984 1974 3055 quod

394 3094 583 3135 secure
623 3076 959 3142 retundente,
1012 3077 1157 3132 ascia
1204 3077 1563 3143 remordente,
1611 3076 1835 3131 runcina
1884 3091 1970 3129 ra-

2073 1906 2130 1952 ει
2153 1912 2251 1968 per
2279 1897 2523 1952 avaritia:
2551 1897 2923 1967 rapacitatem,
2972 1912 3070 1967 per
3092 1912 3256 1967 quatn
3299 1913 3449 1952 vana:
3478 1897 3653 1954 laudis

2073 1988 2287 2043 culmen
2315 1987 2465 2042 adire
2499 1994 2729 2053 tentant,
2770 1987 3026 2042 Ecclesia:
3070 2004 3268 2042 novum
3317 1989 3533 2058 aliquod
3570 1989 3653 2044 in-

2071 2077 2215 2134 ferre
2258 2079 2605 2133 contendant.
2655 2077 2973 2147 Quicunque
3022 2093 3152 2149 ergo
3205 2078 3313 2133 al:a
3364 2082 3650 2149 plusquam

2071 2169 2207 2226 ordo
2238 2168 2482 2240 exposcit
2514 2170 2747 2239 appetit,
2794 2176 2849 2223 et
2891 2169 3319 2224 extraordinarie
3362 2171 3485 2240 plus
3533 2186 3653 2226 esse

2072 2256 2219 2329 cupit
2247 2272 2409 2326 quam
2437 2263 2538 2321 est,
2571 2259 2640 2312 ab
2674 2272 2740 2313 eo
2778 2257 2870 2326 qui
2914 2258 3138 2313 humilia
3183 2259 3404 2329 respicit
3446 2268 3500 2315 et
3544 2260 3652 2316 alta

2071 2361 2101 2399 a
2131 2345 2288 2416 longe
2311 2346 2591 2416 cognoscit
2623 2343 2881 2414 deiectus,
2912 2346 3089 2401 minus
3121 2347 3310 2417 incipit
3339 2363 3460 2404 esse
3487 2364 3651 2419 quam

2071 2444 2174 2490 est.
2200 2434 2354 2502 Quod
2379 2435 2592 2490 illorum
2613 2436 2859 2506 exemplo
2882 2438 3170 2507 approbari
3200 2448 3397 2508 potest,
3427 2456 3653 2507 quorum

2073 2525 2202 2580 dum
2231 2525 2368 2579 alter
2397 2526 2579 2589 sedem
2626 2541 2783 2580 suam
2820 2527 2889 2581 ab
2924 2528 3177 2596 aquilone
3224 2544 3422 2598 ponere
3480 2530 3652 2600 dispo-

2071 2632 2227 2682 nens,
2258 2616 2501 2687 angelico
2531 2618 2735 2672 honore
2759 2626 2815 2673 et
2846 2621 3120 2674 consortio
3149 2622 3391 2690 privatus
3420 2623 3654 2681 tenebris

2070 2707 2317 2777 caliginis
2334 2706 2493 2776 hujus
2514 2716 2603 2763 est
2626 2709 2941 2779 deputatus;
2967 2711 3104 2766 alter
3126 2712 3440 2768 inobediens
3462 2714 3653 2772 divinis

2069 2800 2357 2870 prteceptis
2391 2810 2446 2856 et
2473 2816 2595 2856 esse
2632 2802 2854 2872 cupiens
2887 2802 3029 2858 sicut
3054 2803 3214 2866 Deus,
3245 2804 3652 2861 deliciosissima

2070 2891 2198 2948 sede
2232 2888 2437 2959 eiectus
2458 2893 2867 2951 immortalitate
2895 2896 3092 2949 amissa
3118 2894 3184 2949 ad
3213 2894 3373 2964 hujus
3414 2899 3654 2952 mortali-

2071 2984 2202 3039 tatis
2230 2983 2444 3039 lahores
2465 2991 2524 3039 et
2546 2999 2818 3041 aerumnas
2852 2992 2938 3040 est
2973 2986 3293 3042 destinatus.
3339 2986 3578 3054 Quorum
3607 2992 3658 3045 si

2069 3075 2275 3131 vitandi
2311 3083 2437 3130 sunt
2465 3090 2646 3141 casus,
2670 3074 2906 3147 fugiendi
2941 3085 3070 3131 sunt
3105 3086 3301 3146 actus;
3328 3078 3377 3134 si
3417 3078 3657 3150 fugiendi

394 3171 552 3226 dente
604 3169 964 3233 abstrahitur,
1012 3182 1142 3239 rogo
1204 3176 1600 3239 consumptum,
1656 3168 1711 3223 in
1760 3167 1969 3223 favillas
1996 3152 2039 3210 (ἶ
2074 3177 2201 3219 sunt
2251 3174 2427 3231 actus,
2477 3166 2801 3221 humilitatis
2843 3166 3249 3238 amplectendus
3292 3177 3377 3223 est
3411 3184 3564 3224 usus.
3595 3167 3659 3224 Si

397 3260 691 3326 redactum,
732 3267 825 3313 aut
848 3257 915 3313 de
943 3258 1209 3314 coloribus
1236 3273 1397 3313 manu
1427 3259 1651 3315 artificis
1675 3260 1728 3313 in
1758 3260 1969 3315 diversa

396 3351 679 3421 dilapsum,
709 3358 804 3405 aut
826 3351 891 3405 de
916 3364 1039 3404 cera
1067 3350 1233 3410 nimio
1254 3349 1431 3404 calore
1456 3349 1595 3421 ignis
1621 3350 1969 3420 liquefactum

395 3439 643 3511 guttatim
685 3439 1003 3495 destitutum
1033 3439 1191 3510 perit,
1231 3453 1353 3495 eum
1389 3440 1648 3494 sanctitas
1670 3440 1848 3509 perire
1875 3455 1971 3495 ne-

395 3529 565 3585 sciat?
600 3528 708 3583 Aut
736 3529 783 3583 si
823 3528 878 3583 in
911 3528 997 3584 his
1033 3543 1152 3597 quae
1195 3527 1436 3584 exsecuti
1481 3543 1670 3583 sumus
1712 3530 1970 3584 sanctitas

395 3632 502 3673 non
530 3625 633 3682 est,
658 3625 713 3672 et
740 3631 925 3671 revera
960 3633 1065 3673 non
1087 3625 1191 3684 est,
1219 3617 1566 3687 quaerendum
1589 3619 1730 3672 unde
1756 3618 1805 3672 ei
1830 3626 1970 3688 post-

394 3723 556 3779 quam
582 3723 648 3763 ex
671 3707 914 3777 pluribus
937 3708 1177 3763 materiis
1197 3709 1572 3777 compaginata
1589 3719 1690 3773 est,
1713 3711 1965 3776 accedat;

393 3814 513 3870 quae
535 3799 660 3854 dum
686 3813 860 3867 neque
880 3813 978 3867 per
1000 3812 1190 3852 manus
1217 3798 1633 3869 impositionem,
1666 3814 1841 3869 neque
1870 3814 1969 3870 per

392 3891 628 3961 aliquam
650 3890 967 3944 canonicam
996 3888 1459 3944 consecrationem
1481 3890 1531 3944 ei
1558 3891 1813 3945 accedere
1828 3890 1972 3945 inve-

392 3980 595 4045 niatur,
618 3992 719 4035 nec
740 3979 914 4034 inesse
934 3979 1198 4034 credenda
1211 3986 1312 4034 est.
1338 3978 1468 4047 Qua:
1491 3980 1539 4033 si
1560 3980 1777 4045 inesset,
1795 3980 1971 4051 quani

392 4077 601 4142 poterat
633 4078 815 4124 utrum
843 4084 906 4124 ea
939 4076 1205 4124 vetustate
1234 4069 1510 4125 fatiscente
1535 4072 1732 4125 cum'ea
1752 4069 1969 4125 fatisce-

394 4167 495 4225 ret,
513 4174 582 4213 an
603 4159 670 4213 ad
692 4157 850 4214 aliam
869 4174 990 4228 qua:
1009 4174 1075 4212 ex
1109 4158 1427 4214 rudimentis
1439 4160 1797 4214 conficeretur
1819 4172 1967 4213 tran-

392 4250 558 4305 siret?
598 4247 734 4304 Nam
771 4249 816 4303 si
854 4250 903 4303 ei
935 4248 1155 4314 inesset,
1182 4248 1395 4304 aliunde
1417 4250 1623 4304 veniret
1645 4266 1659 4316 ;
1681 4250 1728 4305 si
1756 4250 1969 4307 aliunde

396 4341 619 4400 veniret,
675 4339 744 4396 ad
795 4341 957 4394 aliam
993 4342 1270 4395 transiret.
1326 4338 1441 4395 Non
1477 4349 1655 4394 autem
1701 4343 1767 4396 ad
1806 4341 1968 4396 aliam

392 4433 607 4497 transit,
632 4447 738 4486 non
768 4432 930 4502 igitur
958 4433 1008 4487 ei
1038 4432 1213 4486 inesse
1252 4432 1518 4487 credenda
1556 4438 1658 4486 est.
1687 4432 1817 4499 Qua:
1842 4434 1968 4488 dum

392 4524 467 4578 ita
489 4536 546 4576 se
572 4522 822 4585 habeant,
854 4522 1100 4623 quisquis
1121 4538 1214 4578 eas
1242 4523 1524 4577 veritatem
1553 4523 1711 4589 dicit,
1729 4531 1785 4578 et
1806 4523 1859 4577 in
1886 4524 1968 4578 eis

392 4629 453 4669 se
492 4613 715 4685 gloriam
759 4614 853 4667 Dei
903 4613 1147 4682 quairere
1189 4615 1403 4679 asserit,
1454 4613 1609 4685 longe
1657 4630 1688 4669 a
1739 4616 1970 4671 veritate

393 4704 661 4759 discessit.
706 4702 823 4757 Non
861 4712 1039 4758 autem
1062 4705 1116 4758 in
1142 4704 1465 4775 imaginibus
1494 4705 1817 4761 manufactis
1850 4707 1966 4777 glo-

392 4794 528 4848 riam
560 4794 654 4848 Dei
690 4793 860 4848 David
904 4802 1148 4850 senserat
1188 4810 1312 4850 cum
1346 4796 1583 4860 dicebat,
1613 4796 1785 4866 Super
1816 4797 1968 4853 celos

390 4885 560 4957 gloria
580 4886 695 4955 eius
723 4885 897 4958 (Psal.
923 4885 1098 4958 exin),
1132 4902 1307 4957 neque
1333 4887 1568 4942 ctelestis
1588 4887 1679 4942 ille
1700 4889 1970 4944 exercitus

391 4991 513 5031 cum
544 4976 806 5047 psallebat
831 4991 847 5031 :
881 4976 1064 5030 Gloria
1108 4979 1164 5031 in
1189 4976 1405 5031 excelsis
1436 4977 1545 5031 Deo
1589 4976 1741 5046 (Luc.
1766 4978 1851 5048 tt),
1876 4979 1969 5033 sed

392 5083 566 5139 neque
609 5070 666 5125 in
712 5071 1017 5126 vastissima
1044 5085 1227 5126 eremo
1269 5070 1466 5141 populo
1502 5071 1597 5125 Dei
1643 5071 1696 5124 in
1738 5072 1969 5141 quadam

370 5163 629 5234 hnagine
664 5163 832 5235 gloria
883 5163 1091 5219 Domini
1116 5165 1407 5233 apparebat
1440 5178 1562 5217 cum
1589 5162 1822 5217 dicitur:
1861 5164 1974 5235 Ap-

392 5254 568 5322 paruit
589 5252 757 5325 yloria
778 5253 989 5308 Domini
1009 5252 1204 5324 (Exod.
1228 5269 1325 5318 xv;
1354 5253 1514 5307 Leuit.
1545 5269 1631 5320 Ls;
1668 5254 1832 5308 Num.
1858 5270 1965 5318 xiv.

395 5358 508 5408 ενι,
544 5342 677 5413 n);
720 5353 774 5398 et
798 5343 929 5398 illud
955 5357 971 5396 :
1001 5341 1215 5413 Operuit
1246 5343 1640 5398 tabernaculum
1664 5343 1831 5415 gloria
1864 5345 1971 5399 Do-

392 5436 520 5489 mini
556 5433 892 5506 (Exod.xt.).
922 5434 1088 5488 Multa
1114 5435 1258 5488 enim
1300 5445 1490 5490 contra
1540 5434 1699 5504 hujus
1746 5436 1973 5506 capituli

394 5540 500 5580 non
549 5526 820 5581 mediocre
865 5525 1277 5580 deliramentum
1324 5527 1618 5582 secundum
1658 5539 1968 5583 sanctarum

393 5615 795 5687 Scriptum-um
848 5616 1225 5671 auctoritatem
1274 5623 1327 5670 et
1375 5619 1667 5672 secundum
1722 5619 1968 5674 veritatis

394 5707 791 5776 ludagationem
828 5708 932 5764 dici
964 5714 1253 5778 poterant:
1280 5708 1372 5762 sed
1425 5710 1538 5763 bare
1589 5709 1823 5763 breviter
1872 5726 1970 5781 pro

2070 3255 2235 3327 igitur
2281 3255 2486 3311 vitandi
2535 3265 2663 3312 sunt
2691 3272 2871 3323 casus,
2902 3258 3222 3314 humilitatis
3252 3259 3652 3330 amplectendus

2068 3356 2153 3402 est
2186 3362 2337 3414 usus,
2383 3364 2481 3419 per
2523 3364 2684 3419 quem
2725 3365 2846 3404 eum
2888 3351 3100 3406 caeteris
3134 3352 3399 3407 bonorum
3428 3368 3651 3423 operum

2068 3435 2444 3492 instrumentis
2467 3445 2525 3493 et
2545 3438 2598 3493 di
2617 3453 2903 3509 possumus
2922 3438 3057 3505 fieri,
3075 3441 3214 3495 sicut
3235 3440 3322 3495 ille
3342 3441 3428 3495 cui
3451 3441 3651 3496 dictum

2067 3536 2171 3594 est,
2202 3528 2338 3582 Ecce
2362 3531 2607 3584 constitui
2628 3539 2678 3584 te
2702 3529 2862 3584 deum
2889 3530 3185 3587 Pharaonis
3213 3532 3409 3603 (Exod.
3450 3532 3574 3606 vti),
3599 3541 3656 3587 et

2068 3617 2164 3672 filii
2200 3618 2315 3682 Dei,
2350 3619 2502 3688 juxta
2527 3619 2657 3675 illud
2679 3618 2822 3689 quod
2847 3622 3107 3692 scriptum
3135 3632 3240 3689 est,
3269 3622 3533 3695 Quotquot
3557 3645 3642 3684 au-

2068 3717 2170 3761 tem
2193 3718 2490 3778 receperunt
2513 3725 2650 3774 eum,
2667 3709 2810 3764 dedit
2826 3710 2900 3764 eis
2923 3720 3230 3781 potestatem
3251 3714 3392 3782 [ilics
3413 3715 3512 3771 Dei
3533 3718 3653 3787 ﬁeri

2067 3795 2149 3849 his
2189 3798 2278 3867 qui
2325 3798 2543 3852 credunt
2572 3799 2628 3852 in
2655 3799 2863 3853 nomine
2885 3801 3002 3870 ejus
3040 3800 3223 3871 (Joan.
3258 3802 3321 3874 ι).
3362 3804 3496 3861 Nam
3529 3797 3649 3862 cum

2067 3888 2431 3943 essentialiter
2487 3889 2631 3945 Deus
2680 3890 2892 3946 dicatur
2937 3901 3152 3947 creator
3196 3895 3458 3963 omnium,
3498 3896 3650 3965 juxta

2069 3978 2218 4045 illud,
2250 3978 2512 4045 Quoniam
2538 3981 2678 4036 Deus
2704 3998 2925 4053 magnus
2950 3982 3078 4037 Dom
3105 4001 3202 4039 nus
3237 3995 3284 4040 et
3309 4003 3401 4042 rea:
3426 3978 3650 4059 magnus

2066 4084 2224 4138 super
2267 4084 2472 4123 omnem
2515 4078 2709 4124 terram
2750 4068 2921 4140 (Psal.
2961 4072 3106 4145 xcv),
3149 4083 3232 4128 est
3272 4074 3411 4130 alius
3455 4079 3651 4133 modus

2068 4178 2176 4234 quo
2219 4162 2439 4218 abusive
2476 4161 2532 4216 di
2576 4170 2632 4218 et
2673 4178 2881 4234 supera:
2926 4172 3219 4233 potestates
3245 4176 3298 4219 et
3324 4168 3568 4223 homines
3596 4172 3655 4225 di

2068 4262 2350 4318 vocantur,
2381 4254 2592 4310 dicente
2621 4252 2900 4325 Apostolo,
2934 4255 3063 4309 Etsi
3087 4256 3190 4310 sint
3214 4258 3303 4328 qui
3328 4258 3573 4312 dicantur
3595 4258 3657 4314 di

2067 4350 2172 4403 sive
2194 4345 2419 4411 in‘cmlo,
2449 4347 2554 4401 sive
2579 4346 2636 4400 in
2660 4356 2818 4410 terra,
2851 4348 2996 4401 nobis
3034 4358 3205 4401 tamen
3244 4365 3377 4401 unus
3405 4358 3480 4403 est
3508 4348 3652 4404 Deus

2072 4442 2234 4497 Pater
2258 4441 2311 4514 (Ι
2334 4439 2456 4495 Cor.
2503 4439 2658 4513 vm);
2690 4448 2743 4495 et
2788 4439 3091 4507 Psalmista,
3122 4440 3233 4511 Ego
3259 4439 3371 4495 dixi
3392 4458 3411 4494 :
3434 4439 3503 4495 Di
3529 4444 3651 4497 estis

2073 4531 2245 4604 (Psal.
2272 4532 2477 4603 antt)
2494 4548 2508 4598 ;
2530 4531 2692 4586 tertio
2704 4546 2935 4600 namque
2949 4532 3107 4587 modo
3123 4532 3414 4587 secundum
3431 4532 3651 4588 sacrileo

2060 4610 2191 4692 gain
2214 4622 2647 4691 superstitionem
2671 4621 2831 4676 aeriae
2859 4629 3149 4692 potestates
3174 4622 3225 4676 di
3251 4616 3648 4693 nuneupantur,

2062 4713 2218 4784 juxta
2267 4711 2421 4778 illttd,
2472 4710 2735 4777 Quoniam
2784 4728 2961 4767 omnes
3004 4712 3060 4766 di
3107 4713 3335 4782 gentium
3388 4712 3648 4767 dwntonin

2073 4802 2245 4875 (Psal.
2282 4802 2456 4876 xcvi).
2484 4802 2618 4857 Nam
2645 4803 2825 4874 primo
2864 4805 3023 4858 modo
3060 4804 3240 4858 nullus
3288 4804 3649 4860 essentialiter

2071 4893 2215 4949 Deus
2240 4893 2346 4949 dici
2379 4901 2574 4965 potest,
2615 4893 2719 4948 nisi
2747 4894 2838 4947 ille
2864 4894 2957 4962 qui
2993 4902 3078 4948 est
3105 4894 3406 4960 ineﬂ‘abilis,
3441 4894 3673 4950 ineomo-

2071 4984 2364 5049 mutabilis,
2381 4983 2769 5053 sempiternus,
2783 4983 3140 5052 omnipotens,
3164 4984 3254 5052 qui
3271 4992 3355 5038 est
3376 4998 3656 5039 summum

2069 5075 2290 5135 bonum,
2318 5073 2608 5141 singularis
2632 5087 2790 5142 apex,
2825 5072 3000 5127 trinas
3033 5072 3088 5126 ia
3114 5074 3385 5142 personis,
3417 5089 3566 5130 unus
3590 5075 3644 5129 in

2070 5173 2283 5226 natura,
2321 5164 2415 5233 qui
2436 5171 2520 5218 est
2543 5176 2706 5232 super
2736 5163 2915 5216 omnia
2950 5162 3090 5218 Deus
3127 5164 3438 5218 benedictus
3466 5164 3519 5217 in
3546 5178 3645 5219 ste»

2071 5254 2214 5309 eula.
2254 5254 2294 5308 S
2326 5254 2504 5308 eundo
2533 5252 2693 5307 modo
2729 5260 2783 5306 et
2828 5248 3008 5321 angeli
3049 5261 3107 5307 et
3152 5252 3395 5309 homines
3440 5254 3495 5308 di
3539 5253 3644 5309 dici

2070 5354 2331 5419 possunt:
2360 5346 2427 5400 ad
2473 5345 2616 5416 quod
2663 5344 2940 5416 dignitatis
2989 5359 3198 5400 nomen
3229 5359 3335 5399 non
3384 5345 3488 5400 nisi
3535 5344 3645 5400 Deo

2070 5438 2389 5501 obedieudo,
2420 5445 2479 5492 et
2500 5436 2855 5491 humilitatem
2884 5436 3275 5505 amplectendo,
3303 5442 3358 5489 et
3386 5449 3643 5505 arrogan-

2072 5531 2209 5584 tiam.
2242 5527 2561 5598 spernendo,
2608 5534 2666 5581 et
2691 5527 2740 5582 ei
2765 5540 2864 5596 per
2907 5527 3105 5580 bonum
3152 5539 3288 5597 opus
3324 5513 3645 5581 'inhxerendu

2071 5622 2400 5692 pervenitur.
2449 5618 2663 5673 Tertius
2713 5618 2902 5672 modus
2946 5616 3128 5687 plures
3181 5618 3342 5672 habet
3394 5617 3640 5688 species:

2072 5727 2194 5768 nam
2233 5720 2289 5766 ct
2325 5710 2585 5767 daemonia
2614 5709 2665 5764 di
2700 5724 2728 5762 a
2761 5708 3034 5779 gentibus,
3059 5716 3112 5763 et
3146 5709 3321 5763 sidera
3350 5709 3464 5764 sive
3488 5708 3637 5776 plura
