4092 6188
523 317 661 375 i015

1398 320 1461 375 Β.
1501 321 1757 379 CAROLI
1793 319 2008 377 MAGNI
2047 317 2200 378 OPP.
2242 318 2422 375 PARS
2454 317 2518 374 ll.
2560 315 2805 373 SECTlO
2841 313 2905 370 Il.

3658 307 3778 365 1016

520 432 588 489 de
611 432 882 489 creaturis
909 431 1095 489 mundi
1137 432 1191 489 di
1225 434 1557 504 putabantur
1580 443 1637 490 et
1661 434 2020 501 dicebantur;
2051 443 2108 495 et
2132 439 2181 498 Α
2207 433 2488 502 gentilium
2509 432 2735 488 deorum
2749 428 3109 493 mendacium,
3126 438 3385 497 spernere
3396 406 3776 496 debemusgen

519 522 917 580 mundansrum
948 524 1311 594 quarumdam
1338 523 1537 579 artium
1569 524 1898 591 inventores,
1934 533 1992 581 et
2019 541 2111 579 ur-

521 614 674 671 bium
721 614 1046 679 conditores,
1083 613 1166 669 vel
1200 623 1413 685 sceptra
1445 613 1746 684 imperialia
1795 615 2108 677 retinentes,

522 712 643 775 post
682 713 915 761 mortem
942 702 995 759 in
1022 703 1153 760 deos
1179 703 1542 760 credebantur
1570 703 1873 769 transferri,
1919 710 1975 758 et
2000 703 2109 759 divi

522 798 874 864 vocabantur,
906 805 963 853 et
984 797 1275 853 simulacra
1314 797 1528 852 illorum
1559 797 1612 853 di
1640 798 2109 868 nuncupabantur.

520 886 652 955 Qua:
690 887 910 943 nomina
956 896 1249 957 aspernata
1273 892 1407 943 vero
1434 888 1563 951 Deo,
1588 896 1897 959 contempta
1936 887 2113 943 humi-

518 976 691 1045 litate,
739 978 1033 1034 dmmoniea
1077 977 1162 1033 vel
1212 978 1447 1032 humana
1492 978 1594 1032 sibi
1622 979 1932 1049 arrogantia
1954 993 2115 1034 usuro

516 1068 853 1139 pavitzquze
896 1069 971 1124 ita
1014 1068 1358 1124 Christianus
1397 1069 1579 1125 odisse
1621 1071 1801 1134 debet,
1832 1070 1973 1125 sicut
2000 1071 2115 1125 odit

518 1169 796 1223 auctorem
823 1179 841 1213 :
861 1160 1108 1230 quisquis
1128 1161 1276 1215 enim
1298 1169 1576 1216 auctorem
1598 1161 1865 1215 mendacii
1886 1161 2112 1231 sprevib

516 1252 860 1306 mendacium
887 1267 1143 1323 spernere
1165 1253 1354 1320 debet;
1389 1261 1445 1307 et
1469 1254 1560 1323 qui
1595 1253 1934 1308 mendacium
1961 1268 2115 1323 sper-

516 1343 618 1411 nit,
647 1345 877 1399 mendax
906 1360 1122 1415 quoque
1155 1361 1352 1400 nomen
1384 1361 1644 1417 Spernere
1670 1346 1847 1401 debet.
1881 1345 1983 1413 Qui
2014 1346 2115 1415 igi-

518 1445 610 1491 tur
635 1444 914 1491 auctorem
944 1434 1211 1492 mendacii
1249 1438 1473 1506 sprevit,
1522 1437 1747 1491 mendax
1780 1451 1994 1505 quoque
2017 1452 2115 1491 no-

517 1544 643 1585 men
672 1542 933 1599 spernere
964 1527 1127 1583 debet
1151 1546 1167 1582 :
1192 1537 1382 1583 auctor
1412 1536 1591 1583 autem
1619 1528 1884 1583 mendacii
1919 1528 2006 1583 ille
2032 1537 2116 1583 est

518 1621 588 1676 de
609 1635 717 1690 quo
742 1619 945 1675 dictum
968 1627 1071 1684 est,
1096 1618 1172 1672 Ab
1194 1619 1350 1673 initio
1378 1618 1605 1673 mendax
1627 1618 1726 1689 fuit
1748 1628 1795 1672 et
1819 1620 1875 1672 in
1901 1619 2114 1672 veritate

519 1730 625 1769 non
658 1713 797 1767 stetit
828 1710 1011 1785 (Joan.
1061 1712 1207 1783 Vill).
1259 1710 1486 1765 Mendax
1536 1725 1733 1766 nomen
1765 1709 1950 1784 .divale
2005 1724 2110 1763 non

518 1809 794 1865 immerito
818 1816 920 1873 est,
948 1807 1093 1877 quod
1114 1814 1433 1877 peccatores
1456 1820 1556 1876 pro
1581 1805 1695 1859 suis
1719 1803 1930 1858 meritis
1952 1811 2112 1858 teter-

518 1901 605 1956 nis
635 1899 915 1970 suppliciis
944 1898 1278 1969 mancipatus
1316 1896 1654 1953 divinitatem
1697 1902 1945 1949 astruere
1983 1893 2112 1947 niti.

518 2002 612 2048 tur
657 2007 779 2048 esse
825 1992 1071 2063 adeptos.
1113 1989 1171 2045 Si
1202 2005 1332 2061 ergo
1358 1987 1519 2057 hujus
1559 1987 1795 2043 nominis
1841 1993 2114 2041 amatores

518 2084 622 2138 hoc
654 2082 723 2138 ad
751 2080 1087 2136 divinitatem
1130 2078 1353 2134 minime
1388 2077 1663 2147 pertinere
1703 2075 1960 2141 fatentur,
2012 2090 2113 2130 au—

520 2173 675 2229 diant
722 2173 868 2244 ipsos
897 2171 1121 2244 gentiles
1152 2171 1243 2241 qui
1288 2171 1394 2226 hoc
1436 2171 1656 2226 nomine
1700 2168 2023 2224 familiarius
2058 2168 2113 2223 in

522 2266 637 2324 suis
660 2266 855 2321 litteris
878 2265 1187 2328 utebantur,
1217 2272 1272 2319 et
1299 2263 1444 2318 divos
1476 2277 1575 2334 pro
1618 2262 1718 2326 dis,
1767 2269 1824 2317 et
1852 2260 1978 2316 deos
2016 2276 2115 2332 pro

519 2356 668 2413 divis
710 2371 846 2427 pene
890 2353 1264 2411 indifferenter
1302 2369 1507 2425 ponere
1547 2353 1894 2409 consuevisse
1923 2367 1939 2405 :
1967 2352 2112 2407 divos

520 2463 620 2518 pro
647 2448 754 2514 dis,
786 2456 847 2502 ut
873 2453 959 2503 est
982 2445 1116 2501 illud
1143 2444 1247 2517 (Et
1270 2442 1554 2516 Virgilio):

711 2595 729 2608 .
754 2598 767 2610 .
795 2596 808 2608 .
836 2596 849 2609 .
875 2597 887 2608 .
913 2558 989 2611 τι
1014 2560 1102 2609 das
1126 2557 1286 2622 epulis
1310 2557 1602 2608 accumbere
1625 2554 1788 2607 divum
1814 2574 1831 2613 ;
1916 2625 1924 2632 .

518 2654 573 2703 et
598 2646 830 2711 iterum,

707 2775 722 2789 .
753 2774 766 2787 .
794 2775 810 2790 .
836 2776 850 2789 .
873 2776 884 2786 .
914 2738 1034 2796 Qute
1057 2744 1170 2787 sunt
1192 2748 1250 2788 ea
1276 2737 1470 2786 numina
1495 2737 1659 2785 divum

705 2799 953 2862 Flsgitat,

518 2882 579 2937 id
606 2891 708 2946 est,
742 2882 987 2938 deorum.
1015 2881 1152 2937 Deos
1177 2891 1361 2937 autem
1382 2895 1483 2952 pro
1515 2881 1674 2947 divis,
1705 2889 1764 2936 ut
1791 2890 1876 2936 est
1906 2881 2060 2946 illud,

674 2974 749 3023 An
777 2973 915 3023 Deus
934 2975 1159 3025 immensi
1186 2975 1356 3025 venias
1378 2975 1544 3036 maris,
1572 2986 1632 3025 ac
1656 2981 1735 3024 tua
1758 2981 1925 3026 nauta

681 3036 887 3086 Numina
919 3037 1021 3087 sola
1044 3036 1225 3089 colant.

516 3117 815 3175 Octaviano
839 3116 985 3172 enim
1036 3116 1239 3173 dictum
1288 3127 1393 3182 est,
1441 3133 1601 3188 quem
1632 3125 1755 3189 post
1779 3126 2011 3174 mortem
2057 3118 2112 3174 in

516 3207 701 3263 divum
726 3207 1008 3263 transferri
1033 3209 1316 3278 putabant.
1366 3208 1555 3265 Cesset
1579 3209 1765 3280 igitur,
1788 3218 1964 3265 cesset
1990 3208 2111 3266 falsi

517 3298 755 3359 nominis
799 3298 1044 3361 ambitio,
1099 3298 1427 3354 destituatur
1452 3300 1659 3370 antiqui
1704 3300 1906 3356 erroris
1950 3300 2116 3357 vesti-

514 3392 680 3463 gium,
717 3390 955 3446 facescat
978 3406 1136 3447 caecis
1159 3393 1562 3463 superstitionis
1591 3393 1932 3462 vocabulum,
1959 3395 2115 3452 abdi-

517 3490 671 3538 cetur
708 3482 959 3554 procacis
973 3482 1212 3540 nominis
1249 3485 1624 3555 supercilium,
1658 3485 1942 3556 pellatura
1983 3486 2113 3543 iide-

516 3574 659 3630 libus
706 3574 761 3628 in
808 3573 963 3630 divos
1016 3574 1515 3633 transferendorum
1565 3578 1847 3634 hominum
1914 3579 2114 3649 gentile

519 3665 880 3722 mendacium.
908 3665 1028 3721 iam
1060 3668 1263 3724 veritas
1288 3669 1354 3725 de
1386 3678 1530 3725 terra
1558 3680 1680 3726 orta
1696 3679 1799 3736 est,
1817 3669 1935 3741 jam
1960 3679 2116 3727 ortus

516 3768 603 3816 est
628 3758 876 3817 ﬁdelibus
909 3759 990 3816 sol
1010 3759 1262 3831 iustitiae,
1280 3761 1393 3831 jam
1414 3763 1511 3832 qui
1541 3764 1765 3819 sedebat
1796 3764 1851 3818 in
1876 3763 2116 3819 tenebris

517 3851 655 3906 vidit
704 3850 879 3907 lucem
917 3867 1199 3923 magnam,
1228 3852 1341 3922 jam
1374 3854 1748 3911 habitantibus
1795 3854 1853 3909 iu
1894 3854 2116 3926 regione

516 3945 725 4001 umbra:
754 3946 947 4003 mortis
985 3945 1077 4002 lux
1121 3954 1240 4002 orta
1273 3955 1379 4001 est.
1438 3946 1632 4003 Omnia
1677 3945 1836 4013 falsa,
1888 3946 2119 4002 veritate

518 4037 789 4104 veniente,
815 4049 1029 4095 cassata
1054 4047 1199 4096 sunt.
1226 4039 1362 4095 Nam
1389 4040 1435 4095 si
1464 4039 1723 4097 falsorum
1737 4040 1963 4097 deorum
1987 4054 2117 4111 gen-

516 4125 628 4182 tilis
653 4127 838 4200 opinio
861 4127 996 4185 falsa
1026 4139 1132 4196 est,
1161 4140 1286 4200 post
1335 4138 1566 4186 mortem
1614 4131 1669 4185 in
1701 4131 1856 4187 divos
1887 4130 2117 4186 transfe-

522 4221 812 4276 rendorum
839 4222 1119 4277 hominum
1146 4221 1330 4277 fabula
1356 4223 1495 4279 falsa
1522 4230 1627 4279 est.
1664 4222 1736 4278 At
1759 4224 1806 4279 si
1831 4231 1955 4294 post
1979 4239 2117 4279 moro

517 4318 630 4365 tem
652 4310 709 4366 in
740 4312 892 4368 divos
924 4312 1429 4369 transferendorum
1453 4315 1731 4371 hominum
1754 4314 1937 4371 fabula
1980 4314 2116 4370 falsa

515 4410 619 4468 est,
657 4402 847 4459 divalis
884 4405 1119 4460 nominis
1140 4406 1475 4477 nuncupatio
1512 4422 1649 4462 vana
1686 4416 1792 4465 est.
1840 4406 1900 4464 Si
1948 4407 2118 4479 igitur

517 4494 775 4551 falsorum
823 4497 1051 4552 deorum
1095 4499 1313 4569 gentilis
1359 4501 1545 4570 opinio
1595 4499 1730 4556 falsa
1763 4508 1869 4567 est,
1925 4500 2114 4557 divalis

514 4600 731 4654 quoque
757 4586 993 4642 nominis
1039 4589 1328 4659 appellatio
1379 4607 1517 4647 vana
1543 4600 1649 4648 est.
1700 4592 1931 4663 Liquido
1980 4607 2110 4662 ergo

416 4738 419 4741 _
515 4680 665 4743 patet
702 4688 816 4729 rem
871 4674 1063 4731 falsam
1111 4676 1306 4734 falsum
1347 4695 1546 4737 nomen
1602 4681 1819 4747 habere,
1872 4690 1929 4739 et
1971 4680 2112 4738 falso

516 4767 735 4822 nomine
772 4782 870 4823 eos
913 4769 1008 4838 qui
1053 4769 1300 4828 veritatis
1336 4773 1587 4845 discipuli
1631 4782 1758 4830 sunt
1806 4775 2110 4845 nuncupari

515 4872 626 4916 non
653 4859 872 4916 debere.
923 4859 1061 4918 Nam
1103 4862 1207 4919 etsi
1242 4863 1337 4934 qui
1369 4863 1511 4920 forte
1547 4865 1799 4922 catholici
1825 4866 2110 4923 defunctos

512 4963 759 5020 quosque
789 4950 922 5006 dicte
950 4954 1217 5009 memoria
1241 4970 1585 5028 nuncupasse
1608 4956 1819 5026 uspiam
1840 4959 2112 5027 reperian-

513 5050 620 5107 tur,
652 5041 1001 5099 manifestum
1025 5054 1112 5101 est
1136 5061 1231 5102 eos
1257 5062 1414 5103 usum
1457 5048 1627 5104 fuisse
1650 5058 1867 5106 secutos
1889 5049 2106 5121 gentili-

516 5131 664 5199 tatis,
712 5132 854 5189 sicut
894 5136 1115 5191 nomina
1161 5138 1371 5194 dierum
1418 5148 1474 5195 et
1519 5141 1789 5196 mensium
1824 5140 2108 5214 gentilium

517 5224 849 5281 vanitatibus
886 5226 1206 5298 plerumque
1233 5230 1601 5290 nominantur.
1651 5231 1757 5289 Sed
1783 5233 1901 5289 haec
1924 5240 1980 5288 et
2020 5232 2108 5289 his

515 5314 710 5372 similia
740 5316 984 5373 Romana
1012 5320 1193 5390 potius
1236 5322 1462 5378 ambitio
1489 5339 1651 5393 quam
1689 5324 1984 5394 apostolica
2014 5324 2109 5379 ad-

519 5406 664 5462 misit
683 5407 923 5464 traditio.
944 5408 1054 5466 Nos
1074 5411 1307 5482 denique
1331 5413 1421 5483 qui
1448 5424 1505 5468 et
1525 5414 1770 5470 veritatis
1791 5424 2109 5481 sectatores,

516 5506 573 5550 et
610 5500 680 5554 ab
707 5498 822 5571 ipsa
851 5502 1079 5557 veritate
1107 5505 1375 5573 redempti
1401 5522 1612 5563 smnus.
1639 5507 1779 5562 sicut
1806 5508 2113 5578 sprevimus

2218 522 2333 577 tilia
2359 521 2640 585 vocabula,
2662 519 2920 591 Apostolo
2940 519 3166 575 docente
3183 517 3277 587 qui
3298 515 3394 582 ait,
3427 514 3569 595 Qum
3583 517 3786 571 societas

2215 615 2349 670 lucis
2373 616 2443 670 ad
2464 613 2703 670 tenebras
2718 614 2742 668 ?
2757 630 2876 685 qute
2896 621 3071 667 autem
3091 610 3360 665 conventio
3381 608 3584 664 Christi
3610 609 3678 663 ad
3698 608 3789 663 Be-

2215 705 2310 760 lial
2346 704 2434 775 (11
2465 704 2588 760 Cor.
2614 704 2727 773 vr)?
2768 702 2815 758 Α
2856 716 2963 773 qua
2995 700 3357 757 conventione
3394 699 3517 769 ipso
3540 706 3790 754 annuente

2214 796 2531 861 liberemur,
2573 794 2666 864 qui
2711 808 2828 857 nos,
2860 801 3078 862 ereptos
3119 791 3188 846 de
3235 791 3487 846 tenebris
3530 798 3587 845 et
3617 789 3790 845 umbra

2217 888 2428 953 mortis,
2460 887 2735 943 transtulit
2759 887 2816 942 in
2854 900 3079 958 regnum
3105 885 3228 941 Filii
3252 883 3567 942 dilectionis
3594 898 3716 946 stre,
3745 883 3793 940 in

2215 993 2325 1048 quo
2354 979 2618 1045 habemus
2646 977 3073 1048 redemptionem
3112 977 3166 1031 in
3194 976 3584 1032 remissionem
3621 989 3795 1046 pecca-

2217 1080 2418 1126 torum.

2835 1161 3065 1219 CAPUT
3102 1161 3192 1217 ιν.

2222 1258 2296 1312 De
2328 1274 2387 1312 eo
2407 1256 2565 1328 quod
2600 1254 2974 1328 Constantinus
3019 1263 3069 1309 et
3099 1253 3329 1328 murena
3377 1256 3438 1307 in
3475 1252 3690 1328 epistola
3710 1270 3795 1308 sua

2288 1323 2567 1382 venerabili
2590 1342 2740 1396 papa:
2780 1325 3016 1380 Adriano
3058 1324 3205 1380 urbis
3229 1323 3415 1396 Roma:
3449 1323 3795 1396 scripserunt:

2290 1398 2566 1468 Rogamus
2580 1394 2726 1468 tuam
2753 1396 3134 1468 paternitatem
3161 1403 3216 1468 et
3237 1394 3481 1450 maxime
3502 1395 3643 1450 Deus
3661 1401 3797 1464 rogat

2288 1465 2398 1537 qui
2417 1466 2620 1521 nullum
2645 1466 2920 1520 hominem
2959 1466 3071 1520 vult
3099 1465 3298 1535 perire.

2287 1558 2388 1626 Qui
2427 1559 2598 1614 Deum
2629 1557 2731 1613 sibi
2758 1575 3077 1628 conregnare
3098 1557 3426 1627 procaciter,
3457 1566 3515 1612 et
3537 1573 3631 1611 sua
3661 1563 3792 1626 gesta

2217 1648 2413 1705 divalia
2441 1649 2670 1719 superbe
2694 1655 2750 1703 et
2771 1648 3045 1719 gentiliter
3071 1647 3252 1704 dicere
3281 1648 3471 1713 audet,
3514 1645 3796 1702 indubitan-

2218 1748 2367 1797 teret
2387 1741 2578 1804 Deum,
2592 1738 2745 1808 cujus
2755 1747 2838 1794 est
2857 1755 3081 1810 regnum
3094 1745 3148 1792 et
3169 1739 3480 1810 imperium,
3507 1738 3793 1809 quempiam

2146 1823 2188 1883 Β
2216 1849 2400 1904 rogare
2429 1832 2610 1888 dicere
2638 1831 2856 1886 audebit
2887 1846 2901 1884 :
2930 1838 2989 1885 ut
3032 1831 3159 1887 dum
3204 1830 3305 1886 sibi
3335 1831 3678 1886 temerariam
3701 1829 3793 1885 cel-

2216 1924 2510 1980 situdinem
2542 1930 2820 1994 prorogat,
2848 1922 3045 1977 divinae
3070 1920 3376 1990 maiestatis
3408 1923 3635 1993 imperio
3656 1922 3795 1992 quid-

2217 2013 2341 2068 dam
2366 2012 2628 2084 derogare
2653 2012 2963 2067 contendat.
3012 2009 3123 2066 Nec
3151 2011 3465 2065 mirandum
3493 2019 3578 2065 est
3600 2026 3694 2065 cur
3708 2025 3793 2067 sua

2216 2111 2510 2176 praasumat
2534 2105 2802 2168 attollere,
2833 2119 2956 2159 cum
2998 2102 3181 2157 divina
3208 2104 3391 2159 verbis
3418 2103 3647 2160 indoctis
3670 2104 3793 2157 nita-

2217 2204 2309 2251 tur
2329 2195 2669 2251 submittere.
2710 2194 2852 2249 Deus
2893 2193 3036 2248 enim
3075 2193 3399 2264 imperando
3425 2193 3601 2249 lucem
3628 2192 3794 2248 condi-

2216 2292 2361 2349 disse
2382 2291 2599 2362 legitur,
2614 2296 2670 2347 et
2691 2305 2864 2361 aquas
2882 2290 2951 2345 ab
2974 2288 3131 2359 aquis
3154 2288 3503 2353 discrevisse,
3521 2295 3573 2343 et
3589 2287 3791 2341 limitem

2216 2383 2323 2450 his,
2342 2399 2409 2439 ne
2422 2382 2600 2439 denuo
2616 2380 3093 2467 confunderentur,
3120 2366 3790 2451 ﬁrmamentum‘posuisse,

2217 2486 2268 2534 et
2293 2487 2494 2532 terram
2516 2475 2828 2548 multigenis
2847 2474 3144 2532 seminibus
3168 2473 3512 2538 fecundasse,
3540 2483 3594 2529 et
3617 2472 3788 2529 caelum

2219 2568 2554 2641 splendiﬂuis
2566 2570 2807 2625 siderum
2834 2567 3132 2639 fulgoribus
3149 2584 3500 2640 perornasse,
3526 2581 3551 2609 ι
3572 2576 3624 2624 et
3643 2581 3790 2638 aqttas

2219 2648 2553 2729 natatilibus,
2582 2678 2709 2719 aera
2734 2662 3041 2718 volatilibus
3062 2661 3442 2733 complevisse,
3467 2673 3523 2717 et
3543 2661 3789 2718 hominem

2219 2757 2333 2811 sive
2369 2754 2615 2809 omnium
2638 2770 2821 2809 rerum
2851 2754 3183 2809 creationem
3204 2763 3459 2825 patrasse
3488 2769 3503 2808 :
3529 2761 3582 2810 et
3610 2753 3692 2809 isti
3721 2751 3790 2808 di-

2218 2855 2366 2913 cunt,
2396 2867 2415 2900 ι
2440 2847 2718 2918 Rogamus
2738 2855 2885 2901 tuam
2903 2846 3307 2917 paternitatcm,
3339 2855 3398 2903 et
3417 2847 3644 2902 maxime
3667 2846 3789 2900 Deus

2219 2949 2391 3012 rogat,
2430 2940 2523 3010 qui
2554 2939 2759 2994 nullum
2790 2939 3069 2996 hominem
3090 2939 3205 2994 vult
3229 2940 3433 3010 perire.
3475 2960 3493 2991 ι
3535 2940 3608 2994 De
3631 2938 3789 3008 Moyse

2218 3030 2418 3102 legitur
2470 3045 2537 3085 eo
2592 3030 2736 3101 quod
2784 3029 2964 3100 fecerit
3010 3030 3153 3101 quod
3214 3028 3479 3087 Dominus
3532 3012 3787 3100 imperaret

2220 3119 2419 3193 (Exod.
2449 3121 2572 3191 XL);
2603 3127 2658 3175 et
2709 3120 2851 3176 idem
2884 3118 3113 3175 scribit:
3145 3118 3229 3173 Ad
3277 3120 3557 3191 imperium
3599 3115 3788 3172 Domini

2218 3211 2491 3267 movebant
2521 3219 2695 3265 castra
2729 3209 2831 3280 ﬁlii
2870 3209 3063 3276 Israel,
3093 3219 3144 3264 et
3186 3210 3257 3264 ad
3285 3209 3563 3283 imperium
3598 3205 3785 3262 Domini

2215 3300 2474 3372 ponebant
2495 3318 2557 3355 ea
2582 3299 2775 3372 (Num.
2801 3299 2910 3368 Ix);
2935 3308 2990 3356 et
3013 3301 3117 3356 iste
3142 3300 3272 3356 dicit
3299 3317 3314 3354 :
3351 3301 3577 3355 maxime
3602 3295 3784 3369 quidem

2222 3394 2359 3450 Deus
2383 3403 2552 3465 rogat,
2583 3402 2643 3448 ut
2667 3401 2793 3463 pote
2812 3393 2911 3464 qui
2935 3393 3424 3460 incommutabilis,
3467 3387 3779 3447 inneﬂ'abiliS.

2216 3486 2580 3556 sempiternus
2604 3493 2704 3550 est,
2730 3494 2785 3540 et
2808 3485 3051 3542 omnium
3072 3485 3370 3541 visibilium
3391 3492 3447 3540 et
3465 3480 3781 3539 invisibilium

2218 3585 2469 3634 naturam
2491 3576 2717 3647 imperio
2732 3576 2938 3634 creavit
2959 3576 3297 3648 imperioque
3318 3577 3599 3648 gubernat,
3622 3584 3781 3641 rogare

2218 3668 2461 3740 incipiat.
2494 3668 2649 3737 Quod
2682 3669 2899 3739 quidem
2931 3669 3160 3724 verbum
3209 3683 3316 3723 non
3365 3663 3656 3738 potestatis,
3702 3657 3779 3714 sed

2219 3758 2617 3829 deprecationis
2640 3766 2755 3822 est,
2790 3773 2897 3813 non
2939 3756 3301 3821 auctoritatis,
3330 3756 3430 3812 sed
3455 3747 3777 3810 necessitatis.

2218 3868 2325 3909 non
2340 3849 2678 3920 imperantis,
2703 3850 2797 3904 sed
2817 3848 3180 3905 obsecrantis.
3214 3847 3354 3902 Nam
3378 3862 3499 3903 cum
3524 3845 3573 3899 in
3596 3842 3695 3898 Deo
3712 3838 3778 3893 in-

2218 3942 2456 4014 digentia
2468 3942 2615 3999 nulla
2636 3941 2706 3997 sit
2729 3948 2785 3997 et
2807 3957 2991 4012 rogare
3009 3938 3354 3996 obsecrantis
3371 3940 3462 4003 sit,
3477 3944 3531 3991 et
3543 3935 3779 3990 obsecrare

2218 4036 2528 4108 indigentis,
2558 4035 2808 4106 quisquis
2842 4034 3011 4106 igitur
3056 4034 3229 4105 Deum
3256 4048 3454 4104 rogare
3486 4028 3612 4100 quid
3647 4021 3774 4079 dicit.

2217 4130 2268 4186 ei
2305 4128 2496 4199 procul
2522 4128 2689 4185 dubio
2715 4126 3067 4199 indigentiam
3099 4126 3467 4183 ascribit.(1ui
3492 4125 3533 4179 si
3565 4118 3777 4188 indigen-

2218 4222 2295 4277 tia
2323 4221 2486 4286 inest,
2513 4227 2568 4275 et
2597 4219 2913 4275 necessitas.
2948 4217 3005 4273 Si
3033 4218 3333 4274 necessitas
3362 4218 3522 4282 inest,
3569 4209 3775 4276 omnipo-

2220 4314 2390 4369 tentia
2415 4313 2587 4369 deest.
2605 4311 3011 4383 OmnipOteutia
3033 4318 3218 4365 autem
3240 4310 3317 4365 illi
3343 4318 3448 4375 est,
3484 4307 3640 4379 igitur
3656 4295 3773 4356 indi-

2219 4403 2401 4472 gentia
2448 4403 2620 4459 deest.
2670 4402 2747 4457 De
2780 4415 2846 4457 eo
2892 4400 3040 4455 enim
3081 4400 3349 4472 scriptum
3393 4407 3519 4457 est:
3553 4390 3771 4451 Excolat”

2219 4510 2375 4566 super
2421 4509 2598 4549 omnes
2625 4502 2800 4564 gentes
2830 4492 3110 4557 Dominus,
3156 4503 3207 4548 et
3243 4510 3406 4566 supra
3448 4489 3595 4547 calas
3630 4480 3771 4556 glori!

2148 4571 2196 4631 ί)
2218 4586 2333 4656 ejus
2375 4584 2550 4657 (Psal.
2579 4584 2757 4658 exul).
2800 4585 2956 4653 Quod
2985 4586 3030 4641 si
3055 4585 3195 4645 forte
3227 4586 3278 4642 ei
3328 4583 3609 4643 convenire
3639 4585 3771 4647 posse

2217 4676 2405 4734 dicunt
2433 4693 2636 4748 rogare,
2664 4687 2886 4747 propter
2909 4693 3199 4748 personam
3223 4678 3373 4744 Filii,
3394 4676 3484 4748 qui
3510 4667 3768 4731 secundum

2216 4767 2533 4838 Apostolum
2561 4769 2891 4840 semetipsum
2920 4768 3229 4835 exinauivit,
3258 4768 3483 4840 famam
3506 4760 3627 4819 serui
3645 4753 3767 4811 acri—

2214 4860 2382 4931 piens,
2421 4859 2479 4914 in
2518 4859 2920 4914 similitudinem
2961 4859 3233 4915 hominm
3284 4840 3486 4931 factus,
3537 4864 3583 4911 et
3613 4847 3767 4905 habits

2214 4954 2452 5008 inuentus
2480 4962 2537 5006 ut
2560 4952 2715 5007 homo
2745 4950 2969 5025 (Philip.
2987 4952 3083 5025 ιι);
3113 4953 3336 5009 audiant
3364 4966 3485 5008 eum
3508 4947 3762 5004 dicentem.

2217 5046 2439 5111 Lazare,
2458 5046 2571 5102 veni
2597 5045 2939 5117 foras(.loan.
2968 5046 3078 5118 XI);
3109 5056 3163 5103 et
3183 5047 3401 5112 iterum,
3432 5039 3569 5099 Tolle
3604 5032 3765 5108 graba-

2214 5150 2325 5194 tum
2359 5148 2510 5193 tuum
2539 5146 2587 5193 et
2621 5135 2750 5193 vade
2781 5137 2962 5208 (Joan.
3015 5155 3070 5203 ν,
3119 5139 3218 5210 st),
3269 5148 3327 5194 et
3367 5139 3589 5193 iterum:
3617 5119 3760 5180 Tali“

2214 5232 2354 5286 curui
2378 5228 2573 5304 (Marc.
2587 5229 2643 5301 v)
2660 5247 2675 5295 ;
2698 5238 2756 5285 et
2773 5246 2989 5296 rursus,
3012 5229 3347 5295 Adolescens,
3364 5229 3454 5285 tibi
3473 5224 3602 5285 dico,
3619 5215 3761 5304 Sum

2218 5321 2370 5394 (Luc.
2390 5302 2525 5394 vn),
2547 5329 2602 5377 et
2627 5330 2822 5378 cetera
2856 5318 3187 5390 huiusmodi,
3214 5337 3336 5393 quae
3371 5334 3473 5376 non
3519 5302 3756 5382 rogantis,

2217 5393 2313 5471 sed
2353 5393 2688 5486 imperantis,
2721 5432 2828 5472 non
2856 5415 3203 5487 postulantis,
3227 5416 3322 5471 sed
3341 5407 3586 5486 iubentis.
3619 5393 3755 5453 “id”

2218 5516 2347 5563 sunt
2366 5525 2379 5562 :
2407 5506 2561 5578 cuius
2589 5508 2800 5580 imperii
2826 5515 3150 5577 potestatem
3180 5508 3249 5563 in.
3272 5506 3387 5574 ejus
3404 5497 3602 5560 nomine
3616 5487 3754 5546 etiam

587 5692 614 5721 ι
663 5679 734 5762 Et
766 5699 940 5762 pgnas
986 5685 1410 5762 uat_a_ti_libu_s_,__et
1461 5701 1586 5762 aera
1638 5686 1956 5745 volatilibus.
2019 5687 2110 5746 Sic
2147 5689 2455 5749 emendavit
2489 5689 2982 5762 Lindenbruchius,
3020 5706 3146 5749 cum
3186 5690 3241 5750 in
3308 5682 3531 5757 vulSa‘i-‘t
3579 5675 3753 5745 me”

519 5761 606 5807 tur
630 5749 917 5823 natalibus,
940 5756 1083 5826 quod
1110 5756 1199 5814 hic
1224 5749 1379 5814 nihili
1416 5756 1639 5813 verbum
1669 5766 1774 5813 est.
