4092 6188
368 298 500 358 1017

1156 292 1333 351 LIBRI
1369 293 1714 353 CAROLINI.
1754 324 1825 335 —-
1862 287 2086 351 CAPIT.
2130 294 2218 350 DE
2255 295 2443 355 IMAG.
2485 329 2554 339 ——
2592 297 2721 354 LIB.
2764 297 2805 354 l.

3512 307 3647 361 l0l8

304 402 307 407 ’
362 413 634 485 apostolos
657 409 886 482 legimus
911 407 1183 466 habuisse.
1212 410 1303 465 Ait
1326 411 1470 465 enim
1492 420 1678 481 pastor
1696 407 1952 464 Ecclesia:
1986 411 2028 464 Α
2057 390 2113 462 et
2154 409 2574 467 dominationem
2596 453 2609 478 ,
2642 421 2697 469 et
2728 427 2890 468 omne
2924 428 3120 471 nomen
3147 417 3292 486 quod
3338 430 3651 476 nominatur

358 523 487 565 cum
533 502 765 559 Elaeam
812 509 1090 565 curasset,
1139 500 1208 555 In
1254 503 1463 556 nomine
1506 501 1635 555 Jesu
1676 498 1949 554 Nazareni

2059 517 2167 558 non
2193 503 2367 559 solum
2389 503 2443 559 in
2469 506 2572 560 hoc
2598 505 2796 561 sarculo
2819 506 2914 561 sed
2942 505 3111 561 etiam
3139 506 3195 560 in
3226 506 3431 575 futuro,
3460 525 3650 580 quem-

360 614 518 670 surge
543 606 594 651 et
619 593 833 650 ambula
856 593 996 666 (Act.
1023 592 1129 664 ιιι).
1159 593 1298 648 Ecce
1324 594 1378 647 in
1425 592 1646 647 nomine
1672 589 1798 646 Jesu
1854 589 1959 644 Pe-
2056 596 2201 667 piam
2232 612 2425 669 rogare
2447 598 2619 654 dicis!
2651 598 2766 653 Non
2796 599 2963 669 igitur
2989 599 3038 653 ei
3066 614 3289 656 necesse
3330 609 3413 656 est
3459 618 3651 672 rogare

244 696 267 707 ‘
364 702 479 747 trus
499 692 749 759 imperat,
780 694 837 743 et
876 686 949 741 illi
999 683 1183 741 Jesum
1236 701 1430 755 rogare
1481 686 1678 740 debere
1722 683 1951 739 dicunt:

361 796 553 839 servus
589 778 820 848 imperio
854 778 909 832 in
933 776 1143 831 Domini
1168 776 1385 831 nomine
1412 776 1503 831 dat
1531 775 1783 846 languido
1806 774 1955 831 sani-

364 881 548 935 tatem,
590 878 647 925 et
675 869 750 924 illi
779 868 966 923 dicunt
990 882 1114 921 eum
1138 881 1331 937 rogare
1360 866 1556 921 debere
1589 866 1950 921 sacerdotem.

364 961 480 1017 Non
510 962 614 1016 hoc
645 959 964 1030 prudentiaz,
1005 956 1100 1011 sed
1136 971 1364 1011 summa:
1403 956 1654 1011 amentiae
1689 956 1955 1026 deputan-

361 1054 490 1109 dum
513 1061 615 1108 est.
650 1051 752 1120 Qui
781 1050 827 1105 si
854 1050 922 1105 ad
950 1048 1033 1104 sui
1076 1050 1281 1103 erroris
1320 1048 1597 1103 munimen
1633 1048 1763 1104 illud
1810 1047 1954 1102 forte

362 1158 622 1213 usurpare
644 1140 814 1196 velint
858 1144 1001 1209 quod
1030 1139 1145 1207 ipsa
1172 1138 1389 1193 Veritas
1420 1137 1569 1202 dicit,
1614 1136 1729 1208 Ego
1756 1136 1949 1207 rogabo

364 1234 599 1299 Patrem,
627 1241 675 1287 et
702 1231 866 1285 alium
896 1230 1234 1284 Paracletum
1253 1230 1398 1284 dabit
1423 1230 1563 1285 vobis
1594 1230 1778 1301 (Joan.
1804 1228 1945 1301 Inv);

359 1332 418 1379 et
460 1322 633 1377 illud:
687 1320 875 1386 Pater,
914 1318 1151 1387 clari/ica
1179 1329 1325 1372 tuum
1356 1335 1542 1372 nomen
1594 1318 1778 1391 (Joan.
1812 1319 1944 1389 xu);

361 1410 699 1484 perpendam
734 1425 842 1464 non
888 1424 1011 1464 eum
1056 1409 1158 1464 hoc
1180 1409 1380 1464 dixisse
1421 1411 1718 1464 secundum
1762 1410 1952 1464 divini-

365 1517 549 1573 tatem,
583 1507 638 1562 in
683 1521 789 1576 qua
820 1505 979 1559 unius
1024 1519 1148 1558 cum
1185 1503 1347 1558 Patre
1373 1504 1688 1559 substantiae
1724 1501 1950 1572 aequalis

361 1599 509 1654 Patri
547 1604 830 1668 permanet
851 1595 918 1649 de
948 1610 1053 1664 qua
1081 1594 1231 1659 dicit,
1261 1592 1373 1664 Ego
1404 1602 1451 1647 et
1476 1591 1643 1673 'Pater
1672 1608 1834 1645 unum
1859 1607 1949 1645 su-

359 1706 480 1744 mus
502 1688 779 1762 (Joan.x),
798 1687 892 1740 sed
914 1685 1207 1746 secundum
1234 1681 1643 1746 humanitatem,
1674 1696 1781 1751 qua
1822 1679 1948 1735 Ver-

2057 690 2149 761 qui
2168 690 2492 756 etelestium,
2513 690 2851 747 terrestrium
2867 699 2922 746 et
2944 690 3279 747 infernarum
3295 694 3534 749 creditur
3552 709 3650 765 po—

2060 789 2312 838 testatem
2342 783 2562 838 habere.

2684 852 2915 909 CAPUT
2953 854 3020 909 ν.

2057 941 2213 1008 Quod
2245 959 2352 1014 non
2391 944 2538 1013 parvi
2572 945 2638 997 sit
2667 942 2863 1014 piaculi
2895 943 3201 1014 Scripturas
3239 956 3451 1001 sanctas
3495 946 3651 1002 aliter

2124 1012 2412 1084 intelligere
2443 1030 2602 1084 quam
2630 1012 2984 1084 intelligenda:
3006 1012 3148 1076 sunt,
3174 1025 3223 1069 et
3246 1015 3314 1070 ad
3340 1017 3434 1071 hos
3462 1033 3648 1073 sensus

2124 1093 2405 1154 usurpatas
2423 1084 2819 1139 accommodare
2833 1102 2961 1150 quos
2977 1084 3084 1139 illa:
3095 1102 3199 1139 non
3222 1087 3489 1141 continent
3515 1102 3533 1141 :
3549 1088 3650 1141 sic-

2123 1163 2182 1227 ut
2221 1155 2277 1208 in
2318 1170 2537 1227 erronea
2565 1154 2765 1227 synodo
2806 1172 2925 1227 qua:
2964 1156 3019 1209 in
3081 1154 3363 1225 Bithynia,
3398 1166 3649 1227 regnante

2123 1222 2771 1297 Constantino,_metliante
2796 1222 3022 1297 Hier-ean
3046 1222 3370 1297 matre—ejus.
3408 1222 3646 1281 residen-

2122 1303 2172 1347 te
2197 1292 2451 1348 Tharasio
2480 1293 3060 1365 Constantinopolitano
3086 1292 3349 1368 episcopo,
3374 1308 3518 1368 gesta
3545 1307 3643 1351 est.

2124 1383 2307 1438 Sacrae
2339 1383 2474 1454 legis
2507 1385 2736 1439 docente
2781 1385 3065 1441 didicimus
3103 1387 3325 1442 oraculo
3354 1388 3497 1457 quod
3526 1404 3650 1458 per-

2051 1487 2210 1528 cussa
2251 1481 2405 1542 petra
2441 1472 2631 1529 latices
2680 1473 2888 1528 sitienti
2936 1474 3292 1545 proﬂuxerint
3328 1478 3545 1548 populo,
3593 1487 3649 1533 et

2049 1563 2295 1618 eamdem
2316 1571 2526 1634 petram
2545 1564 2822 1620 Christum
2861 1566 3064 1620 sentire
3101 1566 3298 1623 debere
3327 1568 3649 1624 documento

2050 1653 2388 1709 instituimur
2406 1655 2724 1725 apostolico.
2744 1656 2846 1724 Qui
2869 1657 2997 1712 dum
3023 1658 3094 1712 sit
3116 1667 3289 1728 petra,
3311 1658 3465 1727 cujus
3481 1658 3649 1715 fluen-

360 1782 482 1834 bum
504 1749 629 1834 caro
659 1749 857 1849 factum
882 1785 979 1842 est,
1005 1785 1056 1829 et
1081 1776 1331 1829 habitavit
1358 1775 1413 1829 in
1448 1776 1597 1829 nobis
1652 1749 1833 1843 (.loan.
1881 1778 1945 1846 ι),
1977 1769 2027 1830 Β
2053 1749 2124 1804 us
2150 1750 2359 1849 “fmilia
2403 1750 2567 1849 cora?
2596 1750 2927 1849 imgakmm';
2958 1761 3022 1849 εί,
3043 1751 3263 1849 "mmini
3296 1751 3449 1821 cuius
3482 1753 3649 1821 impc‘

359 1879 417 1926 et
441 1872 506 1927 de
531 1885 635 1940 qua
673 1870 820 1931 dicit,
855 1867 1019 1922 Pater
1048 1866 1221 1936 major
1253 1883 1335 1921 me
1366 1875 1440 1920 est
1472 1864 1653 1937 (Joan.
1686 1865 1821 1937 xw).
1847 1864 1951 1932 Qui

360 1961 490 2016 dum
536 1960 593 2014 in
624 1958 794 2012 forma
820 1957 962 2012 servi
1016 1957 1192 2011 minor
1220 1955 1292 2010 sit
1341 1950 1521 2019 Patre,
1564 1954 1618 2008 in
1651 1953 1822 2009 forma
1855 1955 1950 2009 Dei

358 2050 585 2121 aequalis
608 2049 659 2104 ci
682 2048 868 2119 procul
895 2048 1059 2102 dubio
1087 2047 1328 2103 creditur
1352 2060 1367 2099 :
1406 2045 1547 2101 unde
1574 2056 1629 2100 et
1662 2046 1951 2116 Apostolus

359 2142 453 2205 ait,
488 2141 612 2197 Non
634 2142 874 2211 rapinam
896 2140 1180 2193 arbitratus
1210 2148 1286 2193 est
1322 2155 1431 2193 esse
1472 2154 1527 2192 se
1559 2138 1813 2209 a'qnalem
1841 2137 1951 2192 Deo

359 2231 584 2304 (Philip.
622 2230 706 2301 ιι),
736 2231 788 2286 id
812 2239 916 2296 est,
946 2246 1052 2285 non
1076 2230 1124 2284 ei
1154 2228 1254 2283 fuit
1280 2238 1533 2300 tanquam
1564 2229 1771 2298 rapina,
1795 2229 1951 2299 quasi

361 2321 597 2375 alienum
621 2328 899 2391 appeteret
927 2335 940 2374 :
970 2322 1060 2389 qui
1092 2320 1233 2375 sicut
1248 2328 1568 2385 comteruus,
1601 2321 1673 2374 ita
1705 2334 1952 2390 coaequa-

360 2416 426 2470 lis
458 2422 544 2469 est
573 2413 748 2480 Patri;
777 2429 938 2483 quem
969 2412 1112 2467 idem
1138 2412 1427 2482 Apostolus
1448 2428 1637 2467 verum
1678 2412 1951 2467 hominem

357 2517 414 2563 et
436 2522 626 2561 verum
654 2507 823 2560 Deum
844 2504 1136 2560 confitetur
1161 2520 1285 2559 cum
1309 2503 1457 2568 dicit,
1490 2503 1727 2569 Quorum
1752 2513 1945 2575 patres,

356 2608 406 2653 et
435 2615 501 2653 ex
519 2598 706 2670 quibus
735 2595 991 2661 Christus,
1022 2596 1111 2667 qui
1138 2605 1210 2649 est
1235 2612 1393 2666 super
1414 2594 1592 2649 omnia
1616 2593 1752 2648 Deus
1801 2594 1952 2668 bene-

355 2689 529 2743 dictus
562 2688 617 2742 in
639 2685 835 2742 stccula
863 2685 1042 2758 (Rom.
1078 2685 1176 2757 ix).
1210 2684 1309 2741 Cui
1336 2686 1382 2739 si
1410 2684 1707 2740 secundum
1735 2684 1948 2739 illorum

358 2778 687 2843 socordiam,
726 2791 886 2845 quem
933 2776 1076 2846 piam
1131 2791 1325 2847 rogare
1366 2790 1588 2831 necesse
1632 2783 1736 2841 est,
1790 2775 1951 2831 alicui

357 2872 571 2937 subest;
597 2878 653 2924 et
673 2870 718 2925 si
743 2870 903 2924 alicui
918 2869 1122 2932 subest,
1148 2885 1252 2923 non
1269 2876 1352 2924 est
1373 2883 1537 2939 super
1556 2870 1758 2923 omnia.
1778 2868 1953 2939 Super

356 2963 539 3019 omnia
562 2969 740 3017 autem
770 2966 887 3026 est,
913 2975 1020 3015 non
1048 2958 1214 3031 igitur
1234 2960 1284 3015 ei
1306 2959 1615 3031 quempiam
1635 2975 1828 3031 rogare
1851 2976 1948 3017 ne-

356 3070 512 3111 cesse
528 3051 871 3109 est.Audiant
891 3067 1039 3122 ergo,
1064 3052 1285 3106 audiant
1306 3050 1529 3121 hujusce
1548 3052 1675 3107 dicti
1696 3062 1947 3109 auctores

355 3145 486 3217 quid
512 3145 702 3199 beatus
723 3142 1045 3197 Ambrosius
1065 3151 1254 3199 contra
1300 3142 1560 3212 quosdam
1592 3142 1717 3198 fidei
1765 3144 1947 3200 hostes

353 3238 422 3293 de
450 3237 555 3291 hoc
580 3236 747 3290 verbo
775 3234 1007 3289 dixerit:
1050 3253 1068 3285 ι
1108 3234 1213 3289 Sed
1234 3235 1431 3289 lectum
1455 3242 1539 3290 est
1570 3236 1695 3307 quia
1724 3238 1941 3307 rogavit,

350 3328 503 3384 disce
531 3326 865 3393 distantiam,
889 3333 1043 3396 rogat
1061 3326 1215 3395 quasi
1244 3325 1413 3381 Filius
1433 3327 1689 3390 hominis,
1718 3327 1947 3398 imperat

352 3416 509 3489 quasi
541 3415 636 3472 Dei
664 3416 853 3471 Filius.
887 3416 969 3470 An
998 3432 1104 3471 non
1139 3414 1363 3472 defertis
1389 3417 1491 3471 hoc
1519 3417 1614 3471 Dei
1633 3416 1771 3473 Filio
1800 3418 1944 3489 quod

353 3511 515 3565 etiam
533 3507 777 3563 diabolus
804 3507 1012 3572 detulit,
1040 3516 1093 3561 et
1126 3523 1221 3562 vos
1247 3505 1451 3576 majore
1485 3508 1768 3579 sacrilegio
1792 3509 1945 3564 dero-

356 3600 516 3671 gatis.
542 3598 635 3653 Ille
679 3598 827 3663 dicit,
859 3597 921 3653 Si
968 3596 1141 3652 Filius
1172 3598 1269 3652 Dei
1301 3616 1355 3652 es
1375 3641 1391 3666 ,
1428 3598 1513 3653 dic
1539 3598 1703 3669 lapidi
1733 3600 1854 3653 huic
1890 3609 1943 3654 nt

354 3690 449 3761 ﬁat
471 3690 642 3762 panis.
669 3689 761 3744 Ille
789 3689 937 3754 dicit,
972 3689 1207 3759 impera;
1234 3705 1332 3744 vos
1353 3690 1550 3754 dicitis,
1574 3692 1818 3745 obsecra.
1851 3689 1944 3745 Ille.

355 3781 530 3837 credit
552 3781 695 3852 quod
709 3779 932 3849 jubente
956 3780 1049 3836 Dei
1074 3780 1211 3835 Filio
1236 3781 1626 3836 elementorum
1656 3796 1944 3850 rerumque

354 3873 408 3927 in
439 3873 725 3927 adversum
755 3880 947 3927 natura
969 3881 1211 3926 vertatur
1238 3887 1252 3926 :
1278 3888 1374 3927 vos
1404 3873 1626 3927 creditis
1650 3872 1793 3943 quod
1839 3873 1942 3928 nisi

352 3972 507 4034 roget
545 3962 641 4017 Dei
695 3962 883 4027 Filius,
913 3977 1013 4017 nec
1061 3964 1308 4018 voluntas
1359 3964 1529 4033 ipsius
1577 3964 1880 4033 impleatur.
1918 3986 1935 4018 ι

356 4050 469 4106 Hoc
500 4049 717 4120 q'uidem
767 4050 1001 4120 pugione
1063 4049 1228 4104 lorica
1268 4051 1389 4106 lidci
1420 4051 1659 4106 munitus
1688 4051 1944 4109 Ecclesize

353 4139 626 4211 pneliator
660 4147 845 4195 contra
878 4139 1061 4194 hostes
1086 4140 1210 4194 fidei
1260 4140 1559 4197 dimicavit.
1612 4142 1757 4197 Inter
1807 4158 1944 4213 quos

354 4230 602 4301 quisquis
628 4229 902 4284 numerari
929 4227 1203 4296 formidat,
1241 4231 1363 4286 talis
1400 4228 1834 4288 dicti'insaniam
1860 4234 1947 4290 fu—

352 4322 486 4390 giat.
520 4319 675 4374 Dicat
697 4320 901 4374 interea
928 4329 1149 4377 sanctus
1179 4324 1506 4395 evangelista
1528 4325 1659 4394 quid
1683 4326 1946 4384 Dominus

353 4410 638 4480 discipulis
673 4409 1103 4476 formidantibus,
1151 4428 1274 4466 cum
1294 4412 1407 4481 jam
1437 4414 1682 4470 navicula
1705 4417 1946 4486 operire-

358 4508 447 4553 tur
461 4497 731 4564 ﬂuetibus,
754 4497 965 4554 fecerit.
1019 4498 1165 4554 Tunc
1196 4517 1432 4573 surgens,
1459 4504 1651 4574 inquit,
1675 4506 1943 4577 imperavit

354 4593 519 4648 ventis
547 4601 595 4647 et
620 4590 777 4658 mari,
803 4599 850 4645 et
876 4592 1018 4662 facta
1041 4602 1118 4647 est
1139 4592 1490 4666 tranquillitas
1512 4612 1702 4667 magna
1725 4596 1939 4671 (Matth.

357 4698 484 4747 vui;
508 4681 679 4737 Marc.
722 4699 804 4749 IV;
825 4681 952 4737 Luc.
990 4684 1131 4756 νιιι).
1166 4684 1320 4740 Dicat
1353 4686 1514 4742 etiam
1537 4689 1665 4758 quid
1696 4692 1944 4746 centurio

360 4773 588 4830 Domino
629 4775 698 4829 ad
736 4775 953 4829 domum
986 4790 1141 4831 suam
1178 4790 1401 4849 pergere
1424 4786 1479 4833 et
1501 4794 1729 4849 puerum
1751 4798 1943 4839 curare

298 4933 304 4943 ν
356 4865 664 4935 disponenti
684 4866 897 4933 dixerit,
926 4866 1167 4934 Domine,
1197 4885 1300 4923 non
1324 4886 1440 4924 sum
1465 4871 1654 4942 dignus
1684 4883 1738 4926 ut
1782 4875 1943 4929 intres

356 4956 454 5012 sub
481 4965 671 5011 tectum
694 4972 899 5022 meum;
933 4957 1024 5012 sed
1043 4966 1246 5013 tantum
1282 4958 1369 5013 dic
1394 4960 1565 5025 verba,
1592 4971 1639 5015 et
1667 4963 1943 5018 sanabitur

357 5064 489 5104 mter
516 5064 662 5103 meus
686 5047 900 5116 (Matth.
929 5047 1140 5121 vtu').'0
1175 5050 1408 5106 infausta
1434 5051 1671 5107 locutio!
1705 5050 1749 5108 0
1786 5069 1943 5109 exsc-

355 5137 579 5196 erabilis
602 5139 783 5192 error!
809 5138 856 5194 0
878 5139 1127 5208 superbia
1151 5148 1417 5197 tumorem
1437 5144 1619 5213 potius
1641 5159 1804 5214 quam
1832 5144 1943 5201 for-

359 5230 641 5286 titudinem
688 5230 955 5302 ingerens,
1014 5232 1342 5290 inﬂationem
1386 5237 1565 5307 potius
1612 5254 1773 5309 quam
1801 5242 1943 5298 vires

358 5323 743 5393 segmentatis!
761 5321 1020 5380 Centurio
1034 5323 1383 5394 illudendum,
1403 5325 1799 5398 ﬂagellandum,
1826 5348 1945 5403 pas-

357 5427 567 5479 surum,
593 5420 822 5468 mortem
843 5422 1206 5485 gustaturum,
1233 5416 1299 5471 ad
1324 5416 1532 5473 inferna
1556 5419 1941 5479 descensurum

360 5506 527 5561 verbo
559 5513 766 5560 tantum
798 5506 1007 5576 imperii
1056 5520 1281 5576 puerum
1334 5522 1530 5566 sanare
1556 5512 1729 5568 credit
1760 5530 1773 5567 :
1805 5521 1858 5569 ct
1885 5523 1942 5569 tu

356 5612 481 5651 eum
514 5597 788 5653 sedentem
815 5598 883 5653 ad
912 5598 1190 5654 dexteram
1225 5598 1403 5658 Patris
1424 5603 1476 5659 in
1509 5606 1819 5665 caelestibus
1854 5627 1944 5665 su-

356 5702 453 5761 per
481 5704 695 5746 omnem
720 5689 1100 5762 principatum,
1132 5699 1183 5746 et
1209 5702 1549 5763 potestatem,
1575 5707 1629 5756 ct
1653 5701 1905 5759 virtutem
1924 5743 1939 5768 ,

2058 1853 2148 1902 tus
2172 1846 2409 1901 laetificat
2445 1846 2719 1901 civitatem
2745 1846 2873 1913 Dei;
2912 1854 2966 1901 et
2999 1845 3120 1901 fons
3149 1846 3290 1911 vitae,
3337 1861 3368 1900 a
3397 1861 3505 1916 quo
3534 1862 3648 1901 cre-

2055 1937 2307 1994 dentibus
2339 1947 2597 2008 perpetua
2628 1938 2739 1993 vita
2766 1946 2978 2005 manat;
3012 1946 3067 1993 et
3095 1939 3249 2008 panis
3273 1938 3528 2001 cmlestis,
3555 1939 3644 2007 qui

2054 2041 2270 2085 aeterna:
2296 2030 2453 2085 famis
2481 2031 2714 2085 inediam
2738 2046 2769 2085 a
2804 2031 3039 2086 fidelium
3077 2032 3332 2087 cordibus
3356 2030 3600 2085 eradicat
3630 2045 3645 2083 :

2053 2122 2302 2192 quisquis
2322 2122 2438 2190 ejus
2460 2122 2733 2192 Spiritales
2761 2131 2919 2193 potus
2939 2131 2993 2177 et
3016 2122 3291 2194 spiritales
3318 2136 3473 2177 escas
3493 2122 3649 2175 aliter

2054 2231 2218 2287 quam
2261 2216 2348 2271 ille
2385 2217 2477 2271 dat
2514 2216 2762 2287 percipit,
2798 2215 3011 2270 divinas
3058 2215 3305 2271 videlicet
3336 2212 3649 2283 Scripturas

2054 2308 2161 2364 alio
2188 2322 2370 2372 sensu,
2416 2317 2471 2363 et
2517 2323 2622 2363 non
2661 2323 2727 2362 eo
2765 2323 2872 2378 quo
2902 2321 2932 2361 a
2968 2315 3156 2361 sancto
3191 2304 3394 2377 Spiritu
3436 2305 3649 2361 tradita:

2054 2407 2180 2453 sunt
2205 2398 2552 2467 interpretari
2577 2396 2786 2461 nititur,
2817 2400 2885 2451 ab
2910 2395 3027 2465 ejus
3057 2397 3272 2467 pascuis
3298 2397 3503 2451 alienus
3528 2412 3649 2451 esse

2054 2491 2413 2546 convincitur.
2443 2490 2670 2561 Eloquia
2721 2506 2943 2560 namque
2981 2489 3213 2553 Domini,
3247 2490 3322 2543 ait
3355 2489 3646 2559 Propheta,

2053 2581 2452 2652 eloquia-casta,
2484 2590 2757 2651 argentum
2783 2581 2903 2650 igne
2920 2581 3275 2635 ea'aminatum
3301 2579 3474 2653 (Psal.
3508 2580 3608 2651 stt)
3630 2597 3643 2645 ;

2054 2688 2286 2743 quorum
2318 2674 2626 2728 castitatem
2668 2673 2757 2728 ille
2783 2674 2968 2743 procul
3009 2675 3170 2729 dubio
3198 2673 3501 2728 adulterina
3529 2673 3646 2729 labe

2055 2766 2250 2822 vitiare
2271 2766 2474 2835 appetit
2497 2764 2588 2835 qui
2612 2779 2675 2820 ea
2709 2766 2775 2819 ad
2810 2765 3053 2820 extranei
3087 2779 3279 2822 sensus
3315 2765 3649 2821 couunistio-

2055 2872 2179 2913 nem
2210 2858 2418 2913 sociare
2456 2856 2752 2913 contendit.
2782 2855 2885 2924 Qui
2908 2858 3052 2912 enim
3076 2869 3298 2928 propter
3321 2858 3647 2929 arrogantia:

2054 2957 2109 3005 et
2139 2964 2289 3003 vanze
2337 2948 2514 3004 laudis
2557 2947 2854 3018 appetitum
2899 2949 2967 3004 ad
3011 2949 3093 3003 sui
3135 2949 3340 3004 erroris
3367 2950 3645 3004 munimen

2054 3040 2424 3103 astrueudum,
2470 3037 2775 3094 divinarum
2811 3037 3214 3108 Scripturarum
3242 3039 3464 3093 attrahit
3496 3038 3647 3094 testi-

2052 3133 2314 3198 monium,
2339 3132 2466 3202 quid
2490 3131 2637 3186 aliud
2658 3131 2788 3187 facit
2805 3133 2907 3187 nisi
2923 3131 3230 3187 castitatem
3253 3132 3420 3186 divini
3443 3131 3643 3202 eloquii

2048 3224 2308 3293 probrose
2340 3223 2576 3292 captivat
2623 3222 2677 3276 in
2725 3221 3087 3277 adulterium?
3111 3220 3176 3275 Et
3205 3231 3488 3293 argentum
3521 3222 3646 3293 igne

2046 3316 2213 3372 divini
2248 3316 2483 3387 Spiritus
2510 3317 2878 3372 examinatum
2904 3315 2972 3370 ad
3008 3315 3235 3373 aliorum
3278 3318 3641 3380 metallormu,

2048 3408 2101 3464 id
2127 3418 2211 3463 est
2236 3416 2618 3463 extraneorum
2663 3423 2943 3474 sensuum,
2970 3409 3241 3478 protrahit
3268 3409 3645 3480 inquinamen-

2047 3509 2183 3555 tum.
2214 3500 2290 3555 De
2315 3500 2511 3555 talibus
2532 3500 2792 3554 Dominus
2814 3500 2888 3554 ita
2910 3500 3157 3569 queritur
3177 3516 3275 3570 per
3298 3502 3639 3571 prophetam,

2045 3591 2179 3645 Dedi
2213 3591 2289 3645 eis
2334 3600 2608 3661 argentum
2659 3600 2708 3644 et
2750 3606 2959 3654 aurum,
2998 3600 3047 3644 et
3094 3591 3173 3645 illi
3223 3592 3455 3661 fecerunt
3505 3591 3643 3647 Bual

2046 3682 2192 3756 (Ose.
2222 3681 2307 3755 ιι),
2339 3682 2394 3739 id
2423 3690 2527 3748 est,
2554 3682 2812 3753 spiritalis
2835 3684 3203 3754 intelligentia:
3235 3686 3551 3756 dignitatem
3586 3695 3642 3742 et

2045 3779 2244 3849 eloquii
2273 3786 2608 3834 venustatem
2658 3779 2725 3833 ad
2766 3795 3057 3850 pravorum
3084 3795 3339 3835 sensuum
3383 3789 3436 3835 et
3465 3780 3642 3836 inanis

2043 3871 2227 3941 gloriae
2272 3877 2549 3925 verterunt
2590 3871 2998 3925 immanitatem.
3044 3868 3179 3924 Nam
3214 3886 3337 3927 cum
3367 3870 3642 3942 legislator

2044 3963 2187 4017 dicat
2216 3975 2231 4013 :
2268 3959 2336 4015 In
2381 3960 2595 4015 dextera
2630 3960 2845 4014 Domini
2892 3962 3045 4031 ignea
3079 3960 3164 4016 lex
3192 3961 3376 4033 (Deut.
3408 3960 3637 4033 χχχιιι),

2044 4054 2347 4110 mirandum
2382 4062 2466 4108 est
2496 4062 2713 4125 quanta:
2753 4053 2863 4108 sint
2896 4054 3241 4111 bebetudinis
3267 4055 3359 4125 qui
3387 4070 3489 4111 nec
3522 4053 3643 4124 ejus

2043 4147 2352 4202 mulcentur
2375 4144 2633 4210 candore,
2668 4160 2767 4200 nec
2793 4144 2910 4214 ejus
2932 4154 3208 4200 terrentur
3245 4146 3459 4202 ardore.
3486 4145 3640 4203 Sicut

2043 4242 2187 4297 enim
2216 4254 2310 4295 eos
2335 4239 2424 4309 qui
2450 4237 2517 4293 ad
2541 4252 2659 4291 eam
2688 4236 3091 4308 intelligendam
3120 4251 3257 4307 puro
3283 4252 3445 4294 sensu
3470 4244 3525 4290 et
3547 4238 3640 4292 de-

2044 4341 2167 4388 vota
2198 4340 2377 4386 mente
2416 4329 2695 4391 accedunt,
2729 4328 3024 4400 perlustrat
3061 4330 3144 4383 sui
3189 4328 3474 4399 splendore
3508 4344 3639 4384 can-

2047 4424 2212 4488 doris,
2260 4423 2333 4477 ita
2363 4438 2394 4477 e
2423 4419 2696 4477 contrario
2742 4419 2835 4489 qui
2874 4419 2941 4474 ad
2978 4434 3099 4474 eam
3126 4420 3228 4474 sibi
3257 4428 3459 4476 temere
3489 4436 3639 4476 usur-

2047 4516 2275 4587 pandam
2299 4515 2747 4586 appropinquant,
2785 4513 2993 4582 perurit
3024 4512 3107 4567 sui
3142 4512 3510 4582 magnitudine
3548 4528 3637 4568 ar—

2047 4608 2211 4665 doris.
2238 4606 2436 4676 Sicque
2458 4605 2547 4676 qui
2578 4604 2627 4659 ei
2660 4604 2924 4659 inluerent
2953 4604 3137 4659 humili
3165 4613 3344 4659 mente
3371 4613 3426 4661 et
3451 4620 3636 4661 Sacra-

2046 4697 2117 4751 tis
2154 4695 2419 4759 scnsibus,
2472 4710 2689 4765 gressus
2734 4694 2933 4749 habent
2979 4694 3216 4751 munitos
3252 4695 3305 4749 in
3352 4695 3636 4766 praesentis

2044 4787 2168 4842 vitze
2205 4785 2380 4842 stadio
2409 4785 2553 4841 illius
2600 4784 2865 4854 lampadis
2909 4785 3334 4852 illuminatione;
3382 4786 3457 4840 illi
3506 4802 3634 4842 vero

2045 4881 2134 4952 qui
2158 4896 2278 4937 eam
2297 4886 2485 4950 petunt
2505 4894 2626 4934 eum
2649 4878 2922 4933 extraneis
2947 4886 3003 4933 et
3034 4879 3339 4933 temerariis
3360 4880 3627 4945 sensibus,

2043 4970 2232 5026 aeterni
2274 4969 2415 5036 ignis
2459 4975 2773 5024 cremantur
2816 4968 3121 5034 adustioue,
3170 4968 3312 5038 quod
3341 4968 3629 5040 ﬁguratum

2042 5068 2127 5114 est
2174 5060 2229 5114 in
2275 5069 2508 5129 quatuor
2544 5057 2670 5112 filiis
2715 5056 2917 5113 Aaron.
2959 5056 3094 5112 Nam
3138 5073 3261 5113 cum
3311 5057 3539 5112 Eleazar
3577 5068 3632 5114 et

2044 5150 2245 5204 ltamar
2278 5148 2435 5218 juxta
2477 5147 2871 5203 institutionem
2910 5147 3078 5219 Moysi
3113 5149 3289 5219 ignem
3334 5151 3629 5206 sanctuarii

2046 5242 2273 5297 Domino
2300 5241 2588 5297 oli‘erentes
2614 5241 2965 5299 sacerdotalis
2997 5240 3180 5297 infulae
3209 5242 3525 5313 dignitatem
3549 5243 3631 5297 in-

2044 5339 2185 5407 depti
2212 5343 2338 5391 sunt
2363 5349 2377 5391 :
2401 5334 2586 5391 Nadab
2620 5352 2750 5392 vero
2781 5346 2835 5391 et
2877 5334 3017 5390 Abiu
3048 5336 3225 5407 ignem
3255 5334 3489 5391 alienum
3525 5336 3631 5392 Do-

2045 5432 2191 5486 mino
2223 5430 2418 5486 oll'erre
2451 5430 2703 5495 nitentes,
2747 5428 3248 5486 formidolosissime
3289 5429 3629 5484 atrocissime

2045 5523 2236 5579 mortis
2274 5536 2474 5594 genere
2519 5522 2729 5579 multati
2774 5533 2930 5589 sunt;
2960 5538 3189 5593 quorum
3234 5524 3479 5593 quisquis
3517 5524 3628 5581 vult

2045 5616 2218 5670 vitare
2259 5614 2593 5684 periculum,
2642 5614 2801 5670 debet
2849 5614 3034 5686 fugere
3078 5615 3403 5686 exemplum.
3455 5617 3625 5684 Quem

2044 5725 2195 5782 ergo,
2229 5723 2388 5780 quem
2416 5708 2466 5764 iu
2499 5707 2600 5765 hoc
2641 5707 2782 5765 facto
2821 5707 2913 5779 qui
2944 5707 3080 5765 bene
3122 5708 3263 5765 dicta
3287 5709 3425 5767 male
3461 5708 3625 5766 inter—
