4070 6186
484 230 623 286 1019

1372 222 1434 276 Β.
1476 221 1727 279 CAROLI
1769 218 1985 275 MAGNI
2023 216 2176 274 OPP.
2217 215 2398 272 PARS
2435 216 2499 272 ιι.
2544 214 2788 272 SECTIO
2824 215 2889 269 ll.
2928 242 2935 249 ι

3654 214 3785 271 ίῡῖίι

481 343 679 415 pretari
727 338 1008 411 arripiunt,
1053 339 1353 399 imitantur,
1394 338 1498 393 nisi
1539 351 1662 392 eum
1693 336 1785 405 qui
1819 334 1964 405 quod
1991 331 2059 386 de
2087 331 2134 389 Δ
2162 328 2560 399 ingrediantur,
2612 327 2832 407 dignum
2886 326 3139 382 duximus
3182 334 3245 381 ut
3283 326 3555 397 qualiter
3605 339 3788 386 sancta

482 431 710 502 simplici
753 431 871 485 viro
910 429 1058 498 justo
1103 428 1301 483 dictum
1333 437 1434 490 est,
1466 428 1519 481 in
1549 428 1844 481 meiliatore
1885 423 1979 477 Dei
2012 431 2067 477 et

486 525 760 588 hominum
794 520 1137 591 interpretari
1167 529 1414 584 conatur,
1445 535 1567 573 eum
1592 518 1757 573 dicit:
1802 515 2067 591 Scriptum

2172 418 2413 472 Romana
2448 404 2697 472 Ecclesia
2710 416 2927 472 ueteris
2951 415 3213 471 Ecclesiis
3234 431 3264 470 a
3291 416 3555 472 Domino
3570 418 3788 487 pratlata

2169 517 2225 563 et
2248 524 2280 562 a
2323 507 2570 563 ﬁdelibus
2598 507 2931 562 eonsuleuda
2960 507 3051 571 sit,
3078 521 3496 577 prosequamur
3522 525 3538 561 :
3569 523 3793 577 prmer-

486 626 561 670 est
592 617 730 669 enim
754 631 771 668 :
799 614 1058 679 Quoniam
1103 607 1300 682 angelis
1335 612 1444 665 suis
1472 609 1737 664 mandarit
1763 608 1828 661 de
1853 617 1899 661 te
1930 614 1984 659 ut
2014 605 2069 658 in
2170 600 2269 654 tim
2292 614 2417 654 cum
2442 613 2548 653 non
2580 599 2648 652 ab
2688 597 2809 653 aliis
2847 597 3145 667 Scripturis
3175 597 3278 651 nisi
3307 598 3390 652 ab
3416 597 3514 653 bis
3534 613 3679 669 quas
3707 602 3789 655 illa

490 706 728 761 inanibus
758 704 940 759 tollam
968 715 1037 769 te,
1069 721 1132 757 ne
1158 704 1290 773 forte
1335 702 1571 772 o/fendas
1614 703 1683 755 ad
1722 700 1949 771 lapidem
1984 715 2073 769 pe-
2171 692 2313 745 inter
2333 690 2627 745 canonicas
2647 690 2860 759 recipit,
2892 689 3202 744 testimonia
3225 690 3338 744 sint
3367 690 3682 755 sumenda,
3702 707 3794 746 nec

495 798 608 852 dem
628 807 773 851 tuum
799 795 1014 866 (Matth.
1046 797 1146 865 iv).
1177 795 1246 850 Ut
1268 795 1411 849 enim
1436 795 1663 848 validius
1684 802 1826 848 esset
1848 795 1931 847 sui
1957 800 2074 848 ten-

496 885 716 939 tamenti
736 894 1130 953 argumentum,
1157 884 1461 938 divinorum
1484 883 1696 952 apicum
1718 884 1882 937 traxit
1897 897 2076 937 exem-

494 972 660 1042 plum,
706 987 814 1041 quo
865 972 1118 1026 libentius
1167 972 1549 1025 alilianriretur
1598 985 1710 1026 sure
1760 972 2076 1025 tentationis

494 1064 765 1134 poculum,
795 1064 838 1118 si
864 1072 1171 1117 sanctarum
1213 1062 1616 1133 Seripturarum
1646 1064 1869 1117 haberet.
1893 1062 2078 1118 condi-

496 1164 756 1209 mentum.
792 1166 816 1193 α
843 1152 974 1207 Nam
1013 1153 1057 1206 si
1090 1152 1142 1206 in
1173 1152 1594 1221 interpretandis
1623 1151 1916 1221 Scripturis
1958 1152 2080 1205 imi-

497 1244 690 1297 tandus
715 1252 816 1306 est,
843 1252 897 1297 et
926 1244 977 1296 in
1019 1243 1297 1298 fallacibus
1338 1247 1688 1299 tentamentis
1728 1244 2032 1313 sequendus
2061 1261 2075 1298 :

495 1340 552 1387 et
578 1334 624 1388 si
665 1334 718 1387 in
768 1332 1049 1388 fallacibus
1082 1336 1429 1389 tentamentis
1462 1335 1768 1404 sequendus
1807 1344 1909 1396 est,
1939 1342 1993 1388 et
2026 1334 2081 1387 in

498 1423 715 1478 caeteris
752 1425 995 1478 moribus
1022 1424 1466 1492 amplectendus-:
1497 1440 1603 1478 non
1630 1433 1810 1479 autem
1839 1424 1891 1478 in
1923 1433 2083 1479 ciete-

501 1515 579 1569 ris
606 1515 845 1570 moribus
866 1513 1268 1582 amplectendus
1291 1523 1396 1580 est,
1417 1530 1523 1569 non
1549 1515 1709 1586 igitur
1733 1515 1787 1569 in
1814 1515 2080 1584 interpre-

504 1605 681 1659 tandis
706 1602 997 1674 Scripturis
1025 1606 1336 1660 imitandus.
1380 1606 1470 1661 Ait
1500 1607 1644 1661 enim
1670 1607 1862 1661 beatus
1889 1606 2081 1660 Hiero-

2174 782 2406 837 aliorum
2440 782 2722 837 doctorum
2766 781 2871 835 nisi
2903 796 3088 837 eorum
3118 780 3212 850 qui
3243 796 3273 835 a
3300 780 3554 838 Gelasio
3583 782 3670 837 vel
3699 799 3773 839 ese

2177 872 2307 926 teris
2342 871 2486 925 illius
2516 879 2715 926 sancta:
2763 871 2908 926 sedis
2948 869 3295 940 pontiﬁcibus
3343 872 3615 940 suscepti
3656 881 3795 936 sunt,

2176 964 2427 1032 dogmata
2446 962 2554 1016 sint
2574 960 2940 1030 amplectenda
2970 976 2986 1014 :
3017 976 3118 1016 nec
3138 960 3297 1015 aliter
3318 969 3506 1030 atque
3528 960 3692 1015 aliter
3705 976 3794 1031 pro

2177 1053 2463 1124 cujuslibet
2505 1052 2751 1116 arbitrio,
2781 1054 2875 1107 sed
2910 1066 3040 1108 sane
3082 1053 3382 1121 sobrieque
3420 1067 3557 1121 quae
3600 1053 3672 1107 ab
3697 1053 3795 1107 illis

2178 1148 2321 1202 dicta
2351 1153 2495 1208 sunt,
2525 1146 2632 1200 sint
2666 1145 3030 1216 intelligenda.
3070 1144 3161 1199 Ait
3199 1144 3351 1198 enim
3381 1145 3596 1198 beatus
3622 1143 3795 1214 Augu-

2179 1241 2354 1295 stinus
2400 1255 2521 1295 cum
2567 1239 2892 1302 institueret,
2928 1254 3050 1307 qua:
3084 1238 3377 1309 scripturae
3430 1245 3636 1292 essent
3672 1240 3797 1292 reci-

2180 1332 2387 1404 pienda:
2423 1332 2507 1386 vel
2532 1332 2764 1400 qualiter
2801 1330 3075 1400 intelligen
3096 1331 3162 1384 lae
3191 1344 3206 1383 :
3243 1348 3261 1379 ι
3296 1329 3434 1383 Erit
3461 1329 3641 1400 igitur
3667 1328 3795 1384 divi-

2182 1436 2375 1476 uarum
2431 1419 2832 1490 Seripturarum
2891 1418 3278 1474 solertissimus
3340 1417 3655 1489 indagator
3708 1418 3794 1487 qui

2182 1514 2357 1584 primo
2387 1520 2531 1567 totas
2570 1511 2764 1581 legerit
2789 1519 3052 1580 notasque
3084 1510 3337 1565 habuerit
3371 1509 3723 1580 Scriptum,
3748 1518 3793 1565 et

2186 1606 2235 1659 si
2279 1604 2518 1658 nondum
2545 1600 2822 1658 intellectu
2873 1600 2987 1669 jam
3018 1610 3196 1656 tamen
3225 1601 3512 1667 lectione,
3541 1604 3793 1656 duntaxat

505 1709 714 1764 nymus,
750 1711 769 1744 ι
803 1693 938 1749 Male
986 1695 1232 1749 diabolus
1269 1694 1579 1767 Seripturas
1626 1697 2029 1775 interpretatur.
2061 1717 2080 1748 ι
2120 1676 2163 1733 Β
2190 1711 2283 1750 eas
2307 1710 2427 1764 qua:
2448 1693 2786 1764 appellantur
2810 1692 3103 1747 canonica}.
3128 1690 3263 1745 Nam
3285 1699 3538 1747 exteras
3562 1693 3794 1747 securius

506 1784 783 1853 Siquidem
805 1792 860 1838 et
899 1785 1134 1840 haeretici
1158 1794 1207 1840 et
1242 1786 1590 1848 schismatici,
1625 1787 1718 1856 qui
1754 1784 1871 1853 ejus
1902 1786 2089 1854 utique

507 1889 767 1944 sequaces
809 1884 955 1939 sunt,
984 1875 1122 1930 male
1165 1875 1372 1930 divinas
1418 1874 1728 1945 Scripturas
1762 1876 2084 1946 intelligunt,

507 1965 658 2038 pejus
690 1972 1125 2037 interpretantur,
1146 1970 1386 2038 pessime
1406 1984 1536 2024 vero
1555 1972 1867 2026 observant.
1894 1971 2091 2027 Catho—

507 2059 597 2114 lici
622 2070 800 2113 autem
824 2059 1079 2114 Veritatis
1104 2059 1299 2114 eruditi
1322 2061 1581 2130 exemplis
1602 2070 1656 2114 et
1682 2062 1887 2130 antiqui
1913 2060 2091 2116 hostis

510 2148 766 2202 resistunt
810 2148 1176 2212 tentamentis,
1203 2156 1257 2202 et
1283 2150 1645 2204 bzereseorum
1662 2152 1950 2206 obsistunt
1978 2167 2093 2205 ma-

510 2236 888 2301 chinamentis,
938 2243 993 2292 et
1043 2238 1207 2292 divini
1250 2240 1398 2293 verbi
1442 2255 1637 2294 manna
1684 2257 1820 2311 puro
1867 2250 1921 2296 et
1958 2256 2092 2298 sano

509 2340 672 2381 sensu
700 2327 1071 2397 suscipientes,
1104 2327 1219 2396 ejus
1244 2328 1491 2385 dulcibus
1533 2332 1749 2386 aluntur
1779 2332 2049 2388 alimentis
2076 2351 2089 2386 :

511 2416 708 2486 quibus
765 2434 869 2471 non
928 2418 1237 2487 importune
1287 2420 1571 2475 collectum
1627 2438 1822 2476 manna
1881 2438 2095 2479 vermes

513 2506 719 2571 ebullit,
752 2507 805 2562 id
830 2515 913 2562 est
951 2524 1057 2565 non
1102 2509 1216 2578 ejus
1243 2511 1584 2567 conscientia:
1626 2528 1824 2567 arcana
1871 2524 1927 2569 et
1973 2530 2097 2570 sen-

514 2612 672 2651 suum
716 2596 904 2651 intima
953 2599 1218 2668 superbia:
1265 2601 1498 2657 stimulis
1534 2603 1791 2658 confodit.
1828 2604 2096 2661 Discussis

516 2685 697 2757 itaque
720 2701 839 2756 qua:
878 2687 962 2742 vel
991 2698 1311 2759 arroganter
1337 2691 1420 2745 vel
1450 2692 1660 2747 indocte
1683 2694 2096 2751 aConstantino

516 2784 570 2831 et
589 2774 815 2831 llmrena
839 2780 905 2833 ad
928 2779 1286 2834 venerabilem
1312 2795 1502 2850 papam
1526 2784 1674 2838 urbis
1697 2783 1880 2840 Romae
1905 2784 2098 2842 Adria-

521 2882 648 2919 num
670 2866 869 2935 scripta
895 2876 1035 2930 sunt,
1064 2869 1177 2924 sive
1200 2886 1362 2940 quam
1380 2873 1699 2929 brevissime
1721 2876 1942 2945 digestis
1962 2893 2098 2946 qua-

519 2954 643 3010 liter
673 2954 968 3026 Scriptura:
1010 2971 1209 3015 sanctae
1253 2976 1360 3015 non
1402 2961 1560 3017 aliter
1598 2964 1983 3036 intelligentiae,
2015 2967 2098 3022 vel

524 3048 960 3118 interpretanda,
995 3052 1079 3105 vel
1118 3069 1214 3123 pro
1246 3069 1344 3108 suo
1376 3054 1572 3124 cuique
1611 3057 1836 3113 arbitrio
1881 3061 2099 3129 proprio

523 3140 706 3195 sensui
756 3141 1223 3199 accommodanda:
1269 3145 1397 3210 sint,
1426 3147 1519 3202 sed
1564 3149 1859 3203 secundum
1914 3167 2101 3205 sanam

526 3230 871 3301 sobriamque
906 3233 1203 3288 doctrinam
1245 3235 1465 3307 intelligi
1496 3237 1745 3303 debeant,
1770 3255 1913 3310 nunc
1948 3243 2101 3295 testi-

526 3320 831 3375 moniorum
882 3321 1127 3378 ordinem
1172 3325 1263 3393 qui
1306 3340 1336 3378 a
1364 3327 1567 3380 sanctis
1610 3325 1904 3397 Scripturis
1928 3330 2043 3385 sive
2070 3346 2102 3384 a

526 3420 839 3466 sanctorum
875 3410 1093 3468 Patrum
1121 3416 1439 3473 tractatibus
1478 3416 1718 3489 digestus
1749 3428 1853 3484 est,
1875 3431 1930 3476 et
1959 3422 2105 3477 inor—

528 3501 713 3558 dinate
734 3504 847 3559 sive
886 3521 992 3559 non
1020 3508 1233 3577 proprie
1253 3509 1320 3563 ab
1348 3510 1432 3565 his
1457 3512 1549 3581 qui
1578 3512 1630 3566 in
1652 3513 1873 3582 pratfata
1898 3515 2104 3584 synodo

529 3594 732 3650 sedisse
757 3606 1071 3663 noscuntur,
1099 3610 1404 3673 usurpatus,
1432 3602 1621 3658 ordine
1652 3606 1975 3674 competenti
2007 3607 2104 3661 do-

530 3683 678 3740 mino
712 3684 924 3741 favente
965 3702 1324 3759 exsequamur
1357 3701 1617 3762 ponentes
1664 3694 1923 3750 duntaxat
1960 3711 2107 3751 sum-

531 3774 716 3828 matim
740 3775 868 3845 quid
893 3787 1201 3834 sanctorum
1239 3781 1458 3838 Patrum
1489 3786 1556 3841 de
1582 3787 1664 3842 bis
1688 3788 1956 3844 deﬁnierit
1985 3806 2107 3848 sen-

531 3865 720 3926 tentia.
738 3866 820 3920 vel
841 3868 1110 3937 quomodo
1128 3886 1159 3924 a
1184 3874 1574 3931 venerabilibus
1599 3878 1733 3933 viris
1747 3879 1954 3948 prolata
1976 3879 2103 3945 sint,

531 3970 650 4023 qua:
676 3957 743 4011 ad
772 3973 929 4013 suum
954 3975 1192 4017 errorem
1220 3967 1568 4021 astruendum
1598 3969 1813 4025 illorum
1845 3969 2110 4041 agglomc-

531 4050 671 4103 ravit
712 4053 947 4107 amentia
975 4068 989 4107 :
1020 4055 1215 4123 quibus
1261 4071 1360 4127 pro
1400 4066 1643 4129 tempore
1674 4062 1730 4115 in
1754 4063 2110 4132 prmsentibus

532 4137 740 4196 duobus
770 4142 958 4211 primis
989 4145 1349 4203 voluminibus
1373 4154 1716 4214 enumeratis,
1742 4153 1868 4223 quid
1894 4156 2111 4224 proprio

532 4245 692 4285 sensu
730 4233 908 4289 minus
938 4235 1093 4290 docte
1126 4244 1180 4291 et
1213 4246 1398 4293 contra
1431 4249 1735 4298 sanctorum
1776 4245 1999 4300 Patrum
2028 4248 2111 4302 in-

2191 1788 2351 1856 leget,
2374 1786 2481 1842 ﬁde
2500 1785 2745 1840 veritatis
2772 1785 3083 1847 instructus,
3102 1798 3170 1839 ne
3199 1792 3609 1854 prmoceupent
3634 1784 3792 1838 imbe-

2193 1881 2374 1937 cillum
2399 1880 2658 1944 animum,
2686 1888 2739 1933 et
2767 1876 3085 1948 periculosis
3110 1876 3420 1932 mendaciis
3448 1885 3623 1945 atque
3641 1876 3794 1945 phan-

2192 1972 2441 2027 tasmatis
2464 1970 2741 2025 eludentes
2774 1966 3126 2039 prtvjudicent
3154 1967 3362 2036 aliquid
3386 1975 3588 2022 contra
3617 1981 3790 2022 sanam

2194 2060 2621 2131 intelligentiam.
2651 2060 2707 2113 ln
2736 2059 3010 2114 canonicis
3054 2067 3231 2112 autem
3269 2058 3589 2128 Scripturis
3628 2058 3794 2113 Eccle-

2196 2156 2399 2210 siarum
2451 2152 2838 2208 catholicarum
2893 2148 3356 2219 quamplurimum
3413 2150 3788 2205 auctoritatem

2196 2250 2453 2312 sequatur
2479 2256 2494 2295 :
2520 2242 2662 2295 inter
2693 2254 2829 2310 quas
2856 2253 2988 2294 sane
3019 2239 3122 2294 illa:
3156 2240 3267 2293 sint
3299 2255 3431 2307 quae
3475 2240 3793 2308 apostolicas

2197 2334 2355 2388 sedes
2384 2332 2583 2387 habere
2605 2338 2659 2385 ct
2681 2328 2932 2400 epistolas
2955 2329 3203 2399 accipere
3228 2338 3583 2385 meruerunt.
3621 2351 3640 2382 ι
3665 2329 3785 2384 Nam

2200 2438 2322 2478 cum
2352 2422 2441 2477 hic
2469 2420 2678 2476 cunctis
2710 2434 2809 2489 per
2843 2420 3031 2473 orbem
3065 2419 3383 2474 constitutis
3412 2419 3638 2475 sedibus
3676 2432 3788 2487 apo-

2201 2512 2419 2566 stolicus
2448 2509 2773 2581 generaliter
2808 2507 3063 2578 praeferat
3094 2509 3274 2575 sedes,
3305 2510 3492 2566 multo
3519 2508 3687 2580 magis
3708 2507 3783 2562 illa

2199 2603 2449 2659 omnibus
2472 2600 2806 2671 praeferenda
2833 2608 2915 2655 est
2941 2616 3061 2669 qua:
3094 2601 3259 2655 etiam
3293 2602 3523 2658 caeteris
3550 2599 3785 2671 apostoli-

2201 2696 2281 2749 cis
2311 2694 2526 2749 sedibus
2554 2693 2776 2763 przelata
2804 2698 2909 2747 cst.
2950 2690 3104 2747 Sicut
3139 2693 3302 2763 igitur
3330 2692 3554 2749 caeteris
3578 2691 3782 2759 discipu-

2202 2785 2269 2841 lis
2296 2785 2542 2855 apostoli,
2572 2792 2627 2838 et
2664 2782 2922 2851 apostolis
2963 2783 3216 2837 omnibus
3243 2782 3450 2838 Petrus
3475 2782 3693 2843 eminet,
3718 2779 3783 2832 ita

2202 2875 2460 2930 nimirum
2497 2875 2708 2929 ueteris
2751 2873 2968 2928 sedibus
3017 2874 3346 2942 apostolicae,
3401 2882 3455 2930 et
3495 2871 3781 2944 apostolicis

2217 2967 2460 3021 Romana
2482 2964 2720 3020 eminere
2753 2963 3102 3033 dignoscitur.
3149 2964 3277 3020 llaec
3302 2966 3457 3020 enim
3492 2964 3651 3018 nullis
3673 2977 3781 3032 syn-

2203 3058 2375 3115 odicis
2421 3055 2731 3113 constitutis
2759 3055 2975 3111 catteris
3004 3055 3263 3110 Ecclesiis
3303 3057 3538 3126 pralata
3577 3062 3672 3118 est,
3699 3052 3780 3106 sed

2205 3149 2371 3218 ipsius
2399 3146 2612 3202 Domini
2652 3146 2974 3201 auctoritate
3003 3146 3295 3215 primatum
3349 3154 3520 3209 tenet,
3551 3143 3773 3203 dicentis,

2206 3240 2282 3294 Tu
2315 3257 2368 3294 es
2402 3239 2610 3305 Petrus,
2639 3247 2688 3293 et
2716 3254 2873 3309 super
2901 3238 3036 3292 hanc
3064 3247 3266 3309 petram
3311 3237 3592 3308 aediﬁcabo
3619 3233 3777 3288 Eccle-

2202 3332 2338 3385 sium
2367 3346 2557 3395 meum,
2589 3340 2637 3384 et
2662 3339 2827 3400 ρον-τω
2852 3327 3048 3399 inferni
3079 3344 3185 3383 non
3225 3329 3583 3400 praevalebunt
3615 3324 3774 3378 adrer-

2202 3437 2293 3475 sus
2320 3436 2436 3475 eam
2456 3436 2475 3474 :
2503 3429 2551 3474 et
2582 3419 2674 3473 tibi
2704 3419 2840 3473 dabo
2872 3418 3039 3473 claves
3083 3420 3228 3489 regni
3256 3419 3533 3477 caelorum.
3556 3425 3603 3470 et
3629 3410 3773 3485 quod-

2204 3526 2405 3582 cunque
2426 3509 2666 3579 ligaveris
2687 3526 2843 3580 super
2863 3518 3078 3573 terram,
3098 3521 3196 3563 erit
3217 3508 3445 3580 ligatum
3465 3517 3512 3563 et
3535 3507 3590 3560 in
3612 3501 3768 3557 colis:

2204 3610 2252 3655 et
2274 3599 2617 3671 quodcunque
2640 3598 2853 3653 solveris
2875 3615 3030 3669 super
3052 3607 3266 3666 terram,
3290 3603 3395 3654 erit
3418 3596 3643 3654 solutum
3660 3601 3702 3645 et
3724 3591 3770 3641 in

2205 3694 2345 3748 caelis
2386 3691 2611 3764 (Matth.
2645 3690 2790 3764 xvi).
2830 3691 2928 3747 Cui
2964 3706 3069 3746 non
3119 3691 3418 3762 incongrue
3459 3688 3595 3745 beati
3637 3680 3765 3738 Pauli

2205 3784 2444 3839 doctoris
2469 3783 2710 3854 gentium
2732 3790 2815 3838 est
2848 3783 3107 3837 attributa
3134 3782 3390 3848 societas,
3418 3789 3478 3834 ut
3509 3778 3645 3833 illius
3663 3788 3767 3828 san-

2206 3884 2308 3931 ctae
2335 3875 2589 3930 Ecclesia:
2622 3875 2841 3929 omnino
2888 3874 3196 3929 ﬁrmaretur
3221 3874 3522 3929 auctoritas
3550 3888 3564 3924 :
3602 3871 3762 3936 quate-

2208 3982 2311 4021 nus
2339 3965 2509 4021 altero
2542 3965 2610 4019 ad
2638 3964 2924 4034 piscandas
2953 3964 3164 4019 animas
3191 3964 3368 4021 eleCto
3406 3979 3471 4019 ex
3504 3960 3758 4031 piscatore.

2208 4059 2380 4114 altero
2416 4058 2483 4112 ad
2536 4055 2883 4111 muniendam
2922 4056 3219 4112 Ecclesium
3268 4071 3333 4110 ex
3388 4056 3754 4125 persecutore:

2209 4157 2269 4203 ut
2297 4148 2350 4202 in
2376 4147 2546 4204 altero
2572 4147 2668 4201 Dei
2693 4146 2811 4201 Filii
2832 4160 2960 4199 vera
2989 4145 3277 4210 confessio,
3324 4146 3382 4200 in
3424 4144 3587 4199 altero
3622 4147 3759 4205 appa-

2211 4248 2356 4295 reret
2387 4239 2553 4295 divini
2582 4238 2730 4292 verbi
2760 4252 2914 4292 sacra
2945 4237 3285 4306 praedicatio;
3322 4251 3448 4292 cum
3487 4229 3631 4288 alteri
3652 4238 3756 4281 con-

532 4322 863 4379 stitutionem
915 4327 985 4381 ob
1032 4328 1423 4385 adorandarum
1464 4332 1756 4405 imaginum
1786 4337 2108 4405 superﬂuam
2144 4367 2191 4426 υ
2214 4331 2443 4385 cesserit
2469 4330 2607 4385 idem
2639 4329 2732 4383 Dei
2762 4328 2932 4383 Filius
2953 4327 3132 4383 claves
3153 4326 3301 4398 regni
3327 4328 3600 4386 caelorum,
3627 4313 3755 4422 alteri

532 4413 855 4491 protulerint
890 4416 1348 4486 constitutionem,
1390 4424 1729 4493 sequentium
1773 4425 2001 4482 duorum
2049 4428 2112 4483 li-

533 4502 754 4556 brorum
777 4503 943 4558 series
966 4505 1190 4560 Domino
1210 4520 1478 4566 annuente
1498 4512 1767 4576 discutiet,
1784 4518 2111 4584 prteinitten-

537 4598 617 4646 tes
651 4592 703 4646 in
732 4595 975 4662 sequenti
1008 4597 1241 4665 capitulo
1274 4600 1507 4669 qualiter
1533 4613 1718 4658 sancta
1746 4605 1984 4661 Romana
2015 4608 2114 4662 Ec-

535 4680 699 4736 clesia
744 4681 887 4738 inter
930 4692 1153 4741 cieteras
1197 4688 1465 4747 Ecclesias
1507 4694 1739 4749 maxime
1780 4697 2113 4752 venerationi

537 4773 737 4839 habita,
769 4789 869 4843 pro
896 4777 1075 4831 causis
1101 4778 1220 4834 ﬁdei
1247 4782 1316 4836 sit
1337 4784 1684 4839 eonsuleuda.

1151 4891 1376 4949 CAPUT
1416 4894 1502 4950 Vl.

538 4989 691 5056 Quod
712 5000 894 5068 sancta
926 4990 1185 5068 Romana,
1214 4995 1470 5068 catholica
1496 5007 1545 5051 et
1566 4997 1854 5068 apostolica
1877 4998 2116 5056 Ecclesia

613 5062 814 5141 caveris
840 5061 1089 5145 Ecclesiis
1108 5062 1348 5146 praelata,
1375 5083 1469 5146 pro
1492 5061 1664 5146 causis
1684 5069 1810 5138 ﬁdei
1829 5087 1947 5124 cum
1975 5087 2118 5141 qua:-

609 5137 711 5184 stio
730 5137 894 5200 surgit
929 5137 1140 5185 omnino
1168 5137 1234 5187 sit
1263 5137 1604 5190 consulendo.

607 5219 909 5288 Antequam
935 5222 1393 5279 diseuticniorum
1420 5229 1851 5284 testimoniorum
1877 5247 1996 5300 quae
2024 5233 2119 5287 ab-

538 5310 701 5363 surde
745 5309 1048 5366 Orientales
1090 5313 1142 5367 in
1185 5328 1281 5368 sua
1313 5315 1522 5384 synodo
1565 5326 1899 5382 laxaverant,
1926 5322 2120 5376 silvam

613 5433 637 5500 tl
670 5419 942 5500 Nam-pisi
971 5425 1375 5500 interpretandis
1394 5427 1683 5500 Scripturis
1712 5432 1997 5487 imitandus
2018 5442 2115 5499 est,

540 5500 588 5572 ct
616 5490 670 5572 in
692 5489 952 5572 [acillibus
979 5489 1641 5572 tqutdmentis_sequendus.
1671 5500 1844 5556 Locus
1864 5489 2118 5572 pravatus

542 5567 747 5641 et‘teto
778 5578 938 5641 sensu
976 5566 1593 5641 alteri-aus.Destituam
1637 5587 1797 5625 sensu
1835 5566 2113 5641 e'xigente:

548 5644 568 5680 ι
602 5626 737 5682 Nam
762 5630 810 5684 si
841 5633 893 5686 in
920 5634 1335 5703 interpretandis
1367 5638 1660 5708 Scripturis
1694 5626 1983 5696 iniitandi‘is
2011 5651 2115 5706 est,

2214 4418 2421 4473 clavem
2466 4417 2878 4487 aperiendon
2921 4417 3174 4487 legalium
3218 4420 3536 4475 verborum:
3571 4409 3752 4475 utrique

2213 4518 2393 4562 tamen
2423 4507 2677 4562 virtutem
2707 4508 3005 4578 signorum,
3040 4524 3148 4578 quo
3170 4509 3309 4565 alter
3341 4511 3411 4565 ad
3447 4520 3564 4562 eum
3597 4511 3749 4557 cnice.

2212 4600 2351 4652 alter
2369 4598 2546 4668 gladio
2567 4613 2820 4667 pergens,
2851 4597 3096 4654 ﬁdelibus
3122 4601 3480 4655 arrhabonem
3498 4586 3750 4662 corpora"3

2212 4688 2440 4742 sireina:
2476 4687 2861 4757 relinquentes,
2912 4698 2966 4745 et
3009 4689 3239 4759 exempli
3289 4689 3512 4763 fulgore,
3549 4692 3599 4739 et
3623 4673 3746 4732 verbi

2215 4782 2426 4844 decore,
2454 4789 2510 4835 et
2536 4790 2724 4835 saneto
2752 4796 2943 4836 cruore
2968 4782 3334 4850 supradictam
3364 4776 3637 4837 Ecclesiae:
3661 4768 3748 4822 Bo-

2218 4887 2429 4927 uianam
2454 4872 2503 4926 ei
2526 4871 2788 4935 dicarent,
2812 4887 2974 4941 quam
3001 4886 3160 4942 supra
3183 4874 3550 4928 solidissimam
3568 4869 3743 4935 petram

2216 4962 2492 5017 fundatam
2525 4977 2624 5017 nec
2651 4963 2982 5017 descendens
3011 4964 3210 5033 pluvia,
3254 4980 3356 5021 nec
3386 4955 3630 5018 venientia
3668 4946 3727 5001 ϐυ

2217 5054 2382 5116 mina,
2427 5068 2528 5108 nec
2574 5051 2765 5106 ﬁantes
2809 5054 2958 5106 venti
3011 5069 3171 5108 ruere
3216 5052 3597 5124 compellerent.
3637 5036 3740 5093 Ηπ

2215 5159 2344 5215 ergo
2389 5151 2589 5198 sanctze
2639 5143 2761 5199 fidei
2798 5143 3129 5212 spiritalibus
3177 5145 3382 5199 munita
3426 5137 3607 5197 armis,
3638 5134 3685 5182 el
3713 5136 3738 5174 ³

2218 5232 2365 5287 fonte
2401 5231 2536 5287 lucls
2575 5239 2630 5286 et
2666 5232 2874 5301 origine
2910 5232 3192 5298 bonitatis,
3232 5229 3544 5287 salutaribus

2217 5322 2451 5388 ﬂuentis,
2484 5331 2538 5378 et
2560 5323 2843 5378 horrendis
2867 5324 3246 5394 atrocibusque
3271 5325 3523 5379 bazresinn
3559 5305 3733 5366 οιιείειη

2218 5444 2275 5489 et
2300 5436 2355 5491 in
2386 5434 2665 5492 fallacibus
2697 5437 3042 5491 tentainentis
3070 5437 3391 5505 sequendus.
3440 5432 3498 5486 Et
3519 5425 3558 5481 Si
3579 5423 3624 5505 i9

2220 5488 2423 5561 lacibus
2448 5488 3399 5571 sissesisse:iniungas;
3425 5509 3476 5556 et
3492 5488 3729 5571 conﬂm?‘

2218 5553 2816 5647 ἆῇἷιὶῖῐῐςῇίὶῐῖὔιῖἰὶῖζ
2842 5553 2964 5647 "alia.
2980 5553 3178 5631 12'1":
3202 5553 3581 5637 Εἷὲὂῖιὶέιὶιριεε
3602 5553 3725 5612 ωηεν

2216 5646 2381 5699 cilius
2395 5646 2752 5723 diverticulis.
2791 5667 2811 5698 ι
2916 5646 2923 5647 “
3392 5672 3396 5677 λ
