4070 6186
306 386 438 441 1021

1108 379 1288 434 LIBRI
1324 371 1672 434 CAliOLlNI.
1712 399 1785 411 —
1821 364 2044 423 CAPIT.
2086 363 2177 419 DE
2213 362 2405 418 HiAG.
2447 392 2517 402 -—
2556 362 2684 418 LIB.
2726 361 2769 416 ι.

3439 358 3463 413 1
3473 360 3582 415 029.

303 496 584 563 monstris,
620 504 675 550 et
697 492 954 550 melliﬁua
976 493 1375 563 praedicationis
1399 489 1590 561 pocula
1612 484 1892 542 catholicis
1921 484 1967 541 A
1997 479 2150 550 sequi
2179 485 2391 543 curant,
2436 477 2575 533 sicut
2615 475 2708 531 illo
2738 474 3023 545 pervenire
3054 489 3163 545 quo
3189 472 3277 532 ilic
3294 471 3588 549 clavicula-

304 612 403 669 pcr
422 595 613 650 orbem
639 589 910 645 ministrat
932 586 1209 643 Ecclesiis.
1242 585 1378 639 Nam
1403 582 1747 639 beatissimus
1778 577 1899 632 Ilico

305 698 585 757 ronymus,
614 681 698 734 vir
724 678 922 735 divinis
947 676 1159 747 legibus
1193 683 1248 731 et
1271 674 1563 729 multarum
1592 671 1897 739 linguarum

306 775 502 845 peritia
533 772 799 835 eruditus,
849 770 976 824 dum
1006 765 1465 823 Bethlehemiticis
1502 770 1806 818 moraretur
1843 759 1899 814 in

344 864 470 924 "vis,
506 872 560 918 et
589 877 621 915 a
657 861 820 915 beato
850 874 985 929 papa
1020 858 1251 915 Damaso
1281 856 1468 911 Roma:
1491 854 1668 923 posito
1705 852 1770 906 de
1800 847 1902 905 dif—

382 957 541 1010 llibus
570 953 943 1009 consuleretur
981 949 1387 1019 quaestionibus,
1427 962 1550 1001 eum
1589 960 1689 1016 pro
1725 942 1904 998 causis

329 1049 435 1102 elei
462 1062 617 1102 versa
642 1046 759 1101 vice
785 1042 1118 1100 consuluisse
1138 1041 1492 1112 dignoscitur,
1516 1047 1573 1094 et
1593 1038 1706 1093 sive
1727 1044 1907 1091 tacen-

313 1141 504 1192 durum
536 1138 651 1193 sive
677 1135 1028 1190 dicendarum
1069 1133 1453 1203 hypostaseon,
1494 1129 1580 1184 vel
1608 1128 1804 1198 quibus
1848 1127 1902 1181 in

310 1226 680 1284 Orientalibus
716 1225 962 1296 partibus
1005 1223 1406 1279 communicare
1449 1220 1640 1276 debeat
1671 1216 1904 1273 humilli—

312 1320 420 1375 mis
444 1318 687 1389 apicibus
720 1325 780 1370 ut
806 1316 988 1387 apices
1009 1313 1241 1384 accipiat
1264 1313 1603 1382 deprecatur.
1656 1309 1791 1363 Mira
1818 1322 1907 1362 res

312 1421 371 1468 et
406 1410 618 1482 magnis
650 1407 991 1479 praedicanda
1030 1405 1337 1476 praeconiis.
1387 1404 1691 1473 interrogat
1728 1417 1760 1455 a
1799 1416 1906 1470 quo

313 1507 701 1574 interrogatur,
745 1499 977 1556 consulit
1017 1514 1047 1554 a
1086 1513 1193 1567 quo
1237 1497 1554 1560 wnsulitur,
1604 1495 1697 1564 qui
1730 1493 1906 1563 magi-

315 1607 491 1656 strum
518 1611 576 1653 se
613 1596 666 1650 in
698 1590 1113 1663 interpretandis
1146 1588 1343 1645 divinis
1386 1586 1683 1654 Scripturis
1720 1583 1907 1649 sentit,

316 1689 374 1744 in
404 1687 579 1744 causis
605 1684 729 1741 ﬁdei
757 1680 1048 1738 venerandi
1076 1678 1346 1750 pontiﬁcis
1371 1692 1431 1732 se
1451 1675 1777 1746 discipulum
1801 1673 1907 1728 mi-

319 1780 466 1836 nime
490 1776 794 1833 erubescit:
819 1781 875 1830 et
900 1771 987 1828 cui
1010 1786 1179 1827 sacrm
1200 1770 1332 1839 legis
1353 1768 1711 1838 qumstionum
1736 1781 1907 1820 nexus

320 1866 535 1931 enodat,
565 1873 747 1920 utrum
782 1861 1088 1934 hypostasis
1117 1830 1297 1915 dicere
1322 1830 1534 1921 debeat,
1569 1856 1831 1925 quibusve
1854 1855 1906 1909 iu
1936 1830 1988 1894 θ

320 1957 543 2015 Oriente
575 1954 998 2017 communicare,
1035 1949 1313 2021 efflagitat.
1370 1949 1522 2007 Unde
1566 1949 1728 2004 datur
1755 1946 1911 2003 intel-

321 2051 415 2121 ligi
440 2057 658 2106 sanctos
676 2055 731 2103 et
754 2044 996 2101 eruditos
1020 2043 1165 2098 viros
1187 2056 1284 2112 per
1309 2041 1549 2096 diversas
1582 2039 1768 2094 mundi
1796 2054 1915 2109 par-

323 2151 406 2196 tes
430 2137 830 2212 pmdieationis
870 2142 925 2191 et
972 2133 1214 2189 scientia:
1249 2131 1495 2201 lampade
1526 2126 1911 2192 ‘coruscantes,

323 2247 433 2288 non
460 2230 632 2287 solum
654 2246 685 2284 a
709 2236 893 2284 sancta
926 2227 1169 2282 Romana
1199 2224 1439 2280 Ecclesia
1470 2239 1576 2278 non
1602 2221 1912 2285 recessisse,

324 2323 421 2383 sed
447 2321 610 2377 etiam
643 2328 882 2389 tempore
905 2317 1247 2373 necessitatis
1271 2316 1342 2371 ob
1366 2314 1488 2370 ﬁdei
1517 2312 1917 2369 eorroboratio-

324 2426 450 2467 nem
487 2412 556 2467 ab
589 2425 653 2465 ea
689 2408 1017 2477 adjutorium
1038 2407 1376 2478 implorasse.
1402 2404 1556 2472 Quod
1574 2404 1914 2476 regulariter,

325 2510 388 2556 ut
412 2499 621 2571 praefati
650 2513 839 2554 sumus
864 2507 920 2553 et
951 2497 1214 2568 exemplis
1241 2498 1545 2560 docuimus,
1589 2510 1779 2550 omnes
1822 2510 1917 2549 ca-

329 2592 543 2648 tholica:
593 2592 791 2646 debent
829 2592 1121 2646 observare
1168 2588 1444 2653 Ecclesiae,
1482 2594 1540 2641 ut
1585 2587 1654 2641 ab
1699 2601 1763 2641 ea
1798 2593 1920 2656 post

329 2684 608 2743 Christum
643 2682 712 2736 ad
750 2680 1096 2736 muniendam
1138 2678 1300 2734 ﬁdem
1340 2677 1667 2747 adjutorium
1694 2684 1916 2746 petant:

329 2790 451 2846 quae
476 2789 583 2829 non
604 2773 811 2829 habens
833 2771 1116 2835 maculam,
1143 2785 1243 2825 nec
1268 2785 1475 2841 rugam,
1491 2776 1547 2823 et
1571 2775 1920 2839 portentuosa

330 2865 598 2921 hteresnm
640 2863 816 2932 capita
855 2861 1049 2924 calcat,
1099 2869 1155 2915 et
1195 2860 1433 2915 ﬁdelium
1463 2866 1675 2915 mentes
1719 2859 1774 2913 in
1816 2856 1922 2913 ﬁde

332 2955 671 3011 corroborat.
701 2951 748 3007 A
766 2950 921 3021 cujus
941 2959 1125 3007 saneta
1148 2958 1204 3006 et
1219 2950 1523 3007 veneranda
1544 2949 1923 3006 communione

331 3047 518 3111 multis
553 3045 930 3102 recedentibus
968 3051 1167 3099 nostrae
1208 3051 1392 3099 tamen
1429 3041 1603 3113 partis
1646 3055 1922 3111 nunquam

334 3138 564 3194 recessit
596 3136 859 3201 Ecclesia,
899 3136 993 3191 sed
1034 3151 1097 3190 ea
1142 3133 1440 3205 apostolica
1491 3134 1797 3189 eruditione
1841 3133 1923 3187 in-

333 3237 598 3293 struente,
624 3234 680 3281 et
709 3240 776 3281 eo
807 3243 840 3281 a
879 3241 982 3296 quo
1025 3231 1103 3279 est
1138 3240 1291 3279 omne
1334 3223 1532 3278 donum
1572 3224 1824 3294 optimum
1873 3231 1921 3276 et

334 3336 489 3376 omne
523 3318 707 3373 datum
740 3316 1024 3388 perfectum
1064 3314 1272 3388 (Jacob.
1303 3315 1345 3382 ι)
1381 3317 1674 3379 tribuente,
1714 3330 1930 3386 semper

335 3408 575 3479 suscepit
608 3406 904 3463 reverenda
937 3406 1287 3462 charismata.
1332 3406 1465 3474 Qua:
1509 3407 1633 3463 dtnn
1672 3422 1703 3461 a
1740 3408 1930 3478 primis

335 3499 465 3555 ﬁdei
495 3498 829 3569 temporibus
849 3514 971 3553 cum
997 3512 1060 3553 ea
1087 3507 1357 3569 perstaret
1382 3500 1437 3554 in
1456 3513 1627 3555 sacras
1653 3499 1931 3570 religionis

338 3592 556 3656 unione,
579 3598 636 3645 et
658 3590 730 3646 ab
753 3606 815 3646 ea
854 3591 1014 3662 paulo
1039 3591 1284 3657 distaret,
1331 3590 1476 3662 quod
1516 3600 1694 3647 tamen
1741 3599 1930 3648 contra

339 3681 501 3738 ﬁdem
530 3697 639 3737 non
662 3689 763 3747 est,
791 3682 845 3736 in
870 3680 1169 3737 ofﬁciorum
1198 3683 1585 3749 celebratione,
1610 3683 1932 3738 venerandae

340 3771 616 3826 memoriae
641 3771 903 3842 genitoris
944 3771 1118 3825 nostri
1164 3770 1514 3826 illustrissimi
1551 3779 1715 3840 atque
1749 3769 1930 3826 excel-

340 3861 629 3918 lentissimi
654 3862 754 3917 viri
777 3861 955 3932 Pipini
979 3862 1121 3933 regis
1154 3877 1304 3927 cura,
1331 3870 1387 3918 et
1408 3862 1672 3917 industria
1700 3863 1813 3918 sive
1839 3863 1934 3917 ad-

341 3959 568 4007 ventum
595 3952 649 4006 in
678 3950 881 4007 Gallias
921 3953 1345 4007 reverentissimi
1375 3961 1430 4008 et
1457 3953 1785 4009 sanctissimi
1828 3952 1932 4009 viri

344 4043 607 4115 Stephani
645 4043 901 4100 Romana:
937 4045 1088 4126 urbis
1131 4046 1409 4110 antistitis,
1458 4054 1544 4101 est
1580 4046 1629 4101 ei
1664 4047 1832 4101 etiam
1879 4047 1934 4102 in

343 4134 608 4205 psallendi
629 4136 820 4192 ordine
861 4137 1131 4207 cenulata,
1170 4146 1366 4193 utnon
1408 4148 1554 4194 esset
1592 4139 1778 4210 dispar
1803 4140 1937 4196 ordo

343 4227 610 4299 psallendi
634 4228 830 4297 quibus
853 4237 971 4283 erat
997 4243 1218 4299 compar
1238 4229 1403 4285 ardor
1429 4231 1714 4298 credendi;
1742 4241 1797 4287 et
1816 4246 1938 4301 qua:

344 4319 513 4375 unita:
546 4327 700 4375 erant
726 4318 887 4374 unius
913 4327 1116 4374 saneta:
1142 4319 1277 4390 legis
1298 4335 1452 4375 sacra
1476 4320 1732 4386 lectione,
1757 4329 1940 4377 essent

343 4412 510 4467 etiam
555 4412 723 4468 unitas
750 4414 911 4470 unius
955 4416 1339 4471 modulationis
1381 4414 1491 4489 [ΑΙ.
1536 4415 1938 4489 modulaminis]

1950 3176 1998 3241 C

1999 569 2113 625 rius
2139 577 2336 633 exstat,
2377 567 2704 622 desiderant.
2741 564 2822 620 Ad
2856 580 3020 634 quam
3055 562 3442 621 beatitudinem
3492 578 3589 617 nos

2001 660 2299 730 pervenire,
2325 666 2379 713 et
2403 659 2457 713 in
2482 667 2683 712 sancta:
2715 655 2969 711 Ecclesim
2997 654 3271 709 consortio
3307 660 3362 707 et
3395 653 3592 706 unione

2004 750 2091 804 ille
2136 765 2234 805 nos
2277 748 2440 804 laeiat
2473 760 2846 818 perseverare,
2884 746 2975 814 qui
3019 743 3314 799 Ecclesiam
3347 757 3499 796 suam
3539 742 3592 795 in

2003 841 2166 897 Petro
2216 841 2467 912 dignatus
2509 848 2594 894 est
2627 837 2894 893 fundare:
2935 846 2989 891 et
3041 836 3158 905 ipso
3204 834 3595 889 interveniente

2004 935 2159 997 cujus
2205 931 2477 986 cathedrae
2524 944 2711 984 sumus
2758 942 3049 996 sequaces,
3102 925 3252 995 regni
3296 924 3593 989 cmlorum,

2006 1022 2160 1092 cujus
2188 1023 2277 1078 ille
2305 1022 2540 1092 claviger
2569 1019 2742 1075 factus
2777 1028 2891 1084 est,
2931 1032 3239 1072 mercamur
3267 1014 3406 1071 eﬁici
3448 1029 3597 1070 com-

2005 1126 2181 1186 putes.

2604 1202 2834 1259 CAPUT
2880 1200 2982 1255 ιιι.

2011 1318 2165 1385 Quod
2219 1334 2323 1372 non
2377 1316 2446 1369 ad
2502 1314 2802 1385 adorandus
2852 1310 3106 1385 imagines
3157 1308 3413 1385 pertineat
3460 1306 3598 1376 quod

2080 1390 2328 1458 scriptum
2354 1396 2450 1458 est,
2477 1384 2693 1440 Creavit
2721 1383 2864 1458 Deus
2899 1378 3172 1458 hominem
3209 1378 3278 1432 ad
3312 1378 3599 1448 intagmem

2082 1467 2136 1513 et
2166 1453 2574 1513 similitudinem
2602 1469 2753 1509 suam
2791 1453 2946 1524 (Gen.
2982 1454 3046 1520 1).

2082 1571 2138 1625 ln
2170 1570 2272 1624 hoc
2300 1565 2610 1621 testimonio
2654 1564 3123 1631 inconscqucnter,
3172 1567 3228 1615 et
3269 1559 3411 1613 ultra
3441 1572 3602 1627 quam

2014 1664 2485 1729 incnnsequenter,
2535 1656 2604 1711 ab
2630 1655 2735 1710 illis
2763 1654 2817 1708 in
2846 1669 2941 1708 sua
2969 1652 3176 1725 synodo
3203 1651 3273 1705 ob
3313 1648 3605 1705 adoranda-

2015 1774 2136 1813 rum
2161 1756 2454 1826 imaginum
2483 1752 2833 1825 astruendum
2867 1764 3109 1804 errorem
3144 1747 3341 1817 posito,
3374 1760 3481 1800 non
3511 1760 3606 1799 no-

2013 1856 2128 1904 stro
2156 1847 2371 1918 ingenio
2388 1844 2680 1915 plurimum
2703 1849 2787 1897 est
2806 1841 3129 1904 sudandum,
3147 1854 3268 1893 cum
3295 1846 3371 1892 tot
3393 1828 3608 1891 indiciis

2013 1942 2081 1996 ah
2110 1954 2299 1995 eorum
2337 1938 2407 1992 sit
2430 1933 2729 1991 assertione
2757 1933 3025 1996 alienum;
3049 1930 3305 1999 quoniam
3341 1927 3432 1981 ubi
3465 1925 3608 1980 nulla

2013 2039 2098 2086 est
2125 2026 2558 2091 verisimilitudo,
2593 2041 2699 2081 non
2744 2038 2939 2092 magna
2966 2024 3019 2076 in
3053 2021 3410 2078 discernendo
3437 2020 3611 2073 oritur

2014 2119 2329 2190 disputatio.
2362 2116 2498 2184 Quia
2526 2131 2657 2186 ergo
2687 2131 2716 2169 a
2742 2115 2891 2169 nullo
2914 2114 2967 2168 in
2996 2128 3104 2182 quo
3137 2128 3283 2167 sanae
3311 2110 3509 2165 mentis
3533 2110 3611 2163 vi-

2015 2222 2106 2285 get
2128 2226 2377 2275 acutnen,
2402 2209 2478 2264 illi
2514 2208 2592 2263 rei
2621 2207 2862 2263 creditur
2882 2207 3152 2277 pertinere
3180 2205 3264 2259 cui
3292 2204 3367 2258 illi
3397 2206 3501 2257 hoc
3529 2201 3610 2255 ni-

2016 2314 2205 2361 tuntur
2233 2300 2664 2365 accommodare,
2705 2299 2799 2355 sed
2848 2297 3093 2370 spiritale
3136 2296 3340 2351 dictum
3383 2291 3610 2364 spiritali

2017 2396 2393 2454 disserendum
2432 2401 2517 2468 est
2541 2390 2904 2463 indagatione,
2954 2395 3125 2443 restat
3168 2394 3227 2441 ut
3273 2384 3402 2454 quid
3439 2385 3504 2438 de
3548 2398 3614 2437 eo

2018 2499 2329 2548 sanctorum
2357 2490 2577 2543 Patrum
2604 2484 2891 2556 protulerit
2925 2482 3119 2554 stylus,
3160 2476 3467 2536 sententiali
3492 2478 3615 2531 bre-

2018 2587 2187 2641 vitate
2213 2592 2461 2640 notemus
2484 2600 2497 2636 :
2540 2589 2807 2651 quatenus
2830 2577 2973 2648 quod
3003 2578 3071 2632 ab
3107 2576 3216 2629 illis
3244 2582 3327 2629 est
3350 2571 3616 2643 negligen-

2021 2686 2106 2734 ter
2144 2684 2494 2746 usurpatum,
2539 2681 2595 2729 et
2633 2689 2662 2727 a
2692 2672 2826 2727 viris
2868 2668 3272 2725 venerabilibus
3311 2674 3365 2721 ct
3414 2663 3617 2735 Spiritu

2021 2777 2210 2827 sancto
2245 2767 2466 2838 repletis
2503 2763 2859 2836 spiritualiter
2884 2761 3182 2832 prolatum,
3216 2757 3434 2813 lectoris
3463 2756 3619 2811 indu-

2021 2858 2156 2916 stria
2184 2858 2256 2914 sit
2282 2857 2568 2927 diligenter
2603 2859 2903 2923 acceptum.
2950 2848 3042 2904 Ait
3067 2849 3212 2905 enim
3257 2849 3447 2903 beatus
3490 2844 3621 2899 Am-

2022 2951 2269 3008 brosius:
2305 2949 2391 3002 «In
2413 2945 2680 3019 principio
2706 2944 2874 3015 ipsius
2898 2942 3082 2996 mundi
3106 2939 3321 2994 Patrem
3342 2945 3395 2991 et
3423 2936 3619 2991 Filium

2024 3055 2146 3099 esse
2168 3040 2349 3104 audio,
2374 3047 2428 3093 et
2454 3052 2619 3092 unum
2657 3050 2794 3106 opus
2821 3048 2989 3090 cerno
3014 3049 3027 3085 :
3073 3032 3232 3086 audio
3269 3029 3577 3098 loquentem
3603 3068 3618 3092 ,

2025 3147 2258 3203 agnosco
2285 3129 2595 3193 facientem,
2626 3125 2721 3182 sed
2750 3134 2807 3181 et
2830 3123 3008 3178 Patris
3049 3130 3104 3176 et
3134 3120 3256 3175 Filii
3297 3136 3456 3174 unam
3488 3119 3625 3173 ima-

2029 3228 2232 3300 ginem,
2288 3237 2449 3278 unam
2506 3217 2915 3277 similitudinem
2965 3216 3124 3286 lego:
3176 3210 3474 3269 similitudo
3508 3211 3625 3266 lucc

2030 3334 2139 3374 non
2173 3313 2525 3377 diversitatis,
2557 3309 2651 3367 sed
2678 3308 2901 3364 unitatis
2925 3314 3029 3363 cst.
3055 3304 3172 3361 Non
3202 3304 3345 3359 enim
3371 3304 3533 3358 homo
3557 3301 3625 3357 ad

2016 3409 2322 3480 {imaginem
2371 3404 2466 3460 Dei
2512 3402 2615 3458 nisi
2666 3417 2764 3473 per
2798 3399 3086 3471 imaginem
3136 3397 3230 3451 Dei
3266 3410 3388 3452 esse
3424 3401 3623 3466 potest.

2029 3501 2212 3570 imago
2237 3512 2368 3569 ergo
2403 3495 2593 3551 Deiex
2628 3490 2904 3547 interioris
2944 3487 3181 3544 hominis
3221 3485 3503 3541 nobilitate
3540 3494 3623 3541 est

2032 3588 2422 3648 consideranda
2450 3604 2463 3639 :
2496 3585 2674 3657 primo
2707 3581 2953 3652 quidem,
2984 3587 3046 3634 ut
3081 3576 3241 3633 sicuti
3272 3577 3416 3632 Deus
3446 3591 3622 3653 unus,

2033 3694 2265 3751 semper,
2289 3678 2489 3747 ubique
2516 3682 2665 3729 totus
2701 3679 2805 3735 est,
2851 3669 3035 3725 omnia
3060 3667 3360 3732 viviﬁcans,
3404 3652 3628 3721 movens

2033 3780 2088 3826 et
2108 3771 2436 3843 gubernans,
2462 3766 2603 3821 sicut
2638 3761 2930 3835 Apostolus
2962 3757 3267 3822 conﬁrmat,
3300 3758 3441 3828 quod
3478 3760 3534 3811 in
3567 3773 3627 3811 co

2033 3865 2269 3927 rivimus,
2297 3875 2565 3915 moremur
2585 3866 2631 3911 ct
2661 3868 2884 3911 sumus:
2923 3851 3003 3907 sic
3046 3850 3225 3905 anima
3269 3851 3321 3905 in
3366 3866 3465 3905 suo
3508 3864 3631 3904 cor-

2034 3972 2166 4028 pore
2191 3956 2390 4022 ubique
2422 3958 2534 4006 tota
2556 3948 2699 4019 viget
2724 3944 3003 3999 viviﬁcans
3027 3941 3178 4007 illud,
3206 3956 3429 3996 movens
3451 3947 3505 3994 et
3534 3955 3631 4012 gu-

2036 4048 2291 4103 bernans.
2328 4042 2441 4099 Ncc
2481 4040 2624 4096 enim
2656 4039 2709 4093 in
2734 4033 3032 4104 majoribus
3057 4031 3306 4102 corporis
3340 4030 3424 4086 sui
3454 4045 3630 4085 mem-

2037 4140 2151 4197 bris
2186 4136 2378 4205 major,
2418 4135 2557 4192 etin
2602 4131 2904 4188 minoribus
2945 4127 3142 4193 minor,
3170 4128 3266 4182 sed
3294 4126 3349 4180 in
3393 4123 3633 4178 minimis

2038 4243 2170 4296 tota,
2201 4239 2255 4288 et
2280 4230 2333 4285 in
2369 4226 2622 4284 maximis
2648 4232 2759 4280 tota
2786 4240 2801 4276 :
2840 4231 2896 4277 et
2924 4221 3042 4277 haec
3072 4228 3155 4275 cst
3186 4219 3367 4290 imago
3410 4214 3635 4271 unitatis

2040 4322 2426 4395 omnipotentis
2458 4320 2576 4385 Dei,
2622 4333 2784 4389 quam
2831 4315 3009 4371 anima
3064 4312 3226 4368 habet
3274 4312 3327 4365 in
3374 4325 3470 4365 se:
3511 4323 3641 4378 quae

2040 4414 2327 4486 quamdam
2355 4418 2555 4466 sancta:
2581 4405 2865 4462 Trinitatis
2899 4405 3059 4461 habet
3090 4400 3376 4473 imaginem
3402 4417 3415 4453 :
3456 4398 3637 4470 primo

344 4506 651 4561 veneranda
679 4506 987 4573 traditione,
1010 4521 1110 4562 nec
1137 4507 1444 4578 sejungcret
1463 4508 1765 4565 oﬁlciorum
1788 4510 1935 4565 varia
1968 4535 2018 4595 ο
2043 4511 2096 4565 in
2126 4523 2212 4573 eo,
2236 4505 2363 4576 quia
2393 4505 2534 4559 sicut
2560 4503 2701 4557 Deus
2727 4508 2830 4562 est,
2853 4499 2988 4553 vivit
3008 4505 3062 4552 et
3083 4498 3244 4568 sapit,
3270 4497 3343 4551 ita
3368 4504 3422 4551 et
3451 4493 3631 4549 anima

345 4597 641 4653 celebratio
668 4614 805 4669 quas
842 4599 1197 4670 conjunxerat
1221 4601 1394 4658 unica:
1428 4601 1551 4658 ﬁdei
1579 4604 1667 4675 pia
1699 4603 1934 4658 devotio.

347 4686 501 4755 Quod
524 4689 743 4760 quidem
762 4696 819 4745 et
857 4705 977 4757 nos,
1004 4692 1201 4747 collato
1223 4692 1379 4748 nobis
1403 4708 1434 4748 a
1457 4693 1568 4749 Deo
1588 4694 1752 4750 Italiae
1775 4684 1939 4766 τεςηο

348 4780 593 4843 fecimus,
628 4791 830 4837 sanctte
855 4781 1112 4838 Romanae
1159 4783 1414 4839 Ecclesia:
1456 4784 1730 4855 fastigium
1773 4786 1941 4840 subli-

348 4885 504 4926 mare
530 4872 827 4941 cupientes,
849 4881 906 4928 et
929 4875 1347 4930 reverentissimi
1370 4891 1521 4946 papa:
1548 4875 1770 4931 Adriani
1795 4877 1940 4931 salu-

352 4961 564 5016 taribus
594 4963 1064 5021 exhortationibus
1100 4980 1293 5036 parere
1333 4967 1606 5022 nitentes:
1650 4966 1856 5024 scilicet
1884 4977 1942 5022 ut

347 5053 530 5123 plures
552 5053 696 5109 illius
716 5055 886 5124 partis
907 5055 1184 5122 Ecclesiae,
1204 5073 1325 5128 qua:
1345 5058 1613 5127 quondam
1635 5060 1943 5128 apostolica:

347 5147 494 5203 sedis
522 5148 866 5204 traditionem
895 5149 951 5203 in
972 5150 1250 5220 psallendo
1282 5152 1556 5222 suscipere
1598 5152 1940 5217 recusabant,

349 5255 497 5296 nunc
525 5254 645 5296 eam
681 5257 805 5297 cum
832 5244 979 5298 omni
1006 5243 1281 5313 diligentia
1312 5244 1725 5315 amplectantur,
1772 5253 1826 5300 et
1856 5246 1943 5300 cui

351 5333 852 5389 adhteserantﬁdei
899 5350 1141 5396 munere,
1190 5337 1503 5391 adlucreaut
1549 5351 1763 5406 quoque
1803 5336 1947 5408 psal‘

352 5422 496 5478 .endi
545 5424 772 5480 ordine:
811 5426 957 5496 quod
993 5441 1099 5482 non
1134 5427 1310 5482 soluat
1364 5428 1604 5483 ninnium
1649 5426 1945 5483 Galliarum

353 5516 665 5586 provincias,
699 5525 754 5573 et
777 5518 1089 5585 Germania,
1119 5521 1232 5575 sive
1262 5519 1432 5585 Italia,
1464 5520 1557 5575 sed
1580 5520 1744 5574 etiam
1778 5517 1948 5574 Saxo-

355 5622 454 5662 nes
495 5616 545 5663 et
585 5608 830 5678 quaadam
868 5608 1210 5679 Aquilonaris
1244 5609 1414 5681 plagae
1443 5619 1629 5680 gentes
1663 5625 1760 5678 per
1807 5625 1905 5664 nos
1930 5650 1944 5672 ,

362 5698 468 5751 Deo
502 5706 800 5762 annuente,
843 5701 909 5755 ad
941 5714 1082 5756 verm
1128 5700 1248 5755 ﬁdei
1293 5700 1591 5756 rudimenta
1636 5716 1943 5764 conversae,

360 5788 538 5845 facere
566 5801 878 5856 noscuntur,
906 5801 957 5847 et
987 5793 1055 5847 ita
1086 5792 1227 5848 beati
1255 5791 1393 5848 Petri
1423 5792 1603 5847 sedem
1626 5792 1679 5847 in
1702 5792 1949 5846 omnibus

2037 4602 2331 4664 secundum
2360 4613 2516 4653 suum
2545 4595 2761 4651 modum
2785 4600 2900 4659 est,
2927 4593 3060 4647 vivit
3094 4600 3150 4647 et
3174 4592 3335 4661 sapit.
3375 4590 3474 4645 Est
3501 4604 3635 4658 quo-

2037 4711 2142 4769 que
2166 4702 2222 4750 et
2246 4691 2349 4746 alia
2378 4686 2618 4744 Trinitas
2655 4686 2708 4740 in
2736 4700 2822 4751 ea,
2846 4700 2951 4755 qua
2975 4684 3043 4740 ad
3065 4683 3354 4752 imaginem
3384 4680 3466 4737 sui
3495 4680 3637 4757 Con-

2038 4787 2230 4846 ditoris
2254 4782 2509 4858 perfectae
2533 4779 2751 4851 quidem
2774 4791 2829 4835 et
2855 4794 3080 4835 summae
3105 4777 3392 4832 Trinitatis
3414 4792 3533 4846 qum
3553 4781 3636 4830 est

2040 4881 2095 4936 in
2121 4879 2305 4941 Patre,
2347 4875 2484 4930 Filio
2530 4882 2584 4928 et
2629 4871 2833 4941 Spiritu
2881 4878 3071 4926 sancto
3114 4869 3367 4925 condita:
3410 4876 3466 4923 et
3510 4867 3636 4921 licet

2040 4970 2200 5024 unius
2231 4968 2301 5024 sit
2328 4967 2417 5020 illa
2447 4972 2674 5027 naturae,
2709 4970 2819 5017 tres
2848 4969 3027 5014 tamen
3056 4959 3109 5013 in
3136 4974 3196 5015 se
3231 4959 3521 5029 dignitates
3544 4958 3636 5014 ha-

2041 5061 2163 5124 bet,
2205 5059 2259 5115 id
2302 5064 2385 5112 est
2430 5054 2790 5117 intellectum,
2833 5051 3163 5104 voluntatem
3197 5057 3251 5103 et
3292 5048 3630 5111 memoriam,

2041 5152 2185 5221 quod
2218 5151 2360 5205 idem
2386 5147 2511 5202 licet
2545 5145 2667 5200 aliis
2691 5142 2871 5197 verbis
2916 5142 2969 5195 in
3004 5140 3293 5209 Evangelio
3323 5140 3637 5208 designatur

2042 5242 2169 5296 dum
2202 5240 2439 5296 dicitur:
2468 5235 2665 5306 Diliges
2703 5234 2986 5289 Dominum
3028 5230 3195 5285 Deum
3231 5240 3379 5284 tuum
3422 5244 3486 5282 ex
3526 5237 3634 5281 toto

2043 5330 2198 5406 corde
2228 5338 2340 5396 tuo,
2370 5337 2418 5383 et
2444 5344 2508 5382 ex
2533 5336 2645 5381 tota
2671 5325 2849 5379 anima
2882 5334 2992 5387 tua,
3034 5331 3080 5375 et
3113 5337 3177 5375 ex
3204 5329 3314 5374 tota
3350 5327 3519 5373 mente
3538 5327 3634 5370 tua

2047 5422 2223 5494 (Deut.
2248 5421 2348 5493 vt),
2374 5421 2426 5476 id
2447 5429 2550 5486 est,
2571 5435 2636 5474 ex
2662 5426 2776 5473 toto
2800 5416 3096 5479 intellectu,
3136 5421 3192 5469 et
3211 5428 3278 5468 ex
3312 5420 3426 5466 tota
3447 5408 3636 5465 volun-

2048 5524 2176 5579 tate,
2207 5526 2262 5570 et
2284 5532 2349 5571 ex
2385 5522 2496 5569 tota
2528 5512 2808 5568 memoria.
2836 5508 2955 5563 Jam
3001 5507 3144 5562 sicut
3166 5521 3235 5561 ex
3268 5503 3432 5559 Patre
3468 5515 3632 5573 gene-

2048 5617 2200 5664 ratur
2224 5606 2407 5669 Filius,
2438 5621 2503 5661 ex
2538 5604 2698 5658 Patre
2726 5602 2967 5670 Filioque
2992 5597 3235 5669 procedit
3258 5596 3492 5668 Spiritus
3509 5611 3634 5650 san-

2049 5708 2186 5765 ctus,
2219 5699 2386 5754 itaex
2414 5696 2685 5753 intellectu
2721 5698 3010 5765 generatur
3052 5689 3317 5752 voluntas,
3357 5696 3413 5742 et
3443 5703 3511 5743 cx
3552 5686 3636 5742 bis

2052 5790 2178 5845 item
2205 5790 2464 5846 ambobus
2492 5785 2735 5860 procedit
2770 5782 3048 5850 memoria,
3097 5781 3234 5837 sicut
3282 5780 3438 5837 facile
3472 5795 3503 5833 a
3549 5794 3637 5832 sa-

3626 5950 3653 5983 r‘
