  <div class='ocr_page' id='page_1' title='image "/cluster/home/n/w/nwhite01/storage/ocr_20150623/98/hvd.32044054759675/519.png"; bbox 0 0 4070 6186; ppageno 0'>
   <div class='ocr_carea' id='block_1_1' title="bbox 469 370 609 426">
    <p class='ocr_par' dir='ltr' id='par_1_1' title="bbox 469 370 609 426">
     <span class='ocr_line' id='line_1_1' title="bbox 469 370 609 426; baseline -0.014 0"><span class='ocrx_word' id='word_1_1' title='bbox 469 370 609 426; x_wconf 68' lang='lat'><strong>1023</strong></span> 
     </span>
    </p>
   </div>
   <div class='ocr_carea' id='block_1_2' title="bbox 1342 360 2844 420">
    <p class='ocr_par' dir='ltr' id='par_1_2' title="bbox 1342 360 2844 420">
     <span class='ocr_line' id='line_1_2' title="bbox 1342 360 2844 420; baseline -0.001 -1"><span class='ocrx_word' id='word_1_2' title='bbox 1342 365 1404 419; x_wconf 85' lang='grc' dir='ltr'><strong>Β.</strong></span> <span class='ocrx_word' id='word_1_3' title='bbox 1442 362 1694 420; x_wconf 77' lang='lat' dir='ltr'><strong>CAROLI</strong></span> <span class='ocrx_word' id='word_1_4' title='bbox 1735 360 1949 418; x_wconf 74' lang='lat' dir='ltr'><strong>MAGNl</strong></span> <span class='ocrx_word' id='word_1_5' title='bbox 1986 361 2139 417; x_wconf 83' lang='lat' dir='ltr'><strong>OPP.</strong></span> <span class='ocrx_word' id='word_1_6' title='bbox 2183 360 2362 417; x_wconf 75' lang='lat' dir='ltr'><strong>PARS</strong></span> <span class='ocrx_word' id='word_1_7' title='bbox 2399 362 2461 417; x_wconf 91' lang='lat' dir='ltr'><strong>ll.</strong></span> <span class='ocrx_word' id='word_1_8' title='bbox 2503 361 2746 419; x_wconf 78' lang='lat' dir='ltr'><strong>SECTlO</strong></span> <span class='ocrx_word' id='word_1_9' title='bbox 2781 362 2844 418; x_wconf 87' lang='lat' dir='ltr'><strong>ll.</strong></span> 
     </span>
    </p>
   </div>
   <div class='ocr_carea' id='block_1_3' title="bbox 3598 363 3752 421">
    <p class='ocr_par' dir='ltr' id='par_1_3' title="bbox 3598 363 3752 421">
     <span class='ocr_line' id='line_1_3' title="bbox 3598 363 3752 421; baseline 0.013 -3"><span class='ocrx_word' id='word_1_10' title='bbox 3598 363 3752 421; x_wconf 61' lang='lat' dir='ltr'><strong>“PA</strong></span> 
     </span>
    </p>
   </div>
   <div class='ocr_carea' id='block_1_4' title="bbox 462 472 3749 554">
    <p class='ocr_par' dir='ltr' id='par_1_4' title="bbox 462 472 3749 554">
     <span class='ocr_line' id='line_1_4' title="bbox 462 472 3749 554; baseline -0.002 -17"><span class='ocrx_word' id='word_1_11' title='bbox 462 483 642 554; x_wconf 87' lang='lat' dir='ltr'><strong>pieute</strong></span> <span class='ocrx_word' id='word_1_12' title='bbox 663 479 902 552; x_wconf 79' lang='lat' dir='ltr'><strong>quolibet</strong></span> <span class='ocrx_word' id='word_1_13' title='bbox 932 479 1154 550; x_wconf 80' lang='lat' dir='ltr'><strong>intelligi</strong></span> <span class='ocrx_word' id='word_1_14' title='bbox 1179 486 1373 549; x_wconf 92' lang='lat' dir='ltr'><strong>potest.</strong></span> <span class='ocrx_word' id='word_1_15' title='bbox 1405 477 1517 533; x_wconf 90' lang='lat' dir='ltr'><strong>Nec</strong></span> <span class='ocrx_word' id='word_1_16' title='bbox 1543 478 1688 533; x_wconf 88' lang='lat' dir='ltr'><strong>enim</strong></span> <span class='ocrx_word' id='word_1_17' title='bbox 1711 476 1890 531; x_wconf 86' lang='lat' dir='ltr'><strong>anima</strong></span> <span class='ocrx_word' id='word_1_18' title='bbox 1918 491 2041 546; x_wconf 91' lang='lat' dir='ltr'><strong>per-</strong></span> <span class='ocrx_word' id='word_1_19' title='bbox 2068 479 2116 536; x_wconf 78' lang='grc' dir='ltr'>Α</span> <span class='ocrx_word' id='word_1_20' title='bbox 2144 474 2269 543; x_wconf 98' lang='lat' dir='ltr'><strong>quia</strong></span> <span class='ocrx_word' id='word_1_21' title='bbox 2319 474 2374 528; x_wconf 91' lang='lat' dir='ltr'><strong>in</strong></span> <span class='ocrx_word' id='word_1_22' title='bbox 2420 474 2537 543; x_wconf 87' lang='lat' dir='ltr'><strong>ipso</strong></span> <span class='ocrx_word' id='word_1_23' title='bbox 2591 482 2679 528; x_wconf 89' lang='lat' dir='ltr'><strong>est</strong></span> <span class='ocrx_word' id='word_1_24' title='bbox 2724 474 2899 527; x_wconf 88' lang='lat' dir='ltr'><strong>virtus</strong></span> <span class='ocrx_word' id='word_1_25' title='bbox 2945 480 3002 527; x_wconf 89' lang='lat' dir='ltr'><strong>et</strong></span> <span class='ocrx_word' id='word_1_26' title='bbox 3054 472 3317 542; x_wconf 78' lang='lat' dir='ltr'><strong>sapientia</strong></span> <span class='ocrx_word' id='word_1_27' title='bbox 3373 489 3479 527; x_wconf 89' lang='lat' dir='ltr'><strong>non</strong></span> <span class='ocrx_word' id='word_1_28' title='bbox 3542 472 3695 529; x_wconf 80' lang='lat' dir='ltr'><strong>faeta</strong></span> <span class='ocrx_word' id='word_1_29' title='bbox 3724 515 3749 539; x_wconf 89' lang='lat'><strong>,</strong></span> 
     </span>
    </p>
   </div>
   <div class='ocr_carea' id='block_1_5' title="bbox 466 565 2048 640">
    <p class='ocr_par' dir='ltr' id='par_1_5' title="bbox 466 565 2048 640">
     <span class='ocr_line' id='line_1_5' title="bbox 466 565 2048 640; baseline -0.006 -15"><span class='ocrx_word' id='word_1_30' title='bbox 466 571 606 628; x_wconf 87' lang='lat' dir='ltr'><strong>fecta</strong></span> <span class='ocrx_word' id='word_1_31' title='bbox 628 585 752 626; x_wconf 91' lang='lat' dir='ltr'><strong>esse</strong></span> <span class='ocrx_word' id='word_1_32' title='bbox 775 578 950 640; x_wconf 84' lang='lat' dir='ltr'><strong>potest</strong></span> <span class='ocrx_word' id='word_1_33' title='bbox 982 569 1098 624; x_wconf 83' lang='lat' dir='ltr'><strong>sine</strong></span> <span class='ocrx_word' id='word_1_34' title='bbox 1140 568 1226 623; x_wconf 87' lang='lat' dir='ltr'><strong>his</strong></span> <span class='ocrx_word' id='word_1_35' title='bbox 1259 568 1454 631; x_wconf 92' lang='lat' dir='ltr'><strong>tribus,</strong></span> <span class='ocrx_word' id='word_1_36' title='bbox 1506 582 1606 621; x_wconf 90' lang='lat' dir='ltr'><strong>nec</strong></span> <span class='ocrx_word' id='word_1_37' title='bbox 1643 567 1833 621; x_wconf 87' lang='lat' dir='ltr'><strong>horum</strong></span> <span class='ocrx_word' id='word_1_38' title='bbox 1883 565 2048 618; x_wconf 91' lang='lat' dir='ltr'><strong>trium</strong></span> 
     </span>
    </p>
   </div>
   <div class='ocr_carea' id='block_1_6' title="bbox 466 652 2051 729">
    <p class='ocr_par' dir='ltr' id='par_1_6' title="bbox 466 652 2051 729">
     <span class='ocr_line' id='line_1_6' title="bbox 466 652 2051 729; baseline -0.006 -14"><span class='ocrx_word' id='word_1_39' title='bbox 466 674 634 715; x_wconf 89' lang='lat' dir='ltr'><strong>unum</strong></span> <span class='ocrx_word' id='word_1_40' title='bbox 660 659 897 729; x_wconf 81' lang='lat' dir='ltr'><strong>aliquod,</strong></span> <span class='ocrx_word' id='word_1_41' title='bbox 923 666 1184 729; x_wconf 89' lang='lat' dir='ltr'><strong>quantum</strong></span> <span class='ocrx_word' id='word_1_42' title='bbox 1207 658 1274 712; x_wconf 85' lang='lat' dir='ltr'><strong>ad</strong></span> <span class='ocrx_word' id='word_1_43' title='bbox 1305 671 1458 710; x_wconf 86' lang='lat' dir='ltr'><strong>suam</strong></span> <span class='ocrx_word' id='word_1_44' title='bbox 1501 656 1738 726; x_wconf 90' lang='lat' dir='ltr'><strong>pertinet</strong></span> <span class='ocrx_word' id='word_1_45' title='bbox 1762 652 2051 710; x_wconf 80' lang='lat' dir='ltr'><strong>beatitudi-</strong></span> 
     </span>
    </p>
   </div>
   <div class='ocr_carea' id='block_1_7' title="bbox 469 744 2053 818">
    <p class='ocr_par' dir='ltr' id='par_1_7' title="bbox 469 744 2053 818">
     <span class='ocr_line' id='line_1_7' title="bbox 469 744 2053 818; baseline -0.007 -10"><span class='ocrx_word' id='word_1_46' title='bbox 469 768 618 816; x_wconf 89' lang='lat' dir='ltr'><strong>nem,</strong></span> <span class='ocrx_word' id='word_1_47' title='bbox 666 751 784 806; x_wconf 85' lang='lat' dir='ltr'><strong>sine</strong></span> <span class='ocrx_word' id='word_1_48' title='bbox 816 750 937 805; x_wconf 89' lang='lat' dir='ltr'><strong>aliis</strong></span> <span class='ocrx_word' id='word_1_49' title='bbox 974 749 1183 803; x_wconf 86' lang='lat' dir='ltr'><strong>duobus</strong></span> <span class='ocrx_word' id='word_1_50' title='bbox 1225 749 1493 818; x_wconf 89' lang='lat' dir='ltr'><strong>integrum</strong></span> <span class='ocrx_word' id='word_1_51' title='bbox 1538 753 1781 801; x_wconf 78' lang='lat' dir='ltr'><strong>constat:</strong></span> <span class='ocrx_word' id='word_1_52' title='bbox 1820 752 1877 799; x_wconf 94' lang='lat' dir='ltr'><strong>et</strong></span> <span class='ocrx_word' id='word_1_53' title='bbox 1913 744 2053 798; x_wconf 86' lang='lat' dir='ltr'><strong>sicut</strong></span> 
     </span>
    </p>
   </div>
   <div class='ocr_carea' id='block_1_8' title="bbox 471 828 2052 905">
    <p class='ocr_par' dir='ltr' id='par_1_8' title="bbox 471 828 2052 905">
     <span class='ocr_line' id='line_1_8' title="bbox 471 828 2052 905; baseline -0.006 -8"><span class='ocrx_word' id='word_1_54' title='bbox 471 841 616 897; x_wconf 88' lang='lat' dir='ltr'><strong>Deus</strong></span> <span class='ocrx_word' id='word_1_55' title='bbox 642 828 823 905; x_wconf 83' lang='lat' dir='ltr'><strong>Pater,</strong></span> <span class='ocrx_word' id='word_1_56' title='bbox 870 839 1011 894; x_wconf 89' lang='lat' dir='ltr'><strong>Deus</strong></span> <span class='ocrx_word' id='word_1_57' title='bbox 1057 837 1240 901; x_wconf 85' lang='lat' dir='ltr'><strong>Filius;</strong></span> <span class='ocrx_word' id='word_1_58' title='bbox 1276 837 1418 891; x_wconf 86' lang='lat' dir='ltr'><strong>Deus</strong></span> <span class='ocrx_word' id='word_1_59' title='bbox 1458 845 1514 891; x_wconf 94' lang='lat' dir='ltr'><strong>et</strong></span> <span class='ocrx_word' id='word_1_60' title='bbox 1554 835 1792 905; x_wconf 83' lang='lat' dir='ltr'><strong>Spiritus</strong></span> <span class='ocrx_word' id='word_1_61' title='bbox 1832 840 2052 888; x_wconf 89' lang='lat' dir='ltr'><strong>sanctus</strong></span> 
     </span>
    </p>
   </div>
   <div class='ocr_carea' id='block_1_9' title="bbox 469 923 2054 995">
    <p class='ocr_par' dir='ltr' id='par_1_9' title="bbox 469 923 2054 995">
     <span class='ocr_line' id='line_1_9' title="bbox 469 923 2054 995; baseline -0.004 -10"><span class='ocrx_word' id='word_1_62' title='bbox 469 938 573 995; x_wconf 88' lang='lat' dir='ltr'><strong>est,</strong></span> <span class='ocrx_word' id='word_1_63' title='bbox 604 944 712 984; x_wconf 90' lang='lat' dir='ltr'><strong>non</strong></span> <span class='ocrx_word' id='word_1_64' title='bbox 739 939 918 984; x_wconf 91' lang='lat' dir='ltr'><strong>tamen</strong></span> <span class='ocrx_word' id='word_1_65' title='bbox 956 938 1066 983; x_wconf 88' lang='lat' dir='ltr'><strong>tres</strong></span> <span class='ocrx_word' id='word_1_66' title='bbox 1101 929 1155 982; x_wconf 88' lang='lat' dir='ltr'><strong>di</strong></span> <span class='ocrx_word' id='word_1_67' title='bbox 1199 936 1342 990; x_wconf 90' lang='lat' dir='ltr'><strong>sunt,</strong></span> <span class='ocrx_word' id='word_1_68' title='bbox 1370 927 1464 982; x_wconf 90' lang='lat' dir='ltr'><strong>sed</strong></span> <span class='ocrx_word' id='word_1_69' title='bbox 1485 942 1626 981; x_wconf 90' lang='lat' dir='ltr'><strong>unus</strong></span> <span class='ocrx_word' id='word_1_70' title='bbox 1659 926 1801 980; x_wconf 87' lang='lat' dir='ltr'><strong>Deus</strong></span> <span class='ocrx_word' id='word_1_71' title='bbox 1827 933 1938 979; x_wconf 91' lang='lat' dir='ltr'><strong>tres</strong></span> <span class='ocrx_word' id='word_1_72' title='bbox 1962 923 2054 978; x_wconf 89' lang='lat' dir='ltr'><strong>ha—</strong></span> 
     </span>
    </p>
   </div>
   <div class='ocr_carea' id='block_1_10' title="bbox 472 1015 2053 1089">
    <p class='ocr_par' dir='ltr' id='par_1_10' title="bbox 472 1015 2053 1089">
     <span class='ocr_line' id='line_1_10' title="bbox 472 1015 2053 1089; baseline -0.003 -17"><span class='ocrx_word' id='word_1_73' title='bbox 472 1020 606 1075; x_wconf 85' lang='lat' dir='ltr'><strong>bens</strong></span> <span class='ocrx_word' id='word_1_74' title='bbox 624 1034 902 1089; x_wconf 82' lang='lat' dir='ltr'><strong>personas,</strong></span> <span class='ocrx_word' id='word_1_75' title='bbox 937 1019 1009 1073; x_wconf 91' lang='lat' dir='ltr'><strong>ita</strong></span> <span class='ocrx_word' id='word_1_76' title='bbox 1030 1028 1086 1072; x_wconf 89' lang='lat' dir='ltr'><strong>et</strong></span> <span class='ocrx_word' id='word_1_77' title='bbox 1108 1018 1286 1072; x_wconf 90' lang='lat' dir='ltr'><strong>anima</strong></span> <span class='ocrx_word' id='word_1_78' title='bbox 1312 1016 1635 1081; x_wconf 87' lang='lat' dir='ltr'><strong>intellectus,</strong></span> <span class='ocrx_word' id='word_1_79' title='bbox 1662 1016 1841 1071; x_wconf 85' lang='lat' dir='ltr'><strong>anima</strong></span> <span class='ocrx_word' id='word_1_80' title='bbox 1864 1015 2053 1069; x_wconf 87' lang='lat' dir='ltr'><strong>volun-</strong></span> 
     </span>
    </p>
   </div>
   <div class='ocr_carea' id='block_1_11' title="bbox 471 1110 2054 1177">
    <p class='ocr_par' dir='ltr' id='par_1_11' title="bbox 471 1110 2054 1177">
     <span class='ocr_line' id='line_1_11' title="bbox 471 1110 2054 1177; baseline -0.001 -12"><span class='ocrx_word' id='word_1_81' title='bbox 471 1120 574 1177; x_wconf 90' lang='lat' dir='ltr'><strong>tas,</strong></span> <span class='ocrx_word' id='word_1_82' title='bbox 606 1112 783 1167; x_wconf 89' lang='lat' dir='ltr'><strong>anima</strong></span> <span class='ocrx_word' id='word_1_83' title='bbox 822 1112 1100 1175; x_wconf 83' lang='lat' dir='ltr'><strong>memoria,</strong></span> <span class='ocrx_word' id='word_1_84' title='bbox 1128 1128 1235 1165; x_wconf 92' lang='lat' dir='ltr'><strong>non</strong></span> <span class='ocrx_word' id='word_1_85' title='bbox 1268 1119 1448 1166; x_wconf 88' lang='lat' dir='ltr'><strong>tamen</strong></span> <span class='ocrx_word' id='word_1_86' title='bbox 1486 1112 1679 1166; x_wconf 68' lang='lat' dir='ltr'><strong>anima:</strong></span> <span class='ocrx_word' id='word_1_87' title='bbox 1720 1118 1830 1165; x_wconf 90' lang='lat' dir='ltr'><strong>tres</strong></span> <span class='ocrx_word' id='word_1_88' title='bbox 1861 1110 1914 1164; x_wconf 93' lang='lat' dir='ltr'><strong>in</strong></span> <span class='ocrx_word' id='word_1_89' title='bbox 1946 1124 2054 1164; x_wconf 89' lang='lat' dir='ltr'><strong>uno</strong></span> 
     </span>
    </p>
   </div>
   <div class='ocr_carea' id='block_1_12' title="bbox 470 1200 2055 1273">
    <p class='ocr_par' dir='ltr' id='par_1_12' title="bbox 470 1200 2055 1273">
     <span class='ocr_line' id='line_1_12' title="bbox 470 1200 2055 1273; baseline -0.003 -14"><span class='ocrx_word' id='word_1_90' title='bbox 470 1219 713 1273; x_wconf 89' lang='lat' dir='ltr'><strong>corpore,</strong></span> <span class='ocrx_word' id='word_1_91' title='bbox 741 1204 835 1259; x_wconf 90' lang='lat' dir='ltr'><strong>sed</strong></span> <span class='ocrx_word' id='word_1_92' title='bbox 859 1218 963 1258; x_wconf 89' lang='lat' dir='ltr'><strong>una</strong></span> <span class='ocrx_word' id='word_1_93' title='bbox 983 1203 1161 1257; x_wconf 89' lang='lat' dir='ltr'><strong>anima</strong></span> <span class='ocrx_word' id='word_1_94' title='bbox 1192 1212 1302 1258; x_wconf 90' lang='lat' dir='ltr'><strong>tres</strong></span> <span class='ocrx_word' id='word_1_95' title='bbox 1324 1203 1528 1257; x_wconf 83' lang='lat' dir='ltr'><strong>habens</strong></span> <span class='ocrx_word' id='word_1_96' title='bbox 1548 1203 1855 1273; x_wconf 76' lang='lat' dir='ltr'><strong>dignitates.</strong></span> <span class='ocrx_word' id='word_1_97' title='bbox 1878 1200 2055 1270; x_wconf 80' lang='lat' dir='ltr'><strong>Atque</strong></span> 
     </span>
    </p>
   </div>
   <div class='ocr_carea' id='block_1_13' title="bbox 470 1290 2053 1362">
    <p class='ocr_par' dir='ltr' id='par_1_13' title="bbox 470 1290 2053 1362">
     <span class='ocr_line' id='line_1_13' title="bbox 470 1290 2053 1362; baseline -0.003 -14"><span class='ocrx_word' id='word_1_98' title='bbox 470 1293 528 1348; x_wconf 92' lang='lat' dir='ltr'><strong>in</strong></span> <span class='ocrx_word' id='word_1_99' title='bbox 553 1293 639 1347; x_wconf 90' lang='lat' dir='ltr'><strong>his</strong></span> <span class='ocrx_word' id='word_1_100' title='bbox 671 1293 844 1349; x_wconf 90' lang='lat' dir='ltr'><strong>tribus</strong></span> <span class='ocrx_word' id='word_1_101' title='bbox 868 1292 984 1362; x_wconf 89' lang='lat' dir='ltr'><strong>ejus</strong></span> <span class='ocrx_word' id='word_1_102' title='bbox 1021 1294 1308 1360; x_wconf 74' lang='lat' dir='ltr'><strong>imaginem</strong></span> <span class='ocrx_word' id='word_1_103' title='bbox 1342 1292 1662 1347; x_wconf 87' lang='lat' dir='ltr'><strong>mirabiliter</strong></span> <span class='ocrx_word' id='word_1_104' title='bbox 1701 1291 1839 1361; x_wconf 86' lang='lat' dir='ltr'><strong>gerit</strong></span> <span class='ocrx_word' id='word_1_105' title='bbox 1868 1290 1923 1344; x_wconf 93' lang='lat' dir='ltr'><strong>in</strong></span> <span class='ocrx_word' id='word_1_106' title='bbox 1957 1304 2053 1345; x_wconf 88' lang='lat' dir='ltr'><strong>sua</strong></span> 
     </span>
    </p>
   </div>
   <div class='ocr_carea' id='block_1_14' title="bbox 472 1384 2057 1441">
    <p class='ocr_par' dir='ltr' id='par_1_14' title="bbox 472 1384 2057 1441">
     <span class='ocr_line' id='line_1_14' title="bbox 472 1384 2057 1441; baseline -0.003 -2"><span class='ocrx_word' id='word_1_107' title='bbox 472 1393 666 1440; x_wconf 88' lang='lat' dir='ltr'><strong>natura</strong></span> <span class='ocrx_word' id='word_1_108' title='bbox 691 1395 878 1441; x_wconf 81' lang='lat' dir='ltr'><strong>noster</strong></span> <span class='ocrx_word' id='word_1_109' title='bbox 901 1385 1124 1440; x_wconf 88' lang='lat' dir='ltr'><strong>interior</strong></span> <span class='ocrx_word' id='word_1_110' title='bbox 1153 1386 1332 1439; x_wconf 90' lang='lat' dir='ltr'><strong>homo.</strong></span> <span class='ocrx_word' id='word_1_111' title='bbox 1368 1384 1673 1439; x_wconf 88' lang='lat' dir='ltr'><strong>Similitudo</strong></span> <span class='ocrx_word' id='word_1_112' title='bbox 1705 1397 1833 1437; x_wconf 92' lang='lat' dir='ltr'><strong>vero</strong></span> <span class='ocrx_word' id='word_1_113' title='bbox 1860 1384 1914 1436; x_wconf 91' lang='lat' dir='ltr'><strong>in</strong></span> <span class='ocrx_word' id='word_1_114' title='bbox 1939 1396 2057 1436; x_wconf 88' lang='lat' dir='ltr'><strong>mo-</strong></span> 
     </span>
    </p>
   </div>
   <div class='ocr_carea' id='block_1_15' title="bbox 474 1473 2057 1542">
    <p class='ocr_par' dir='ltr' id='par_1_15' title="bbox 474 1473 2057 1542">
     <span class='ocr_line' id='line_1_15' title="bbox 474 1473 2057 1542; baseline -0.001 -13"><span class='ocrx_word' id='word_1_115' title='bbox 474 1475 625 1530; x_wconf 87' lang='lat' dir='ltr'><strong>ribus</strong></span> <span class='ocrx_word' id='word_1_116' title='bbox 660 1476 927 1529; x_wconf 86' lang='lat' dir='ltr'><strong>cernenda</strong></span> <span class='ocrx_word' id='word_1_117' title='bbox 961 1483 1083 1529; x_wconf 87' lang='lat' dir='ltr'><strong>est:</strong></span> <span class='ocrx_word' id='word_1_118' title='bbox 1125 1481 1184 1527; x_wconf 95' lang='lat' dir='ltr'><strong>ut</strong></span> <span class='ocrx_word' id='word_1_119' title='bbox 1216 1474 1355 1528; x_wconf 89' lang='lat' dir='ltr'><strong>sicut</strong></span> <span class='ocrx_word' id='word_1_120' title='bbox 1398 1474 1540 1529; x_wconf 88' lang='lat' dir='ltr'><strong>Deus</strong></span> <span class='ocrx_word' id='word_1_121' title='bbox 1568 1481 1795 1536; x_wconf 87' lang='lat' dir='ltr'><strong>creator,</strong></span> <span class='ocrx_word' id='word_1_122' title='bbox 1835 1474 1926 1542; x_wconf 88' lang='lat' dir='ltr'><strong>qui</strong></span> <span class='ocrx_word' id='word_1_123' title='bbox 1959 1473 2057 1528; x_wconf 89' lang='lat' dir='ltr'><strong>ho-</strong></span> 
     </span>
    </p>
   </div>
   <div class='ocr_carea' id='block_1_16' title="bbox 474 1564 2052 1628">
    <p class='ocr_par' dir='ltr' id='par_1_16' title="bbox 474 1564 2052 1628">
     <span class='ocr_line' id='line_1_16' title="bbox 474 1564 2052 1628; baseline 0 -10"><span class='ocrx_word' id='word_1_124' title='bbox 474 1565 675 1620; x_wconf 86' lang='lat' dir='ltr'><strong>minem</strong></span> <span class='ocrx_word' id='word_1_125' title='bbox 703 1565 773 1618; x_wconf 87' lang='lat' dir='ltr'><strong>ad</strong></span> <span class='ocrx_word' id='word_1_126' title='bbox 796 1564 1200 1618; x_wconf 87' lang='lat' dir='ltr'><strong>similitudinem</strong></span> <span class='ocrx_word' id='word_1_127' title='bbox 1231 1578 1383 1616; x_wconf 90' lang='lat' dir='ltr'><strong>suam</strong></span> <span class='ocrx_word' id='word_1_128' title='bbox 1432 1564 1655 1627; x_wconf 87' lang='lat' dir='ltr'><strong>creavit,</strong></span> <span class='ocrx_word' id='word_1_129' title='bbox 1686 1571 1769 1618; x_wconf 82' lang='lat' dir='ltr'><strong>est</strong></span> <span class='ocrx_word' id='word_1_130' title='bbox 1793 1564 2052 1628; x_wconf 89' lang='lat' dir='ltr'><strong>charitas,</strong></span> 
     </span>
    </p>
   </div>
   <div class='ocr_carea' id='block_1_17' title="bbox 478 1651 2056 1723">
    <p class='ocr_par' dir='ltr' id='par_1_17' title="bbox 478 1651 2056 1723">
     <span class='ocr_line' id='line_1_17' title="bbox 478 1651 2056 1723; baseline 0.001 -15"><span class='ocrx_word' id='word_1_131' title='bbox 478 1662 564 1708; x_wconf 88' lang='lat' dir='ltr'><strong>est</strong></span> <span class='ocrx_word' id='word_1_132' title='bbox 586 1654 818 1718; x_wconf 84' lang='lat' dir='ltr'><strong>bonitas,</strong></span> <span class='ocrx_word' id='word_1_133' title='bbox 847 1662 900 1707; x_wconf 89' lang='lat' dir='ltr'><strong>et</strong></span> <span class='ocrx_word' id='word_1_134' title='bbox 945 1651 1143 1721; x_wconf 90' lang='lat' dir='ltr'><strong>justus,</strong></span> <span class='ocrx_word' id='word_1_135' title='bbox 1188 1653 1397 1722; x_wconf 89' lang='lat' dir='ltr'><strong>patiens</strong></span> <span class='ocrx_word' id='word_1_136' title='bbox 1435 1663 1596 1723; x_wconf 85' lang='lat' dir='ltr'><strong>atque</strong></span> <span class='ocrx_word' id='word_1_137' title='bbox 1636 1654 1799 1716; x_wconf 90' lang='lat' dir='ltr'><strong>mitis,</strong></span> <span class='ocrx_word' id='word_1_138' title='bbox 1825 1653 2056 1709; x_wconf 89' lang='lat' dir='ltr'><strong>mundus</strong></span> 
     </span>
    </p>
   </div>
   <div class='ocr_carea' id='block_1_18' title="bbox 476 1742 2053 1813">
    <p class='ocr_par' dir='ltr' id='par_1_18' title="bbox 476 1742 2053 1813">
     <span class='ocr_line' id='line_1_18' title="bbox 476 1742 2053 1813; baseline 0 -16"><span class='ocrx_word' id='word_1_139' title='bbox 476 1749 533 1797; x_wconf 89' lang='lat' dir='ltr'><strong>et</strong></span> <span class='ocrx_word' id='word_1_140' title='bbox 558 1742 881 1808; x_wconf 81' lang='lat' dir='ltr'><strong>misericors,</strong></span> <span class='ocrx_word' id='word_1_141' title='bbox 902 1751 959 1798; x_wconf 90' lang='lat' dir='ltr'><strong>et</strong></span> <span class='ocrx_word' id='word_1_142' title='bbox 987 1752 1181 1797; x_wconf 63' lang='lat' dir='ltr'><strong>caetera</strong></span> <span class='ocrx_word' id='word_1_143' title='bbox 1205 1742 1461 1796; x_wconf 90' lang='lat' dir='ltr'><strong>virtutum</strong></span> <span class='ocrx_word' id='word_1_144' title='bbox 1490 1751 1799 1797; x_wconf 88' lang='lat' dir='ltr'><strong>sanctorum</strong></span> <span class='ocrx_word' id='word_1_145' title='bbox 1824 1743 2053 1813; x_wconf 82' lang='lat' dir='ltr'><strong>insignia</strong></span> 
     </span>
    </p>
   </div>
   <div class='ocr_carea' id='block_1_19' title="bbox 479 1811 2128 1904">
    <p class='ocr_par' dir='ltr' id='par_1_19' title="bbox 479 1811 2128 1904">
     <span class='ocr_line' id='line_1_19' title="bbox 479 1811 2128 1904; baseline 0.002 -20"><span class='ocrx_word' id='word_1_146' title='bbox 479 1847 599 1899; x_wconf 69' lang='lat' dir='ltr'><strong>qua:</strong></span> <span class='ocrx_word' id='word_1_147' title='bbox 625 1830 691 1887; x_wconf 90' lang='lat' dir='ltr'><strong>de</strong></span> <span class='ocrx_word' id='word_1_148' title='bbox 717 1846 782 1889; x_wconf 89' lang='lat' dir='ltr'><strong>eo</strong></span> <span class='ocrx_word' id='word_1_149' title='bbox 809 1831 1079 1904; x_wconf 87' lang='lat' dir='ltr'><strong>leguntur,</strong></span> <span class='ocrx_word' id='word_1_150' title='bbox 1109 1832 1183 1886; x_wconf 92' lang='lat' dir='ltr'><strong>ita</strong></span> <span class='ocrx_word' id='word_1_151' title='bbox 1209 1833 1370 1888; x_wconf 89' lang='lat' dir='ltr'><strong>homo</strong></span> <span class='ocrx_word' id='word_1_152' title='bbox 1390 1841 1606 1888; x_wconf 89' lang='lat' dir='ltr'><strong>creatus</strong></span> <span class='ocrx_word' id='word_1_153' title='bbox 1626 1841 1709 1889; x_wconf 91' lang='lat' dir='ltr'><strong>est</strong></span> <span class='ocrx_word' id='word_1_154' title='bbox 1737 1842 1796 1887; x_wconf 93' lang='lat' dir='ltr'><strong>ut</strong></span> <span class='ocrx_word' id='word_1_155' title='bbox 1823 1811 2055 1889; x_wconf 76' lang='lat' dir='ltr'><strong>charita-</strong></span> <span class='ocrx_word' id='word_1_156' title='bbox 2085 1811 2128 1871; x_wconf 69' lang='grc' dir='ltr'><strong><em>Β</em></strong></span> 
     </span>
    </p>
   </div>
   <div class='ocr_carea' id='block_1_20' title="bbox 481 1922 2060 1994">
    <p class='ocr_par' dir='ltr' id='par_1_20' title="bbox 481 1922 2060 1994">
     <span class='ocr_line' id='line_1_20' title="bbox 481 1922 2060 1994; baseline 0 -15"><span class='ocrx_word' id='word_1_157' title='bbox 481 1930 587 1979; x_wconf 90' lang='lat' dir='ltr'><strong>tem</strong></span> <span class='ocrx_word' id='word_1_158' title='bbox 624 1923 865 1991; x_wconf 84' lang='lat' dir='ltr'><strong>haberet,</strong></span> <span class='ocrx_word' id='word_1_159' title='bbox 893 1932 950 1978; x_wconf 91' lang='lat' dir='ltr'><strong>ut</strong></span> <span class='ocrx_word' id='word_1_160' title='bbox 974 1924 1146 1979; x_wconf 90' lang='lat' dir='ltr'><strong>bonus</strong></span> <span class='ocrx_word' id='word_1_161' title='bbox 1170 1932 1332 1988; x_wconf 88' lang='lat' dir='ltr'><strong>esset,</strong></span> <span class='ocrx_word' id='word_1_162' title='bbox 1362 1935 1418 1979; x_wconf 89' lang='lat' dir='ltr'><strong>et</strong></span> <span class='ocrx_word' id='word_1_163' title='bbox 1437 1922 1633 1992; x_wconf 89' lang='lat' dir='ltr'><strong>justus,</strong></span> <span class='ocrx_word' id='word_1_164' title='bbox 1661 1933 1718 1979; x_wconf 88' lang='lat' dir='ltr'><strong>et</strong></span> <span class='ocrx_word' id='word_1_165' title='bbox 1743 1926 1952 1994; x_wconf 89' lang='lat' dir='ltr'><strong>patiens</strong></span> <span class='ocrx_word' id='word_1_166' title='bbox 1978 1933 2060 1980; x_wconf 90' lang='lat' dir='ltr'><strong>at-</strong></span> 
     </span>
    </p>
   </div>
   <div class='ocr_carea' id='block_1_21' title="bbox 479 2014 2059 2084">
    <p class='ocr_par' dir='ltr' id='par_1_21' title="bbox 479 2014 2059 2084">
     <span class='ocr_line' id='line_1_21' title="bbox 479 2014 2059 2084; baseline 0.002 -16"><span class='ocrx_word' id='word_1_167' title='bbox 479 2028 586 2083; x_wconf 88' lang='lat' dir='ltr'><strong>que</strong></span> <span class='ocrx_word' id='word_1_168' title='bbox 610 2014 777 2079; x_wconf 89' lang='lat' dir='ltr'><strong>mitis,</strong></span> <span class='ocrx_word' id='word_1_169' title='bbox 802 2014 1032 2068; x_wconf 89' lang='lat' dir='ltr'><strong>mundus</strong></span> <span class='ocrx_word' id='word_1_170' title='bbox 1060 2022 1113 2069; x_wconf 93' lang='lat' dir='ltr'><strong>et</strong></span> <span class='ocrx_word' id='word_1_171' title='bbox 1135 2015 1443 2070; x_wconf 84' lang='lat' dir='ltr'><strong>misericors</strong></span> <span class='ocrx_word' id='word_1_172' title='bbox 1466 2014 1604 2069; x_wconf 90' lang='lat' dir='ltr'><strong>foret</strong></span> <span class='ocrx_word' id='word_1_173' title='bbox 1629 2033 1642 2068; x_wconf 92' lang='lat'><strong>:</strong></span> <span class='ocrx_word' id='word_1_174' title='bbox 1678 2031 1812 2084; x_wconf 89' lang='lat' dir='ltr'><strong>quas</strong></span> <span class='ocrx_word' id='word_1_175' title='bbox 1833 2016 2059 2071; x_wconf 81' lang='lat' dir='ltr'><strong>virtutes</strong></span> 
     </span>
    </p>
   </div>
   <div class='ocr_carea' id='block_1_22' title="bbox 480 2101 2061 2175">
    <p class='ocr_par' dir='ltr' id='par_1_22' title="bbox 480 2101 2061 2175">
     <span class='ocr_line' id='line_1_22' title="bbox 480 2101 2061 2175; baseline 0.003 -21"><span class='ocrx_word' id='word_1_176' title='bbox 480 2110 681 2171; x_wconf 82' lang='lat' dir='ltr'><strong>quanto</strong></span> <span class='ocrx_word' id='word_1_177' title='bbox 706 2101 827 2172; x_wconf 85' lang='lat' dir='ltr'><strong>plus</strong></span> <span class='ocrx_word' id='word_1_178' title='bbox 856 2103 1081 2171; x_wconf 90' lang='lat' dir='ltr'><strong>quisque</strong></span> <span class='ocrx_word' id='word_1_179' title='bbox 1124 2103 1179 2157; x_wconf 94' lang='lat' dir='ltr'><strong>in</strong></span> <span class='ocrx_word' id='word_1_180' title='bbox 1216 2102 1393 2172; x_wconf 82' lang='lat' dir='ltr'><strong>seipse</strong></span> <span class='ocrx_word' id='word_1_181' title='bbox 1426 2102 1609 2169; x_wconf 89' lang='lat' dir='ltr'><strong>habet,</strong></span> <span class='ocrx_word' id='word_1_182' title='bbox 1658 2112 1807 2159; x_wconf 90' lang='lat' dir='ltr'><strong>tanto</strong></span> <span class='ocrx_word' id='word_1_183' title='bbox 1840 2104 2061 2175; x_wconf 89' lang='lat' dir='ltr'><strong>propius</strong></span> 
     </span>
    </p>
   </div>
   <div class='ocr_carea' id='block_1_23' title="bbox 479 2190 2063 2262">
    <p class='ocr_par' dir='ltr' id='par_1_23' title="bbox 479 2190 2063 2262">
     <span class='ocr_line' id='line_1_23' title="bbox 479 2190 2063 2262; baseline -0.001 -15"><span class='ocrx_word' id='word_1_184' title='bbox 479 2201 564 2247; x_wconf 84' lang='lat' dir='ltr'><strong>est</strong></span> <span class='ocrx_word' id='word_1_185' title='bbox 588 2192 717 2255; x_wconf 91' lang='lat' dir='ltr'><strong>Deo,</strong></span> <span class='ocrx_word' id='word_1_186' title='bbox 756 2199 810 2247; x_wconf 92' lang='lat' dir='ltr'><strong>et</strong></span> <span class='ocrx_word' id='word_1_187' title='bbox 832 2190 1091 2260; x_wconf 85' lang='lat' dir='ltr'><strong>majorem</strong></span> <span class='ocrx_word' id='word_1_188' title='bbox 1133 2192 1215 2246; x_wconf 92' lang='lat' dir='ltr'><strong>sui</strong></span> <span class='ocrx_word' id='word_1_189' title='bbox 1252 2192 1558 2247; x_wconf 88' lang='lat' dir='ltr'><strong>Conditoris</strong></span> <span class='ocrx_word' id='word_1_190' title='bbox 1582 2193 1721 2262; x_wconf 85' lang='lat' dir='ltr'><strong>gerit</strong></span> <span class='ocrx_word' id='word_1_191' title='bbox 1761 2192 2063 2248; x_wconf 88' lang='lat' dir='ltr'><strong>similitudi-</strong></span> 
     </span>
    </p>
   </div>
   <div class='ocr_carea' id='block_1_24' title="bbox 483 2282 2063 2353">
    <p class='ocr_par' dir='ltr' id='par_1_24' title="bbox 483 2282 2063 2353">
     <span class='ocr_line' id='line_1_24' title="bbox 483 2282 2063 2353; baseline 0.001 -16"><span class='ocrx_word' id='word_1_192' title='bbox 483 2297 624 2337; x_wconf 89' lang='lat' dir='ltr'><strong>nem.</strong></span> <span class='ocrx_word' id='word_1_193' title='bbox 665 2302 682 2334; x_wconf 75' lang='grc' dir='ltr'><strong>ι</strong></span> <span class='ocrx_word' id='word_1_194' title='bbox 714 2282 909 2337; x_wconf 86' lang='lat' dir='ltr'><strong>Beatus</strong></span> <span class='ocrx_word' id='word_1_195' title='bbox 935 2297 1149 2353; x_wconf 91' lang='lat' dir='ltr'><strong>quoque</strong></span> <span class='ocrx_word' id='word_1_196' title='bbox 1188 2282 1521 2352; x_wconf 81' lang='lat' dir='ltr'><strong>Augustinus</strong></span> <span class='ocrx_word' id='word_1_197' title='bbox 1565 2282 1638 2337; x_wconf 92' lang='lat' dir='ltr'><strong>ita</strong></span> <span class='ocrx_word' id='word_1_198' title='bbox 1686 2284 1956 2339; x_wconf 88' lang='lat' dir='ltr'><strong>hominem</strong></span> <span class='ocrx_word' id='word_1_199' title='bbox 1993 2284 2063 2338; x_wconf 89' lang='lat' dir='ltr'><strong>ad</strong></span> 
     </span>
    </p>
   </div>
   <div class='ocr_carea' id='block_1_25' title="bbox 484 2371 2061 2442">
    <p class='ocr_par' dir='ltr' id='par_1_25' title="bbox 484 2371 2061 2442">
     <span class='ocr_line' id='line_1_25' title="bbox 484 2371 2061 2442; baseline 0.003 -18"><span class='ocrx_word' id='word_1_200' title='bbox 484 2371 771 2442; x_wconf 83' lang='lat' dir='ltr'><strong>imaginem</strong></span> <span class='ocrx_word' id='word_1_201' title='bbox 792 2380 845 2427; x_wconf 92' lang='lat' dir='ltr'><strong>et</strong></span> <span class='ocrx_word' id='word_1_202' title='bbox 873 2372 1277 2428; x_wconf 88' lang='lat' dir='ltr'><strong>similitudinem</strong></span> <span class='ocrx_word' id='word_1_203' title='bbox 1293 2373 1388 2427; x_wconf 90' lang='lat' dir='ltr'><strong>Dei</strong></span> <span class='ocrx_word' id='word_1_204' title='bbox 1414 2372 1611 2428; x_wconf 90' lang='lat' dir='ltr'><strong>factum</strong></span> <span class='ocrx_word' id='word_1_205' title='bbox 1631 2387 1752 2429; x_wconf 88' lang='lat' dir='ltr'><strong>esse</strong></span> <span class='ocrx_word' id='word_1_206' title='bbox 1777 2374 2061 2441; x_wconf 86' lang='lat' dir='ltr'><strong>disseruit;</strong></span> 
     </span>
    </p>
   </div>
   <div class='ocr_carea' id='block_1_26' title="bbox 489 2462 2063 2520">
    <p class='ocr_par' dir='ltr' id='par_1_26' title="bbox 489 2462 2063 2520">
     <span class='ocr_line' id='line_1_26' title="bbox 489 2462 2063 2520; baseline 0.001 -4"><span class='ocrx_word' id='word_1_207' title='bbox 489 2481 509 2515; x_wconf 80' lang='grc' dir='ltr'><strong>ι</strong></span> <span class='ocrx_word' id='word_1_208' title='bbox 562 2464 696 2519; x_wconf 90' lang='lat' dir='ltr'><strong>Cum</strong></span> <span class='ocrx_word' id='word_1_209' title='bbox 742 2465 1064 2520; x_wconf 80' lang='lat' dir='ltr'><strong>exteriorem</strong></span> <span class='ocrx_word' id='word_1_210' title='bbox 1111 2471 1169 2520; x_wconf 90' lang='lat' dir='ltr'><strong>et</strong></span> <span class='ocrx_word' id='word_1_211' title='bbox 1207 2463 1519 2518; x_wconf 86' lang='lat' dir='ltr'><strong>interiorem</strong></span> <span class='ocrx_word' id='word_1_212' title='bbox 1569 2463 1838 2519; x_wconf 87' lang='lat' dir='ltr'><strong>hominem</strong></span> <span class='ocrx_word' id='word_1_213' title='bbox 1883 2462 2063 2518; x_wconf 89' lang='lat' dir='ltr'><strong>divina</strong></span> 
     </span>
    </p>
   </div>
   <div class='ocr_carea' id='block_1_27' title="bbox 489 2553 2067 2623">
    <p class='ocr_par' dir='ltr' id='par_1_27' title="bbox 489 2553 2067 2623">
     <span class='ocr_line' id='line_1_27' title="bbox 489 2553 2067 2623; baseline -0.001 -14"><span class='ocrx_word' id='word_1_214' title='bbox 489 2553 766 2623; x_wconf 79' lang='lat' dir='ltr'><strong>Scriptum</strong></span> <span class='ocrx_word' id='word_1_215' title='bbox 793 2560 1195 2618; x_wconf 88' lang='lat' dir='ltr'><strong>commemoret,</strong></span> <span class='ocrx_word' id='word_1_216' title='bbox 1228 2561 1283 2607; x_wconf 90' lang='lat' dir='ltr'><strong>et</strong></span> <span class='ocrx_word' id='word_1_217' title='bbox 1312 2561 1524 2607; x_wconf 88' lang='lat' dir='ltr'><strong>tantum</strong></span> <span class='ocrx_word' id='word_1_218' title='bbox 1549 2567 1643 2608; x_wconf 88' lang='lat' dir='ltr'><strong>eos</strong></span> <span class='ocrx_word' id='word_1_219' title='bbox 1675 2553 1965 2618; x_wconf 91' lang='lat' dir='ltr'><strong>discernat,</strong></span> <span class='ocrx_word' id='word_1_220' title='bbox 2011 2561 2067 2607; x_wconf 91' lang='lat' dir='ltr'><strong>et</strong></span> 
     </span>
    </p>
   </div>
   <div class='ocr_carea' id='block_1_28' title="bbox 488 2642 2069 2713">
    <p class='ocr_par' dir='ltr' id='par_1_28' title="bbox 488 2642 2069 2713">
     <span class='ocr_line' id='line_1_28' title="bbox 488 2642 2069 2713; baseline 0.001 -16"><span class='ocrx_word' id='word_1_221' title='bbox 488 2644 556 2698; x_wconf 86' lang='lat' dir='ltr'><strong>ab</strong></span> <span class='ocrx_word' id='word_1_222' title='bbox 580 2643 835 2713; x_wconf 85' lang='lat' dir='ltr'><strong>Apostolo</strong></span> <span class='ocrx_word' id='word_1_223' title='bbox 862 2644 1062 2698; x_wconf 92' lang='lat' dir='ltr'><strong>dictum</strong></span> <span class='ocrx_word' id='word_1_224' title='bbox 1088 2650 1172 2698; x_wconf 87' lang='lat' dir='ltr'><strong>est</strong></span> <span class='ocrx_word' id='word_1_225' title='bbox 1201 2660 1214 2696; x_wconf 90' lang='lat'><strong>:</strong></span> <span class='ocrx_word' id='word_1_226' title='bbox 1254 2642 1323 2696; x_wconf 82' lang='lat' dir='ltr'><strong>Et</strong></span> <span class='ocrx_word' id='word_1_227' title='bbox 1342 2643 1394 2709; x_wconf 66' lang='lat' dir='ltr'><strong>si</strong></span> <span class='ocrx_word' id='word_1_228' title='bbox 1425 2644 1654 2698; x_wconf 72' lang='lat' dir='ltr'><strong>exterior</strong></span> <span class='ocrx_word' id='word_1_229' title='bbox 1696 2643 1851 2699; x_wconf 83' lang='lat' dir='ltr'><strong>homo</strong></span> <span class='ocrx_word' id='word_1_230' title='bbox 1894 2654 2069 2698; x_wconf 80' lang='lat' dir='ltr'><strong>noster</strong></span> 
     </span>
    </p>
   </div>
   <div class='ocr_carea' id='block_1_29' title="bbox 488 2736 2067 2807">
    <p class='ocr_par' dir='ltr' id='par_1_29' title="bbox 488 2736 2067 2807">
     <span class='ocr_line' id='line_1_29' title="bbox 488 2736 2067 2807; baseline 0.004 -18"><span class='ocrx_word' id='word_1_231' title='bbox 488 2737 854 2807; x_wconf 67' lang='lat' dir='ltr'><strong>corrumpitur,</strong></span> <span class='ocrx_word' id='word_1_232' title='bbox 890 2736 980 2792; x_wconf 72' lang='lat' dir='ltr'><strong>sed</strong></span> <span class='ocrx_word' id='word_1_233' title='bbox 1005 2737 1225 2792; x_wconf 83' lang='lat' dir='ltr'><strong>interior</strong></span> <span class='ocrx_word' id='word_1_234' title='bbox 1261 2747 1537 2792; x_wconf 78' lang='lat' dir='ltr'><strong>renovatur</strong></span> <span class='ocrx_word' id='word_1_235' title='bbox 1569 2738 1634 2793; x_wconf 86' lang='lat' dir='ltr'><strong>de</strong></span> <span class='ocrx_word' id='word_1_236' title='bbox 1672 2739 1756 2794; x_wconf 87' lang='lat' dir='ltr'><strong>die</strong></span> <span class='ocrx_word' id='word_1_237' title='bbox 1793 2740 1850 2793; x_wconf 86' lang='lat' dir='ltr'><strong>in</strong></span> <span class='ocrx_word' id='word_1_238' title='bbox 1885 2739 2023 2795; x_wconf 81' lang='lat' dir='ltr'><strong>diem</strong></span> <span class='ocrx_word' id='word_1_239' title='bbox 2047 2757 2067 2796; x_wconf 90' lang='lat'><strong>:</strong></span> 
     </span>
    </p>
   </div>
   <div class='ocr_carea' id='block_1_30' title="bbox 491 2829 2065 2903">
    <p class='ocr_par' dir='ltr' id='par_1_30' title="bbox 491 2829 2065 2903">
     <span class='ocr_line' id='line_1_30' title="bbox 491 2829 2065 2903; baseline 0.004 -21"><span class='ocrx_word' id='word_1_240' title='bbox 491 2829 657 2898; x_wconf 73' lang='lat' dir='ltr'><strong>qumri</strong></span> <span class='ocrx_word' id='word_1_241' title='bbox 688 2837 864 2900; x_wconf 86' lang='lat' dir='ltr'><strong>potest</strong></span> <span class='ocrx_word' id='word_1_242' title='bbox 890 2840 1071 2884; x_wconf 91' lang='lat' dir='ltr'><strong>utrum</strong></span> <span class='ocrx_word' id='word_1_243' title='bbox 1098 2845 1239 2885; x_wconf 91' lang='lat' dir='ltr'><strong>unus</strong></span> <span class='ocrx_word' id='word_1_244' title='bbox 1275 2830 1468 2887; x_wconf 89' lang='lat' dir='ltr'><strong>horum</strong></span> <span class='ocrx_word' id='word_1_245' title='bbox 1488 2830 1663 2887; x_wconf 87' lang='lat' dir='ltr'><strong>factus</strong></span> <span class='ocrx_word' id='word_1_246' title='bbox 1687 2831 1754 2886; x_wconf 90' lang='lat' dir='ltr'><strong>ad</strong></span> <span class='ocrx_word' id='word_1_247' title='bbox 1779 2832 2065 2903; x_wconf 81' lang='lat' dir='ltr'><strong>imaginem</strong></span> 
     </span>
    </p>
   </div>
   <div class='ocr_carea' id='block_1_31' title="bbox 491 2918 2066 2995">
    <p class='ocr_par' dir='ltr' id='par_1_31' title="bbox 491 2918 2066 2995">
     <span class='ocr_line' id='line_1_31' title="bbox 491 2918 2066 2995; baseline 0.004 -22"><span class='ocrx_word' id='word_1_248' title='bbox 491 2927 548 2973; x_wconf 92' lang='lat' dir='ltr'><strong>ct</strong></span> <span class='ocrx_word' id='word_1_249' title='bbox 592 2918 994 2976; x_wconf 88' lang='lat' dir='ltr'><strong>similitudinem</strong></span> <span class='ocrx_word' id='word_1_250' title='bbox 1036 2921 1175 2995; x_wconf 74' lang='lat' dir='ltr'><strong>Dei?</strong></span> <span class='ocrx_word' id='word_1_251' title='bbox 1223 2920 1356 2976; x_wconf 90' lang='lat' dir='ltr'><strong>Nam</strong></span> <span class='ocrx_word' id='word_1_252' title='bbox 1399 2921 1527 2977; x_wconf 90' lang='lat' dir='ltr'><strong>illud</strong></span> <span class='ocrx_word' id='word_1_253' title='bbox 1564 2938 1806 2992; x_wconf 59' lang='lat' dir='ltr'><strong>quatrere</strong></span> <span class='ocrx_word' id='word_1_254' title='bbox 1847 2924 2066 2980; x_wconf 86' lang='lat' dir='ltr'><strong>stultum</strong></span> 
     </span>
    </p>
   </div>
   <div class='ocr_carea' id='block_1_32' title="bbox 494 3007 2070 3085">
    <p class='ocr_par' dir='ltr' id='par_1_32' title="bbox 494 3007 2070 3085">
     <span class='ocr_line' id='line_1_32' title="bbox 494 3007 2070 3085; baseline 0.005 -23"><span class='ocrx_word' id='word_1_255' title='bbox 494 3015 597 3072; x_wconf 89' lang='lat' dir='ltr'><strong>cst,</strong></span> <span class='ocrx_word' id='word_1_256' title='bbox 630 3007 676 3063; x_wconf 93' lang='lat' dir='ltr'><strong>si</strong></span> <span class='ocrx_word' id='word_1_257' title='bbox 701 3024 839 3081; x_wconf 87' lang='lat' dir='ltr'><strong>unus</strong></span> <span class='ocrx_word' id='word_1_258' title='bbox 861 3010 982 3079; x_wconf 88' lang='lat' dir='ltr'><strong>quis</strong></span> <span class='ocrx_word' id='word_1_259' title='bbox 1022 3025 1208 3066; x_wconf 88' lang='lat' dir='ltr'><strong>eorum</strong></span> <span class='ocrx_word' id='word_1_260' title='bbox 1234 3010 1462 3077; x_wconf 89' lang='lat' dir='ltr'><strong>dubitat,</strong></span> <span class='ocrx_word' id='word_1_261' title='bbox 1502 3027 1627 3081; x_wconf 70' lang='lat' dir='ltr'><strong>eum</strong></span> <span class='ocrx_word' id='word_1_262' title='bbox 1647 3014 1824 3083; x_wconf 84' lang='lat' dir='ltr'><strong>potius</strong></span> <span class='ocrx_word' id='word_1_263' title='bbox 1858 3014 1950 3085; x_wconf 89' lang='lat' dir='ltr'><strong>qui</strong></span> <span class='ocrx_word' id='word_1_264' title='bbox 1985 3030 2070 3070; x_wconf 85' lang='lat' dir='ltr'><strong>re-</strong></span> 
     </span>
    </p>
   </div>
   <div class='ocr_carea' id='block_1_33' title="bbox 494 3099 2064 3171">
    <p class='ocr_par' dir='ltr' id='par_1_33' title="bbox 494 3099 2064 3171">
     <span class='ocr_line' id='line_1_33' title="bbox 494 3099 2064 3171; baseline 0.004 -20"><span class='ocrx_word' id='word_1_265' title='bbox 494 3105 720 3152; x_wconf 83' lang='lat' dir='ltr'><strong>novatur</strong></span> <span class='ocrx_word' id='word_1_266' title='bbox 744 3113 902 3167; x_wconf 90' lang='lat' dir='ltr'><strong>quam</strong></span> <span class='ocrx_word' id='word_1_267' title='bbox 945 3114 1068 3153; x_wconf 88' lang='lat' dir='ltr'><strong>cum</strong></span> <span class='ocrx_word' id='word_1_268' title='bbox 1097 3099 1189 3169; x_wconf 88' lang='lat' dir='ltr'><strong>qui</strong></span> <span class='ocrx_word' id='word_1_269' title='bbox 1222 3102 1585 3171; x_wconf 88' lang='lat' dir='ltr'><strong>corrumpitur</strong></span> <span class='ocrx_word' id='word_1_270' title='bbox 1630 3102 1845 3158; x_wconf 88' lang='lat' dir='ltr'><strong>dicere:</strong></span> <span class='ocrx_word' id='word_1_271' title='bbox 1885 3111 2064 3159; x_wconf 89' lang='lat' dir='ltr'><strong>utrum</strong></span> 
     </span>
    </p>
   </div>
   <div class='ocr_carea' id='block_1_34' title="bbox 493 3189 2070 3260">
    <p class='ocr_par' dir='ltr' id='par_1_34' title="bbox 493 3189 2070 3260">
     <span class='ocr_line' id='line_1_34' title="bbox 493 3189 2070 3260; baseline 0.006 -19"><span class='ocrx_word' id='word_1_272' title='bbox 493 3194 675 3241; x_wconf 85' lang='lat' dir='ltr'><strong>autem</strong></span> <span class='ocrx_word' id='word_1_273' title='bbox 702 3189 886 3252; x_wconf 88' lang='lat' dir='ltr'><strong>ambo,</strong></span> <span class='ocrx_word' id='word_1_274' title='bbox 932 3205 1122 3260; x_wconf 89' lang='lat' dir='ltr'><strong>magna</strong></span> <span class='ocrx_word' id='word_1_275' title='bbox 1156 3191 1380 3260; x_wconf 72' lang='lat' dir='ltr'><strong>qurcstio</strong></span> <span class='ocrx_word' id='word_1_276' title='bbox 1421 3200 1521 3247; x_wconf 89' lang='lat' dir='ltr'><strong>est.</strong></span> <span class='ocrx_word' id='word_1_277' title='bbox 1569 3191 1703 3247; x_wconf 90' lang='lat' dir='ltr'><strong>Nam</strong></span> <span class='ocrx_word' id='word_1_278' title='bbox 1750 3194 1795 3249; x_wconf 85' lang='lat' dir='ltr'><strong>si</strong></span> <span class='ocrx_word' id='word_1_279' title='bbox 1833 3195 2070 3250; x_wconf 81' lang='lat' dir='ltr'><strong>exterior</strong></span> 
     </span>
    </p>
   </div>
   <div class='ocr_carea' id='block_1_35' title="bbox 497 3278 2071 3351">
    <p class='ocr_par' dir='ltr' id='par_1_35' title="bbox 497 3278 2071 3351">
     <span class='ocr_line' id='line_1_35' title="bbox 497 3278 2071 3351; baseline 0.004 -16"><span class='ocrx_word' id='word_1_280' title='bbox 497 3278 658 3335; x_wconf 90' lang='lat' dir='ltr'><strong>homo</strong></span> <span class='ocrx_word' id='word_1_281' title='bbox 684 3290 768 3334; x_wconf 89' lang='lat' dir='ltr'><strong>est</strong></span> <span class='ocrx_word' id='word_1_282' title='bbox 791 3279 980 3344; x_wconf 78' lang='lat' dir='ltr'><strong>Adam,</strong></span> <span class='ocrx_word' id='word_1_283' title='bbox 1008 3290 1063 3336; x_wconf 90' lang='lat' dir='ltr'><strong>et</strong></span> <span class='ocrx_word' id='word_1_284' title='bbox 1090 3281 1314 3339; x_wconf 88' lang='lat' dir='ltr'><strong>interior</strong></span> <span class='ocrx_word' id='word_1_285' title='bbox 1340 3282 1605 3351; x_wconf 88' lang='lat' dir='ltr'><strong>Christus,</strong></span> <span class='ocrx_word' id='word_1_286' title='bbox 1638 3285 1775 3341; x_wconf 88' lang='lat' dir='ltr'><strong>bene</strong></span> <span class='ocrx_word' id='word_1_287' title='bbox 1804 3287 1962 3343; x_wconf 90' lang='lat' dir='ltr'><strong>ambo</strong></span> <span class='ocrx_word' id='word_1_288' title='bbox 1990 3286 2071 3341; x_wconf 84' lang='lat' dir='ltr'><strong>in-</strong></span> 
     </span>
    </p>
   </div>
   <div class='ocr_carea' id='block_1_36' title="bbox 497 3367 2073 3439">
    <p class='ocr_par' dir='ltr' id='par_1_36' title="bbox 497 3367 2073 3439">
     <span class='ocr_line' id='line_1_36' title="bbox 497 3367 2073 3439; baseline 0.006 -15"><span class='ocrx_word' id='word_1_289' title='bbox 497 3367 848 3439; x_wconf 82' lang='lat' dir='ltr'><strong>telliguntur;</strong></span> <span class='ocrx_word' id='word_1_290' title='bbox 891 3371 984 3425; x_wconf 85' lang='lat' dir='ltr'><strong>sed</strong></span> <span class='ocrx_word' id='word_1_291' title='bbox 1018 3387 1138 3427; x_wconf 92' lang='lat' dir='ltr'><strong>cum</strong></span> <span class='ocrx_word' id='word_1_292' title='bbox 1187 3371 1356 3427; x_wconf 79' lang='lat' dir='ltr'><strong>Adam</strong></span> <span class='ocrx_word' id='word_1_293' title='bbox 1404 3374 1545 3429; x_wconf 88' lang='lat' dir='ltr'><strong>sicut</strong></span> <span class='ocrx_word' id='word_1_294' title='bbox 1575 3390 1607 3429; x_wconf 92' lang='lat' dir='ltr'><strong>a</strong></span> <span class='ocrx_word' id='word_1_295' title='bbox 1641 3375 1751 3430; x_wconf 87' lang='lat' dir='ltr'><strong>Deo</strong></span> <span class='ocrx_word' id='word_1_296' title='bbox 1790 3375 1963 3433; x_wconf 90' lang='lat' dir='ltr'><strong>factus</strong></span> <span class='ocrx_word' id='word_1_297' title='bbox 1990 3386 2073 3433; x_wconf 88' lang='lat' dir='ltr'><strong>est</strong></span> 
     </span>
    </p>
   </div>
   <div class='ocr_carea' id='block_1_37' title="bbox 496 3457 2073 3535">
    <p class='ocr_par' dir='ltr' id='par_1_37' title="bbox 496 3457 2073 3535">
     <span class='ocr_line' id='line_1_37' title="bbox 496 3457 2073 3535; baseline 0.006 -21"><span class='ocrx_word' id='word_1_298' title='bbox 496 3457 669 3514; x_wconf 83' lang='lat' dir='ltr'><strong>bonus</strong></span> <span class='ocrx_word' id='word_1_299' title='bbox 713 3476 817 3516; x_wconf 93' lang='lat' dir='ltr'><strong>non</strong></span> <span class='ocrx_word' id='word_1_300' title='bbox 862 3462 1139 3526; x_wconf 89' lang='lat' dir='ltr'><strong>manserit,</strong></span> <span class='ocrx_word' id='word_1_301' title='bbox 1181 3471 1234 3518; x_wconf 93' lang='lat' dir='ltr'><strong>et</strong></span> <span class='ocrx_word' id='word_1_302' title='bbox 1275 3464 1543 3535; x_wconf 85' lang='lat' dir='ltr'><strong>diligendo</strong></span> <span class='ocrx_word' id='word_1_303' title='bbox 1572 3467 1808 3521; x_wconf 83' lang='lat' dir='ltr'><strong>carnalia</strong></span> <span class='ocrx_word' id='word_1_304' title='bbox 1840 3469 2073 3525; x_wconf 90' lang='lat' dir='ltr'><strong>carnalis</strong></span> 
     </span>
    </p>
   </div>
   <div class='ocr_carea' id='block_1_38' title="bbox 495 3548 2073 3627">
    <p class='ocr_par' dir='ltr' id='par_1_38' title="bbox 495 3548 2073 3627">
     <span class='ocr_line' id='line_1_38' title="bbox 495 3548 2073 3627; baseline 0.007 -25"><span class='ocrx_word' id='word_1_305' title='bbox 495 3548 718 3605; x_wconf 85' lang='lat' dir='ltr'><strong>ell‘ectus</strong></span> <span class='ocrx_word' id='word_1_306' title='bbox 739 3550 828 3616; x_wconf 90' lang='lat' dir='ltr'><strong>sit,</strong></span> <span class='ocrx_word' id='word_1_307' title='bbox 859 3568 964 3607; x_wconf 91' lang='lat' dir='ltr'><strong>non</strong></span> <span class='ocrx_word' id='word_1_308' title='bbox 989 3552 1219 3608; x_wconf 85' lang='lat' dir='ltr'><strong>absurde</strong></span> <span class='ocrx_word' id='word_1_309' title='bbox 1255 3554 1424 3609; x_wconf 90' lang='lat' dir='ltr'><strong>videri</strong></span> <span class='ocrx_word' id='word_1_310' title='bbox 1451 3563 1629 3624; x_wconf 89' lang='lat' dir='ltr'><strong>potest</strong></span> <span class='ocrx_word' id='word_1_311' title='bbox 1672 3556 1776 3612; x_wconf 91' lang='lat' dir='ltr'><strong>hoc</strong></span> <span class='ocrx_word' id='word_1_312' title='bbox 1818 3557 1993 3627; x_wconf 88' lang='lat' dir='ltr'><strong>ipsum</strong></span> <span class='ocrx_word' id='word_1_313' title='bbox 2023 3558 2073 3613; x_wconf 91' lang='lat' dir='ltr'><strong>ei</strong></span> 
     </span>
    </p>
   </div>
   <div class='ocr_carea' id='block_1_39' title="bbox 498 3640 2072 3714">
    <p class='ocr_par' dir='ltr' id='par_1_39' title="bbox 498 3640 2072 3714">
     <span class='ocr_line' id='line_1_39' title="bbox 498 3640 2072 3714; baseline 0.006 -20"><span class='ocrx_word' id='word_1_314' title='bbox 498 3640 665 3696; x_wconf 85' lang='lat' dir='ltr'><strong>fuisse</strong></span> <span class='ocrx_word' id='word_1_315' title='bbox 691 3643 903 3707; x_wconf 86' lang='lat' dir='ltr'><strong>cadere,</strong></span> <span class='ocrx_word' id='word_1_316' title='bbox 930 3643 1211 3714; x_wconf 89' lang='lat' dir='ltr'><strong>imaginem</strong></span> <span class='ocrx_word' id='word_1_317' title='bbox 1246 3644 1339 3700; x_wconf 90' lang='lat' dir='ltr'><strong>Dei</strong></span> <span class='ocrx_word' id='word_1_318' title='bbox 1379 3655 1435 3700; x_wconf 90' lang='lat' dir='ltr'><strong>et</strong></span> <span class='ocrx_word' id='word_1_319' title='bbox 1472 3646 1875 3703; x_wconf 88' lang='lat' dir='ltr'><strong>similitudinem</strong></span> <span class='ocrx_word' id='word_1_320' title='bbox 1913 3649 2072 3703; x_wconf 90' lang='lat' dir='ltr'><strong>amit-</strong></span> 
     </span>
    </p>
   </div>
   <div class='ocr_carea' id='block_1_40' title="bbox 500 3731 2077 3807">
    <p class='ocr_par' dir='ltr' id='par_1_40' title="bbox 500 3731 2077 3807">
     <span class='ocr_line' id='line_1_40' title="bbox 500 3731 2077 3807; baseline 0.006 -22"><span class='ocrx_word' id='word_1_321' title='bbox 500 3739 615 3785; x_wconf 84' lang='lat' dir='ltr'><strong>tere</strong></span> <span class='ocrx_word' id='word_1_322' title='bbox 639 3749 651 3785; x_wconf 89' lang='lat'><strong>:</strong></span> <span class='ocrx_word' id='word_1_323' title='bbox 685 3747 750 3786; x_wconf 91' lang='lat' dir='ltr'><strong>ac</strong></span> <span class='ocrx_word' id='word_1_324' title='bbox 769 3747 867 3803; x_wconf 86' lang='lat' dir='ltr'><strong>per</strong></span> <span class='ocrx_word' id='word_1_325' title='bbox 897 3731 997 3790; x_wconf 90' lang='lat' dir='ltr'><strong>hoc</strong></span> <span class='ocrx_word' id='word_1_326' title='bbox 1026 3734 1139 3804; x_wconf 90' lang='lat' dir='ltr'><strong>ipse</strong></span> <span class='ocrx_word' id='word_1_327' title='bbox 1165 3743 1471 3799; x_wconf 83' lang='lat' dir='ltr'><strong>renovatur,</strong></span> <span class='ocrx_word' id='word_1_328' title='bbox 1510 3745 1566 3791; x_wconf 91' lang='lat' dir='ltr'><strong>ct</strong></span> <span class='ocrx_word' id='word_1_329' title='bbox 1592 3737 1706 3807; x_wconf 89' lang='lat' dir='ltr'><strong>ipse</strong></span> <span class='ocrx_word' id='word_1_330' title='bbox 1738 3738 1901 3793; x_wconf 91' lang='lat' dir='ltr'><strong>etiam</strong></span> <span class='ocrx_word' id='word_1_331' title='bbox 1939 3738 2077 3794; x_wconf 88' lang='lat' dir='ltr'><strong>inte—</strong></span> 
     </span>
    </p>
   </div>
   <div class='ocr_carea' id='block_1_41' title="bbox 499 3819 2073 3896">
    <p class='ocr_par' dir='ltr' id='par_1_41' title="bbox 499 3819 2073 3896">
     <span class='ocr_line' id='line_1_41' title="bbox 499 3819 2073 3896; baseline 0.005 -21"><span class='ocrx_word' id='word_1_332' title='bbox 499 3823 629 3875; x_wconf 89' lang='lat' dir='ltr'><strong>rior.</strong></span> <span class='ocrx_word' id='word_1_333' title='bbox 661 3819 937 3888; x_wconf 83' lang='lat' dir='ltr'><strong>Quomodo</strong></span> <span class='ocrx_word' id='word_1_334' title='bbox 964 3839 1093 3896; x_wconf 88' lang='lat' dir='ltr'><strong>ergo</strong></span> <span class='ocrx_word' id='word_1_335' title='bbox 1120 3832 1202 3879; x_wconf 91' lang='lat' dir='ltr'><strong>est</strong></span> <span class='ocrx_word' id='word_1_336' title='bbox 1224 3826 1336 3895; x_wconf 84' lang='lat' dir='ltr'><strong>ipse</strong></span> <span class='ocrx_word' id='word_1_337' title='bbox 1360 3834 1414 3881; x_wconf 93' lang='lat' dir='ltr'><strong>et</strong></span> <span class='ocrx_word' id='word_1_338' title='bbox 1433 3828 1669 3883; x_wconf 83' lang='lat' dir='ltr'><strong>exterior</strong></span> <span class='ocrx_word' id='word_1_339' title='bbox 1695 3842 1760 3883; x_wconf 89' lang='lat' dir='ltr'><strong>ac</strong></span> <span class='ocrx_word' id='word_1_340' title='bbox 1782 3829 2073 3884; x_wconf 87' lang='lat' dir='ltr'><strong>secundum</strong></span> 
     </span>
    </p>
   </div>
   <div class='ocr_carea' id='block_1_42' title="bbox 499 3917 2078 3986">
    <p class='ocr_par' dir='ltr' id='par_1_42' title="bbox 499 3917 2078 3986">
     <span class='ocr_line' id='line_1_42' title="bbox 499 3917 2078 3986; baseline 0.005 -16"><span class='ocrx_word' id='word_1_341' title='bbox 499 3931 711 3985; x_wconf 88' lang='lat' dir='ltr'><strong>corpus,</strong></span> <span class='ocrx_word' id='word_1_342' title='bbox 739 3925 798 3971; x_wconf 90' lang='lat' dir='ltr'><strong>ut</strong></span> <span class='ocrx_word' id='word_1_343' title='bbox 827 3917 1052 3974; x_wconf 89' lang='lat' dir='ltr'><strong>interior</strong></span> <span class='ocrx_word' id='word_1_344' title='bbox 1076 3919 1146 3973; x_wconf 90' lang='lat' dir='ltr'><strong>sit</strong></span> <span class='ocrx_word' id='word_1_345' title='bbox 1166 3919 1457 3975; x_wconf 87' lang='lat' dir='ltr'><strong>secundum</strong></span> <span class='ocrx_word' id='word_1_346' title='bbox 1483 3921 1748 3986; x_wconf 89' lang='lat' dir='ltr'><strong>animam;</strong></span> <span class='ocrx_word' id='word_1_347' title='bbox 1772 3931 1826 3977; x_wconf 91' lang='lat' dir='ltr'><strong>et</strong></span> <span class='ocrx_word' id='word_1_348' title='bbox 1851 3922 2078 3978; x_wconf 88' lang='lat' dir='ltr'><strong>interior</strong></span> 
     </span>
    </p>
   </div>
   <div class='ocr_carea' id='block_1_43' title="bbox 499 4005 2075 4079">
    <p class='ocr_par' dir='ltr' id='par_1_43' title="bbox 499 4005 2075 4079">
     <span class='ocr_line' id='line_1_43' title="bbox 499 4005 2075 4079; baseline 0.004 -20"><span class='ocrx_word' id='word_1_349' title='bbox 499 4005 571 4060; x_wconf 85' lang='lat' dir='ltr'><strong>sit</strong></span> <span class='ocrx_word' id='word_1_350' title='bbox 597 4007 918 4061; x_wconf 89' lang='lat' dir='ltr'><strong>resurrectio</strong></span> <span class='ocrx_word' id='word_1_351' title='bbox 946 4017 1001 4063; x_wconf 93' lang='lat' dir='ltr'><strong>et</strong></span> <span class='ocrx_word' id='word_1_352' title='bbox 1024 4009 1324 4074; x_wconf 81' lang='lat' dir='ltr'><strong>renovatio,</strong></span> <span class='ocrx_word' id='word_1_353' title='bbox 1363 4025 1482 4079; x_wconf 82' lang='lat' dir='ltr'><strong>quae</strong></span> <span class='ocrx_word' id='word_1_354' title='bbox 1525 4027 1669 4066; x_wconf 91' lang='lat' dir='ltr'><strong>nunc</strong></span> <span class='ocrx_word' id='word_1_355' title='bbox 1703 4010 1763 4065; x_wconf 85' lang='lat' dir='ltr'><strong>ﬁt</strong></span> <span class='ocrx_word' id='word_1_356' title='bbox 1783 4012 2075 4067; x_wconf 87' lang='lat' dir='ltr'><strong>secundum</strong></span> 
     </span>
    </p>
   </div>
   <div class='ocr_carea' id='block_1_44' title="bbox 499 4101 2079 4172">
    <p class='ocr_par' dir='ltr' id='par_1_44' title="bbox 499 4101 2079 4172">
     <span class='ocr_line' id='line_1_44' title="bbox 499 4101 2079 4172; baseline 0.001 -17"><span class='ocrx_word' id='word_1_357' title='bbox 499 4108 727 4155; x_wconf 85' lang='lat' dir='ltr'><strong>mortem</strong></span> <span class='ocrx_word' id='word_1_358' title='bbox 755 4101 951 4170; x_wconf 89' lang='lat' dir='ltr'><strong>prioris</strong></span> <span class='ocrx_word' id='word_1_359' title='bbox 988 4103 1128 4167; x_wconf 66' lang='lat' dir='ltr'><strong>vitaz,</strong></span> <span class='ocrx_word' id='word_1_360' title='bbox 1161 4103 1214 4157; x_wconf 95' lang='lat' dir='ltr'><strong>id</strong></span> <span class='ocrx_word' id='word_1_361' title='bbox 1243 4112 1327 4158; x_wconf 90' lang='lat' dir='ltr'><strong>est</strong></span> <span class='ocrx_word' id='word_1_362' title='bbox 1351 4104 1576 4172; x_wconf 86' lang='lat' dir='ltr'><strong>peccati,</strong></span> <span class='ocrx_word' id='word_1_363' title='bbox 1600 4112 1655 4159; x_wconf 90' lang='lat' dir='ltr'><strong>et</strong></span> <span class='ocrx_word' id='word_1_364' title='bbox 1681 4104 1973 4160; x_wconf 88' lang='lat' dir='ltr'><strong>secundum</strong></span> <span class='ocrx_word' id='word_1_365' title='bbox 2001 4117 2079 4157; x_wconf 89' lang='lat' dir='ltr'><strong>rc-</strong></span> 
     </span>
    </p>
   </div>
   <div class='ocr_carea' id='block_1_45' title="bbox 502 4191 2078 4265">
    <p class='ocr_par' dir='ltr' id='par_1_45' title="bbox 502 4191 2078 4265">
     <span class='ocr_line' id='line_1_45' title="bbox 502 4191 2078 4265; baseline 0.004 -22"><span class='ocrx_word' id='word_1_366' title='bbox 502 4191 897 4259; x_wconf 89' lang='lat' dir='ltr'><strong>generationem</strong></span> <span class='ocrx_word' id='word_1_367' title='bbox 927 4208 1079 4247; x_wconf 66' lang='lat' dir='ltr'><strong>novae</strong></span> <span class='ocrx_word' id='word_1_368' title='bbox 1117 4194 1261 4257; x_wconf 61' lang='lat' dir='ltr'><strong>vitaz,</strong></span> <span class='ocrx_word' id='word_1_369' title='bbox 1308 4193 1360 4249; x_wconf 90' lang='lat' dir='ltr'><strong>id</strong></span> <span class='ocrx_word' id='word_1_370' title='bbox 1384 4203 1467 4250; x_wconf 89' lang='lat' dir='ltr'><strong>est</strong></span> <span class='ocrx_word' id='word_1_371' title='bbox 1486 4193 1730 4263; x_wconf 76' lang='lat' dir='ltr'><strong>justitim,</strong></span> <span class='ocrx_word' id='word_1_372' title='bbox 1762 4211 1897 4265; x_wconf 89' lang='lat' dir='ltr'><strong>quos</strong></span> <span class='ocrx_word' id='word_1_373' title='bbox 1936 4195 2078 4249; x_wconf 87' lang='lat' dir='ltr'><strong>idem</strong></span> 
     </span>
    </p>
   </div>
   <div class='ocr_carea' id='block_1_46' title="bbox 504 4281 2077 4354">
    <p class='ocr_par' dir='ltr' id='par_1_46' title="bbox 504 4281 2077 4354">
     <span class='ocr_line' id='line_1_46' title="bbox 504 4281 2077 4354; baseline 0.002 -18"><span class='ocrx_word' id='word_1_374' title='bbox 504 4281 638 4336; x_wconf 91' lang='lat' dir='ltr'><strong>duos</strong></span> <span class='ocrx_word' id='word_1_375' title='bbox 662 4282 906 4337; x_wconf 87' lang='lat' dir='ltr'><strong>homines</strong></span> <span class='ocrx_word' id='word_1_376' title='bbox 936 4283 1014 4339; x_wconf 90' lang='lat' dir='ltr'><strong>sic</strong></span> <span class='ocrx_word' id='word_1_377' title='bbox 1052 4283 1300 4352; x_wconf 88' lang='lat' dir='ltr'><strong>appellat,</strong></span> <span class='ocrx_word' id='word_1_378' title='bbox 1329 4291 1388 4337; x_wconf 92' lang='lat' dir='ltr'><strong>ut</strong></span> <span class='ocrx_word' id='word_1_379' title='bbox 1428 4300 1594 4338; x_wconf 90' lang='lat' dir='ltr'><strong>unum</strong></span> <span class='ocrx_word' id='word_1_380' title='bbox 1635 4297 1871 4340; x_wconf 79' lang='lat' dir='ltr'><strong>veterem</strong></span> <span class='ocrx_word' id='word_1_381' title='bbox 1918 4286 2077 4354; x_wconf 85' lang='lat' dir='ltr'><strong>quem</strong></span> 
     </span>
    </p>
   </div>
   <div class='ocr_carea' id='block_1_47' title="bbox 504 4372 2079 4437">
    <p class='ocr_par' dir='ltr' id='par_1_47' title="bbox 504 4372 2079 4437">
     <span class='ocr_line' id='line_1_47' title="bbox 504 4372 2079 4437; baseline 0 -10"><span class='ocrx_word' id='word_1_382' title='bbox 504 4372 761 4427; x_wconf 90' lang='lat' dir='ltr'><strong>debemus</strong></span> <span class='ocrx_word' id='word_1_383' title='bbox 797 4388 1010 4437; x_wconf 84' lang='lat' dir='ltr'><strong>exuere,</strong></span> <span class='ocrx_word' id='word_1_384' title='bbox 1038 4373 1263 4427; x_wconf 88' lang='lat' dir='ltr'><strong>alterum</strong></span> <span class='ocrx_word' id='word_1_385' title='bbox 1290 4389 1486 4428; x_wconf 90' lang='lat' dir='ltr'><strong>novum</strong></span> <span class='ocrx_word' id='word_1_386' title='bbox 1512 4383 1565 4429; x_wconf 90' lang='lat' dir='ltr'><strong>et</strong></span> <span class='ocrx_word' id='word_1_387' title='bbox 1590 4390 1712 4429; x_wconf 89' lang='lat' dir='ltr'><strong>eum</strong></span> <span class='ocrx_word' id='word_1_388' title='bbox 1751 4374 2079 4429; x_wconf 83' lang='lat' dir='ltr'><strong>induendum</strong></span> 
     </span>
    </p>
   </div>
   <div class='ocr_carea' id='block_1_48' title="bbox 2151 560 3747 634">
    <p class='ocr_par' dir='ltr' id='par_1_48' title="bbox 2151 560 3747 634">
     <span class='ocr_line' id='line_1_48' title="bbox 2151 560 3747 634; baseline -0.001 -13"><span class='ocrx_word' id='word_1_389' title='bbox 2151 560 2271 621; x_wconf 67' lang='lat' dir='ltr'><strong>alia:</strong></span> <span class='ocrx_word' id='word_1_390' title='bbox 2298 566 2352 620; x_wconf 91' lang='lat' dir='ltr'><strong>in</strong></span> <span class='ocrx_word' id='word_1_391' title='bbox 2388 574 2652 634; x_wconf 91' lang='lat' dir='ltr'><strong>quantum</strong></span> <span class='ocrx_word' id='word_1_392' title='bbox 2677 563 2851 621; x_wconf 89' lang='lat' dir='ltr'><strong>solum</strong></span> <span class='ocrx_word' id='word_1_393' title='bbox 2881 565 3101 629; x_wconf 86' lang='lat' dir='ltr'><strong>vivunt,</strong></span> <span class='ocrx_word' id='word_1_394' title='bbox 3142 565 3270 634; x_wconf 91' lang='lat' dir='ltr'><strong>quia</strong></span> <span class='ocrx_word' id='word_1_395' title='bbox 3306 564 3395 619; x_wconf 92' lang='lat' dir='ltr'><strong>ille</strong></span> <span class='ocrx_word' id='word_1_396' title='bbox 3419 581 3636 620; x_wconf 89' lang='lat' dir='ltr'><strong>summe</strong></span> <span class='ocrx_word' id='word_1_397' title='bbox 3682 576 3747 620; x_wconf 80' lang='lat' dir='ltr'><strong>et</strong></span> 
     </span>
    </p>
   </div>
   <div class='ocr_carea' id='block_1_49' title="bbox 2149 655 3748 727">
    <p class='ocr_par' dir='ltr' id='par_1_49' title="bbox 2149 655 3748 727">
     <span class='ocr_line' id='line_1_49' title="bbox 2149 655 3748 727; baseline -0.001 -16"><span class='ocrx_word' id='word_1_398' title='bbox 2149 657 2324 727; x_wconf 90' lang='lat' dir='ltr'><strong>prime</strong></span> <span class='ocrx_word' id='word_1_399' title='bbox 2350 656 2510 721; x_wconf 84' lang='lat' dir='ltr'><strong>vivit,</strong></span> <span class='ocrx_word' id='word_1_400' title='bbox 2542 655 2660 711; x_wconf 70' lang='lat' dir='ltr'><strong>alia:</strong></span> <span class='ocrx_word' id='word_1_401' title='bbox 2679 656 2735 709; x_wconf 92' lang='lat' dir='ltr'><strong>in</strong></span> <span class='ocrx_word' id='word_1_402' title='bbox 2761 663 3022 725; x_wconf 88' lang='lat' dir='ltr'><strong>quantum</strong></span> <span class='ocrx_word' id='word_1_403' title='bbox 3062 663 3217 720; x_wconf 91' lang='lat' dir='ltr'><strong>sunt,</strong></span> <span class='ocrx_word' id='word_1_404' title='bbox 3245 657 3373 724; x_wconf 82' lang='lat' dir='ltr'><strong>quia</strong></span> <span class='ocrx_word' id='word_1_405' title='bbox 3407 656 3500 710; x_wconf 91' lang='lat' dir='ltr'><strong>illc</strong></span> <span class='ocrx_word' id='word_1_406' title='bbox 3520 672 3748 710; x_wconf 82' lang='lat' dir='ltr'><strong>summe</strong></span> 
     </span>
    </p>
   </div>
   <div class='ocr_carea' id='block_1_50' title="bbox 2150 745 3747 817">
    <p class='ocr_par' dir='ltr' id='par_1_50' title="bbox 2150 745 3747 817">
     <span class='ocr_line' id='line_1_50' title="bbox 2150 745 3747 817; baseline 0.001 -17"><span class='ocrx_word' id='word_1_407' title='bbox 2150 761 2216 801; x_wconf 91' lang='lat' dir='ltr'><strong>ac</strong></span> <span class='ocrx_word' id='word_1_408' title='bbox 2241 746 2492 817; x_wconf 84' lang='lat' dir='ltr'><strong>primitus</strong></span> <span class='ocrx_word' id='word_1_409' title='bbox 2523 754 2627 801; x_wconf 89' lang='lat' dir='ltr'><strong>est.</strong></span> <span class='ocrx_word' id='word_1_410' title='bbox 2662 745 2728 800; x_wconf 84' lang='lat' dir='ltr'><strong>Et</strong></span> <span class='ocrx_word' id='word_1_411' title='bbox 2757 747 2878 801; x_wconf 88' lang='lat' dir='ltr'><strong>ideo</strong></span> <span class='ocrx_word' id='word_1_412' title='bbox 2905 760 3028 815; x_wconf 73' lang='lat' dir='ltr'><strong>qua:</strong></span> <span class='ocrx_word' id='word_1_413' title='bbox 3054 746 3427 801; x_wconf 88' lang='lat' dir='ltr'><strong>tantummodo</strong></span> <span class='ocrx_word' id='word_1_414' title='bbox 3455 756 3604 808; x_wconf 90' lang='lat' dir='ltr'><strong>sunt,</strong></span> <span class='ocrx_word' id='word_1_415' title='bbox 3633 764 3747 801; x_wconf 81' lang='lat' dir='ltr'><strong>nec</strong></span> 
     </span>
    </p>
   </div>
   <div class='ocr_carea' id='block_1_51' title="bbox 2152 838 3745 909">
    <p class='ocr_par' dir='ltr' id='par_1_51' title="bbox 2152 838 3745 909">
     <span class='ocr_line' id='line_1_51' title="bbox 2152 838 3745 909; baseline 0.001 -17"><span class='ocrx_word' id='word_1_416' title='bbox 2152 846 2332 893; x_wconf 90' lang='lat' dir='ltr'><strong>tamen</strong></span> <span class='ocrx_word' id='word_1_417' title='bbox 2359 839 2547 894; x_wconf 84' lang='lat' dir='ltr'><strong>vivunt</strong></span> <span class='ocrx_word' id='word_1_418' title='bbox 2571 846 2666 893; x_wconf 88' lang='lat' dir='ltr'><strong>aut</strong></span> <span class='ocrx_word' id='word_1_419' title='bbox 2692 838 2938 909; x_wconf 87' lang='lat' dir='ltr'><strong>sapiunt,</strong></span> <span class='ocrx_word' id='word_1_420' title='bbox 2968 853 3076 894; x_wconf 93' lang='lat' dir='ltr'><strong>non</strong></span> <span class='ocrx_word' id='word_1_421' title='bbox 3099 838 3367 909; x_wconf 80' lang='lat' dir='ltr'><strong>perfecte,</strong></span> <span class='ocrx_word' id='word_1_422' title='bbox 3399 839 3497 893; x_wconf 88' lang='lat' dir='ltr'><strong>sed</strong></span> <span class='ocrx_word' id='word_1_423' title='bbox 3537 840 3745 909; x_wconf 84' lang='lat' dir='ltr'><strong>exigue</strong></span> 
     </span>
    </p>
   </div>
   <div class='ocr_carea' id='block_1_52' title="bbox 2151 929 3744 1002">
    <p class='ocr_par' dir='ltr' id='par_1_52' title="bbox 2151 929 3744 1002">
     <span class='ocr_line' id='line_1_52' title="bbox 2151 929 3744 1002; baseline 0.001 -17"><span class='ocrx_word' id='word_1_424' title='bbox 2151 936 2305 994; x_wconf 87' lang='lat' dir='ltr'><strong>sunt,</strong></span> <span class='ocrx_word' id='word_1_425' title='bbox 2332 929 2398 983; x_wconf 92' lang='lat' dir='ltr'><strong>ad</strong></span> <span class='ocrx_word' id='word_1_426' title='bbox 2429 931 2835 986; x_wconf 84' lang='lat' dir='ltr'><strong>similitudinem</strong></span> <span class='ocrx_word' id='word_1_427' title='bbox 2863 929 3008 998; x_wconf 79' lang='lat' dir='ltr'><strong>ejus,</strong></span> <span class='ocrx_word' id='word_1_428' title='bbox 3035 932 3162 1000; x_wconf 84' lang='lat' dir='ltr'><strong>quia</strong></span> <span class='ocrx_word' id='word_1_429' title='bbox 3196 939 3251 986; x_wconf 87' lang='lat' dir='ltr'><strong>et</strong></span> <span class='ocrx_word' id='word_1_430' title='bbox 3278 931 3391 1002; x_wconf 91' lang='lat' dir='ltr'><strong>ipsa</strong></span> <span class='ocrx_word' id='word_1_431' title='bbox 3431 933 3572 986; x_wconf 91' lang='lat' dir='ltr'><strong>bona</strong></span> <span class='ocrx_word' id='word_1_432' title='bbox 3606 942 3744 988; x_wconf 86' lang='lat' dir='ltr'><strong>sunt</strong></span> 
     </span>
    </p>
   </div>
   <div class='ocr_carea' id='block_1_53' title="bbox 2153 1022 3742 1092">
    <p class='ocr_par' dir='ltr' id='par_1_53' title="bbox 2153 1022 3742 1092">
     <span class='ocr_line' id='line_1_53' title="bbox 2153 1022 3742 1092; baseline 0.001 -16"><span class='ocrx_word' id='word_1_433' title='bbox 2153 1022 2207 1076; x_wconf 93' lang='lat' dir='ltr'><strong>in</strong></span> <span class='ocrx_word' id='word_1_434' title='bbox 2236 1023 2425 1077; x_wconf 89' lang='lat' dir='ltr'><strong>ordine</strong></span> <span class='ocrx_word' id='word_1_435' title='bbox 2456 1038 2579 1083; x_wconf 87' lang='lat' dir='ltr'><strong>suo,</strong></span> <span class='ocrx_word' id='word_1_436' title='bbox 2614 1038 2736 1077; x_wconf 92' lang='lat' dir='ltr'><strong>cum</strong></span> <span class='ocrx_word' id='word_1_437' title='bbox 2764 1023 2833 1075; x_wconf 88' lang='lat' dir='ltr'><strong>sit</strong></span> <span class='ocrx_word' id='word_1_438' title='bbox 2861 1022 2947 1076; x_wconf 89' lang='lat' dir='ltr'><strong>ille</strong></span> <span class='ocrx_word' id='word_1_439' title='bbox 2976 1038 3136 1092; x_wconf 87' lang='lat' dir='ltr'><strong>supra</strong></span> <span class='ocrx_word' id='word_1_440' title='bbox 3165 1022 3345 1076; x_wconf 89' lang='lat' dir='ltr'><strong>omnia</strong></span> <span class='ocrx_word' id='word_1_441' title='bbox 3373 1023 3545 1077; x_wconf 90' lang='lat' dir='ltr'><strong>bonus</strong></span> <span class='ocrx_word' id='word_1_442' title='bbox 3566 1040 3600 1077; x_wconf 87' lang='lat' dir='ltr'><strong>a</strong></span> <span class='ocrx_word' id='word_1_443' title='bbox 3625 1039 3742 1092; x_wconf 88' lang='lat' dir='ltr'><strong>quo</strong></span> 
     </span>
    </p>
   </div>
   <div class='ocr_carea' id='block_1_54' title="bbox 2154 1113 3734 1183">
    <p class='ocr_par' dir='ltr' id='par_1_54' title="bbox 2154 1113 3734 1183">
     <span class='ocr_line' id='line_1_54' title="bbox 2154 1113 3734 1183; baseline 0.001 -15"><span class='ocrx_word' id='word_1_444' title='bbox 2154 1115 2292 1168; x_wconf 89' lang='lat' dir='ltr'><strong>bona</strong></span> <span class='ocrx_word' id='word_1_445' title='bbox 2319 1122 2462 1168; x_wconf 91' lang='lat' dir='ltr'><strong>sunt.</strong></span> <span class='ocrx_word' id='word_1_446' title='bbox 2494 1113 2686 1168; x_wconf 83' lang='lat' dir='ltr'><strong>Omnia</strong></span> <span class='ocrx_word' id='word_1_447' title='bbox 2718 1128 2844 1166; x_wconf 88' lang='lat' dir='ltr'><strong>vero</strong></span> <span class='ocrx_word' id='word_1_448' title='bbox 2886 1113 3010 1181; x_wconf 87' lang='lat' dir='ltr'><strong>quia</strong></span> <span class='ocrx_word' id='word_1_449' title='bbox 3042 1113 3230 1166; x_wconf 88' lang='lat' dir='ltr'><strong>vivunt</strong></span> <span class='ocrx_word' id='word_1_450' title='bbox 3255 1122 3311 1166; x_wconf 88' lang='lat' dir='ltr'><strong>et</strong></span> <span class='ocrx_word' id='word_1_451' title='bbox 3337 1129 3443 1167; x_wconf 91' lang='lat' dir='ltr'><strong>non</strong></span> <span class='ocrx_word' id='word_1_452' title='bbox 3473 1116 3690 1183; x_wconf 89' lang='lat' dir='ltr'><strong>sapiunt</strong></span> <span class='ocrx_word' id='word_1_453' title='bbox 3716 1156 3734 1178; x_wconf 87' lang='lat'><strong>,</strong></span> 
     </span>
    </p>
   </div>
   <div class='ocr_carea' id='block_1_55' title="bbox 2155 1203 3735 1274">
    <p class='ocr_par' dir='ltr' id='par_1_55' title="bbox 2155 1203 3735 1274">
     <span class='ocr_line' id='line_1_55' title="bbox 2155 1203 3735 1274; baseline 0.001 -17"><span class='ocrx_word' id='word_1_454' title='bbox 2155 1205 2314 1274; x_wconf 90' lang='lat' dir='ltr'><strong>paulo</strong></span> <span class='ocrx_word' id='word_1_455' title='bbox 2342 1204 2573 1274; x_wconf 90' lang='lat' dir='ltr'><strong>amplius</strong></span> <span class='ocrx_word' id='word_1_456' title='bbox 2618 1204 2941 1274; x_wconf 90' lang='lat' dir='ltr'><strong>participant</strong></span> <span class='ocrx_word' id='word_1_457' title='bbox 2983 1203 3322 1258; x_wconf 88' lang='lat' dir='ltr'><strong>similitudini</strong></span> <span class='ocrx_word' id='word_1_458' title='bbox 3364 1221 3377 1256; x_wconf 91' lang='lat'><strong>:</strong></span> <span class='ocrx_word' id='word_1_459' title='bbox 3411 1206 3552 1273; x_wconf 89' lang='lat' dir='ltr'><strong>quod</strong></span> <span class='ocrx_word' id='word_1_460' title='bbox 3582 1207 3735 1260; x_wconf 86' lang='lat' dir='ltr'><strong>enim</strong></span> 
     </span>
    </p>
   </div>
   <div class='ocr_carea' id='block_1_56' title="bbox 2155 1293 3737 1361">
    <p class='ocr_par' dir='ltr' id='par_1_56' title="bbox 2155 1293 3737 1361">
     <span class='ocr_line' id='line_1_56' title="bbox 2155 1293 3737 1361; baseline 0.001 -15"><span class='ocrx_word' id='word_1_461' title='bbox 2155 1293 2317 1356; x_wconf 88' lang='lat' dir='ltr'><strong>vivit,</strong></span> <span class='ocrx_word' id='word_1_462' title='bbox 2353 1293 2514 1347; x_wconf 90' lang='lat' dir='ltr'><strong>etiam</strong></span> <span class='ocrx_word' id='word_1_463' title='bbox 2542 1301 2663 1356; x_wconf 91' lang='lat' dir='ltr'><strong>est,</strong></span> <span class='ocrx_word' id='word_1_464' title='bbox 2702 1308 2805 1346; x_wconf 91' lang='lat' dir='ltr'><strong>non</strong></span> <span class='ocrx_word' id='word_1_465' title='bbox 2835 1299 3014 1346; x_wconf 84' lang='lat' dir='ltr'><strong>autem</strong></span> <span class='ocrx_word' id='word_1_466' title='bbox 3040 1293 3299 1361; x_wconf 85' lang='lat' dir='ltr'><strong>quidquid</strong></span> <span class='ocrx_word' id='word_1_467' title='bbox 3326 1303 3410 1348; x_wconf 89' lang='lat' dir='ltr'><strong>est</strong></span> <span class='ocrx_word' id='word_1_468' title='bbox 3438 1294 3605 1348; x_wconf 89' lang='lat' dir='ltr'><strong>etiam</strong></span> <span class='ocrx_word' id='word_1_469' title='bbox 3652 1296 3737 1349; x_wconf 68' lang='lat' dir='ltr'><strong>vi~</strong></span> 
     </span>
    </p>
   </div>
   <div class='ocr_carea' id='block_1_57' title="bbox 2153 1382 3737 1454">
    <p class='ocr_par' dir='ltr' id='par_1_57' title="bbox 2153 1382 3737 1454">
     <span class='ocr_line' id='line_1_57' title="bbox 2153 1382 3737 1454; baseline -0.001 -16"><span class='ocrx_word' id='word_1_470' title='bbox 2153 1385 2249 1439; x_wconf 89' lang='lat' dir='ltr'><strong>vit.</strong></span> <span class='ocrx_word' id='word_1_471' title='bbox 2275 1382 2396 1438; x_wconf 85' lang='lat' dir='ltr'><strong>Jam</strong></span> <span class='ocrx_word' id='word_1_472' title='bbox 2429 1398 2591 1454; x_wconf 89' lang='lat' dir='ltr'><strong>porro</strong></span> <span class='ocrx_word' id='word_1_473' title='bbox 2614 1399 2734 1452; x_wconf 63' lang='lat' dir='ltr'><strong>qua:</strong></span> <span class='ocrx_word' id='word_1_474' title='bbox 2758 1383 2971 1452; x_wconf 90' lang='lat' dir='ltr'><strong>sapiunt</strong></span> <span class='ocrx_word' id='word_1_475' title='bbox 2998 1382 3073 1436; x_wconf 92' lang='lat' dir='ltr'><strong>ita</strong></span> <span class='ocrx_word' id='word_1_476' title='bbox 3117 1382 3193 1437; x_wconf 92' lang='lat' dir='ltr'><strong>illi</strong></span> <span class='ocrx_word' id='word_1_477' title='bbox 3235 1382 3571 1437; x_wconf 88' lang='lat' dir='ltr'><strong>similitudini</strong></span> <span class='ocrx_word' id='word_1_478' title='bbox 3604 1393 3737 1438; x_wconf 87' lang='lat' dir='ltr'><strong>sunt</strong></span> 
     </span>
    </p>
   </div>
   <div class='ocr_carea' id='block_1_58' title="bbox 2155 1472 3739 1544">
    <p class='ocr_par' dir='ltr' id='par_1_58' title="bbox 2155 1472 3739 1544">
     <span class='ocr_line' id='line_1_58' title="bbox 2155 1472 3739 1544; baseline 0.001 -15"><span class='ocrx_word' id='word_1_479' title='bbox 2155 1475 2429 1544; x_wconf 90' lang='lat' dir='ltr'><strong>proxima,</strong></span> <span class='ocrx_word' id='word_1_480' title='bbox 2459 1481 2517 1528; x_wconf 92' lang='lat' dir='ltr'><strong>ut</strong></span> <span class='ocrx_word' id='word_1_481' title='bbox 2543 1474 2596 1528; x_wconf 91' lang='lat' dir='ltr'><strong>in</strong></span> <span class='ocrx_word' id='word_1_482' title='bbox 2627 1474 2892 1527; x_wconf 87' lang='lat' dir='ltr'><strong>creaturis</strong></span> <span class='ocrx_word' id='word_1_483' title='bbox 2917 1472 3048 1526; x_wconf 89' lang='lat' dir='ltr'><strong>nihil</strong></span> <span class='ocrx_word' id='word_1_484' title='bbox 3079 1473 3149 1527; x_wconf 92' lang='lat' dir='ltr'><strong>sit</strong></span> <span class='ocrx_word' id='word_1_485' title='bbox 3175 1473 3547 1544; x_wconf 87' lang='lat' dir='ltr'><strong>propinquius.</strong></span> <span class='ocrx_word' id='word_1_486' title='bbox 3577 1474 3739 1541; x_wconf 85' lang='lat' dir='ltr'><strong>Quod</strong></span> 
     </span>
    </p>
   </div>
   <div class='ocr_carea' id='block_1_59' title="bbox 2155 1563 3737 1636">
    <p class='ocr_par' dir='ltr' id='par_1_59' title="bbox 2155 1563 3737 1636">
     <span class='ocr_line' id='line_1_59' title="bbox 2155 1563 3737 1636; baseline -0.001 -14"><span class='ocrx_word' id='word_1_487' title='bbox 2155 1567 2299 1622; x_wconf 88' lang='lat' dir='ltr'><strong>enim</strong></span> <span class='ocrx_word' id='word_1_488' title='bbox 2319 1565 2606 1636; x_wconf 91' lang='lat' dir='ltr'><strong>participat</strong></span> <span class='ocrx_word' id='word_1_489' title='bbox 2629 1564 2923 1633; x_wconf 66' lang='lat' dir='ltr'><strong>sapientiae,</strong></span> <span class='ocrx_word' id='word_1_490' title='bbox 2947 1572 3004 1619; x_wconf 92' lang='lat' dir='ltr'><strong>et</strong></span> <span class='ocrx_word' id='word_1_491' title='bbox 3019 1563 3169 1629; x_wconf 83' lang='lat' dir='ltr'><strong>vivit,</strong></span> <span class='ocrx_word' id='word_1_492' title='bbox 3188 1570 3367 1627; x_wconf 86' lang='lat' dir='ltr'><strong>etest;</strong></span> <span class='ocrx_word' id='word_1_493' title='bbox 3388 1563 3532 1633; x_wconf 88' lang='lat' dir='ltr'><strong>quod</strong></span> <span class='ocrx_word' id='word_1_494' title='bbox 3550 1572 3737 1620; x_wconf 86' lang='lat' dir='ltr'><strong>autem</strong></span> 
     </span>
    </p>
   </div>
   <div class='ocr_carea' id='block_1_60' title="bbox 2155 1652 3741 1723">
    <p class='ocr_par' dir='ltr' id='par_1_60' title="bbox 2155 1652 3741 1723">
     <span class='ocr_line' id='line_1_60' title="bbox 2155 1652 3741 1723; baseline -0.001 -14"><span class='ocrx_word' id='word_1_495' title='bbox 2155 1655 2288 1709; x_wconf 87' lang='lat' dir='ltr'><strong>vivit</strong></span> <span class='ocrx_word' id='word_1_496' title='bbox 2307 1668 2526 1710; x_wconf 85' lang='lat' dir='ltr'><strong>necesse</strong></span> <span class='ocrx_word' id='word_1_497' title='bbox 2537 1660 2620 1709; x_wconf 88' lang='lat' dir='ltr'><strong>est</strong></span> <span class='ocrx_word' id='word_1_498' title='bbox 2640 1660 2699 1706; x_wconf 90' lang='lat' dir='ltr'><strong>ut</strong></span> <span class='ocrx_word' id='word_1_499' title='bbox 2712 1652 2800 1716; x_wconf 91' lang='lat' dir='ltr'><strong>sit,</strong></span> <span class='ocrx_word' id='word_1_500' title='bbox 2823 1668 2929 1707; x_wconf 92' lang='lat' dir='ltr'><strong>non</strong></span> <span class='ocrx_word' id='word_1_501' title='bbox 2943 1665 3164 1708; x_wconf 86' lang='lat' dir='ltr'><strong>necesse</strong></span> <span class='ocrx_word' id='word_1_502' title='bbox 3176 1660 3260 1706; x_wconf 91' lang='lat' dir='ltr'><strong>est</strong></span> <span class='ocrx_word' id='word_1_503' title='bbox 3274 1660 3334 1706; x_wconf 90' lang='lat' dir='ltr'><strong>ut</strong></span> <span class='ocrx_word' id='word_1_504' title='bbox 3346 1653 3540 1723; x_wconf 87' lang='lat' dir='ltr'><strong>sapiat.</strong></span> <span class='ocrx_word' id='word_1_505' title='bbox 3553 1652 3741 1719; x_wconf 56' lang='lat' dir='ltr'><strong>mare</strong></span> 
     </span>
    </p>
   </div>
   <div class='ocr_carea' id='block_1_61' title="bbox 2155 1742 3737 1816">
    <p class='ocr_par' dir='ltr' id='par_1_61' title="bbox 2155 1742 3737 1816">
     <span class='ocr_line' id='line_1_61' title="bbox 2155 1742 3737 1816; baseline -0.003 -15"><span class='ocrx_word' id='word_1_506' title='bbox 2155 1762 2278 1802; x_wconf 89' lang='lat' dir='ltr'><strong>cum</strong></span> <span class='ocrx_word' id='word_1_507' title='bbox 2292 1746 2450 1801; x_wconf 89' lang='lat' dir='ltr'><strong>homo</strong></span> <span class='ocrx_word' id='word_1_508' title='bbox 2462 1745 2631 1816; x_wconf 89' lang='lat' dir='ltr'><strong>possit</strong></span> <span class='ocrx_word' id='word_1_509' title='bbox 2639 1745 2911 1814; x_wconf 75' lang='lat' dir='ltr'><strong>particeps</strong></span> <span class='ocrx_word' id='word_1_510' title='bbox 2919 1756 3039 1798; x_wconf 90' lang='lat' dir='ltr'><strong>esse</strong></span> <span class='ocrx_word' id='word_1_511' title='bbox 3057 1742 3331 1812; x_wconf 70' lang='lat' dir='ltr'><strong>sapientia:</strong></span> <span class='ocrx_word' id='word_1_512' title='bbox 3344 1743 3640 1797; x_wconf 88' lang='lat' dir='ltr'><strong>secundum</strong></span> <span class='ocrx_word' id='word_1_513' title='bbox 3655 1743 3737 1796; x_wconf 79' lang='lat' dir='ltr'><strong>in—</strong></span> 
     </span>
    </p>
   </div>
   <div class='ocr_carea' id='block_1_62' title="bbox 2158 1831 3735 1903">
    <p class='ocr_par' dir='ltr' id='par_1_62' title="bbox 2158 1831 3735 1903">
     <span class='ocr_line' id='line_1_62' title="bbox 2158 1831 3735 1903; baseline -0.005 -12"><span class='ocrx_word' id='word_1_514' title='bbox 2158 1837 2411 1891; x_wconf 88' lang='lat' dir='ltr'><strong>teriorem</strong></span> <span class='ocrx_word' id='word_1_515' title='bbox 2422 1834 2690 1889; x_wconf 88' lang='lat' dir='ltr'><strong>hominem</strong></span> <span class='ocrx_word' id='word_1_516' title='bbox 2710 1873 2725 1897; x_wconf 90' lang='lat'><strong>,</strong></span> <span class='ocrx_word' id='word_1_517' title='bbox 2756 1833 3050 1888; x_wconf 88' lang='lat' dir='ltr'><strong>secundum</strong></span> <span class='ocrx_word' id='word_1_518' title='bbox 3076 1831 3337 1901; x_wconf 88' lang='lat' dir='ltr'><strong>ipsumita</strong></span> <span class='ocrx_word' id='word_1_519' title='bbox 3352 1839 3435 1887; x_wconf 90' lang='lat' dir='ltr'><strong>est</strong></span> <span class='ocrx_word' id='word_1_520' title='bbox 3459 1833 3735 1903; x_wconf 80' lang='lat' dir='ltr'><strong>adimagi-</strong></span> 
     </span>
    </p>
   </div>
   <div class='ocr_carea' id='block_1_63' title="bbox 2158 1921 3735 1993">
    <p class='ocr_par' dir='ltr' id='par_1_63' title="bbox 2158 1921 3735 1993">
     <span class='ocr_line' id='line_1_63' title="bbox 2158 1921 3735 1993; baseline -0.003 -12"><span class='ocrx_word' id='word_1_521' title='bbox 2158 1933 2367 1989; x_wconf 91' lang='lat' dir='ltr'><strong>nem,ut</strong></span> <span class='ocrx_word' id='word_1_522' title='bbox 2381 1924 2727 1979; x_wconf 88' lang='lat' dir='ltr'><strong>nullanatura</strong></span> <span class='ocrx_word' id='word_1_523' title='bbox 2746 1924 3060 1993; x_wconf 89' lang='lat' dir='ltr'><strong>interposita</strong></span> <span class='ocrx_word' id='word_1_524' title='bbox 3084 1921 3369 1986; x_wconf 77' lang='lat' dir='ltr'><strong>formetur,</strong></span> <span class='ocrx_word' id='word_1_525' title='bbox 3396 1931 3453 1976; x_wconf 90' lang='lat' dir='ltr'><strong>et</strong></span> <span class='ocrx_word' id='word_1_526' title='bbox 3464 1922 3586 1977; x_wconf 89' lang='lat' dir='ltr'><strong>ideo</strong></span> <span class='ocrx_word' id='word_1_527' title='bbox 3596 1924 3735 1977; x_wconf 83' lang='lat' dir='ltr'><strong>nihil</strong></span> 
     </span>
    </p>
   </div>
   <div class='ocr_carea' id='block_1_64' title="bbox 2158 2011 3732 2082">
    <p class='ocr_par' dir='ltr' id='par_1_64' title="bbox 2158 2011 3732 2082">
     <span class='ocr_line' id='line_1_64' title="bbox 2158 2011 3732 2082; baseline -0.003 -13"><span class='ocrx_word' id='word_1_528' title='bbox 2158 2015 2227 2069; x_wconf 91' lang='lat' dir='ltr'><strong>sit</strong></span> <span class='ocrx_word' id='word_1_529' title='bbox 2243 2014 2352 2068; x_wconf 90' lang='lat' dir='ltr'><strong>Deo</strong></span> <span class='ocrx_word' id='word_1_530' title='bbox 2378 2011 2749 2081; x_wconf 90' lang='lat' dir='ltr'><strong>conjunctius;</strong></span> <span class='ocrx_word' id='word_1_531' title='bbox 2780 2018 2836 2064; x_wconf 91' lang='lat' dir='ltr'><strong>et</strong></span> <span class='ocrx_word' id='word_1_532' title='bbox 2862 2011 3002 2082; x_wconf 77' lang='lat' dir='ltr'><strong>sapit</strong></span> <span class='ocrx_word' id='word_1_533' title='bbox 3027 2011 3170 2064; x_wconf 90' lang='lat' dir='ltr'><strong>enim</strong></span> <span class='ocrx_word' id='word_1_534' title='bbox 3199 2020 3255 2065; x_wconf 92' lang='lat' dir='ltr'><strong>et</strong></span> <span class='ocrx_word' id='word_1_535' title='bbox 3275 2011 3407 2064; x_wconf 87' lang='lat' dir='ltr'><strong>vivit</strong></span> <span class='ocrx_word' id='word_1_536' title='bbox 3426 2019 3482 2065; x_wconf 86' lang='lat' dir='ltr'><strong>et</strong></span> <span class='ocrx_word' id='word_1_537' title='bbox 3495 2019 3732 2079; x_wconf 81' lang='lat' dir='ltr'><strong>estzqna</strong></span> 
     </span>
    </p>
   </div>
   <div class='ocr_carea' id='block_1_65' title="bbox 2159 2099 3733 2167">
    <p class='ocr_par' dir='ltr' id='par_1_65' title="bbox 2159 2099 3733 2167">
     <span class='ocr_line' id='line_1_65' title="bbox 2159 2099 3733 2167; baseline -0.003 -8"><span class='ocrx_word' id='word_1_538' title='bbox 2159 2110 2407 2159; x_wconf 88' lang='lat' dir='ltr'><strong>creatura</strong></span> <span class='ocrx_word' id='word_1_539' title='bbox 2436 2102 2567 2157; x_wconf 86' lang='lat' dir='ltr'><strong>nihil</strong></span> <span class='ocrx_word' id='word_1_540' title='bbox 2592 2109 2678 2156; x_wconf 91' lang='lat' dir='ltr'><strong>est</strong></span> <span class='ocrx_word' id='word_1_541' title='bbox 2701 2100 2912 2156; x_wconf 89' lang='lat' dir='ltr'><strong>melius.</strong></span> <span class='ocrx_word' id='word_1_542' title='bbox 2943 2099 3096 2167; x_wconf 84' lang='lat' dir='ltr'><strong>Quod</strong></span> <span class='ocrx_word' id='word_1_543' title='bbox 3119 2100 3164 2154; x_wconf 90' lang='lat' dir='ltr'><strong>si</strong></span> <span class='ocrx_word' id='word_1_544' title='bbox 3184 2101 3423 2155; x_wconf 84' lang='lat' dir='ltr'><strong>exterior</strong></span> <span class='ocrx_word' id='word_1_545' title='bbox 3440 2101 3600 2156; x_wconf 88' lang='lat' dir='ltr'><strong>homo</strong></span> <span class='ocrx_word' id='word_1_546' title='bbox 3624 2102 3733 2155; x_wconf 79' lang='lat' dir='ltr'><strong>vita</strong></span> 
     </span>
    </p>
   </div>
   <div class='ocr_carea' id='block_1_66' title="bbox 2161 2191 3735 2263">
    <p class='ocr_par' dir='ltr' id='par_1_66' title="bbox 2161 2191 3735 2263">
     <span class='ocr_line' id='line_1_66' title="bbox 2161 2191 3735 2263; baseline -0.001 -14"><span class='ocrx_word' id='word_1_547' title='bbox 2161 2194 2250 2249; x_wconf 89' lang='lat' dir='ltr'><strong>illa</strong></span> <span class='ocrx_word' id='word_1_548' title='bbox 2277 2193 2542 2263; x_wconf 88' lang='lat' dir='ltr'><strong>accipitur</strong></span> <span class='ocrx_word' id='word_1_549' title='bbox 2564 2207 2668 2261; x_wconf 89' lang='lat' dir='ltr'><strong>qua</strong></span> <span class='ocrx_word' id='word_1_550' title='bbox 2692 2205 2787 2260; x_wconf 86' lang='lat' dir='ltr'><strong>per</strong></span> <span class='ocrx_word' id='word_1_551' title='bbox 2813 2206 3007 2261; x_wconf 89' lang='lat' dir='ltr'><strong>corpus</strong></span> <span class='ocrx_word' id='word_1_552' title='bbox 3049 2191 3314 2246; x_wconf 87' lang='lat' dir='ltr'><strong>sentimus</strong></span> <span class='ocrx_word' id='word_1_553' title='bbox 3348 2191 3587 2262; x_wconf 89' lang='lat' dir='ltr'><strong>quinque</strong></span> <span class='ocrx_word' id='word_1_554' title='bbox 3630 2208 3735 2248; x_wconf 84' lang='lat' dir='ltr'><strong>no-</strong></span> 
     </span>
    </p>
   </div>
   <div class='ocr_carea' id='block_1_67' title="bbox 2164 2283 3735 2353">
    <p class='ocr_par' dir='ltr' id='par_1_67' title="bbox 2164 2283 3735 2353">
     <span class='ocr_line' id='line_1_67' title="bbox 2164 2283 3735 2353; baseline 0 -14"><span class='ocrx_word' id='word_1_555' title='bbox 2164 2284 2389 2340; x_wconf 87' lang='lat' dir='ltr'><strong>tissimis</strong></span> <span class='ocrx_word' id='word_1_556' title='bbox 2439 2284 2724 2349; x_wconf 89' lang='lat' dir='ltr'><strong>sensibus,</strong></span> <span class='ocrx_word' id='word_1_557' title='bbox 2778 2297 2914 2352; x_wconf 85' lang='lat' dir='ltr'><strong>quos</strong></span> <span class='ocrx_word' id='word_1_558' title='bbox 2963 2298 3088 2337; x_wconf 92' lang='lat' dir='ltr'><strong>cum</strong></span> <span class='ocrx_word' id='word_1_559' title='bbox 3138 2283 3427 2353; x_wconf 87' lang='lat' dir='ltr'><strong>pecoribus</strong></span> <span class='ocrx_word' id='word_1_560' title='bbox 3474 2284 3735 2339; x_wconf 88' lang='lat' dir='ltr'><strong>habemus</strong></span> 
     </span>
    </p>
   </div>
   <div class='ocr_carea' id='block_1_68' title="bbox 2162 2371 3736 2445">
    <p class='ocr_par' dir='ltr' id='par_1_68' title="bbox 2162 2371 3736 2445">
     <span class='ocr_line' id='line_1_68' title="bbox 2162 2371 3736 2445; baseline 0 -17"><span class='ocrx_word' id='word_1_561' title='bbox 2162 2387 2475 2429; x_wconf 89' lang='lat' dir='ltr'><strong>communes</strong></span> <span class='ocrx_word' id='word_1_562' title='bbox 2493 2372 2639 2445; x_wconf 90' lang='lat' dir='ltr'><strong>(nam</strong></span> <span class='ocrx_word' id='word_1_563' title='bbox 2660 2380 2715 2427; x_wconf 92' lang='lat' dir='ltr'><strong>et</strong></span> <span class='ocrx_word' id='word_1_564' title='bbox 2726 2372 2827 2427; x_wconf 90' lang='lat' dir='ltr'><strong>ista</strong></span> <span class='ocrx_word' id='word_1_565' title='bbox 2841 2371 3103 2428; x_wconf 88' lang='lat' dir='ltr'><strong>molestiis</strong></span> <span class='ocrx_word' id='word_1_566' title='bbox 3113 2373 3460 2429; x_wconf 85' lang='lat' dir='ltr'><strong>sensibilibus</strong></span> <span class='ocrx_word' id='word_1_567' title='bbox 3473 2389 3593 2444; x_wconf 62' lang='lat' dir='ltr'><strong>quae</strong></span> <span class='ocrx_word' id='word_1_568' title='bbox 3610 2391 3736 2445; x_wconf 87' lang='lat' dir='ltr'><strong>per-</strong></span> 
     </span>
    </p>
   </div>
   <div class='ocr_carea' id='block_1_69' title="bbox 2164 2464 3735 2538">
    <p class='ocr_par' dir='ltr' id='par_1_69' title="bbox 2164 2464 3735 2538">
     <span class='ocr_line' id='line_1_69' title="bbox 2164 2464 3735 2538; baseline 0 -17"><span class='ocrx_word' id='word_1_569' title='bbox 2164 2464 2531 2523; x_wconf 88' lang='lat' dir='ltr'><strong>secutionibns</strong></span> <span class='ocrx_word' id='word_1_570' title='bbox 2558 2465 2874 2535; x_wconf 89' lang='lat' dir='ltr'><strong>ingeruntur</strong></span> <span class='ocrx_word' id='word_1_571' title='bbox 2899 2465 3168 2535; x_wconf 89' lang='lat' dir='ltr'><strong>corrumpi</strong></span> <span class='ocrx_word' id='word_1_572' title='bbox 3213 2465 3433 2538; x_wconf 87' lang='lat' dir='ltr'><strong>potest),</strong></span> <span class='ocrx_word' id='word_1_573' title='bbox 3483 2482 3589 2521; x_wconf 89' lang='lat' dir='ltr'><strong>non</strong></span> <span class='ocrx_word' id='word_1_574' title='bbox 3632 2468 3735 2522; x_wconf 82' lang='lat' dir='ltr'><strong>im-</strong></span> 
     </span>
    </p>
   </div>
   <div class='ocr_carea' id='block_1_70' title="bbox 2165 2555 3735 2626">
    <p class='ocr_par' dir='ltr' id='par_1_70' title="bbox 2165 2555 3735 2626">
     <span class='ocr_line' id='line_1_70' title="bbox 2165 2555 3735 2626; baseline -0.001 -15"><span class='ocrx_word' id='word_1_575' title='bbox 2165 2556 2362 2611; x_wconf 91' lang='lat' dir='ltr'><strong>merito</strong></span> <span class='ocrx_word' id='word_1_576' title='bbox 2386 2562 2441 2611; x_wconf 92' lang='lat' dir='ltr'><strong>et</strong></span> <span class='ocrx_word' id='word_1_577' title='bbox 2470 2555 2584 2626; x_wconf 88' lang='lat' dir='ltr'><strong>ipse</strong></span> <span class='ocrx_word' id='word_1_578' title='bbox 2623 2555 2784 2610; x_wconf 90' lang='lat' dir='ltr'><strong>homo</strong></span> <span class='ocrx_word' id='word_1_579' title='bbox 2818 2555 3090 2625; x_wconf 85' lang='lat' dir='ltr'><strong>particeps</strong></span> <span class='ocrx_word' id='word_1_580' title='bbox 3133 2555 3331 2611; x_wconf 89' lang='lat' dir='ltr'><strong>dicitur</strong></span> <span class='ocrx_word' id='word_1_581' title='bbox 3366 2556 3735 2611; x_wconf 82' lang='lat' dir='ltr'><strong>similitudinis</strong></span> 
     </span>
    </p>
   </div>
   <div class='ocr_carea' id='block_1_71' title="bbox 2166 2645 3736 2716">
    <p class='ocr_par' dir='ltr' id='par_1_71' title="bbox 2166 2645 3736 2716">
     <span class='ocr_line' id='line_1_71' title="bbox 2166 2645 3736 2716; baseline -0.001 -14"><span class='ocrx_word' id='word_1_582' title='bbox 2166 2647 2295 2711; x_wconf 85' lang='lat' dir='ltr'><strong>Dei,</strong></span> <span class='ocrx_word' id='word_1_583' title='bbox 2326 2662 2433 2702; x_wconf 90' lang='lat' dir='ltr'><strong>non</strong></span> <span class='ocrx_word' id='word_1_584' title='bbox 2460 2645 2634 2701; x_wconf 89' lang='lat' dir='ltr'><strong>solum</strong></span> <span class='ocrx_word' id='word_1_585' title='bbox 2662 2647 2788 2715; x_wconf 90' lang='lat' dir='ltr'><strong>quia</strong></span> <span class='ocrx_word' id='word_1_586' title='bbox 2834 2646 2995 2710; x_wconf 86' lang='lat' dir='ltr'><strong>vivit,</strong></span> <span class='ocrx_word' id='word_1_587' title='bbox 3041 2647 3186 2716; x_wconf 89' lang='lat' dir='ltr'><strong>quod</strong></span> <span class='ocrx_word' id='word_1_588' title='bbox 3225 2648 3392 2703; x_wconf 85' lang='lat' dir='ltr'><strong>etiam</strong></span> <span class='ocrx_word' id='word_1_589' title='bbox 3441 2649 3499 2703; x_wconf 89' lang='lat' dir='ltr'><strong>in</strong></span> <span class='ocrx_word' id='word_1_590' title='bbox 3548 2649 3736 2702; x_wconf 89' lang='lat' dir='ltr'><strong>bestiis</strong></span> 
     </span>
    </p>
   </div>
   <div class='ocr_carea' id='block_1_72' title="bbox 2167 2736 3738 2808">
    <p class='ocr_par' dir='ltr' id='par_1_72' title="bbox 2167 2736 3738 2808">
     <span class='ocr_line' id='line_1_72' title="bbox 2167 2736 3738 2808; baseline 0 -17"><span class='ocrx_word' id='word_1_591' title='bbox 2167 2746 2418 2808; x_wconf 85' lang='lat' dir='ltr'><strong>apparet,</strong></span> <span class='ocrx_word' id='word_1_592' title='bbox 2449 2737 2547 2793; x_wconf 87' lang='lat' dir='ltr'><strong>sed</strong></span> <span class='ocrx_word' id='word_1_593' title='bbox 2572 2737 2833 2807; x_wconf 86' lang='lat' dir='ltr'><strong>amplius,</strong></span> <span class='ocrx_word' id='word_1_594' title='bbox 2862 2736 3002 2805; x_wconf 87' lang='lat' dir='ltr'><strong>quod</strong></span> <span class='ocrx_word' id='word_1_595' title='bbox 3029 2737 3100 2791; x_wconf 86' lang='lat' dir='ltr'><strong>ad</strong></span> <span class='ocrx_word' id='word_1_596' title='bbox 3126 2747 3362 2792; x_wconf 88' lang='lat' dir='ltr'><strong>mentem</strong></span> <span class='ocrx_word' id='word_1_597' title='bbox 3403 2739 3738 2794; x_wconf 81' lang='lat' dir='ltr'><strong>convertitur</strong></span> 
     </span>
    </p>
   </div>
   <div class='ocr_carea' id='block_1_73' title="bbox 2168 2827 3739 2898">
    <p class='ocr_par' dir='ltr' id='par_1_73' title="bbox 2168 2827 3739 2898">
     <span class='ocr_line' id='line_1_73' title="bbox 2168 2827 3739 2898; baseline -0.001 -13"><span class='ocrx_word' id='word_1_598' title='bbox 2168 2844 2228 2885; x_wconf 91' lang='lat' dir='ltr'><strong>se</strong></span> <span class='ocrx_word' id='word_1_599' title='bbox 2255 2835 2558 2898; x_wconf 88' lang='lat' dir='ltr'><strong>regentem,</strong></span> <span class='ocrx_word' id='word_1_600' title='bbox 2587 2843 2751 2897; x_wconf 89' lang='lat' dir='ltr'><strong>quam</strong></span> <span class='ocrx_word' id='word_1_601' title='bbox 2779 2827 3017 2883; x_wconf 86' lang='lat' dir='ltr'><strong>illustrat</strong></span> <span class='ocrx_word' id='word_1_602' title='bbox 3055 2827 3347 2898; x_wconf 85' lang='lat' dir='ltr'><strong>sapientia,</strong></span> <span class='ocrx_word' id='word_1_603' title='bbox 3377 2828 3520 2898; x_wconf 88' lang='lat' dir='ltr'><strong>quod</strong></span> <span class='ocrx_word' id='word_1_604' title='bbox 3550 2829 3605 2883; x_wconf 91' lang='lat' dir='ltr'><strong>in</strong></span> <span class='ocrx_word' id='word_1_605' title='bbox 3643 2829 3739 2883; x_wconf 84' lang='lat' dir='ltr'><strong>be—</strong></span> 
     </span>
    </p>
   </div>
   <div class='ocr_carea' id='block_1_74' title="bbox 2168 2915 3738 2987">
    <p class='ocr_par' dir='ltr' id='par_1_74' title="bbox 2168 2915 3738 2987">
     <span class='ocr_line' id='line_1_74' title="bbox 2168 2915 3738 2987; baseline 0 -15"><span class='ocrx_word' id='word_1_606' title='bbox 2168 2918 2289 2973; x_wconf 88' lang='lat' dir='ltr'><strong>stiis</strong></span> <span class='ocrx_word' id='word_1_607' title='bbox 2331 2932 2437 2973; x_wconf 90' lang='lat' dir='ltr'><strong>non</strong></span> <span class='ocrx_word' id='word_1_608' title='bbox 2464 2923 2643 2987; x_wconf 88' lang='lat' dir='ltr'><strong>potest</strong></span> <span class='ocrx_word' id='word_1_609' title='bbox 2671 2916 2875 2971; x_wconf 89' lang='lat' dir='ltr'><strong>ratione</strong></span> <span class='ocrx_word' id='word_1_610' title='bbox 2924 2916 3252 2972; x_wconf 87' lang='lat' dir='ltr'><strong>carentibus.</strong></span> <span class='ocrx_word' id='word_1_611' title='bbox 3292 2915 3502 2987; x_wconf 87' lang='lat' dir='ltr'><strong>Corpus</strong></span> <span class='ocrx_word' id='word_1_612' title='bbox 3525 2931 3738 2987; x_wconf 80' lang='lat' dir='ltr'><strong>quoque</strong></span> 
     </span>
    </p>
   </div>
   <div class='ocr_carea' id='block_1_75' title="bbox 2171 3007 3740 3080">
    <p class='ocr_par' dir='ltr' id='par_1_75' title="bbox 2171 3007 3740 3080">
     <span class='ocr_line' id='line_1_75' title="bbox 2171 3007 3740 3080; baseline -0.001 -15"><span class='ocrx_word' id='word_1_613' title='bbox 2171 3009 2403 3065; x_wconf 88' lang='lat' dir='ltr'><strong>hominis</strong></span> <span class='ocrx_word' id='word_1_614' title='bbox 2421 3009 2549 3080; x_wconf 91' lang='lat' dir='ltr'><strong>quia</strong></span> <span class='ocrx_word' id='word_1_615' title='bbox 2573 3007 2746 3064; x_wconf 85' lang='lat' dir='ltr'><strong>solum</strong></span> <span class='ocrx_word' id='word_1_616' title='bbox 2773 3008 2915 3062; x_wconf 91' lang='lat' dir='ltr'><strong>inter</strong></span> <span class='ocrx_word' id='word_1_617' title='bbox 2934 3008 3246 3064; x_wconf 87' lang='lat' dir='ltr'><strong>animalium</strong></span> <span class='ocrx_word' id='word_1_618' title='bbox 3267 3017 3605 3064; x_wconf 90' lang='lat' dir='ltr'><strong>terrenorum</strong></span> <span class='ocrx_word' id='word_1_619' title='bbox 3623 3025 3740 3064; x_wconf 79' lang='lat' dir='ltr'><strong>cor-</strong></span> 
     </span>
    </p>
   </div>
   <div class='ocr_carea' id='block_1_76' title="bbox 2172 3099 3741 3175">
    <p class='ocr_par' dir='ltr' id='par_1_76' title="bbox 2172 3099 3741 3175">
     <span class='ocr_line' id='line_1_76' title="bbox 2172 3099 3741 3175; baseline -0.001 -18"><span class='ocrx_word' id='word_1_620' title='bbox 2172 3119 2305 3175; x_wconf 90' lang='lat' dir='ltr'><strong>pora</strong></span> <span class='ocrx_word' id='word_1_621' title='bbox 2333 3119 2438 3158; x_wconf 88' lang='lat' dir='ltr'><strong>non</strong></span> <span class='ocrx_word' id='word_1_622' title='bbox 2459 3115 2687 3172; x_wconf 91' lang='lat' dir='ltr'><strong>pronum</strong></span> <span class='ocrx_word' id='word_1_623' title='bbox 2723 3100 2778 3155; x_wconf 90' lang='lat' dir='ltr'><strong>in</strong></span> <span class='ocrx_word' id='word_1_624' title='bbox 2805 3099 2981 3155; x_wconf 83' lang='lat' dir='ltr'><strong>alvum</strong></span> <span class='ocrx_word' id='word_1_625' title='bbox 3007 3108 3339 3169; x_wconf 87' lang='lat' dir='ltr'><strong>prostratum</strong></span> <span class='ocrx_word' id='word_1_626' title='bbox 3365 3109 3449 3155; x_wconf 89' lang='lat' dir='ltr'><strong>est</strong></span> <span class='ocrx_word' id='word_1_627' title='bbox 3471 3139 3487 3165; x_wconf 91' lang='lat'><strong>,</strong></span> <span class='ocrx_word' id='word_1_628' title='bbox 3515 3116 3637 3155; x_wconf 81' lang='lat' dir='ltr'><strong>cum</strong></span> <span class='ocrx_word' id='word_1_629' title='bbox 3666 3101 3741 3155; x_wconf 88' lang='lat' dir='ltr'><strong>sit</strong></span> 
     </span>
    </p>
   </div>
   <div class='ocr_carea' id='block_1_77' title="bbox 2173 3188 3745 3259">
    <p class='ocr_par' dir='ltr' id='par_1_77' title="bbox 2173 3188 3745 3259">
     <span class='ocr_line' id='line_1_77' title="bbox 2173 3188 3745 3259; baseline -0.001 -14"><span class='ocrx_word' id='word_1_630' title='bbox 2173 3191 2383 3249; x_wconf 89' lang='lat' dir='ltr'><strong>visibilc</strong></span> <span class='ocrx_word' id='word_1_631' title='bbox 2424 3190 2565 3245; x_wconf 89' lang='lat' dir='ltr'><strong>etin</strong></span> <span class='ocrx_word' id='word_1_632' title='bbox 2611 3190 2866 3245; x_wconf 89' lang='lat' dir='ltr'><strong>tuendum</strong></span> <span class='ocrx_word' id='word_1_633' title='bbox 2900 3188 3097 3244; x_wconf 75' lang='lat' dir='ltr'><strong>omium</strong></span> <span class='ocrx_word' id='word_1_634' title='bbox 3139 3195 3380 3243; x_wconf 81' lang='lat' dir='ltr'><strong>erectum</strong></span> <span class='ocrx_word' id='word_1_635' title='bbox 3403 3228 3418 3252; x_wconf 92' lang='lat'><strong>,</strong></span> <span class='ocrx_word' id='word_1_636' title='bbox 3467 3189 3612 3259; x_wconf 87' lang='lat' dir='ltr'><strong>quod</strong></span> <span class='ocrx_word' id='word_1_637' title='bbox 3657 3197 3745 3244; x_wconf 89' lang='lat' dir='ltr'><strong>est</strong></span> 
     </span>
    </p>
   </div>
   <div class='ocr_carea' id='block_1_78' title="bbox 2170 3279 3744 3352">
    <p class='ocr_par' dir='ltr' id='par_1_78' title="bbox 2170 3279 3744 3352">
     <span class='ocr_line' id='line_1_78' title="bbox 2170 3279 3744 3352; baseline -0.001 -17"><span class='ocrx_word' id='word_1_638' title='bbox 2170 3281 2494 3352; x_wconf 86' lang='lat' dir='ltr'><strong>principium</strong></span> <span class='ocrx_word' id='word_1_639' title='bbox 2523 3279 2812 3335; x_wconf 88' lang='lat' dir='ltr'><strong>visibilium</strong></span> <span class='ocrx_word' id='word_1_640' title='bbox 2836 3318 2851 3343; x_wconf 93' lang='lat'><strong>,</strong></span> <span class='ocrx_word' id='word_1_641' title='bbox 2887 3293 3194 3348; x_wconf 89' lang='lat' dir='ltr'><strong>quanquam</strong></span> <span class='ocrx_word' id='word_1_642' title='bbox 3222 3293 3328 3334; x_wconf 88' lang='lat' dir='ltr'><strong>non</strong></span> <span class='ocrx_word' id='word_1_643' title='bbox 3352 3292 3448 3335; x_wconf 87' lang='lat' dir='ltr'><strong>sua</strong></span> <span class='ocrx_word' id='word_1_644' title='bbox 3470 3319 3487 3345; x_wconf 92' lang='lat'><strong>,</strong></span> <span class='ocrx_word' id='word_1_645' title='bbox 3514 3280 3609 3334; x_wconf 82' lang='lat' dir='ltr'><strong>sed</strong></span> <span class='ocrx_word' id='word_1_646' title='bbox 3627 3280 3744 3333; x_wconf 85' lang='lat' dir='ltr'><strong>ani-</strong></span> 
     </span>
    </p>
   </div>
   <div class='ocr_carea' id='block_1_79' title="bbox 2172 3369 3744 3441">
    <p class='ocr_par' dir='ltr' id='par_1_79' title="bbox 2172 3369 3744 3441">
     <span class='ocr_line' id='line_1_79' title="bbox 2172 3369 3744 3441; baseline -0.002 -14"><span class='ocrx_word' id='word_1_647' title='bbox 2172 3387 2275 3427; x_wconf 67' lang='lat' dir='ltr'><strong>mae</strong></span> <span class='ocrx_word' id='word_1_648' title='bbox 2297 3370 2585 3441; x_wconf 69' lang='lat' dir='ltr'><strong>prmsentia</strong></span> <span class='ocrx_word' id='word_1_649' title='bbox 2610 3369 2793 3424; x_wconf 89' lang='lat' dir='ltr'><strong>vivere</strong></span> <span class='ocrx_word' id='word_1_650' title='bbox 2812 3378 3201 3438; x_wconf 87' lang='lat' dir='ltr'><strong>.cognoscatur,</strong></span> <span class='ocrx_word' id='word_1_651' title='bbox 3233 3377 3413 3425; x_wconf 85' lang='lat' dir='ltr'><strong>tamen</strong></span> <span class='ocrx_word' id='word_1_652' title='bbox 3440 3384 3550 3425; x_wconf 90' lang='lat' dir='ltr'><strong>non</strong></span> <span class='ocrx_word' id='word_1_653' title='bbox 3585 3372 3744 3425; x_wconf 78' lang='lat' dir='ltr'><strong>modo</strong></span> 
     </span>
    </p>
   </div>
   <div class='ocr_carea' id='block_1_80' title="bbox 2172 3459 3740 3533">
    <p class='ocr_par' dir='ltr' id='par_1_80' title="bbox 2172 3459 3740 3533">
     <span class='ocr_line' id='line_1_80' title="bbox 2172 3459 3740 3533; baseline -0.003 -17"><span class='ocrx_word' id='word_1_654' title='bbox 2172 3462 2299 3533; x_wconf 89' lang='lat' dir='ltr'><strong>quia</strong></span> <span class='ocrx_word' id='word_1_655' title='bbox 2348 3469 2432 3516; x_wconf 90' lang='lat' dir='ltr'><strong>est</strong></span> <span class='ocrx_word' id='word_1_656' title='bbox 2477 3468 2532 3517; x_wconf 90' lang='lat' dir='ltr'><strong>et</strong></span> <span class='ocrx_word' id='word_1_657' title='bbox 2576 3460 2632 3516; x_wconf 91' lang='lat' dir='ltr'><strong>in</strong></span> <span class='ocrx_word' id='word_1_658' title='bbox 2684 3466 2945 3529; x_wconf 86' lang='lat' dir='ltr'><strong>quantum</strong></span> <span class='ocrx_word' id='word_1_659' title='bbox 2978 3466 3084 3523; x_wconf 89' lang='lat' dir='ltr'><strong>est,</strong></span> <span class='ocrx_word' id='word_1_660' title='bbox 3146 3459 3333 3529; x_wconf 90' lang='lat' dir='ltr'><strong>utique</strong></span> <span class='ocrx_word' id='word_1_661' title='bbox 3372 3460 3575 3515; x_wconf 90' lang='lat' dir='ltr'><strong>bonum</strong></span> <span class='ocrx_word' id='word_1_662' title='bbox 3621 3466 3740 3521; x_wconf 87' lang='lat' dir='ltr'><strong>est.</strong></span> 
     </span>
    </p>
   </div>
   <div class='ocr_carea' id='block_1_81' title="bbox 2174 3550 3743 3621">
    <p class='ocr_par' dir='ltr' id='par_1_81' title="bbox 2174 3550 3743 3621">
     <span class='ocr_line' id='line_1_81' title="bbox 2174 3550 3743 3621; baseline -0.003 -13"><span class='ocrx_word' id='word_1_663' title='bbox 2174 3554 2268 3609; x_wconf 83' lang='lat' dir='ltr'><strong>sed</strong></span> <span class='ocrx_word' id='word_1_664' title='bbox 2326 3552 2491 3607; x_wconf 89' lang='lat' dir='ltr'><strong>etiam</strong></span> <span class='ocrx_word' id='word_1_665' title='bbox 2547 3551 2673 3621; x_wconf 89' lang='lat' dir='ltr'><strong>quia</strong></span> <span class='ocrx_word' id='word_1_666' title='bbox 2734 3550 2839 3606; x_wconf 87' lang='lat' dir='ltr'><strong>tale</strong></span> <span class='ocrx_word' id='word_1_667' title='bbox 2903 3557 2989 3605; x_wconf 89' lang='lat' dir='ltr'><strong>est</strong></span> <span class='ocrx_word' id='word_1_668' title='bbox 3040 3558 3099 3605; x_wconf 90' lang='lat' dir='ltr'><strong>ut</strong></span> <span class='ocrx_word' id='word_1_669' title='bbox 3151 3550 3221 3605; x_wconf 88' lang='lat' dir='ltr'><strong>ad</strong></span> <span class='ocrx_word' id='word_1_670' title='bbox 3272 3550 3743 3621; x_wconf 85' lang='lat' dir='ltr'><strong>contemplandum</strong></span> 
     </span>
    </p>
   </div>
   <div class='ocr_carea' id='block_1_82' title="bbox 2173 3638 3744 3710">
    <p class='ocr_par' dir='ltr' id='par_1_82' title="bbox 2173 3638 3744 3710">
     <span class='ocr_line' id='line_1_82' title="bbox 2173 3638 3744 3710; baseline -0.003 -12"><span class='ocrx_word' id='word_1_671' title='bbox 2173 3643 2369 3698; x_wconf 74' lang='lat' dir='ltr'><strong>cmlum</strong></span> <span class='ocrx_word' id='word_1_672' title='bbox 2427 3642 2498 3696; x_wconf 91' lang='lat' dir='ltr'><strong>sit</strong></span> <span class='ocrx_word' id='word_1_673' title='bbox 2555 3640 2762 3710; x_wconf 88' lang='lat' dir='ltr'><strong>aptius,</strong></span> <span class='ocrx_word' id='word_1_674' title='bbox 2838 3638 3011 3709; x_wconf 82' lang='lat' dir='ltr'><strong>magis</strong></span> <span class='ocrx_word' id='word_1_675' title='bbox 3072 3638 3129 3693; x_wconf 92' lang='lat' dir='ltr'><strong>in</strong></span> <span class='ocrx_word' id='word_1_676' title='bbox 3179 3639 3283 3695; x_wconf 88' lang='lat' dir='ltr'><strong>hoc</strong></span> <span class='ocrx_word' id='word_1_677' title='bbox 3339 3639 3408 3693; x_wconf 91' lang='lat' dir='ltr'><strong>ad</strong></span> <span class='ocrx_word' id='word_1_678' title='bbox 3456 3639 3744 3710; x_wconf 81' lang='lat' dir='ltr'><strong>imaginem</strong></span> 
     </span>
    </p>
   </div>
   <div class='ocr_carea' id='block_1_83' title="bbox 2173 3732 3737 3803">
    <p class='ocr_par' dir='ltr' id='par_1_83' title="bbox 2173 3732 3737 3803">
     <span class='ocr_line' id='line_1_83' title="bbox 2173 3732 3737 3803; baseline -0.003 -13"><span class='ocrx_word' id='word_1_679' title='bbox 2173 3745 2228 3791; x_wconf 91' lang='lat' dir='ltr'><strong>ct</strong></span> <span class='ocrx_word' id='word_1_680' title='bbox 2270 3733 2678 3790; x_wconf 88' lang='lat' dir='ltr'><strong>similitudinem</strong></span> <span class='ocrx_word' id='word_1_681' title='bbox 2735 3732 2829 3786; x_wconf 90' lang='lat' dir='ltr'><strong>Dei</strong></span> <span class='ocrx_word' id='word_1_682' title='bbox 2883 3747 3046 3802; x_wconf 90' lang='lat' dir='ltr'><strong>quam</strong></span> <span class='ocrx_word' id='word_1_683' title='bbox 3092 3740 3287 3787; x_wconf 63' lang='lat' dir='ltr'><strong>catera</strong></span> <span class='ocrx_word' id='word_1_684' title='bbox 3330 3746 3561 3803; x_wconf 90' lang='lat' dir='ltr'><strong>corpora</strong></span> <span class='ocrx_word' id='word_1_685' title='bbox 3620 3732 3737 3785; x_wconf 89' lang='lat' dir='ltr'><strong>ani-</strong></span> 
     </span>
    </p>
   </div>
   <div class='ocr_carea' id='block_1_84' title="bbox 2177 3822 3738 3893">
    <p class='ocr_par' dir='ltr' id='par_1_84' title="bbox 2177 3822 3738 3893">
     <span class='ocr_line' id='line_1_84' title="bbox 2177 3822 3738 3893; baseline -0.002 -13"><span class='ocrx_word' id='word_1_686' title='bbox 2177 3826 2397 3881; x_wconf 88' lang='lat' dir='ltr'><strong>malium</strong></span> <span class='ocrx_word' id='word_1_687' title='bbox 2424 3823 2562 3879; x_wconf 88' lang='lat' dir='ltr'><strong>facta</strong></span> <span class='ocrx_word' id='word_1_688' title='bbox 2598 3822 2723 3893; x_wconf 86' lang='lat' dir='ltr'><strong>jure</strong></span> <span class='ocrx_word' id='word_1_689' title='bbox 2748 3823 2917 3878; x_wconf 90' lang='lat' dir='ltr'><strong>videri</strong></span> <span class='ocrx_word' id='word_1_690' title='bbox 2939 3830 3118 3892; x_wconf 86' lang='lat' dir='ltr'><strong>potest</strong></span> <span class='ocrx_word' id='word_1_691' title='bbox 3141 3840 3155 3876; x_wconf 88' lang='lat'><strong>:</strong></span> <span class='ocrx_word' id='word_1_692' title='bbox 3181 3830 3361 3877; x_wconf 91' lang='lat' dir='ltr'><strong>tamen</strong></span> <span class='ocrx_word' id='word_1_693' title='bbox 3406 3823 3533 3892; x_wconf 89' lang='lat' dir='ltr'><strong>quia</strong></span> <span class='ocrx_word' id='word_1_694' title='bbox 3573 3822 3738 3877; x_wconf 88' lang='lat' dir='ltr'><strong>homo</strong></span> 
     </span>
    </p>
   </div>
   <div class='ocr_carea' id='block_1_85' title="bbox 2177 3912 3743 3984">
    <p class='ocr_par' dir='ltr' id='par_1_85' title="bbox 2177 3912 3743 3984">
     <span class='ocr_line' id='line_1_85' title="bbox 2177 3912 3743 3984; baseline -0.005 -12"><span class='ocrx_word' id='word_1_695' title='bbox 2177 3918 2295 3972; x_wconf 85' lang='lat' dir='ltr'><strong>sine</strong></span> <span class='ocrx_word' id='word_1_696' title='bbox 2339 3916 2449 3970; x_wconf 88' lang='lat' dir='ltr'><strong>vita</strong></span> <span class='ocrx_word' id='word_1_697' title='bbox 2494 3931 2600 3970; x_wconf 90' lang='lat' dir='ltr'><strong>non</strong></span> <span class='ocrx_word' id='word_1_698' title='bbox 2645 3922 2792 3969; x_wconf 89' lang='lat' dir='ltr'><strong>recte</strong></span> <span class='ocrx_word' id='word_1_699' title='bbox 2837 3913 3155 3984; x_wconf 88' lang='lat' dir='ltr'><strong>appellatur,</strong></span> <span class='ocrx_word' id='word_1_700' title='bbox 3194 3929 3299 3968; x_wconf 90' lang='lat' dir='ltr'><strong>non</strong></span> <span class='ocrx_word' id='word_1_701' title='bbox 3353 3926 3553 3982; x_wconf 86' lang='lat' dir='ltr'><strong>corpus</strong></span> <span class='ocrx_word' id='word_1_702' title='bbox 3595 3912 3743 3967; x_wconf 87' lang='lat' dir='ltr'><strong>solus</strong></span> 
     </span>
    </p>
   </div>
   <div class='ocr_carea' id='block_1_86' title="bbox 2178 4003 3746 4074">
    <p class='ocr_par' dir='ltr' id='par_1_86' title="bbox 2178 4003 3746 4074">
     <span class='ocr_line' id='line_1_86' title="bbox 2178 4003 3746 4074; baseline -0.005 -11"><span class='ocrx_word' id='word_1_703' title='bbox 2178 4010 2340 4063; x_wconf 90' lang='lat' dir='ltr'><strong>homo</strong></span> <span class='ocrx_word' id='word_1_704' title='bbox 2384 4007 2653 4069; x_wconf 88' lang='lat' dir='ltr'><strong>exterior,</strong></span> <span class='ocrx_word' id='word_1_705' title='bbox 2707 4019 2879 4074; x_wconf 84' lang='lat' dir='ltr'><strong>neque</strong></span> <span class='ocrx_word' id='word_1_706' title='bbox 2928 4005 3041 4060; x_wconf 89' lang='lat' dir='ltr'><strong>sola</strong></span> <span class='ocrx_word' id='word_1_707' title='bbox 3068 4005 3176 4058; x_wconf 85' lang='lat' dir='ltr'><strong>vita</strong></span> <span class='ocrx_word' id='word_1_708' title='bbox 3223 4018 3344 4073; x_wconf 67' lang='lat' dir='ltr'><strong>qua:</strong></span> <span class='ocrx_word' id='word_1_709' title='bbox 3390 4003 3444 4057; x_wconf 91' lang='lat' dir='ltr'><strong>in</strong></span> <span class='ocrx_word' id='word_1_710' title='bbox 3470 4017 3634 4057; x_wconf 88' lang='lat' dir='ltr'><strong>sensu</strong></span> <span class='ocrx_word' id='word_1_711' title='bbox 3662 4011 3746 4056; x_wconf 86' lang='lat' dir='ltr'><strong>est</strong></span> 
     </span>
    </p>
   </div>
   <div class='ocr_carea' id='block_1_87' title="bbox 2179 4097 3752 4171">
    <p class='ocr_par' dir='ltr' id='par_1_87' title="bbox 2179 4097 3752 4171">
     <span class='ocr_line' id='line_1_87' title="bbox 2179 4097 3752 4171; baseline -0.005 -14"><span class='ocrx_word' id='word_1_712' title='bbox 2179 4101 2441 4171; x_wconf 86' lang='lat' dir='ltr'><strong>corporis,</strong></span> <span class='ocrx_word' id='word_1_713' title='bbox 2464 4101 2558 4156; x_wconf 89' lang='lat' dir='ltr'><strong>sed</strong></span> <span class='ocrx_word' id='word_1_714' title='bbox 2586 4107 2875 4168; x_wconf 88' lang='lat' dir='ltr'><strong>utrumque</strong></span> <span class='ocrx_word' id='word_1_715' title='bbox 2898 4098 3058 4152; x_wconf 90' lang='lat' dir='ltr'><strong>simul</strong></span> <span class='ocrx_word' id='word_1_716' title='bbox 3077 4099 3276 4153; x_wconf 89' lang='lat' dir='ltr'><strong>rectius</strong></span> <span class='ocrx_word' id='word_1_717' title='bbox 3302 4097 3530 4152; x_wconf 86' lang='lat' dir='ltr'><strong>fortasse</strong></span> <span class='ocrx_word' id='word_1_718' title='bbox 3552 4097 3752 4151; x_wconf 83' lang='lat' dir='ltr'><strong>intelli-</strong></span> 
     </span>
    </p>
   </div>
   <div class='ocr_carea' id='block_1_88' title="bbox 2178 4186 3752 4263">
    <p class='ocr_par' dir='ltr' id='par_1_88' title="bbox 2178 4186 3752 4263">
     <span class='ocr_line' id='line_1_88' title="bbox 2178 4186 3752 4263; baseline -0.005 -16"><span class='ocrx_word' id='word_1_719' title='bbox 2178 4201 2357 4263; x_wconf 87' lang='lat' dir='ltr'><strong>gatur.</strong></span> <span class='ocrx_word' id='word_1_720' title='bbox 2381 4190 2565 4260; x_wconf 88' lang='lat' dir='ltr'><strong>Neque</strong></span> <span class='ocrx_word' id='word_1_721' title='bbox 2582 4189 2773 4244; x_wconf 89' lang='lat' dir='ltr'><strong>inscite</strong></span> <span class='ocrx_word' id='word_1_722' title='bbox 2793 4188 3141 4257; x_wconf 84' lang='lat' dir='ltr'><strong>distinguitur</strong></span> <span class='ocrx_word' id='word_1_723' title='bbox 3160 4188 3303 4257; x_wconf 87' lang='lat' dir='ltr'><strong>quod</strong></span> <span class='ocrx_word' id='word_1_724' title='bbox 3323 4187 3469 4242; x_wconf 88' lang='lat' dir='ltr'><strong>aliud</strong></span> <span class='ocrx_word' id='word_1_725' title='bbox 3479 4186 3551 4241; x_wconf 87' lang='lat' dir='ltr'><strong>sit</strong></span> <span class='ocrx_word' id='word_1_726' title='bbox 3574 4187 3752 4255; x_wconf 77' lang='lat' dir='ltr'><strong>imago</strong></span> 
     </span>
    </p>
   </div>
   <div class='ocr_carea' id='block_1_89' title="bbox 2180 4276 3750 4349">
    <p class='ocr_par' dir='ltr' id='par_1_89' title="bbox 2180 4276 3750 4349">
     <span class='ocr_line' id='line_1_89' title="bbox 2180 4276 3750 4349; baseline -0.006 -11"><span class='ocrx_word' id='word_1_727' title='bbox 2180 4292 2236 4338; x_wconf 89' lang='lat' dir='ltr'><strong>et</strong></span> <span class='ocrx_word' id='word_1_728' title='bbox 2263 4281 2561 4339; x_wconf 89' lang='lat' dir='ltr'><strong>similitudo</strong></span> <span class='ocrx_word' id='word_1_729' title='bbox 2587 4280 2711 4340; x_wconf 89' lang='lat' dir='ltr'><strong>Dei,</strong></span> <span class='ocrx_word' id='word_1_730' title='bbox 2742 4280 2834 4349; x_wconf 91' lang='lat' dir='ltr'><strong>qui</strong></span> <span class='ocrx_word' id='word_1_731' title='bbox 2860 4279 3025 4334; x_wconf 84' lang='lat' dir='ltr'><strong>etiam</strong></span> <span class='ocrx_word' id='word_1_732' title='bbox 3055 4278 3221 4332; x_wconf 83' lang='lat' dir='ltr'><strong>Filius</strong></span> <span class='ocrx_word' id='word_1_733' title='bbox 3263 4277 3478 4339; x_wconf 89' lang='lat' dir='ltr'><strong>dicitur,</strong></span> <span class='ocrx_word' id='word_1_734' title='bbox 3510 4276 3657 4331; x_wconf 88' lang='lat' dir='ltr'><strong>aliud</strong></span> <span class='ocrx_word' id='word_1_735' title='bbox 3683 4277 3750 4329; x_wconf 85' lang='lat' dir='ltr'><strong>ad</strong></span> 
     </span>
    </p>
   </div>
   <div class='ocr_carea' id='block_1_90' title="bbox 2184 4365 3747 4443">
    <p class='ocr_par' dir='ltr' id='par_1_90' title="bbox 2184 4365 3747 4443">
     <span class='ocr_line' id='line_1_90' title="bbox 2184 4365 3747 4443; baseline -0.004 -16"><span class='ocrx_word' id='word_1_736' title='bbox 2184 4371 2472 4443; x_wconf 81' lang='lat' dir='ltr'><strong>imaginem</strong></span> <span class='ocrx_word' id='word_1_737' title='bbox 2496 4380 2550 4425; x_wconf 92' lang='lat' dir='ltr'><strong>et</strong></span> <span class='ocrx_word' id='word_1_738' title='bbox 2572 4369 2972 4424; x_wconf 87' lang='lat' dir='ltr'><strong>similitudinem</strong></span> <span class='ocrx_word' id='word_1_739' title='bbox 2985 4368 3081 4423; x_wconf 86' lang='lat' dir='ltr'><strong>Dei</strong></span> <span class='ocrx_word' id='word_1_740' title='bbox 3099 4369 3239 4423; x_wconf 80' lang='lat' dir='ltr'><strong>sicut</strong></span> <span class='ocrx_word' id='word_1_741' title='bbox 3255 4367 3526 4422; x_wconf 85' lang='lat' dir='ltr'><strong>hominem</strong></span> <span class='ocrx_word' id='word_1_742' title='bbox 3548 4365 3747 4421; x_wconf 85' lang='lat' dir='ltr'><strong>factum</strong></span> 
     </span>
    </p>
   </div>
   <div class='ocr_carea' id='block_1_91' title="bbox 505 4458 3754 4547">
    <p class='ocr_par' dir='ltr' id='par_1_91' title="bbox 505 4458 3754 4547">
     <span class='ocr_line' id='line_1_91' title="bbox 505 4458 3754 4547; baseline -0.001 -32"><span class='ocrx_word' id='word_1_743' title='bbox 505 4470 925 4517; x_wconf 84' lang='lat' dir='ltr'><strong>commemoret:</strong></span> <span class='ocrx_word' id='word_1_744' title='bbox 962 4478 1190 4531; x_wconf 89' lang='lat' dir='ltr'><strong>quorum</strong></span> <span class='ocrx_word' id='word_1_745' title='bbox 1215 4478 1401 4518; x_wconf 88' lang='lat' dir='ltr'><strong>rursus</strong></span> <span class='ocrx_word' id='word_1_746' title='bbox 1440 4464 1590 4518; x_wconf 90' lang='lat' dir='ltr'><strong>illum</strong></span> <span class='ocrx_word' id='word_1_747' title='bbox 1632 4464 1863 4534; x_wconf 88' lang='lat' dir='ltr'><strong>appellat</strong></span> <span class='ocrx_word' id='word_1_748' title='bbox 1892 4463 2078 4534; x_wconf 83' lang='lat' dir='ltr'><strong>imagi—</strong></span> <span class='ocrx_word' id='word_1_749' title='bbox 2110 4488 2160 4547; x_wconf 74' lang='grc' dir='ltr'><strong>ι)</strong></span> <span class='ocrx_word' id='word_1_750' title='bbox 2184 4463 2497 4533; x_wconf 84' lang='lat' dir='ltr'><strong>accipimus.</strong></span> <span class='ocrx_word' id='word_1_751' title='bbox 2524 4460 2838 4515; x_wconf 90' lang='lat' dir='ltr'><strong>Suntetiam</strong></span> <span class='ocrx_word' id='word_1_752' title='bbox 2859 4460 2952 4529; x_wconf 91' lang='lat' dir='ltr'><strong>qui</strong></span> <span class='ocrx_word' id='word_1_753' title='bbox 2975 4475 3082 4514; x_wconf 91' lang='lat' dir='ltr'><strong>non</strong></span> <span class='ocrx_word' id='word_1_754' title='bbox 3109 4458 3308 4514; x_wconf 79' lang='lat' dir='ltr'><strong>frustra</strong></span> <span class='ocrx_word' id='word_1_755' title='bbox 3332 4458 3630 4527; x_wconf 84' lang='lat' dir='ltr'><strong>intelligant</strong></span> <span class='ocrx_word' id='word_1_756' title='bbox 3648 4458 3754 4512; x_wconf 87' lang='lat' dir='ltr'><strong>duo</strong></span> 
     </span>
    </p>
   </div>
   <div class='ocr_carea' id='block_1_92' title="bbox 506 4550 2081 4623">
    <p class='ocr_par' dir='ltr' id='par_1_92' title="bbox 506 4550 2081 4623">
     <span class='ocr_line' id='line_1_92' title="bbox 506 4550 2081 4623; baseline 0.002 -20"><span class='ocrx_word' id='word_1_757' title='bbox 506 4563 630 4603; x_wconf 90' lang='lat' dir='ltr'><strong>nem</strong></span> <span class='ocrx_word' id='word_1_758' title='bbox 660 4550 858 4603; x_wconf 90' lang='lat' dir='ltr'><strong>terreni</strong></span> <span class='ocrx_word' id='word_1_759' title='bbox 883 4550 1136 4615; x_wconf 89' lang='lat' dir='ltr'><strong>hominis,</strong></span> <span class='ocrx_word' id='word_1_760' title='bbox 1158 4552 1282 4621; x_wconf 87' lang='lat' dir='ltr'><strong>quia</strong></span> <span class='ocrx_word' id='word_1_761' title='bbox 1310 4552 1599 4608; x_wconf 90' lang='lat' dir='ltr'><strong>secundum</strong></span> <span class='ocrx_word' id='word_1_762' title='bbox 1623 4563 1899 4623; x_wconf 87' lang='lat' dir='ltr'><strong>peccatum</strong></span> <span class='ocrx_word' id='word_1_763' title='bbox 1923 4554 2081 4623; x_wconf 89' lang='lat' dir='ltr'><strong>primi</strong></span> 
     </span>
    </p>
   </div>
   <div class='ocr_carea' id='block_1_93' title="bbox 506 4638 2083 4714">
    <p class='ocr_par' dir='ltr' id='par_1_93' title="bbox 506 4638 2083 4714">
     <span class='ocr_line' id='line_1_93' title="bbox 506 4638 2083 4714; baseline 0.003 -20"><span class='ocrx_word' id='word_1_764' title='bbox 506 4638 742 4694; x_wconf 87' lang='lat' dir='ltr'><strong>hominis</strong></span> <span class='ocrx_word' id='word_1_765' title='bbox 768 4638 1000 4707; x_wconf 86' lang='lat' dir='ltr'><strong>geritur,</strong></span> <span class='ocrx_word' id='word_1_766' title='bbox 1038 4640 1128 4709; x_wconf 90' lang='lat' dir='ltr'><strong>qui</strong></span> <span class='ocrx_word' id='word_1_767' title='bbox 1170 4650 1253 4695; x_wconf 88' lang='lat' dir='ltr'><strong>est</strong></span> <span class='ocrx_word' id='word_1_768' title='bbox 1285 4639 1487 4701; x_wconf 78' lang='lat' dir='ltr'><strong>Adam:</strong></span> <span class='ocrx_word' id='word_1_769' title='bbox 1525 4643 1754 4697; x_wconf 88' lang='lat' dir='ltr'><strong>alterum</strong></span> <span class='ocrx_word' id='word_1_770' title='bbox 1798 4644 2083 4714; x_wconf 84' lang='lat' dir='ltr'><strong>imaginem</strong></span> 
     </span>
    </p>
   </div>
   <div class='ocr_carea' id='block_1_94' title="bbox 492 4725 2085 4802">
    <p class='ocr_par' dir='ltr' id='par_1_94' title="bbox 492 4725 2085 4802">
     <span class='ocr_line' id='line_1_94' title="bbox 492 4725 2085 4802; baseline 0.002 -19"><span class='ocrx_word' id='word_1_771' title='bbox 492 4725 743 4783; x_wconf 65' lang='lat' dir='ltr'><strong>&#39;cuzlestis</strong></span> <span class='ocrx_word' id='word_1_772' title='bbox 777 4728 1044 4793; x_wconf 91' lang='lat' dir='ltr'><strong>hominis,</strong></span> <span class='ocrx_word' id='word_1_773' title='bbox 1084 4730 1211 4798; x_wconf 91' lang='lat' dir='ltr'><strong>quia</strong></span> <span class='ocrx_word' id='word_1_774' title='bbox 1250 4733 1541 4787; x_wconf 85' lang='lat' dir='ltr'><strong>secundum</strong></span> <span class='ocrx_word' id='word_1_775' title='bbox 1560 4731 1823 4802; x_wconf 85' lang='lat' dir='ltr'><strong>justitiam</strong></span> <span class='ocrx_word' id='word_1_776' title='bbox 1866 4731 2085 4789; x_wconf 90' lang='lat' dir='ltr'><strong>secundi</strong></span> 
     </span>
    </p>
   </div>
   <div class='ocr_carea' id='block_1_95' title="bbox 507 4816 2083 4889">
    <p class='ocr_par' dir='ltr' id='par_1_95' title="bbox 507 4816 2083 4889">
     <span class='ocr_line' id='line_1_95' title="bbox 507 4816 2083 4889; baseline 0.006 -18"><span class='ocrx_word' id='word_1_777' title='bbox 507 4816 741 4873; x_wconf 90' lang='lat' dir='ltr'><strong>hominis</strong></span> <span class='ocrx_word' id='word_1_778' title='bbox 776 4819 1008 4889; x_wconf 88' lang='lat' dir='ltr'><strong>geritur,</strong></span> <span class='ocrx_word' id='word_1_779' title='bbox 1062 4820 1153 4889; x_wconf 91' lang='lat' dir='ltr'><strong>qui</strong></span> <span class='ocrx_word' id='word_1_780' title='bbox 1189 4829 1271 4876; x_wconf 86' lang='lat' dir='ltr'><strong>est</strong></span> <span class='ocrx_word' id='word_1_781' title='bbox 1306 4821 1551 4880; x_wconf 74' lang='lat' dir='ltr'><strong>Christus</strong></span> <span class='ocrx_word' id='word_1_782' title='bbox 1580 4842 1592 4877; x_wconf 89' lang='lat'><strong>:</strong></span> <span class='ocrx_word' id='word_1_783' title='bbox 1634 4825 1869 4880; x_wconf 83' lang='lat' dir='ltr'><strong>exterior</strong></span> <span class='ocrx_word' id='word_1_784' title='bbox 1906 4833 2083 4880; x_wconf 88' lang='lat' dir='ltr'><strong>autem</strong></span> 
     </span>
    </p>
   </div>
   <div class='ocr_carea' id='block_1_96' title="bbox 507 4909 2086 4983">
    <p class='ocr_par' dir='ltr' id='par_1_96' title="bbox 507 4909 2086 4983">
     <span class='ocr_line' id='line_1_96' title="bbox 507 4909 2086 4983; baseline 0.003 -18"><span class='ocrx_word' id='word_1_785' title='bbox 507 4909 671 4965; x_wconf 89' lang='lat' dir='ltr'><strong>homo</strong></span> <span class='ocrx_word' id='word_1_786' title='bbox 719 4909 809 4979; x_wconf 90' lang='lat' dir='ltr'><strong>qui</strong></span> <span class='ocrx_word' id='word_1_787' title='bbox 857 4925 998 4966; x_wconf 89' lang='lat' dir='ltr'><strong>nunc</strong></span> <span class='ocrx_word' id='word_1_788' title='bbox 1046 4914 1411 4983; x_wconf 87' lang='lat' dir='ltr'><strong>corrumpitur</strong></span> <span class='ocrx_word' id='word_1_789' title='bbox 1470 4914 1650 4970; x_wconf 89' lang='lat' dir='ltr'><strong>futura</strong></span> <span class='ocrx_word' id='word_1_790' title='bbox 1694 4917 2086 4971; x_wconf 84' lang='lat' dir='ltr'><strong>resurrectione</strong></span> 
     </span>
    </p>
   </div>
   <div class='ocr_carea' id='block_1_97' title="bbox 508 5001 2083 5075">
    <p class='ocr_par' dir='ltr' id='par_1_97' title="bbox 508 5001 2083 5075">
     <span class='ocr_line' id='line_1_97' title="bbox 508 5001 2083 5075; baseline 0.003 -19"><span class='ocrx_word' id='word_1_791' title='bbox 508 5008 832 5065; x_wconf 84' lang='lat' dir='ltr'><strong>renovatur,</strong></span> <span class='ocrx_word' id='word_1_792' title='bbox 887 5015 1010 5055; x_wconf 90' lang='lat' dir='ltr'><strong>cum</strong></span> <span class='ocrx_word' id='word_1_793' title='bbox 1060 5001 1218 5057; x_wconf 90' lang='lat' dir='ltr'><strong>istam</strong></span> <span class='ocrx_word' id='word_1_794' title='bbox 1271 5014 1499 5059; x_wconf 91' lang='lat' dir='ltr'><strong>mortem</strong></span> <span class='ocrx_word' id='word_1_795' title='bbox 1545 5003 1863 5075; x_wconf 84' lang='lat' dir='ltr'><strong>persolverit</strong></span> <span class='ocrx_word' id='word_1_796' title='bbox 1922 5022 2083 5075; x_wconf 88' lang='lat' dir='ltr'><strong>quam</strong></span> 
     </span>
    </p>
   </div>
   <div class='ocr_carea' id='block_1_98' title="bbox 507 5091 2085 5168">
    <p class='ocr_par' dir='ltr' id='par_1_98' title="bbox 507 5091 2085 5168">
     <span class='ocr_line' id='line_1_98' title="bbox 507 5091 2085 5168; baseline 0.003 -21"><span class='ocrx_word' id='word_1_797' title='bbox 507 5100 716 5147; x_wconf 67' lang='lat' dir='ltr'><strong>natura</strong></span> <span class='ocrx_word' id='word_1_798' title='bbox 753 5091 929 5158; x_wconf 86' lang='lat' dir='ltr'><strong>debet,</strong></span> <span class='ocrx_word' id='word_1_799' title='bbox 964 5091 1078 5163; x_wconf 86' lang='lat' dir='ltr'><strong>lege</strong></span> <span class='ocrx_word' id='word_1_800' title='bbox 1123 5093 1213 5147; x_wconf 90' lang='lat' dir='ltr'><strong>illa</strong></span> <span class='ocrx_word' id='word_1_801' title='bbox 1252 5109 1370 5163; x_wconf 69' lang='lat' dir='ltr'><strong>qua:</strong></span> <span class='ocrx_word' id='word_1_802' title='bbox 1416 5096 1470 5151; x_wconf 93' lang='lat' dir='ltr'><strong>in</strong></span> <span class='ocrx_word' id='word_1_803' title='bbox 1512 5095 1762 5165; x_wconf 90' lang='lat' dir='ltr'><strong>paradiso</strong></span> <span class='ocrx_word' id='word_1_804' title='bbox 1807 5112 1906 5168; x_wconf 91' lang='lat' dir='ltr'><strong>per</strong></span> <span class='ocrx_word' id='word_1_805' title='bbox 1950 5112 2085 5167; x_wconf 72' lang='lat' dir='ltr'><strong>pne—</strong></span> 
     </span>
    </p>
   </div>
   <div class='ocr_carea' id='block_1_99' title="bbox 507 5179 2085 5249">
    <p class='ocr_par' dir='ltr' id='par_1_99' title="bbox 507 5179 2085 5249">
     <span class='ocr_line' id='line_1_99' title="bbox 507 5179 2085 5249; baseline 0.003 -14"><span class='ocrx_word' id='word_1_806' title='bbox 507 5187 723 5249; x_wconf 87' lang='lat' dir='ltr'><strong>ccptum</strong></span> <span class='ocrx_word' id='word_1_807' title='bbox 773 5179 897 5235; x_wconf 90' lang='lat' dir='ltr'><strong>data</strong></span> <span class='ocrx_word' id='word_1_808' title='bbox 943 5189 1047 5235; x_wconf 87' lang='lat' dir='ltr'><strong>est.</strong></span> <span class='ocrx_word' id='word_1_809' title='bbox 1099 5179 1375 5248; x_wconf 87' lang='lat' dir='ltr'><strong>Quomodo</strong></span> <span class='ocrx_word' id='word_1_810' title='bbox 1418 5194 1600 5240; x_wconf 89' lang='lat' dir='ltr'><strong>autem</strong></span> <span class='ocrx_word' id='word_1_811' title='bbox 1634 5201 1739 5240; x_wconf 91' lang='lat' dir='ltr'><strong>non</strong></span> <span class='ocrx_word' id='word_1_812' title='bbox 1784 5186 1855 5240; x_wconf 89' lang='lat' dir='ltr'><strong>sit</strong></span> <span class='ocrx_word' id='word_1_813' title='bbox 1901 5185 2085 5241; x_wconf 89' lang='lat' dir='ltr'><strong>incon-</strong></span> 
     </span>
    </p>
   </div>
   <div class='ocr_carea' id='block_1_100' title="bbox 509 5269 2085 5344">
    <p class='ocr_par' dir='ltr' id='par_1_100' title="bbox 509 5269 2085 5344">
     <span class='ocr_line' id='line_1_100' title="bbox 509 5269 2085 5344; baseline 0.003 -19"><span class='ocrx_word' id='word_1_814' title='bbox 509 5285 704 5341; x_wconf 89' lang='lat' dir='ltr'><strong>gruum</strong></span> <span class='ocrx_word' id='word_1_815' title='bbox 739 5270 881 5340; x_wconf 87' lang='lat' dir='ltr'><strong>quod</strong></span> <span class='ocrx_word' id='word_1_816' title='bbox 908 5269 1107 5326; x_wconf 90' lang='lat' dir='ltr'><strong>dicitur</strong></span> <span class='ocrx_word' id='word_1_817' title='bbox 1130 5272 1292 5326; x_wconf 88' lang='lat' dir='ltr'><strong>etiam</strong></span> <span class='ocrx_word' id='word_1_818' title='bbox 1318 5288 1513 5344; x_wconf 91' lang='lat' dir='ltr'><strong>corpus</strong></span> <span class='ocrx_word' id='word_1_819' title='bbox 1556 5274 1755 5329; x_wconf 88' lang='lat' dir='ltr'><strong>factum</strong></span> <span class='ocrx_word' id='word_1_820' title='bbox 1786 5276 1854 5331; x_wconf 90' lang='lat' dir='ltr'><strong>ad</strong></span> <span class='ocrx_word' id='word_1_821' title='bbox 1895 5275 2085 5331; x_wconf 90' lang='lat' dir='ltr'><strong>simili-</strong></span> 
     </span>
    </p>
   </div>
   <div class='ocr_carea' id='block_1_101' title="bbox 510 5359 2079 5433">
    <p class='ocr_par' dir='ltr' id='par_1_101' title="bbox 510 5359 2079 5433">
     <span class='ocr_line' id='line_1_101' title="bbox 510 5359 2079 5433; baseline 0.003 -19"><span class='ocrx_word' id='word_1_822' title='bbox 510 5360 749 5416; x_wconf 89' lang='lat' dir='ltr'><strong>tudinem</strong></span> <span class='ocrx_word' id='word_1_823' title='bbox 787 5360 911 5425; x_wconf 89' lang='lat' dir='ltr'><strong>Dei,</strong></span> <span class='ocrx_word' id='word_1_824' title='bbox 947 5359 1103 5417; x_wconf 80' lang='lat' dir='ltr'><strong>facile</strong></span> <span class='ocrx_word' id='word_1_825' title='bbox 1138 5361 1387 5432; x_wconf 90' lang='lat' dir='ltr'><strong>intelligit</strong></span> <span class='ocrx_word' id='word_1_826' title='bbox 1412 5365 1502 5432; x_wconf 88' lang='lat' dir='ltr'><strong>qui</strong></span> <span class='ocrx_word' id='word_1_827' title='bbox 1533 5364 1817 5433; x_wconf 88' lang='lat' dir='ltr'><strong>diligenter</strong></span> <span class='ocrx_word' id='word_1_828' title='bbox 1835 5365 2079 5429; x_wconf 88' lang='lat' dir='ltr'><strong>attendit,</strong></span> 
     </span>
    </p>
   </div>
   <div class='ocr_carea' id='block_1_102' title="bbox 511 5449 2082 5520">
    <p class='ocr_par' dir='ltr' id='par_1_102' title="bbox 511 5449 2082 5520">
     <span class='ocr_line' id='line_1_102' title="bbox 511 5449 2082 5520; baseline 0.004 -19"><span class='ocrx_word' id='word_1_829' title='bbox 511 5451 652 5517; x_wconf 88' lang='lat' dir='ltr'><strong>quod</strong></span> <span class='ocrx_word' id='word_1_830' title='bbox 702 5449 906 5504; x_wconf 87' lang='lat' dir='ltr'><strong>dictum</strong></span> <span class='ocrx_word' id='word_1_831' title='bbox 952 5460 1055 5514; x_wconf 83' lang='lat' dir='ltr'><strong>est,</strong></span> <span class='ocrx_word' id='word_1_832' title='bbox 1116 5449 1179 5504; x_wconf 80' lang='lat' dir='ltr'><strong>Et</strong></span> <span class='ocrx_word' id='word_1_833' title='bbox 1204 5451 1322 5520; x_wconf 73' lang='lat' dir='ltr'><strong>fecit</strong></span> <span class='ocrx_word' id='word_1_834' title='bbox 1376 5453 1516 5507; x_wconf 77' lang='lat' dir='ltr'><strong>Deus</strong></span> <span class='ocrx_word' id='word_1_835' title='bbox 1544 5456 1720 5509; x_wconf 83' lang='lat' dir='ltr'><strong>omnia</strong></span> <span class='ocrx_word' id='word_1_836' title='bbox 1762 5455 1909 5509; x_wconf 81' lang='lat' dir='ltr'><strong>ralde</strong></span> <span class='ocrx_word' id='word_1_837' title='bbox 1949 5455 2082 5508; x_wconf 85' lang='lat' dir='ltr'><strong>bona</strong></span> 
     </span>
    </p>
   </div>
   <div class='ocr_carea' id='block_1_103' title="bbox 513 5538 2083 5618">
    <p class='ocr_par' dir='ltr' id='par_1_103' title="bbox 513 5538 2083 5618">
     <span class='ocr_line' id='line_1_103' title="bbox 513 5538 2083 5618; baseline 0.008 -29"><span class='ocrx_word' id='word_1_838' title='bbox 513 5538 665 5608; x_wconf 75' lang='lat' dir='ltr'><strong>(Gen.</strong></span> <span class='ocrx_word' id='word_1_839' title='bbox 693 5539 755 5609; x_wconf 82' lang='lat' dir='ltr'><strong>l).</strong></span> <span class='ocrx_word' id='word_1_840' title='bbox 785 5539 952 5596; x_wconf 84' lang='lat' dir='ltr'><strong>Nemo</strong></span> <span class='ocrx_word' id='word_1_841' title='bbox 982 5542 1124 5595; x_wconf 89' lang='lat' dir='ltr'><strong>enim</strong></span> <span class='ocrx_word' id='word_1_842' title='bbox 1156 5542 1365 5598; x_wconf 88' lang='lat' dir='ltr'><strong>dubitat</strong></span> <span class='ocrx_word' id='word_1_843' title='bbox 1390 5545 1534 5613; x_wconf 89' lang='lat' dir='ltr'><strong>quod</strong></span> <span class='ocrx_word' id='word_1_844' title='bbox 1566 5546 1636 5601; x_wconf 88' lang='lat' dir='ltr'><strong>sit</strong></span> <span class='ocrx_word' id='word_1_845' title='bbox 1673 5547 1789 5617; x_wconf 90' lang='lat' dir='ltr'><strong>ipse</strong></span> <span class='ocrx_word' id='word_1_846' title='bbox 1833 5546 2083 5618; x_wconf 88' lang='lat' dir='ltr'><strong>primitus</strong></span> 
     </span>
    </p>
   </div>
   <div class='ocr_carea' id='block_1_104' title="bbox 514 5628 2082 5706">
    <p class='ocr_par' dir='ltr' id='par_1_104' title="bbox 514 5628 2082 5706">
     <span class='ocr_line' id='line_1_104' title="bbox 514 5628 2082 5706; baseline 0.006 -23"><span class='ocrx_word' id='word_1_847' title='bbox 514 5631 711 5693; x_wconf 83' lang='lat' dir='ltr'><strong>bonus;</strong></span> <span class='ocrx_word' id='word_1_848' title='bbox 747 5628 927 5685; x_wconf 87' lang='lat' dir='ltr'><strong>multis</strong></span> <span class='ocrx_word' id='word_1_849' title='bbox 955 5630 1098 5685; x_wconf 91' lang='lat' dir='ltr'><strong>enim</strong></span> <span class='ocrx_word' id='word_1_850' title='bbox 1141 5632 1314 5688; x_wconf 89' lang='lat' dir='ltr'><strong>modis</strong></span> <span class='ocrx_word' id='word_1_851' title='bbox 1345 5634 1446 5689; x_wconf 91' lang='lat' dir='ltr'><strong>dici</strong></span> <span class='ocrx_word' id='word_1_852' title='bbox 1490 5650 1579 5690; x_wconf 90' lang='lat' dir='ltr'><strong>res</strong></span> <span class='ocrx_word' id='word_1_853' title='bbox 1614 5645 1838 5706; x_wconf 88' lang='lat' dir='ltr'><strong>possunt</strong></span> <span class='ocrx_word' id='word_1_854' title='bbox 1877 5636 2082 5692; x_wconf 87' lang='lat' dir='ltr'><strong>similes</strong></span> 
     </span>
    </p>
   </div>
   <div class='ocr_carea' id='block_1_105' title="bbox 516 5718 2079 5800">
    <p class='ocr_par' dir='ltr' id='par_1_105' title="bbox 516 5718 2079 5800">
     <span class='ocr_line' id='line_1_105' title="bbox 516 5718 2079 5800; baseline 0.006 -25"><span class='ocrx_word' id='word_1_855' title='bbox 516 5718 643 5784; x_wconf 77' lang='lat' dir='ltr'><strong>Deo,</strong></span> <span class='ocrx_word' id='word_1_856' title='bbox 674 5719 790 5774; x_wconf 81' lang='lat' dir='ltr'><strong>alia:</strong></span> <span class='ocrx_word' id='word_1_857' title='bbox 832 5720 1123 5777; x_wconf 87' lang='lat' dir='ltr'><strong>secundum</strong></span> <span class='ocrx_word' id='word_1_858' title='bbox 1173 5723 1427 5780; x_wconf 89' lang='lat' dir='ltr'><strong>virtutem</strong></span> <span class='ocrx_word' id='word_1_859' title='bbox 1455 5734 1508 5784; x_wconf 91' lang='lat' dir='ltr'><strong>et</strong></span> <span class='ocrx_word' id='word_1_860' title='bbox 1549 5728 1863 5800; x_wconf 85' lang='lat' dir='ltr'><strong>sapientiam</strong></span> <span class='ocrx_word' id='word_1_861' title='bbox 1909 5726 2079 5795; x_wconf 74' lang='lat' dir='ltr'><strong>factae,</strong></span> 
     </span>
    </p>
   </div>
   <div class='ocr_carea' id='block_1_106' title="bbox 2187 4550 3753 4622">
    <p class='ocr_par' dir='ltr' id='par_1_106' title="bbox 2187 4550 3753 4622">
     <span class='ocr_line' id='line_1_106' title="bbox 2187 4550 3753 4622; baseline -0.004 -12"><span class='ocrx_word' id='word_1_862' title='bbox 2187 4556 2327 4610; x_wconf 87' lang='lat' dir='ltr'><strong>dicta</strong></span> <span class='ocrx_word' id='word_1_863' title='bbox 2357 4567 2476 4608; x_wconf 89' lang='lat' dir='ltr'><strong>esse</strong></span> <span class='ocrx_word' id='word_1_864' title='bbox 2502 4552 2569 4607; x_wconf 87' lang='lat' dir='ltr'><strong>ad</strong></span> <span class='ocrx_word' id='word_1_865' title='bbox 2593 4550 3362 4622; x_wconf 82' lang='lat' dir='ltr'><strong>imaginemetsimilitudinem</strong></span> <span class='ocrx_word' id='word_1_866' title='bbox 3388 4567 3403 4603; x_wconf 90' lang='lat'><strong>:</strong></span> <span class='ocrx_word' id='word_1_867' title='bbox 3427 4565 3552 4605; x_wconf 90' lang='lat' dir='ltr'><strong>cum</strong></span> <span class='ocrx_word' id='word_1_868' title='bbox 3580 4550 3753 4604; x_wconf 88' lang='lat' dir='ltr'><strong>siuna</strong></span> 
     </span>
    </p>
   </div>
   <div class='ocr_carea' id='block_1_107' title="bbox 2186 4639 3753 4710">
    <p class='ocr_par' dir='ltr' id='par_1_107' title="bbox 2186 4639 3753 4710">
     <span class='ocr_line' id='line_1_107' title="bbox 2186 4639 3753 4710; baseline -0.004 -11"><span class='ocrx_word' id='word_1_869' title='bbox 2186 4660 2272 4699; x_wconf 90' lang='lat' dir='ltr'><strong>res</strong></span> <span class='ocrx_word' id='word_1_870' title='bbox 2286 4650 2457 4709; x_wconf 87' lang='lat' dir='ltr'><strong>esset,</strong></span> <span class='ocrx_word' id='word_1_871' title='bbox 2472 4649 2526 4697; x_wconf 93' lang='lat' dir='ltr'><strong>et</strong></span> <span class='ocrx_word' id='word_1_872' title='bbox 2548 4658 2713 4696; x_wconf 91' lang='lat' dir='ltr'><strong>unum</strong></span> <span class='ocrx_word' id='word_1_873' title='bbox 2731 4656 2924 4697; x_wconf 88' lang='lat' dir='ltr'><strong>nomen</strong></span> <span class='ocrx_word' id='word_1_874' title='bbox 2939 4639 3182 4697; x_wconf 66' lang='lat' dir='ltr'><strong>sufﬁcere</strong></span> <span class='ocrx_word' id='word_1_875' title='bbox 3208 4640 3450 4710; x_wconf 89' lang='lat' dir='ltr'><strong>potuisse</strong></span> <span class='ocrx_word' id='word_1_876' title='bbox 3474 4649 3723 4694; x_wconf 84' lang='lat' dir='ltr'><strong>asserunt</strong></span> <span class='ocrx_word' id='word_1_877' title='bbox 3736 4679 3753 4703; x_wconf 84' lang='lat'><strong>,</strong></span> 
     </span>
    </p>
   </div>
   <div class='ocr_carea' id='block_1_108' title="bbox 2184 4730 3753 4805">
    <p class='ocr_par' dir='ltr' id='par_1_108' title="bbox 2184 4730 3753 4805">
     <span class='ocr_line' id='line_1_108' title="bbox 2184 4730 3753 4805; baseline -0.007 -12"><span class='ocrx_word' id='word_1_878' title='bbox 2184 4737 2277 4793; x_wconf 88' lang='lat' dir='ltr'><strong>sed</strong></span> <span class='ocrx_word' id='word_1_879' title='bbox 2301 4736 2368 4790; x_wconf 86' lang='lat' dir='ltr'><strong>ad</strong></span> <span class='ocrx_word' id='word_1_880' title='bbox 2388 4734 2674 4805; x_wconf 88' lang='lat' dir='ltr'><strong>imaginem</strong></span> <span class='ocrx_word' id='word_1_881' title='bbox 2705 4741 2935 4787; x_wconf 89' lang='lat' dir='ltr'><strong>mentem</strong></span> <span class='ocrx_word' id='word_1_882' title='bbox 2979 4730 3178 4786; x_wconf 86' lang='lat' dir='ltr'><strong>factam</strong></span> <span class='ocrx_word' id='word_1_883' title='bbox 3204 4730 3420 4794; x_wconf 83' lang='lat' dir='ltr'><strong>volunt.</strong></span> <span class='ocrx_word' id='word_1_884' title='bbox 3450 4744 3572 4799; x_wconf 60' lang='lat' dir='ltr'><strong>quae</strong></span> <span class='ocrx_word' id='word_1_885' title='bbox 3611 4730 3753 4783; x_wconf 86' lang='lat' dir='ltr'><strong>nulla</strong></span> 
     </span>
    </p>
   </div>
   <div class='ocr_carea' id='block_1_109' title="bbox 2184 4820 3754 4897">
    <p class='ocr_par' dir='ltr' id='par_1_109' title="bbox 2184 4820 3754 4897">
     <span class='ocr_line' id='line_1_109' title="bbox 2184 4820 3754 4897; baseline -0.006 -15"><span class='ocrx_word' id='word_1_886' title='bbox 2184 4826 2497 4897; x_wconf 86' lang='lat' dir='ltr'><strong>interposita</strong></span> <span class='ocrx_word' id='word_1_887' title='bbox 2519 4822 2820 4879; x_wconf 85' lang='lat' dir='ltr'><strong>substantia</strong></span> <span class='ocrx_word' id='word_1_888' title='bbox 2839 4821 2906 4877; x_wconf 90' lang='lat' dir='ltr'><strong>ab</strong></span> <span class='ocrx_word' id='word_1_889' title='bbox 2932 4822 3047 4893; x_wconf 91' lang='lat' dir='ltr'><strong>ipsa</strong></span> <span class='ocrx_word' id='word_1_890' title='bbox 3072 4821 3300 4876; x_wconf 87' lang='lat' dir='ltr'><strong>veritate</strong></span> <span class='ocrx_word' id='word_1_891' title='bbox 3328 4820 3613 4883; x_wconf 89' lang='lat' dir='ltr'><strong>formatur,</strong></span> <span class='ocrx_word' id='word_1_892' title='bbox 3632 4832 3754 4889; x_wconf 75' lang='lat' dir='ltr'><strong>qua:</strong></span> 
     </span>
    </p>
   </div>
   <div class='ocr_carea' id='block_1_110' title="bbox 2183 4909 3751 4991">
    <p class='ocr_par' dir='ltr' id='par_1_110' title="bbox 2183 4909 3751 4991">
     <span class='ocr_line' id='line_1_110' title="bbox 2183 4909 3751 4991; baseline -0.008 -16"><span class='ocrx_word' id='word_1_893' title='bbox 2183 4919 2348 4975; x_wconf 87' lang='lat' dir='ltr'><strong>etiam</strong></span> <span class='ocrx_word' id='word_1_894' title='bbox 2383 4917 2606 4991; x_wconf 86' lang='lat' dir='ltr'><strong>spiritus</strong></span> <span class='ocrx_word' id='word_1_895' title='bbox 2632 4915 2831 4971; x_wconf 92' lang='lat' dir='ltr'><strong>dicitur</strong></span> <span class='ocrx_word' id='word_1_896' title='bbox 2852 4954 2868 4978; x_wconf 96' lang='lat'><strong>,</strong></span> <span class='ocrx_word' id='word_1_897' title='bbox 2899 4929 3003 4968; x_wconf 91' lang='lat' dir='ltr'><strong>non</strong></span> <span class='ocrx_word' id='word_1_898' title='bbox 3034 4912 3123 4967; x_wconf 89' lang='lat' dir='ltr'><strong>ille</strong></span> <span class='ocrx_word' id='word_1_899' title='bbox 3152 4912 3388 4982; x_wconf 86' lang='lat' dir='ltr'><strong>Spiritus</strong></span> <span class='ocrx_word' id='word_1_900' title='bbox 3418 4920 3637 4967; x_wconf 83' lang='lat' dir='ltr'><strong>sanctus</strong></span> <span class='ocrx_word' id='word_1_901' title='bbox 3658 4909 3751 4980; x_wconf 86' lang='lat' dir='ltr'><strong>qui</strong></span> 
     </span>
    </p>
   </div>
   <div class='ocr_carea' id='block_1_111' title="bbox 2183 4994 3754 5078">
    <p class='ocr_par' dir='ltr' id='par_1_111' title="bbox 2183 4994 3754 5078">
     <span class='ocr_line' id='line_1_111' title="bbox 2183 4994 3754 5078; baseline -0.005 -16"><span class='ocrx_word' id='word_1_902' title='bbox 2183 5017 2267 5063; x_wconf 88' lang='lat' dir='ltr'><strong>est</strong></span> <span class='ocrx_word' id='word_1_903' title='bbox 2293 5005 2535 5078; x_wconf 82' lang='lat' dir='ltr'><strong>ejusdem</strong></span> <span class='ocrx_word' id='word_1_904' title='bbox 2574 4994 2894 5061; x_wconf 82' lang='lat' dir='ltr'><strong>substantia:</strong></span> <span class='ocrx_word' id='word_1_905' title='bbox 2918 5000 3073 5069; x_wconf 89' lang='lat' dir='ltr'><strong>cujus</strong></span> <span class='ocrx_word' id='word_1_906' title='bbox 3112 5000 3273 5055; x_wconf 83' lang='lat' dir='ltr'><strong>Pater</strong></span> <span class='ocrx_word' id='word_1_907' title='bbox 3309 5008 3366 5055; x_wconf 90' lang='lat' dir='ltr'><strong>et</strong></span> <span class='ocrx_word' id='word_1_908' title='bbox 3406 5000 3613 5062; x_wconf 86' lang='lat' dir='ltr'><strong>Filius,</strong></span> <span class='ocrx_word' id='word_1_909' title='bbox 3661 4998 3754 5054; x_wconf 87' lang='lat' dir='ltr'><strong>sed</strong></span> 
     </span>
    </p>
   </div>
   <div class='ocr_carea' id='block_1_112' title="bbox 2183 5092 3752 5167">
    <p class='ocr_par' dir='ltr' id='par_1_112' title="bbox 2183 5092 3752 5167">
     <span class='ocr_line' id='line_1_112' title="bbox 2183 5092 3752 5167; baseline -0.005 -14"><span class='ocrx_word' id='word_1_910' title='bbox 2183 5099 2404 5167; x_wconf 79' lang='lat' dir='ltr'><strong>Spiritus</strong></span> <span class='ocrx_word' id='word_1_911' title='bbox 2445 5096 2711 5161; x_wconf 89' lang='lat' dir='ltr'><strong>hominis;</strong></span> <span class='ocrx_word' id='word_1_912' title='bbox 2745 5110 2869 5149; x_wconf 90' lang='lat' dir='ltr'><strong>nam</strong></span> <span class='ocrx_word' id='word_1_913' title='bbox 2919 5094 2992 5148; x_wconf 86' lang='lat' dir='ltr'><strong>ita</strong></span> <span class='ocrx_word' id='word_1_914' title='bbox 3021 5094 3120 5148; x_wconf 92' lang='lat' dir='ltr'><strong>hos</strong></span> <span class='ocrx_word' id='word_1_915' title='bbox 3149 5092 3407 5148; x_wconf 89' lang='lat' dir='ltr'><strong>discernit</strong></span> <span class='ocrx_word' id='word_1_916' title='bbox 3434 5092 3752 5163; x_wconf 76' lang='lat' dir='ltr'><strong>Apostolus:</strong></span> 
     </span>
    </p>
   </div>
   <div class='ocr_carea' id='block_1_113' title="bbox 2183 5182 3753 5257">
    <p class='ocr_par' dir='ltr' id='par_1_113' title="bbox 2183 5182 3753 5257">
     <span class='ocr_line' id='line_1_113' title="bbox 2183 5182 3753 5257; baseline -0.004 -15"><span class='ocrx_word' id='word_1_917' title='bbox 2183 5187 2352 5243; x_wconf 85' lang='lat' dir='ltr'><strong>Nemo</strong></span> <span class='ocrx_word' id='word_1_918' title='bbox 2379 5188 2480 5243; x_wconf 91' lang='lat' dir='ltr'><strong>scit</strong></span> <span class='ocrx_word' id='word_1_919' title='bbox 2504 5186 2631 5257; x_wconf 88' lang='lat' dir='ltr'><strong>quid</strong></span> <span class='ocrx_word' id='word_1_920' title='bbox 2660 5193 2851 5256; x_wconf 81' lang='lat' dir='ltr'><strong>agatur</strong></span> <span class='ocrx_word' id='word_1_921' title='bbox 2876 5184 2929 5239; x_wconf 91' lang='lat' dir='ltr'><strong>in</strong></span> <span class='ocrx_word' id='word_1_922' title='bbox 2966 5183 3183 5238; x_wconf 92' lang='lat' dir='ltr'><strong>homine</strong></span> <span class='ocrx_word' id='word_1_923' title='bbox 3199 5182 3302 5238; x_wconf 85' lang='lat' dir='ltr'><strong>nisi</strong></span> <span class='ocrx_word' id='word_1_924' title='bbox 3326 5182 3548 5253; x_wconf 88' lang='lat' dir='ltr'><strong>spiritus</strong></span> <span class='ocrx_word' id='word_1_925' title='bbox 3582 5182 3753 5238; x_wconf 82' lang='lat' dir='ltr'><strong>homi-</strong></span> 
     </span>
    </p>
   </div>
   <div class='ocr_carea' id='block_1_114' title="bbox 2183 5273 3756 5345">
    <p class='ocr_par' dir='ltr' id='par_1_114' title="bbox 2183 5273 3756 5345">
     <span class='ocr_line' id='line_1_114' title="bbox 2183 5273 3756 5345; baseline -0.003 -13"><span class='ocrx_word' id='word_1_926' title='bbox 2183 5279 2268 5333; x_wconf 86' lang='lat' dir='ltr'><strong>nis</strong></span> <span class='ocrx_word' id='word_1_927' title='bbox 2294 5297 2305 5331; x_wconf 88' lang='lat'><strong>:</strong></span> <span class='ocrx_word' id='word_1_928' title='bbox 2335 5286 2388 5333; x_wconf 91' lang='lat' dir='ltr'><strong>et</strong></span> <span class='ocrx_word' id='word_1_929' title='bbox 2412 5292 2570 5333; x_wconf 89' lang='lat' dir='ltr'><strong>nemo</strong></span> <span class='ocrx_word' id='word_1_930' title='bbox 2597 5276 2700 5331; x_wconf 89' lang='lat' dir='ltr'><strong>scit</strong></span> <span class='ocrx_word' id='word_1_931' title='bbox 2727 5275 2856 5345; x_wconf 87' lang='lat' dir='ltr'><strong>quid</strong></span> <span class='ocrx_word' id='word_1_932' title='bbox 2886 5283 3077 5345; x_wconf 86' lang='lat' dir='ltr'><strong>agatur</strong></span> <span class='ocrx_word' id='word_1_933' title='bbox 3128 5274 3182 5328; x_wconf 92' lang='lat' dir='ltr'><strong>in</strong></span> <span class='ocrx_word' id='word_1_934' title='bbox 3222 5274 3334 5329; x_wconf 89' lang='lat' dir='ltr'><strong>Deo</strong></span> <span class='ocrx_word' id='word_1_935' title='bbox 3379 5274 3482 5329; x_wconf 89' lang='lat' dir='ltr'><strong>nisi</strong></span> <span class='ocrx_word' id='word_1_936' title='bbox 3522 5273 3756 5343; x_wconf 86' lang='lat' dir='ltr'><strong>Spiritus</strong></span> 
     </span>
    </p>
   </div>
   <div class='ocr_carea' id='block_1_115' title="bbox 2185 5364 3755 5438">
    <p class='ocr_par' dir='ltr' id='par_1_115' title="bbox 2185 5364 3755 5438">
     <span class='ocr_line' id='line_1_115' title="bbox 2185 5364 3755 5438; baseline -0.003 -16"><span class='ocrx_word' id='word_1_937' title='bbox 2185 5369 2275 5422; x_wconf 87' lang='lat' dir='ltr'><strong>Dei</strong></span> <span class='ocrx_word' id='word_1_938' title='bbox 2308 5367 2357 5437; x_wconf 84' lang='grc'><strong>(1</strong></span> <span class='ocrx_word' id='word_1_939' title='bbox 2388 5367 2509 5422; x_wconf 87' lang='lat' dir='ltr'><strong>Cor.</strong></span> <span class='ocrx_word' id='word_1_940' title='bbox 2540 5365 2624 5438; x_wconf 88' lang='grc' dir='ltr'><strong>ιι).</strong></span> <span class='ocrx_word' id='word_1_941' title='bbox 2658 5365 2792 5420; x_wconf 87' lang='lat' dir='ltr'><strong>Item</strong></span> <span class='ocrx_word' id='word_1_942' title='bbox 2835 5366 2900 5421; x_wconf 90' lang='lat' dir='ltr'><strong>dc</strong></span> <span class='ocrx_word' id='word_1_943' title='bbox 2947 5364 3139 5434; x_wconf 88' lang='lat' dir='ltr'><strong>spiritu</strong></span> <span class='ocrx_word' id='word_1_944' title='bbox 3163 5365 3398 5421; x_wconf 89' lang='lat' dir='ltr'><strong>hominis</strong></span> <span class='ocrx_word' id='word_1_945' title='bbox 3427 5365 3595 5421; x_wconf 90' lang='lat' dir='ltr'><strong>dicit:</strong></span> <span class='ocrx_word' id='word_1_946' title='bbox 3631 5364 3755 5418; x_wconf 84' lang='lat' dir='ltr'><strong>Sal-</strong></span> 
     </span>
    </p>
   </div>
   <div class='ocr_carea' id='block_1_116' title="bbox 2184 5455 3760 5528">
    <p class='ocr_par' dir='ltr' id='par_1_116' title="bbox 2184 5455 3760 5528">
     <span class='ocr_line' id='line_1_116' title="bbox 2184 5455 3760 5528; baseline -0.001 -17"><span class='ocrx_word' id='word_1_947' title='bbox 2184 5476 2308 5514; x_wconf 81' lang='lat' dir='ltr'><strong>vum</strong></span> <span class='ocrx_word' id='word_1_948' title='bbox 2338 5457 2500 5514; x_wconf 84' lang='lat' dir='ltr'><strong>faciat</strong></span> <span class='ocrx_word' id='word_1_949' title='bbox 2527 5457 2776 5528; x_wconf 85' lang='lat' dir='ltr'><strong>spiritum</strong></span> <span class='ocrx_word' id='word_1_950' title='bbox 2802 5463 3061 5519; x_wconf 88' lang='lat' dir='ltr'><strong>vestrum,</strong></span> <span class='ocrx_word' id='word_1_951' title='bbox 3089 5455 3325 5511; x_wconf 87' lang='lat' dir='ltr'><strong>animam</strong></span> <span class='ocrx_word' id='word_1_952' title='bbox 3359 5464 3417 5510; x_wconf 85' lang='lat' dir='ltr'><strong>et</strong></span> <span class='ocrx_word' id='word_1_953' title='bbox 3443 5469 3671 5525; x_wconf 76' lang='lat' dir='ltr'><strong>corpus;</strong></span> <span class='ocrx_word' id='word_1_954' title='bbox 3699 5463 3760 5511; x_wconf 86' lang='lat' dir='ltr'><strong>ct</strong></span> 
     </span>
    </p>
   </div>
   <div class='ocr_carea' id='block_1_117' title="bbox 2183 5545 3756 5605">
    <p class='ocr_par' dir='ltr' id='par_1_117' title="bbox 2183 5545 3756 5605">
     <span class='ocr_line' id='line_1_117' title="bbox 2183 5545 3756 5605; baseline -0.001 -1"><span class='ocrx_word' id='word_1_955' title='bbox 2183 5550 2285 5605; x_wconf 90' lang='lat' dir='ltr'><strong>iste</strong></span> <span class='ocrx_word' id='word_1_956' title='bbox 2313 5548 2458 5604; x_wconf 91' lang='lat' dir='ltr'><strong>enim</strong></span> <span class='ocrx_word' id='word_1_957' title='bbox 2505 5545 2682 5601; x_wconf 88' lang='lat' dir='ltr'><strong>factus</strong></span> <span class='ocrx_word' id='word_1_958' title='bbox 2711 5553 2794 5600; x_wconf 88' lang='lat' dir='ltr'><strong>est</strong></span> <span class='ocrx_word' id='word_1_959' title='bbox 2816 5562 2846 5599; x_wconf 89' lang='lat' dir='ltr'><strong>a</strong></span> <span class='ocrx_word' id='word_1_960' title='bbox 2873 5545 2981 5601; x_wconf 82' lang='lat' dir='ltr'><strong>Deo</strong></span> <span class='ocrx_word' id='word_1_961' title='bbox 3017 5545 3158 5600; x_wconf 88' lang='lat' dir='ltr'><strong>sicut</strong></span> <span class='ocrx_word' id='word_1_962' title='bbox 3186 5556 3242 5600; x_wconf 88' lang='lat' dir='ltr'><strong>et</strong></span> <span class='ocrx_word' id='word_1_963' title='bbox 3263 5555 3460 5601; x_wconf 68' lang='lat' dir='ltr'><strong>canem</strong></span> <span class='ocrx_word' id='word_1_964' title='bbox 3484 5554 3756 5603; x_wconf 85' lang='lat' dir='ltr'><strong>creatura.</strong></span> 
     </span>
    </p>
   </div>
   <div class='ocr_carea' id='block_1_118' title="bbox 2186 5634 3759 5709">
    <p class='ocr_par' dir='ltr' id='par_1_118' title="bbox 2186 5634 3759 5709">
     <span class='ocr_line' id='line_1_118' title="bbox 2186 5634 3759 5709; baseline -0.003 -14"><span class='ocrx_word' id='word_1_965' title='bbox 2186 5638 2455 5709; x_wconf 87' lang='lat' dir='ltr'><strong>Scriptum</strong></span> <span class='ocrx_word' id='word_1_966' title='bbox 2498 5646 2583 5692; x_wconf 90' lang='lat' dir='ltr'><strong>est</strong></span> <span class='ocrx_word' id='word_1_967' title='bbox 2610 5637 2755 5692; x_wconf 89' lang='lat' dir='ltr'><strong>enim</strong></span> <span class='ocrx_word' id='word_1_968' title='bbox 2802 5636 2854 5692; x_wconf 91' lang='lat' dir='ltr'><strong>in</strong></span> <span class='ocrx_word' id='word_1_969' title='bbox 2900 5635 3206 5692; x_wconf 85' lang='lat' dir='ltr'><strong>Proverbiis</strong></span> <span class='ocrx_word' id='word_1_970' title='bbox 3246 5638 3351 5693; x_wconf 92' lang='lat' dir='ltr'><strong>hoc</strong></span> <span class='ocrx_word' id='word_1_971' title='bbox 3384 5634 3759 5692; x_wconf 88' lang='lat' dir='ltr'><strong>modo:Scito</strong></span> 
     </span>
    </p>
   </div>
   <div class='ocr_carea' id='block_1_119' title="bbox 2184 5723 3759 5798">
    <p class='ocr_par' dir='ltr' id='par_1_119' title="bbox 2184 5723 3759 5798">
     <span class='ocr_line' id='line_1_119' title="bbox 2184 5723 3759 5798; baseline 0 -16"><span class='ocrx_word' id='word_1_972' title='bbox 2184 5727 2435 5798; x_wconf 83' lang='lat' dir='ltr'><strong>quoniam</strong></span> <span class='ocrx_word' id='word_1_973' title='bbox 2488 5725 2742 5781; x_wconf 87' lang='lat' dir='ltr'><strong>Dominus</strong></span> <span class='ocrx_word' id='word_1_974' title='bbox 2798 5727 2959 5782; x_wconf 65' lang='lat' dir='ltr'><strong>uirda</strong></span> <span class='ocrx_word' id='word_1_975' title='bbox 3013 5726 3290 5783; x_wconf 86' lang='lat' dir='ltr'><strong>hominum</strong></span> <span class='ocrx_word' id='word_1_976' title='bbox 3346 5726 3514 5791; x_wconf 81' lang='lat' dir='ltr'><strong>novit.</strong></span> <span class='ocrx_word' id='word_1_977' title='bbox 3564 5735 3619 5781; x_wconf 85' lang='lat' dir='ltr'><strong>ct</strong></span> <span class='ocrx_word' id='word_1_978' title='bbox 3663 5723 3759 5797; x_wconf 88' lang='lat' dir='ltr'><strong>qui</strong></span> 
     </span>
    </p>
   </div>
  </div>
