4070 6186
264 295 405 351 ὶθὲὔ

1081 292 1260 355 ΜΒΝ
1298 292 1641 350 οΑῐιουδῖι.
1680 322 1751 332 —-
1785 290 2010 353 CAPIT.
2052 290 2141 346 DE
2178 290 2367 345 lMAG.
2408 320 2476 331 --
2514 291 2642 348 LIB.
2679 292 2720 347 ι.

3385 296 3522 353 1026

261 411 418 468 tinxit
461 407 712 480 spiritum
757 406 1010 463 omnibus
1043 406 1156 477 ipse
1182 408 1284 462 scit
1311 408 1514 462 omnia.
1546 407 1687 475 Ergo
1735 408 1836 461 iste
1865 414 1912 467 Α
1940 418 2211 472 nunquam
2227 403 3182 476 etimaginietsimilitudinicopulari
3202 415 3525 478 potestatum

258 504 485 576 spiritus
507 503 576 557 ad
604 499 894 568 imaginem
930 498 1028 553 Dei
1057 499 1202 573 nullo
1224 499 1507 555 dubitante
1548 497 1721 553 factus
1750 513 1842 552 ac-

257 594 476 666 cipitur,
504 592 559 647 in
578 606 686 662 quo
700 598 785 645 est
813 589 1158 659 intelligentia
1186 590 1435 647 veritatis
1463 606 1477 642 :
1504 589 1675 644 lueret
1696 587 1841 642 enim

257 682 476 739 veritati
522 681 670 737 nulla
721 679 1038 749 interposita
1067 687 1337 742 creatura,
1384 686 1579 733 uetera
1607 675 1841 732 hominis

255 773 324 830 ad
373 771 783 829 similitudinem
831 768 974 823 facta
1022 768 1194 825 videri
1245 768 1451 832 volunt,
1489 768 1617 837 quia
1663 766 1841 820 omnis

255 862 475 934 quidem
503 860 682 930 imago
710 856 903 913 similis
933 863 1036 922 est,
1067 871 1175 911 non
1199 864 1380 910 autem
1409 868 1571 910 omne
1594 855 1738 924 quod
1762 853 1839 913 si-

257 952 383 1009 mile
411 959 494 1006 est
521 950 690 1005 etiam
715 948 892 1018 imago
922 947 1171 1017 proprie,
1207 947 1302 1001 sed
1322 945 1462 1002 forte
1486 946 1709 1001 abusive
1730 945 1837 1000 dici

255 1049 452 1113 potest.
485 1038 593 1093 Sed
617 1037 915 1119 cavendum
943 1037 997 1091 in
1028 1036 1223 1091 talibus
1246 1052 1313 1090 ne
1337 1036 1469 1106 quid
1508 1036 1670 1090 nimis
1691 1049 1841 1091 asse-

254 1132 551 1187 verandum
579 1137 799 1201 putetur
828 1128 917 1183 illa
948 1144 1005 1182 re
1034 1142 1163 1183 sane
1213 1127 1505 1199 salubriter
1529 1127 1794 1183 custodita
1815 1166 1832 1192 ,

254 1240 323 1279 ne
347 1222 600 1293 quoniam
626 1235 823 1290 corpus
850 1218 1125 1288 quodlibet
1150 1233 1247 1288 per
1288 1218 1478 1272 localia
1506 1218 1678 1289 spatia
1702 1232 1836 1288 por-o

254 1323 467 1369 rectum
514 1320 617 1376 est,
668 1309 869 1380 aliquid
916 1308 1022 1363 tale
1069 1308 1321 1363 credatur
1356 1322 1475 1362 esse
1532 1306 1835 1361 substantia

254 1406 371 1463 Dei.
408 1403 542 1457 Nam
574 1417 663 1456 res
691 1416 811 1470 quae
839 1400 893 1454 in
922 1406 1076 1469 parte
1104 1400 1282 1467 minor
1308 1407 1392 1465 est
1421 1413 1583 1467 quam
1617 1397 1672 1451 in
1701 1405 1834 1462 toto,

253 1512 357 1551 nec
402 1493 649 1565 dignitati
696 1491 890 1545 anima:
935 1489 1205 1553 convenit,
1250 1478 1676 1559 quanto'minus
1726 1502 1835 1542 ma-

252 1584 432 1654 ἰοειδξί
462 1585 598 1639 Dei?
632 1605 651 1636 ι
690 1584 833 1651 Ecce
860 1597 1022 1652 quam
1064 1582 1334 1649 subtiliter
1377 1596 1649 1652 quamque
1693 1579 1839 1635 salu-

253 1676 425 1731 briter
454 1675 624 1729 sancti
658 1674 760 1728 viri
788 1673 1060 1728 hominem
1100 1674 1169 1728 ad
1194 1673 1485 1744 imaginem
1511 1680 1565 1727 et
1589 1673 1837 1727 similitu-

1946 496 2047 550 tria
2071 511 2378 565 quanquam
2409 496 2567 550 unius
2589 497 2698 551 sint
2720 498 3006 567 categoria‘.
3029 514 3149 568 quae
3174 499 3366 555 relatio
3392 501 3523 557 dici-

1940 593 2047 649 tur,
2058 586 2256 641 habent
2270 593 2446 640 tamen
2462 585 2600 641 inter
2612 600 2672 642 se
2682 587 2941 656 quasdam
2953 588 3314 659 proprietates
3326 590 3523 658 quibus

1941 676 2060 733 alia)
2101 685 2307 733 carent.
2345 677 2479 731 Nam
2516 678 2733 749 imagini
2769 680 3049 748 proprium
3097 688 3183 735 est
3212 689 3273 735 ut
3302 695 3518 752 semper

1940 766 2012 819 ab
2038 766 2210 821 altero
2237 782 2492 836 expressa
2534 767 2635 830 sit,
2683 767 3023 822 similitudini
3060 784 3188 824 vero
3216 777 3271 825 et
3297 769 3519 840 :equali-

1941 855 2037 908 tati
2060 856 2343 925 proprium
2380 863 2463 910 est
2493 856 2633 909 utin
2665 870 2759 910 sua
2791 857 3089 911 substantia
3120 866 3521 927 permanentes,

1939 958 2047 997 non
2087 945 2155 999 ab
2186 944 2355 999 altero
2381 959 2679 1014 expressa,
2713 947 2808 1000 sed
2852 946 2976 1001 aliis
3003 947 3164 1002 rebus
3206 948 3520 1005 assimilatm

1937 1034 2022 1088 vel
2053 1044 2343 1103 completa:
2369 1035 2472 1089 hoc
2502 1036 2718 1091 nomine
2742 1046 3066 1091 censeantur
3084 1079 3101 1102 ,
3125 1048 3179 1093 et
3208 1040 3384 1110 imago
3406 1056 3523 1096 ma-

1940 1125 2024 1195 gis
2057 1125 2141 1180 vel
2177 1126 2357 1180 minus
2388 1140 2499 1179 non
2538 1126 2639 1181 sibi
2668 1127 2945 1192 admittat,
2984 1129 3278 1185 similitudo
3314 1146 3442 1187 vero
3468 1141 3525 1188 et

1938 1214 2220 1285 aequalitas
2249 1217 2557 1271 admittant.
2592 1216 2745 1271 Sicut
2771 1217 2913 1272 enim
2941 1219 3138 1274 dicitur
3164 1221 3336 1292 magis
3373 1222 3523 1277 simi—

1939 1305 2005 1360 lis
2034 1306 2116 1360 vel
2150 1307 2328 1362 minus
2353 1307 2566 1372 similis,
2595 1309 2764 1378 magis
2785 1309 3006 1378 aequalis
3031 1310 3113 1364 vel
3140 1313 3317 1366 minus
3343 1329 3523 1382 arqua-

1939 1392 2039 1461 lis,
2095 1411 2201 1450 non
2249 1396 2329 1451 sic
2386 1397 2489 1452 dici
2542 1405 2720 1466 potest
2764 1400 2935 1468 magis
2979 1400 3158 1471 imago
3209 1402 3294 1456 vel
3344 1404 3522 1457 minus

1937 1485 2134 1554 imago.
2184 1484 2318 1538 Nam
2347 1493 2402 1539 et
2444 1486 2497 1538 in
2535 1486 2888 1541 conversione
2932 1501 3120 1542 earum
3162 1506 3283 1558 quia
3331 1491 3518 1547 Graece

1936 1573 2273 1643 antistrophe
2319 1573 2548 1639 dicitur,
2599 1575 2813 1630 subtilis
2868 1578 3113 1645 quaedam
3160 1582 3519 1651 repugnantia

1936 1673 2019 1719 est
2052 1683 2065 1719 :
2093 1680 2215 1734 qua:
2244 1666 2425 1720 omnia
2454 1666 2707 1736 persequi
2735 1667 2957 1738 longum
3005 1679 3107 1735 est,
3145 1681 3515 1728 verumtamen

253 1780 378 1821 nem
412 1764 503 1822 Dei
533 1762 736 1818 factum
765 1777 906 1827 esse,
938 1762 1229 1835 imaginem
1258 1762 1587 1837 videlicetin
1628 1762 1829 1827 anima,
1863 1772 1911 1834 Β
1937 1765 1997 1811 ιιι
2025 1758 2219 1812 borum
2252 1758 2414 1812 trium
2434 1759 2710 1813 nominum
2741 1758 3040 1815 differentia
3066 1760 3293 1818 lucidius
3317 1771 3519 1832 pateat,

253 1856 309 1910 in
334 1869 443 1924 qua
471 1861 554 1908 est
581 1853 908 1918 intellectus,
940 1852 1189 1908 voluntas
1216 1862 1271 1909 et
1297 1854 1589 1919 memoria;
1640 1853 1835 1907 simili-

253 1948 496 2004 tudinem
540 1947 597 2001 in
642 1938 904 2019 meribus,
948 1945 1001 2000 id
1045 1954 1157 2009 est,
1191 1946 1243 2000 in
1271 1946 1557 2010 eharitate,
1604 1943 1834 2010 iustitia,

252 2022 493 2105 bonitate
515 2047 570 2096 et
599 2039 906 2104 sanctitate,
934 2054 1055 2108 quae
1083 2040 1263 2092 omnia
1312 2039 1631 2109 incorporea
1669 2045 1795 2092 sunt
1818 2077 1833 2101 ,

252 2135 617 2204 intelligentes
645 2133 951 2188 disseruere
978 2149 991 2185 :
1017 2147 1047 2185 a
1070 2147 1302 2201 quorum
1330 2146 1492 2185 sensu
1514 2140 1570 2185 ct
1589 2130 1837 2187 doctrina

250 2233 515 2296 quantum
541 2224 742 2279 distent
766 2222 859 2292 qui
884 2222 986 2277 hoc
1013 2220 1381 2277 testimonium
1406 2219 1728 2291 imaginibus
1750 2234 1839 2272 ar-

251 2318 458 2374 tificum
485 2331 650 2371 manu
676 2314 923 2371 formatis
947 2312 1390 2377 accommodant,
1418 2328 1524 2368 non
1549 2320 1734 2368 nostro
1754 2321 1840 2385 est

251 2406 625 2467 disserendum
653 2405 895 2477 eloquio,
923 2406 1019 2461 sed
1048 2404 1265 2461 lectoris
1291 2405 1676 2461 reservandum
1692 2401 1839 2472 judi—

254 2500 371 2567 cio,
410 2506 469 2553 ut
497 2505 713 2567 quantae
741 2496 794 2550 in
834 2496 936 2565 hac
962 2503 1118 2566 parte
1144 2494 1259 2551 sint
1294 2494 1559 2549 vecordiae
1587 2510 1699 2565 non
1741 2509 1836 2549 no-

254 2597 369 2645 ster
410 2600 533 2642 eum
577 2585 767 2657 stylus,
795 2585 891 2641 sed
917 2599 1047 2640 suus
1074 2592 1390 2655 permoneat
1434 2599 1645 2639 sensus.
1678 2583 1838 2650 Quis-

252 2679 374 2750 quis
402 2678 567 2749 igitur
589 2678 667 2732 ita
710 2677 984 2732 hominem
1011 2675 1079 2731 ad
1119 2675 1408 2746 imaginem
1438 2684 1493 2731 et
1526 2675 1838 2731 similitudi-

259 2785 385 2823 nem
415 2767 511 2824 Dei
538 2767 739 2823 factum
757 2806 773 2831 ,
803 2766 945 2822 sicut
979 2765 1046 2820 ad
1076 2765 1365 2836 imaginem
1395 2766 1630 2821 hominis
1650 2767 1837 2838 imagi-

255 2876 380 2915 nem
410 2860 478 2914 ab
507 2856 716 2914 artifice
738 2856 1023 2912 formatam
1048 2871 1170 2911 esse
1195 2855 1387 2922 credit,
1418 2856 1625 2926 aliquid
1647 2858 1700 2912 in
1723 2857 1836 2914 Deo

252 2964 573 3021 corporeum
592 2989 608 3014 ,
636 2957 780 3018 quod
817 2948 1039 3003 credere
1076 2945 1229 3003 nefas
1258 2955 1360 3011 est,
1393 2949 1616 3004 credere
1652 2964 1711 3004 se
1748 2964 1838 3004 os-

251 3043 447 3099 tendit.
487 3040 623 3096 Nam
663 3041 710 3096 si
740 3041 795 3096 id
824 3040 968 3111 quod
993 3039 1153 3095 homo
1177 3038 1246 3094 ad
1274 3038 1565 3111 imaginem
1605 3049 1662 3096 et
1684 3041 1836 3096 simi-

1938 1846 2077 1901 beati
2108 1846 2393 1917 Augustini
2438 1847 2596 1902 verba
2645 1849 2712 1903 ad
2759 1850 2995 1903 medium
3030 1851 3338 1906 deducenda
3375 1862 3518 1907 sunt.

1936 1941 2027 1995 Ait
2061 1940 2205 1995 enim
2235 1955 2250 1994 :
2307 1959 2325 1992 ‹
2359 1941 2460 1997 Ubi
2496 1943 2701 2014 imago;
2754 1960 2862 2000 non
2908 1947 3164 2002 continuo
3203 1948 3517 2016 similitudo,

1940 2049 2048 2087 non
2080 2032 2338 2087 continuo
2387 2034 2668 2102 aequalitas
2713 2049 2728 2089 :
2772 2036 2864 2090 ubi
2911 2039 3227 2107 :equalitas,
3265 2041 3520 2096 continuo

1939 2122 2254 2190 similitudo,
2280 2140 2386 2179 non
2419 2126 2677 2181 continuo
2708 2126 2885 2196 imago
2907 2168 2922 2195 ,
2953 2128 3043 2183 ubi
3072 2129 3387 2195 similitudo,
3413 2146 3518 2185 non

1938 2213 2196 2268 continuo
2223 2212 2417 2283 imago,
2448 2229 2556 2268 non
2587 2215 2842 2269 continuo
2870 2216 3170 2285 aaqualitas,
3199 2227 3259 2271 ut
3306 2219 3361 2273 in
3400 2235 3521 2289 spe-

1938 2306 2062 2361 culo
2101 2315 2183 2361 est
2212 2306 2409 2377 imago,
2444 2306 2569 2375 quia
2594 2308 2659 2361 de
2698 2306 2790 2361 illo
2817 2322 3071 2376 expressa
3104 2317 3215 2374 est;
3248 2318 3332 2365 est
3357 2311 3520 2365 etiam

1938 2397 2246 2452 necessario
2293 2397 2624 2464 similitudo,
2678 2414 2784 2453 non
2837 2408 3011 2455 tamen
3048 2402 3345 2471 aequalitas,
3396 2403 3523 2473 quia

1940 2487 2110 2541 multa
2136 2485 2332 2542 desunt
2366 2488 2589 2555 imagini
2618 2504 2739 2559 quae
2771 2490 2956 2545 insunt
2987 2491 3063 2546 illi
3094 2492 3173 2547 rei
3203 2493 3271 2547 de
3302 2509 3408 2564 qua
3434 2510 3524 2550 ex-

1936 2593 2123 2649 pressa
2154 2586 2256 2634 est.
2312 2578 2413 2634 Ubi
2457 2580 2763 2649 aequalitas,
2820 2582 3078 2638 continuo
3110 2592 3165 2638 et
3208 2584 3523 2651 similitudo,

1939 2683 2047 2722 non
2079 2669 2334 2723 continuo
2364 2669 2544 2740 imago
2575 2687 2588 2724 :
2628 2670 2774 2726 velut
2817 2672 2871 2726 in
2902 2672 3112 2728 duobus
3144 2673 3262 2730 ovis
3304 2675 3527 2745 paribus

1937 2760 2066 2830 quia
2119 2761 2261 2816 inest
2308 2762 2610 2830 aequalitas,
2649 2763 2790 2818 inest
2833 2762 3150 2821 similitudo.
3184 2766 3527 2837 Qumcunque

1940 2851 2086 2906 enim
2122 2852 2317 2905 adsunt
2349 2852 2462 2913 uni,
2488 2853 2684 2908 adsunt
2709 2862 2763 2907 et
2795 2854 2972 2921 alteri,
3008 2856 3185 2927 imago
3213 2865 3523 2914 tamennon

1937 2950 2040 3007 est,
2054 2942 2179 3012 quia
2192 2950 2444 2997 neutrum
2460 2943 2525 2998 de
2551 2944 2723 2999 altero
2739 2960 3057 3015 expressum
3070 2957 3153 3003 est
3171 2966 3182 3001 :
3216 2949 3304 3004 ubi
3332 2950 3523 3005 simili-

1941 3032 2101 3096 tudo,
2132 3047 2240 3087 non
2276 3032 2533 3089 continuo
2561 3032 2770 3105 imago,
2804 3051 2909 3090 non
2938 3037 3195 3093 continuo
3220 3040 3522 3109 :equalitas.

252 3137 535 3209 “tudinem
577 3136 673 3191 Dei
720 3134 898 3191 factus
953 3141 1038 3190 es;
1061 3173 1077 3198 ,
1128 3132 1455 3188 ιηωιιιὴιοιὶε
1509 3133 1836 3202 imaginibus
1864 3141 1911 3204 ο
1939 3121 2110 3178 Omne
2134 3123 2330 3194 quippe
2355 3139 2513 3178 ovum
2541 3127 2687 3180 omni
2713 3142 2847 3191 ovo,
2876 3128 2928 3182 in
2952 3136 3213 3197 quantum
3236 3145 3396 3184 ovum
3422 3141 3525 3199 est,

250 3229 537 3293 convenit,
584 3228 883 3283 secundum
929 3242 1244 3296 corpoream
1287 3226 1522 3297 speciem
1561 3227 1722 3281 homo
1770 3225 1840 3280 ad

252 3324 542 3394 imaginem
566 3321 660 3376 Dei
685 3319 862 3375 factus
874 3327 986 3385 est;
1013 3330 1067 3374 et
1080 3319 1125 3373 si
1142 3319 1305 3373 homo
1320 3316 1619 3373 secundum
1642 3332 1837 3387 corpo-

251 3428 401 3469 ream
414 3412 647 3482 speciem
660 3410 725 3481 ad
740 3411 1027 3481 imaginem
1038 3409 1131 3464 Dei
1147 3408 1323 3464 factus
1333 3417 1433 3473 est,
1449 3423 1744 3478 corporeus
1755 3416 1840 3463 est

252 3505 400 3559 Deus
439 3518 455 3557 :
498 3484 847 3570 incorporeus
879 3507 1062 3555 autem
1110 3500 1252 3553 Deus
1291 3506 1375 3553 est
1416 3512 1562 3551 :non
1594 3497 1759 3568 igitur
1785 3496 1838 3552 id

251 3595 394 3665 quod
417 3597 574 3650 homo
609 3593 677 3648 ad
706 3592 996 3663 imaginem
1024 3598 1080 3647 et
1108 3589 1514 3646 similimdinem
1542 3588 1637 3643 Dei
1663 3586 1838 3643 factus

251 3698 359 3755 est,
398 3685 720 3743 manufactis
749 3684 1073 3755 imaginibus
1101 3682 1369 3739 convenit.

848 3836 1072 3894 CAPUT
1113 3836 1245 3894 Vill.

254 3957 388 4026 Qua:
408 3956 475 4011 sit
493 3954 789 4025 cli/ferentia
814 3954 1059 4076 imaginis
1070 3962 1119 4034 et
1141 3951 1507 4007 similitudinis
1532 3951 1638 4006 sive
1659 3968 1838 4020 cuqua-

984 4033 1152 4076 itam.

984 4033 1152 4077 itam.

325 4135 613 4204 Quoniam,
670 4135 969 4204 opitulante
991 4136 1123 4201 Deo,
1179 4136 1477 4191 secundum
1508 4151 1699 4191 sanam
1748 4151 1839 4192 so-

255 4230 539 4302 biriamque
583 4226 887 4282 doctrinam
936 4234 1249 4282 sanctorum
1280 4225 1501 4281 Patrum
1554 4227 1842 4283 sententiis

255 4318 485 4385 imbuti,
514 4318 750 4388 qualiter
777 4318 1184 4388 intelligendum
1215 4319 1288 4374 sit
1321 4318 1465 4388 quod
1491 4317 1634 4373 Deus
1674 4319 1843 4374 Itami-

256 4427 374 4465 nem
415 4408 485 4462 ad
526 4409 805 4479 imaginem
856 4419 904 4463 et
940 4408 1340 4464 similitudinem
1388 4427 1541 4465 suam
1588 4413 1842 4466 creaverit

1944 3215 2119 3271 simile
2144 3224 2228 3271 est
2271 3235 2284 3270 ι
2314 3217 2407 3271 sed
2433 3231 2593 3271 ovum
2624 3218 2858 3288 perdicis
2892 3218 3156 3288 quamvis,
3184 3219 3238 3274 in
3269 3230 3529 3290 quantum

1943 3314 2029 3359 est
2059 3320 2256 3369 ovum,
2284 3306 2463 3361 simile
2494 3307 2564 3361 sit
2588 3322 2692 3362 ovo
2718 3308 2929 3379 gallinae
2952 3349 2966 3374 ,
2998 3325 3101 3364 nec
3128 3310 3305 3381 imago
3346 3319 3529 3368 tamen

1941 3393 2057 3465 ejus
2078 3405 2181 3461 est,
2207 3395 2333 3465 quia
2357 3411 2465 3450 non
2487 3398 2553 3451 de
2573 3396 2665 3451 illo
2686 3411 3002 3467 expressum
3026 3407 3111 3454 est
3134 3417 3145 3451 :
3173 3414 3274 3454 nec
3294 3401 3524 3469 mquale,

1940 3486 2066 3554 quia
2124 3483 2342 3540 brevius
2378 3493 2491 3550 est,
2528 3494 2612 3540 est
2649 3493 2706 3539 et
2743 3486 2969 3540 alterius
3010 3487 3224 3556 generis
3275 3486 3525 3542 animan-

1940 3579 2095 3631 tium.
2138 3574 2244 3631 Sed
2282 3577 2373 3632 ubi
2410 3578 2626 3641 dicitur,
2660 3593 2765 3632 non
2792 3580 3070 3645 continuo,
3105 3579 3292 3649 utique
3325 3579 3526 3635 intelli-

1941 3674 2086 3746 gitur
2115 3673 2242 3743 quia
2272 3686 2393 3727 esse
2437 3672 2728 3741 aliquando
2759 3668 2937 3742 potest
2969 3691 2982 3725 :
3018 3681 3196 3743 potest
3234 3689 3367 3746 ergo
3408 3690 3528 3732 esse

1940 3766 2118 3836 aliqua
2145 3765 2322 3834 imago
2350 3764 2403 3818 in
2430 3778 2535 3833 qua
2566 3764 2637 3818 sit
2662 3763 2827 3818 etiam
2873 3764 3192 3833 aequalitas:
3221 3772 3280 3819 ut
3326 3765 3381 3820 in
3426 3781 3522 3836 pa-

1942 3859 2187 3915 rentibus
2211 3865 2267 3912 et
2308 3856 2434 3913 [iliis
2459 3857 2793 3912 inveniretur
2825 3858 3024 3928 imago,
3055 3865 3111 3913 et
3134 3860 3438 3929 inqualitas,
3469 3869 3526 3915 et

1940 3953 2265 4016 similitudo,
2303 3953 2349 4008 si
2393 3953 2737 4008 intervallum
2768 3940 3027 4024 temporis
3073 3955 3355 4012 defuisset.
3391 3956 3528 4012 Nam

1941 4053 1996 4100 et
2024 4042 2090 4099 de
2117 4049 2340 4113 parente
2385 4042 2644 4113 expressa
2689 4052 2773 4098 est
2807 4043 3105 4099 similitudo
3131 4044 3247 4111 lilii,
3280 4053 3341 4101 ut
3382 4055 3528 4103 recte

1942 4139 2121 4207 imago
2152 4135 2397 4201 dicatur,
2430 4144 2485 4190 et
2509 4143 2687 4205 potest
2711 4151 2833 4191 esse
2876 4144 3025 4192 tanta
3048 4178 3063 4202 ,
3094 4147 3153 4193 ut
3182 4149 3330 4195 recte
3360 4140 3527 4196 etiam

1942 4230 2154 4286 dicatur
2179 4227 2491 4298 :equalitas,
2521 4227 2625 4282 nisi
2653 4229 2797 4299 quod
2824 4245 3021 4299 parens
3048 4238 3293 4301 tempore
3325 4246 3530 4302 prame—

1942 4324 2041 4388 dit,
2095 4338 2162 4377 ex
2207 4337 2315 4391 quo
2364 4320 2685 4389 intelligitur
2732 4331 2787 4375 et
2826 4322 3193 4392 mqualitatem
3242 4323 3532 4394 aliquando

1944 4430 2052 4470 non
2079 4414 2254 4469 solum
2302 4412 2711 4467 similitudinem
2756 4414 2987 4479 habere,
3021 4415 3115 4470 sed
3149 4415 3313 4470 etiam
3342 4416 3535 4488 imagi-

256 4484 412 4572 (Gen.
440 4497 515 4570 ι),
556 4500 799 4553 exsecuti
844 4515 1063 4566 sumus,
1099 4517 1242 4556 nunc
1271 4515 1450 4571 operte
1488 4502 1722 4571 pretium
1758 4510 1843 4558 εει

1950 4499 2285 4571 ηειη,ἰιιιοι1
2330 4502 2384 4556 in
2422 4502 2699 4572 superiore
2747 4503 2996 4573 exemplo
3032 4503 3379 4560 manifestum
3425 4516 3530 4563 est.

258 4600 318 4645 ut
346 4606 468 4667 qua:
498 4590 570 4644 sit
598 4587 902 4645 differentia
949 4590 1202 4661 imaginis
1226 4600 1284 4646 et
1313 4591 1717 4660 similitudinis,
1747 4608 1843 4649 seu
1880 4653 1883 4656 ἠ

255 4681 424 4737 etiam
453 4680 812 4750 aequalitatis,
843 4681 1081 4737 breviter
1109 4697 1475 4752 exsequamur
1520 4703 1533 4737 :
1577 4694 1845 4754 quatenus

254 4783 314 4828 et
337 4771 415 4827 illi
442 4771 536 4842 qui
567 4772 636 4827 ob
681 4772 983 4828 adorandas
1028 4773 1294 4845 imagines
1316 4789 1414 4844 per
1441 4783 1687 4845 patentes
1730 4778 1845 4832 ina-

255 4864 412 4919 nium
453 4862 817 4918 assertionum
848 4879 1068 4942 campos
1095 4864 1324 4920 etfrenes
1352 4863 1618 4933 feruntur,
1648 4867 1842 4924 horum

257 4956 447 5020 trium,
467 4968 587 5024 qua:
601 4953 676 5008 illi
690 4953 870 5008 omnia
893 4970 1029 5024 pene
1046 4971 1213 5010 unum
1227 4964 1454 5025 putant,
1479 4956 1844 5014 dili‘erentiam

255 5053 669 5117 cognoscentes,
685 5045 739 5099 in
753 5054 956 5116 quanto
976 5047 1282 5102 sinterrore
1292 5030 1645 5117 perpendam,
1667 5057 1842 5105 etstu-

255 5136 399 5193 diosi
412 5137 614 5207 quique
628 5128 731 5192 hoc
745 5137 985 5208 legentes
998 5138 1068 5219 ad
1079 5140 1341 5208 quasdam
1356 5139 1722 5209 intelligentize
1737 5141 1845 5218 ιιιίέ⁵

238 5229 443 5299 ,ιὶιειιεε
488 5229 766 5284 accedant.
807 5225 935 5307 Haec
954 5230 1244 5310 gergpﬂtria
1276 5231 1652 5313 distinguenda
1684 5240 1842 5299 sunt,

258 5319 395 5401 quia.
405 5334 567 5374 omne
579 5321 724 5390 quod
738 5321 916 5393 imago
930 5330 1014 5377 est
1028 5362 1044 5388 ,
1059 5321 1359 5378 similitudo
1385 5334 1468 5377 est
1486 5364 1501 5388 ,
1533 5338 1637 5378 non
1663 5332 1844 5379 tamen

258 5427 424 5466 omne
444 5411 591 5484 quod
605 5412 925 5482 similitudo,
949 5416 1129 5487 imago
1154 5426 1258 5482 est,
1285 5425 1340 5472 et
1362 5433 1483 5473 cum
1510 5418 1688 5490 imago
1708 5435 1848 5474 nun-

260 5516 428 5572 quam
458 5502 813 5560 similitudine
840 5517 1043 5571 careat,
1071 5506 1371 5563 similitudo
1411 5523 1541 5563 vero
1569 5508 1848 5564 multoties

260 5589 500 5662 imagine
526 5602 731 5660 careat,
757 5594 1076 5665 plerumque
1098 5606 1152 5651 et
1172 5598 1470 5677 similitudo
1503 5607 1559 5654 et
1578 5599 1755 5671 imago
1775 5616 1848 5656 te-

262 5681 523 5750 qualitate
543 5699 731 5742 carere
745 5694 1060 5755 noscuntur,
1078 5703 1197 5759 quae
1222 5690 1388 5746 etiam
1410 5692 1690 5767 inqualitas
1713 5707 1849 5748 non-

1947 4593 2133 4648 Potcst
2162 4592 2325 4647 etiam
2356 4592 2646 4663 aliquando
2675 4608 2794 4648 esse
2825 4593 3119 4651 similitudo
3150 4604 3206 4651 et
3226 4597 3530 4669 aequalitas,

1946 4684 2194 4755 quamvis
2223 4698 2328 4738 non
2361 4683 2431 4738 sit
2460 4683 2657 4753 imago,
2691 4693 2753 4738 ut
2775 4685 2840 4740 de
2867 4686 2986 4742 ovis
3006 4687 3230 4757 paribus
3250 4687 3487 4747 diximus
3512 4709 3527 4746 :

1946 4783 2122 4846 potest
2156 4774 2454 4830 similitudo
2484 4783 2539 4831 et
2589 4776 2784 4847 imago,
2825 4780 3074 4848 quamvis
3111 4796 3219 4837 non
3246 4782 3320 4838 sit
3347 4800 3531 4854 aequa-

1946 4868 2090 4933 litas,
2126 4875 2188 4922 ut
2218 4867 2272 4922 in
2299 4867 2521 4937 spewlo
2549 4868 2886 4923 ostendimus
2912 4884 2928 4924 :
2953 4879 3132 4939 potest
3161 4880 3215 4927 et
3239 4872 3534 4931 similitudo

1944 4973 2084 5025 esse,
2117 4959 2207 5014 ubi
2256 4967 2311 5013 et
2339 4957 2623 5028 aequalitas
2650 4966 2706 5013 et
2755 4957 2935 5028 imago
2979 4959 3089 5026 sit,
3128 4959 3270 5015 sicut
3310 4961 3378 5017 de
3407 4962 3534 5020 filiis

1947 5052 2520 5114 commemoravimus,
2553 5058 2778 5120 excepto
2807 5057 3048 5119 tempore
3074 5066 3180 5121 quo
3220 5056 3534 5123 praecedunt

1948 5150 2219 5214 parentes.
2260 5163 2276 5192 ι
2309 5142 2405 5197 liis
2435 5141 2599 5211 igitur
2631 5139 2791 5209 hujus
2816 5139 3135 5208 differentia:
3166 5142 3366 5212 regulis
3408 5144 3530 5199 bre-

1948 5233 2088 5288 viter
2111 5231 2336 5303 prolatis
2359 5272 2372 5297 ,
2406 5233 2472 5285 ad
2501 5246 2565 5286 ea
2589 5247 2709 5301 qua:
2745 5232 2977 5302 incmpta
3007 5240 3133 5287 sunt
3160 5233 3352 5290 ordine
3381 5252 3530 5291 com-

1947 5326 2150 5399 petenti
2178 5333 2546 5390 transeamus,
2580 5334 2637 5380 et
2673 5324 2871 5382 divina:
2897 5323 3032 5396 legis
3060 5325 3362 5382 testimonia
3387 5328 3454 5385 ab
3473 5330 3533 5384 il-

1952 5421 2022 5477 lis
2045 5435 2152 5475 non
2180 5426 2326 5475 recte
2352 5425 2605 5490 usurpata
2623 5459 2637 5484 ,
2660 5432 2691 5472 a
2721 5418 2878 5473 nobis
2905 5417 3290 5473 venerabilium
3314 5419 3535 5479 Patrum

1954 5498 2292 5568 documentis
2326 5518 2471 5566 recte
2498 5511 2607 5565 sint
2625 5510 2963 5580 promulgata
2990 5527 3003 5563 :
3033 5520 3301 5581 quatenus
3324 5522 3376 5569 et
3413 5514 3536 5571 illo-

1955 5619 2074 5659 rum
2119 5602 2357 5668 volatus,
2406 5601 2495 5659 bis
2539 5602 2639 5657 alis
2681 5601 2870 5657 fractis
2911 5617 3046 5672 quas
3074 5601 3185 5666 sibi
3221 5619 3541 5677 arroganter

1954 5695 2529 5760 accommodaverunt,
2563 5691 2823 5761 fatescat,
2878 5701 2932 5749 et
2960 5691 3326 5753 studiosorum
3370 5698 3537 5757 lecto-
