4070 6186
324 314 462 375 {€139

1149 321 1324 377 LIBRI
1360 319 1700 378 CAROLINI.
1739 347 1810 361 -ο
1846 315 2066 373 CAPIT.
2111 317 2196 375 DE
2233 319 2422 375 NAG.
2462 351 2531 365 —-
2572 323 2700 378 LIB.
2738 323 2778 380 Ι.

3445 292 3610 379 ιοδιι

321 430 568 493 aclorare,
599 428 908 500 impropriis
940 431 1259 487 dictionibus
1287 433 1477 487 utitur.
1506 431 1564 487 Si
1590 428 1895 502 impropriis
1922 428 1972 489 Α
1999 429 2202 499 synodo
2247 446 2365 500 quae
2404 447 2501 501 pro
2539 434 2824 489 adorandis
2865 432 3189 505 imaginibus
3235 435 3439 505 agitata
3476 447 3581 502 est,

320 516 649 571 dictionibus
664 517 853 581 utitur,
884 520 1319 587 reprehensibilis
1331 528 1413 575 est
1432 527 1548 574 :est
1566 527 1746 573 autem
1761 518 1896 571 irre-

322 605 732 678 prebensibilis,
772 622 877 662 non
922 608 1082 678 igitur
1114 609 1410 664 benedicere
1456 609 1634 678 posuit
1664 622 1765 677 pro
1800 606 1898 660 ad-

323 711 498 751 orare.
543 694 642 749 Dic
668 709 798 765 ergo
826 708 903 762 tu,
930 698 1224 753 dic‘sancte
1254 698 1459 763 Daniel,
1479 699 1566 754 dic
1584 699 1669 753 vir
1693 697 1900 753 deside-

323 788 562 852 riorum,
614 789 703 842 dic
753 797 1025 845 scrutator
1080 806 1398 845 arcanorum
1422 830 1439 857 ,
1488 790 1575 845 dic
1622 790 1902 857 indagator

325 876 751 948 Scripturarum,
772 879 859 934 die
879 880 1138 948 propheta
1163 881 1255 950 qui
1281 881 1689 951 Redemptorem
1716 880 1899 935 mundi

325 968 381 1022 in
405 983 473 1023 eo
499 969 738 1039 apertius
767 971 977 1024 ceteris
1002 970 1203 1026 dixisse
1225 972 1498 1042 probaris,
1526 972 1652 1041 quia
1681 987 1789 1027 non
1819 987 1902 1027 so-

324 1056 437 1114 lum
468 1057 662 1113 scribis
691 1073 815 1112 eum
850 1073 971 1115 esse
1008 1068 1311 1125 venturum,
1348 1059 1492 1129 quod
1527 1071 1609 1116 est
1632 1061 1730 1115 tibi
1754 1075 1902 1116 com-

324 1160 489 1201 mune
528 1161 655 1201 cum
697 1148 940 1212 caeteris,
986 1148 1080 1203 sed
1112 1164 1218 1218 quo
1254 1159 1493 1219 tempore
1530 1157 1789 1205 venturus
1830 1150 1903 1204 sit

324 1239 508 1307 doces,
534 1247 591 1296 et
614 1255 768 1311 reges
790 1255 888 1310 per
905 1242 1148 1297 ordinem
1172 1243 1388 1313 digeris,
1414 1252 1468 1299 et
1491 1259 1659 1298 annos
1688 1257 1903 1298 enume-

325 1345 419 1385 ras
446 1345 510 1385 ac
548 1328 984 1385 manifestissima
1014 1331 1168 1401 signa
1200 1332 1564 1400 prmnuntias:
1610 1333 1695 1387 dic
1718 1339 1901 1387 utrum

324 1422 816 1478 Nabuchodonosor
838 1462 853 1487 ,
903 1429 964 1475 ut
994 1421 1072 1476 illi
1100 1422 1376 1491 garriunt,
1406 1421 1752 1493 adoraveris’?
1786 1420 1903 1476 Non

325 1513 382 1569 in
409 1528 532 1569 meo
553 1512 823 1568 volumine
844 1512 969 1576 hoc,
995 1512 1237 1582 inquam,
1261 1510 1454 1568 fecisse
1476 1527 1561 1567 me
1575 1512 1735 1583 legis:
1760 1511 1903 1582 quod

326 1604 545 1676 quidem
562 1611 619 1658 et
641 1604 689 1659 si
718 1603 986 1667 fecissem,
1013 1601 1159 1656 nulla
1181 1617 1249 1657 ex
1272 1610 1423 1673 parte
1442 1603 1567 1657 inde
1590 1602 1802 1658 illorum
1827 1618 1912 1657 as.

2002 517 2237 589 legitur:
2286 523 2535 590 quoniam
2586 524 2674 577 ille
2713 523 2847 593 lapis
2887 540 2993 578 non
3032 524 3257 593 alicujus
3295 529 3586 596 prmteritae

2002 610 2081 664 rei
2110 612 2283 682 imago
2306 614 2390 667 vel
2415 615 2707 671 similitudo
2728 615 2894 671 fuisse
2919 618 3177 673 creditur.
3211 617 3313 684 Qui
3341 618 3385 673 si
3406 619 3476 674 ob
3495 618 3584 673 ali.

2003 698 2156 769 cujus
2176 705 2464 773 praeteritae
2501 705 2579 759 rei
2618 708 2933 760 memoriam
2963 709 3031 762 ab
3060 706 3298 775 ejusdem
3324 709 3403 763 rei
3432 709 3583 763 simi-

2003 789 2227 845 litudine
2254 807 2559 861 expressus,
2590 803 2643 849 et
2665 810 2696 847 a
2718 805 2906 850 sancto
2932 796 3239 865 patriarcha
3261 797 3328 851 ad
3357 798 3581 853 adoran-

2006 879 2131 933 dum
2162 878 2349 934 fuisset
2382 891 2594 936 erectus
2617 924 2631 948 ,
2675 885 2943 953 quoddam
2972 884 3218 941 fortassis
3243 896 3427 956 posset
3474 887 3580 944 illis

2006 968 2148 1024 ferre
2170 971 2578 1035 adminiculum,
2610 975 2703 1042 qui
2730 975 2866 1027 tanti
2897 976 3100 1029 erroris
3128 977 3311 1032 subire
3339 992 3446 1032 non
3470 977 3584 1033 for-

2008 1061 2280 1116 midavcre
2304 1064 2622 1133 perieulum.
2656 1065 2761 1121 Sed
2790 1067 2916 1120 dum
2946 1067 3086 1123 aliud
3114 1068 3184 1123 sit
3214 1071 3457 1139 qutedam
3486 1086 3585 1141 per

2006 1152 2366 1220 patriarcham
2422 1153 2537 1209 ﬁeri
2596 1157 2662 1210 ad
2719 1157 3203 1227 prmiigurationem
3261 1158 3582 1225 futurorum,

2008 1241 2153 1298 aliud
2174 1258 2203 1297 a
2223 1244 2427 1314 pictore
2466 1247 2609 1316 pingi
2636 1249 2883 1317 quaadam
2912 1251 2981 1305 ob
3009 1254 3328 1308 memoriam
3352 1263 3583 1325 praster-

2009 1333 2206 1388 itorum
2245 1343 2551 1405 gestorum;
2602 1339 2746 1394 aliud
2777 1343 2849 1395 sit
2890 1339 3094 1411 Spiritu
3125 1352 3313 1398 sancto
3343 1359 3464 1398 esse
3502 1360 3585 1398 re-

2009 1424 2233 1491 pletum,
2269 1425 2412 1481 aliud
2442 1428 2670 1495 pictoria
2696 1437 2812 1483 arte
2838 1431 3139 1497 imbutum;
3176 1433 3320 1488 aliud
3356 1434 3457 1489 iste
3489 1450 3585 1505 ge-

2011 1525 2097 1568 rat
2122 1516 2329 1571 caelesti
2372 1533 2595 1573 munere
2623 1518 2826 1584 fretus,
2863 1520 3005 1575 aliud
3050 1521 3136 1576 ille
3181 1524 3436 1591 operandi
3484 1540 3584 1578 usu

2011 1616 2308 1675 expertus;
2366 1607 2508 1664 aliud
2544 1610 2613 1664 sit
2655 1609 2822 1667 Iacob
2866 1612 2923 1666 in
2964 1612 3173 1667 titulum
3213 1613 3420 1684 erigere
3448 1613 3585 1683 lapi—

326 1689 1913 1762 sertiofulciretur:egoproposuiincordemeonepolluerer
2013 1693 2153 1757 dem,
2207 1693 2350 1750 aliud
2393 1698 2681 1765 quemdam
2718 1699 2978 1766 pictorem
3024 1700 3078 1753 in
3110 1700 3316 1768 pariete
3350 1708 3588 1756 statuero

327 1776 734 1848 demensaejus,
749 1793 922 1848 neque
935 1779 1000 1834 de
1023 1779 1462 1851 vinopotusejus,
1475 1789 1531 1835 et
1544 1781 1912 1843 illimedieunt
1945 1769 1987 1829 Β
2015 1784 2340 1855 imaginem;
2391 1787 2536 1842 aliud
2566 1790 2857 1843 secundum
2894 1791 3127 1861 typicam
3168 1791 3397 1863 ﬁguram
3427 1792 3588 1848 desu-

324 1886 451 1926 eum
477 1870 749 1926 adorasse.
783 1870 1075 1926 (lactentem
1099 1886 1228 1943 ergo
1242 1872 1296 1926 in
1325 1870 1519 1928 faciem
1538 1887 1711 1938 suam,
1744 1882 1800 1928 et
1825 1890 1911 1930 me

327 1965 639 2021 adorantem
664 2002 680 2030 ,
717 1969 774 2017 et
798 1961 1005 2018 hostias
1045 1973 1100 2016 et
1134 1963 1412 2019 incensum
1441 1963 1751 2020 sacriﬁcare
1775 1966 1909 2020 mihi

325 2054 761 2125 praecipientem,
808 2060 864 2107 et
890 2052 1058 2107 Deum
1086 2052 1304 2108 deorum
1331 2062 1386 2108 et
1410 2053 1695 2108 Dominum
1718 2069 1908 2125 regum

328 2151 385 2197 et
413 2141 767 2196 revelatorem
814 2141 1223 2211 mysteriorum,
1252 2142 1346 2212 qui
1373 2150 1550 2213 potest
1582 2143 1793 2211 aperire
1822 2158 1909 2197 sa-

327 2243 604 2289 cramenta
627 2233 991 2299 conﬁtentem,
1018 2244 1072 2291 et
1097 2250 1220 2291 eum
1250 2235 1304 2291 in
1326 2251 1415 2293 me
1440 2237 1621 2306 potius
1642 2238 1713 2293 ob
1736 2238 1913 2309 signo-

329 2342 449 2382 rum
497 2326 917 2397 magnitudinem
942 2367 957 2394 ,
1008 2325 1163 2396 cujus
1206 2343 1308 2398 ego
1356 2329 1721 2385 habitaculum
1764 2346 1902 2395 sum,

327 2433 491 2488 quam
520 2432 605 2472 me
631 2420 945 2473 adorantem
969 2418 1180 2476 blandis
1208 2420 1457 2490 alloquiis
1493 2420 1688 2477 allatus
1715 2438 1833 2477 sum
1855 2431 1910 2477 et

328 2512 399 2567 ab
426 2526 493 2567 eo
516 2518 576 2564 ut
601 2511 1023 2567 misericordiam
1069 2527 1283 2582 semper
1309 2522 1588 2570 exerceret
1623 2515 1677 2568 in
1712 2529 1910 2583 genere

330 2602 512 2667 Israel,
542 2602 656 2659 sive
680 2608 740 2656 ut
769 2602 1116 2672 concaptivos
1141 2617 1311 2668 meos,
1341 2603 1627 2668 Ananiam,
1653 2604 1908 2658 Azariam

329 2702 386 2750 et
410 2694 682 2753 Misaelem
724 2694 1077 2750 constitueret
1111 2709 1276 2765 super
1299 2709 1463 2764 opera
1490 2696 1777 2765 provincia:
1801 2695 1906 2750 Ba-

330 2787 544 2859 bylonis
566 2786 851 2857 postulavi,
875 2802 983 2841 non
1002 2785 1299 2841 adulatorie
1328 2787 1565 2842 adoravi.
1591 2785 1758 2853 Quem
1789 2786 1910 2856 qui-

333 2876 455 2932 dem
482 2883 537 2931 et
580 2876 628 2930 si
662 2875 969 2930 adorassem
989 2914 1004 2939 ,
1055 2890 1162 2929 non
1192 2889 1305 2930 rem
1343 2875 1631 2943 quamdam
1660 2875 1906 2932 insensa-

330 2976 443 3022 tam
481 2967 759 3022 adorarem
786 3005 803 3031 ,
838 2966 933 3021 sed
961 2979 1057 3036 per
1093 2965 1416 3021 humilitatis
1455 2963 1695 3020 officium
1742 2964 1910 3021 subli-

333 3054 491 3111 miori
533 3054 785 3125 potestati
827 3053 1075 3109 subditus
1122 3069 1384 3119 manens,
1427 3054 1605 3109 sciens
1640 3070 1747 3109 non
1788 3068 1909 3109 esse

332 3153 655 3217 potestatem
695 3145 800 3200 nisi
838 3159 869 3199 a
907 3145 1016 3200 Deo
1041 3185 1056 3210 ,
1100 3144 1417 3201 rationalem
1459 3144 1729 3200 hominem
1763 3145 1910 3201 salu-

337 3234 500 3289 tando
544 3235 846 3289 adorarem.
900 3231 1035 3286 Nam
1069 3248 1193 3296 cum
1242 3239 1352 3287 tam
1390 3230 1601 3289 felicem
1641 3234 1910 3303 quondam

332 3325 615 3381 habuerim
641 3324 1102 3380 conversationem
1123 3363 1140 3390 ,
1189 3331 1251 3378 ut
1270 3326 1511 3394 quaesitis
1535 3325 1911 3381 occasionibus

334 3434 402 3473 ex
429 3417 595 3471 latere
624 3415 767 3485 regis
793 3414 989 3484 quibus
1014 3415 1258 3470 accusari
1279 3430 1491 3485 possem
1519 3416 1587 3470 ab
1613 3416 1829 3479 invidis,
1856 3424 1912 3470 et

336 3522 444 3561 non
471 3507 523 3561 in
553 3505 660 3560 alio
701 3504 808 3561 nisi
851 3504 906 3559 in
932 3503 1186 3574 legitimis
1210 3504 1304 3559 Dei
1348 3505 1456 3560 mei
1491 3514 1775 3561 accusatus
1800 3504 1914 3559 fue-

338 3600 461 3663 rim,
507 3605 561 3653 et
588 3598 646 3653 in
672 3596 851 3653 laeum
875 3596 1088 3651 leonum
1116 3594 1404 3665 proiectus,
1442 3604 1497 3652 et
1520 3612 1665 3654 nunc
1690 3612 1913 3652 accuser

336 3687 592 3742 adorasse
619 3700 779 3757 quem
808 3700 916 3741 non
944 3686 1310 3751 aduraverim,
1359 3693 1415 3740 ct
1439 3702 1473 3741 a
1507 3684 1657 3741 falsis
1685 3685 1913 3741 testibus

337 3776 487 3833 dicar
508 3777 685 3847 egisse
707 3776 851 3846 quod
869 3782 982 3830 non
1010 3776 1117 3846 egi,
1158 3783 1327 3831 restat
1365 3784 1424 3831 ut
1450 3792 1572 3831 eum
1603 3777 1770 3833 David
1798 3776 1910 3832 cla-

337 3884 501 3932 mem,
534 3868 937 3923 lnsurreaxrunt
966 3868 1021 3921 in
1049 3885 1128 3922 me
1156 3877 1309 3923 testes
1335 3869 1479 3939 falsi,
1517 3877 1566 3924 et
1596 3870 1810 3923 mentita
1838 3879 1911 3924 est

336 3957 583 4026 iniquitas
612 3955 711 4009 sibi
738 3954 910 4027 (Psal.
948 3957 1142 4027 xxvu).
1195 3957 1328 4011 Cum
1366 3972 1496 4028 ergo
1522 3958 1594 4014 ob
1619 3958 1911 4029 imaginum

330 4060 576 4113 amorem
604 4052 659 4099 et
697 4044 863 4101 Iacob
891 4045 1254 4115 patriarcham
1283 4054 1338 4101 et
1366 4047 1638 4103 Danielem
1680 4049 1913 4117 prophe-

341 4143 447 4188 tam
469 4136 840 4200 criminentur,
868 4143 923 4189 et
951 4133 1354 4205 Scripturarum
1383 4138 1684 4192 divinarum
1724 4153 1914 4193 sensus

337 4227 406 4281 ad
444 4227 760 4297 peregrinas
806 4227 1188 4298 intelligentias
1224 4237 1538 4284 convertere
1583 4229 1826 4291 nitantur
1861 4239 1916 4284 et

337 4332 465 4379 suos
488 4317 911 4387 pmdecessores
936 4318 1049 4373 sive
1074 4327 1326 4388 parentes
1364 4327 1551 4373 contra
1580 4318 1712 4389 legis
1740 4320 1912 4389 impe-

2010 1889 2108 1944 per
2128 1876 2306 1930 oleum
2341 1875 2596 1944 fundere,
2626 1879 2769 1933 aliud
2808 1881 3099 1935 secundum
3127 1881 3467 1951 vaniloquam
3497 1897 3589 1936 as-

2011 1967 2301 2021 sertionem
2336 1968 2562 2022 adorare
2575 1967 2799 2037 jubere;
2846 1969 3034 2024 inutile
3058 1976 3111 2025 et
3136 1971 3276 2026 ultra
3303 1987 3465 2041 quam
3505 1972 3588 2026 in-

2010 2056 2144 2112 utile
2175 2066 2259 2111 est
2286 2057 2389 2112 hoc
2417 2057 2484 2112 ad
2530 2059 2875 2113 astruendam
2919 2059 3151 2128 aliquam
3181 2077 3295 2117 rem
3323 2063 3375 2116 in
3406 2078 3588 2118 exem-

2008 2147 2155 2216 plum
2181 2161 2479 2217 proponere
2507 2148 2650 2217 quod
2679 2150 2746 2202 ab
2773 2148 2863 2203 illa
2894 2164 2952 2203 re
2976 2151 3215 2204 omnium
3244 2160 3587 2222 argumenta-

2012 2237 2217 2292 tionum
2267 2237 2602 2291 diverticulis
2656 2238 2865 2291 videtur
2921 2239 3143 2294 distare.
3207 2239 3586 2312 Nunquidnam

2007 2324 2173 2381 Iacob
2206 2327 2355 2380 illum
2394 2327 2622 2396 lapidem
2652 2334 2712 2383 ut
2734 2327 2987 2382 adoretur
3007 2330 3211 2395 erexit,
3243 2337 3335 2385 aut
3359 2331 3587 2401 alicujus

2010 2416 2087 2471 rei
2116 2416 2169 2471 in
2217 2432 2284 2472 eo
2324 2418 2612 2487 imaginem
2654 2418 2936 2487 depinxit?
2975 2419 3109 2475 Nam
3155 2422 3280 2476 dum
3327 2421 3589 2493 imagines

2007 2523 2144 2577 pene
2179 2508 2387 2563 nullum
2408 2507 2640 2563 oliicium
2664 2509 2811 2564 aliud
2843 2511 2948 2564 nisi
2977 2510 3248 2567 motibus
3274 2525 3373 2581 per
3395 2510 3476 2567 sui
3507 2514 3589 2567 in-

2008 2598 2203 2653 tuitum
2234 2598 2548 2653 memoriam
2586 2597 2847 2654 inferendi
2872 2600 3123 2664 habeant,
3159 2601 3297 2670 lapis
3321 2601 3414 2671 qui
3442 2617 3472 2655 a
3500 2617 3590 2671 pa-

2010 2687 2247 2743 triarcha
2276 2697 2488 2742 erectus
2522 2694 2605 2742 est
2643 2689 2745 2743 tria
2782 2689 3011 2759 insignia
3044 2698 3101 2744 et
3137 2705 3348 2745 summo
3385 2691 3590 2747 honore

2007 2775 2168 2845 digna
2193 2776 2433 2830 creditur
2468 2776 2644 2832 ollicia
2685 2778 2958 2833 habuisse.
2995 2778 3257 2843 Primum,
3304 2780 3446 2849 quod
3475 2796 3592 2836 cer-

2010 2867 2180 2922 vicem
2225 2867 2571 2922 lsraeliticam
2611 2866 2865 2933 fulcierit,
2896 2877 2950 2923 et
2987 2869 3223 2938 pulvillis
3257 2873 3462 2926 carenti
3491 2888 3587 2942 pa-

2008 2958 2259 3013 triarchae
2297 2957 2502 3026 pulvilli
2548 2958 2718 3013 vicem
2762 2961 3102 3028 praestiterit,
3154 2969 3210 3015 et
3249 2960 3366 3029 ejus
3415 2964 3590 3033 capite

2012 3046 2177 3103 fuerit
2201 3058 2474 3114 oneratus,
2510 3049 2599 3117 qui
2629 3065 2736 3104 non
2762 3050 2932 3105 solum
2962 3052 3164 3105 scalam
3189 3067 3220 3105 a
3249 3059 3393 3107 terra
3420 3068 3592 3123 usque

2013 3136 2078 3193 ad
2107 3137 2301 3194 uelum
2344 3139 2757 3210 pertingentem,
2804 3148 2860 3195 et
2887 3141 3107 3211 angelos
3133 3154 3230 3209 per
3253 3155 3373 3195 eam
3402 3157 3591 3197 ascen-

2011 3232 2198 3287 dentes
2238 3241 2292 3287 et
2320 3232 2706 3287 descendentes
2723 3270 2738 3295 ,
2786 3230 2882 3285 sed
2908 3231 3071 3285 etiam
3100 3229 3277 3300 ipsum
3306 3230 3590 3286 Dominum

2008 3322 2148 3377 bona
2176 3322 2277 3378 sibi
2316 3322 2657 3392 pollicentem
2693 3322 2967 3376 cernebat.
3011 3320 3337 3385 Secundum,
3369 3322 3510 3390 quod
3533 3323 3589 3376 in

2010 3409 2219 3480 insigne
2243 3417 2298 3465 et
2327 3410 2538 3464 titulum
2576 3424 2683 3478 quo
2707 3417 2928 3468 sanctus
2963 3409 3268 3480 patriarcha
3297 3409 3439 3464 illius
3465 3426 3592 3465 san-

2011 3501 2084 3556 cti
2111 3501 2214 3555 loci
2244 3501 2696 3562 reminisceretur,
2724 3508 2939 3555 erectus
2966 3508 3070 3564 est,
3108 3515 3215 3569 quo
3236 3501 3452 3556 rediens
3468 3514 3592 3570 peo—

2011 3589 2078 3645 lis
2107 3599 2161 3643 et
2201 3587 2488 3659 conjugnm
2515 3587 2708 3643 affectu
2741 3589 3071 3643 exhilaratus
3105 3595 3159 3643 et
3191 3603 3384 3659 magna
3410 3605 3591 3644 rerum

2009 3678 2282 3748 opulentia
2309 3678 2529 3743 ditatus,
2559 3692 2656 3732 sua
2682 3677 2910 3732 Domino
2934 3686 3058 3733 vota
3081 3678 3171 3747 qui
3191 3678 3308 3732 hazc
3330 3677 3433 3735 sibi
3461 3692 3591 3733 cun-

2011 3776 2099 3824 cta
2121 3773 2465 3823 concesserat
2488 3766 2754 3821 redderet.
2790 3766 3051 3831 Tertium,
3072 3766 3218 3836 quod
3237 3775 3422 3838 typum
3444 3781 3593 3836 gere-

2011 3859 2103 3914 bat
2129 3857 2299 3912 nostri
2330 3856 2657 3922 Medialoris,
2685 3856 2777 3926 qui
2798 3856 2974 3911 factus
2998 3864 3082 3910 est
3109 3856 3162 3909 in
3203 3864 3365 3926 caput
3387 3856 3590 3927 anguli,

2012 3957 2068 4001 et
2089 3953 2173 4001 est
2186 3945 2449 4000 mirabilis
2463 3945 2635 4000 oculis
2656 3945 2887 4009 nostris;
2914 3943 3007 4015 qui
3026 3954 3222 4000 unctus
3265 3954 3350 3999 cst
3377 3962 3407 3998 a
3434 3945 3594 4000 Patre

2012 4038 2132 4094 oleo
2163 4036 2365 4091 laetitia:
2387 4050 2500 4105 pra:
2543 4037 2885 4092 consortibus
2921 4035 3071 4102 suis;
3119 4050 3278 4106 quem
3311 4044 3365 4091 et
3405 4036 3591 4092 Daniel

2014 4128 2244 4199 lapidem
2272 4126 2544 4182 abscisum
2573 4126 2704 4181 dicit
2731 4127 2796 4182 de
2827 4135 3011 4182 monte
3036 4126 3152 4182 sine
3179 4128 3429 4184 manibus
3456 4143 3596 4198 pra:-

2015 4217 2327 4281 cidentium,
2365 4217 2568 4285 absque
2589 4215 2733 4271 coitu
2762 4225 2817 4271 et
2846 4217 3083 4272 humano
3113 4216 3363 4272 videlicet
3389 4218 3596 4273 semine

2014 4332 2080 4371 ex
2110 4325 2265 4371 utero
2302 4314 2549 4386 virginali
2586 4314 2845 4385 genitum.
2895 4315 3064 4383 Quem
3105 4325 3162 4371 et
3191 4316 3358 4371 David
3386 4327 3594 4388 petram

338 4404 480 4458 rium
503 4417 877 4475 aspernentur,
924 4417 1170 4477 superest
1197 4416 1257 4461 ut
1296 4408 1382 4464 his
1424 4416 1631 4464 tantum
1674 4410 1911 4464 contenti
1944 4444 1991 4504 Β
2017 4415 2287 4476 nuncupat
2310 4406 2496 4461 dicens
2513 4445 2527 4471 ,
2569 4405 2826 4461 Dominus
2848 4416 2998 4478 petra
3025 4423 3139 4461 mea
3167 4418 3215 4461 et
3240 4409 3398 4463 robur
3423 4425 3593 4463 meum

337 4497 464 4562 sint,
512 4506 569 4552 et
609 4513 794 4553 earum
833 4500 1150 4569 patrocinio,
1202 4502 1246 4556 si
1281 4513 1521 4557 errorem
1546 4518 1701 4558 suum
1744 4503 1915 4558 corri-

336 4604 466 4659 gere
491 4590 696 4657 nolunt,
728 4583 866 4646 sicut
894 4599 949 4646 et
968 4593 1069 4662 ipsi
1095 4594 1340 4660 credunt,
1373 4595 1702 4650 muniantur.
1738 4593 1914 4665 Atque

338 4682 414 4737 illi
445 4681 740 4753 glorientur
765 4683 818 4738 in
849 4683 1192 4755 imaginibus,
1222 4700 1321 4740 nos
1341 4694 1521 4741 autem
1547 4685 1839 4756 gloriemur
1858 4686 1914 4740 in

339 4789 500 4829 cruce
538 4774 750 4829 Domini
779 4775 948 4830 nostri
972 4775 1097 4831 Iesu
1128 4775 1361 4842 Christi,
1400 4788 1512 4848 'per
1552 4791 1712 4848 quem
1759 4778 1914 4833 nobis

340 4864 570 4918 mundus
596 4864 888 4920 cruciﬁxus
906 4873 989 4920 est
1016 4881 1219 4936 nosque
1249 4867 1468 4922 mundo.

951 4998 1179 5055 CAPUT
1217 5000 1283 5052 X.

343 5102 425 5183 Dc.
451 5119 511 5157 eo
534 5104 672 5186 quod
708 5105 938 5186 Joannes
975 5109 1239 5186 presbyter
1263 5120 1310 5164 et
1339 5109 1536 5186 legatus
1566 5109 1913 5186 Orientalium

404 5177 615 5246 incaute
650 5177 935 5233 imaat'nunt
974 5177 1331 5246 adorationem
1354 5177 1586 5235 stabilire
1611 5181 1798 5246 nitens,
1837 5183 1917 5236 di-

408 5244 543 5321 xisse
570 5242 776 5321 legitur,
823 5247 1013 5321 Erexit
1045 5245 1212 5304 Iacob
1236 5249 1452 5321 titulum
1474 5250 1611 5316 Deo,
1644 5242 1912 5321 quatenus

409 5320 462 5366 et
490 5315 760 5369 benedixit
792 5330 916 5372 eum
948 5317 1103 5388 (Gen.
1126 5319 1311 5390 xxxv).

409 5423 525 5479 Non
568 5428 854 5484 mediocris
877 5431 1136 5487 socordiae
1159 5438 1243 5486 est
1278 5432 1382 5487 hoc
1415 5433 1580 5488 etiam
1608 5434 1675 5489 ad
1720 5434 1913 5506 imagi-

339 5530 466 5571 num
505 5519 874 5576 adorationem
926 5522 1273 5577 astruendam
1321 5522 1625 5592 exemplum
1669 5523 1914 5594 proferre

338 5606 479 5675 quod
502 5607 670 5663 Iacob
691 5607 920 5679 lapidem
945 5609 1121 5664 erexit
1153 5610 1205 5664 in
1234 5610 1475 5676 titulum,
1516 5611 1657 5667 sicut
1678 5612 1916 5671 Ioannes

339 5700 621 5768 presbyter
646 5709 699 5755 ct
724 5699 930 5772 legatus
950 5700 1301 5755 Orientalium
1331 5702 1618 5771 protulisse
1650 5703 1703 5757 in
1725 5706 1912 5762 eadem

2014 4508 2064 4552 et
2101 4497 2348 4553 Salvator
2388 4514 2533 4552 meus
2568 4496 2739 4569 (Psal.
2774 4498 3004 4570 xxxv").
3061 4498 3138 4554 De
3178 4514 3287 4569 quo
3331 4501 3496 4556 etiam
3539 4502 3595 4556 in

2012 4591 2151 4646 Isaia
2185 4590 2448 4661 propheta
2486 4589 2741 4645 scribitur
2768 4608 2780 4642 :
2813 4588 2948 4644 Ecce
2974 4606 3110 4661 pono
3149 4591 3207 4645 in
3237 4590 3596 4661 fundamentis

2014 4684 2146 4741 Sion
2182 4683 2407 4755 lapidem
2449 4700 2731 4749 sumntum,
2770 4684 3111 4755 angularem,
3150 4685 3448 4755 probatum,
3494 4687 3598 4742 ele-

2012 4786 2170 4841 ctum,
2199 4778 2500 4847 pretiosum,
2530 4789 2579 4831 et
2605 4778 2694 4847 qui
2722 4776 3002 4831 crediderit
3030 4778 3085 4831 in
3104 4793 3222 4832 eum
3244 4794 3349 4834 non
3376 4781 3600 4850 confun-

2012 4866 2163 4920 detur
2191 4866 2324 4936 (Isa.
2357 4868 2525 4937 xxiv).
2577 4866 2679 4934 Qui
2706 4865 2910 4921 idcirco
2951 4867 3226 4937 angularis
3257 4867 3455 4923 dicitur
3476 4909 3491 4932 ,
3533 4884 3599 4925 co

2012 4959 2155 5027 quod
2177 4958 2311 5014 duos
2336 4960 2573 5028 parietes
2598 4972 2667 5011 ex
2693 4958 2918 5012 adverso
2946 4959 3243 5023 venientes,
3274 4972 3339 5013 ex
3368 4960 3604 5016 cireum-

2012 5052 2215 5107 cisione
2258 5050 2510 5105 videlicet
2541 5056 2598 5103 et
2621 5049 2904 5119 praeputio,
2956 5049 3039 5103 vel
3067 5049 3230 5103 etiam
3272 5050 3378 5105 duo
3411 5050 3599 5104 Testa-

2013 5150 2193 5195 menta
2222 5141 2278 5195 in
2305 5156 2363 5195 se
2392 5153 2604 5195 summo
2622 5179 2639 5204 ,
2686 5138 2934 5208 probato,
2980 5139 3151 5195 electo
3173 5147 3229 5194 et
3250 5140 3488 5209 pretioso
3519 5139 3598 5192 la.-

2012 5230 2135 5300 pide
2162 5227 2459 5300 conjungit,
2489 5236 2545 5283 et
2570 5228 2626 5283 in
2651 5243 2758 5282 uno
2786 5237 2989 5283 sanctae
3011 5229 3267 5285 Ecclesia:
3303 5237 3467 5292 creto,
3499 5245 3596 5284 cu-

2006 5319 2098 5389 jus
2120 5319 2207 5374 ille
2235 5327 2396 5389 caput
2420 5326 2520 5383 est,
2547 5319 2836 5373 connectit.
2868 5320 2943 5374 De
2966 5335 3071 5388 quo
3092 5330 3145 5374 et
3167 5335 3263 5388 per
3280 5319 3597 5390 prophetam

2014 5411 2329 5468 Zachariam
2376 5410 2601 5480 paterna
2642 5425 2774 5466 voce
2826 5410 3060 5473 dicitur:
3113 5410 3248 5464 Ecce
3297 5427 3389 5481 ego
3429 5410 3600 5465 addu-

2015 5520 2130 5558 cant
2173 5502 2342 5572 ﬁlium
2371 5519 2544 5556 meum
2590 5501 2904 5557 Orientem:
2953 5519 3076 5573 qum
3117 5502 3251 5574 lapis
3298 5520 3455 5575 quem
3481 5504 3601 5558 dedi

2016 5608 2190 5649 carent
2210 5592 2337 5648 Iesu
2364 5602 2554 5664 septem
2584 5594 2640 5647 in
2659 5609 2717 5647 eo
2745 5593 2883 5647 oculi
2907 5602 3028 5647 sunt
3052 5591 3238 5665 (Zach.
3267 5593 3374 5667 ιιι).
3409 5594 3466 5650 In
3489 5595 3604 5663 qui-

2016 5687 2115 5741 bus
2143 5692 2344 5753 septem
2372 5684 2541 5739 oeulis
2568 5682 2899 5752 scptit‘ormis
2925 5685 3110 5753 gratia:
3147 5685 3399 5755 Spiritus.
3450 5687 3540 5758 qui
3572 5700 3598 5739 ιι
