4070 6186
536 295 664 350 1051

1389 294 1450 350 Β.
1490 292 1742 353 CAROLI
1781 295 1996 351 MAG-Nl
2033 295 2185 354 OPP.
2227 295 2409 352 PARS
2446 295 2510 350 ll.
2559 293 2803 353 SECTIO
2841 298 2911 352 ιι.

3687 298 3805 356 107.!

531 408 693 465 Patre
722 407 965 476 Filioque
982 406 1245 477 procedit,
1273 406 1549 462 evidenter
1577 406 1912 462 ostenditur:
1946 415 1999 462 et
2027 421 2123 476 per
2154 411 2202 470 Α
2226 403 2356 475 quid
2413 404 2653 475 protulit,
2718 406 2814 461 sed
2843 413 2897 459 et
2964 406 3142 461 omnis
3191 404 3278 460 illa
3314 406 3593 477 synodus,
3628 420 3742 475 qua:
3768 408 3812 462 ei

531 499 719 556 Isaiam
748 499 1066 568 prophetam
1101 516 1113 550 :
1156 496 1387 569 Spiritus
1432 496 1643 552 Domini
1672 498 1886 568 spiritus
1913 498 2123 568 sapien-

529 593 620 648 tia’
645 602 692 648 et
714 588 1022 655 intellectus,
1049 591 1264 662 spiritus
1291 589 1498 644 consilii
1526 598 1574 642 et
1602 589 1946 659 fortitudinis,
1976 588 2128 659 spiri-

531 695 615 740 tus
635 684 865 740 scientia:
894 694 941 735 et
978 683 1207 753 pietatis,
1243 683 1460 753 spiritus
1486 683 1690 735 timoris
1719 681 1932 736 Domini
1957 681 2129 735 nomi-

533 784 691 830 natur
720 773 855 845 (Isa.
888 772 988 844 χι).
1022 773 1098 827 De
1134 788 1242 842 quo
1269 772 1432 826 etiam
1478 772 1721 843 angulari
1764 771 1938 841 lapide
1972 781 2126 841 petra

534 865 789 920 Ecclesia:
818 864 927 916 ait:
970 861 1117 917 Sicut
1145 863 1302 916 modo
1343 863 1504 933 geniti
1534 863 1761 931 infantes
1787 901 1803 925 ,
1842 861 2131 915 rationabi-

533 954 625 1020 les,
650 956 759 1011 sine
787 952 907 1007 dolo
935 953 1019 1007 lac
1048 953 1411 1025 concupiscite,
1443 962 1497 1007 ut
1524 953 1578 1006 in
1604 970 1665 1007 eo
1697 954 1942 1008 crescatis
1970 954 2024 1006 in
2043 970 2131 1007 sa-

534 1045 694 1100 lutem
726 1062 743 1100 :
783 1048 829 1101 si
864 1055 1039 1100 tamen
1068 1046 1317 1117 gustastis
1345 1061 1503 1116 quam
1527 1044 1697 1098 dulcis
1730 1054 1806 1098 est
1849 1044 2129 1107 Dominus,

535 1134 605 1187 ad
625 1151 777 1207 quem
800 1134 1100 1188 accedentes
1128 1133 1357 1205 lapidem
1384 1135 1573 1199 vivum,
1606 1135 1670 1187 ab
1690 1134 1988 1187 hominibus
2018 1135 2133 1204 qui-

537 1224 653 1281 dem
683 1224 1031 1295 reprobatum,
1060 1242 1095 1278 a
1133 1223 1243 1279 Deo
1273 1234 1446 1279 au:em
1475 1223 1692 1279 electum
1719 1234 1767 1278 et
1804 1224 2134 1293 honoriﬁca-

538 1327 647 1372 tum
672 1316 723 1387 (I
762 1314 878 1369 Pet.
910 1314 1018 1386 ιι),
1072 1324 1127 1370 ct
1153 1324 1277 1385 post
1318 1331 1525 1385 pauca:
1578 1314 1732 1370 Vobis
1760 1317 1925 1386 igitur
1963 1316 2136 1370 honor

537 1406 892 1469 credentibus,
937 1422 1041 1460 non
1087 1405 1414 1460 credentibus
1445 1414 1617 1460 autem
1647 1405 1817 1477 lapis,
1863 1422 2017 1477 quem
2056 1422 2137 1459 re-

539 1496 885 1568 probaverunt
926 1495 1280 1565 aediﬁcantes,
1321 1496 1405 1550 hic
1447 1496 1617 1566 {actus
1660 1506 1735 1550 est
1773 1498 1828 1550 in
1857 1506 2011 1567 caput
2048 1513 2140 1551 an-

542 1588 674 1659 guli,
714 1598 760 1642 et
789 1588 922 1661 lapis
959 1590 1263 1659 oﬂ'cnsionis
1299 1599 1347 1644 et
1374 1599 1522 1661 petra
1556 1590 1795 1645 scandali
1823 1592 1905 1645 his
1941 1591 2030 1661 qui
2059 1590 2138 1658 of—

543 1679 761 1750 fendunt
792 1680 940 1733 verba
965 1697 1057 1734 nec
1078 1679 1294 1734 credunt
1315 1681 1371 1734 in
1392 1697 1495 1752 quo
1519 1690 1568 1735 et
1593 1681 1747 1752 positi
1769 1689 1892 1735 sunt
1917 1678 2132 1751 (Ibid.).

2227 495 2281 550 in
2311 493 2555 564 pluribus
2601 497 2891 551 somnianti
2944 511 3222 553 assensum
3252 497 3498 567 praebuit
3521 538 3538 563 ,
3574 511 3692 567 qua:
3722 515 3814 553 non

2227 585 2401 641 solum
2439 586 2638 642 dicenti
2680 602 2787 641 non
2816 587 3035 653 restitit,
3081 587 3175 643 sed
3222 588 3397 642 etiam
3433 588 3581 642 dicta
3605 586 3661 641 in
3684 586 3818 640 volu-

2230 676 2374 732 mine
2400 676 2623 731 taxavit.
2663 676 2799 733 Cum
2837 692 2969 749 ergo
3015 685 3207 734 sancta
3248 678 3507 734 Ecclesia
3542 677 3819 734 secundum

2231 775 2543 824 sanctorum
2587 767 2811 823 Patrum
2873 769 3271 825 institutionem
3317 784 3495 825 omne
3531 768 3675 839 quod
3704 769 3821 824 irre-

2229 858 2591 927 prehensibile
2619 867 2704 914 est
2730 859 2977 929 recipiat,
3010 874 3173 915 omne
3204 874 3335 915 vero
3360 857 3517 928 quod
3552 859 3816 929 reprehen—

2233 951 2390 1007 sibile
2439 951 2678 1021 abjiciat,
2718 953 2859 1008 hanc
2905 968 3119 1023 quoque
3160 969 3352 1008 eorum
3390 951 3685 1023 synodum,
3718 967 3821 1022 qur

2234 1044 2422 1113 utique
2449 1044 2895 1113 reprehensibilis
2926 1053 3010 1101 est
3059 1044 3277 1114 abjicit:
3319 1053 3383 1098 et
3434 1044 3485 1099 si
3531 1044 3673 1100 hanc
3717 1059 3822 1114 qua:

2234 1136 2675 1205 reprehensihilis
2706 1144 2788 1191 est
2818 1152 2921 1191 non
2961 1135 3161 1205 ahjieit,
3198 1152 3379 1208 neque
3428 1151 3529 1192 eas
3563 1152 3682 1206 quae
3704 1135 3823 1189 irre-

2235 1226 2626 1297 prehensihilcs
2689 1235 2818 1281 sunt
2894 1229 3161 1297 suscipit:
3213 1228 3454 1297 suscipit
3514 1234 3691 1282 autem
3742 1239 3823 1280 eas

2235 1334 2357 1387 qum
2385 1319 2888 1388 irreprehensibilcs
2930 1330 3075 1383 sunt,
3107 1320 3246 1374 hanc
3280 1320 3477 1390 igitur,
3506 1319 3633 1389 quia
3664 1333 3823 1387 repre-

2238 1407 2485 1463 hensioni
2532 1417 2697 1477 patet,
2736 1409 2953 1479 penitus
2990 1408 3266 1478 suscipere
3323 1423 3441 1462 non
3503 1408 3681 1463 debet.
3718 1406 3821 1460 Illas

2240 1497 2385 1552 enim
2420 1496 2655 1566 synodos
2691 1505 2876 1552 sancta
2912 1504 2966 1551 et
3001 1497 3323 1552 universalis
3357 1497 3559 1566 recipit
3583 1495 3819 1558 Ecclesia,

2241 1603 2361 1657 quae
2386 1603 2488 1657 pro
2521 1587 2750 1643 diversis
2795 1587 2919 1643 lidei
2968 1589 3081 1643 sive
3110 1589 3396 1659 religionis
3432 1588 3638 1652 causis,
3668 1586 3821 1640 diver-

2241 1680 2317 1734 sis
2353 1679 2487 1733 locis
2517 1693 2613 1733 seu
2640 1679 2994 1748 temporibus,
3036 1695 3066 1734 a
3089 1681 3266 1735 doctis
3309 1691 3367 1735 et
3394 1678 3685 1735 catholicis
3708 1678 3819 1732 viris

544 1770 663 1836 Quo
691 1771 1016 1825 documento
1055 1779 1389 1826 monstratur
1432 1771 1583 1826 illum
1622 1780 1677 1826 et
1701 1772 1963 1826 honorem
1984 1769 2138 1825 'l‘orti-
2171 1765 2211 1825 Β
2240 1767 2541 1833 celebratas,
2584 1783 2615 1821 a
2643 1783 2773 1823 sana
2804 1769 3093 1839 sobriaque
3115 1770 3365 1826 doctrina
3416 1769 3725 1824 nullatenus
3744 1767 3819 1822 de-

548 1858 751 1913 tudinis
775 1861 1135 1927 credentibus,
1182 1868 1237 1915 et
1262 1861 1574 1929 scandalum
1608 1862 1823 1917 duritia:
1850 1861 2141 1917 incredulis

546 1961 685 2002 esse.
734 1944 1075 2017 Quodetiam
1107 1950 1430 2021 perjustum
1475 1951 1783 2008 Simeonem
1830 1953 1932 2007 hoc
1978 1956 2141 2006 sensu

545 2039 863 2108 prtedictum
894 2050 997 2096 est.
1042 2039 1133 2095 Ait
1158 2041 1303 2095 enim
1328 2055 1342 2094 :
1372 2040 1585 2096 Positus
1614 2051 1688 2096 est
1730 2042 1815 2096 hic
1844 2042 1900 2095 in
1932 2043 2140 2095 ruinam

546 2130 679 2183 etin
720 2131 1150 2185 resurrectionem
1195 2131 1481 2186 multorum
1529 2133 1586 2186 in
1638 2131 1811 2187 Israel
1849 2131 2003 2203 (Luc.
2033 2132 2136 2204 ll):

548 2220 602 2275 in
633 2222 847 2277 ruinam
876 2224 1083 2278 scilicet
1121 2224 1521 2280 incredulorum
1545 2265 1560 2289 ,
1599 2226 1653 2279 in
1684 2226 2140 2281 resurrectionem

547 2327 677 2368 vero
705 2313 1083 2379 credentium;
1136 2315 1228 2383 qui
1254 2314 1418 2370 etiam
1450 2314 1588 2384 ignis
1624 2322 1983 2383 nuncupatur,
2027 2315 2143 2374 sive

549 2404 695 2474 quod
736 2404 789 2458 in
820 2419 880 2460 se
905 2406 1189 2460 credentes
1232 2406 1421 2461 aeterni
1463 2405 1682 2460 luminis
1711 2404 1921 2476 fulgore
1964 2405 2144 2476 perlu-

549 2501 706 2559 strat,
754 2495 870 2550 sive
896 2496 1039 2565 quod
1083 2496 1386 2553 incredulos
1417 2496 1605 2551 aeterni
1636 2496 1777 2567 ignis
1800 2496 1994 2551 ardore
2031 2505 2144 2551 tor-

551 2588 711 2642 rebit.
754 2589 832 2644 De
858 2588 1111 2644 unctione
1136 2604 1267 2644 vero
1295 2587 1455 2658 huius
1484 2590 1677 2661 lapidis
1704 2598 1759 2645 et
1790 2590 1951 2660 paulo
1984 2604 2144 2661 supe—

550 2679 663 2733 rius
704 2678 871 2733 David
918 2680 1155 2734 oraculis
1182 2680 1453 2749 prolatum
1495 2689 1616 2744 est,
1666 2689 1721 2735 et
1757 2696 1901 2735 nunc
1931 2679 2141 2751 praefati

548 2769 784 2837 pastoris
828 2769 1086 2825 Ecclesia:
1126 2770 1437 2825 testimonio
1475 2771 1858 2841 proferendum
1895 2781 2000 2837 est,
2049 2771 2143 2841 qui

547 2859 672 2913 ait:
722 2859 905 2914 Jesum
956 2860 1301 2915 Nazarenam
1344 2879 1498 2933 quem
1548 2865 1699 2918 unxit
1748 2864 1889 2919 Deus
1935 2863 2142 2936 Spiritu

546 2957 728 3002 sancto
755 2958 803 3001 et
833 2950 1021 3003 virtute
1043 2947 1179 3019 (Act.
1209 2953 1287 3021 ι).
1323 2951 1459 3017 Quia
1488 2966 1618 3023 ergo
1645 2952 1881 3022 Spiritus
1922 2962 2144 3010 sanctus

549 3038 865 3109 plerumque
891 3040 944 3094 in
975 3041 1171 3096 divinis
1193 3041 1488 3113 Scripturis
1507 3044 1610 3099 olei
1638 3046 1855 3101 nomine
1878 3046 2139 3112 inbuitur,

2242 1859 2392 1913 viare
2445 1859 2820 1928 perhibentur.
2862 1860 3131 1916 Prasterea
3172 1864 3313 1917 tanti
3351 1863 3686 1934 patriarcha:
3712 1876 3816 1916 cum

2241 1948 2433 2019 angelo
2472 1948 2696 2004 luctatio
2745 1965 2852 2005 non
2884 1954 3175 2021 quamdam
3232 1953 3540 2024 imaginum
3576 1952 3818 2008 adoratio-

2241 2054 2386 2103 nem,
2416 2037 2509 2092 sed
2540 2038 2873 2093 Dominicam
2901 2040 3279 2112 praeﬁgurasse
3327 2043 3539 2098 dicitur
3569 2043 3621 2097 in
3649 2042 3815 2096 eodem

2239 2129 2437 2201 populo
2456 2130 2802 2199 passionem:
2843 2134 2937 2202 qui
2965 2135 3197 2203 populus
3240 2136 3372 2190 etei
3428 2135 3679 2189 luctando
3700 2148 3816 2202 pra:-

2241 2220 2430 2285 valuit,
2481 2220 2609 2289 quia
2661 2220 2952 2287 cruciﬁxit,
3010 2231 3064 2277 et
3094 2224 3162 2278 ab
3191 2239 3258 2279 eo
3318 2223 3742 2279 benedictionem
3767 2221 3811 2275 in

2243 2311 2329 2366 his
2353 2311 2445 2380 qui
2466 2312 2522 2365 in
2546 2325 2669 2365 eum
2697 2312 3041 2368 crediderunt
3061 2315 3291 2384 accepit,
3322 2323 3380 2369 et
3410 2315 3469 2369 in
3505 2315 3590 2369 bis
3618 2313 3812 2368 claudus

2242 2401 2416 2472 quiin
2463 2417 2587 2456 eum
2646 2404 2868 2458 credere
2907 2412 3375 2475 contempserunt,
3440 2406 3712 2470 remansit,
3743 2403 3808 2457 di-

2242 2500 2397 2548 cente
2412 2494 2572 2549 beato
2593 2493 2893 2565 Augustino
2922 2512 2934 2548 :
2977 2495 3130 2562 Quod
3154 2497 3220 2551 ab
3244 2496 3340 2552 illo
3362 2497 3555 2569 angelo
3576 2495 3808 2550 desiderat

2243 2582 2475 2637 benedici
2500 2583 2666 2638 Jacob
2699 2586 2785 2638 cui
2818 2584 3065 2640 luctando
3107 2587 3407 2658 prazvaluit,
3453 2603 3641 2657 magna
3666 2583 3808 2639 estde

2243 2671 2450 2726 Christo
2468 2673 2761 2744 prophetia.
2809 2673 2951 2728 Nam
2997 2692 3060 2729 eo
3107 2678 3219 2747 ipso
3269 2678 3522 2731 admonet
3563 2678 3806 2746 mysticum

2243 2763 2444 2834 aliquid
2469 2780 2672 2835 sapere,
2714 2767 2839 2835 quia
2869 2768 3038 2821 omnis
3058 2768 3214 2823 homo
3237 2786 3270 2822 a
3298 2770 3508 2840 majore
3548 2768 3648 2823 rult
3679 2766 3805 2821 bene-

2242 2853 2370 2908 dici.
2424 2854 2699 2921 Quomodo
2732 2873 2854 2928 ergo
2881 2860 2947 2912 ab
2968 2875 3029 2912 eo
3057 2860 3102 2913 is
3125 2877 3152 2914 e
3192 2860 3356 2914 voluit
3389 2874 3545 2932 quem
3589 2857 3805 2912 luctando

2242 2949 2503 3018 superarit
2525 2949 2552 3002 ?
2589 2947 2875 3004 Prtevaluit
2907 2952 3046 3005 enim
3082 2953 3248 3008 Jacob
3290 2953 3525 3021 Christo,
3553 2954 3626 3009 rel
3656 2953 3803 3025 potius

2242 3034 2525 3106 priet-alere
2550 3036 2686 3091 risus
2720 3048 2795 3091 est
2837 3054 2930 3109 per
2952 3054 3039 3093 eos
3083 3027 3361 3096 Israelitds
3388 3060 3421 3096 a
3456 3042 3638 3113 quibus
3661 3038 3803 3094 cruci-

549 3130 785 3186 Joannes
811 3133 1085 3202 apostolus
1114 3135 1267 3189 testis
1309 3145 1393 3190 est
1435 3136 1528 3204 qui
1555 3137 1712 3201 dicit,
1767 3136 1920 3192 Sicut
1961 3138 2140 3193 unctio
2167 3126 2210 3188 C
2242 3127 2385 3195 lixas
2406 3138 2480 3182 est
2529 3128 2768 3186 Christus
2793 3147 2813 3185 :
2857 3140 2907 3186 et
2934 3131 2998 3185 ab
3026 3148 3087 3186 eo
3116 3142 3291 3187 tamen
3337 3132 3720 3189 benedicituriu
3742 3128 3803 3183 tit

549 3221 666 3290 ejus
689 3221 837 3276 doc-et
860 3239 953 3277 nos
965 3222 1029 3277 de
1056 3224 1296 3279 omnibus
1312 3224 1365 3297 (1
1384 3224 1545 3280 Joan.
1572 3226 1657 3299 ιι).
1689 3227 1856 3296 Cujus
1868 3229 1914 3283 si
1936 3228 2147 3283 inenar-

553 3313 740 3369 rabilis
767 3314 1006 3369 nectaris
1032 3317 1285 3371 unctione
1327 3317 1551 3373 delibuti
1591 3326 1719 3373 sunt
1747 3320 1816 3374 ob
1846 3319 2143 3390 imaginum

552 3404 925 3462 adorationem
958 3407 1356 3475 stabiliendum,
1407 3410 1643 3481 synodos
1674 3412 1883 3481 agitare
1911 3421 1967 3466 et
1999 3410 2147 3466 Scri-

552 3504 740 3561 pturas
763 3505 980 3553 sanctas
1019 3498 1087 3553 ad
1113 3507 1401 3556 extraneos
1423 3516 1615 3558 sensus
1655 3517 1916 3574 usurpare
1945 3518 2146 3575 nequa-

555 3604 715 3658 quam
748 3589 965 3645 debent.

1173 3682 1400 3739 CAPUT
1425 3683 1517 3738 X1.

556 3769 634 3824 De
668 3772 907 3843 ecquod
939 3773 1194 3843 praefatus
1223 3774 1456 3829 Joannes
1503 3775 1658 3842 dixit,
1690 3776 1748 3831 In
1774 3777 2011 3833 hominis
2037 3777 2148 3834 for-

588 3908 593 3915 ,
629 3855 713 3896 ma
740 3842 971 3915 luctatus
1005 3842 1088 3899 est
1113 3860 1235 3898 cum
1266 3846 1404 3914 ipso,
1439 3854 1495 3900 et
1531 3849 1742 3903 vocavit
1786 3863 1910 3904 eum
1962 3849 2142 3909 Israel.

627 3912 770 3981 quod
793 3921 875 3968 est
902 3912 1314 3984 interpretatum
1346 3933 1358 3969 :
1398 3916 1547 3972 Mens
1581 3918 1771 3975 videns
1808 3920 1999 3975 Deum.

628 4024 734 4079 Sed
794 4041 894 4081 nec
955 4026 1086 4083 illud
1151 4028 1369 4097 quidem
1429 4045 1461 4084 a
1512 4031 1935 4100 reprehensione
1993 4041 2149 4089 vacat

556 4119 702 4187 quod
722 4117 863 4173 idem
880 4118 1119 4176 Joannes
1151 4123 1436 4193 presbyter
1468 4131 1521 4178 et
1560 4124 1768 4196 legatus
1790 4124 2149 4183 Orientalium

558 4209 701 4264 inter
748 4218 941 4265 caetera
995 4212 1346 4268 deliramenta
1377 4215 1441 4269 de
1486 4214 1653 4272 Jacob
1706 4218 1911 4289 dixisse
1954 4217 2146 4289 fertur,

560 4299 629 4354 In
649 4302 874 4356 hominis
922 4304 1095 4373 forma
1141 4304 1369 4361 luctatus
1416 4316 1493 4362 est
1531 4326 1651 4362 cum
1674 4310 1807 4381 ipso,
1839 4284 1899 4366 let
1953 4284 2151 4368 vocavit

559 4407 677 4445 eum
711 4392 902 4459 Israel,
969 4394 1109 4464 quod
1150 4405 1227 4450 est
1288 4397 1706 4468 interpretatum,
1768 4400 1921 4456 Mens
1968 4403 2149 4460 videns

564 4482 750 4548 Deum,
791 4499 914 4538 cum
942 4484 1044 4540 hoc
1078 4486 1281 4541 dictum
1312 4496 1367 4543 et
1399 4505 1430 4542 a
1480 4503 1539 4543 re
1564 4492 1837 4560 proposita
1867 4493 2027 4566 longe
2070 4497 2151 4552 d2-

561 4580 688 4637 stet,
727 4585 753 4613 ε·
793 4580 848 4627 et
890 4573 944 4627 in
987 4576 1224 4631 nominis
1285 4578 1731 4649 interpretatione
1812 4586 2151 4643 usitatiorem

562 4666 851 4734 quamdam
887 4666 1163 4731 omittcns,
1192 4683 1330 4738 pene
1356 4671 1672 4728 inusitatum
1700 4677 1831 4747 quid
1874 4690 2149 4748 personet.

564 4751 698 4808 Nam
721 4754 847 4808 dum
887 4755 1106 4826 quidam
1147 4758 1202 4812 id
1255 4774 1453 4816 nomen
1491 4762 1931 4834 interpretentur,
1964 4766 2058 4823 Vir
2081 4771 2155 4825 vi-

561 4845 689 4900 dens
711 4844 901 4911 Deum,
928 4848 1150 4918 quidam
1178 4867 1325 4919 vero,
1354 4852 1536 4919 Fortis
1564 4872 1682 4910 cum
1727 4857 1858 4925 Deo,
1904 4862 2152 4918 nonnulli

562 4937 725 4993 etiam
749 4940 1014 5006 veracius,
1040 4939 1294 5014 Princeps
1335 4961 1454 5000 cum
1479 4946 1608 5013 Deo,
1655 4948 1840 5004 nescio
1874 4958 2055 5007 tamen
2082 4968 2153 5008 an

565 5029 708 5085 ullus
751 5044 942 5086 eorum
980 5032 1074 5103 qui
1102 5032 1155 5088 in
1185 5050 1394 5091 canone
1443 5038 1800 5109 recipiuntur,
1852 5043 2155 5112 reperiatur

564 5121 686 5189 hoc,
720 5121 870 5179 Mens
898 5124 1074 5180 videns
1108 5125 1294 5193 Deum,
1345 5128 1732 5201 interpretatus
1758 5130 1967 5190 fuisse:
2010 5137 2153 5191 unde

566 5229 672 5270 non
703 5214 876 5272 solum
903 5216 994 5272 ille
1032 5218 1506 5289 reprehendendus
1527 5229 1611 5277 est
1638 5224 1730 5293 qui
1774 5226 2153 5284 usitatioribus

566 5306 1098 5377 interpretationibus
1159 5314 1539 5381 praitcrmissis
1622 5331 1760 5387 pene
1833 5320 2151 5376 inusitatum

639 5461 1924 5568 ;¹ἕ.ἐςε.ίι29ιί.ξιξξηίιξξτξξτεεειξ9νεε,ιιεειαεεονειῖι
1953 5496 2152 5568 ,εἰνακι-

568 5531 692 5618 dam
719 5535 1141 5618 omittens,_pene_
1169 5531 1478 5618 inusitatum
1506 5545 1639 5618 quid
1660 5531 1920 5618 personet.
1953 5531 2151 5608 ἐὶὲῖέῦ-

570 5602 766 5685 ἁςιψιῂ,
817 5602 1039 5674 expreto
1076 5615 1150 5679 τῷ
1180 5602 1559 5685 usitatiorem',
1609 5602 1676 5671 de
1723 5602 2151 5678 suosubsti‘t'u—it

570 5679 932 5757 mutationem,
975 5692 1082 5757 quo
1103 5679 1232 5757 quid
1271 5680 1373 5757 sibi
1417 5683 1548 5739 velit
1583 5700 1688 5741 non
1725 5702 1868 5757 queo
1904 5689 2143 5749 visitare.

571 5738 935 5813 L’sitatiorem,
985 5738 1210 5803 subaudi
1261 5751 1362 5807 ἀπὶ
1405 5738 2143 5831 κοινοί’ξ’ἱιιὲνῖνῖηιάὶἷὸἶιὲὶῆξ

2246 3218 2507 3274 lsraelitis
2552 3221 2643 3292 qui
2697 3221 3030 3276 crediderunt
3068 3224 3126 3277 in
3189 3222 3482 3292 Christum,
3530 3240 3593 3278 ex
3646 3222 3802 3293 quibus

2243 3322 2356 3366 erat
2384 3313 2475 3383 qui
2495 3312 2698 3367 dicebat
2726 3330 2745 3368 :
2775 3313 2908 3368 Nam
2935 3324 2986 3370 et
3024 3330 3123 3386 ego
3143 3316 3394 3372 lsraelita
3416 3332 3533 3373 sum
3555 3331 3617 3370 ex
3641 3323 3804 3385 genere

2244 3401 2478 3457 Abrahae
2510 3410 2566 3457 et
2608 3403 2753 3458 tribu
2788 3403 3068 3473 Beniamin
3121 3405 3301 3478 (Rom.
3350 3406 3459 3479 ιι).
3523 3404 3661 3459 Unus
3702 3414 3801 3469 ergo

2246 3500 2400 3563 atque
2422 3491 2561 3547 idem
2606 3492 2773 3548 Jucob
2798 3504 2847 3548 et
2887 3494 3110 3550 claudus
3154 3507 3201 3550 et
3244 3497 3565 3552 benedictus.
3602 3492 3801 3549 Claudat

2244 3582 2302 3636 in
2328 3582 2607 3639 latitudine
2638 3584 2853 3654 femoris
2883 3595 3133 3658 tanquam
3156 3588 3210 3641 in
3237 3568 3574 3642 multitudine
3608 3580 3797 3657 gener“.

2246 3672 2311 3727 de
2335 3672 2525 3745 quibus
2580 3674 2781 3727 dictum
2829 3684 2947 3730 est:
2989 3676 3055 3729 Et
3090 3676 3534 3733 claudicavcrunt
3576 3670 3800 3729 asemilis

2246 3764 2361 3821 suis
2390 3763 2564 3838 (Psal.
2612 3767 2792 3839 xvrn).
2857 3768 3169 3824 Benedictus
3221 3781 3403 3825 autem
3432 3772 3486 3825 in
3524 3770 3593 3824 eis
3623 3767 3681 3821 de
3702 3764 3796 3836 qui-

2249 3858 2339 3912 bui
2369 3857 2574 3912 dictum
2600 3868 2672 3911 est
2699 3875 2717 3912 :
2760 3858 3021 3930 Reliquiae
3055 3876 3154 3931 per
3178 3862 3498 3920 electionem
3525 3860 3694 3934 gratim
3711 3855 3795 3911 sal-

2249 3965 2329 4005 ναξ
2365 3948 2520 4005 factae
2547 3959 2674 4006 sunt
2705 3950 2884 4023 (Rom.
2926 3954 3027 4024 xx).

2853 4063 3080 4120 CAPUT
3120 4064 3232 4120 ΧΠ.

2252 4152 2407 4232 Quod
2445 4155 2647 4232 nonad
2690 4154 3051 4232 adorationem
3087 4159 3377 4232 imaginum
3429 4158 3681 4232 pertineat,
3717 4163 3789 4205 Mt

2320 4225 2377 4298 in
2402 4226 2602 4298 nostris
2620 4226 2885 4280 codicibus
2915 4228 3003 4298 qui
3036 4244 3100 4282 ea:
3131 4225 3394 4285 Hebraica
3429 4225 3791 4298 peritatetransv

2321 4293 2417 4372 {uti
2443 4305 2561 4372 sunt
2588 4297 2902 4372 incernatur,
2926 4293 3067 4372 quod
3087 4299 3174 4372 illi
3193 4300 3249 4353 in
3274 4317 3374 4354 sua
3398 4298 3587 4372 synodo
3622 4294 3786 4372 diali,

2323 4362 2490 4435 Jacob
2547 4366 2848 4435 suscipiens
2882 4385 2912 4421 a
2938 4362 3067 4422 liliis
3096 4370 3210 4424 suis
3245 4362 3448 4426 vestem
3494 4369 3694 4424 talaretn
3720 4369 3786 4415 ω·

2324 4434 2594 4490 befactant
2638 4434 2856 4506 Just-ph,
2890 4440 3167 4494 osculatus
3203 4452 3285 4495 cst
3316 4458 3439 4496 cum
3474 4436 3717 4507 lawymist
3744 4435 3789 4482 ει

2180 4482 2227 4540 θ
2324 4507 2557 4575 propriis
2586 4482 3042 4577 oculisriuiposuit
3087 4482 3500 4583 (647557.02

2324 4595 2440 4651 Non
2477 4598 2780 4653 mirandum
2819 4608 2903 4654 est
2926 4600 2969 4654 si
3002 4598 3169 4656 Iacob
3222 4614 3505 4658 accusetur
3527 4596 3697 4654 abillis
3722 4600 3783 4646 tu-

2256 4689 2433 4743 nicam
2459 4686 2659 4759 Ioseph
2683 4690 2956 4746 osculatus
2986 4691 3174 4760 fuisse,
3202 4703 3257 4748 et
3280 4695 3454 4750 oculis
3494 4686 3773 4760 imposuisse.

2255 4795 2285 4834 a
2318 4780 2516 4849 quibus
2561 4783 2724 4836 etiam
2754 4781 3089 4839 Pharaonem
3115 4795 3401 4842 accusatur
3424 4786 3672 4841 adorasse.
3700 4774 3781 4828 Ac-

2256 4871 2435 4927 cidere
2461 4873 2662 4927 etenim
2721 4874 3043 4945 plerumque
3104 4877 3240 4933 solet
3279 4887 3340 4933 ut
3373 4878 3459 4948 qui
3493 4869 3642 4930 semel
3692 4862 3779 4918 falli

2255 4964 2502 5033 coeperit,
2539 4966 2733 5020 crebro
2780 4964 3026 5035 fallatur;
3067 4976 3122 5024 et
3152 4969 3245 5038 qui
3300 4969 3464 5025 semel
3491 4982 3520 5021 a
3542 4962 3781 5020 viareces-

2256 5056 2404 5120 serit,
2450 5064 2504 5111 et
2533 5059 2802 5114 tramitem
2830 5060 2913 5116 sui
2949 5060 3159 5117 itineris
3189 5062 3379 5118 ducem
3408 5059 3546 5132 sequi
3575 5051 3778 5125 1³⁸8⁸⁸³⁸·

2255 5149 2348 5214 rit,
2379 5164 2478 5219 per
2508 5152 2739 5221 abrupta
2788 5160 2845 5207 et
2876 5152 3021 5207 invia
3050 5154 3256 5209 aﬂatim
3299 5169 3480 5213 errore
3519 5151 3637 5206 duce
3663 5140 3774 5197 let?

2254 5249 2364 5296 tur.
2408 5241 2612 5298 Tunica
2660 5245 2804 5300 enim
2835 5243 3034 5317 Ioseph
3073 5264 3174 5305 nec
3196 5249 3253 5307 in
3274 5249 3506 5307 Hebraeis
3523 5238 3771 5301 codicibus.

2255 5349 2355 5390 nec
2381 5335 2435 5389 in
2453 5335 2660 5392 Latinis
2685 5338 2776 5408 qui
2798 5353 2866 5394 ex
2894 5338 3161 5398 Hebraica
3190 5344 3414 5400 veritate
3435 5332 3651 5397 translati
3672 5330 3771 5384 sum

2252 5489 2591 5572 Astipulatur
2628 5494 2867 5572 idquod
2910 5501 3155 5569 sequi1ur
3197 5520 3211 5556 :
3259 5522 3280 5555 ε
3314 5502 3413 5572 Qui
3455 5486 3769 5572 usitatior?!”

2254 5563 2791 5645 interpretationibus
2810 5638 2822 5645 _
2855 5563 3241 5645 prastermissis
3304 5563 3436 5645 pweue
3503 5563 3767 5645 ἱῃυείιξιξξιξ

2252 5632 2381 5702 quid
2396 5623 2646 5716 protulit.
2677 5654 2696 5689 ι
2730 5623 3585 5716 agitaturiiiﬁii'inéﬁiiequo
3604 5638 3672 5686 εει
3692 5623 3761 5681 in"

2252 5717 2415 5772 quam
2444 5713 2720 5776 postremo
2749 5708 2869 5765 loco
2892 5713 3066 5781 ponit,
3095 5714 3335 5786 princeps
3361 5707 3469 5770 Eum
3491 5707 3603 5764 Deo.
