4070 6186
320 388 458 444 M33

315 521 345 555 a
377 507 530 570 patre
553 492 794 551 osculata
834 491 916 546 vel
941 489 1111 545 oculis
1134 488 1381 558 imposita
1419 484 1583 540 fuisse
1610 489 1884 538 narratur.
1916 483 1962 536 Α

315 568 469 654 Quod
493 582 709 654 quidem
737 589 794 636 et
830 579 876 634 si
903 577 1104 652 factum
1155 575 1320 631 fuisse
1376 583 1709 635 narraretur,
1746 568 1894 624 nullo

320 679 478 732 modo
503 675 558 730 in
585 675 688 728 hoc
725 669 867 726 facto
902 669 986 724 vel
1033 668 1270 722 tenuiter
1297 665 1591 735 imaginum
1653 662 1895 718 adoratio

320 767 674 826 inniteretur:
714 777 839 818 cum
887 768 1068 814 tamen
1127 757 1273 811 aliud
1334 756 1404 810 sit
1450 755 1697 817 adorare,
1751 752 1898 807 aliud

321 853 575 916 osculari,
607 849 751 920 quod
793 847 869 902 illi
901 845 1234 916 acyrologice
1281 858 1444 898 unum
1470 849 1695 911 putant:
1735 847 1897 908 atque

324 945 468 1000 aliud
518 942 719 1013 pictam
776 937 1065 1007 imaginem
1114 934 1360 994 adorare,
1409 931 1552 985 aliud
1600 945 1631 983 a
1672 937 1897 999 paterno

323 1033 519 1089 all'ectu
565 1027 731 1082 vestis
758 1024 855 1080 lilii
891 1023 983 1092 qui
1017 1022 1316 1077 exstinctus
1364 1019 1681 1074 credebatur
1717 1016 1899 1071 dolore

325 1123 676 1194 compellente
734 1115 1169 1173 madescentibus
1227 1112 1353 1176 ﬂetu
1415 1111 1586 1166 oculis
1651 1107 1894 1178 imponi;

327 1217 472 1271 aliud
521 1213 737 1269 cuidam
797 1205 1136 1272 similitudini
1191 1205 1326 1259 colla
1367 1201 1704 1262 submittere,
1755 1196 1900 1252 aliud

329 1321 439 1377 prae
476 1303 684 1358 caneris
723 1298 903 1352 dilecti
957 1296 1050 1350 lilii
1097 1295 1233 1348 vesti
1263 1293 1473 1347 interna
1519 1291 1721 1360 pietate
1745 1303 1902 1343 oscu-

331 1376 439 1449 lum
463 1393 610 1448 dare.
660 1386 808 1442 Adeo
846 1386 1025 1453 itaque
1061 1390 1283 1437 sanctus
1322 1379 1630 1450 patriarcha
1674 1376 1903 1446 angeba-

332 1494 420 1538 tur
445 1481 610 1536 animi
636 1477 868 1548 procella
904 1473 1125 1538 turbati,
1159 1479 1218 1526 ut
1245 1487 1352 1527 non
1377 1469 1548 1524 solum
1578 1475 1782 1521 vestem
1807 1465 1904 1545 lilii

331 1587 490 1642 quem
519 1565 860 1624 inclementia
906 1563 1095 1618 mortis
1131 1570 1344 1631 raptum
1391 1557 1664 1620 credebat,
1696 1553 1905 1610 oscula—

332 1670 481 1716 retur
508 1659 590 1713 vel
635 1655 806 1711 oculis
839 1655 1155 1723 imponeret,
1187 1650 1280 1706 sed
1330 1649 1491 1704 etiam
1540 1645 1905 1702 consolatione

331 1748 626 1822 pos‘posita
687 1745 923 1800 luncreis
989 1742 1211 1798 vocibus
1269 1739 1566 1810 lugubriter
1624 1737 1762 1791 mala
1808 1749 1905 1789 sua

1127 368 1307 433 LIBR‘l
1341 373 1682 432 canorum.
1722 401 1789 411 —
1828 365 2052 423 CAPIT.
2082 365 2182 419 DE
2222 362 2407 418 lMAG.
2451 391 2522 401 -α
2558 361 2682 415 Lllt.
2723 361 2762 412 ι.

3421 360 3439 413 l
3450 357 3552 412 054

2573 455 2800 526 carm
2844 467 2974 530 xm.

1995 568 2072 622 De
2095 583 2154 620 eo
2188 567 2325 638 quod
2376 565 2577 638 indocte
2598 575 2647 619 et
2693 562 2990 638 inordinate
3033 560 3238 638 dicunt,
3271 559 3328 616 Si
3359 562 3562 616 calum-

2061 631 2231 692 niaris
2275 651 2381 698 me,
2417 635 2669 706 quoniam
2689 633 2940 706 ntDeum
2982 633 3146 706 adoro
3196 631 3398 701 lignum
3447 647 3565 688 crn-

2065 707 2164 770 cis,
2196 723 2292 762 cur
2314 699 2814 759 non'calumniaris
2857 700 3022 755 Iacob
3071 699 3379 770 adorantem
3425 717 3566 756 sum-

2065 769 2304 830 mitatem
2335 776 2496 842 virga:
2539 773 2778 842 Ioseph?
2811 773 2903 842 sed
2942 769 3282 842 manifestum
3315 779 3397 826 est
3438 787 3583 841 quo--

2067 846 2212 899 niam
2244 861 2351 900 non
2377 841 2578 913 lignum
2603 841 2790 896 videns
2833 841 3216 913 adoravitlgsed
3243 857 3339 910 per
3362 842 3566 912 lignum

2064 914 2282 986 Ioseph,
2322 910 2460 970 sicut
2484 922 2539 968 et
2564 929 2662 968 nos
2691 927 2788 983 per
2815 926 3028 966 crucem
3053 910 3348 965 Christum.

2066 1026 2198 1082 Illud
2231 1041 2360 1082 sane
2402 1026 2546 1096 quod
2578 1024 2779 1087 dicunt,
2811 1021 2976 1077 Iacob
3015 1023 3177 1076 etiam
3204 1023 3568 1076 summitatem

1997 1117 2162 1188 virga:
2187 1116 2383 1188 Ioseph
2432 1117 2703 1181 adorasse,
2740 1129 2846 1169 non
2898 1122 2981 1168 est
3013 1114 3388 1177 omittendum,
3442 1128 3571 1182 quo-

1999 1209 2142 1263 niam
2197 1209 2412 1278 quidem
2454 1221 2707 1277 magnum
2753 1220 2812 1260 se
2850 1205 2920 1259 ob
2967 1204 3266 1258 adorandas
3314 1202 3574 1273 imagines

2000 1296 2056 1351 in
2084 1297 2185 1352 hac
2209 1314 2267 1352 re
2313 1296 2650 1368 gratulantur
2675 1294 2876 1349 habere
2902 1293 3205 1362 exemplum
3228 1307 3242 1345 :
3281 1307 3402 1346 cum
3431 1292 3574 1346 vide-

2001 1386 2128 1442 licet
2154 1387 2208 1441 in
2236 1387 2440 1441 Latinis
2469 1386 2744 1440 codicibus
2772 1398 2875 1438 non
2907 1383 3136 1451 legatur,
3163 1383 3411 1436 Adoravit
3431 1399 3576 1436 sum-

1999 1474 2233 1529 mitatem
2279 1477 2438 1545 virgea
2483 1475 2675 1544 Ioseph
2736 1472 2890 1544 (Gen.
2943 1470 3132 1542 XLVII),
3161 1472 3254 1526 sed
3281 1472 3336 1525 in
3360 1472 3576 1542 quibus-

2002 1565 2147 1629 dam,
2199 1565 2448 1618 Adarzvit
2515 1580 2671 1634 super
2733 1571 2887 1632 caput
2938 1562 3094 1631 rirga:
3140 1559 3326 1632 (Hebr.
3379 1560 3478 1630 xi),
3524 1569 3578 1614 ct

2006 1656 2063 1710 in
2094 1655 2318 1710 llebrzea
2352 1657 2598 1718 veritate,
2629 1652 2716 1708 cui
2752 1653 3090 1723 potissimum
3123 1651 3255 1706 ﬁdes
3277 1649 3578 1704 adhibenda

2003 1754 2105 1810 est,
2137 1746 2338 1800 nullam
2366 1745 2578 1815 penitus
2625 1745 2708 1799 vel
2754 1743 2987 1799 tenuiter
3031 1743 3362 1797 mentionem
3412 1741 3580 1811 virga:

332 1852 681 1909 exaggerans,
713 1851 770 1891 se
806 1833 969 1889 etiam
1028 1829 1143 1886 fore
1176 1837 1298 1899 Ροεῑ
1346 1829 1488 1883 hunc
1511 1827 1580 1882 ad
1630 1824 1898 1880 infernum
1930 1825 1973 1885 Β
2001 1835 2181 1901 faciat,
2207 1837 2304 1892 sed
2358 1836 2503 1892 dicat
2568 1843 2797 1900 tantum,
2864 1834 3114 1888 Adoravit
3185 1831 3354 1887 Israel
3411 1831 3581 1886 Deum

333 1927 715 1985 descensurum
753 1924 1007 1978 ediceret.
1048 1919 1290 1987 Qualiter
1317 1931 1443 1987 ergo
1495 1917 1686 1971 beatus
1738 1911 1905 1968 Iacob

339 2015 574 2069 tunicam
605 2011 699 2066 lilii
727 2026 832 2066 non
861 2008 1137 2064 osculatus
1159 2005 1346 2070 fuisse,
1389 2013 1483 2059 aut
1521 2003 1690 2058 oculis
1732 2002 1905 2069 impo-

335 2105 528 2169 suisse,
578 2102 672 2157 sed
717 2101 916 2155 vidisse
968 2107 1176 2153 tantum
1206 2105 1261 2151 et
1298 2095 1614 2166 cognovisse
1639 2092 1905 2154 credatur,

336 2195 438 2249 hoc
497 2192 686 2249 ordine
759 2198 946 2246 sancta
1015 2187 1296 2258 Scriptura
1353 2179 1758 2241 commemorat.
1819 2182 1912 2236 Ait

337 2288 478 2343 enim
505 2305 519 2340 :
565 2285 813 2339 Tulerunt
857 2293 1030 2336 autem
1073 2281 1303 2334 tunicam
1326 2280 1462 2350 ejus,
1487 2287 1534 2331 et
1561 2277 1618 2330 in
1660 2274 1912 2345 sanguine

338 2377 476 2431 ha‘di
495 2392 645 2444 quem
671 2373 967 2428 occiderant
1009 2373 1291 2437 tinxerunt,
1324 2371 1577 2423 mittentes
1602 2367 1690 2438 qui
1720 2365 1912 2435 ferrent

338 2469 407 2522 ad
431 2478 651 2539 patrem,
675 2476 723 2519 et
751 2466 977 2519 dicerent
1008 2479 1026 2519 :
1056 2461 1208 2516 Hanc
1245 2461 1554 2524 invenimus,
1602 2457 1716 2512 vide
1737 2466 1912 2510 utrum

341 2562 516 2615 tunica
551 2559 650 2628 ﬁlii
694 2558 769 2612 tui
793 2575 861 2611 an
896 2573 1019 2610 non.
1078 2554 1247 2620 Quam
1269 2569 1385 2606 cum
1436 2550 1722 2621 agnovisset
1745 2555 1911 2617 pater,

339 2653 432 2714 ait,
465 2650 661 2703 Tunica
697 2647 796 2718 ﬁlii
823 2648 922 2700 mei
957 2655 1030 2700 est
1059 2663 1076 2698 :
1127 2645 1239 2715 [era
1263 2643 1484 2712 pessima
1528 2638 1743 2694 comedit
1774 2652 1912 2700 eum,

346 2743 505 2795 bestia
528 2739 785 2793 devoravit
811 2737 1001 2806 Ioseph
1060 2733 1212 2805 (Gen.
1243 2733 1472 2801 xxxv").
1512 2728 1752 2797 Denique
1787 2725 1915 2795 quid

346 2833 461 2886 hazc
495 2829 638 2883 illius
683 2825 853 2882 sancti
906 2825 1008 2878 viri
1043 2823 1243 2888 tunica,
1275 2836 1373 2891 per
1420 2833 1583 2890 quam
1629 2817 1704 2871 illi
1729 2815 1916 2885 imagi-

344 2938 472 2976 num
499 2921 864 2976 adorationcm
893 2926 1136 2973 astruere
1168 2915 1272 2970 nisi
1314 2920 1458 2978 sunt,
1503 2911 1694 2984 typicis
1743 2910 1918 2980 praell-

345 3012 620 3082 guraverit
648 3009 998 3065 sacramentis
1031 3015 1086 3062 et
1121 3006 1302 3061 tacitis
1343 3004 1581 3060 inuuerit
1620 3001 1914 3074 mysteriis,

346 3111 558 3174 Oportet
587 3111 645 3156 ut
701 3101 936 3157 breviter
998 3113 1373 3168 exsequamur,
1437 3109 1546 3166 quo
1586 3103 1642 3150 et
1701 3093 1915 3149 illorum

347 3211 483 3249 vana
509 3194 736 3248 assertio
786 3192 1129 3258 destituatur,
1166 3198 1221 3245 et
1267 3188 1486 3244 lectoris
1530 3188 1742 3242 animus
1785 3184 1921 3240 mul-
1947 3159 1994 3224 ο

347 3296 554 3344 ceatur.
593 3286 783 3356 Ioseph
813 3299 1062 3354 namque,
1101 3283 1193 3353 qui
1217 3294 1549 3353 augmentum
1597 3279 1918 3349 interpreta-

349 3387 458 3443 tur,
483 3385 539 3433 et
565 3376 633 3431 ab
675 3374 943 3445 Egyptiis
971 3372 1216 3429 Salvator
1237 3371 1419 3425 mundi
1456 3378 1540 3426 est
1565 3376 1920 3438 nuncupatus,

350 3469 495 3524 illius
522 3477 704 3540 typum
736 3467 903 3538 gessit
926 3467 1017 3536 qui
1040 3472 1094 3521 et
1121 3480 1288 3534 genus
1320 3465 1614 3518 humarum
1660 3479 1758 3516 sua
1783 3478 1927 3516 mor-

351 3568 404 3614 te
443 3558 687 3624 salvavit,
731 3566 786 3612 et
832 3557 1087 3612 mundum
1132 3555 1360 3626 Spiritali
1405 3552 1676 3608 frumento
1716 3551 1923 3616 refecit,

351 3657 407 3703 et
449 3649 503 3702 in
547 3654 754 3702 tantum
787 3653 1129 3717 augmentum
1158 3660 1269 3700 sua:
1308 3644 1431 3698 lidei
1476 3659 1657 3698 semen
1683 3654 1927 3696 crescere

351 3739 500 3805 fecit,
533 3747 591 3793 ut
612 3747 667 3793 et
699 3747 871 3793 totum
900 3738 1156 3792 mundum
1188 3737 1452 3804 impleret,
1484 3743 1540 3790 et
1566 3750 1662 3806 per
1684 3731 1929 3788 eamdem

354 3833 514 3889 ﬁdem
539 3841 750 3887 terrena
772 3832 1083 3887 caelestibus
1106 3829 1401 3898 capularet.
1440 3827 1572 3895 Ejus
1599 3827 1763 3882 vestis
1788 3823 1926 3879 haadi

355 3922 617 3992 sanguine
642 3911 807 3976 tincta
844 3928 946 3984 est,
976 3920 1099 3989 quia
1138 3920 1192 3974 in
1221 3917 1571 3973 similitudine
1609 3916 1790 3971 carnis
1812 3929 1932 3985 pec-

359 4014 466 4068 cati
511 4011 1164 4082 secundum-‘Apostolum
1213 4009 1482 4079 apparuit,
1510 4007 1663 4062 etde
1708 4014 1932 4076 peccato

358 4102 632 4157 damnavit
659 4108 976 4172 peccatum:
1018 4101 1101 4155 vel
1145 4100 1306 4154 etiam
1335 4099 1510 4154 hostia
1559 4113 1660 4167 pro
1695 4095 1932 4166 peccatis

359 4192 601 4256 effectus,
643 4201 864 4261 peccata
897 4201 1078 4246 nostra
1118 4191 1352 4260 portavit
1377 4191 1428 4244 in
1456 4176 1684 4259 corpore
1709 4203 1807 4244 suo
1845 4204 1933 4242 su-

358 4301 453 4356 per
490 4286 710 4356 lignum,
762 4295 879 4339 uta
925 4284 1081 4338 malis
1113 4282 1324 4338 liberati
1369 4298 1490 4337 cum
1531 4280 1742 4350 justitia
1781 4281 1932 4336 viva-

331 4381 518 4442 'mus;
561 4376 711 4446 cujus
749 4375 967 4432 vulnere
1003 4377 1176 4431 sanati
1227 4391 1430 4440 sumus,
1462 4375 1553 4444 qui
1589 4373 1750 4428 veluti
1806 4389 1935 4430 oves

2009 1946 2284 1984 conuersus
2321 1929 2390 1983 ad
2419 1929 2595 1984 lectuli
2650 1938 2827 1999 caput.
2871 1927 2937 1984 In
2963 1943 3066 1998 quo
3129 1926 3334 1994 utique,
3399 1933 3458 1980 ut
3505 1925 3583 1978 ait

2008 2020 2198 2074 beatus
2257 2019 2606 2090 Augustinus,
2648 2035 2805 2072 senex
2839 2018 3071 2088 jacebat,
3131 2025 3185 2071 et
3208 2016 3286 2069 sic
3349 2015 3583 2085 positum

2010 2110 2245 2165 habebat
2289 2119 2349 2165 ut
2389 2110 2443 2164 in
2469 2124 2534 2165 eo
2563 2110 2680 2165 sine
2710 2109 2892 2164 labore
2932 2107 3146 2178 quando
3179 2107 3338 2161 vellet
3377 2113 3584 2161 oraret.

2011 2201 2146 2269 Quia
2180 2217 2326 2273 ergo,
2383 2211 2444 2257 ut
2475 2201 2685 2272 prmlati
2733 2216 2939 2262 sumus,
2993 2200 3210 2269 quidam
3270 2198 3584 2252 Latinorum

2012 2295 2256 2350 Codicum
2287 2295 2506 2357 habent,
2551 2293 2788 2348 adoravit
2838 2307 2994 2357 super
3017 2291 3364 2344 summitatem
3407 2289 3584 2358 uirga,

2013 2399 2234 2440 necesse
2257 2394 2341 2440 est
2381 2392 2440 2438 ut
2483 2382 2766 2438 memorati
2815 2381 3053 2437 doctoris
3086 2379 3421 2435 documentis
3456 2394 3592 2448 qua-

2013 2477 2138 2532 liter
2170 2475 2575 2544 intelligcndum
2618 2475 2689 2528 sit
2723 2472 3070 2541 explicemus,
3096 2471 3172 2524 ait
3217 2469 3358 2525 enim
3410 2469 3592 2541 (quod

2015 2567 2215 2623 habent
2235 2566 2411 2621 Latini
2440 2563 2671 2636 codices)
2707 2579 2720 2614 :
2748 2562 2816 2617 Et
2838 2561 3081 2616 adoravit
3115 2572 3275 2629 super
3297 2564 3458 2629 caput
3480 2557 3591 2612 vir-

2014 2674 2095 2729 ga:
2111 2655 2245 2726 ejus.
2266 2655 2516 2711 Nonnulli
2537 2653 2886 2710 emendantes
2910 2652 3106 2706 habent
3122 2664 3137 2704 :
3153 2649 3410 2704 Adoravit
3433 2664 3592 2718 super

2015 2757 2178 2819 caput
2222 2749 2389 2819 virga:
2422 2762 2549 2810 suae,
2587 2744 2663 2800 uel
2690 2745 2743 2798 in
2799 2742 2974 2813 capite
3000 2742 3165 2812 virga:
3226 2755 3357 2804 suae,
3390 2739 3501 2794 sive
3535 2738 3590 2792 in

2017 2856 2274 2896 cacumen
2297 2838 2375 2894 vel
2420 2853 2582 2908 super
2627 2851 2906 2891 cacumen.
2948 2833 3112 2889 Fallit
3136 2833 3272 2888 enim
3314 2849 3401 2886 eos
3445 2831 3594 2886 Grat-

2016 2949 2134 2988 cum
2156 2933 2382 2997 verbum,
2426 2930 2565 3002 quod
2613 2929 2806 2984 eisdem
2832 2928 3017 2982 litteris
3039 2926 3304 2991 scribitur,
3331 2927 3436 2980 sive
3457 2924 3592 2994 rjns,

2014 3025 2119 3079 sive
2141 3038 2285 3079 sum:
2324 3023 2416 3076 sed
2449 3029 2690 3075 accentus
2736 3019 2969 3089 dispares
3017 3026 3158 3080 sunt,
3200 3025 3248 3069 et
3297 3015 3360 3068 ab
3404 3016 3478 3068 eis
3506 3015 3596 3084 qui

2023 3117 2122 3170 ista
2157 3122 2404 3169 noverunt
2435 3113 2491 3166 in
2515 3111 2778 3166 codicibus
2817 3125 2920 3162 non
2945 3114 3359 3162 contemnuntur.
3417 3102 3597 3158 Valent

2021 3206 2160 3260 enim
2212 3203 2280 3258 ad
2321 3217 2567 3273 magnam
2621 3199 3004 3263 discretionem,
3057 3196 3289 3268 quamvis
3337 3203 3386 3248 et
3434 3208 3594 3248 unam

2019 3295 2136 3367 plus
2162 3295 2386 3349 litteram
2409 3291 2598 3346 habere
2620 3298 2811 3362 posset,
2849 3290 2895 3342 si
2919 3297 3049 3342 esset
3097 3302 3205 3341 sua:
3227 3294 3316 3339 aut
3343 3301 3445 3338 non
3468 3292 3598 3338 esset

2021 3389 2178 3444 αὐτοῦ
2209 3385 2298 3440 sed
2325 3385 2533 3440 ἑαυτοῦ.
2586 3381 2660 3435 Ac
2694 3395 2785 3450 per
2825 3378 2923 3431 hoc
2946 3375 3128 3430 merito
3178 3374 3430 3445 qureritur
3473 3372 3600 3442 quid

2022 3479 2089 3531 sit
2125 3474 2264 3546 quod
2287 3473 2483 3526 dictum
2512 3479 2608 3524 est.
2654 3468 2795 3522 Nam
2819 3466 2973 3536 facile
3006 3463 3398 3534 intelligeretur,
3423 3478 3598 3516 senem

2022 3566 2110 3635 qui
2149 3565 2346 3632 virgam
2377 3560 2574 3631 ferebat
2599 3575 2658 3613 eo
2685 3573 2828 3611 more
2847 3572 2949 3626 quo
2975 3553 3069 3608 illa
3095 3563 3224 3608 tetas
3248 3551 3491 3606 baculum
3509 3569 3596 3606 so-

2025 3653 2110 3716 let,
2140 3662 2194 3705 ut
2219 3669 2274 3705 se
2313 3649 2579 3703 inclinauit
2606 3648 2674 3701 ad
2703 3647 2869 3701 Deum
2935 3644 3284 3705 adorandum,
3316 3643 3370 3697 id
3425 3644 3601 3714 utique

1952 3793 1958 3801 .
2026 3744 2203 3815 fecerit
2247 3758 2403 3812 super
2432 3755 2682 3794 cacumen
2725 3738 2882 3807 virga:
2905 3751 3034 3799 suae,
3075 3751 3234 3806 quam
3289 3736 3364 3788 sic
3403 3735 3600 3805 ferebat

2027 3847 2082 3892 ut
2101 3853 2255 3908 super
2279 3851 2392 3890 eam
2425 3843 2576 3904 caput
2616 3830 2918 3886 inclinanda
2961 3828 3204 3882 adoraret
3244 3825 3432 3881 Deum.
3462 3827 3601 3892 Quid

2027 3938 2098 3982 est
2127 3944 2268 3997 ergo.
2293 3924 2551 3980 Adoravit
2586 3937 2748 3992 super
2772 3934 3029 3976 cacumen
3061 3918 3226 3987 virga:
3250 3916 3386 3986 ejus,
3421 3918 3476 3971 id
3503 3927 3601 3982 est,

2027 4017 2126 4088 ﬁlii
2145 4018 2226 4072 sui
2255 4016 2445 4086 Ioseph
2473 4016 2498 4068 ξ’
2527 4015 2606 4068 An
2631 4013 2764 4082 forte
2788 4010 2979 4065 tulerat
3000 4010 3066 4064 ab
3091 4026 3151 4064 eo
3173 4010 3369 4080 uirgam
3389 4011 3600 4080 quando

2027 4112 2074 4164 ei
2099 4109 2316 4180 jurabat
2355 4108 2490 4162 idem
2543 4106 2705 4175 ﬁlius,
2730 4114 2779 4160 et
2804 4104 2930 4158 dum
2977 4119 3092 4157 eam
3134 4112 3267 4157 tenet
3311 4112 3421 4174 post
3451 4103 3604 4158 verba

2020 4200 2278 4272 jurantis,
2318 4198 2548 4252 nondum
2567 4196 2661 4250 illa
2689 4195 2910 4259 reddita,
2964 4209 3086 4248 mox
3127 4192 3367 4247 adoravit
3393 4193 3602 4247 Deum?

2033 4290 2155 4344 Non
2189 4290 2325 4344 enim
2349 4287 2571 4359 pudebat
2597 4303 2714 4340 eum
2758 4285 2894 4356 ferre
2935 4285 3188 4353 tantisper
3224 4283 3426 4354 insigne
3462 4293 3606 4353 pote-

2030 4381 2180 4435 statis
2209 4378 2308 4448 ﬁlii
2336 4378 2439 4442 sui,
2462 4376 2548 4430 ubi
2567 4376 2753 4446 ﬁgurw
2773 4389 2976 4444 magna:
3000 4373 3074 4426 rei
3096 4373 3288 4441 futura:
3316 4373 3606 4442 pra'signa-

284 4469 289 4473 ’
357 4470 693 4524 errabamus.
733 4467 829 4523 Est
857 4469 1019 4522 etiam
1050 4477 1104 4523 et
1131 4468 1296 4523 vestis
1315 4465 1430 4536 ejus
1455 4475 1639 4523 sancta
1666 4467 1926 4532 Ecclesia,
1958 4501 2008 4562 ι)
2033 4471 2242 4526 bantur.
2303 4469 2495 4524 Dicant
2546 4481 2692 4536 ergo,
2737 4465 2917 4520 dicant
2950 4463 3079 4533 quid
3123 4469 3309 4518 contra
3365 4463 3481 4518 haec
3523 4463 3608 4517 di-

359 4576 480 4629 qute
513 4567 598 4615 est
641 4575 834 4630 corpus
876 4559 1096 4624 Christi,
1143 4558 1310 4613 Paulo
1359 4566 1673 4624 attestante,
1701 4559 1791 4628 qui
1816 4559 1927 4612 ait:

360 4649 580 4704 Gaudeo
605 4650 658 4702 in
683 4647 1012 4719 passionibus
1041 4649 1189 4712 meis,
1220 4648 1344 4718 quia
1374 4645 1553 4718 expleo
1602 4664 1661 4702 ea
1700 4664 1817 4717 quia
1841 4647 1932 4701 de-

357 4747 477 4790 sunt
513 4737 813 4806 passionum
854 4734 1049 4789 Christi
1076 4736 1130 4789 in
1156 4753 1311 4790 carne
1361 4752 1475 4790 mea
1508 4745 1716 4806 prapter
1747 4752 1932 4806 corpus

358 4828 492 4896 ejui,
524 4826 662 4898 quod
687 4836 761 4879 est
812 4824 1047 4879 Ecclesia
1111 4825 1331 4896 (Coloss.
1362 4825 1402 4896 ι)
1429 4841 1443 4890 ;
1486 4840 1606 4894 qua:
1652 4825 1818 4879 vestis
1846 4839 1936 4893 po-

290 4979 304 4993 ,
359 4916 544 4989 ΙῨηιὶια
579 4918 692 4973 sive
737 4917 885 4972 varia
914 4927 1015 4980 est,
1056 4917 1182 4985 quia
1224 4916 1475 4970 videlicet
1530 4924 1716 4969 sancta
1747 4915 1934 4969 Eccle-

359 5007 438 5061 sia
464 5006 530 5060 de
563 5006 896 5063 diversarum
932 5008 1172 5076 gentium
1195 5007 1310 5062 sive
1339 5005 1640 5076 linguarum
1681 5005 1938 5058 varietate

357 5096 646 5168 colligitur,
700 5095 1115 5166 Psalmographo
1174 5076 1421 5161 docente,
1465 5093 1559 5164 qui
1616 5092 1724 5146 ait:
1763 5091 1938 5146 Astitit

360 5187 540 5256 regina
576 5204 608 5239 a
634 5185 829 5239 dextris
872 5187 974 5239 tuis
1011 5187 1064 5238 in
1093 5185 1273 5240 vestitu
1320 5189 1573 5239 deaurato
1609 5180 1941 5237 circumami-

359 5285 445 5328 cta
473 5275 716 5328 varietate
762 5274 934 5345 (Psal.
964 5273 1109 5345 XLV).
1165 5274 1312 5330 Solet
1341 5274 1504 5328 etiam
1530 5272 1717 5327 eadem
1753 5270 1938 5334 vestis,

360 5379 482 5436 quae
507 5365 692 5418 talaris
727 5365 891 5420 fuisse
918 5365 1259 5430 describitur,
1320 5375 1630 5420 sanctorum
1676 5366 1938 5425 virorum,

362 5459 454 5528 qui
481 5459 667 5530 utique
699 5459 938 5512 membra
961 5457 1160 5513 Christi
1189 5465 1330 5523 sunt,
1385 5455 1773 5528 perfectionem
1796 5453 1940 5508 desi-

362 5565 550 5623 gnare,
586 5551 678 5621 qui
706 5561 1017 5621 perceptum
1065 5550 1195 5606 boni
1250 5550 1429 5618 operis
1462 5535 1834 5603 indumentum
1875 5545 1944 5600 ad

424 5649 522 5711 los,
551 5645 602 5700 id
633 5651 717 5700 est
760 5646 827 5699 ad
864 5644 1027 5698 linem
1058 5657 1229 5713 usque
1266 5643 1584 5711 perducunt.

811 5871 1081 5930 Ρηιιοι..
1130 5865 1411 5928 XCVIII.

2032 4561 2170 4618 cturi
2227 4569 2376 4624 sunt,
2435 4559 2528 4628 qui
2583 4558 2652 4613 ob
2715 4555 3016 4611 adorandus
3077 4553 3337 4624 imagines
3399 4563 3606 4609 tantum

2031 4656 2394 4727 patriarcham
2417 4651 2695 4709 criminari
2725 4665 2833 4704 non
2889 4647 3202 4712 formidant,
3228 4656 3282 4701 et
3303 4646 3610 4717 Scripturas

2034 4757 2248 4804 sanctas
2294 4760 2492 4802 vesana
2547 4749 2726 4798 mente
2785 4746 3096 4810 permutare
3143 4735 3416 4791 affectant.
3469 4735 3611 4791 Ecce

2035 4836 2297 4892 llcbraica
2355 4834 2556 4889 veritas
2596 4830 2842 4885 eumdem
2889 4828 3256 4898 patriarcham
3302 4825 3470 4880 Deum
3515 4827 3612 4880 ad-

2035 4942 2221 4982 orasse
2254 4925 2322 4979 ad
2360 4931 2519 4993 caput
2544 4921 2722 4976 lectuli
2751 4919 2948 4976 clamat
2975 4935 2989 4971 :
3029 4931 3155 4972 ecce
3185 4916 3498 4970 Latinorum
3525 4916 3606 4970 bi-

2035 5016 2302 5071 bliotheca
2329 5028 2452 5067 eum
2478 5021 2572 5066 aut
2596 5025 2757 5079 super
2780 5017 2939 5077 caput
2974 5007 3157 5076 virgae,
3191 5013 3280 5058 aut
3330 5004 3385 5058 in
3411 5003 3608 5073 capite,

2037 5115 2130 5161 aut
2158 5106 2212 5159 in
2239 5102 2533 5164 cacumine,
2589 5099 2675 5153 vel
2714 5112 2876 5167 super
2923 5109 3184 5150 cacumen
3229 5093 3482 5148 adorasse
3518 5093 3612 5148 de-

2038 5195 2291 5252 nuntiat:
2328 5205 2454 5248 ecce
2500 5190 2585 5244 vir
2620 5187 3017 5244 eruditissimus
3070 5184 3421 5255 Augustinus,
3447 5191 3502 5237 et
3531 5183 3614 5237 di-

2038 5288 2150 5342 vini
2207 5283 2450 5340 muneris
2477 5281 2694 5336 ﬂamine
2735 5279 2967 5344 alllatus,
3028 5277 3214 5333 solerti
3271 5274 3612 5346 indagatione

2041 5395 2164 5437 eum
2203 5385 2295 5432 aut
2319 5377 2378 5434 in
2401 5391 2535 5440 suae,
2561 5382 2654 5430 aut
2689 5375 2744 5428 in
2777 5373 2873 5428 ﬁlii
2898 5373 3063 5441 virgae
3083 5369 3390 5426 summitate
3418 5368 3607 5434 Deum,

2041 5485 2149 5526 non
2183 5457 2426 5524 eamdem
2474 5467 2682 5538 virgam
2725 5479 2824 5521 nec
2848 5462 3093 5518 eumdem
3137 5459 3305 5516 lilium
3359 5459 3612 5515 adorasse

2042 5570 2312 5633 personat.

2113 5654 2303 5710 Dicant
2326 5649 2448 5721 quis
2469 5655 2668 5703 sanctae
2709 5643 2840 5715 legis
2861 5641 3153 5698 translator
3179 5655 3304 5696 eum
3327 5638 3612 5696 summita-

2047 5758 2152 5804 tem
2181 5747 2344 5818 virgrc
2390 5742 2504 5810 lilii,
2542 5747 2597 5796 et
2631 5739 2685 5795 in
2713 5736 2899 5794 eadem
2945 5737 3096 5807 virga
3151 5735 3319 5791 lilium
3361 5733 3616 5790 adorasse

3101 5851 3178 5912 33
