4070 6186
549 390 682 445 1055

1415 381 1474 435 Β.
1515 379 1763 438 CAROLI
1803 376 2014 437 MAGNI
2051 378 2199 437 OPP.
2244 377 2419 438 PARS
2452 380 2515 439 il.
2555 381 2795 439 SECTIO
2823 382 2882 436 ll.

3652 383 3774 440 ωτιῦ

547 501 911 558 transtulerit:
950 499 1072 570 quis
1106 507 1304 554 sanetae
1353 487 1486 566 legis
1516 496 1940 551 studiosissimus
1965 495 2114 550 inda-
2144 500 2187 558 Α
2218 500 2385 554 ratio!
2438 499 2484 554 Ο
2522 499 2688 554 hebes
2733 497 3070 566 conjectura!
3111 499 3157 553 0
3196 493 3547 554 stoiidissima
3602 501 3779 556 dictio!

545 603 701 663 gator
738 607 862 649 cum
907 591 1112 662 virgam
1139 590 1235 645 ﬁlii
1257 589 1341 643 vel
1367 589 1533 643 tilium
1561 589 1740 658 potius
1765 604 1926 657 quam
1949 588 2120 642 Deum

547 686 802 739 adorasse
835 681 1180 737 tractaverit:
1225 690 1426 735 etcum
1470 680 1612 735 hunc
1650 680 1888 736 invenire
1938 680 2124 750 nequi-

549 775 744 838 verint,
770 771 1192 841 depravatricem
1211 770 1322 824 sive
1340 767 1741 838 refragatricem
1762 767 1939 837 potius
1959 782 2122 836 quam

549 865 930 934 indagatrieem
977 877 1128 916 suam
1179 861 1588 930 intelligentiam
1643 860 1941 914 divinarum
1979 857 2126 913 Scri-

546 966 824 1023 ptttrarum
863 967 983 1006 esse
1011 950 1362 1020 persentiant.
1403 947 1522 1003 iam
1546 963 1676 1003 vero
1700 949 1824 1016 quia
1848 961 1984 1017 pene
2005 962 2122 1001 om-

546 1047 630 1099 nis
660 1045 855 1098 divinae
895 1043 1029 1112 legis
1074 1042 1246 1097 series
1267 1040 1467 1095 abillis
1509 1041 1578 1095 ob
1606 1039 1900 1109 imaginum
1927 1038 2121 1092 adora-

549 1140 746 1194 tionem
783 1147 876 1192 aut
903 1136 1180 1191 mutiiatur
1204 1143 1298 1190 aut
1333 1141 1692 1203 permutatur,
1739 1147 1878 1186 nova
1904 1145 2128 1186 necesse

543 1239 628 1284 est
657 1237 778 1299 post
822 1229 1039 1299 Moysen
1071 1227 1202 1297 legis
1245 1227 1494 1282 tradatur
1544 1223 1805 1293 scriptio;
1841 1238 1978 1279 nova
2004 1231 2126 1291 post

545 1323 738 1376 Ezram
769 1321 902 1390 legis
927 1319 1227 1389 reperiatur
1272 1316 1638 1379 restauratio;
1691 1330 1830 1369 nova
1878 1322 2002 1382 post
2029 1311 2126 1367 Se-

545 1413 820 1482 ptuaginta
843 1411 1186 1478 lnterpretes,
1213 1407 1632 1462 Theodotionem
1664 1413 1719 1459 et
1742 1404 2123 1474 Symmachum
2150 1425 2158 1431 -

544 1516 599 1559 et
630 1505 903 1574 Aquilam,
937 1503 1049 1556 sive
1099 1501 1508 1555 etiambeatum
1559 1497 1946 1566 Hieronymum
1990 1495 2126 1565 legis
2136 1534 2180 1581 δ

545 1602 816 1664 quaeratur
843 1591 1158 1656 translatio;
1190 1603 1324 1643 nova
1355 1594 1475 1657 post
1511 1585 1782 1656 apostolos
1825 1592 1882 1638 et
1906 1592 2096 1652 apostc

546 1686 678 1741 licos
707 1684 852 1738 viros
887 1682 1090 1753 Spiritu
1119 1690 1309 1735 sancto
1347 1679 1580 1749 repletos
1621 1684 1896 1733 scrutetur
1922 1683 2126 1730 tracta-

546 1777 642 1842 tio,
673 1791 792 1846 quae
817 1775 950 1830 adeo
978 1773 1174 1829 divinis
1205 1770 1500 1841 Scripturis
1547 1767 1806 1838 refragari
1839 1775 2021 1836 queat,
2064 1773 2126 1820 ut

2225 590 2465 646 Similem
2493 591 2627 646 dicis
2659 591 3110 656 benedictionem,
3134 606 3298 661 quam
3317 602 3543 647 sanctus
3569 595 3786 661 patriar-

2222 681 2322 736 cha
2386 682 2498 752 regi
2556 681 2821 746 exhibuit,
2872 681 2963 751 qui
3027 696 3139 750 prae
3188 683 3400 737 caeteris
3449 681 3786 738 dilectissimo

2222 769 2330 824 ﬁlio
2367 772 2578 840 insigne
2618 773 2846 825 contulit
2881 773 3191 840 potestatis:
3235 774 3326 842 qui
3356 773 3464 828 sibi
3515 789 3638 827 eum
3675 776 3785 829 uni-
3845 831 3855 842 ,

2223 875 2375 914 versa
2401 862 2552 930 prole
2594 863 2813 915 uberem
2861 863 2928 915 ad
2985 863 3395 918 inhabitandam
3425 865 3637 934 glebam
3668 882 3786 919 σου·
3852 849 3855 852 ’

2221 950 2421 1013 cessit;
2451 950 2543 1020 qui
2591 949 2691 1004 sibi
2750 966 2856 1004 non
2905 950 3274 1020 cuiuscunque
3319 954 3620 1021 provinciae
3676 970 3788 1023 por-

2223 1041 2446 1104 tionem,
2490 1039 2582 1094 sed
2617 1041 2784 1095 totius
2818 1041 2900 1095 sui
2944 1042 3153 1110 imperii
3191 1051 3348 1096 terra:
3373 1043 3603 1097 donavit
3626 1045 3789 1112 optio-

2223 1146 2367 1195 nem,
2422 1131 2724 1193 adorationi
2771 1147 2932 1201 quam
2980 1133 3304 1203 imaginibus
3357 1135 3628 1190 exhibes?
3672 1136 3790 1202 Quae

2223 1223 2574 1277 adorantibus
2596 1223 2726 1276 nihil
2754 1232 2952 1292 praeter
2985 1224 3063 1279 rei
3102 1225 3420 1279 memoriam
3458 1225 3616 1294 cujus
3655 1238 3786 1292 sunt,

2223 1315 2478 1368 exhibere
2525 1314 2722 1368 valent.
2783 1315 3063 1370 Benedixit
3119 1317 3302 1386 itaque
3353 1315 3527 1372 Iacob
3576 1316 3792 1371 Pharao-

2225 1418 2365 1464 nem,
2425 1419 2529 1457 non
2559 1413 2619 1458 ut
2656 1403 2823 1458 Deum
2850 1419 3008 1473 quem
3037 1406 3212 1461 onmis
3246 1415 3502 1461 creatura
3540 1406 3790 1461 benedicit

2224 1501 2278 1546 et
2302 1493 2501 1556 laudat,
2526 1508 2699 1562 neque
2736 1503 2794 1548 ut
2827 1495 3092 1562 picturam
3146 1511 3307 1565 quam
3332 1512 3532 1551 manus
3584 1497 3790 1552 artilicls

2227 1595 2393 1654 aptat,
2441 1587 2534 1642 sed
2589 1593 2648 1640 ut
2701 1586 2972 1642 hominem
3023 1587 3108 1641 cui
3143 1596 3364 1657 propter
3417 1589 3788 1643 sublimitatem

2228 1691 2497 1743 concessae
2544 1692 2573 1732 a
2609 1677 2720 1732 Deo
2773 1677 3054 1748 potestatis
3099 1679 3270 1733 honor
3319 1688 3404 1733 est
3445 1679 3786 1733 exbibendus.

2227 1766 2530 1831 Bene-dixit,
2581 1767 2821 1837 inquam,
2853 1782 2995 1831 eum,
3043 1783 3150 1823 non
3190 1775 3249 1822 ut
3290 1769 3585 1838 imaginem
3627 1769 3790 1822 insen-

545 1884 735 1924 omnes
787 1867 1080 1938 imaginum
1131 1864 1500 1920 adorationem
1539 1869 1851 1933 spernentes
1901 1862 2120 1915 anathe—
2148 1849 2194 1910 Β
2219 1865 2410 1922 satam,
2441 1856 2533 1912 sed
2560 1865 2617 1910 ut
2639 1857 2952 1913 rationalem
2985 1858 3286 1924 hominem;
3314 1873 3423 1912 non
3454 1867 3515 1913 ut
3541 1859 3784 1914 industria

545 1961 706 2015 matis
738 1958 954 2014 vinculo
981 1964 1184 2012 nectat.
1233 1954 1362 2022 Quae
1408 1955 1480 2008 sit
1516 1961 1777 2023 praeterea
1822 1950 2123 2006 differentia

544 2051 722 2106 crucis
751 2048 952 2104 Christi
981 2055 1035 2102 et
1077 2046 1370 2115 imaginum
1405 2045 1668 2113 pictorum
1696 2051 1812 2096 arte
1834 2041 2121 2110 pictarum,

545 2140 632 2194 vel
659 2145 862 2210 quanto
903 2136 1165 2207 mysterio
1193 2150 1324 2189 crux
1377 2133 1700 2203 imaginibus
1732 2131 1986 2194 emineat,
2011 2130 2128 2185 sive

543 2228 813 2299 quomodo
839 2228 1131 2282 humanum
1161 2237 1332 2294 genus
1356 2238 1463 2277 non
1487 2237 1584 2292 per
1607 2221 1888 2289 imagines,
1915 2219 2010 2275 sed
2028 2235 2126 2289 per

543 2339 761 2380 crucem
820 2319 1022 2376 Christi
1090 2319 1428 2386 redemptum
1454 2315 1545 2380 sit,
1601 2330 1721 2384 quae
1759 2313 1867 2369 duo
1927 2311 2006 2368 illi
2039 2311 2125 2368 vel

544 2416 693 2488 paria
725 2412 808 2468 vel
852 2410 1076 2482 aequalia
1120 2415 1331 2480 putant,
1363 2407 1416 2460 in
1459 2406 1808 2475 sequentibus
1856 2403 1977 2460 loco
1999 2417 2123 2471 suo,

546 2506 773 2562 Domino
795 2505 1029 2567 favente,
1055 2499 1468 2570 explicabimus.

1139 2605 1382 2688 .CAPUT
1405 2629 1546 2685 xw.
1601 2647 1605 2652 ‘

549 2729 672 2784 Non
740 2726 995 2798 pertinere
1048 2723 1116 2798 ad
1168 2722 1454 2798 imaginum
1516 2717 1896 2798 adorationem,
1944 2713 2122 2798 ut_illi

615 2786 814 2859 dicunt,
839 2795 978 2866 quod
1001 2795 1250 2864 scriptum
1276 2786 1378 2855 'est,
1427 2787 1594 2844 Jacob
1647 2786 1983 2841 Pharaonem
2022 2787 2120 2841 be-

613 2868 820 2923 nedixit
852 2864 1025 2936 (Gen.
1054 2878 1198 2917 κων-ιι
1232 2901 1245 2914 .

617 2959 772 3027 Quod
801 2960 944 3028 saepe
963 2962 1293 3009 memoratus
1316 2949 1627 3022 patriarcha
1666 2947 1832 3003 Jacob
1875 2945 2130 3001 Pharao?

548 3064 669 3104 nem
702 3063 812 3102 non
835 3046 1108 3107 adorasse,
1158 3042 1250 3098 sed
1279 3039 1615 3094 henedixisse
1661 3037 1890 3108 legatur,
1953 3050 2117 3106 supe-

548 3141 661 3194 rius
697 3139 901 3192 dictum
957 3142 1060 3190 est.
1099 3133 1250 3186 Nunc
1281 3147 1408 3186 vero
1447 3131 1574 3200 quia
1624 3130 1680 3184 in
1728 3128 1834 3183 alia
1867 3126 2108 3196 ejusdem

547 3229 839 3284 vanissima
879 3225 1068 3296 synodi
1121 3224 1350 3278 lectione
1386 3221 1670 3275 benedictio
1725 3219 2119 3290 quodammodo

550 3319 725 3390 posita
766 3325 850 3372 est
896 3331 994 3386 pro
1046 3312 1380 3377 adoratione,
1435 3311 1673 3366 breviter
1723 3307 2125 3378 exsequendum

548 3418 652 3466 est.
725 3407 989 3475 Quoniam
1057 3405 1273 3474 quidem
1335 3403 1500 3458 tantis
1523 3410 1606 3456 est
1674 3401 1818 3456 illius
1870 3399 2128 3455 vanitatis

550 3503 822 3569 scriptura
853 3496 1174 3568 ignorantiae
1208 3495 1381 3550 obsita
1422 3493 1761 3565 caiiginibus,
1810 3502 1872 3548 ut
1907 3507 2006 3547 nec
2035 3506 2124 3546 se-

549 3592 770 3664 quentia
815 3587 1264 3660 praecedentibus,
1302 3602 1403 3642 nec
1435 3584 1792 3656 praecedentia
1837 3581 2128 3638 convenire

549 3687 834 3741 videantur
904 3680 1286 3751 sequentibus,
1343 3686 1399 3733 et
1454 3685 1514 3733 ut
1584 3692 1644 3731 se
1707 3676 1870 3731 habet
1917 3675 2128 3729 vanitas

551 3776 907 3835 mendacium,
940 3788 1151 3842 semper
1177 3770 1417 3841 fugitiva,
1450 3782 1666 3838 semper
1703 3770 1927 3832 caduca,
1982 3781 2126 3822 sem-

550 3881 752 3937 perque
799 3864 1034 3919 lzibentia
1086 3863 1347 3931 sequitur,
1401 3860 1614 3914 dicente
1662 3857 1978 3914 Salomone:
2025 3856 2130 3921 Qui

549 3957 800 4011 incumbit
843 3954 1148 4015 mendaciis,
1179 3953 1262 4006 hic
1309 3951 1474 4022 pascit
1532 3959 1726 4013 ventos,
1776 3950 1885 4020 ipse
1955 3959 2130 4002 autem

555 4049 789 4118 sequitur
829 4063 946 4100 ares
991 4045 1219 4100 volantes
1269 4042 1541 4115 (Proverb.
1576 4039 1656 4112 χ).
1689 4040 1763 4096 Ut
1815 4055 1946 4110 ergo
1991 4040 2129 4093 ima-

553 4137 736 4206 ginum
772 4134 1162 4197 adorationem,
1197 4133 1248 4186 in
1270 4147 1501 4200 quarum
1545 4145 1733 4186 amore
1755 4145 1944 4185 eorum
1979 4145 2132 4184 mens

554 4225 768 4294 pendet,
838 4230 894 4276 et
927 4223 1094 4276 totius
1139 4221 1444 4275 sanctitatis
1481 4219 1818 4290 propositum
1863 4229 1964 4282 cst,
2015 4230 2129 4274 sta-

555 4312 762 4374 biliant,
791 4309 1020 4379 plurima
1050 4311 1215 4365 verba
1251 4309 1337 4362 vel
1358 4323 1548 4363 sensus
1589 4323 1708 4377 quae
1735 4307 1802 4361 ad
1841 4308 1987 4363 aliud
2011 4323 2134 4377 per-

558 4403 728 4457 tinent
772 4403 826 4456 in
877 4400 1248 4455 adorationem
1297 4407 1507 4454 mutare
1561 4397 1833 4453 all'ectant.
1890 4397 2024 4453 Nam
2079 4407 2134 4452 et

2223 1946 2446 2017 pictoris
2476 1949 2927 2019 compaginatum,
2987 1948 3082 2003 sed
3104 1957 3163 2002 ut
3187 1949 3256 2004 ad
3285 1947 3382 2003 Dei
3415 1950 3699 2021 imaginem
3741 1960 3787 2004 et

2225 2038 2629 2094 similitudinem
2657 2041 2961 2103 conditum;
3011 2057 3118 2095 non
3163 2051 3222 2096 ut
3258 2042 3314 2096 in
3353 2043 3655 2112 parietibus
3699 2044 3784 2098 im-

2224 2130 2495 2185 mobiliter
2530 2140 2786 2196 stantem,
2827 2133 2920 2188 sed
2968 2141 3027 2188 ut
3069 2134 3172 2190 sibi
3219 2135 3302 2190 vel
3359 2135 3500 2205 proli
3551 2136 3783 2206 prdspera

2223 2220 2653 2275 eommodantem
2685 2238 2698 2274 :
2739 2230 2815 2287 et,
2847 2231 2906 2276 ut
2939 2223 3014 2277 ita
3039 2223 3288 2288 dixerim,
3343 2223 3618 2279 benedixit
3639 2224 3782 2280 Israel

2223 2324 2404 2380 regem
2439 2311 2528 2380 qui
2555 2308 2794 2378 ejusdem
2823 2311 3044 2381 spiritus
3067 2321 3284 2368 nectare
3333 2313 3608 2370 delibutus
3631 2324 3738 2368 erat
3767 2333 3778 2367 :

2222 2401 2314 2470 qui
2335 2403 2676 2470 postmodum
2724 2419 2823 2474 per
2839 2404 3157 2474 Apostolum
3187 2407 3437 2462 dicturus
3486 2416 3646 2468 esset.
3696 2408 3778 2464 Be-

2225 2491 2444 2545 nedicite
2495 2501 2544 2545 et
2581 2491 2740 2546 nolite
2772 2494 3105 2550 'maledicere
3173 2495 3354 2567 (Rom.
3395 2496 3520 2568 nt),
3559 2498 3647 2568 qui
3690 2513 3782 2552 non

2223 2582 2397 2637 solum
2447 2597 2544 2652 pro
2573 2599 2638 2639 eo
2663 2585 2754 2654 qui
2802 2601 2860 2642 se
2903 2595 2959 2641 et
3011 2588 3251 2644 sobolem
3288 2589 3567 2660 opulentia
3619 2577 3778 2661 rei-um

2221 2669 2446 2734 ditabat,
2507 2672 2600 2726 sed
2625 2687 2725 2743 pro
2767 2673 3222 2731 calumniantibus
3263 2686 3319 2732 et
3349 2681 3778 2748 persequentibus

2221 2773 2378 2814 orare
2399 2761 2638 2816 deberet.
2677 2761 2793 2818 Non
2837 2765 3016 2833 itaque
3060 2765 3432 2834 hujuscemodi
3479 2769 3777 2832 benedictio,

2221 2868 2341 2922 quae
2367 2853 2611 2922 profecto
2632 2855 2787 2910 bona:
2831 2858 3204 2913 retributionis
3232 2874 3398 2914 causa
3419 2859 3624 2915 exstitit
3654 2859 3779 2912 cele-

2219 2942 2396 3006 brata,
2419 2944 2738 3015 ‘imaginum'
2757 2946 3057 3002 adorationi
3081 2950 3362 3026 congruit,
3391 2965 3512 3018 quae
3538 2963 3700 3017 neque
3729 2961 3779 3008 se

2220 3034 2587 3098 adorantibus,
2641 3050 2814 3105 neque
2835 3038 3476 3109 adorarespernentibus,
3517 3045 3776 3114 quamdam

2217 3136 2316 3192 pro
2334 3122 2588 3192 qualitate
2601 3123 2908 3180 meritorum
2919 3137 3142 3195 possunt
3157 3127 3354 3185 inferre
3375 3132 3778 3188 retributionem.

2851 3237 3078 3296 CAPUT
3117 3242 3231 3298 XV.

2231 3346 2402 3413 Quam
2455 3349 2679 3429 absurde
2701 3360 2864 3429 agant
2893 3353 2982 3429 qni
3028 3353 3099 3406 ad
3118 3354 3524 3429 _con[irntandas
3551 3359 3776 3429 imagines

2297 3418 2586 3498 egetnpium
2614 3418 2804 3498 divina:
2845 3418 2980 3498 ιεορἑε⁸
3007 3418 3277 3498 proferunt
3324 3427 3569 3494 dicentes,
3623 3418 3776 3498 propi-

2308 3488 2583 3541 tiatnrium
2645 3498 2700 3543 et
2742 3488 3213 3546 duns'eherubim
3265 3511 3464 3551 aureos
3527 3488 3578 3553 et
3619 3488 3774 3551 arcam

2313 3559 2621 3612 testamenti
2663 3561 3005 3629 praecipiente
3051 3562 3279 3618 Domino
3306 3564 3527 3637 Moysen
3587 3565 3771 3623 fecisse.

2300 3668 2516 3723 Fecisse
2577 3677 2796 3723 sanctus
2843 3669 3084 3740 Moyses,
3146 3674 3498 3744 praecipiente
3553 3678 3769 3737 Domino.

2231 3758 2662 3828 propitiatorium
2699 3767 2753 3812 et
2776 3775 2958 3814 arcam
2990 3765 3316 3828 testamenti,
3364 3777 3419 3821 et
3450 3768 3580 3822 duos
3610 3768 3774 3822 cheru-

2230 3847 2340 3902 bim
2368 3862 2583 3913 aureos,
2621 3863 2720 3903 nec
2747 3864 2854 3904 non
2905 3859 2960 3905 et
2999 3851 3265 3908 excidisse
3320 3857 3530 3912 tabulas
3569 3857 3773 3926 lapideas

2232 3938 2456 4009 legitur;
2508 3953 2615 3994 non
2641 3940 3069 3998 tamenadorare
3085 3942 3335 4012 iussisse,
3370 3964 3468 4003 nec
3490 3963 3551 4003 ea
3571 3949 3635 4002 ob
3660 3963 3771 4017 pra--

2235 4032 2922 4112 teritarum.quarumdam
2977 4051 3159 4090 rerum
3211 4042 3560 4106 memoriam,
3600 4041 3682 4096 sed
3714 4042 3772 4093 ob

2235 4125 2534 4180 futurorum
2557 4129 2934 4198 mysteriorum
2961 4129 3380 4187 sacratissimam
3422 4133 3772 4204 praetiguratim

2234 4233 2355 4272 nem
2387 4218 2624 4272 creditur
2649 4217 2974 4274 condidisse.
3003 4231 3027 4260 α
3046 4218 3174 4286 Quae
3201 4221 3328 4276 dum
3354 4223 3426 4278 ita
3473 4239 3530 4279 se
3551 4224 3768 4279 habeant.

2233 4317 2446 4376 quanta:
2491 4308 2600 4362 sint
2635 4307 3005 4373 absurditatis,
3038 4318 3254 4378 quantae
3289 4309 3568 4367 dementiae
3609 4309 3675 4364 illi
3697 4306 3769 4376 qui

2237 4401 2320 4455 bis
2362 4400 2744 4454 sacratissimis
2793 4407 2848 4452 et
2881 4416 3092 4455 summo
3136 4402 3340 4458 honore
3391 4404 3562 4472 dignis
3615 4402 3768 4458 rebus.

555 4494 691 4556 haec,
735 4489 879 4558 quod
906 4489 1047 4544 idem
1089 4497 1308 4543 sanctus
1334 4489 1417 4543 vir
1455 4488 1789 4542 Pharaonem
1839 4487 2130 4552 benedixit,
2167 4493 2579 4588 Dpraecipiente
2600 4492 2845 4558 Domino,
2906 4509 2936 4547 a
2981 4493 3287 4563 legislatore
3338 4496 3582 4560 conditis,
3610 4490 3769 4559 imagi-

560 4598 670 4637 non
721 4579 790 4633 ad
835 4579 1080 4632 eamdem
1139 4578 1568 4633 benedictionem
1617 4578 1888 4646 pertinere
1943 4586 2134 4648 putant

557 4687 722 4743 quam
743 4671 918 4725 solent
936 4671 1254 4750 plerumque
1274 4672 1488 4727 exsules
1507 4672 1738 4737 civibus,
1771 4673 1970 4728 subditi
1997 4689 2135 4743 prae-

561 4765 703 4828 latis,
738 4763 1086 4832 pauperiores
1133 4762 1436 4829 ditioribus,
1458 4771 1514 4818 et
1569 4779 1732 4835 quam
1772 4764 2005 4820 maxime
2045 4780 2134 4820 se-

562 4872 676 4920 nes,
718 4856 807 4925 qui
833 4855 936 4911 sibi
990 4855 1237 4925 quaedam
1285 4857 1566 4910 commoda
1615 4857 1932 4925 impendunt
1980 4858 2134 4912 exhi-

562 4953 708 5016 bere,
744 4950 838 5004 sed
867 4950 935 5004 ad
970 4949 1151 5003 nescio
1202 4963 1363 5018 quam
1405 4949 1804 5004 adorandarum
1843 4948 2136 5018 imaginum

561 5044 848 5113 picturam,
890 5057 1010 5112 quae
1046 5043 1301 5097 nimirum
1351 5051 1503 5098 tanto
1555 5043 1760 5107 inutilis
1782 5052 1883 5108 est,
1937 5051 2138 5112 quanto

565 5135 743 5189 minus
781 5149 894 5189 sua:
953 5133 1203 5189 utilitatis
1270 5133 1571 5190 eﬂicaciam
1641 5142 1828 5204 potest
1871 5133 2139 5204 loquendo

563 5209 796 5280 edicere.
846 5224 1010 5278 Aiunt
1046 5225 1209 5288 enim,
1253 5225 1526 5280 Benedixit
1565 5227 1730 5280 Iacob
1781 5226 2136 5298 Pharaonem,

566 5315 661 5370 sed
693 5330 797 5370 non
825 5324 883 5368 ut
912 5315 1079 5370 Deum
1091 5316 1382 5381 benedixit;
1410 5317 1693 5371 adoramus
1710 5332 1807 5371 nos
1830 5317 2138 5387 imaginem,

567 5404 660 5459 sed
693 5419 798 5458 non
824 5412 881 5458 ut
907 5405 1072 5460 Deum
1101 5405 1408 5460 adoramus.
1431 5405 1478 5460 0
1504 5407 1885 5462 inconveniens
1925 5422 2141 5476 compa-

641 5571 666 5598 ι
699 5559 828 5624 Quae
860 5561 984 5614 dum
1015 5563 1090 5633 ita
1119 5579 1173 5616 se
1201 5563 1444 5633 habeant,
1474 5571 1684 5633 quantae
1709 5565 1811 5618 sint
1841 5565 2141 5619 absurdita-

570 5628 655 5704 tis,
680 5640 984 5700 quantque
1013 5631 1285 5704 dementia:
1309 5632 1386 5685 illi
1402 5628 1554 5704 ,7qiti,
1573 5632 1770 5704 _etc.ln
1801 5634 2032 5704 vulgatis
2064 5635 2140 5690 le-

572 5697 714 5766 gitur
727 5714 748 5770 _:
775 5697 1093 5770 aquantum
1133 5703 1206 5755 ita
1245 5702 1351 5755 sint
1391 5697 1759 5757 absurditatis.
1801 5724 1818 5755 ι
1881 5697 2137 5770 Pessime,

572 5764 624 5820 et
658 5764 868 5822 refellit'
889 5768 1037 5824 locus
1068 5771 1314 5840 geminus
1347 5771 1509 5840 inira,
1539 5787 1588 5829 c.
1612 5773 1679 5826 Π
1713 5790 1726 5825 :
1763 5792 1782 5825 ε
1813 5773 2036 5838 Quanta:
2069 5764 2141 5831 sit

2237 4601 2334 4641 nes
2362 4587 2696 4657 aequiparare
2729 4594 3005 4652 conantes,
3068 4587 3279 4640 illarum
3324 4589 3675 4644 adorationem
3703 4582 3771 4635 his

2233 4677 2495 4746 exemplis
2531 4676 2774 4731 stabilire
2802 4675 3112 4740 moliuntur,
3137 4690 3237 4731 nec
3276 4677 3450 4733 ferrea
3493 4693 3588 4732 vox
3627 4671 3772 4741 expli-

2233 4782 2378 4831 care,
2408 4780 2507 4821 nec
2544 4765 2717 4820 nostri
2740 4780 2930 4820 sensus
2957 4765 3285 4823 existimatio
3346 4771 3536 4838 poterit
3583 4765 3771 4832 indaga-

2235 4872 2314 4921 re,
2344 4856 2646 4926 praesertim
2703 4871 2826 4910 eum
2876 4856 2964 4910 illa
3019 4858 3504 4914 sacratissimorum
3549 4848 3767 4912 sensuum

2215 4947 2531 5002 exuberent
2579 4947 2812 5011 arcanis,
2863 4946 2978 5001 haec
3021 4961 3211 5014 parum
3257 4950 3504 5004 utilitatis
3544 4949 3762 5017 habeant.

2236 5046 2459 5106 excepta
2483 5037 2854 5093 recordatione
2880 5038 2956 5091 rei
2993 5037 3146 5106 cujus
3180 5049 3322 5094 sunt.
3347 5041 3480 5096 Cum
3503 5055 3625 5110 ergo
3661 5050 3763 5092 arra

2239 5130 2544 5186 testamenti
2583 5131 2794 5185 Domini
2819 5129 2885 5184 de
2919 5129 3076 5201 lignis
3101 5130 3352 5196 Selthim,
3372 5133 3584 5202 jnbente
3616 5128 3764 5185 Domi-

2238 5239 2327 5287 no,
2353 5238 2448 5292 per
2469 5223 2829 5293 legislatorem
2864 5222 3079 5277 condita
3107 5231 3165 5278 et
3201 5224 3443 5279 inaurata
3469 5225 3552 5288 sit,
3608 5231 3656 5276 et
3699 5221 3788 5286 in-_

2239 5323 2448 5368 trorsns
2487 5313 2682 5368 habeat
2713 5312 2924 5367 tabulas
2967 5313 3318 5369 nihilominus
3345 5315 3369 5368 ί
3383 5315 3551 5370 ιιίθτὶε
3573 5320 3621 5366 et
3644 5325 3762 5366 man-

2239 5420 2306 5458 na
2389 5405 2502 5459 sive
2551 5404 2759 5473 virgam
2799 5402 3014 5469 Aaron,
3073 5406 3499 5475 pmpitiatot'ium
3544 5419 3659 5459 vero
3702 5399 3759 5453 sit

2239 5560 2602 5644 absurditatis,
2617 5549 2944 5646 quantaeque
2963 5559 3265 5646 dementiae,
3283 5575 3414 5646 pene
3437 5557 3758 5646 inﬁnitum“?!

2239 5632 2510 5703 persequi.
2545 5651 2563 5684 θ
2617 5631 2685 5687 Ει
2713 5633 2806 5687 lib.
2835 5647 2900 5695 tt,
2928 5645 3046 5703 cap.
3070 5631 3168 5703 ult.
3198 5649 3212 5684 :
3247 5650 3265 5682 ι
3300 5631 3514 5696 Quanta:
3539 5631 3601 5703 sit
3635 5634 3757 5703 arro-

2239 5697 2434 5772 gantiae
2461 5711 2782 5773 quantaeque
2809 5697 3128 5757 temeritatis
3166 5711 3412 5770 parentes
3452 5697 3755 5752 anathemati—

2242 5788 2384 5827 ZJI'C.
2413 5792 2433 5825 1
