4070 6186
417 345 553 403 105⁵1

845 401 869 429 ρ

1198 348 1375 404 LIBRI
1413 344 1757 406 CAROLINI.
1800 354 1866 390 —'—
1905 344 2126 406 CAPIT.
2167 347 2260 406 DE
2300 347 2490 408 lMAC.
2531 382 2597 391 -
2632 352 2766 406 LIB.
2805 349 2849 404 1.

3535 352 3671 408 1058

409 473 635 512 aureum
672 457 725 510 in
751 457 966 511 modum
1016 460 1228 526 tabulas,
1278 463 1420 530 quod
1441 463 1984 531 superimponebalur
2011 471 2056 526 Α
2087 475 2168 520 est
2203 466 2436 522 Verbum
2469 466 2663 530 Patris,
2699 483 2791 538 per
2807 482 2958 536 quem
2980 468 3262 537 factasunt
3284 469 3458 524 omnia
3487 469 3668 540 (Joan.

414 561 574 611 arcae,
632 543 981 615 ejusdemque
1002 547 1351 618 longitudinis
1371 561 1426 604 et
1456 552 1777 614 latitudinis,
1809 562 1994 607 tanta:-

405 650 520 703 qne
557 634 744 688 formae
781 635 897 689 ﬁeri
924 637 992 690 sit
1010 635 1242 705 iussum,
1305 656 1410 710 qua
1441 651 1494 695 et
1520 658 1668 706 arca,
1715 651 1773 696 ut
1806 643 1992 698 eodem

404 727 787 795 propitiatorio
835 741 958 781 arca
989 738 1280 798 tegeretur,
1313 741 1368 785 et
1404 733 1510 787 duo
1555 733 1837 787 cherubim
1899 749 1995 787 an-

414 818 488 870 rei
517 814 743 870 ductiles
767 830 929 884 super
955 817 1127 884 ipsmn
1159 820 1585 887 propitiatorium
1608 830 1809 886 essent,
1868 823 1995 878 hinc

412 914 573 975 alque
619 907 746 961 inde
794 907 1112 962 alterutrum
1167 912 1536 976 attendentes,
1587 913 1660 967 ita
1708 924 1768 968 ut
1817 915 1994 969 vultus

400 1007 598 1048 eorum
647 995 702 1048 in
768 996 1209 1064 propitiatorium
1267 1008 1482 1064 essent,
1533 1009 1590 1055 et
1639 1001 1821 1070 pinnis
1870 1005 1985 1058 suis

400 1087 1278 1156 chumbrarentpropitiatoriom,
1335 1099 1389 1143 et
1413 1091 1538 1145 inde
1564 1092 1706 1146 Deus
1747 1092 1994 1162 loquere-

407 1191 502 1230 tur
528 1177 598 1230 ad
651 1176 892 1246 Moysen,
940 1178 1005 1232 de
1049 1179 1425 1247 propitiatorio
1466 1180 1714 1236 videlicet
1767 1183 1881 1238 sive
1925 1185 1992 1238 de

405 1267 587 1322 medio
611 1267 912 1332 cherubim,
961 1269 1084 1337 quis
1135 1277 1248 1322 tam
1289 1269 1454 1324 hebes
1496 1277 1716 1340 tamque
1762 1281 1846 1327 est
1895 1274 1991 1328 de-

405 1371 586 1421 mens,
624 1365 684 1412 ut
728 1373 835 1412 non
878 1358 1050 1413 solum
1098 1359 1488 1426 habendarum,
1553 1363 1648 1418 sed
1685 1363 1848 1418 etiam
1891 1363 1989 1435 ad_-

405 1446 742 1502 mandaram
795 1448 1092 1519 imaginum
1147 1449 1629 1508 insolentissimum
1669 1469 1848 1520 usum,
1897 1456 1993 1510 ho-

404 1550 531 1595 rum
577 1547 686 1594 tam
711 1540 1034 1595 terribilium
1087 1550 1308 1611 tamque
1358 1543 1650 1615 insignium
1706 1548 1995 1618 mysterio-

405 1645 531 1684 rum
591 1631 994 1700 comparatione
1061 1642 1290 1688 conetur
1336 1637 1618 1691 astruere?
1679 1635 1984 1692 Nam.dum

402 1716 528 1773 istae
567 1720 702 1775 nihil
734 1720 880 1776 aliud
919 1721 1168 1786 innnant,
1214 1723 1325 1778 nisi
1368 1724 1637 1779 interdum
1664 1739 1846 1782 rerum
1872 1742 1994 1797 ges-

2094 555 2167 626 i);
2210 565 2416 612 etcum
2463 557 2534 611 sit
2565 559 2722 612 unius
2767 573 2890 612 cum
2941 558 3102 613 Patre
3143 559 3480 622 substantiae,
3531 560 3669 616 sicut

2089 649 2208 718 ipse
2249 649 2305 702 in
2345 649 2634 718 Evangelia
2669 650 2760 712 ait,
2802 648 2916 721 Ego
2978 660 3024 704 et
3079 649 3243 704 Pater
3282 668 3445 705 unum
3488 669 3668 706 sumus

2095 740 2276 808 (Joan.
2323 741 2401 812 ι),
2433 741 2548 796 sive
2575 749 2633 794 ut
2663 740 2912 810 Philippo
2938 741 3033 804 ait,
3085 740 3188 806 Qui
3211 743 3345 797 ridet
3386 760 3484 806 me,
3533 743 3668 796 videt
3761 758 3772 767 '

2093 841 2141 883 et
2191 830 2404 883 Putrem
2455 830 2637 901 (Joan.
2683 831 2820 902 xw),
2873 831 2966 886 Dei
3014 831 3190 887 Patris
3244 833 3298 887 in
3343 848 3408 888 eo
3457 848 3671 902 semper

2093 920 2158 974 de
2185 920 2360 975 medio
2381 920 2608 974 duorum
2641 920 3108 975 Testamentorum
3146 935 3246 975 vox
3282 921 3534 976 auditur:
3573 923 3668 978 Se-

2091 1010 2323 1064 cundum
2361 1010 2646 1080 plerosque
2704 1025 2832 1065 vero
2872 1012 3066 1066 divinae
3110 1011 3242 1082 legis
3277 1012 3528 1069 doctores
3574 1015 3665 1084 qui

2092 1101 2207 1154 tunc
2233 1100 2509 1156 moraliter
2529 1109 2781 1166 tractant,
2811 1119 3000 1155 aurum
3029 1103 3346 1172 sapientiam
3377 1106 3666 1174 signiﬁcat,

2092 1207 2216 1244 arca
2263 1203 2534 1246 secretum
2564 1193 2677 1246 Dei.
2710 1193 2766 1246 ln
2813 1208 2940 1247 arca
2982 1193 3133 1262 jussa
3179 1203 3304 1249 sunt
3334 1197 3462 1265 poni
3492 1197 3578 1250 lex
3614 1206 3668 1252 et

2091 1297 2288 1336 manna
2311 1292 2365 1337 et
2410 1285 2560 1353 virga
2585 1283 2786 1338 Aaron.
2838 1284 2943 1339 Per
2981 1286 3177 1355 uirgam
3231 1295 3471 1355 potestas
3501 1289 3668 1359 signi-

2092 1376 2302 1439 ficatur,
2353 1391 2450 1444 per
2487 1393 2681 1429 manna
2729 1377 2924 1445 gratia,
2992 1377 3120 1445 quia
3173 1379 3278 1432 nisi
3323 1395 3443 1434 cum
3493 1383 3666 1449 gratia

2092 1483 2198 1522 non
2257 1475 2339 1521 est
2383 1474 2624 1535 potestas
2672 1475 2938 1537 przecepta
2982 1467 3232 1523 faciendi.
3287 1471 3666 1528 Verumtamen

2093 1557 2217 1627 quia
2241 1555 2328 1610 lex
2363 1571 2396 1609 a
2455 1556 2647 1625 quovis
2687 1556 3007 1625 proliciente
3059 1573 3167 1612 non
3219 1572 3286 1613 ex
3331 1560 3480 1614 omni
3518 1571 3669 1630 parto

2091 1647 2416 1716 completur,
2444 1647 2988 1718 propitiatorium-est
3015 1649 3245 1719 desuper
3272 1666 3286 1703 :
3312 1651 3378 1705 ad
3404 1653 3508 1707 hoc
3527 1654 3669 1708 cnim

2095 1753 2233 1808 opus
2261 1747 2364 1804 est,
2418 1749 2478 1794 ut
2525 1740 2790 1809 propitius
2832 1740 2903 1794 sit
2950 1739 3122 1805 Deus;
3171 1749 3226 1795 et
3269 1741 3392 1796 ideo
3441 1743 3672 1812 desuper

411 1818 586 1864 tarum
617 1811 884 1876 ordinent,
929 1811 1198 1867 interdum
1221 1829 1328 1868 non
1377 1823 1674 1885 gestarum,
1717 1817 1811 1871 sed
1843 1817 1990 1872 ficta—

2088 1803 2329 1899 ponitur,
2357 1831 2485 1899 quia
2511 1803 2875 1900 supcrexaltat
2902 1803 3272 1884 misericordia
3304 1828 3527 1898 iudicio.
3556 1803 3671 1888 Duo

403 1912 528 1954 rum
552 1901 880 1955 mentiantur
907 1916 1147 1957 errorem
1175 1941 1193 1968 ,
1239 1903 1328 1958 illa
1354 1919 1484 1958 vero
1526 1920 1741 1975 semper
1787 1909 1992 1963 sanctis

399 1999 464 2044 et
491 1991 874 2047 excellentibus
897 1993 1108 2048 radiant
1135 1995 1410 2065 mysteriis
1445 2004 1501 2051 et
1549 1998 1772 2053 rutilant
1809 2015 1992 2054 sacra-

404 2084 626 2138 mentis.
683 2083 824 2139 Arca
858 2100 1092 2156 namque
1133 2085 1352 2142 ftederis
1381 2088 1677 2144 secundum
1728 2093 1990 2160 quosdam

405 2173 699 2230 Dominum
745 2175 1166 2232 eLSalvalorem
1194 2188 1461 2243 nostrum,
1504 2179 1558 2233 in
1591 2196 1699 2250 quo
1737 2181 1853 2237 solo
1892 2181 1994 2238 fu)-

409 2265 510 2320 dus
574 2265 726 2334 pacis
783 2267 926 2336 apud
981 2267 1200 2322 Patrem
1249 2269 1530 2334 habemus,
1583 2271 1846 2341 designat,
1891 2273 1985 2341 qui

399 2364 530 2423 post
556 2357 1010 2436 resurrectionem
1043 2373 1199 2412 suam
1242 2360 1544 2414 ascendens
1569 2359 1622 2414 in
1647 2361 1844 2417 coelum
1873 2379 1991 2418 car-

399 2459 532 2502 nem
587 2461 750 2518 quam
791 2459 1157 2520 assumpscrat
1185 2466 1250 2506 es
1288 2451 1514 2522 virgine,
1541 2453 1595 2508 in
1639 2453 1816 2508 Patris
1849 2454 1990 2509 dex-

400 2546 527 2594 tera
597 2539 904 2594 collocavit.
951 2540 1018 2593 In:
1065 2555 1172 2608 quo
1221 2549 1351 2596 sunt
1397 2542 1514 2598 duae
1574 2543 1769 2602 tabula:
1829 2544 1987 2615 legis,

406 2627 513 2684 duo
560 2627 814 2688 videlicet
841 2629 1220 2695 Testamenta;
1267 2633 1321 2685 in
1346 2648 1452 2702 quo
1477 2641 1561 2688 est
1602 2634 1750 2704 virga
1785 2633 1985 2700 Aaron,

394 2734 525 2788 quae
569 2717 886 2774 fronduerat
913 2719 984 2783 ei,
1031 2721 1158 2790 quia
1201 2721 1314 2792 ipse
1342 2731 1427 2778 est
1448 2739 1548 2778 rex
1577 2733 1640 2778 et
1692 2717 1986 2780 sacerdos:

405 2826 522 2869 rex,
570 2810 696 2879 quia
724 2811 791 2865 de
818 2825 886 2864 eo
929 2815 1191 2880 scriptum
1219 2820 1338 2866 est:
1375 2811 1589 2884 Virgam
1628 2815 1835 2870 virtutis
1878 2832 1990 2871 sate

393 2900 600 2954 emittet
647 2898 902 2955 Dominus
948 2916 1014 2954 ex
1071 2900 1224 2966 Sion,
1255 2911 1304 2956 et
1341 2903 1702 2958 dominabitur
1725 2906 1781 2959 in
1807 2905 1990 2960 medio

394 3013 733 3066 inimicorum
775 3029 991 3067 suorum
1023 3012 1194 3084 (Psal.
1217 3013 1327 3085 cx);
1380 3015 1634 3071 sacerdos
1663 3030 1807 3080 vero,
1863 3015 1989 3085 quia

404 3104 472 3159 de
515 3119 581 3158 eo
621 3105 880 3173 scriplum
927 3112 1010 3160 est
1052 3121 1066 3158 :
1125 3103 1202 3158 Tu
1247 3122 1301 3159 es
1345 3106 1591 3164 sacerdos
1628 3107 1684 3160 in
1733 3117 1984 3161 a’ternunt

393 3194 687 3248 secundum
714 3194 949 3248 ordinem
978 3193 1354 3249 Melchisedech
1379 3195 1552 3265 (Psal.
1582 3213 1651 3252 cx
1676 3207 1723 3252 et
1752 3195 1982 3266 Heb.v);

401 3284 459 3338 in
500 3300 608 3354 quo
655 3295 739 3339 est
772 3299 990 3350 manna,
1032 3286 1270 3340 caelestis
1296 3286 1548 3342 videlicet
1601 3287 1785 3356 pabuli
1847 3290 1983 3345 edu—

398 3373 555 3436 lium,
589 3375 654 3429 de
710 3388 819 3442 quo
852 3373 1029 3429 edulio
1052 3373 1218 3429 David
1256 3375 1508 3444 egregius
1523 3378 1783 3445 propheta
1820 3379 1983 3434 dicit:

403 3468 608 3524 Panem
643 3467 706 3520 de
732 3466 860 3521 mlo
878 3468 1022 3521 dedit
1065 3469 1160 3532 eis,
1184 3485 1368 3538 partem
1413 3468 1715 3539 angelorum
1760 3473 1987 3526 mandu-

396 3561 540 3614 cavit
565 3559 718 3613 homo
751 3558 924 3628 (Psal.
952 3574 1156 3614 Lxxvm
1179 3567 1225 3613 et
1255 3557 1342 3623 iv,
1368 3551 1500 3613 Esd.
1550 3559 1620 3631 1);
1647 3562 1787 3615 sicut
1807 3571 1860 3617 et
1875 3566 1986 3632 ipse

405 3651 458 3704 in
483 3649 772 3718 Evangelio
800 3648 950 3712 dicit,
1002 3647 1116 3718 Ego
1143 3665 1259 3702 sum
1293 3648 1446 3718 panis
1464 3648 1605 3704 rivus
1631 3651 1717 3720 qui
1757 3651 1822 3705 de
1860 3652 1983 3706 caelo

399 3742 645 3796 descendi
698 3743 880 3812 (Joan.
909 3739 1006 3812 γι),
1039 3740 1136 3796 Cui
1188 3741 1621 3810 propitiatorium
1671 3745 1985 3814 superponi-

403 3843 511 3898 tur,
545 3835 670 3905 quia
722 3834 935 3890 scilicet
971 3832 1236 3902 legalibus
1278 3833 1390 3887 sive
1409 3833 1742 3903 evangelicis
1777 3849 1989 3904 ,prrece-

394 3929 528 3998 ptis,
548 3943 669 3997 qua:
697 3927 749 3980 in
773 3941 839 3981 eo
860 3925 1089 3981 laudata
1117 3931 1262 3989 sunt,
1289 3925 1651 3993 supereminet
1675 3926 1984 3981 misericor—

401 4017 487 4070 dia
513 4015 754 4084 ejusdem
796 4015 1131 4080 mediatoris,
1159 4030 1259 4084 per
1286 4030 1448 4084 quam
1477 4031 1581 4069 non
1613 4031 1677 4070 ex
1728 4017 1981 4086 operibus

393 4106 534 4178 legis
556 4125 675 4178 quae
704 4109 928 4164 fecimus
953 4125 1073 4173 nos,
1108 4121 1281 4178 neque
1307 4109 1571 4174 volentes,
1621 4126 1798 4180 neque
1843 4129 1978 4167 cur-

2090 1935 2220 1976 vero
2251 1920 2536 1975 cherubim
2578 1919 2758 1989 pinnis
2800 1919 2915 1974 suis
2977 1920 3302 1975 obumbrant
3353 1923 3668 1991 propitiato-

2090 2011 2250 2076 rium,
2287 2010 2338 2065 id
2366 2017 2468 2073 est,
2515 2011 2782 2064 honorant
2811 2009 3052 2074 vetando,
3095 2010 3346 2080 quoniam
3371 2011 3668 2070 ministeria

2093 2102 2192 2156 ista
2218 2109 2364 2168 sunt,
2405 2109 2460 2157 et
2486 2103 2716 2156 invicem
2751 2116 2810 2156 se
2851 2103 3155 2168 attendunt,
3183 2103 3308 2172 quia
3343 2112 3661 2159 consonant.

2091 2193 2206 2248 Duo
2247 2193 2442 2263 quippe
2493 2192 2568 2248 ibi
2613 2192 2960 2247 Testamenta
3021 2185 3341 2263 ﬁgurantur,
3377 2201 3433 2248 et
3490 2196 3668 2249 vultus

2091 2299 2280 2340 eorum
2314 2293 2439 2340 sunt
2472 2284 2526 2338 in
2567 2284 3018 2354 propitiatorium,
3074 2285 3201 2354 quia
3244 2285 3667 2342 misericordiam

2091 2375 2206 2440 Dei,
2255 2375 2309 2429 in
2352 2391 2456 2445 qua
2487 2390 2592 2429 una
2633 2390 2754 2444 spes
2777 2383 2881 2439 est,
2935 2374 3090 2429 valde
3141 2375 3540 2431 commendant.
3571 2376 3667 2432 De-

2089 2465 2252 2534 nique
2291 2464 2418 2520 hinc
2447 2479 2506 2520 se
2527 2464 2784 2534 promisit
2818 2465 3122 2520 locuturum
3160 2466 3300 2520 Deus
3329 2465 3396 2519 ad
3427 2466 3665 2537 Moysen,

2088 2544 2156 2607 de
2200 2553 2377 2608 medio
2418 2553 2717 2617 cherubim,
2762 2553 3042 2608 desursum
3076 2554 3455 2624 propitiatorii.
3499 2554 3667 2611 Porro

2090 2646 2134 2700 si
2171 2630 2418 2701 creatura
2455 2647 2733 2702 rationalis
2771 2647 2823 2700 in
2863 2647 3208 2702 multitudine
3243 2648 3501 2714 scientiae,
3533 2665 3667 2719 quo-

2089 2739 2234 2793 niam
2263 2740 2404 2794 hanc
2430 2740 2925 2809 interpretationem
2960 2741 3159 2795 habent
3188 2741 3484 2804 cherubim,
3539 2741 3668 2796 duo-

2089 2832 2192 2886 bus
2251 2830 2381 2901 ipsis
2399 2830 2718 2886 animalibus
2744 2831 3098 2902 significatur,
3135 2832 3254 2886 ideo
3291 2832 3398 2887 duo
3434 2841 3558 2886 sunt
3607 2842 3667 2887 ut

2090 2921 2402 2976 societatem
2451 2921 2731 2976 charitatis
2765 2921 3169 2988 commendent;
3201 2921 3320 2979 ideo
3352 2923 3532 2992 pinnis
3555 2924 3666 2978 suis

2089 3011 2524 3080 propitiatorium
2559 3011 2904 3074 obumbrant,
2936 3011 3060 3080 quia
3085 3012 3215 3076 Deo,
3264 3027 3371 3066 non
3405 3012 3530 3078 sibi,
3573 3014 3666 3068 tri-

2092 3103 2263 3157 buunt
2287 3103 2478 3173 pinnas
2511 3119 2658 3168 suas,
2693 3103 2747 3159 id
2773 3111 2858 3158 est
2888 3103 3060 3158 Deum
3086 3104 3353 3160 honorant
3382 3105 3668 3161 virtutibus

2089 3193 2285 3263 quibus
2307 3202 2586 3264 praestant.
2613 3195 2683 3248 Et
2719 3193 2897 3250 vultus
2925 3208 3114 3250 eorum
3141 3209 3251 3250 non
3299 3205 3426 3250 sunt
3462 3197 3567 3252 nisi
3613 3197 3668 3252 in

2089 3287 2538 3356 propitiatorium,
2563 3289 2687 3358 quia
2715 3290 3020 3359 cuicunque
3053 3288 3318 3359 profectui
3358 3291 3427 3345 ad
3482 3289 3666 3344 multi-

2091 3379 2328 3434 tudinem
2353 3380 2592 3435 scientize
2623 3395 2746 3450 spes
2779 3397 2884 3436 non
2910 3390 3012 3446 est,
3035 3381 3142 3436 nisi
3172 3382 3223 3435 in
3241 3381 3334 3436 Dei
3361 3381 3670 3437 misericor-

2086 3467 2196 3522 dia.
2230 3467 2364 3534 Quia
2409 3469 2576 3539 igitur
2609 3469 2804 3524 tabnlae
2843 3485 2942 3539 per
2994 3485 3128 3540 quas
3179 3470 3283 3525 duo
3320 3469 3664 3526 Testamenta

2086 3560 2379 3630 signiﬁcari
2409 3561 2658 3629 superius
2701 3561 2957 3626 diximus,
3003 3560 3152 3616 nullo
3178 3569 3387 3616 terrore
3443 3561 3661 3626 dantur,

2087 3651 2233 3706 nullo
2274 3652 2501 3720 strepitu
2546 3653 2770 3722 ignium,
2821 3653 2966 3707 nulla
3011 3654 3373 3708 commotione
3418 3655 3664 3720 nubium,

2086 3741 2232 3795 nullo
2263 3741 2467 3812 mugitu
2497 3743 2768 3809 tubarum,
2829 3743 2969 3797 sicut
3017 3741 3121 3796 illm
3164 3757 3284 3812 qua:
3319 3743 3471 3812 prius
3496 3760 3524 3797 a
3556 3744 3664 3798 Do-

2089 3831 2239 3885 mino
2258 3831 2396 3886 data:
2421 3841 2477 3886 et
2501 3848 2533 3886 a
2562 3831 2743 3902 Moyse
2783 3833 3126 3888 comminutae
3169 3833 3338 3889 fuisse
3389 3833 3661 3904 leguntur,

2085 3937 2205 3991 qum
2253 3923 2381 3976 ilum
2424 3923 2685 3977 darentur
2731 3922 2922 3993 Moysi,
2976 3938 3006 3977 a
3051 3923 3248 3993 populo
3291 3924 3494 3980 dictum
3545 3933 3663 3980 est:
3704 3933 3711 3939 '

2084 4013 2318 4084 Loquere
2369 4023 2424 4067 tu
2473 4014 2759 4078 nobiscum,
2801 4022 2848 4067 et
2877 4030 2978 4067 non
3008 4013 3255 4084 loquatur
3284 4014 3353 4068 ad
3381 4031 3478 4069 nos
3501 4014 3658 4076 Deus.

2079 4118 2147 4159 ne
2173 4105 2306 4174 forte
2343 4104 2633 4157 moriantur
2655 4102 2850 4174 (Exod.
2879 4103 2993 4175 xx),
3019 4104 3122 4160 hoc
3165 4105 3442 4159 evidenter
3487 4106 3666 4160 innui-

399 4207 606 4262 rentes,
666 4199 764 4269 sed
807 4197 922 4267 ejus
983 4199 1334 4254 miseratione
1390 4199 1698 4267 salvamur;
1752 4203 1818 4256 de
1873 4218 1981 4272 quo
2077 4202 2190 4259 tur,
2229 4194 2371 4263 quod
2390 4194 2598 4263 priores
2631 4201 2787 4249 vetus
2815 4195 3221 4250 Testamentum
3258 4196 3310 4251 ia
3341 4211 3446 4265 quo
3487 4205 3664 4251 terror

393 4289 565 4343 etiam
611 4305 743 4344 voce
770 4297 994 4359 paterna
1019 4290 1235 4352 dicitur,
1291 4287 1495 4344 Veritas
1534 4307 1650 4344 mea
1681 4301 1727 4345 et
1773 4294 1978 4347 miseri-

2088 4294 2221 4350 erat,
2243 4285 2682 4355 signiﬁcaverim,
2714 4285 3042 4355 posteriores
3065 4301 3195 4341 vero
3217 4301 3434 4351 novum,
3479 4287 3531 4340 in
3554 4301 3663 4356 quo

399 4379 580 4431 cordia
609 4395 723 4432 mea
749 4395 869 4433 cum
905 4381 1037 4448 ipso,
1080 4390 1126 4433 et
1149 4380 1202 4433 in
1250 4381 1457 4434 nomine
1503 4397 1616 4435 meo
1657 4381 1978 4436 excitabitur
2083 4377 2319 4432 dilectio.
2350 4376 2502 4443 Quod
2516 4391 2643 4431 vero
2663 4378 2872 4446 priores
2895 4391 3029 4445 opus
3049 4376 3143 4431 Dei
3166 4376 3385 4441 fuerint,
3411 4380 3660 4432 secundae

389 4483 559 4520 eorm:
578 4467 877 4539 ejus(Psal.
899 4469 1222 4539 Luittx);et
1241 4469 1330 4538 qui
1360 4485 1457 4540 per
1477 4472 1793 4541 prophetam
1819 4475 1978 4529 dicit:
2013 4481 2058 4540 ο
2085 4484 2220 4538 opus
2243 4467 2566 4532 hominis,et
2592 4468 2694 4522 illze
2721 4468 3040 4536 conscriptae
3063 4467 3230 4538 dig'to
3255 4467 3369 4532 Dei,
3387 4467 3503 4522 ista:
3528 4470 3662 4523 scri-

400 4555 818 4612 Hisericordiam
864 4560 975 4613 van
1025 4570 1072 4614 et
1123 4577 1227 4614 non
1271 4562 1594 4632 sacriﬁci-um
1643 4564 1807 4637 (οδε,
1848 4568 1925 4638 γι)
1959 4583 1975 4621 ε
2081 4567 2184 4629 pta:
2201 4559 2269 4614 ab
2285 4559 2500 4613 homine
2525 4566 2829 4622 narrentur,
2851 4559 2956 4613 hoc
2975 4559 3313 4627 apertissime
3335 4559 3659 4623 declaratur,

398 4656 456 4701 et
503 4649 588 4703 cui
651 4663 749 4718 per
794 4648 1138 4705 Psalmistam
1190 4652 1416 4718 dicitur,
1470 4652 1835 4710 Miserationes
1875 4667 1981 4711 tum
2081 4651 2222 4719 quod
2247 4650 2301 4704 in
2324 4650 2430 4705 illis
2452 4649 3342 4720 velusTestamenlum.utpraefati
3366 4667 3569 4714 sumus.
3595 4651 3665 4706 si-

401 4736 600 4803 multm,
642 4739 865 4792 Domine
891 4739 1062 4810 (Psal.
1100 4741 1290 4813 cxvin)
1329 4761 1340 4796 :
1378 4743 1469 4812 qui
1504 4746 1799 4799 secundum
1833 4746 1978 4815 Apo-

399 4830 593 4885 stolum
631 4832 929 4902 propitiatio
958 4842 1032 4886 est
1055 4851 1149 4904 pro
1180 4836 1404 4904 peccatis
1426 4837 1617 4891 nostris
1664 4835 1845 4908 (loan.
1889 4837 1974 4906 ιι).

399 4920 456 4974 1η
494 4925 602 4989 quo
628 4930 753 4975 sunt
779 4922 884 4976 duo
935 4923 1240 4989 cherubim,
1284 4925 1524 4981 scientia:
1559 4924 1648 4981 vid
1665 4928 1837 4983 :licct'
1870 4929 1982 4998 ple-

399 5009 605 5073 nitudo,
635 5024 753 5078 qum
784 5010 836 5064 in
861 5011 1069 5067 duobus
1097 5013 1476 5080 Testamentis,
1493 5015 1609 5083 ejus
1632 5017 1975 5085 revelaticne,

395 5109 699 5156 monstrata
749 5110 867 5166 est;
922 5103 1012 5172 qui
1045 5104 1280 5160 invicem
1313 5121 1373 5162 se
1403 5109 1706 5176 attendunt,
1741 5111 1865 5180 quia
1895 5111 1978 5166 lex

397 5199 454 5243 et
479 5191 817 5260 evangelium
863 5208 1113 5264 magnam
1150 5197 1292 5252 inter
1323 5215 1384 5255 se
1424 5203 1832 5258 consonantiam
1883 5204 1982 5259 lia-

399 5282 551 5348 bent,
583 5283 794 5339 dicente
840 5285 1085 5353 Domino,
1142 5289 1267 5344 Non
1296 5292 1407 5345 veni
1435 5291 1596 5363 legent
1634 5292 1848 5360 solvere,
1891 5296 1980 5349 sed

302 5445 306 5449 .
399 5371 687 5433 adimplere
715 5373 931 5442 (Matth.
962 5376 1040 5446 v).
1066 5376 1168 5444 Qui
1200 5379 1480 5436 cherubim
1506 5382 1626 5437 ideo
1654 5398 1840 5439 versos
1865 5383 1982 5439 vul-

398 5470 487 5516 tus
531 5463 733 5520 habent
755 5465 809 5520 in
838 5469 1292 5538 propitiatorium,
1320 5472 1448 5542 quia
1487 5473 1593 5529 duo
1633 5473 1979 5530 Testamenta

399 5565 549 5621 spem
597 5569 810 5625 semper
855 5556 910 5610 in
947 5557 1042 5611 Dei
1107 5559 1473 5618 misericordia
1529 5563 1827 5633 ponendam
1866 5581 1982 5620 oni-

402 5642 530 5698 nino
558 5648 956 5702 commendant.
992 5649 1231 5719 Desuper
1251 5666 1357 5724 quo
1379 5656 1773 5724 propitiatorio,
1804 5657 1857 5714 id
1877 5667 1977 5723 est,

401 5732 469 5788 de
493 5736 668 5793 medio
700 5738 978 5797 cherubim
1024 5739 1262 5810 loquitur
1298 5743 1458 5812 Deus,
1493 5748 1617 5816 quia
1650 5748 1789 5804 idem
1817 5747 1981 5806 Filius

2083 4736 2393 4812 gnificatu'm
2428 4749 2542 4805 est,
2571 4741 2698 4810 quia
2748 4742 2890 4795 Deus
2928 4741 3000 4796 ibi
3048 4741 3333 4812 praecepit,
3374 4743 3474 4796 sed
3499 4741 3664 4797 homo

2083 4850 2190 4890 non
2217 4833 2363 4890 fecit.
2388 4834 2496 4889 Lex
2528 4836 2670 4891 enim
2690 4836 2866 4905 posita
2896 4843 2978 4891 est
3003 4836 3058 4890 in
3094 4836 3259 4891 veteri
3291 4835 3659 4900 Testamento,

2082 4940 2202 4995 qua:
2234 4925 2579 4981 convinceret
2617 4933 3082 4994 transgressores:
3127 4925 3270 4980 unde
3311 4933 3369 4979 et
3412 4926 3661 4996 egregius

2081 5017 2406 5086 praedicator
2459 5017 2552 5081 ait,
2609 5016 2716 5070 Lea:
2745 5026 2919 5070 autem
2949 5017 3279 5080 subintravit,
3317 5025 3372 5070 ut
3419 5016 3661 5070 abunda-

2084 5117 2160 5161 ret
2186 5117 2452 5178 peccatum
2471 5106 2648 5179 (Rom.
2673 5106 2749 5178 v).
2784 5107 2898 5162 Non
2926 5109 3068 5162 enim
3102 5107 3423 5178 implebatur
3443 5107 3656 5173 timore,

2084 5212 2204 5266 qua:
2264 5213 2371 5252 non
2417 5198 2672 5268 impletur
2714 5183 2818 5253 nisi
2865 5199 3170 5254 charitate:
3215 5207 3270 5254 et
3293 5200 3413 5255 ideo
3463 5199 3662 5254 dicitur

2083 5305 2218 5359 opus
2267 5291 2380 5355 Dei,
2435 5292 2560 5360 quia
2595 5293 2736 5346 Deus
2784 5292 2953 5362 legem
2993 5291 3293 5356 constituit,
3341 5291 3483 5347 Deus
3531 5305 3660 5346 con-

2083 5382 2296 5451 scripsit
2316 5400 2330 5450 ;
2356 5383 2558 5439 nullum
2571 5397 2706 5454 opus
2717 5385 2969 5450 hominis,
2989 5384 3115 5454 quia
3129 5385 3291 5439 homo
3302 5383 3415 5440 Deo
3431 5397 3540 5439 non
3558 5383 3656 5438 ob-

2085 5476 2423 5546 temperavit,
2455 5484 2511 5533 et
2526 5491 2651 5533 eum
2679 5478 2858 5547 potius
2878 5492 3030 5532 reum
3051 5477 3136 5532 lex
3153 5475 3298 5532 fecit.
3321 5477 3379 5532 In
3409 5477 3662 5532 secundis

2083 5576 2265 5623 autem
2325 5567 2522 5624 tabulis
2570 5569 2731 5624 homo
2769 5583 2866 5638 per
2924 5567 3250 5637 adjutorium
3296 5567 3392 5624 Dei
3449 5567 3659 5622 tabulas

2084 5655 2216 5712 facit
2237 5665 2400 5728 atque
2425 5658 2738 5724 conscribit,
2765 5659 2892 5728 quia
2915 5659 3039 5713 novi
3063 5658 3395 5714 Testamenti
3425 5656 3665 5713 Charitas

2086 5749 2258 5823 legem
2287 5749 2434 5807 facit.
2476 5750 2626 5808 Unde
2655 5753 2917 5809 mediator
2959 5752 3052 5807 Dei
3086 5760 3139 5808 et
3173 5752 3448 5808 hominum
3489 5751 3662 5820 legem
