4070 6186
475 337 614 398 1039

1353 335 1411 391 Β.
1448 335 1699 391 CAROLI
1737 336 1951 396 MAle
1989 338 2141 394 OPP.
2185 339 2363 395 PARS
2398 340 2460 396 11.
2502 340 2746 397 SECTIO
2783 342 2842 397 ll.

3609 349 3735 407 1040

466 463 576 502 ιιοιι
644 446 872 510 solvere,
926 447 1020 501 sed
1052 445 1346 516 adimplere
1371 448 1536 501 venit.
1577 447 1718 502 Dicit
1767 455 1947 501 autem
1997 455 2052 502 et
2081 454 2122 511 Α
2155 445 2369 502 Domini
2405 447 2678 514 lucidum,
2735 453 2812 505 ait
2869 451 3150 521 propheta,
3207 452 3524 509 illuminari:
3568 458 3737 511 oculos

469 539 629 608 idem.
649 537 902 608 egregius
950 537 1290 608 praedicator,
1350 537 1633 592 Plenitudo
1659 537 1786 607 legis
1815 539 2051 591 charilas

467 639 514 684 rt
540 628 672 698 fides
699 644 816 699 qua:
855 645 949 699 per
980 627 1310 682 dilectionem
1354 639 1601 698 operatur
1659 628 1840 701 (Rom.
1899 633 2046 694 xm).

471 719 691 774 Factum
725 728 810 776 est
841 720 1021 789 itaque
1041 719 1246 775 homini
1273 718 1430 774 facile
1462 720 1516 774 in
1544 736 1682 776 novo
1709 720 2055 775 Testamento

467 812 612 880 quod
643 811 696 864 in
735 812 899 865 veteri
935 811 1148 866 diliicile
1176 809 1296 877 fuit,
1339 811 1560 865 habenti
1609 811 1766 866 fidem
1789 826 1910 880 qua:
1956 824 2056 880 per

467 903 808 959 dilectionem
853 914 1144 973 operatur;
1200 915 1366 974 atque
1413 905 1504 958 illo
1553 905 1721 975 digito
1770 905 1889 969 Dei,
1948 904 2055 959 hoc

468 1006 553 1051 est
586 995 791 1066 Spiritu
847 997 962 1061 Dei,
1025 996 1170 1051 intus
1196 1011 1316 1050 eam
1341 995 1394 1049 in
1428 996 1591 1050 corde
1635 995 1924 1060 scribente,
1947 1009 2058 1048 non

468 1086 602 1146 foris
627 1089 682 1143 in
705 1089 898 1159 lapide.
937 1089 1088 1145 Unde
1121 1089 1255 1144 dicit
1287 1087 1598 1158 Apostolus,
1624 1087 1747 1142 Non
1768 1089 1823 1140 in
1863 1087 2058 1140 tabulis

469 1180 712 1251 lapideis,
739 1180 830 1235 sed
854 1181 910 1234 in
930 1179 1122 1235 tabulis
1152 1180 1330 1234 cordis
1349 1178 1650 1233 carnalibus
1687 1177 1773 1249 (II
1797 1177 1920 1232 Cor.
1949 1176 2055 1248 ιιι),

470 1271 724 1340 quoniam
751 1271 990 1325 charitas
1016 1270 1114 1325 Dei
1147 1286 1251 1339 qua
1275 1270 1540 1325 veraciter
1567 1269 1820 1339 impletur
1855 1284 2062 1338 praece-

467 1369 638 1429 ptum,
667 1359 860 1415 dili‘usa
894 1368 978 1414 est
1018 1360 1072 1413 in
1124 1359 1377 1414 cordibus
1409 1359 1610 1413 nostris
1648 1373 1747 1427 per
1794 1357 2055 1427 Spiritum

469 1461 742 1516 sanctum,
774 1451 865 1522 qui
906 1452 1066 1506 datus
1103 1460 1186 1506 est
1228 1451 1406 1505 nobis.
1435 1451 1550 1505 Hoc
1597 1459 1680 1505 est
1737 1465 1868 1519 ergo
1913 1450 2058 1519 quod

473 1545 654 1612 primo
682 1543 808 1596 data
833 1551 915 1596 est
940 1542 1045 1606 lex,
1087 1542 1179 1596 ubi
1203 1541 1542 1613 signiﬁcatur
1559 1549 1716 1596 vetus
1743 1541 2062 1596 Testamen-

473 1642 605 1693 tum,
642 1630 785 1699 quod
817 1638 899 1685 est
935 1645 1073 1699 opus
1113 1627 1484 1684 tantummodo
1531 1628 1625 1682 Dei
1648 1636 1706 1683 et
1733 1629 2058 1698 conscriptio

472 1719 627 1788 digiti
663 1718 780 1783 Dei,
826 1719 970 1787 quod
993 1717 1283 1786 Apostolus
1307 1717 1458 1783 dicit,
1505 1715 1689 1788 Itaque
1723 1717 1808 1772 lex
1849 1718 2058 1788 quidem

2153 539 2378 608 (Psalm.
2426 541 2572 611 xix);
2629 551 2791 611 atque
2840 544 3014 606 idem,
3063 543 3303 599 Lucerna
3345 546 3570 614 pedibus
3617 551 3738 602 lueis

2152 629 2359 682 verbum
2385 639 2552 694 tuum,
2578 629 2818 694 Domine,
2848 643 2894 686 et
2926 632 3102 687 lum~n
3127 635 3328 688 sentitis
3353 635 3487 689 meis
3519 634 3736 708 (Psalm.

2153 719 2320 788 cxnx).
2357 718 2432 773 De
2459 719 2560 774 hac
2589 719 2769 790 itaque
2794 737 2895 790 per
2933 725 3221 790 quemdam
3269 725 3574 794 sapientem
3617 728 3741 782 dici-

2155 814 2244 860 tur
2281 825 2293 860 :
2325 807 2561 862 Lucerna
2591 821 2665 864 est
2701 812 3011 866 mandatum
3042 813 3190 883 legis,
3213 825 3261 868 et
3290 815 3382 869 lua:
3420 816 3565 880 vitae,
3595 827 3642 870 et
3669 819 3742 872 in-

2155 899 2382 967 crepatio
2409 909 2456 952 et
2483 899 2786 969 disciplina.
2820 901 2886 954 Et
2905 902 3072 957 Isaias
3090 903 3244 969 dicit,
3296 905 3372 958 De
3403 915 3559 958 nocte
3593 908 3744 976 spiri-

2153 999 2238 1043 tus
2283 1005 2427 1042 meus
2467 979 2645 1061 vigilat
2690 992 2761 1046 ad
2789 1003 2862 1056 te,
2886 992 3047 1057 Deus,
3074 995 3198 1064 quia
3245 993 3342 1048 lux
3366 1004 3632 1065 prcecepta
3659 1005 3746 1049 tua

2154 1088 2274 1133 sunt
2320 1095 2477 1150 super
2519 1089 2714 1135 terram
2769 1081 2922 1152 (Isa.
2983 1086 3168 1154 xxvt).
3223 1083 3392 1153 Cujus
3437 1084 3582 1140 lucis
3629 1099 3745 1138 cum

2155 1184 2344 1224 omnes
2392 1185 2511 1224 eam
2563 1186 2670 1226 non
2723 1183 2871 1229 recte
2893 1174 3283 1245 -intelligentes
3327 1183 3589 1245 expertes
3622 1175 3745 1239 sint,

2155 1260 2208 1315 hi
2240 1262 2495 1317 nimirum
2517 1277 2742 1332 prorsus
2762 1276 3013 1337 expertes
3035 1281 3156 1322 esse
3183 1267 3504 1330 creduntur,
3548 1267 3638 1335 qui
3681 1268 3746 1321 ob

2158 1353 2342 1407 nescio
2365 1369 2528 1423 quant
2570 1355 2866 1426 imaginum
2913 1359 3284 1414 adorationem
3321 1373 3447 1412 eam
3489 1359 3748 1414 violenter

2159 1447 2225 1500 ad
2264 1462 2392 1501 suos
2425 1463 2618 1504 sensus
2668 1448 2888 1504 flectere
2921 1451 3202 1515 nituntur,
3242 1459 3299 1506 et
3337 1450 3392 1505 in
3423 1466 3529 1506 suo
3569 1465 3747 1506 errore

2156 1551 2276 1591 eam
2299 1539 2697 1607 quodammodo
2727 1543 2830 1597 sibi
2877 1543 3253 1598 adminiculari
3303 1542 3588 1607 aﬂ‘ectant,
3634 1558 3750 1598 cum

2156 1638 2221 1678 ex
2248 1639 2333 1690 ea,
2378 1640 2687 1696 quanquam
2733 1629 2802 1684 ad
2853 1645 2969 1684 rem
3013 1647 3119 1685 non
3164 1633 3529 1701 pertinentia,
3580 1640 3750 1688 tamen

2158 1722 2432 1784 utcunque
2482 1717 2790 1772 testimonia
2840 1719 3085 1788 proferre
3141 1730 3373 1776 tentant.
3424 1721 3569 1789 Quia
3626 1736 3750 1790 ergo

473 1821 680 1874 sancta,
725 1820 772 1864 et
799 1809 1108 1863 mandatum
1161 1818 1402 1863 sanctum
1449 1819 1497 1863 et
1537 1810 1744 1880 justum
1782 1819 1829 1864 et
1874 1812 2064 1864 bonum
2096 1791 2143 1852 Β
2169 1804 2407 1860 Beselcel
2453 1807 2522 1862 ad
2569 1806 2876 1864 faciendum
2929 1826 3068 1881 opus
3101 1827 3167 1866 ex
3203 1828 3338 1868 auro
3375 1820 3433 1867 et
3477 1821 3748 1882 argento:

473 1903 654 1972 (Rom.
686 1905 806 1973 vn).
837 1903 945 1957 Lex
978 1917 1106 1972 ergo
1127 1913 1313 1956 sancta
1359 1911 1414 1956 et
1447 1903 1587 1958 bona
1639 1903 1732 1957 Dei
1785 1917 1922 1972 opus
1962 1917 2080 1968 esu.

471 1993 564 2046 ubi
593 1994 753 2047 homo
789 1993 923 2047 nihil
945 1992 1076 2062 agit,
1109 1992 1234 2062 quia
1269 2007 1375 2047 non
1395 1992 1754 2062 obtemperat,
1783 1992 1877 2047 sed
1916 2001 2065 2046 reatu

471 2083 652 2152 potius
698 2083 962 2152 premitur
989 2083 1106 2153 lege
1132 2084 1370 2138 minante
1396 2093 1559 2153 atque
1581 2083 1890 2138 damnante.
1933 2084 2064 2137 Pec-

477 2185 654 2228 catum
701 2175 855 2237 enim,
911 2174 1106 2242 inquit,
1148 2183 1203 2227 ut
1258 2184 1506 2245 appareat
1545 2183 1813 2245 peccatum
1855 2191 1947 2245 per
1976 2175 2066 2228 bo-

475 2279 621 2326 num,
640 2263 764 2315 mihi
793 2271 1062 2332 operatum
1085 2272 1159 2315 est
1191 2271 1409 2316 mortem
1433 2261 1653 2332 (Ibid.);
1677 2262 1866 2318 beatus
1885 2272 2066 2319 autem

486 2356 649 2409 homo
670 2363 774 2420 est,
818 2369 940 2408 cum
963 2354 1067 2408 hoc
1088 2353 1402 2408 mandatum
1439 2361 1687 2408 sanctum
1708 2361 1762 2408 et
1776 2353 1983 2423 justum
2011 2363 2067 2410 et

481 2448 679 2502 bonum
703 2445 980 2515 adimplet.
1029 2446 1124 2500 Est
1163 2447 1324 2500 etiam
1349 2459 1486 2515 opus
1511 2445 1648 2514 ejus,
1710 2446 1803 2502 sed
1823 2461 1922 2516 per
1942 2463 2066 2518 gra-

479 2537 610 2590 tiam
656 2537 772 2590 Dei.
821 2536 922 2590 Hic
975 2536 1120 2588 enim
1184 2552 1376 2590 sensus
1445 2545 1663 2606 aptatur
1725 2538 2064 2594 translationi

479 2625 666 2690 veteri,
710 2626 765 2679 in
814 2640 921 2694 qua
949 2625 1198 2680 secundae
1240 2625 1436 2680 tabulae
1459 2643 1490 2680 a
1522 2626 1830 2698 legislatore
1852 2629 2067 2700 scripta:

478 2716 642 2772 fuisse
680 2725 1068 2770 memorantur.
1109 2716 1379 2772 Caeterum
1424 2717 1550 2786 quia
1595 2719 1650 2772 in
1677 2719 1943 2776 Hebraica
1978 2735 2067 2773 ve-

480 2811 640 2861 ritate
670 2815 943 2874 utraeque,
969 2807 1156 2874 primae
1195 2807 1447 2862 videlicet
1480 2817 1534 2861 et
1572 2810 1844 2874 secundm,
1883 2826 1912 2864 a
1959 2811 2068 2865 Deo

478 2900 812 2963 scribuntur,
855 2899 958 2953 hoc
997 2898 1356 2968 significatur,
1385 2899 1510 2968 quia
1533 2908 1762 2955 etvetus
1791 2910 1847 2955 et
1871 2916 2066 2955 novum

481 2991 896 3044 Testamentum
913 2990 1083 3044 sancti
1119 2989 1355 3058 Spiritus
1391 2991 1582 3059 gratia,
1607 2992 1697 3060 qui
1729 2992 1930 3063 digitus
1972 2993 2066 3046 Dei

481 3081 698 3149 dicitur,
740 3081 1105 3150 conscriptum
1128 3089 1230 3146 est,
1263 3090 1318 3136 et
1338 3083 1393 3136 in
1425 3082 1516 3138 illo
1550 3085 1815 3154 accipitur
1844 3085 2068 3154 spiritus

482 3172 766 3226 servitutis
821 3170 875 3223 in
913 3169 1126 3237 timore,
1155 3172 1278 3238 quia
1309 3171 1451 3227 Deus
1470 3172 1659 3244 jugum
1685 3175 1821 3246 legis
1864 3176 2067 3231 homini

488 3263 734 3332 imponit,
761 3263 924 3317 homo
977 3259 1116 3316 ferre
1144 3277 1252 3316 non
1272 3263 1436 3317 valet.
1481 3265 1537 3318 In
1567 3265 1672 3320 isto
1693 3281 1822 3320 vero
1865 3267 1956 3320 ubi
1985 3275 2070 3322 ta-

486 3357 627 3411 bulae
695 3355 763 3408 ab
806 3354 1023 3409 homine
1071 3352 1227 3420 ﬁunt,
1284 3370 1316 3408 a
1355 3353 1464 3408 Deo
1528 3357 1862 3420 scribuntur,
1911 3358 2072 3414 homo

487 3445 790 3501 obediendo
829 3445 1028 3514 accipit
1066 3444 1314 3515 spiritum
1355 3445 1678 3514 adoptionis.
1733 3445 1860 3502 Hmc
1910 3447 2074 3516 igitur

488 3539 743 3608 insignia,
791 3555 920 3594 arca
946 3538 1196 3593 videlicet
1223 3546 1278 3594 et
1305 3553 1426 3607 qua:
1470 3538 1524 3592 in
1552 3554 1616 3593 ea
1646 3548 1792 3604 sunt,
1821 3541 2076 3610 propitia-

490 3630 688 3683 torium
721 3629 834 3683 sive
862 3628 1167 3692 cherubim,
1219 3643 1435 3696 semper
1458 3643 1489 3682 a
1523 3628 1679 3683 nobis
1726 3629 1956 3698 spiritali
1995 3629 2075 3683 in-

497 3723 635 3776 tuitu
672 3729 984 3785 cernantur,
1054 3728 1110 3776 et
1143 3729 1253 3775 tota
1305 3721 1502 3777 mentis
1561 3722 1861 3777 intentione
1927 3737 2076 3792 qure-

488 3821 699 3867 rautur.
739 3809 850 3865 Nec
873 3826 938 3866 ea
977 3811 1033 3866 in
1093 3811 1321 3882 depictis
1369 3813 1568 3868 tabulis
1621 3813 1736 3869 sive
1781 3814 2078 3883 parietibus

487 3916 810 3974 quaeramus,
852 3903 946 3957 sed
968 3918 1020 3956 In
1043 3903 1409 3972 penetralibus
1447 3903 1620 3959 nostri
1659 3905 1836 3960 cordis
1883 3906 2080 3960 mentis

489 3994 649 4050 oculo
681 3993 1038 4063 aspiciamus;
1071 4001 1126 4048 et
1156 3994 1248 4062 qui
1278 3994 1573 4049 secundum
1620 3994 1959 4064 Apostolum,
1997 4009 2083 4047 re-

488 4085 664 4143 Velata
694 4083 832 4140 facie
858 4085 1086 4158 gloriam
1118 4085 1212 4139 Dei
1233 4085 1575 4155 speculantes
1600 4085 1654 4139 in
1683 4083 1922 4152 ejusdem
1951 4085 2083 4138 ima-

492 4185 670 4249 ginem
698 4180 1172 4242 transformamur,
1237 4195 1268 4233 a
1333 4180 1587 4234 claritate
1659 4179 1712 4232 in
1748 4178 2078 4242 claritatem,

493 4280 748 4338 tanquam
771 4284 802 4323 a
825 4269 1040 4324 Domini
1064 4268 1268 4338 Spiritu
1283 4284 1388 4324 non
1411 4267 1753 4323 ambulantes
1775 4267 1830 4322 in
1860 4268 2080 4333 astutia,

2095 3137 2141 3198 C

2171 1893 2400 1949 Domino
2423 1896 2495 1950 sit
2514 1896 2738 1963 electus,
2758 1907 2813 1954 et
2839 1901 3035 1970 spiritu
3058 1903 3339 1972 sapientiae
3372 1914 3431 1959 et
3458 1903 3750 1973 intelligen.

2170 1984 2259 2038 tiae
2291 1991 2348 2038 et
2371 1985 2616 2042 scientiae
2643 1987 2900 2058 repletus,
2937 1991 3012 2044 ita
3045 1993 3148 2048 hoc
3192 1992 3268 2047 illi
3295 1993 3368 2049 ad
3405 2008 3568 2048 suum
3615 2007 3750 2047 erm-

2169 2089 2284 2129 rem
2312 2077 2660 2134 muniendum
2715 2079 2770 2134 in
2819 2082 3188 2139 testimonium
3233 2085 3482 2151 trahunt,
3529 2101 3594 2141 ac
3616 2086 3660 2140 si
3691 2099 3749 2139 ea

2167 2182 2288 2236 qua:
2317 2179 2413 2236 per
2438 2182 2562 2222 eum
2611 2169 2839 2226 Domino
2859 2171 3086 2242 iubente
3130 2175 3352 2243 ﬁebant,
3379 2186 3436 2233 et
3484 2179 3749 2248 mysterio-

2170 2270 2290 2309 rum
2337 2255 2547 2327 typicas
2607 2258 2806 2330 ﬁguras
2851 2263 3187 2330 redolebant,
3235 2269 3515 2322 adoranda
3564 2268 3745 2323 forent.

2171 2349 2400 2405 Beseleel
2428 2351 2592 2420 igitur
2619 2353 3024 2424 interpretatur,
3057 2359 3112 2412 in
3150 2360 3334 2414 umbra
3366 2359 3464 2415 Dei
3480 2377 3500 2424 ς
3530 2359 3607 2414 Ur
3628 2361 3750 2431 ignis

2169 2446 2398 2512 dicitur;
2452 2446 2587 2512 Hor,
2639 2447 2815 2502 lumen
2861 2449 3200 2520 intelligitur.
3260 2449 3433 2518 cuius
3479 2467 3608 2522 ergo
3658 2451 3750 2504 iste

2169 2536 2420 2603 Beseleel,
2457 2537 2568 2608 qui,
2603 2547 2664 2594 ut
2693 2539 2948 2604 diximus,
2985 2539 3042 2593 in
3092 2539 3278 2593 umbra
3307 2539 3406 2595 Dei
3438 2541 3748 2610 interpreta-

2171 2635 2280 2692 tur,
2328 2636 2514 2698 typum
2549 2629 2752 2698 gessit?
2799 2629 2904 2684 nisi
2959 2628 3104 2685 illius
3139 2631 3224 2686 cui
3266 2646 3486 2701 semper
3516 2632 3740 2687 Ecclesia
3827 2627 3836 2636 ’

2169 2717 2414 2783 clamat,
2473 2716 2585 2774 Sub
2634 2717 2820 2773 umbra
2871 2718 3080 2773 alarum
3138 2729 3354 2774 tuarum
3405 2732 3614 2793 protege
3675 2738 3748 2774 nte

2172 2808 2400 2881 (Psalm.
2443 2809 2606 2880 xvtt),
2658 2818 2742 2874 et,
2775 2809 2886 2866 Sub
2933 2811 3118 2865 umbra
3165 2812 3377 2866 alarum
3407 2824 3618 2867 tuarum
3643 2829 3742 2884 spe-

2171 2902 2320 2969 rabo,
2335 2903 2499 2958 donec
2526 2912 2760 2958 transeat
2779 2903 3028 2974 iniquitas
3051 2902 3278 2976 (Psalm.
3296 2905 3430 2978 LVII)
3445 2947 3460 2970 ,
3478 2915 3533 2960 et
3557 2907 3618 2960 de
3649 2920 3745 2974 quo

2169 2993 2232 3048 in
2259 2993 2491 3048 Canticis
2511 2993 2850 3048 canticorum
2873 3008 3068 3063 sponsa
3111 2993 3271 3061 dicit,
3297 2994 3412 3052 Sub
3439 2996 3618 3051 umbra
3643 2996 3743 3066 ejus

2171 3098 2323 3152 quem
2351 3081 2713 3137 desiderabam
2757 3082 2869 3138 sedi
2895 3081 3074 3153 (Cant.
3102 3087 3187 3154 ιι).
3215 3084 3315 3141 Hic
3343 3086 3492 3141 enim
3522 3086 3655 3140 ﬁlius
3682 3085 3745 3141 Ur

2176 3171 2268 3226 lilii
2318 3171 2430 3228 Hor
2481 3171 2703 3237 dicitur,
2756 3174 2883 3242 quia
2923 3183 3008 3228 est
3061 3174 3315 3245 splendor
3359 3176 3740 3237 inenarrabilis,

2175 3261 2316 3317 Deus
2341 3275 2408 3316 ex
2438 3263 2570 3329 Deo,
2601 3261 2782 3318 lumen
2819 3279 2885 3318 ex
2916 3264 3137 3330 lumine,
3168 3266 3234 3322 de
3259 3281 3368 3336 quo
3390 3282 3492 3337 per
3513 3267 3742 3322 ﬂabacnc

2173 3352 2490 3421 prophetam
2524 3353 2740 3419 dicitur,
2765 3353 3027 3424 Splendor
3053 3356 3168 3426 ejus
3201 3366 3258 3411 ut
3279 3356 3461 3413 lumen
3480 3360 3573 3413 erit
3600 3356 3740 3429 (Helo.

2176 3442 2280 3511 ιιι).
2313 3442 2454 3497 Deus
2485 3457 2738 3512 namque,
2783 3454 2844 3497 ut
2887 3444 2965 3498 ait
3003 3444 3234 3516 Moyses,
3266 3447 3407 3518 ignis
3460 3463 3742 3503 consumens

2175 3542 2249 3585 est
2280 3531 2462 3603 (Deut.
2493 3549 2544 3588 tv
2579 3541 2636 3588 et
2684 3535 2795 3604 lx),
2846 3535 2990 3605 quod
3042 3545 3098 3590 et
3145 3538 3426 3606 aposwlus
3472 3538 3657 3594 Paulus
3693 3537 3739 3592 in

2175 3625 2404 3694 epistola
2433 3628 2502 3682 ad
2534 3627 2791 3684 Hebraeos
2836 3631 3028 3685 iisdem
3082 3633 3263 3687 verbis
3305 3633 3540 3689 alﬁrmat
3572 3632 3738 3706 (Hebr.

2178 3722 2312 3792 xu),
2364 3729 2420 3776 et
2470 3722 2612 3777 idem
2660 3722 2921 3780 Dominus
2951 3740 3046 3794 per
3090 3725 3414 3782 Zachariam
3454 3728 3739 3798 prophetae:

2180 3810 2330 3875 dicit,
2365 3810 2568 3882 Absque
2600 3829 2752 3866 muro
2795 3812 3119 3868 habitabitur
3161 3815 3462 3870 Jerusalem
3486 3833 3591 3888 prie
3625 3813 3742 3867 mul-

2181 3899 2405 3955 titudine
2447 3901 2716 3955 hominum
2753 3911 2801 3956 et
2831 3902 3216 3972 jumentorum,
3247 3916 3295 3959 et
3323 3922 3418 3976 ego
3465 3921 3551 3961 ero
3574 3905 3623 3958 iu
3654 3903 3741 3956 cir-

2182 3993 2325 4045 cuitu
2371 3991 2486 4062 ejus
2530 4008 2712 4046 murus
2738 4002 2786 4046 et
2816 3994 2952 4064 ignis
3002 3994 3188 4066 (Zaclt.
3243 3994 3328 4066 ιι).
3387 3996 3491 4064 Qui
3538 4009 3648 4051 cum
3683 3993 3741 4047 sit

2185 4083 2345 4137 unius
2375 4097 2497 4136 cum
2545 4081 2708 4138 Patre
2759 4085 3096 4148 substantiae,
3127 4095 3182 4142 et
3212 4089 3282 4143 ad
3311 4087 3531 4161 Moysen
3553 4089 3603 4144 in
3638 4089 3740 4157 igne

2186 4172 2444 4242 loquitur,
2485 4181 2540 4226 et
2568 4173 2636 4228 ad
2683 4174 2975 4243 discipulos
3003 4177 3057 4230 in
3095 4176 3388 4248 Evangelio
3427 4180 3503 4234 ait
3538 4197 3551 4233 :
3583 4176 3737 4248 Ignem

2185 4265 2300 4318 veni
2330 4265 2532 4320 mittere
2558 4283 2718 4338 super
2749 4277 2963 4333 terram,
3003 4279 3052 4323 et
3102 4272 3230 4341 quid
3275 4271 3391 4326 volo
3423 4273 3524 4329 nisi
3574 4281 3624 4324 ut
3667 4283 3740 4321 ar-

492 4375 665 4429 neque
689 4359 1054 4429 adulterantes
1074 4360 1430 4424 verbumDei,
1457 4361 1551 4414 sed
1577 4359 1630 4414 in
1654 4359 2088 4414 manilestatione
2188 4354 2308 4408 deat
2365 4354 2537 4428 (Luc.
2593 4357 2743 4430 xu)?
2785 4359 3036 4430 Nunquid
3082 4378 3190 4417 non
3227 4364 3332 4420 illo
3379 4365 3501 4436 igne
3551 4363 3735 4419 illorum

490 4451 757 4513 veritatis,
783 4447 1013 4516 nonjam
1031 4450 1314 4504 veritatem
1336 4465 1432 4519 per
1479 4449 1741 4520 imagines
1761 4461 1815 4504 et
1840 4450 2084 4518 picturas
2111 4474 2162 4533 ι)
2188 4455 2406 4516 pectora
2443 4448 2775 4505 inﬂammata
2801 4461 2958 4508 erant
2987 4455 3078 4523 qui
3105 4455 3356 4512 dicebant
3390 4475 3404 4510 :
3442 4456 3620 4511 Nonne
3664 4467 3738 4505 tot

492 4554 822 4608 quaeramus,
855 4539 946 4608 qui
971 4554 1085 4608 spe,
1120 4539 1223 4593 (ide
1249 4548 1305 4593 et
1327 4539 1595 4594 charitate
1619 4541 1688 4594 ad
1721 4540 1965 4595 eamdem
1997 4555 2086 4594 ve-

495 4633 712 4684 ritatem
726 4645 847 4699 qua:
859 4630 1109 4685 Christus
1123 4639 1227 4696 est,
1249 4631 1364 4699 ipso
1383 4630 1696 4695 auxiliante,
1717 4631 2083 4701 pervenimus.

1075 4763 1304 4821 CAPUT
1362 4767 1496 4823 XVI.

500 4855 656 4923 Quod
695 4873 784 4929 nec
819 4855 940 4929 inde
983 4856 1375 4929 adorandarum
1409 4858 1698 4929 imaginum
1743 4876 1872 4913 usus
1919 4862 2086 4916 astrui

573 4928 752 4996 possit,
771 4937 826 4980 ut
847 4926 926 4980 illi
939 4927 1244 4982 stultissime
1263 4938 1311 4982 et
1345 4926 1775 4983 irrationabiliter
1795 4930 1998 4996 dicunt,
2025 4948 2086 4986 eo

569 4996 721 5070 quod
734 4997 920 5070 inlege
948 4999 1201 5070 scriptum,
1223 5009 1297 5070 est
1318 5015 1361 5070 εί
1378 4999 1518 5054 Ecce
1545 5001 1754 5070 vocavi
1768 5015 1835 5055 ex
1869 5002 2088 5056 nomine

595 5067 809 5123 leselcel
857 5067 1026 5122 lilium
1053 5067 1153 5135 Ur,
1179 5069 1274 5122 filii
1318 5068 1430 5125 Hor
1464 5070 1530 5125 de
1558 5070 1702 5124 tribu
1728 5069 1885 5136 Iuda,
1913 5080 1968 5126 et
2003 5087 2089 5127 re-

573 5138 713 5211 plevi
743 5153 892 5211 cum
936 5139 1130 5208 spiritu
1180 5139 1458 5208 sapientia:
1493 5149 1550 5195 et
1597 5140 1985 5211 intelligentia},
2017 5141 2087 5198 ad

569 5209 956 5281 perliciendum
987 5223 1127 5281 opus
1148 5225 1231 5281 ex
1280 5225 1414 5281 auro
1453 5219 1509 5281 et
1540 5209 1793 5281 argento,
1815 5220 1870 5265 et
1892 5213 2014 5267 dedi
2034 5213 2087 5268 ei

572 5279 764 5334 Ooliab
797 5278 1087 5334 Achisama
1110 5279 1308 5349 (Exod.
1344 5280 1518 5350 xxxi).
1608 5278 1628 5281 ⁷
1869 5301 1884 5312 ε

574 5389 701 5453 Lex,
725 5396 786 5443 ιιι
811 5389 888 5444 ait
911 5388 1220 5459 Apostolus,
1242 5388 1498 5461 spiritalis
1533 5401 1609 5444 est
1637 5390 1816 5462 (Rom.
1844 5393 1965 5461 vn).
1993 5391 2089 5447 Est

505 5477 650 5532 enim
676 5478 907 5533 nobisin
927 5479 1213 5548 praesentis
1246 5478 1426 5534 saeculi
1473 5479 1768 5551 caliginoso
1806 5481 2000 5536 itinere
2019 5481 2088 5536 ad

506 5565 814 5636 dirigendos
835 5575 1144 5623 nostrarum
1171 5568 1433 5624 mentium
1481 5584 1701 5639 gressus
1724 5585 1757 5624 a
1788 5570 1900 5626 Deo
1929 5570 2090 5626 colla-

507 5667 561 5710 ta
575 5695 589 5720 ,
623 5653 775 5723 cujus
792 5655 986 5724 jubere
1005 5659 1201 5714 mentis
1221 5660 1364 5715 acies
1386 5660 1711 5729 perlustrata
1737 5662 2088 5733 mysticorum

508 5757 765 5800 sensuum
802 5747 975 5816 possit
1006 5749 1202 5806 intueri
1250 5759 1478 5808 secreta.
1510 5751 1838 5820 Preceptum
1868 5771 2088 5825 namque

2188 4549 2422 4594 nostrum
2440 4542 2632 4597 ardens
2657 4553 2769 4598 erat
2811 4545 2865 4599 in
2893 4546 3060 4611 nobis,
3093 4547 3220 4602 dum
3263 4547 3556 4620 loquentur
3575 4547 3627 4600 in
3649 4545 3736 4608 ria,

2186 4640 2234 4684 et
2283 4633 2506 4701 aperiret
2564 4633 2711 4689 nobis
2763 4634 3066 4706 Scripturas
3123 4638 3276 4710 (Luc.
3302 4640 3496 4714 xxiv)?
3545 4639 3592 4694 ls
3629 4649 3737 4706 ergo

2188 4723 2424 4779 Beseleel
2467 4740 2536 4780 ex
2584 4727 2800 4782 nomine
2848 4738 3090 4794 vocatur,
3121 4731 3247 4801 quia
3289 4731 3341 4786 ei
3386 4741 3600 4802 paterna
3624 4737 3733 4780 voce

2186 4829 2285 4884 Per
2325 4815 2519 4870 Isaiam
2564 4809 2883 4888 prophetam
2914 4819 3134 4887 dicitur,
3167 4821 3234 4875 Et
3263 4825 3439 4878 vocavi
3463 4833 3512 4877 te
3556 4817 3733 4874 nomine

2187 4915 2299 4972 tuo,
2314 4923 2459 4960 meus
2488 4923 2541 4962 es
2564 4920 2620 4962 tu
2646 4907 2780 4978 (lsa.
2805 4911 2982 4980 xuu),
3003 4919 3058 4966 et
3083 4911 3150 4967 de
3173 4928 3282 4983 quo
3293 4928 3391 4983 per
3406 4912 3609 4984 Moysen
3627 4905 3734 4962 dici-

2190 5005 2280 5051 tur
2306 5039 2320 5062 ,
2369 4997 2506 5053 Ecce
2566 5000 2770 5054 mittam
2829 5003 3071 5072 angelum
3119 5007 3209 5075 qui
3256 5007 3513 5076 pracedat
3566 5015 3643 5064 te,
3691 5006 3732 5051 ιι

2188 5090 2446 5146 custodiat
2467 5092 2522 5144 in
2547 5091 2654 5158 via,
2685 5101 2733 5146 et
2761 5093 3061 5148 introducat
3083 5096 3153 5149 ad
3193 5095 3366 5150 locum
3388 5112 3533 5168 quem
3557 5105 3732 5166 purpl-

2189 5185 2321 5237 raui.
2372 5182 2598 5238 Observa
2651 5199 2788 5249 eum,
2825 5194 2873 5238 et
2926 5186 3054 5240 audi
3100 5203 3272 5241 vocem
3318 5189 3462 5259 ejus,
3511 5201 3595 5240 nec
3628 5195 3752 5254 τοιιο¹

2188 5272 2521 5327 temnendum
2548 5283 2716 5343 putes,
2761 5275 2887 5345 quia
2931 5292 3034 5329 non
3059 5275 3280 5332 dimittet
3300 5294 3420 5332 cum
3458 5269 3727 5348 peccaverit.

2188 5375 2236 5420 et
2264 5376 2337 5419 est
2360 5382 2544 5420 nomen
2567 5383 2738 5420 meum
2758 5368 2812 5421 in
2839 5367 2932 5420 illo
2974 5367 3170 5439 (Exod.
3201 5371 3382 5440 xxnt).
3415 5369 3516 5425 Sed
3534 5379 3623 5422 nec
3650 5373 3729 5430 8⁸⁸

2190 5473 2292 5512 nus
2316 5456 2476 5526 huius
2507 5457 2776 5524 Beseleel,
2827 5459 2920 5528 qui
2944 5475 3012 5514 ex
3051 5461 3270 5517 nomine
3297 5470 3513 5519 vocatus
3545 5463 3636 5519 est.
3659 5462 3727 5505 ιε’

2190 5559 2363 5606 cetur.
2413 5549 2504 5604 Ait
2546 5549 2693 5605 enim
2722 5549 3004 5620 Scriptura
3035 5567 3052 5608 :
3091 5551 3293 5608 Filium
3324 5552 3403 5608 Ur
3425 5552 3518 5624 ﬁlii
3558 5545 3656 5602 Hor
3675 5541 3727 5594 δε

2192 5643 2330 5697 tribu
2359 5641 2524 5697 Juda.
2551 5641 2650 5699 Hic
2670 5653 2755 5700 est
2773 5645 2921 5699 enim
2949 5645 3019 5700 de
3047 5660 3155 5715 quo
3177 5645 3468 5701 Israelitica
3487 5653 3604 5697 voce
3622 5643 3724 5690 ante

2194 5736 2504 5808 prmdictum
2551 5745 2663 5808 est,
2704 5735 2924 5795 Catulus
2951 5737 3116 5794 leonis
3144 5737 3289 5795 Iuda
3316 5738 3385 5794 ad
3411 5732 3636 5806 predum.
3657 5722 3723 5786 βτί
