4070 6186
496 341 635 396 10-ιό

1375 342 1436 397 B.
1475 339 1726 397 manu
1764 339 1980 395 mem
2018 338 2169 394 ore.
2211 336 2390 395 mus
2428 326 2490 396 ιι.
2532 340 2775 399 sacrm
2812 341 2878 397 ιι.

3631 308 3775 399 ιιιιί

489 459 844 529 propositum,
879 473 946 513 ex
976 459 1155 514 multis
1202 467 1382 518 tamen
1428 460 1797 533 particulatim
1825 466 1910 516 est
1938 474 2088 516 erro-
2117 455 2167 515 Α
2192 454 2379 509 vocari
2439 454 2508 510 ab
2562 454 2871 510 hominibus
2932 455 3129 522 Rabbi,
3161 464 3214 512 et
3276 463 3532 526 quazrunt
3586 459 3771 529 primas

493 551 646 607 ribus
678 550 1131 623 compaginatnm.
1182 552 1367 608 Primo
1413 571 1646 627 namque
1684 553 2091 611 discutiendum

492 650 593 704 est.
634 657 733 698 cur
756 656 1051 713 purpuram
1076 644 1483 720 hyacinthinam
1528 648 1588 702 in
1619 648 1807 702 eodem
1844 645 2081 715 capitulo

496 732 748 799 dixerint,
779 747 902 789 cum
938 734 1187 790 videlicet
1218 736 1358 791 alius
1397 736 1546 792 color
1583 737 1655 791 sit
1698 752 2002 806 purpureus
2031 740 2091 794 et

495 823 635 880 alius
664 824 1085 896 hyacinthinus;
1118 834 1175 881 et
1217 839 1243 868 ι
1270 827 1411 881 sicut
1454 843 1560 882 non
1599 835 1778 896 potest
1810 834 1958 881 recte
1984 818 2091 879 dici

497 917 698 971 rubens
729 910 939 972 candor
961 923 1016 973 et
1041 917 1276 972 mdens
1316 918 1501 983 rubor,
1537 918 1685 974 velut
1714 917 1763 972 si
1796 917 1917 987 quis
1945 916 2090 972 dicat

497 1017 814 1080 argenteum
872 1024 1064 1065 aurum
1118 1009 1201 1064 vel
1245 1023 1469 1064 aureum
1512 1016 1818 1080 argentum,
1869 1008 1943 1064 ita
1989 1022 2090 1063 nec

500 1109 647 1158 recte
691 1100 798 1157 dici
842 1108 1019 1173 potest
1064 1116 1300 1171 purpura
1340 1101 1712 1172 hyacinthina,
1741 1109 1803 1154 ut
1827 1113 2088 1155 converso

496 1190 686 1247 ordine
713 1191 816 1247 dici
841 1199 1005 1262 queat
1027 1205 1294 1261 purpurea
1317 1189 1666 1262 hyacinthus,
1683 1190 1937 1260 quoniam
1966 1190 2091 1245 talis

498 1280 761 1336 derivatio
805 1283 1139 1352 rcciprocata
1182 1281 1385 1336 nullius
1416 1295 1608 1336 sensus
1640 1282 1824 1350 vigore
1872 1296 2091 1337 manere

499 1370 697 1439 poterit
718 1370 1337 1436 inconvulsa.Qnoniam
1367 1370 1606 1440 quidem,
1650 1379 1713 1425 ιιι
1759 1370 1968 1440 praefati
1994 1386 2089 1427 su-

502 1475 644 1525 mus,
670 1460 806 1516 alius
835 1460 987 1516 color
1010 1468 1097 1515 est
1124 1460 1505 1530 hyacinthinus
1522 1467 1578 1514 et
1601 1459 1743 1515 alius
1765 1476 2087 1531 purpureus,

503 1556 659 1611 testis
690 1564 776 1611 est
800 1557 915 1627 ipsa
944 1557 1032 1612 lex
1077 1573 1109 1613 a
1156 1558 1385 1613 Domino
1421 1575 1519 1629 per
1546 1557 1763 1629 Moysen
1797 1555 1944 1622 data,
1971 1570 2093 1626 qua:

504 1644 817 1717 singillatim
854 1646 971 1702 lucc
996 1656 1249 1717 quatuor,
1277 1647 1626 1719 hyacinthum
1660 1647 1928 1711 videlicet,
1961 1663 2089 1716 pur--

503 1752 698 1807 puram
723 1744 779 1793 et
809 1751 1034 1794 coccum
1078 1753 1173 1793 seu
1219 1739 1384 1793 etiam
1413 1738 1635 1814 hyssum
1675 1739 1743 1793 ad
1779 1738 2089 1792 indumenta

504 1825 779 1897 pontiﬁcis
800 1827 1149 1893 conﬁcienda,
1181 1828 1266 1884 vel
1294 1816 1488 1885 caetera
1530 1844 1651 1900 quae
1686 1829 1753 1884 ad
1790 1826 2089 1884 sacrarium

505 1922 918 1991 praeparandum
965 1929 1146 1978 essent
1196 1921 1505 1986 oﬁbrenda,
1560 1921 1825 1992 designat.
1886 1919 2092 1986 Quibus

503 2019 738 2079 quatuor
765 2012 1008 2067 materiis
1035 2010 1265 2080 majores
1310 2011 1483 2066 nostri
1531 2019 1763 2080 quatuor
1807 2010 2093 2065 elemento-

503 2117 627 2159 rum
652 2102 899 2176 ﬁguram,
927 2118 994 2160 ex
1016 2103 1212 2174 quibus
1244 2102 1477 2160 mundus
1502 2104 1616 2158 sive
1639 2103 1934 2157 humanum
1964 2116 2080 2158 cor-

502 2210 605 2267 pus
634 2203 866 2261 constat,
906 2195 1198 2268 signiﬁcari
1221 2194 1492 2261 dixerunt,
1538 2201 1591 2250 et
1628 2193 1867 2263 singulas
1909 2203 2092 2265 tropo-

503 2287 680 2359 logice
719 2287 950 2344 virtutes
990 2288 1218 2344 innuere
1234 2286 1551 2343 docuerunt.
1580 2287 1939 2357 Hyacinthum
1960 2301 2090 2356 ergo

509 2383 578 2437 ad
621 2396 804 2438 aerem
846 2380 1107 2445 referunt,
1137 2380 1279 2452 quod
1305 2390 1360 2437 et
1385 2381 1499 2451 ipse
1521 2380 1725 2436 indicat
1757 2379 1925 2445 color,
1952 2379 2092 2435 sicut

508 2482 566 2529 et
584 2472 805 2530 coccum
822 2476 889 2530 ad
904 2474 1080 2545 ignem
1094 2489 1390 2547 purpuram
1413 2490 1566 2545 aqua:
1586 2475 2013 2537 accommodant,
2026 2488 2091 2529 eo

505 2566 651 2637 quod
675 2567 743 2622 de
767 2566 931 2638 aquis
963 2566 1193 2637 accipiat
1237 2564 1451 2631 locum;
1487 2566 1709 2636 hyssum
1755 2572 1935 2628 terrm,
1967 2562 2091 2634 quia

506 2657 683 2712 oritur
722 2672 788 2712 ex
815 2664 978 2712 terra.
1028 2656 1271 2727 Denique
1314 2663 1369 2712 et
1412 2656 1542 2712 illud
1585 2655 1982 2713 discutiendum
2009 2661 2093 2709 est

506 2748 650 2817 quod
679 2746 970 2820 imaginum
995 2761 1153 2802 usuin
1196 2745 1445 2817 exemplo
1499 2744 1838 2801 ﬁmbriarum
1863 2742 2090 2815 hyacin-

508 2838 781 2894 thinarum
840 2838 1051 2892 munire
1094 2837 1377 2906 nituntur,
1435 2853 1557 2893 cum
1611 2837 1912 2911 praesertim
1972 2836 2097 2892 illas

506 2931 702 3002 priscae
731 2930 875 3002 legis
905 2931 959 2985 in
993 2931 1307 3003 mysterium
1352 2930 1529 2987 series
1547 2932 1605 2986 in
1631 2931 1891 2988 extremis
1929 2931 2094 2985 vesti—

508 3024 613 3078 bus
638 3021 764 3093 poni
781 3019 995 3091 iubeat,
1023 3022 1159 3079 istas
1199 3038 1330 3078 vero
1358 3031 1418 3077 ut
1442 3023 1734 3079 adorentur
1772 3038 1871 3078 nec
1896 3022 2094 3079 veteris

511 3126 610 3169 nec
645 3105 770 3167 novi
794 3110 1124 3170 Testamenti
1146 3113 1339 3185 pagina
1367 3114 1573 3184 uspiam
1608 3115 1669 3171 in
1691 3114 1943 3171 sacrariis
1965 3113 2091 3184 poni

510 3202 809 3274 praicipiat.
853 3201 1037 3273 Neque
1065 3204 1215 3260 enim
1257 3204 1395 3259 tanti
1443 3205 1646 3260 erroris
1700 3205 1804 3261 hoc
1849 3205 2093 3274 exempla

510 3291 656 3348 valet
700 3293 871 3348 astrni
900 3293 1108 3350 insania
1137 3311 1153 3348 :
1179 3294 1322 3364 quod
1352 3308 1452 3365 per
1492 3294 1856 3364 legislaturem
1896 3293 2098 3350 idcirco

512 3382 770 3438 ωιιειιυω
789 3391 892 3450 est,
919 3391 978 3439 ut
1002 3385 1247 3456 quzelam
1288 3385 1469 3441 arcani
1499 3400 1688 3441 sensus
1723 3383 1973 3441 immeret
2018 3384 2099 3439 in-

512 3471 674 3536 dicia,
702 3486 805 3528 nec
828 3488 917 3528 res
943 3473 1083 3529 bene
1119 3472 1270 3541 jussa
1322 3474 1565 3545 beneque
1594 3478 1751 3545 gesta
1781 3481 1937 3530 tanto
1969 3473 2101 3529 deli-

516 3568 763 3616 ramento
789 3562 991 3631 poterit
1027 3563 1320 3620 convenire
1355 3565 1577 3622 collata.
1600 3563 1766 3621 lllatis
1803 3565 1970 3638 igitur
1996 3566 2105 3622 Βος

520 3649 701 3707 minus
750 3666 850 3722 per
900 3651 1118 3725 Moysen
1167 3656 1435 3712 mandatis
1485 3656 1622 3728 legis
1682 3657 1751 3714 ad
1797 3668 2099 3715 extremum

519 3739 702 3794 intulit
730 3755 750 3795 :
777 3740 985 3813 Ligabis
1009 3759 1072 3798 ea
1100 3743 1155 3798 in
1188 3760 1347 3800 manu
1372 3754 1464 3801 tua
1486 3755 1533 3800 et
1553 3755 1703 3802 erunt
1728 3747 1943 3803 immota
1982 3759 2102 3804 ante

517 3831 698 3888 οεκιοι
742 3842 861 3889 tuos
906 3833 1085 3906 (Deut.
1143 3835 1243 3906 vi).
1294 3834 1426 3905 Qua:
1471 3852 1571 3896 nos
1610 3836 1926 3907 spiritaliter
1974 3840 2103 3896 dum

517 3918 1034 3995 opcre'complemus
1075 3927 1130 3983 in
1158 3928 1407 3984 manibus
1452 3928 1672 3987 immota
1718 3939 1996 4000 tenemus;
2049 3943 2107 3989 et

518 4030 642 4070 cum
666 4015 759 4073 die
788 4030 852 4072 ac
883 4024 1039 4073 nocte
1065 4017 1387 4075 meditamur
1414 4020 1471 4075 in
1493 4021 1590 4086 eis,
1628 4031 1753 4079 ante
1778 4023 1965 4081 oculos
1992 4024 2105 4082 col-

519 4105 694 4162 locata
718 4115 1012 4179 gestamus.
1035 4107 1203 4165 Jussit
1228 4126 1442 4182 quoque
1466 4113 1706 4171 ﬁmbrias
1729 4116 2106 4188 hyacinthinus

520 4198 638 4254 ﬁeri
668 4198 722 4254 in
753 4206 987 4270 quatuor
1007 4198 1218 4272 angulis
1241 4202 1547 4271 palliorum,
1568 4205 1681 4261 sive
1703 4207 1769 4261 ad
1789 4207 2107 4279 dignoscen-

521 4289 649 4345 dum
672 4289 931 4360 populum
951 4288 1135 4355 israel,
1158 4297 1219 4345 ut
1243 4299 1427 4347 essent
1453 4292 1664 4365 signum
1690 4295 1750 4349 in
1770 4306 1936 4362 veste,
1966 4297 2106 4356 sicut

521 4378 863 4436 circumcisio
883 4380 1095 4451 signum
1117 4380 1173 4435 in
1207 4396 1462 4451 corpore;
1494 4384 1608 4440 sive
1639 4392 1698 4439 ut
1724 4402 1844 4453 nos,
1869 4386 1961 4457 qui
1991 4390 2103 4461 spi—

524 4468 701 4565 ritalis
725 4468 892 4525 Israel
933 4486 1138 4538 sumus,
1178 4472 1471 4565 habeamus
1495 4475 1927 4545 proindumento
1943 4477 2105 4549 justi-
2136 4503 2190 4565 η

524 4566 656 4616 tiam
692 4568 750 4619 et
785 4569 1028 4617 sanctam
1067 4566 1530 4623 conversationem
1559 4584 1572 4621 :
1608 4566 1765 4636 hujus
1807 4569 2105 4627 indumenti

523 4651 844 4707 extremitas
888 4650 1115 4709 ﬁmbriis
1148 4652 1515 4724 hyacinthinis
1556 4642 1628 4712 sit
1668 4667 1882 4727 ornata,
1912 4670 2104 4731 quate-

523 4759 629 4799 nus
657 4743 770 4799 vita
798 4752 981 4799 nostra
1009 4751 1317 4801 sanctarum
1338 4745 1739 4819 Scripturarum
1765 4754 1837 4808 sit
1865 4755 2109 4810 testimo—

525 4834 634 4891 niis
652 4834 882 4893 erudita.
908 4833 1009 4891 Hic
1030 4828 1182 4895 enim
1198 4835 1531 4895 ﬁmbriarum
1553 4841 1727 4897 bonus
1744 4857 1874 4898 usus
1896 4852 1952 4899 et
1972 4846 2107 4901 bene

523 4943 626 5000 per
651 4927 1013 5000 iegislatorem
1044 4927 1158 4985 sive
1189 4930 1267 4985 illi
1300 4932 1507 4987 carnali
1539 4931 1742 4997 lsraeli,
1796 4936 1910 4991 sive
1954 4937 2117 4993 nobis

529 5019 757 5091 spiritali
786 5020 924 5076 bene
950 5034 1265 5088 conoessus,
1289 5023 1429 5079 male
1471 5025 1540 5080 ab
1577 5025 1682 5081 illis
1711 5028 1913 5083 abusus
1936 5028 2115 5100 potius

531 5125 700 5182 quam
722 5109 940 5170 habitus
967 5118 1069 5167 est.
1117 5111 1193 5169 De
1231 5114 1429 5184 quibus
1474 5115 1688 5173 Veritas
1729 5118 1783 5173 in
1830 5118 2121 5192 Evangelio

531 5204 663 5259 dicit
688 5220 702 5257 :
735 5201 974 5257 Bilatant
1014 5202 1159 5262 enim
1189 5203 1510 5276 phytacteria
1536 5216 1589 5261 et
1614 5209 1957 5280 magniﬁcam
2002 5211 2123 5282 ﬁni-

532 5291 921 5367 uinculorum
955 5293 1109 5364 xui).
1137 5293 1321 5365 Cujus,
1367 5311 1570 5367 quam,
1602 5298 1714 5362 isti.
1751 5300 1914 5369 cujus.
1934 5316 2122 5357 exem-

533 5385 689 5457 plum
733 5388 957 5448 tenent?
1009 5388 1122 5450 nisi.
1170 5383 1567 5450 Pharismonun
1625 5393 1717 5462 qui
1769 5394 1897 5448 dum
1935 5395 2123 5450 volunt

610 5552 637 5581 ι
671 5539 820 5596 Sicut
846 5558 953 5597 non
984 5550 1155 5601 potest
1182 5553 1319 5598 recte
1341 5544 1448 5599 dici
1477 5544 1666 5600 rubens
1705 5545 1905 5601 candor
1930 5555 1977 5600 et
2002 5562 2124 5600 can-

539 5608 641 5664 dor
678 5612 882 5672 rubens.
909 5608 1045 5667 velut
1085 5612 1279 5687 siquis
1312 5613 1462 5687 dicat
1485 5625 1789 5687 argenteum
1827 5632 2016 5687 aurum
2046 5614 2124 5670 vel

543 5693 764 5756 aureum
791 5691 1082 5756 argentum.
1225 5683 1312 5738 his
1352 5682 1720 5756 verbisfnulla
1762 5694 1847 5742 est
1886 5685 2125 5756 recipro-

546 5748 717 5816 catio,
751 5748 969 5822 seu'(ut
994 5752 1168 5825 inquit
1198 5754 1407 5824 auctor)
1446 5754 1713 5812 derivatio
1757 5748 2116 5828 reciprocam;

2193 548 2248 603 in
2290 545 2410 603 foro
2461 548 2831 613 salutationes,
2870 548 3074 618 primas
3109 548 3162 602 in
3188 536 3578 604 conventibus
3607 552 3775 605 cathe-

2191 637 2335 703 dras,
2363 637 2596 707 dumque
2634 653 2732 708 per
2754 638 3047 708 appetitum
3093 632 3247 694 vante
3289 639 3469 694 laudis
3513 654 3611 695 sua
3646 641 3775 697 dicta

2191 728 2274 781 vel
2322 726 2462 783 iacta
2509 731 2730 799 cupiunt
2784 729 3043 787 mandare
3092 732 3364 787 memoriae
3423 733 3777 802 posteritatis,

2191 816 2449 887 imagines
2470 833 2589 886 qua:
2614 819 2748 874 bene
2772 833 2803 872 a
2826 820 3155 889 quibusdam
3174 819 3227 875 in
3253 818 3611 877 basilicarum
3635 817 3795 877 orna-'

2191 912 2387 965 mentis
2428 912 2740 968 constituta:
2778 912 3015 979 fuerunt,
3060 929 3161 983 per
3203 914 3416 985 ineptas
3468 922 3526 970 et
3575 904 3791 973 inutiles

2189 1002 2422 1071 synodos
2462 1002 2604 1057 male
2629 1012 2685 1057 et
2724 1003 2828 1074 ipsi
2855 1004 3084 1059 adorant
3118 1012 3173 1061 et
3206 1003 3340 1060 alios
3369 1006 3612 1061 adorare
3648 1022 3780 1062 eont—

2189 1093 2414 1164 pellunt.
2438 1093 2515 1149 Illi
2540 1108 2638 1163 per
2655 1094 2871 1150 inanem
2894 1095 3118 1166 gloriam
3144 1095 3385 1152 ﬁmbrias
3407 1097 3787 1167 magniﬁcam.

2191 1184 2280 1240 isti
2310 1185 2660 1242 nihilominus
2710 1203 2809 1257 per
2828 1185 3151 1256 iactantiam
3196 1189 3469 1261 imagines
3529 1189 3780 1255 adorant;

2190 1276 2264 1331 illi
2292 1276 2431 1333 bene
2470 1277 2747 1333 institutas
2790 1279 2928 1333 male
2972 1278 3363 1360 magniﬁcaudo
3392 1280 3655 1346 dilatant,
3698 1281 3783 1336 isti

2190 1369 2327 1423 bene
2362 1369 2607 1425 conditas
2650 1367 2789 1426 male
2818 1371 3091 1426 adorando
3137 1372 3407 1439 exaltant;
3467 1373 3548 1427 illi
3602 1366 3798 1447 putant"

2192 1457 2358 1528 Moysi
2401 1459 2685 1529 prmoeptis
2724 1474 2917 1530 parere
2950 1460 3194 1516 ﬁmbrias
3232 1462 3657 1532 magniﬁcando,
3697 1464 3798 1538 isti

2188 1557 2380 1620 putant
2429 1564 2487 1605 se
2531 1550 2738 1605 sanctis
2781 1548 3032 1607 omnibus
3078 1551 3293 1622 placere
3356 1553 3633 1625 imagines
3692 1555 3783 1607 ad-

2190 1641 2427 1706 orando;
2453 1655 2518 1697 ac
2544 1656 2643 1712 per
2662 1641 2765 1696 hoe
2790 1656 3095 1711 quanquam
3122 1654 3222 1711 per
3236 1642 3452 1698 diversa
3482 1645 3799 1699 discurrant

2191 1740 2247 1784 et
2275 1729 2488 1785 diversa
2522 1728 2749 1786 diversis
2775 1731 2950 1785 modis
2973 1738 3293 1800 sequantur,
3331 1733 3403 1786 ad
3451 1734 3620 1789 unius
3644 1740 3783 1788 erro-

2123 1794 2168 1855 B
2196 1821 2271 1877 ris
2307 1820 2629 1876 destinatam
2674 1819 2951 1875 vesaniam
3007 1820 3231 1877 tendere
3278 1831 3640 1878 noscuntur:
3690 1839 3780 1879 nec

2192 1912 2486 1978 immerito,
2516 1928 2640 1969 cum
2679 1912 2870 1968 horum
2906 1910 3192 1968 eﬁ‘eetnum
3217 1927 3394 1969 causae
3417 1915 3540 1970 sive
3561 1914 3781 1969 efﬁcien-

2193 2004 2267 2060 tia
2295 2004 2372 2058 nil
2396 2002 2543 2059 aliud
2572 2003 2680 2058 sint
2722 2003 2826 2057 nisi
2857 2009 3092 2059 ventosae
3119 2001 3295 2057 laudis
3321 2003 3501 2073 gloria
3538 1996 3663 2060 ‘sive
3695 2020 3777 2058 ar-

2193 2095 2455 2169 rogantia.
2488 2094 2559 2152 Ut
2584 2090 2713 2165 ergo
2738 2092 2893 2148 istius
2932 2092 3208 2149 vanissimi
3235 2093 3459 2163 capituli
3497 2097 3641 2166 quo]
3670 2096 3769 2152 dis-

2191 2196 2376 2244 cutere
2434 2184 2752 2242 commatice
2805 2181 3212 2253 proposuimus,
3263 2199 3422 2239 error
3468 2186 3770 2257 expressius

2192 2276 2532 2342 discutiatur,
2580 2288 2799 2331 necesse
2832 2281 2916 2329 est
2955 2280 3015 2327 ut
3060 2272 3202 2330 illius
3244 2282 3428 2330 textus
3475 2292 3546 2331 ex
3593 2278 3769 2333 ordine

2193 2376 2486 2438 repetatur.
2506 2364 2769 2423 Garriunt
2788 2364 2930 2419 enim
2955 2381 2969 2417 :
2996 2380 3016 2414 ι
3050 2358 3107 2419 Si
3138 2366 3434 2419 secundum
3458 2364 3629 2437 Moysi
3654 2365 3772 2438 legi-

2193 2459 2381 2514 timam
2408 2455 2752 2511 traditionem
2778 2453 3087 2524 praecipitur
3126 2451 3326 2524 populo
3374 2467 3615 2525 purpura
3654 2454 3772 2524 hya-

2138 2553 2143 2557 ’
2192 2546 2436 2602 cinthina
2470 2544 2527 2599 in
2558 2542 2789 2599 ﬁmbriis
2818 2542 2871 2596 in
2895 2539 3152 2596 extremis
3187 2540 3531 2596 vestimentis
3558 2540 3680 2610 poni
3711 2538 3770 2593 ad

2193 2635 2508 2693 memoriam
2536 2641 2591 2690 et
2617 2631 2918 2689 custodiam
2957 2637 3369 2701 praeceptorum,
3415 2629 3589 2685 multo
3614 2628 3771 2699 magis

2193 2728 2355 2783 nobis
2391 2733 2476 2781 est
2497 2738 2596 2795 per
2633 2721 2986 2779 assimilatam
3010 2721 3275 2790 picturam
3306 2727 3621 2777 sanctorum
3648 2718 3770 2772 viro-

2194 2832 2315 2873 rum
2340 2816 2526 2873 videre
2549 2812 2753 2869 exitum
2775 2810 3203 2867 conversationis
3218 2824 3430 2865 eorum.
3464 2828 3484 2863 ι
3512 2810 3624 2865 Hoc
3641 2806 3768 2877 quod

2192 2907 2402 2973 dicunt,
2428 2904 2594 2961 multo
2629 2903 2818 2974 magis,
2846 2901 2989 2972 quod
3014 2900 3250 2971 pertinet
3276 2899 3342 2954 ad
3368 2898 3691 2971 praecipitur,
3718 2905 3769 2947 nt

2194 2997 2563 3061 subandiatur,
2585 2995 2631 3050 si
2651 2992 2847 3064 populo
2869 2990 3201 3063 prmcipitur,
3220 2989 3392 3044 multo
3416 2987 3588 3059 magis
3604 2986 3765 3046 nobis,

2197 3090 2399 3147 nullum
2413 3104 2513 3144 nec
2525 3088 2696 3144 levem
2707 3099 2927 3142 sensum
2936 3082 3150 3154 quidem
3166 3081 3364 3136 habere
3374 3088 3576 3151 potest,
3589 3076 3772 3147 quippe

2121 3155 2176 3223 α
2197 3197 2320 3237 cum
2359 3194 2468 3234 non
2489 3178 2663 3234 solum
2710 3174 2880 3231 multo
2926 3173 3099 3243 magis
3145 3186 3253 3227 non
3296 3170 3657 3242 praecipiatur,
3683 3163 3769 3221 sed

2196 3290 2297 3331 nec
2321 3286 2474 3343 aeque
2498 3272 2715 3343 quidem
2761 3284 2860 3326 nec
2884 3269 3069 3324 minus
3086 3268 3295 3338 uspiam
3327 3266 3422 3324 hic
3464 3282 3617 3324 error
3648 3276 3766 3335 prai-

2196 3364 2301 3435 clpi
2330 3361 2596 3418 videatur.
2622 3360 2777 3430 Quod
2800 3374 2930 3415 vero
2959 3359 3163 3423 dicunt,
3193 3374 3288 3428 per
3310 3357 3653 3413 assimilatam
3690 3351 3760 3422 pi-

2196 3467 2403 3512 cturam
2434 3453 2601 3509 videre
2624 3452 2821 3507 exitum
2849 3449 3248 3505 conversationis
3293 3446 3599 3503 sanctorum
3646 3444 3764 3497 viro-

2199 3562 2334 3609 rum,
2379 3549 2595 3613 quantm
2638 3541 2709 3597 sit
2760 3539 3126 3603 absurditatis,
3187 3545 3513 3608 quantasque
3569 3524 3786 3591 demeti?

2198 3637 2307 3703 tite,
2349 3648 2486 3706 pene
2528 3632 2796 3688 inﬁnitum
2837 3637 2922 3685 est
2962 3628 3231 3699 persequi,
3269 3643 3396 3683 cum
3442 3625 3677 3682 videlicet
3716 3621 3760 3673 in

2200 3728 2525 3801 imaginibus
2570 3740 2679 3781 non
2722 3722 2894 3795 possit
2926 3727 3127 3776 sanette
3155 3717 3584 3775 conversationis
3614 3713 3762 3767 virtus

2202 3822 2399 3887 videri,
2424 3821 2519 3876 sed
2540 3814 2876 3874 solummodo
2898 3813 3003 3870 illae
3027 3811 3266 3868 materia:
3290 3809 3490 3882 quibus
3509 3810 3630 3880 ipsae
3650 3805 3762 3858 ima-

2202 3912 2358 3983 gines
2388 3910 2632 3965 formata:
2655 3912 2801 3962 sunt.
2831 3898 3228 3974 Numquidnam
3261 3902 3492 3957 virtutes
3534 3905 3586 3953 et
3621 3890 3761 3950 meri-

2203 4012 2387 4061 torum,
2410 3999 2661 4070 insignia,
2695 4011 2816 4066 quin
2841 3994 2948 4050 illis
2972 3993 3158 4068 utique
3182 3993 3238 4050 in
3268 3990 3514 4061 subiecto
3539 3989 3757 4043 ﬁlerunt;

2203 4094 2310 4151 hoc
2335 4099 2420 4149 est
2450 4092 2506 4146 in
2534 4089 2736 4155 animo,
2765 4087 2820 4142 in
2857 4087 2941 4142 bis
2982 4085 3129 4143 velut
3174 4085 3230 4139 in
3277 4082 3524 4151 subjecto
3561 4076 3761 4149 quodam

2203 4183 2375 4241 videri
2397 4189 2643 4255 possunt,
2673 4195 2795 4235 cum
2822 4178 3086 4237 tamenin
3116 4177 3202 4236 his
3227 4192 3335 4232 non
3360 4176 3434 4231 sit
3476 4170 3643 4230 anima
3663 4176 3761 4236 qmc

2205 4270 2492 4342 subiacens
2525 4284 2647 4326 esse
2685 4268 2859 4339 possit
2902 4267 3214 4332 virtutibus,
3254 4265 3310 4320 in
3343 4264 3580 4335 subjecto
3608 4264 3758 4312 autem

2204 4363 2344 4428 istis,
2369 4365 2473 4419 hoc
2498 4370 2582 4416 est
2611 4361 2662 4415 in
2696 4358 2958 4414 materiali
2986 4372 3212 4433 corpore
3235 4351 3621 4428 quodammodo
3638 4344 3760 4441 colo-

2206 4470 2295 4512 res
2319 4463 2461 4516 snnt,
2500 4454 2727 4508 virtutes
2755 4459 2935 4506 autem
2965 4449 3053 4505 his
3092 4464 3195 4508 nec
3220 4449 3287 4504 de
3312 4447 3576 4516 subjecto,
3606 4451 3693 4494 nec
3712 4444 3758 4487 ιη

2208 4545 2451 4615 subjecto
2477 4559 2596 4600 esse
2623 4541 2883 4613 possunt?
2904 4539 3174 4609 Numquid
3210 4538 3375 4609 igitur
3394 4530 3688 4623 sapientiam
3712 4529 3757 4623 et

2210 4633 2573 4706 eloquentiam
2617 4633 2673 4687 in
2703 4632 2820 4687 istis
2847 4644 3069 4687 cernere
3110 4644 3412 4699 possumus,
3445 4636 3595 4697 quam
3621 4617 3757 4688 pleri-

2210 4743 2318 4799 que
2363 4727 2577 4782 illorum
2632 4722 2973 4783 habuerunt?
3016 4722 3410 4791 Numquidnam
3459 4708 3754 4807 prudentiain

2212 4819 2454 4890 aspicere
2479 4819 2535 4872 in
2556 4816 2676 4873 istis
2698 4816 2957 4878 valemus,
2984 4827 3081 4885 per
3100 4828 3260 4882 quam
3286 4812 3488 4881 agnitio
3510 4820 3635 4862 vera:
3654 4799 3758 4854 ﬁdei

2211 4919 2269 4966 et
2304 4909 2529 4966 scientia
2576 4907 2879 4962 divinorum
2910 4906 3120 4976 apicum
3158 4904 3212 4957 in
3243 4903 3348 4962 illis
3376 4901 3477 4956 fuit
3504 4911 3592 4971 per
3620 4900 3753 4961 quam

2210 4999 2503 5057 trimodum
2524 4997 2651 5055 illud
2679 4995 3047 5067 intelligentia:
3073 5009 3240 5066 genus
3268 4993 3323 5048 in
3359 4992 3549 5049 din'nis
3577 4983 3706 5041 libris
3729 4992 3752 5030 α

2211 5090 2567 5165 prudentibus
2612 5086 2972 5158 intelligitur?
3009 5086 3249 5153 Quorum
3296 5083 3527 5154 primum
3565 5081 3638 5133 est

2216 5181 2361 5253 quod
2383 5178 2627 5251 quaedam
2652 5178 2726 5233 ita
2764 5177 3102 5249 accipiuntur
3132 5173 3505 5239 historialiter,
3542 5166 3753 5236 seposilis

2218 5275 2574 5351 :enigmaticis
2615 5273 2701 5328 vel
2740 5254 3275 5344 allegoricisﬁgnris,
3314 5279 3376 5325 nt
3404 5276 3486 5325 est
3511 5257 3756 5351 decemiis

2218 5368 2375 5440 legis.
2421 5366 2755 5431 Secundum,
2787 5378 2886 5434 per
2927 5362 3070 5439 quod
3115 5362 3361 5432 qumdam
3404 5359 3460 5422 in
3502 5352 3751 5421 scripturis

2224 5546 2292 5601 ad
2337 5542 2493 5614 cujus
2534 5552 2769 5599 mentem
2813 5538 2982 5615 probe
3016 5541 3193 5615 locum
3238 5542 3324 5610 (ut
3368 5540 3517 5598 nobis
3556 5516 3745 5615 ιὶίίςιξτ)

2225 5603 2738 5687 redintcgravimus,
2787 5603 2862 5687 a'd_
2885 5614 3026 5669 hanc
3064 5603 3305 5687 {scietur
3333 5630 3354 5664 ι
3396 5619 3535 5687 recte
3559 5603 3746 5687 ψῦξίς

2224 5665 2709 5741 ἱδὲἷίξῖἔίιῖιὸῖἆ
2728 5665 3197 5749 asina-um;
3206 5665 3369 5740 "eam
3397 5665 3477 5738 si
3491 5674 3599 5750 quis
3627 5665 3744 5722 ἀίω

2229 5764 2542 5826 argenteum
2571 5770 2783 5822 aurum,
2812 5762 2913 5810 CiC.
2956 5775 2974 5805 ι
