4070 6186
344 310 488 374 1043

1136 315 1315 372 LIBRI
1352 308 1699 374 CAROLINI.
1740 335 1809 358 μ
1847 315 2073 373 eam.
2115 318 2206 373 ne
2242 312 2431 376 lMAG.
2471 304 2542 361 4-
2578 300 2717 378 LIB:
2752 324 2792 380 l.

3483 301 3618 389 teis

340 431 569 502 mystice
590 406 951 498 accipiuntur.
975 435 1083 482 tam
1113 429 1405 484 secundum
1445 430 1607 486 iidem
1636 445 1816 485 rerum
1838 444 1935 500 ge-
1967 424 2015 487 Δ
2041 439 2160 483 sum
2183 447 2340 504 super
2362 443 2587 499 terram;
2615 436 2727 491 sive
2762 453 2883 492 cum
2915 438 3044 497 dicit
3071 481 3083 493 .
3124 440 3307 496 Sancti
3336 461 3429 514 per
3461 447 3618 514 ﬁdem

338 533 583 585 stat-um,
633 534 796 590 quam
848 520 1011 575 etiam
1051 518 1206 588 juxta
1236 520 1464 590 liguer
1518 520 1925 591 allegorieorum

337 624 594 666 sensuum
618 624 635 664 :
658 609 798 665 sicut
816 616 969 679 petra
998 623 1064 663 ex
1101 624 1206 679 qua
1233 609 1508 681 legislator
1530 610 1718 666 latices
1741 610 1928 665 elicuit

334 712 395 759 et
426 702 782 760 historialiter
805 703 979 757 cautis
999 701 1101 757 fuit
1132 709 1188 757 et
1227 718 1395 772 aquas
1427 702 1680 764 evomuit,
1709 709 1764 756 et
1798 700 1927 756 alle—

333 796 519 867 goriee
559 792 1022 865 Christi‘liguram
1061 795 1243 866 gessit,
1282 793 1374 864 qui
1418 809 1544 850 cum
1571 794 1643 850 sit
1681 793 1819 864 lapis
1870 792 1927 849 in

338 889 687 945 fundamento
721 886 851 953 Sion
892 885 1159 950 fundatus,
1202 883 1457 942 melliﬂuo
1501 885 1759 956 spiritalis
1806 883 1928 940 vitm

336 980 529 1053 poculo
554 978 888 1036 credentium
915 986 1123 1033 mentes
1150 978 1331 1033 satiat.
1358 977 1601 1034 Tertium
1623 992 1792 1049 genus
1822 985 1924 1045 est,

336 1070 484 1140 quod
507 1077 716 1125 tantum
763 1068 1078 1139 spiritaliter
1103 1068 1384 1139 accipitur,
1426 1069 1566 1124 sicut
1600 1068 1666 1123 de
1691 1067 1928 1124 Canticis

335 1161 709 1224 Canticorum,
737 1158 1013 1230 inquibus
1039 1158 1113 1213 nil
1157 1158 1541 1223 historialiter,
1589 1159 1682 1214 sed
1719 1168 1928 1213 tantum

335 1249 673 1322 spiritaliter,
701 1248 1082 1322 pecipiendum
1110 1256 1211 1304 est.
1253 1249 1334 1304 An
1371 1247 1579 1318 justitia
1604 1248 1659 1303 in
1703 1249 1820 1304 istis
1849 1248 1930 1303 in-

335 1341 474 1398 tueri
501 1349 698 1411 potest,
729 1355 830 1410 per
855 1353 1017 1409 quam
1048 1339 1221 1395 sancti
1268 1339 1437 1395 Deum
1480 1340 1758 1404 timebant,
1798 1341 1926 1396 reli-

336 1431 552 1505 gionem
587 1430 1005 1496 venerabantur,
1028 1430 1239 1487 cunctis
1267 1429 1544 1501 prodesse,
1575 1430 1708 1486 nulli
1734 1444 1929 1486 nocere

334 1525 618 1586 curabant,
664 1522 916 1579 lraternre
945 1523 1227 1579 charitatis
1263 1523 1477 1580 vincula
1508 1524 1775 1594 amplecti.
1818 1525 1932 1580 sive

335 1613 511 1670 aliena
554 1612 794 1684 pericula
821 1613 1115 1683 suscipere,
1144 1612 1229 1670 vel
1257 1614 1423 1669 etiam
1467 1629 1627 1685 opem
1665 1613 1807 1670 ferre
1836 1614 1930 1669 mi-

330 1702 496 1770 seris,
525 1719 630 1760 nec
653 1718 761 1760 non
783 1704 997 1760 et‘boni
1027 1705 1234 1775 accepti
1271 1704 1698 1760 vicissitudinem
1740 1699 1933 1775 repeti-

335 1754 603 1859 demvvse“
624 1794 936 1865 παυίιεηειη
957 1795 1012 1849 in
1028 1754 1248 1865 iudiciis
1268 1811 1591 1851 conservare
1613 1754 1934 1851 studebant?
1966 1771 2010 1830 Β
2035 1754 2156 1865 0",:

336 1886 420 1940 An
462 1884 691 1940 illorum-
713 1881 1087 1939 fortitudinem
1127 1884 1183 1939 in
1212 1885 1481 1956 pictorum
1509 1884 1782 1941 coloribus
1812 1901 1937 1956 per-

336 1977 545 2046 spicere
592 1990 879 2048 possumus
917 1990 1017 2045 per
1074 1988 1236 2046 quam
1285 1976 1656 2047 magnanimes
1704 1977 1934 2032 adversa

336 2067 715 2139 aequanimiter
741 2066 1060 2136 toleravere,
1092 2076 1148 2124 et
1178 2068 1264 2125 his
1303 2070 1572 2140 patienter
1615 2084 1848 2134 cessere,
1880 2081 1937 2127 ct

338 2160 533 2230 spretis
557 2159 828 2215 illecebris
854 2158 1067 2215 fortiter
1091 2162 1363 2228 restitere,
1404 2177 1501 2231 per
1524 2176 1687 2231 quam
1714 2163 1933 2219 morda-

337 2263 431 2304 ces
452 2264 617 2320 gazas
655 2255 712 2304 et
745 2247 930 2320 gloria:
976 2247 1244 2320 appetitus
1279 2247 1601 2321 eli‘ugerunt,
1634 2265 1731 2320 per
1771 2267 1935 2321 quam

338 2341 504 2397 etiam
551 2352 653 2397 nec
693 2338 939 2397 adversis
984 2337 1394 2412 frangebantur,
1435 2356 1534 2396 nec
1584 2341 1936 2398 elevabantur

338 2432 613 2498 secundis,
648 2428 804 2500 cujus
832 2430 998 2486 lorica
1047 2430 1218 2487 induti
1257 2429 1425 2487 fortes
1465 2431 1533 2487 ad
1581 2431 1794 2488 labores
1821 2434 1939 2490 exi-

340 2530 562 2588 stentes,
594 2522 661 2578 ad
696 2520 936 2593 pericula
970 2529 1157 2578 contra
1191 2521 1464 2594 improbos
1490 2523 1747 2579 molestiis
1771 2525 1936 2581 nullis

340 2612 594 2669 cedentes
615 2612 824 2669 animos
859 2613 1154 2684 paravere?
1193 2612 1277 2667 An
1323 2613 1537 2669 illorum
1581 2616 1935 2684 temperantia

344 2704 399 2764 in
443 2705 529 2761 bis
564 2704 888 2776 imaginibus
933 2705 1195 2769 cernitur,
1245 2718 1343 2775 per
1385 2721 1544 2776 quam
1594 2706 1935 2763 allectionem

343 2795 526 2851 carnis
577 2794 918 2851 moderantes
959 2795 1359 2865 restringebant
1403 2795 1742 2865 appetitum?
1798 2796 1933 2852 Cum

341 2900 476 2957 ergo
502 2886 581 2942 nil
602 2888 795 2942 borum
819 2902 941 2957 qua:
964 2886 1311 2956 praediximus
1335 2887 1387 2942 in
1414 2886 1532 2943 istis
1556 2886 1722 2944 videri
1740 2888 1930 2958 possit,

344 2991 552 3049 magum
565 2987 650 3032 est
672 2978 989 3033 temeritatis
1010 2977 1210 3043 dicere,
1224 2979 1279 3033 in
1321 2978 1614 3033 assimilata
1628 2980 1837 3050 pictura
1861 2981 1935 3035 vi-

341 3066 466 3120 dere
483 3066 679 3121 exitum
693 3068 1097 3122 conversationis
1118 3077 1438 3122 sanctorum.
1472 3068 1728 3136 Sequitur
1754 3068 1808 3122 in
1836 3085 1931 3124 eo-

342 3156 468 3213 dem
482 3159 777 3214 vanissimo
801 3158 1056 3229 capitulo,
1079 3169 1126 3213 et
1148 3174 1327 3214 eorum
1349 3159 1549 3213 imitari
1566 3158 1725 3228 ﬁdem
1744 3175 1928 3213 securi-

343 3250 473 3304 dum
511 3248 852 3321 apostolicam
888 3250 1247 3305 traditionem.
1295 3250 1694 3320 Numquidnam
1739 3265 1926 3305 eorum

348 3340 482 3395 lides
494 3353 616 3410 qua:
634 3341 926 3396 secundum
946 3341 1262 3412 Apostolum
1278 3356 1376 3411 per
1396 3341 1735 3398 dilectionem
1746 3358 1931 3413 opera-

346 3436 437 3483 tur
458 3429 511 3483 in
551 3428 875 3501 imaginibus
901 3430 1099 3485 imitari
1121 3431 1328 3501 potest?
1362 3430 1516 3487 Sicut
1536 3447 1664 3502 ergo
1692 3448 1797 3487 non
1827 3448 1926 3502 po-

345 3530 456 3577 test
476 3521 642 3577 videri
668 3523 721 3576 in
739 3521 827 3577 his
845 3523 1025 3578 exitus
1049 3523 1474 3581 conversationis
1494 3531 1821 3588 sanctorum,
1849 3523 1927 3579 sic

344 3624 447 3669 nec
460 3612 591 3670 tldes
604 3608 821 3678 imitari,
838 3615 1093 3684 quoniam
1107 3630 1225 3685 qua:
1237 3615 1342 3670 illis
1359 3614 1553 3670 desunt
1573 3615 1626 3669 in
1641 3615 1725 3669 his
1741 3630 1840 3668 nec
1850 3616 1929 3669 vi-

343 3700 462 3757 deri
474 3716 574 3757 nec
586 3716 684 3772 per
703 3702 803 3758 bas
824 3703 1021 3757 imitari
1035 3710 1280 3773 possunt.
1296 3703 1464 3760 Omne
1479 3702 1620 3773 quod
1633 3711 1781 3759 caret
1797 3703 1924 3767 vita,

346 3803 496 3850 calet
515 3806 708 3859 sensu;
732 3809 891 3850 omne
911 3795 1054 3866 quod
1076 3804 1227 3850 caret
1247 3810 1428 3859 sensu,
1445 3802 1591 3850 caret
1606 3795 1740 3861 lide;
1768 3810 1929 3851 mune

345 3882 512 3952 igitur
530 3884 673 3953 quod
693 3893 845 3940 caret
869 3885 999 3950 vita,
1023 3894 1173 3941 caret
1198 3885 1322 3942 lide.
1348 3886 1483 3940 Nam
1504 3902 1629 3941 eum
1651 3886 1760 3942 sint
1783 3901 1926 3954 spes,

346 3970 482 4030 ﬁdes
503 3983 558 4029 et
584 3974 822 4031 eharitas
861 3976 1159 4033 invisibiles
1195 3986 1251 4032 et
1275 3977 1630 4048 incorporalis
1655 3977 1928 4048 qualitatis

343 4064 641 4143 secundum
665 4064 1052 4138 proprietatem
1078 4082 1190 4123 sua:
1225 4069 1559 4135 substantiae,
1603 4069 1657 4123 in
1680 4084 1807 4124 vero
1832 4069 1929 4124 ho-

345 4154 491 4211 mine
519 4154 608 4229 qui
640 4158 738 4213 bas
764 4157 945 4222 habet,
971 4158 1136 4214 videri
1167 4175 1274 4216 non
1298 4170 1542 4230 possunt,
1575 4161 1678 4216 nisi
1706 4160 1845 4217 forte
1872 4162 1926 4216 in

344 4243 599 4313 operibus
622 4243 1099 4314 demnnstrentur;
1143 4248 1298 4303 sedes
1322 4250 1463 4304 enim
1496 4265 1681 4305 earum
1707 4249 1847 4305 sicut
1873 4259 1928 4305 et

343 4338 663 4386 ceterarum
688 4333 969 4400 virtutum,
995 4335 1050 4389 in
1074 4337 1252 4390 anima
1266 4345 1367 4401 est,
1392 4351 1551 4407 quam
1578 4346 1790 4394 constat
1808 4354 1928 4394 esse

344 4419 689 4476 invisibilem.
722 4422 790 4477 Et
820 4423 864 4478 si
894 4424 947 4479 in
976 4440 1126 4490 vero,
1170 4426 1261 4496 qui
1287 4426 1385 4483 has
1410 4429 1593 4498 utique
1631 4430 1810 4494 habet,
1849 4431 1925 4485 vi-

342 4510 457 4566 deri
479 4528 584 4567 non
619 4524 865 4584 possunt,
899 4515 1065 4593 multo
1111 4517 1291 4573 minus
1329 4518 1382 4575 in
1418 4520 1561 4590 picto
1605 4520 1770 4576 videri
1813 4531 1929 4593 pot-

342 4609 521 4668 erunt,
572 4604 664 4672 qui
705 4619 810 4658 non
838 4591 1010 4660 solum
1064 4607 1164 4670 his,
1216 4616 1277 4662 ut
1320 4610 1529 4679 prml‘ati
1583 4591 1927 4678 sumtispsed

340 4692 504 4748 etiam
550 4693 660 4749 vita
700 4704 878 4763 caret;
925 4706 981 4752 et
1025 4698 1071 4753 si
1112 4699 1167 4753 in
1217 4700 1301 4755 his
1339 4701 1504 4755 videri
1532 4717 1636 4756 non
1682 4710 1925 4772 possunt,

342 4781 508 4837 multo
536 4784 698 4855 igitur
726 4786 904 4842 minus
933 4787 1133 4843 imitari
1163 4797 1414 4859 poterunt
1438 4808 1450 4845 ε
1486 4792 1627 4847 unde
1647 4791 1805 4848 datur
1842 4794 1926 4848 in-

340 4872 511 4942 telligi
558 4889 755 4931 vanam
796 4890 919 4931 esse
965 4890 1154 4934 eorum
1198 4879 1359 4936 ﬁdem
1403 4881 1494 4950 qui
1524 4897 1621 4953 per
1668 4882 1928 4955 imagines

338 4972 649 5020 sanctorum
674 4965 831 5021 tidem
857 4967 1160 5025 imitaturus
1185 4985 1243 5025 se
1266 4970 1468 5026 dicunt.
1494 4969 1612 5027 iam
1646 4989 1772 5029 vero
1799 4976 1931 5044 quia

336 5053 543 5120 dicunt,
585 5053 893 5112 Secundum
941 5060 1290 5130 apostoilcam
1333 5059 1705 5130 traditionem,
1747 5066 1926 5123 dicant

339 5149 429 5207 ubi
452 5150 520 5206 ab
552 5154 811 5223 apostolis
835 5165 929 5211 aut
962 5158 1220 5230 exemplis
1240 5168 1332 5215 aut
1358 5161 1535 5217 verbis
1575 5160 1826 5218 traditum
1853 5164 1925 5219 sit

339 5256 436 5314 per
479 5244 743 5315 imagines
786 5248 969 5304 videre
1001 5250 1203 5306 exitum
1246 5254 1666 5311 conversationis
1711 5264 1925 5313 sancto-

339 5350 459 5392 rum
491 5343 546 5392 et
583 5355 771 5395 eorum
802 5342 1002 5397 imitari
1033 5342 1213 5399 tidem.
1243 5344 1457 5400 Exitum
1486 5360 1614 5416 ergo
1641 5362 1922 5403 conversa-

340 5427 502 5484 tionis
533 5440 845 5487 sanctorum
892 5433 996 5489 boc
1044 5434 1203 5490 modo
1248 5436 1582 5493 demonstrat
1616 5436 1919 5507 Apostolus,

340 5535 463 5575 cum
489 5521 661 5579 dicit:
702 5520 886 5579 Sancti
907 5542 1083 5580 omnes
1119 5526 1281 5596 juxta
1324 5526 1481 5597 ﬁdem
1526 5528 1760 5599 defuncti
1800 5538 1922 5584 sunt

341 5602 445 5665 non
478 5613 701 5683 acceptis
739 5615 1241 5691 repromissionibus,
1269 5617 1359 5671 sed
1389 5635 1421 5671 a
1448 5617 1599 5689 longe
1619 5620 1922 5688 aspicientes

340 5720 387 5761 et
422 5707 711 5763 sa.’utautes
739 5712 785 5763 et
810 5708 1105 5763 conﬁtentes
1142 5710 1264 5779 quia
1302 5711 1561 5781 peregrini
1608 5722 1653 5765 et
1699 5712 1918 5780 hospites

2026 520 2255 575 vicerant
2316 539 2494 593 regna,
2541 528 2740 596 operati
2772 537 2892 582 sunt
2937 528 3227 599 justitiam,
3278 533 3453 604 adepti
3498 547 3619 591 sunt

2027 612 2465 680 repromissioues.
2498 620 2852 674 exstinxerunt
2884 621 3128 691 impetum
3157 625 3311 693 ignis,
3346 626 3622 681 convalue-

2026 713 2146 756 runt
2179 704 2246 759 de
2286 706 2610 776 inﬁrmitate,
2647 709 2808 780 fortes
2845 711 2972 782 facti
2998 722 3118 768 sunt
3147 715 3201 768 in
3229 715 3381 780 bello,
3412 717 3495 771 vel
3522 733 3623 772 ete-

2024 808 2141 856 tera
2190 818 2309 873 qua:
2357 815 2672 874 sequuntur.
2720 807 2859 874 Quid
2904 823 3033 878 ergo
3084 798 3377 867 debeamus
3418 812 3620 868 imitari

2026 894 2426 950 evidentissime
2445 895 2584 950 idem
2615 897 2890 966 apostolus
2909 897 3263 961 demonstrat,
3290 916 3414 953 eum
3445 901 3576 955 dicit
3604 921 3618 953 :

2028 984 2209 1040 Estote
2231 987 2519 1041 imitatores
2542 986 2656 1051 Dei,
2685 989 2819 1042 sicut
2844 987 2945 1057 filii
2971 988 3265 1043 charissimi
3292 990 3508 1062 (Ep/tes.
3531 992 3618 1063 v);

2026 1082 2081 1127 et
2109 1074 2164 1128 in
2188 1073 2294 1129 alio
2322 1074 2441 1130 loco
2463 1075 2627 1130 dicit:
2657 1075 2958 1130 Imitatores
2975 1078 3075 1131 mei
3101 1073 3434 1143 estote,'sicut
3455 1090 3503 1133 et
3526 1098 3619 1152 ego

2028 1165 2222 1221 Christi
2252 1166 2305 1238 (ι
2330 1165 2454 1222 Cor.
2491 1167 2573 1241 ιι).
2602 1168 2753 1224 Unde
2776 1168 2979 1239 liquido
3006 1178 3155 1239 patet
3184 1172 3324 1226 hanc
3350 1188 3468 1227 esse
3494 1188 3622 1243 apo-

2027 1256 2276 1312 stolicam
2296 1258 2657 1326 traditionem,
2684 1268 2742 1313 ut
2777 1276 2883 1315 non
2924 1262 2985 1315 in
3021 1262 3269 1332 picturis,
3296 1265 3389 1320 sed
3436 1266 3488 1319 in
3515 1268 3622 1319 vir-

2030 1348 2235 1403 tutibus
2258 1348 2429 1404 videri
2451 1351 2622 1419 possit
2644 1360 2952 1405 sanctorum
2977 1353 3155 1408 exitus
3174 1356 3619 1420 conversationis,

2028 1448 2084 1495 et
2109 1454 2296 1494 eorum
2333 1439 2533 1494 imitari
2577 1440 2730 1505 ﬁdes,
2763 1456 2869 1495 non
2907 1441 3199 1511 imaginum
3240 1442 3396 1512 fucis,
3429 1446 3523 1500 sed
3569 1447 3620 1500 in

2029 1531 2285 1601 operibus
2308 1531 2487 1588 bonis.

2594 1646 2825 1704 CAPUT
2863 1649 3048 1705 XVIII.

2123 1756 2189 1828 od
2224 1772 2362 1828 uana
2396 1757 2466 1811 sit
2486 1772 2605 1828 spes
2625 1772 2806 1828 eorum
2839 1758 2929 1828 qui
2953 1756 3180 1828 salutem
3212 1772 3366 1812 suam
3404 1759 3461 1813 in
3482 1761 3621 1813 ima-

2159 1826 2310 1881 nibus
2344 1826 2563 1899 ponunt,
2602 1827 2831 1899 dicentes
2852 1826 2881 1899 Li
2907 1827 3060 1883 Sicut
3101 1827 3429 1884 Israeliticus
3453 1845 3624 1899 papu-

2127 1912 2191 1951 us
2215 1897 2482 1966 serpentis
2502 1898 2639 1967 tenei
2668 1898 2995 1967 inspectione
3021 1903 3267 1953 servatus
3292 1908 3391 1963 est,
3418 1897 3496 1955 sic
3524 1897 3622 1955 nos

2107 1964 2418 2022 sanctorum
2450 1964 2651 2037 eliigies
2676 1964 3000 2036 aspicientes
3031 1967 3380 2022 salvabimur.

2106 2056 2243 2127 Spes
2266 2073 2454 2113 eorum
2466 2052 2557 2129 qui
2579 2058 2805 2114 salutem
2827 2074 2983 2114 suam
3004 2059 3059 2113 in
3075 2058 3401 2130 imaginibus
3415 2071 3623 2129 ponunt

2034 2148 2103 2203 ab
2130 2146 2388 2235 Apostolo
2408 2150 2747 2219 reprobatur,
2770 2148 2863 2220 qui
2886 2160 3035 2220 spem
3056 2165 3164 2204 non
3194 2150 3250 2204 in
3284 2148 3369 2204 his
3394 2165 3513 2219 quae
3538 2151 3620 2205 vi-

2035 2241 2248 2305 dentur,
2270 2240 2365 2297 sed
2385 2242 2438 2296 in
2467 2242 2553 2296 his
2580 2258 2700 2312 qua:
2724 2257 2831 2296 non
2849 2242 3097 2298 videntur
3120 2256 3240 2299 esse
3264 2243 3507 2308 disserit;
3543 2242 3622 2298 ait

2034 2327 2213 2384 enim:
2244 2327 2373 2400 Spes
2398 2346 2514 2401 quin
2530 2330 2731 2384 videtur
2756 2347 2858 2386 non
2881 2342 2956 2385 est
2981 2348 3095 2403 spes
3111 2331 3290 2405 (Rom.
3306 2333 3457 2404 vui);
3479 2335 3624 2402 quod

2034 2422 2180 2477 enim
2209 2421 2355 2477 videt
2371 2422 2511 2493 quis,
2534 2422 2664 2493 quid
2692 2423 2908 2493 sperat?
2932 2423 2991 2478 Si
3022 2432 3200 2480 autem
3229 2426 3373 2495 quod
3408 2442 3512 2480 non
3542 2427 3622 2479 vi-

2036 2512 2225 2568 demus
2259 2527 2560 2582 speramus,
2582 2528 2680 2582 per
2698 2513 3016 2585 patientiam
3058 2524 3457 2585 exspectamus.
3486 2514 3618 2571 Nam

2036 2604 2162 2659 dum
2182 2618 2365 2659 tenens
2389 2618 2611 2673 serpens
2628 2604 2975 2675 praecipiente
2989 2605 3217 2661 Domino
3242 2622 3271 2660 a
3295 2605 3477 2676 Moyse
3491 2622 3622 2661 con-

2035 2693 2198 2757 ditus,
2228 2700 2283 2748 et
2309 2693 2364 2748 in
2390 2694 2603 2750 sublimi
2629 2694 2808 2761 fuerit,
2824 2711 2932 2752 non
2951 2703 3012 2750 ut
3035 2696 3372 2761 adoraretur,
3388 2696 3619 2766 positus,

2036 2783 2130 2839 sed
2157 2791 2215 2839 ut
2241 2784 2308 2840 ad
2334 2791 2544 2855 tempus
2580 2784 2873 2856 ignitorum
2903 2787 3232 2858 serpentium
3258 2787 3454 2842 virosis
3476 2787 3622 2841 obsi-

2035 2883 2202 2930 steret
2222 2875 2508 2942 morsibus,
2538 2875 2687 2933 falsze
2723 2878 2837 2947 spei
2870 2878 3234 2933 ludiﬁcatione
3273 2877 3616 2940 deluduntur’,

2035 2967 2125 3037 qui
2151 2966 2226 3021 ita
2250 2982 2309 3022 se
2336 2981 2498 3023 manu
2531 2958 2795 3024 factarum
2832 2970 3126 3041 imaginum
3161 2969 3493 3038 inspectione
3532 2985 3620 3024 sa-

2038 3058 2244 3114 nandos
2281 3059 2632 3126 arbitrantur,
2662 3060 2803 3117 sicut
2842 3060 3171 3117 Israeliticus
3205 3061 3434 3131 populus
3474 3061 3622 3117 illius

2032 3149 2166 3206 ωηθί
2192 3152 2805 3222 serpentisinspeetione
2816 3153 2885 3207 ab
2899 3152 3191 3224 ignitarum
3217 3152 3445 3223 pestium
3470 3166 3619 3207 mor-

2030 3244 2205 3301 tiferis
2246 3246 2443 3302 ictibus
2468 3247 2775 3309 satiabatur,
2813 3246 3111 3316 pnesertim
3158 3261 3279 3302 cum
3308 3246 3397 3301 ille
3425 3253 3483 3300 ut
3523 3247 3620 3302 lie-

2029 3345 2130 3403 rct,
2154 3336 2320 3408 Moysi
2343 3354 2374 3392 a
2390 3337 2617 3395 Domino
2644 3323 2966 3410 imperatum
2992 3346 3077 3393 est
3105 3357 3118 3393 :
3144 3339 3228 3393 ha:
3255 3354 3381 3392 vero
3406 3348 3464 3392 ut
3487 3338 3618 3394 ﬁant

2028 3425 2230 3481 nullius
2268 3425 2561 3496 Scriptum
2615 3435 2768 3483 textu
2820 3429 2891 3482 sit
2944 3428 3270 3483 institutum.
3312 3426 3450 3494 Quid
3487 3443 3621 3499 ergo

2029 3532 2252 3586 serpens
2282 3517 2389 3581 ille,
2420 3517 2573 3587 cujus
2610 3518 2947 3589 inspectione
2984 3535 3016 3573 a
3053 3518 3393 3588 serpentibus
3430 3518 3618 3574 vulne-

2029 3607 2133 3661 rati
2170 3608 2518 3673 sanabuntur,
2549 3608 3091 3679 signiﬁcaverit,ipso
3115 3607 3476 3678 Redemptum
3519 3626 3618 3666 no-

2029 3706 2143 3754 stro
2170 3698 2396 3754 docente
2429 3698 2796 3770 cognovimus,
2837 3701 2928 3769 qui
2961 3699 3038 3753 ait
3066 3713 3081 3753 :
3113 3698 3260 3754 Sicut
3294 3698 3501 3770 Moyses
3532 3717 3617 3755 ea:-

2028 3789 2208 3847 altavit
2236 3800 2525 3862 serpentem
2546 3792 2602 3847 in
2623 3790 2847 3856 deserto,
2874 3793 2947 3845 ita
2972 3789 3197 3846 exaltari
3223 3800 3421 3860 oportet
3442 3790 3614 3859 [ilium

2028 3882 2254 3938 honuni:
2277 3882 2457 3953 (Joan.
2479 3882 2595 3955 ill);
2621 3898 2780 3954 quem
2803 3882 3057 3938 videlicet
3071 3882 3197 3937 dum
3221 3881 3406 3936 sedula
3432 3889 3614 3937 mente

2030 3974 2260 4030 internis
2321 3975 2494 4032 oculis
2544 3976 2854 4047 aspicimus,
2915 3976 3274 4046 malignorum
3324 3977 3612 4046 spirituum

2029 4064 2324 4122 mortiferis
2366 4066 2724 4122 tentationum
2760 4066 3032 4122 morsibus
3071 4066 3356 4137 superatis,
3396 4073 3612 4121 aeternae

2028 4157 2221 4212 mortis
2247 4156 2486 4227 pericula
2519 4158 2802 4213 evitamus.
2838 4156 3103 4213 Praeterea
3139 4157 3280 4212 sicut
3322 4157 3376 4209 in
3414 4156 3610 4210 divime

2030 4248 2163 4320 legis
2199 4248 2380 4303 verbis
2411 4263 2475 4304 ea
2518 4264 2637 4319 qua:
2670 4264 2701 4303 a
2731 4257 2919 4306 saneto
2954 4247 3161 4320 Spiritu
3206 4247 3343 4303 bene
3380 4247 3432 4302 in
3472 4247 3607 4317 lege,

2027 4338 2327 4409 prophetis,
2358 4336 2646 4408 Evangelio
2673 4338 2787 4393 sive
2825 4338 3082 4409 apostolis
3120 4324 3263 4393 dicta
3301 4344 3446 4401 sunt,
3496 4337 3612 4404 ple-

1957 4456 2008 4518 n
2033 4444 2259 4498 rumque
2281 4443 2536 4500 perversa
2572 4429 2868 4483 intentione
2887 4429 2955 4484 ab
2977 4427 3337 4484 schismaticis
3362 4425 3500 4481 male
3528 4426 3611 4480 in-

2031 4520 2364 4591 telliguntur,
2399 4521 2472 4575 ita
2507 4521 2668 4576 etiam
2698 4520 2951 4591 pleraque
2979 4534 3098 4589 quae
3134 4518 3336 4577 idcirco
3368 4536 3399 4574 a
3428 4519 3610 4574 Patri-

2027 4611 2129 4666 bus
2153 4619 2213 4665 ut
2248 4612 2564 4682 prodessent
2601 4613 2845 4668 instituta
2877 4610 2962 4667 vel
2999 4610 3139 4667 facta
3178 4619 3323 4679 sunt,
3367 4614 3611 4669 decussis

2026 4699 2358 4772 prolixorum
2399 4708 2699 4771 temporum
2744 4700 3056 4768 curriculis,
3112 4716 3142 4754 a
3195 4702 3429 4772 posteris
3465 4702 3608 4758 male

2026 4790 2211 4849 habita
2238 4799 2292 4848 et
2318 4794 2370 4847 in
2391 4809 2703 4863 perversum
2736 4801 2939 4848 mutata
2962 4792 3128 4848 fuisse
3154 4794 3468 4857 creduntur,
3502 4793 3609 4849 sie-

2026 4893 2086 4938 nt
2120 4884 2186 4940 de
2220 4883 2570 4956 phylacteriis
2600 4893 2656 4940 et
2690 4882 2939 4949 ﬁmbriis,
2974 4885 3039 4939 de
3086 4885 3281 4953 quibus
3317 4883 3477 4953 paulo
3518 4887 3610 4938 su-

2024 4978 2208 5048 perius
2240 4974 2443 5034 dictum
2479 4988 2581 5044 est,
2621 4968 2704 5034 vel
2742 4978 2903 5033 etiam
2934 4979 3001 5033 de
3034 4994 3185 5033 amco
3222 4984 3513 5046 serpente,
3539 4976 3608 5031 de

2024 5084 2132 5137 quo
2160 5083 2303 5125 nunc
2336 5069 2514 5123 dicere
2548 5068 2899 5133 instituimus,
2928 5068 3039 5137 qui,
3071 5076 3129 5122 ut
3155 5066 3363 5138 prchati
3395 5081 3608 5131 sumus,

2024 5160 2090 5215 ad
2153 5168 2364 5231 tempus
2410 5168 2470 5214 ut
2512 5159 2808 5215 vulneratis
2844 5165 2875 5214 'a
2913 5160 3251 5231 serpentibus
3302 5157 3603 5229 prodesset,

1996 5248 2126 5305 'fuit
2151 5248 2508 5316 necessarius,
2544 5265 2643 5321 per
2678 5242 2838 5321 quem
2873 5250 3213 5321 postmodum
3256 5238 3474 5304 inolevit
3510 5263 3601 5303 ex-

2023 5340 2290 5397 celsorum
2346 5340 2799 5396 insolentissimus
2854 5348 2984 5396 usus
3021 5358 3033 5394 :
3086 5339 3172 5395 cui
3211 5354 3331 5393 eum
3375 5337 3602 5393 vidisset

2022 5431 2286 5488 Ezechias
2313 5446 2403 5487 rex
2430 5430 2610 5501 justus
2638 5431 2854 5487 incensa
2876 5430 3092 5486 adolere
3117 5438 3171 5484 et
3195 5428 3452 5499 quas-lam
3480 5426 3598 5482 cul-

2022 5530 2175 5579 turas
2195 5522 2467 5595 exhibere,
2496 5537 2797 5594 magnaque
2820 5537 2887 5577 ex
2915 5530 3071 5593 parte
3101 5520 3354 5592 populum
3385 5518 3599 5590 pericli-

2024 5613 2152 5679 tari,
2174 5622 2326 5669 tanto
2357 5628 2674 5684 persuasum
2695 5627 2907 5678 errore,
2926 5628 3049 5667 etim
3076 5629 3182 5667 non
3214 5611 3422 5668 distulit
3453 5609 3598 5666 fran-

2022 5722 2171 5779 gere,
2199 5722 2356 5778 quem
2385 5715 2437 5763 et
2462 5708 2555 5777 per
2581 5706 2941 5778 lcgislatorem
2967 5706 3031 5760 ad
3056 5705 3351 5776 profectum
3376 5691 3599 5760 noverat
