4070 6186
522 301 656 377 toi":

1387 322 1446 378 Ι).
1501 323 1750 380 (ΖΑΒΟῌ
1792 322 2002 379 MAG-Nl
2051 322 2203 380 0P9.
2242 325 2421 382 PARS
2462 328 2524 383 ll.
2579 326 2820 384 SECTIO
2852 326 2925 384 Β.
2962 348 2967 351 ‘

3628 329 3770 388 ms

520 432 791 489 conditum
820 429 1004 494 fuisse,
1027 440 1081 486 ct
1109 447 1139 485 a
1167 432 1362 503 populo
1388 434 1641 489 cernebat
1663 433 1923 488 celebrari
1946 448 2083 487 vano
2112 434 2161 491 Δ
2187 437 2463 505 sequimur
2500 438 2698 494 habere
2725 453 2887 507 opera
2913 440 3274 509 quommlibet
3309 439 3616 499 artificum:
3649 443 3771 500 illos

516 523 667 577 exaltu
698 533 754 577 et
785 523 1155 591 superstitiosa
1191 524 1465 594 religione.
1507 523 1650 580 Laus
1685 539 1815 595 ergo
1851 520 2088 592 ejusdem

520 615 765 671 Enechize
789 615 1113 671 sanctissimi
1142 615 1283 685 regis
1307 629 1373 670 eo
1396 614 1538 684 quod
1560 629 1726 669 vanas
1753 611 2090 682 superstitio-

518 722 613 762 nes
649 706 950 772 abstulerit,
996 706 1351 776 eumdemque
1401 713 1704 775 serpentem
1740 702 2086 772 confregerit,

519 796 622 851 hoc
655 797 813 851 modo
853 796 906 851 in
934 795 1130 851 divinis
1165 794 1362 850 litteris
1387 795 1657 851 habetur:
1686 792 1855 854 Fecit,
1892 790 2086 861 inquit,

518 870 930 958 Ezechias.un
952 886 1141 942 bonum
1170 894 1282 941 erat
1312 902 1486 940 coram
1511 883 1757 948 Domino,
1784 884 1945 955 juxta
1978 898 2090 935 om-

516 976 606 1041 nia
626 992 743 1046 qute
767 976 962 1045 fecerat
989 975 1155 1029 Dauid
1190 984 1340 1046 pater
1367 992 1493 1028 suus
1515 991 1533 1028 :
1568 980 1676 1044 ipse
1704 972 1971 1042 dissipauit
2000 982 2091 1024 ea:-

515 1063 652 1119 celsa
680 1073 727 1119 et
753 1064 992 1118 contriuit
1017 1074 1236 1126 statuas,
1277 1072 1325 1116 et
1362 1063 1581 1117 succidit
1613 1060 1778 1125 lucos,
1815 1059 2092 1129 confregit-

492 1148 613 1223 ‘que
631 1162 917 1224 serpentem
939 1137 1140 1207 evneum
1167 1168 1320 1222 quem
1344 1151 1535 1220 fecerat
1563 1150 1767 1220 Moyses
1787 1169 1807 1203 :
1833 1147 2087 1225 siquidem

513 1259 674 1314 usque
707 1242 777 1296 ad
812 1242 943 1296 illud
970 1251 1169 1311 tempus
1201 1239 1301 1308 ﬁlii
1339 1237 1509 1293 Israel
1532 1237 1809 1292 udo/ebant
1834 1237 1882 1290 ei
1917 1238 2090 1291 incen-

510 1348 647 1396 sum,
676 1331 973 1401 vocaritque
998 1345 1115 1383 eum
1144 1327 1407 1382 Naastan.
1442 1326 1508 1380 In
1540 1326 1764 1380 Domino
1789 1324 1897 1380 Deo
1921 1324 2089 1378 Israel

509 1419 752 1491 speravit,
776 1419 952 1489 itaque
976 1427 1087 1489 post
1112 1432 1229 1470 eum
1253 1433 1357 1470 non
1386 1415 1485 1485 fuit
1518 1413 1706 1469 similis
1726 1415 1772 1471 ei
1802 1412 1867 1467 de
1890 1415 2089 1468 cunctis

511 1510 716 1582 regibus
740 1509 903 1573 Iuda,
928 1508 1017 1563 sed
1053 1523 1215 1578 neque
1250 1507 1306 1561 in
1329 1506 1412 1559 Itis
1437 1507 1528 1575 qui
1551 1513 1672 1558 ante
1692 1520 1807 1556 eum
1844 1502 2082 1573 fuerunt:

510 1609 560 1653 et
584 1599 803 1653 adha'sit
827 1597 1070 1660 Domino,
1098 1607 1144 1651 et
1178 1613 1283 1651 non
1305 1596 1511 1649 recessit
1539 1611 1573 1647 a
1596 1594 1821 1664 vestigiis
1854 1593 1988 1663 ejus,
2018 1594 2091 1664 fe-

510 1695 682 1764 citque
705 1692 955 1746 mandata
980 1691 1095 1761 ejus
1125 1706 1243 1761 quin
1272 1695 1585 1759 praceperat
1612 1686 1866 1741 Dominus
1894 1686 2084 1756 Moysi,

2185 527 2277 595 qui
2307 528 2560 596 spiritum
2604 531 2881 585 servitutis
2919 541 3242 602 acceperunt
3278 533 3331 588 in
3366 534 3560 599 timore
3585 535 3773 591 dicant

2186 617 2439 673 habuisse
2459 634 2521 674 ea
2536 636 2656 689 quae
2676 620 2884 691 Moyses
2911 622 3159 690 faciebat,
3175 624 3405 681 Domino
3431 627 3737 681 insinuante
3749 645 3773 689 ;

2186 720 2286 760 nos
2313 706 2403 775 qui
2430 707 2679 776 spiritum
2700 710 3004 779 adoptionis
3032 713 3358 781 accepimus,
3382 715 3436 767 in
3454 731 3557 784 quo
3575 716 3772 769 clamne

2187 810 2301 848 mus
2336 796 2481 850 Abba
2516 807 2684 867 pater,
2725 799 2925 855 habere
2961 801 3223 870 imagines
3249 816 3385 871 quas
3417 803 3646 873 quilibet
3685 803 3773 874 pi-

2187 891 2305 939 ctor
2327 885 2510 941 condit
2534 889 2817 944 mundanae
2835 897 3041 944 tantum
3066 890 3202 945 artis
3218 893 3773 963 experientiaperdo-

2186 982 2360 1028 cente.
2391 973 2499 1030 Nos
2522 976 2689 1041 enim,
2718 978 2809 1046 qui
2839 994 2943 1033 non
2985 980 3263 1048 sequimur
3297 980 3532 1039 litteram
3570 982 3769 1038 mortis

2186 1062 2460 1129 licentem,
2486 1065 2580 1120 sed
2607 1065 2855 1135 spiritum
2885 1068 3276 1135 viviﬁcantem;
3308 1071 3399 1141 qui
3431 1086 3539 1125 non
3573 1088 3767 1127 carna-

2187 1150 2275 1215 lis,
2307 1151 2401 1207 sed
2445 1153 2705 1226 spiritalis
2730 1155 2895 1213 Israel
2923 1172 3143 1225 sumus;
3184 1160 3281 1229 qui
3311 1170 3506 1232 spretis
3541 1162 3770 1217 visibili-

2185 1241 2287 1297 hus
2315 1242 2601 1301 invisibilia
2627 1247 3070 1316 contemplemur,
3099 1265 3207 1308 non
3233 1250 3407 1307 solum
3436 1251 3768 1323 imaginibus

2186 1330 2389 1400 majora
2419 1336 2691 1404 mysteria,
2715 1352 2835 1406 qua:
2854 1339 3000 1393 omni
3040 1340 3304 1410 mysterio
3324 1349 3534 1407 carent,
3558 1343 3651 1397 sed
3685 1344 3771 1414 ip-

2184 1422 2262 1478 sis
2291 1424 2486 1480 tabulis
2514 1441 2609 1481 seu
2646 1429 2857 1485 duobus
2896 1430 3176 1488 cherubim
3202 1431 3411 1502 majora
3436 1441 3493 1491 et
3524 1435 3773 1491 eminen-

2186 1513 2323 1571 tiora
2352 1519 2727 1588 mysteriorum
2767 1521 2997 1594 insignia
3035 1539 3065 1579 a
3102 1523 3328 1581 Domino
3355 1527 3631 1596 accepisse
3654 1543 3770 1583 nos

2187 1606 2541 1676 gratulamur,
2584 1626 2712 1666 cum
2735 1611 2982 1667 videlicet
3025 1613 3222 1670 tabulae
3255 1623 3312 1670 et
3352 1617 3458 1672 duo
3483 1616 3767 1673 cherubim

2187 1698 2513 1768 exemplaria
2545 1698 2747 1755 fuerint
2777 1699 3113 1771 futurorum;
3142 1713 3197 1761 et
3221 1720 3342 1761 cum
3362 1706 3531 1763 Iudaei
3562 1709 3773 1765 habue-

509 1793 560 1837 et
576 1792 690 1837 erat
716 1781 970 1836 Dominus
995 1796 1215 1873 eamea,
1231 1789 1282 1873 et
1304 1779 1360 1831 in
1390 1776 1682 1873 cunctisnad
1705 1792 1822 1847 qua!
1846 1776 2085 1846 procede-
2117 1772 2161 1832 Β
2188 1789 2297 1843 rint
2331 1791 2639 1856 carnaliter,
2671 1809 2864 1863 resque
2897 1797 3091 1867 typicis
3114 1808 3316 1869 opertae
3357 1800 3545 1872 ﬁguris
3584 1803 3773 1873 praem.

508 1874 598 1928 bat
620 1874 881 1943 sapienter
905 1870 1086 1942 agebat
1110 1869 1196 1941 (II
1221 1868 1349 1939 Reg.
1376 1866 1556 1938 xvm).
1584 1866 1711 1922 Haec
1735 1874 1998 1936 praeterea
2028 1876 2085 1923 et

508 1964 812 2035 huiusmodi
846 1962 1275 2034 superstitiones,
1308 1976 1445 2030 quas
1467 1974 1526 2016 se
1555 1960 1777 2030 quidam
1807 1967 1995 2030 putant
2015 1960 2085 2017 ob

504 2073 747 2112 amorem
776 2056 871 2110 Dei
900 2053 1099 2119 facere,
1124 2054 1264 2110 sicut
1290 2054 1345 2107 bi
1375 2053 1467 2123 qui
1493 2053 1564 2107 ob
1586 2059 1899 2108 sanctorum
1928 2066 2083 2108 amo-

506 2163 623 2203 rem
660 2146 987 2218 imaginibus
1019 2145 1304 2201 luminaria
1351 2143 1670 2207 accendunt,
1723 2156 1922 2213 easque
1958 2143 2086 2197 ado-

505 2246 651 2303 rant,
678 2238 780 2294 hoc
812 2237 969 2292 modo
992 2237 1182 2292 beatus
1211 2235 1573 2306 Hieronymus
1602 2233 1729 2289 dum
1751 2234 1819 2288 de
1856 2232 2086 2288 fimbriis

505 2337 563 2385 et
590 2327 939 2400 phylacteriis
974 2325 1369 2387 Phariszeorum
1397 2324 1569 2380 sancti
1597 2323 1861 2392 evangelii
1898 2321 2085 2379 lectio-

504 2433 631 2474 nem
651 2424 964 2488 exponeret,
987 2415 1332 2485 reprehendit
1359 2414 1571 2470 dicens:
1605 2431 1624 2464 ι
1648 2412 1764 2469 Hoc
1795 2413 1936 2484 apud
1963 2428 2081 2480 nos,

505 2509 702 2581 inquit,
729 2508 1119 2580 superstitiosa:
1143 2505 1472 2562 mulierculae
1508 2504 1564 2559 in
1596 2503 1834 2575 parvulis
1857 2517 2088 2573 evange-

506 2600 596 2655 liis
630 2610 687 2654 et
725 2598 782 2653 in
818 2597 997 2653 crucis
1031 2595 1175 2667 ligno
1210 2603 1268 2651 et
1316 2594 1371 2650 in
1410 2592 1715 2650 istiusmodi
1749 2594 1930 2657 rebus,
1965 2607 2085 2662 qua:

505 2692 705 2747 habent
738 2690 955 2761 quidem
984 2688 1160 2747 zelum
1191 2687 1307 2753 Dei,
1336 2687 1432 2743 sed
1460 2702 1567 2743 non
1592 2684 1747 2755 juxta
1774 2684 2079 2750 scientiam,

505 2795 677 2850 usque
702 2778 862 2835 hodie
885 2777 1153 2841 factitant,
1179 2777 1408 2834 culicem
1429 2776 1727 2846 liquantes,
1744 2783 1800 2829 et
1819 2773 2082 2830 camelurn

503 2872 813 2943 glutientes.
847 2889 867 2923 ι
892 2869 1011 2926 1am
1036 2885 1165 2926 vero
1188 2869 1312 2940 quia
1339 2883 1398 2924 se
1427 2867 1720 2938 imaginum
1750 2865 2084 2936 inspectione

504 2961 789 3017 salvandos
813 2959 1063 3025 credunt,
1101 2959 1242 3015 sicut
1265 2956 1532 3027 serpentis
1557 2955 1890 3026 inspectione
1913 2953 2083 3010 Israe-

505 3051 688 3108 liticus
712 3050 940 3122 populus
972 3066 1004 3104 a
1043 3048 1375 3121 serpentium
1402 3046 1673 3105 morsibus
1698 3046 2008 3110 sanabatur,
2034 3044 2079 3099 si

2184 1880 2496 1949 gurationes
2522 1882 2723 1939 fuerint
2763 1884 3085 1955 futurorum,
3114 1904 3213 1945 nos
3249 1890 3508 1948 habemus
3534 1894 3587 1948 in
3619 1896 3766 1950 reri-

2185 1976 2295 2025 tate
2315 1971 2632 2041 Spiritaliter
2653 1988 2716 2029 ea
2744 1976 2991 2044 quasillis
3015 1979 3409 2051 exemplaribus
3436 1982 3552 2039 sive
3582 1985 3771 2054 praui-

2182 2061 2551 2130 gurationibus
2585 2065 2892 2121 carnalibus
2936 2067 3439 2139 praeﬁgurabantur.
3486 2070 3765 2139 Quantum

2182 2165 2311 2220 ergo
2336 2153 2535 2210 eminet
2560 2155 2764 2211 umbra:
2798 2172 3023 2227 corpus,
3055 2159 3272 2231 imagini
3308 2163 3528 2227 veritas,
3567 2162 3762 2233 figure

2184 2255 2270 2295 res
2291 2250 2461 2311 gesta,
2485 2251 2693 2299 tantum
2721 2246 2922 2302 eminet
2947 2249 3130 2305 Veteri
3150 2250 3497 2308 Testamento
3516 2252 3721 2309 Novum
3738 2271 3759 2310 ε

2182 2332 2379 2402 quippe
2412 2348 2533 2389 cum
2562 2334 2693 2391 illud
2721 2336 3025 2393 dedicatum
3064 2339 3133 2395 sit
3172 2355 3204 2395 a
3239 2340 3418 2412 Moyse
3458 2358 3580 2405 cum
3618 2343 3765 2401 lecto

2181 2422 2326 2475 omni
2352 2424 2601 2478 mandato
2637 2423 2769 2495 legis
2806 2427 3058 2483 universo
3084 2430 3298 2500 populo,
3332 2432 3600 2504 accipiens
3626 2450 3759 2490 san-

2181 2512 2396 2581 guinem
2435 2512 2723 2570 vitulorum
2774 2523 2829 2571 et
2885 2516 3159 2574 hircorum
3198 2535 3319 2576 cum
3358 2538 3495 2592 aqua
3534 2532 3591 2583 et.
3632 2525 3763 2584 lana

2181 2603 2429 2658 coccinea
2454 2612 2509 2660 et
2533 2606 2786 2677 hyssopo,
2812 2608 2984 2678 ipsum
3005 2625 3218 2680 quoque
3244 2612 3439 2669 librum
3466 2624 3521 2671 et
3541 2631 3758 2672 omnem

2180 2695 2434 2764 populum
2454 2696 2687 2765 aspersit
2713 2698 2915 2763 dicens,
2944 2698 3047 2754 Hic
3065 2703 3279 2773 sanguis
3302 2708 3594 2759 testamenti
3615 2708 3763 2777 quod

2179 2782 2445 2839 mandavit
2467 2785 2545 2839 ad'
2561 2802 2647 2840 vos
2673 2785 2813 2842 Deus
2843 2786 3040 2860 (Exod.
3064 2789 3246 2862 XXIV);
3277 2791 3418 2848 istud
3443 2809 3575 2850 vero
3598 2796 3758 2851 dedi-

2180 2884 2359 2930 catum
2396 2876 2522 2930 sita
2550 2878 2731 2933 mundi
2771 2879 3127 2952 Redemptore
3156 2881 3382 2938 Domino
3417 2892 3602 2941 nostro
3626 2885 3759 2943 .lrsu

2178 2962 2414 3031 Christo,
2443 2965 2534 3037 qui
2566 2967 2621 3021 in
2652 2985 2758 3039 qua
2794 2980 2940 3024 nocte
2976 2971 3298 3037 tradebatur,
3333 2974 3530 3045 accepit
3568 2992 3757 3045 partem

2178 3068 2226 3111 et
2262 3058 2517 3114 benedixit
2544 3076 2606 3112 ac
2623 3060 2798 3131 fregit,
2835 3061 3073 3127 deditque
3103 3063 3374 3135 discipulis
3405 3067 3514 3121 suis
3541 3066 3755 3125 dicens:

504 3160 609 3213 qua
648 3143 787 3198 form
806 3142 887 3197 εῖε
913 3141 1159 3212 quam“
1196 3140 1440 3211 ωτροτίε
1470 3138 1811 3230 ίηθίθῐηθηιίδ
1835 3152 2079 3194 accessi-3'
2104 3112 2151 3174 Ο
2183 3149 2298 3205 Hoc
2337 3160 2414 3205 est
2441 3112 2635 3223 corpus
2658 3112 2830 3208 meum
2867 3112 3006 3225 quod
3046 3173 3140 3226 pro
3168 3112 3309 3213 vobis
3351 3158 3635 3230 tradetur:
3658 3161 3756 3216 hoc

505 3235 598 3297 rit,
632 3242 915 3289 recurrant
939 3232 1008 3287 ad
1037 3232 1299 3303 imagines
1324 3244 1525 3301 easque
1556 3229 1849 3300 aspiciant,
1889 3236 2078 3299 quate-

504 3340 609 3381 nus
633 3324 759 3380 dum
787 3323 997 3379 illarum
1028 3321 1361 3392 inspectione
1385 3319 1609 3375 minime
1636 3317 1810 3374 sanati
1838 3316 2072 3380 fuerunt,

505 3421 847 3471 revertantur
885 3411 954 3467 ad
991 3411 1301 3476 Dominum,
1337 3417 1393 3465 et
1424 3424 1521 3481 per
1558 3398 1865 3464 sanctorum
1915 3407 2081 3462 inter-

503 3504 778 3561 cessiones
801 3504 872 3559 ab
891 3488 1351 3561 eosanitatemse
1388 3508 1706 3571 accepturos
1740 3498 1963 3554 credant
1987 3499 2078 3567 qui

503 3596 672 3653 totius
694 3594 942 3652 sanitatis
961 3602 1016 3649 et
1038 3594 1166 3650 vitae
1186 3600 1271 3650 est
1298 3602 1507 3649 auctor.

1087 3681 1316 3740 CAPUT
1354 3681 1496 3738 XIX.

505 3773 660 3846 Quod
687 3791 893 3846 magna;
919 3774 987 3830 sit
1028 3773 1331 3846 temeritatis
1367 3772 1565 3846 dicere,
1591 3767 1971 3846 Signtqludzeis
1998 3777 2081 3846 ta-

573 3845 712 3902 bulae
757 3840 813 3899 e't
857 3845 963 3899 duo
1005 3843 1306 3906 cherubim,
1337 3842 1417 3896 sic
1443 3843 1599 3897 nobis
1628 3840 1950 3897 Christianis
1988 3840 2083 3894 do-

573 3923 698 3970 nata
731 3922 816 3968 est
842 3929 972 3969 crux
1000 3922 1058 3967 et
1090 3920 1400 3968 sanctorum
1425 3911 1708 3984 imagines,
1736 3911 1806 3966 ad
1841 3911 2082 3966 scriben-

574 3986 702 4041 dum
735 3992 792 4040 et
821 3984 1181 4040 adorandum.
2068 4006 2071 4009 λ

575 4076 730 4147 Saepe
752 4075 808 4130 in
833 4075 937 4131 hoc
963 4088 1126 4144 opere
1153 4073 1332 4129 dicere
1357 4071 1881 4143 compellimurqimd
1907 4084 2082 4138 neque

502 4165 701 4223 tabula:
722 4179 899 4234 neque
925 4163 1032 4219 duo
1049 4163 1349 4228 cherubim,
1371 4178 1473 4222 nec
1492 4171 1686 4219 caetera
1713 4159 2082 4229 hujuscemodi

503 4259 571 4314 ad
605 4257 937 4314 adorandum
952 4255 1202 4311 inVeteri
1221 4255 1569 4311 Testamento
1591 4253 1732 4309 facta
1769 4252 1933 4309 fuisse
1965 4269 2084 4311 cre-

502 4350 733 4403 dantur:
757 4345 1101 4417 quatquidem
1122 4345 1402 4403 istiomnia
1426 4344 1615 4401 relicto
1634 4344 2085 4402 mediocritatiset

503 4436 845 4492 rectitudinis
873 4434 1008 4491 calle
1035 4434 1091 4489 in
1109 4449 1175 4489 eo
1195 4433 1334 4488 ultra
1354 4448 1517 4503 quam
1546 4432 1679 4487 ordo
1697 4432 1958 4502 exposcit,
1987 4447 2081 4488 es-

504 4526 719 4591 tolluut,
747 4525 891 4595 quod
910 4538 975 4579 ea
1001 4524 1069 4579 ad
1093 4522 1423 4579 adorandum
1444 4522 1609 4579 fuisse
1643 4522 1836 4579 collata
1871 4523 2083 4592 procla-

505 4624 677 4683 mant,
704 4617 759 4671 in
786 4629 854 4671 eo
884 4629 1014 4669 vero
1039 4613 1180 4669 ultra
1211 4628 1372 4683 quam
1413 4629 1503 4669 res
1536 4612 1703 4684 exigit
1739 4613 2081 4678 submittunt,

511 4708 654 4779 quod
693 4707 802 4762 illis
827 4705 1088 4775 imagines
1112 4704 1443 4773 tequiparare
1483 4701 1759 4757 affectant.
1790 4701 1927 4758 Cum
1954 4717 2099 4772 ergo

509 4799 715 4863 dicunt,
747 4815 767 4849 ι
798 4796 952 4852 Sicut
989 4793 1188 4849 Induis
1215 4793 1412 4849 tabula:
1451 4801 1507 4848 et
1536 4791 1641 4847 duo
1668 4792 1969 4857 cherubim,
2005 4792 2082 4846 ita

506 4889 663 4946 nobis
683 4884 1006 4943 Christianis
1029 4884 1152 4939 data
1177 4889 1264 4938 est
1290 4898 1422 4938 crux
1458 4893 1515 4937 et
1552 4888 1862 4936 sanctorum
1893 4879 2084 4949 imagi-

504 4994 603 5036 nes
624 4978 690 5034 ad
717 4975 1050 5034 adorandum
1084 4981 1140 5029 et
1181 4974 1250 5029 ad
1286 4974 1663 5036 scribendum,
1701 4991 1719 5024 ι
1763 4971 1893 5042 quid
1938 4972 2082 5035 aliud

506 5070 734 5134 faciunt,
759 5066 863 5122 nisi
888 5073 948 5121 ut
971 5064 1235 5135 imagines
1257 5064 1516 5128 exaltent,
1535 5062 1967 5118 Christianorum
1994 5077 2081 5117 res

502 5157 831 5217 extenuant?
867 5156 1166 5227 praesertim
1205 5169 1329 5211 cum
1365 5154 1487 5211 illos
1518 5153 1608 5223 qui
1645 5154 1746 5208 sub
1786 5152 1903 5223 lege
1927 5160 2082 5211 erant

507 5254 692 5309 dicant
712 5249 964 5308 habuisse
991 5248 1126 5303 duos
1153 5246 1429 5307 cherubim
1460 5261 1491 5300 a
1515 5245 1696 5315 Moyse
1718 5244 1985 5309 conditos,
2014 5245 2081 5300 de

504 5356 736 5411 quorum
763 5339 940 5394 medio
964 5338 1107 5393 Deus
1143 5335 1479 5407 loquebatur,
1513 5350 1612 5390 nos
1640 5345 1819 5391 autem
1854 5334 1946 5404 qui
1978 5335 2079 5389 sub

506 5436 679 5507 gratia
706 5448 896 5490 sumus
933 5432 1117 5488 dicant
1166 5431 1367 5487 habere
1408 5445 1616 5494 cruces,
1651 5444 1771 5500 quae
1798 5446 1828 5482 a
1856 5428 2079 5499 quibus-

505 5528 638 5584 libet
665 5525 967 5582 artiﬁcibus
987 5521 1332 5586 reﬁciuntur;
1368 5520 1489 5576 illos
1526 5520 1619 5588 qui
1658 5520 1903 5574 umbram
1943 5517 2078 5589 legis

327 5643 340 5655 .
426 5615 868 5686 “inuehuntur
898 5613 1154 5670 habuisse
1195 5610 1418 5668 {sederis
1460 5608 1691 5673 tabulas,
1739 5607 2077 5687 continentes

504 5705 640 5779 legis
658 5704 991 5791 dealogum,
1019 5700 1235 5774 ωειςιηί
1261 5698 1543 5760 veritatem
1573 5714 1693 5773 qua;
1726 5697 1974 5759 Christus
1992 5704 2075 5753 est

2178 3239 2334 3310 facite
2370 3242 2428 3295 in
2458 3257 2626 3297 meam
2656 3245 3199 3301 commemorationem
3231 3261 3249 3300 :
3286 3248 3526 3307 similiter
3548 3257 3598 3303 et
3633 3251 3758 3303 cali-

2177 3347 2286 3384 cem
2319 3346 2591 3403 postquam
2619 3334 2836 3390 coenavit
2871 3334 3067 3400 dicens,
3109 3334 3211 3393 Hic
3248 3338 3389 3394 calia:
3412 3338 3619 3395 Novum
3652 3339 3745 3395 Te-

2172 3428 2486 3477 stamentum
2516 3431 2592 3476 est
2616 3421 2671 3476 in
2700 3438 2814 3477 meo
2844 3425 3116 3493 sanguine,
3138 3426 3229 3496 qui
3257 3443 3353 3504 pro
3381 3427 3519 3485 vobis
3562 3438 3609 3482 et
3658 3446 3758 3499 pro

2177 3511 2354 3565 multis
2387 3512 2682 3582 e/fundetur
2713 3513 2769 3567 in
2802 3515 3152 3570 remissionem
3179 3525 3506 3588 peccatorum
3534 3510 3587 3587 (1
3627 3517 3758 3577 Cor.

2178 3599 2278 3670 ιι).
2305 3601 2363 3656 1η
2404 3600 2496 3656 ἰΙΙο
2529 3603 2748 3675 sanguis
2780 3603 3057 3660 hircorum
3090 3612 3144 3658 et
3177 3612 3474 3670 taurorum,
3515 3614 3571 3662 et
3616 3608 3757 3665 cinis

2180 3693 2360 3748 vitula:
2381 3709 2634 3764 aspersus
2657 3695 3031 3766 coinquinatos
3055 3696 3443 3763 sanetiﬁcabat,
3472 3697 3537 3753 ad
3567 3713 3755 3755 emun—

2179 3782 2451 3840 dationem
2492 3785 2703 3852 carnis;
2760 3787 2813 3842 in
2861 3788 2967 3844 isto
3015 3789 3231 3860 sanguis
3272 3788 3475 3845 Christi
3517 3791 3609 3860 qui
3659 3806 3755 3863 per

2182 3873 2442 3945 Spiritum
2466 3886 2711 3933 sanctum
2750 3879 3094 3950 semetipsum
3122 3879 3317 3936 obtulit
3352 3880 3755 3936 immaculatum

2180 3964 2319 4031 Deo,
2354 3975 2411 4022 et
2445 3969 2670 4023 mundat
2713 3969 3069 4027 conscientias
3121 3979 3335 4028 nostras
3389 3973 3458 4027 ab
3503 3973 3757 4042 cperibus

2179 4055 2440 4120 mortuis,
2481 4058 2548 4112 ad
2586 4058 2925 4116 serviendum
2961 4060 3070 4115 Deo
3102 4059 3226 4115 vivo
3259 4068 3314 4114 et
3362 4076 3514 4117 vero.
3556 4061 3613 4116 in
3663 4062 3752 4117 illo

2136 4158 2351 4216 “agnus
2396 4162 2497 4218 per
2543 4145 2772 4206 familias
2818 4149 3181 4213 occidebatur,
3232 4135 3457 4220 ejusque
3498 4151 3755 4207 carnibus

2179 4236 2376 4306 pascha
2399 4236 2801 4325 celebrabatur;
2827 4237 2881 4292 in
2913 4236 3017 4293 isto
3043 4235 3222 4309 Agnus
3247 4236 3344 4292 Dei
3365 4239 3456 4310 qui
3480 4238 3615 4294 tollit
3642 4256 3757 4309 pecs

2181 4340 2300 4384 cata
2321 4330 2504 4385 mundi
2526 4328 2707 4402 (Joan.
2741 4330 2804 4402 ι),
2828 4329 2920 4401 qui
2948 4337 3031 4386 est
3064 4345 3225 4385 verus
3248 4330 3420 4401 agnus
3441 4331 3752 4386 immacula-

2181 4427 2299 4483 tus,
2341 4420 2453 4477 Deo
2487 4420 2650 4475 etiam
2686 4427 2770 4477 est
2807 4419 2863 4475 in
2895 4418 3218 4477 sacrificium
3269 4418 3502 4484 oblatus,
3542 4421 3754 4476 dicente

2104 4465 2161 4529 υ
2182 4465 2464 4579 Apostolo,
2506 4507 2714 4568 Pascha
2773 4518 3006 4569 nostrum
3064 4508 3363 4564 immolatus
3406 4465 3502 4564 est,
3518 4509 3754 4565 Christus

2183 4599 2239 4671 (I
2263 4598 2477 4670 Conv).
2504 4598 2561 4655 In
2593 4599 2687 4655 illo
2709 4598 3080 4657 Chananitidis
3105 4600 3281 4669 gentis
3303 4615 3527 4671 regnum
3554 4617 3750 4656 reruni—

2180 4701 2286 4756 que
2341 4687 2702 4757 corporalium
2739 4685 3007 4744 afﬂuentia
3051 4686 3356 4757 pollicetur,
3402 4687 3455 4741 in
3500 4687 3607 4745 isto
3645 4689 3752 4744 vita

2179 4788 2381 4835 :nterna
2418 4794 2749 4849 regnumque
2775 4778 3035 4835 cmlorum
3064 4777 3396 4837 conceditur.
3420 4778 3481 4835 In
3510 4778 3603 4835 illo
3632 4796 3746 4851 pro-

2180 4858 2413 4923 mittitur
2438 4876 2582 4923 terra
2607 4882 2728 4938 qua:
2755 4867 2894 4922 lacte
2919 4872 2976 4921 et
3009 4865 3167 4921 melle
3189 4865 3336 4937 ﬂuit;
3373 4867 3429 4922 in
3451 4867 3559 4923 isto
3594 4868 3748 4938 polii-

2179 4965 2333 5014 cetur
2355 4958 2529 5028 patria
2559 4956 2815 5023 etnlestis,
2838 4957 2891 5013 in
2918 4972 3025 5028 qua
3063 4956 3220 5013 datur
3252 4960 3396 5028 quod
3428 4974 3529 5014 nec
3566 4958 3752 5014 oculus

2179 5050 2331 5114 vidit,
2355 5064 2454 5105 nec
2476 5050 2626 5104 auris
2653 5048 2874 5113 audivit,
2905 5064 3004 5105 nec
3029 5049 3081 5104 in
3110 5065 3205 5106 cor
3225 5050 3462 5106 hominis
3484 5053 3746 5109 ascendit.

2177 5143 2234 5198 in
2261 5143 2355 5198 illo
2394 5142 2709 5205 neomenim,
2733 5141 2785 5195 id
2814 5149 2898 5196 est
2932 5157 3083 5197 novae
3125 5140 3265 5196 lunae
3299 5142 3585 5214 principia,
3611 5141 3750 5197 cole-

2177 5237 2406 5302 bantur;
2444 5234 2498 5289 in
2539 5234 2643 5295 isto
2680 5229 2824 5291 hora
2856 5240 3103 5288 creatura
3142 5233 3198 5289 in
3224 5231 3441 5288 Christo
3468 5234 3747 5304 accipitur,

2178 5340 2305 5381 vase
2327 5324 2608 5381 electionis
2632 5323 2800 5378 Paulo
2831 5329 3138 5389 attestantc,
3164 5323 3254 5393 qui
3279 5323 3384 5377 ait:
3404 5322 3465 5378 Si
3492 5339 3599 5389 qua
3622 5340 3747 5377 noua

2176 5420 2232 5472 iu
2257 5415 2465 5473 Christo
2490 5424 2749 5479 creatura,
2779 5423 2947 5470 uetera
2968 5414 3310 5478 transierunt,
3330 5429 3447 5468 ecce
3470 5413 3611 5484 facta
3633 5420 3747 5468 sunt

2177 5526 2309 5564 nova
2340 5507 2397 5583 (Ι
2400 5507 2428 5562 Ῐ
2452 5505 2574 5565 Cor.
2603 5506 2678 5578 ν).
2708 5506 2764 5563 ln
2791 5505 2881 5560 illo
2907 5505 3115 5565 sabbati
3138 5504 3308 5559 otium
3339 5512 3393 5560 et
3430 5506 3645 5576 requies
3664 5517 3747 5558 ce-

2176 5603 2507 5664 lebrabatur,
2535 5600 2587 5654 in
2617 5599 2722 5656 isto
2747 5598 2953 5656 sabbati
2989 5596 3206 5668 requies
3242 5596 3296 5650 in
3331 5596 3551 5652 Christo
3587 5594 3745 5652 babe-

2175 5704 2265 5753 tur
2298 5693 2389 5765 qui
2426 5690 2581 5756 dixit,
2620 5688 2799 5745 Venite
2835 5687 2905 5743 ad
2940 5704 3037 5754 me,
3078 5703 3254 5745 omnes
3304 5688 3391 5757 qui
3415 5685 3665 5741 laboratis
3696 5694 3737 5739 et
