4070 6186
425 381 561 437 i059

1205 383 1381 440 LIBRI
1420 383 1758 439 CAROLINL
1799 416 1869 425 --
1901 385 2121 441 CAPIT.
2165 388 2251 445 DE
2286 390 2472 447 NAG.
2512 422 2582 433 -—
2619 393 2747 448 LIB.
2787 395 2830 448 ι.

3526 398 3660 455 1030

417 495 620 547 onerati
640 493 784 556 estis,
808 500 857 546 et
891 508 989 562 ego
1012 509 1097 547 vos
1128 495 1380 562 reﬁciam,
1403 504 1451 548 et
1478 495 1740 549 invenietis
1764 496 1988 566 requiem
2013 498 2063 557 Δ
2091 507 2177 553 cet
2208 503 2333 569 quia
2360 518 2461 558 nec
2482 512 2647 569 recte,
2672 512 2732 559 ut
2760 506 2949 566 fertur.
2980 507 3270 562 sacerdotii
3292 508 3503 563 culmen
3530 527 3659 566 con-

415 583 691 638 uiuatus
715 584 893 637 uestris
912 582 1127 655 (Matth.
1160 583 1261 655 ιι).
1286 584 1344 639 In
1375 584 1467 640 illo
1488 586 1773 655 pecoribus
1798 585 1992 640 immo-

415 671 540 726 la.is
561 671 743 728 carnis
765 677 822 725 et
854 672 1137 741 sanguinis
1167 673 1358 729 hostia:
1384 672 1771 738 oll‘erehaatur,
1794 675 1850 729 in
1884 674 1991 729 isto

413 760 740 816 sacriﬁcium
763 761 944 816 carnis
969 767 1025 816 et
1048 762 1325 831 sanguinis
1348 761 1552 818 Christi
1577 763 1819 826 olfertur,
1846 761 1991 833 quod

412 867 513 923 per
557 852 649 907 illa
685 850 941 906 animalia
976 852 1331 923 ﬁgurabatur.
1370 853 1428 907 In
1466 852 1560 908 illo
1588 851 1778 924 jugum
1826 868 1991 924 grave

395 941 548 1011 legis
582 940 887 998 cervicibus
918 942 1229 1012 impositum
1269 942 1504 998 faciebat
1542 958 1744 1006 servos,
1786 944 1841 998 in
1884 944 1989 999 isto

410 1030 607 1103 iugum.
624 1030 827 1087 Christi
866 1030 982 1087 leve
1003 1039 1060 1086 et
1078 1046 1219 1087 onus
1245 1046 1411 1087 suave
1448 1046 1547 1101 per
1573 1031 1823 1101 spiritum
1852 1032 1985 1087 ado-

410 1122 609 1193 ptionis
635 1121 767 1177 facit
798 1120 957 1177 ﬁlios.
985 1120 1083 1177 His
1109 1120 1184 1176 ita
1207 1135 1267 1177 se
1303 1122 1626 1177 habentibus
1648 1136 1987 1192 perversum,

410 1220 467 1268 et
501 1212 643 1267 ultra
666 1227 827 1282 quam
847 1225 1160 1282 perversum
1181 1220 1286 1277 est,
1311 1220 1373 1267 ut
1394 1212 1702 1267 alternatim
1727 1229 1988 1270 converso

408 1302 598 1359 ordine
618 1301 1087 1371 praestautioribus
1110 1300 1397 1365 deteriora,
1414 1301 1837 1357 deterioribusve
1856 1318 1991 1372 prte-

409 1392 669 1449 stantiora
712 1390 928 1454 dentur,
976 1399 1033 1445 et
1076 1390 1212 1445 adeo
1264 1389 1555 1460 imaginum
1580 1406 1712 1446 usus
1743 1391 1990 1461 magniﬁ-

411 1488 565 1535 cetur
610 1487 673 1533 ut
717 1477 1149 1535 Christianorum
1199 1494 1288 1534 res
1345 1480 1577 1550 quodam
1624 1481 1787 1537 modo
1835 1491 1989 1537 exte-

409 1582 665 1630 nuentur.
1719 1590 1723 1594 ’

1000 1662 1232 1721 CAPUT
1271 1665 1393 1721 XX.

410 1776 895 1851 Quaduouminus
923 1776 1181 1851 omnibus,
1208 1776 1299 1831 sed
1331 1795 1461 1851 pene
1492 1780 1694 1851 cunctis
1726 1778 1845 1851 plus
1887 1781 1986 1836 Ta-

2090 592 2381 659 scenderit,
2407 601 2463 648 et
2484 595 2613 663 quia
2642 595 2798 663 dixit,
2843 613 2864 648 t
2905 594 3012 651 Pro
3045 598 3327 653 cherubim
3368 600 3664 657 habeamus

2090 682 2353 754 imagines
2381 706 2403 738 ι
2439 687 2761 755 quibusdam
2804 703 2903 758 per
2929 690 3178 745 eumdem
3218 690 3506 747 locutionis
3549 708 3664 749 mo-

2090 775 2236 840 dum,
2265 776 2357 844 qui
2390 792 2423 830 a
2455 776 2774 846 quihusdam
2810 781 3061 835 astismos
3099 792 3455 852 nuncupatur,
3492 785 3666 854 prola-

2090 865 2179 930 tis,
2213 881 2354 922 nunc
2380 868 2615 938 qualiter
2643 870 2783 925 intra
2819 880 3059 927 sanctam
3088 873 3371 929 ecclesiam
3406 875 3665 946 propitia-

2089 959 2288 1013 torium
2312 959 2521 1015 duobus
2543 962 2822 1016 cherubim
2843 964 3214 1029 obumbretur.
3234 966 3346 1021 sive
3369 967 3663 1022 secundum

2088 1047 2426 1103 tabernaculi
2460 1050 2896 1106 constitutionem
2922 1053 3064 1121 quod
3103 1053 3157 1108 in
3194 1069 3378 1110 eremo
3418 1071 3447 1110 a
3485 1054 3665 1127 Moyse

2087 1139 2436 1193 constitutum
2460 1148 2564 1205 est,
2592 1141 2709 1197 sive
2729 1142 3020 1197 secundum
3043 1143 3227 1213 templi
3254 1145 3661 1201 aediﬁcationem

2087 1232 2230 1299 quod
2262 1244 2291 1283 a
2320 1228 2609 1286 Salomone
2635 1231 3024 1303 Hierosolymis
3062 1243 3329 1290 structum
3350 1244 3452 1300 est,
3483 1238 3664 1293 Domi-

2088 1334 2158 1372 no
2185 1318 2497 1384 auxiliante,
2520 1320 2854 1389 spiritalibus
2876 1322 3140 1392 spiritalia
3169 1333 3543 1395 comparantes
3568 1342 3665 1381 ex-

2086 1407 2384 1478 pediamus,
2412 1422 2481 1462 ne
2501 1409 2570 1464 ab
2601 1408 2980 1480 insipientibus
3008 1412 3262 1480 quiddam
3285 1413 3488 1469 sanctis
3515 1413 3663 1470 Scri-

2087 1496 2262 1568 pturis
2304 1496 2565 1566 derogare
2597 1498 2897 1563 videamur,
2949 1514 3017 1555 eo
3058 1502 3199 1570 quod
3243 1502 3506 1574 imagines
3554 1522 3659 1559 non

2087 1587 2400 1642 adoramus.
2428 1588 2612 1643 Primo
2642 1591 2989 1659 quaerendum
3032 1598 3117 1647 est
3158 1608 3259 1647 cur
3297 1594 3504 1665 Moyses
3539 1612 3659 1651 cum

2089 1677 2493 1731 tabernaculum
2526 1677 2728 1733 faceret
2752 1680 2886 1735 duos
2919 1681 3197 1737 cherubim
3233 1699 3426 1739 aureos
3453 1683 3656 1746 fecerit.

2088 1768 2223 1823 etin
2248 1768 2625 1838 propitiatorio
2645 1772 2789 1839 quod
2818 1780 2938 1826 erat
2980 1787 3145 1842 super
3180 1790 3360 1829 arcam
3398 1779 3658 1846 posuerit,

480 1845 1287 1934 ταξὴιξέςιριςιξεξε-έίξοξςὶῌιζ,
1331 1841 1532 1934 diem,
1581 1841 1737 1934 Sicut
1763 1861 1984 1934 veteres
2017 1841 2062 1901 Β
2088 1859 2343 1914 Salomon
2374 1876 2502 1915 vero
2534 1861 2669 1917 alios
2704 1862 2840 1918 duos
2877 1841 3061 1919 multo,
3100 1864 3334 1934 majores
3377 1841 3657 1933 addiderit,

478 1917 781 1989 habuerunt
796 1916 1075 1989 cherubim
1096 1917 1506 1989 obumbrantem
1528 1921 1979 1989 pmpiliatorium,

475 1995 530 2041 et
585 2002 683 2041 nos
732 1985 993 2055 imagines
1040 1985 1252 2041 Domini
1303 1988 1472 2042 nostri
1522 1985 1650 2043 Iesu
1688 1989 1889 2046 Christi
1927 1985 1984 2047 et

475 2064 675 2111 sanctae
697 2055 791 2109 Dei
814 2056 1090 2127 genitricis
1120 2064 1175 2111 et
1206 2066 1516 2113 sanctorum
1540 2056 1659 2127 ejus
1688 2060 1983 2119 habeamus

472 2127 862 2182 obumbrantes
895 2125 1082 2181 altare.

475 2215 594 2271 Non
624 2222 709 2270 est
744 2215 1141 2285 inconsequens
1168 2225 1227 2272 ut
1252 2216 1527 2286 Tarasius,
1559 2220 1673 2290 qui,
1701 2231 1761 2277 ut
1787 2222 1982 2291 fertur,

404 2321 435 2362 a
473 2305 713 2376 populari
748 2306 1157 2367 conversatione
1195 2307 1261 2361 ad
1303 2309 1636 2367 sacerdotale
1679 2314 1912 2378 culmen,
1950 2331 1983 2370 a

406 2397 623 2452 militari
662 2396 847 2451 habitu
876 2396 946 2452 ad
983 2397 1316 2469 religiosum,
1345 2414 1376 2452 a
1413 2402 1563 2458 circo
1595 2404 1663 2458 ad
1708 2405 1980 2473 altarium,

404 2504 434 2543 a
474 2486 675 2545 forensi
712 2486 947 2543 tumultu
978 2487 1047 2542 ad
1090 2487 1552 2558 praedicationem,
1593 2495 1662 2549 ab
1709 2510 1984 2551 armorum

403 2579 629 2650 strepitu
654 2578 725 2635 ad
745 2588 931 2637 sancta
953 2581 1210 2651 mysteria
1237 2585 1540 2654 peragenda
1559 2587 1987 2643 extraordinarie

403 2680 690 2743 provectus
719 2680 839 2738 est,
878 2672 1217 2729 subditarum
1254 2672 1358 2727 sibi
1391 2674 1630 2743 plebium
1661 2684 1872 2733 mentes
1916 2679 1986 2732 ab

403 2762 736 2833 spiritalibus
757 2762 827 2817 ad
858 2762 1118 2829 carnalia,
1150 2765 1219 2820 ab
1256 2764 1618 2822 invisibilibus
1641 2767 1710 2822 ad
1745 2766 1988 2823 invisibi-

404 2853 495 2918 lia,
522 2868 555 2909 a
590 2853 820 2909 veritate
848 2855 918 2911 ad
949 2854 1262 2925 imaginem,
1288 2872 1317 2911 a
1353 2872 1582 2926 corpore
1617 2857 1686 2912 ad
1714 2859 1982 2924 umbram,

403 2947 473 3001 ah
500 2943 705 3015 Spiritu
734 2944 1041 3001 viviﬁcante
1069 2946 1138 3002 ad
1166 2946 1405 3002 litteram
1437 2947 1875 3014 mortiﬁcantem,
1916 2949 1986 3004 ab

403 3037 593 3106 spiritu
621 3036 926 3107 adoptionis
952 3036 1020 3093 ad
1044 3036 1295 3106 spiritum
1341 3037 1575 3103 timoris,
1600 3038 1777 3093 denuo
1806 3038 1985 3095 redire

405 3125 688 3195 compellat
713 3143 728 3179 :
758 3133 820 3180 ut
855 3124 1114 3195 quoniam
1150 3125 1239 3182 ille
1270 3127 1475 3199 spretis
1514 3126 1601 3183 his
1632 3142 1755 3198 qum
1788 3127 1841 3183 ci
1872 3127 1986 3183 for-

404 3223 551 3272 tasse
579 3216 765 3273 illicita
798 3231 907 3271 non
936 3224 1094 3272 erant
1131 3217 1185 3271 in
1224 3217 1402 3274 laicali
1436 3219 1878 3284 conversatione,
1916 3219 1986 3275 ad

407 3305 756 3362 sacerdotalis
788 3306 1041 3362 culminis
1069 3307 1295 3377 gradum
1318 3307 1643 3375 convolavit,
1672 3308 1817 3378 quod
1842 3308 1893 3363 ei
1923 3308 1987 3363 il-

406 3398 614 3454 licitum
642 3405 761 3453 erat
783 3399 855 3453 ob
875 3397 1216 3454 subitaneam
1237 3401 1726 3466 conversationem,
1748 3400 1800 3455 ei
1820 3400 1988 3456 etiam

405 3490 633 3549 subdita
669 3489 853 3560 plebes
894 3505 925 3545 a
965 3490 1130 3547 licitis
1175 3490 1497 3560 spiritalium
1548 3492 1988 3546 Observationum

407 3579 681 3651 mysteriis
701 3580 769 3634 ad
790 3579 1009 3635 illicitas
1030 3580 1394 3649 corporalium
1409 3595 1593 3635 rerum
1609 3579 1986 3636 observantias

408 3670 694 3733 convolent
718 3685 819 3742 per
839 3668 959 3738 ejus
981 3670 1445 3741 praedicationem.
1464 3669 1603 3737 Quia
1634 3686 1766 3742 ergo
1794 3670 1991 3726 melio-

408 3767 560 3821 ribus
590 3764 931 3835 contemp.is,
963 3763 1235 3834 peioribus
1266 3764 1347 3820 uti
1380 3765 1647 3829 hortatur,
1675 3771 1730 3819 et
1753 3763 1880 3834 quia
1903 3776 1991 3817 ve-

410 3865 555 3912 teres
577 3856 884 3912 habuerunt
905 3855 1182 3912 cherubim
1204 3855 1295 3925 qui
1325 3870 1424 3926 per
1449 3853 1668 3927 Moysen
1692 3852 1820 3909 facti
1842 3861 1986 3918 sunt,

411 3953 478 4008 de
515 3966 745 4021 quorum
790 3952 967 4007 medio
1018 3950 1341 4021 loquebatur
1385 3951 1559 4016 Deus,
1606 3951 1994 4008 obumbrantes

411 4043 863 4116 propitiatorium,
915 4044 1037 4101 ideo
1066 4042 1254 4100 ﬁdeles
1282 4044 1534 4101 hortatur
1577 4044 1778 4099 habere
1805 4042 1993 4113 imagi-

411 4152 526 4203 nes,
556 4152 678 4207 qute
708 4151 738 4191 a
766 4135 1096 4205 quibuslibet
1124 4136 1409 4207 opiﬁcibus
1446 4136 1771 4201 conduntur,
1806 4135 1992 4190 obum-

411 4227 631 4285 bratttes
663 4225 854 4282 altare.
884 4224 1071 4283 Faciat
1105 4240 1289 4281 arcam
1323 4241 1444 4297 quae
1487 4241 1597 4282 non
1622 4224 1693 4280 sit
1720 4222 1788 4280 de
1832 4222 1993 4292 lignis

413 4316 668 4375 Setthim.
699 4316 794 4371 sed
822 4315 1082 4381 salicum;
1110 4331 1212 4373 nec
1232 4316 1305 4372 sit
1335 4330 1470 4372 auro
1501 4324 1666 4382 tecta,
1690 4317 1785 4372 sed
1818 4316 1994 4384 plum-

414 4407 512 4471 bo;
547 4422 668 4475 qua:
701 4421 810 4463 non
839 4406 1038 4462 habeat
1060 4406 1292 4463 circulos
1313 4421 1529 4473 aureos,
1556 4407 1650 4463 sed
1683 4423 1898 4474 tenens;
1936 4410 1992 4464 in

2085 1952 2284 2021 quibus
2315 1953 2371 2007 in
2410 1952 2610 2021 templo
2643 1953 2837 2022 positis
2877 1954 2980 2009 sub
3015 1969 3201 2009 eorum
3247 1956 3348 2011 alis
3384 1971 3563 2010 arcam
3605 1957 3658 2011 in

2084 2042 2263 2097 medio
2303 2042 2650 2097 collocaverit
2695 2057 2817 2098 cum
2863 2043 3238 2113 propitiatorio
3279 2054 3336 2100 et
3379 2046 3659 2101 cherubim

2080 2133 2373 2203 prioribus,
2404 2142 2459 2187 et
2488 2133 2553 2187 in
2594 2133 2943 2189 tabernaculo
2968 2132 3075 2188 duo
3103 2135 3405 2200 cherubim,
3435 2137 3489 2189 in
3520 2143 3657 2190 tvm-

2081 2222 2171 2293 plo
2197 2238 2325 2277 vero
2357 2230 2590 2292 quatuor
2622 2221 2862 2277 fuerint?
2892 2221 2976 2278 Ad
3012 2238 3174 2277 unam
3203 2223 3368 2293 igitur
3390 2225 3661 2279 eamdem-

2082 2327 2190 2383 que
2238 2311 2686 2381 signiﬁcationem
2728 2312 2945 2381 utrique
2974 2313 3268 2382 pertinent,
3301 2314 3406 2368 nisi
3452 2322 3658 2367 tantum

2084 2404 2228 2474 quod
2246 2403 2502 2459 Salomon
2524 2404 2618 2473 qui
2643 2403 2896 2474 paciﬁcus
2922 2404 3328 2472 interpretatur,
3351 2414 3407 2459 et
3433 2405 3659 2477 ﬁguram

2084 2492 2286 2549 Christi
2316 2494 2502 2564 gessit,
2528 2493 2738 2548 auctius
2780 2492 2897 2547 sive
2925 2493 3086 2547 latius
3104 2493 3338 2549 duorum
3376 2496 3659 2550 cherubim

2084 2586 2507 2656 magnitudinem
2539 2585 2868 2640 sublimavit.
2912 2583 3030 2651 Quo
3062 2586 3118 2640 in
3147 2584 3290 2641 facto
3330 2586 3574 2641 innuitur
3595 2602 3662 2642 co

2090 2676 2233 2747 quod
2274 2682 2396 2745 post
2424 2675 2848 2731 incarnationem
2876 2675 3210 2731 Dominicam
3232 2676 3661 2732 Ecclesia-latins

2084 2777 2228 2825 esset
2274 2783 2341 2823 ex
2384 2768 2716 2823 diversarum
2760 2769 3000 2837 gentium
3040 2769 3455 2840 congregatione
3494 2769 3662 2826 subli-

2085 2863 2280 2917 manda
2304 2870 2361 2917 et
2394 2864 2640 2934 supernis
2673 2863 2882 2919 civibus
2930 2863 3229 2934 copulanda
3257 2882 3272 2919 :
3303 2864 3396 2935 qui
3425 2865 3505 2921 sic
3532 2880 3662 2920 con-

2084 2952 2317 3007 ditorem
2342 2952 2410 3008 de
2434 2952 2634 3008 collato
2669 2953 2772 3008 sibi
2815 2968 3038 3009 munere
3066 2954 3415 3010 beatitudinis
3443 2955 3664 3010 conlauv

2085 3040 2237 3109 dant,
2263 3050 2324 3096 ut
2346 3042 2415 3097 de
2440 3053 2627 3098 nostra
2654 3044 2888 3112 quodam
2917 3044 3079 3099 modo
3111 3046 3386 3116 ereptione
3410 3053 3569 3115 atque
3594 3045 3664 3102 ad

2086 3131 2332 3186 eamdem
2383 3131 2772 3187 beatitudinem
2836 3134 3236 3190 introductione
3274 3134 3662 3204 congaudeant.

2089 3217 2378 3276 Cheruhim
2402 3235 2653 3293 namque,
2668 3223 2823 3278 sicut
2868 3225 3127 3294 propheta
3166 3225 3416 3281 Ezechiel
3445 3225 3667 3282 eviden-

2089 3314 2297 3370 tissime
2331 3314 2687 3381 demonstrat,
2732 3316 2987 3386 angelica:
3025 3318 3305 3386 dignitatis
3344 3320 3661 3374 vocabulum

2087 3416 2188 3469 est,
2221 3419 2555 3475 numeroque
2599 3407 2857 3477 singulari
2904 3409 3129 3473 cherub,
3162 3409 3358 3478 plurali
3387 3425 3516 3466 vero
3543 3412 3665 3466 che-

2088 3496 2266 3552 rubim
2290 3496 2507 3552 dicitur.
2530 3497 2685 3553 Unde
2709 3507 2765 3551 et
2791 3513 2896 3553 non
2929 3500 3222 3569 incongrue
3250 3499 3305 3555 in
3335 3499 3519 3571 ﬁguris
3540 3503 3664 3558 che-

2089 3586 2265 3641 rubim
2308 3601 2428 3655 quas
2455 3586 2510 3640 in
2552 3587 2771 3642 oraculo
2804 3599 2958 3644 erant
2989 3590 3129 3644 facta
3163 3592 3473 3662 evangelica
3504 3592 3663 3647 mini-

2087 3676 2255 3731 steria
2309 3676 2703 3746 intelliguntur,
2767 3679 2859 3747 qni
2918 3679 3194 3735 Conditori
3254 3695 3353 3736 suo
3401 3681 3457 3736 in
3511 3681 3665 3737 caelis

2087 3764 2406 3821 assistentcs
2453 3765 2521 3821 de
2569 3780 2665 3820 sua
2698 3775 2955 3837 perpetua
3012 3768 3349 3823 beatitudine
3390 3769 3663 3825 laetantur.

2086 3854 2217 3911 Alas
2247 3855 2392 3912 enim
2420 3855 2491 3910 ad
2534 3854 2765 3911 invicem
2794 3872 2957 3927 super
2980 3872 3160 3913 arcam
3190 3860 3504 3924 extendunt,
3540 3875 3664 3915 cum

2088 3946 2155 4002 ad
2192 3947 2403 4003 laudem
2434 3947 2646 4002 Domini
2689 3947 2988 4005 Salvatoris
3014 3948 3257 4005 referunt
3281 3951 3483 4006 bonum
3506 3965 3668 4006 omne

2088 4040 2233 4106 quod
2274 4047 2617 4109 acceperunt.
2662 4037 2880 4096 Alteras
2922 4040 3037 4096 alas
3072 4041 3140 4097 ad
3185 4043 3390 4099 oraculi
3433 4046 3667 4114 parietes

2088 4129 2403 4196 extendunt,
2429 4146 2551 4186 cum
2579 4138 2797 4187 sanctos
2821 4132 2984 4187 etiam
3013 4132 3260 4189 homines
3286 4134 3341 4189 in
3371 4148 3467 4189 sua
3496 4135 3669 4191 socie-

2094 4229 2202 4276 tate
2224 4220 2469 4277 tidentes
2509 4220 2782 4288 laetantur,
2804 4236 3006 4292 eosque
3028 4222 3175 4278 velut
3200 4223 3407 4279 alarum
3445 4240 3664 4280 suarum

2090 4310 2492 4366 summitatibus
2518 4319 2767 4383 tangunt,
2794 4327 2931 4382 quos
2946 4312 3190 4382 profecto
3209 4323 3488 4370 consortes
3507 4322 3669 4383 atque

2089 4416 2348 4472 sequaces
2375 4402 2648 4458 exstitisse
2688 4402 2745 4458 in
2780 4403 2884 4459 hac
2911 4405 3022 4459 vita
3065 4420 3177 4460 sua:
3207 4405 3460 4475 puritatis
3483 4405 3668 4461 exsul-

412 4498 610 4572 quibus
634 4512 744 4554 non
781 4497 892 4553 sint
922 4506 1103 4555 vectes
1134 4496 1202 4554 de
1231 4496 1391 4569 lignis
1423 4497 1678 4564 Setthim,
1711 4500 1806 4555 sed
1839 4498 1991 4570 fago-
2016 4517 2073 4578 ι)
2094 4499 2229 4546 lant:
2270 4490 2415 4547 θυοδ
2461 4500 2642 4547 autem
2691 4507 2846 4565 aeque
2890 4494 3123 4564 Parietes
3152 4496 3264 4551 suis
3290 4503 3516 4568 lingunt
3543 4496 3667 4562 illis.

413 4602 564 4654 rum;
603 4586 659 4641 in
695 4602 803 4659 qua
832 4602 941 4644 non
984 4588 1093 4646 sint
1133 4589 1330 4647 tabulm
1374 4604 1496 4659 qua}
1542 4590 1778 4645 habeant
1806 4591 1992 4647 decem

413 4681 578 4737 verba
610 4679 768 4752 legis,
802 4679 899 4736 sed
941 4681 1193 4737 undecim
1231 4682 1428 4751 quibus
1463 4682 1822 4753 transgressio
1859 4681 1995 4754 legis

415 4773 780 4845 signiﬁcetur;
822 4773 878 4827 in
904 4787 1010 4843 qua
1047 4789 1154 4828 non
1183 4773 1255 4829 sit
1289 4773 1440 4843 virga
1459 4773 1661 4839 Aaron,
1688 4776 1783 4829 sed
1815 4774 1995 4845 cuius-

416 4865 549 4923 libet
569 4864 796 4919 baculus
830 4862 971 4918 illius
1006 4862 1462 4932 praedecessorum
1503 4862 1596 4932 qui
1633 4864 1702 4918 ab
1735 4862 1828 4918 illo
1863 4877 1997 4917 ana-

414 4956 857 5021 thematizantur,
875 4954 961 5009 vel
987 4970 1017 5008 a
1039 4955 1236 5024 quibus
1258 4954 1346 5010 ille
1367 4954 1855 5009 anathematizatus
1880 4962 1990 5020 est;

418 5048 473 5103 in
495 5062 600 5117 qua
625 5047 697 5102 sit
725 5060 882 5111 urna,
914 5060 1024 5102 non
1049 5061 1173 5115 qua:
1199 5046 1395 5101 habeat
1417 5060 1635 5109 manna,
1664 5045 1758 5100 scd
1778 5044 1999 5114 cujusli-

419 5138 510 5195 bet
536 5137 796 5203 germinis
816 5152 1004 5208 grana.
1032 5137 1217 5193 Faciat
1243 5143 1300 5192 et
1324 5134 1710 5191 candelabrum
1729 5149 1797 5189 ex
1821 5135 1999 5204 plum-

419 5231 489 5284 bo
513 5229 823 5301 purissimo,
854 5236 910 5283 et
946 5241 1187 5283 mensam
1217 5226 1602 5297 propositionis
1629 5241 1850 5296 panum,
1876 5240 1999 5295 qua:

420 5335 528 5378 non
573 5319 872 5391 appelletur
905 5328 1115 5375 sancta.
1155 5318 1371 5375 Scribat
1397 5326 1457 5374 et
1486 5318 1685 5375 librum
1725 5315 1877 5387 legis,
1905 5318 1997 5387 qui

420 5412 640 5475 cuilibet
670 5426 864 5467 manus
907 5412 1019 5467 cito
1056 5411 1334 5480 imponere
1362 5407 1565 5478 iubeat,
1601 5416 1658 5464 et
1703 5408 2001 5480 neophytos

421 5507 490 5561 ad
514 5504 882 5575 episcopatum
909 5501 1218 5572 promoveri
1242 5508 1588 5570 percenseat;
1616 5498 1709 5568 qui
1732 5499 1895 5555 etiam
1927 5499 2002 5554 si.

426 5596 753 5652 militudines
776 5595 969 5650 horum
990 5608 1111 5664 qua:
1131 5593 1185 5647 in
1213 5590 1350 5647 cmlo
1376 5598 1431 5644 et
1455 5604 1577 5660 qua:
1601 5589 1653 5643 in
1680 5596 1826 5643 terra
1853 5596 1999 5652 sunt,

427 5687 574 5755 fleri,
617 5686 798 5743 colere
832 5693 888 5742 et
930 5685 1158 5742 adorare
1205 5682 1512 5753 perdoceat.
1554 5680 1805 5738 Decursis
1839 5680 2001 5752 igitur

427 5781 663 5839 breviter
696 5780 804 5845 his,
834 5778 1031 5849 quibus
1065 5775 1321 5832 Tar'isius
1346 5773 1465 5832 ideo
1490 5787 1597 5829 non
1629 5779 1775 5840 recte
1800 5771 1999 5842 prandi-

2093 4583 2222 4652 quia
2250 4582 2436 4640 ﬁdeles
2476 4585 2759 4655 utriusque
2803 4587 3004 4657 populi,
3031 4586 3338 4644 Judzeomm
3382 4591 3590 4647 scilicet
3616 4599 3670 4648 ct

2090 4677 2361 4747 gentium,
2409 4686 2685 4748 compotes
2739 4693 2925 4735 secum
2978 4681 3180 4737 habent
3226 4682 3365 4739 anim
3409 4684 3667 4750 cmlestis,

2092 4784 2199 4823 non
2226 4769 2369 4838 quod
2397 4768 2452 4823 in
2478 4768 2570 4824 illa
2599 4770 2770 4838 patria
2802 4770 2945 4828 inter
2980 4783 3269 4842 utrumque
3304 4776 3557 4845 populum
3598 4776 3669 4831 sit

2092 4859 2338 4928 quaedam
2370 4859 2644 4916 distinctio
2675 4860 2881 4921 localis.
2908 4860 3004 4916 sed
3032 4863 3158 4932 quia
3184 4862 3357 4930 major
3391 4864 3485 4917 ﬁat
3522 4864 3671 4919 fes'i-

2093 4950 2235 5005 vitas
2264 4949 2492 5006 internae
2519 4949 2870 5005 beatitudinis
2890 4951 2961 5006 de
2988 4951 3266 5006 consortio
3289 4953 3534 5006 adunatze
3561 4952 3671 5006 ira.

2095 5040 2387 5096 tenuitatis.
2435 5039 2749 5096 Extendunt
2777 5054 2907 5111 ergo
2930 5040 3219 5104 Chcmbim
3266 5044 3337 5099 ad
3383 5051 3671 5111 utrumque

2094 5133 2357 5203 parietem
2387 5132 2593 5187 oraculi
2631 5132 2746 5187 alas
2771 5146 2917 5198 suas,
2946 5134 3072 5202 quia
3107 5134 3352 5190 laetantes
3377 5135 3433 5189 in
3463 5135 3671 5190 caelesti

2095 5223 2289 5292 patria,
2337 5221 2517 5291 justus
2562 5222 2845 5292 utriusque
2871 5224 3046 5294 plebis
3081 5224 3288 5280 visione
3309 5239 3525 5296 quoque
3562 5240 3671 5280 sua'

2097 5312 2284 5384 gloriae
2309 5312 2377 5369 ad
2409 5312 2619 5369 laudem
2647 5311 2922 5370 Creatoris
2948 5315 3206 5370 excitant.

2168 5406 2280 5464 Nec
2322 5406 2496 5461 solum
2551 5407 2618 5461 de
2663 5406 2878 5461 illorum
2923 5421 3059 5476 quos
3091 5421 3274 5463 secum
3301 5406 3445 5461 intus
3467 5406 3671 5461 habent

2102 5498 2380 5554 hominum
2401 5496 2672 5566 iustorum
2699 5497 2952 5552 felicitate
2997 5496 3248 5552 lmtantur
3269 5495 3482 5566 agmina
3506 5496 3669 5551 coele-

2101 5589 2224 5651 stia,
2256 5602 2442 5642 verum
2469 5587 2632 5643 etiam
2657 5586 2849 5651 nostri,
2894 5586 2987 5656 qui
3033 5584 3170 5642 foris
3185 5585 3361 5642 adhuc
3402 5584 3563 5657 positi
3608 5586 3682 5643 de

2101 5678 2380 5751 profundis
2399 5678 2465 5734 ad
2487 5677 2779 5737 Dominum
2817 5677 3131 5743 clamamus,
3154 5676 3465 5735 continuam
3488 5689 3673 5731 contra

2104 5778 2315 5843 gerunt.
2348 5769 2424 5826 De
2440 5768 2635 5840 quibus
2659 5767 2938 5825 cherubim
2965 5769 3102 5826 bene
3127 5767 3292 5826 etiam
3327 5766 3383 5823 in
3414 5766 3554 5822 libro
3578 5762 3680 5817 Pa—
