4070 6186
477 397 604 455 ιυιιι

1359 390 1417 445 Β.
1457 388 1708 446 CAROLI
1744 381 1959 440 MAGNI
1995 379 2146 438 OPP.
2188 381 2367 438 PARS
2404 382 2468 437 11.
2511 381 2755 438 SECTIO
2792 379 2856 437 ll.
2909 382 2917 419 ἰ

3601 385 3729 441 MSS

474 509 842 576 ralipomenon
883 501 1142 571 scriptum
1178 509 1262 555 est
1291 515 1310 553 :
1340 497 1449 569 Ipsi
1487 508 1678 560 autem,
1707 494 1902 565 inquit,
1945 501 2052 545 κα-
2078 493 2128 550 Α
2151 487 2458 546 Iudaeorum
2483 491 2821 560 expulsione,
2866 492 3182 548 multimoda
3210 492 3472 548 Ecclesiae
3512 495 3728 550 tribula-

474 600 597 653 bant
621 597 803 653 erectis
829 593 1044 666 pedibus
1072 602 1121 646 et
1172 592 1332 660 [acies
1378 606 1558 644 eorum
1596 603 1755 642 verere
1791 593 1939 640 erant
1982 582 2052 636 ad

471 689 777 744 exteriorem
829 686 1039 739 domum
1083 683 1167 755 (11
1208 681 1392 736 Paral.
1434 681 1538 751 ιιι).
1571 679 1802 734 Stabant
1851 675 2050 730 etenim

473 779 670 839 erectis
691 778 916 847 pedibus
939 775 1238 838 cherubim,
1269 775 1393 842 quia
1426 787 1701 841 nunquam
1733 786 1764 824 a
1786 768 1875 821 via
1915 766 2054 820 veri-

475 868 625 934 tatis,
678 868 731 921 in
781 883 887 935 qua
941 881 1065 919 mox
1114 873 1172 918 ut
1219 864 1419 919 conditi
1442 871 1568 917 sunt
1611 863 1772 932 positi
1809 862 2048 925 fuerunt,

475 959 870 1032 quodammodo
923 960 1204 1012 aberrasse
1251 956 1567 1010 creduntur.
1621 955 1810 1010 Facies
1860 970 2050 1010 eorum

473 1060 808 1105 erantversa:
830 1051 896 1103 ad
917 1048 1242 1102 exteriorem
1268 1047 1505 1110 domum,
1533 1046 1657 1114 quia
1683 1060 1781 1099 nos
1803 1044 1872 1099 ab
1895 1042 2052 1112 hujus

474 1140 918 1211 peregrinationis
961 1154 1202 1193 aerumna
1225 1146 1441 1207 ereptos
1472 1138 1542 1193 ad
1563 1152 1720 1192 suum
1746 1137 2054 1191 desiderant

473 1232 755 1300 pervenire
787 1231 1138 1286 consortium.
1171 1228 1398 1285 Stabant
1426 1246 1556 1300 ergo
1575 1230 1774 1285 erectis
1802 1230 2050 1300 pedibus,

474 1323 587 1377 alas
618 1323 686 1378 ad
721 1339 854 1379 auro
909 1330 1086 1378 textos
1129 1322 1334 1377 oraculi
1399 1321 1634 1391 parietes
1673 1328 1942 1382 extentas,
1997 1331 2053 1378 et

474 1413 641 1469 facies
667 1415 938 1470 habebant
962 1431 1145 1470 versas
1171 1414 1240 1469 ad
1275 1415 1494 1469 domum
1532 1413 1880 1477 exteriorem,
1923 1415 2051 1482 quia

475 1505 724 1560 videlicet
750 1506 822 1559 ita
847 1506 1021 1576 angeli
1060 1520 1211 1560 suam
1249 1512 1508 1573 perpetuo
1539 1504 1906 1559 innocentiam
1922 1519 2054 1559 oon-

475 1605 734 1650 servant:
765 1598 843 1652 sic
873 1598 939 1658 de
966 1598 1266 1652 animarum
1294 1605 1603 1652 sanctarum
1631 1596 1684 1649 in
1731 1595 1884 1651 caelis
1930 1597 2054 1651 bea-

480 1687 708 1742 titudine
748 1689 1105 1758 congaudent,
1141 1695 1201 1741 ut
1240 1688 1322 1742 eis
1345 1701 1562 1756 quoque
1599 1701 1736 1755 quos
1784 1686 1838 1739 in
1890 1687 2052 1741 terris

477 1775 649 1830 adhuc
673 1776 1002 1844 peregrinari
1027 1777 1363 1845 conspiciunt
1387 1775 1575 1830 electis
1591 1789 1749 1843 opem
1774 1773 1914 1830 terre
1940 1790 2050 1830 non

2153 581 2298 636 tione
2342 581 2482 636 facta
2535 590 2740 642 narrat,
2803 583 2917 636 haec
2973 582 3162 636 eadem
3213 583 3378 637 Vetus
3415 584 3727 640 Testamen-

2155 681 2288 736 tum,
2328 672 2375 727 si
2419 680 2568 726 recte
2596 671 2938 740 intelligitur,
2967 673 3240 727 veraciter
3269 671 3519 728 facienda
3546 677 3729 744 ιιι-ωιΙὶ-

2151 765 2330 820 cebat.

2221 852 2522 907 Adventum
2539 867 2670 907 vero
2691 851 3030 914 Antichristi,
3063 851 3224 906 finem
3261 852 3446 907 saeculi
3487 855 3728 919 extremi,

2152 945 2440 1000 discrimen
2463 941 2652 1011 judicii
2692 952 2747 998 et
2770 951 3028 998 aeternam
3051 945 3314 998 bonorum
3338 944 3567 1014 gloriam
3584 986 3597 1007 ,
3625 956 3731 1014 pre:

2151 1047 2384 1102 ruuntque
2411 1033 2782 1102 reproborum,
2807 1033 3062 1087 concordi
3108 1041 3402 1103 utrumque
3424 1033 3730 1087 Testamen—

2152 1132 2267 1181 tum
2299 1122 2530 1176 veritate
2572 1121 2839 1190 profatur.
2869 1122 2982 1177 Alae
3010 1122 3174 1192 igitur
3202 1123 3487 1178 cherubim
3518 1123 3729 1178 interio-

2153 1228 2242 1270 res
2281 1226 2445 1282 super
2505 1227 2692 1267 arcam
2741 1225 2803 1266 se
2859 1212 3087 1267 invicem
3135 1213 3550 1282 contingebant,
3609 1214 3725 1282 quia

2153 1305 2498 1360 Testamenta
2520 1305 2636 1375 pari
2661 1306 2726 1360 de
2747 1306 2976 1360 Domino
2995 1307 3344 1360 attestationc
3365 1307 3725 1361 consentiunt.

2151 1393 2283 1448 Item
2307 1394 2410 1448 alis
2431 1395 2793 1448 exterioribus
2821 1395 2926 1449 iste
2951 1410 3120 1448 unum
3151 1395 3447 1465 parietum,
3479 1395 3569 1449 ille
3599 1395 3728 1448 alte-

2152 1498 2272 1536 rum
2302 1485 2651 1553 contingebat
2689 1484 2815 1552 quia
2857 1484 3024 1538 Vetus
3063 1483 3476 1538 Testamentum
3531 1484 3731 1554 proprie

2151 1573 2372 1642 antiquo
2417 1574 2509 1627 Dei
2538 1574 2736 1644 populo
2773 1573 3033 1644 scriptum
3073 1582 3174 1638 est,
3204 1574 3414 1628 Novum
3439 1588 3570 1628 vero
3589 1576 3734 1628 nobis

2152 1661 2244 1730 qui
2260 1671 2382 1730 post
2399 1661 2826 1717 incarnationem
2843 1663 3175 1717 Dominicam
3199 1665 3266 1718 ad
3290 1665 3453 1719 [idem
3480 1665 3731 1729 venimus,

2152 1763 2207 1808 et
2249 1755 2483 1809 secundo
2527 1756 2752 1824 parieti,
2807 1756 2912 1812 hoc
2951 1764 3036 1810 est
3091 1757 3534 1826 septentrionali,
3600 1766 3735 1810 recte

478 1840 745 1931 desinant,
771 1840 939 1922 donec
965 1876 1020 1923 et
1046 1840 1176 1923 illos—
1192 1868 1259 1924 ad
1295 1867 1572 1924 ctelestem
1601 1840 1832 1937 patriam
1877 1867 2049 1923 intro-
2082 1840 2127 1899 Β
2153 1863 2548 1916 comparamur,
2588 1849 2786 1917 (ιιιὶὺιιε
2807 1857 2929 1918 Ροει
2956 1848 3182 1919 ﬁguram
3211 1863 3274 1903 ac
3301 1849 3560 1903 tenebras
3581 1849 3735 1903 idOiO'

478 1956 694 2010 ducant.
743 1957 972 2012 Possunt
1010 1958 1193 2021 etiam,
1229 1959 1369 2012 sicut
1389 1957 1500 2026 jam
1531 1959 1588 2012 in
1637 1957 1905 2026 superiori
1958 1972 2053 2012 ca-

477 2047 644 2117 pitulo
665 2033 925 2128 essech
939 2065 1143 2112 sumus,
1171 2065 1268 2119 per
1303 2049 1436 2103 duos
1474 2048 1752 2103 cherubim
1793 2047 1901 2102 duo
1951 2047 2056 2101 Te-

478 2148 744 2193 stamenta
766 2139 1079 2210 significari.
1102 2140 1226 2194 ldco
1250 2139 1413 2208 igitur
1435 2139 1489 2193 in
1510 2138 1731 2194 oraculo
1753 2145 1880 2192 sunt
1903 2136 2050 2202 facti,

478 2233 604 2300 quia
649 2232 704 2286 in
755 2231 983 2286 consilio
1026 2231 1220 2286 divina:
1266 2231 1608 2300 provisionis,
1665 2229 1821 2285 nobis
1868 2230 2057 2298 utique

479 2323 839 2378 inaccessibili
877 2330 1039 2392 atque
1088 2321 1652 2391 ineomprehensibili,
1687 2329 1814 2377 ante
1857 2321 2056 2377 smcula

479 2415 795 2485 dispositum
811 2422 894 2470 est
913 2416 1128 2484 quando
1146 2423 1202 2470 et
1211 2416 1444 2484 qualiter
1462 2416 1726 2485 quibusve
1741 2415 2058 2471 auctoribus

481 2519 635 2558 sacra
658 2502 938 2573 Scriptura
963 2503 1304 2558 conderetur.
1338 2504 1412 2557 De
1445 2503 1606 2573 lignis
1637 2517 1766 2558 vero
1789 2504 2055 2558 olivarum

481 2602 609 2648 sunt
628 2591 776 2657 facti,
809 2592 924 2648 sive
943 2593 1069 2662 quia
1093 2607 1191 2662 per
1219 2593 1365 2646 viros
1390 2594 1773 2648 misericordiae
1801 2595 2057 2649 unctione

484 2683 719 2753 Spiritus
751 2683 922 2739 sancti
949 2682 1244 2737 illustratus
1279 2681 1450 2736 divini
1497 2683 1792 2751 conscripti
1836 2690 1962 2737 sunt
1989 2683 2058 2736 Ii-

483 2775 596 2839 bri;
655 2773 769 2828 sive
817 2773 943 2842 quia
988 2772 1164 2828 lucem
1219 2773 1460 2828 scientize
1517 2773 1778 2837 tribuunt,
1835 2770 2062 2840 juvante

484 2867 697 2922 ﬂatnma
743 2865 1028 2922 charitatis
1061 2865 1174 2930 Dei,
1216 2879 1338 2934 quae
1385 2878 1484 2932 per
1509 2863 1772 2933 Spiritum
1811 2872 2058 2919 sanctum

485 2957 800 3014 diffunditur
829 2955 884 3011 ιιι
928 2956 1182 3012 cordibus
1207 2956 1426 3010 nostris.
1460 2955 1655 3009 Decem
1698 2954 1898 3010 cubitis
1937 2961 2064 3009 sunt

486 3050 600 3114 alti,
633 3049 759 3120 quia
799 3062 898 3118 per
925 3047 1326 3104 observantiam
1353 3045 1594 3115 decalogi
1635 3045 1770 3116 legis
1808 3045 1920 3100 Deo
1949 3060 2064 3100 ser-

486 3141 738 3196 viendum
785 3139 1098 3210 pradicant,
1133 3139 1259 3208 quia
1311 3139 1424 3193 Deo
1465 3137 1697 3192 ﬁdeliter
1745 3138 2062 3202 servientes,

2152 1938 2323 1992 latrire
2353 1937 2527 1994 lucem
2550 1939 2796 1994 veritatis
2831 1954 3161 2010 cognoscere
3183 1939 3371 1993 datum
3405 1947 3511 1993 est.

2224 2033 2360 2087 Nam
2404 2033 2506 2088 etsi
2548 2033 2823 2103 primitiva
2877 2032 3115 2088 Ecclesia
3155 2033 3395 2087 maxime
3445 2033 3512 2087 de
3547 2030 3735 2085 Judaeis

2153 2125 2405 2190 efﬂoruit,
2439 2133 2494 2180 et
2517 2127 2696 2180 omnis
2725 2125 2889 2181 Israel
2916 2127 3062 2180 circa
3101 2125 3264 2180 ﬁnem
3317 2123 3503 2179 szeculi
3535 2123 3730 2177 salvan-

2155 2218 2256 2274 dus
2303 2229 2426 2272 eSSe
2465 2216 2749 2280 credatur,
2809 2215 3026 2285 plurimi
3073 2221 3252 2268 tamen
3297 2212 3542 2268 ﬁdelium
3575 2209 3725 2277 hujus

2158 2307 2418 2377 temporis
2441 2309 2506 2364 de
2537 2308 2787 2379 gentibus
2809 2314 3207 2377 congregantur
3233 2306 3303 2358 ad
3327 2304 3600 2374 Evangelii
3626 2319 3733 2356 sus-

2157 2398 2404 2468 cipienda
2443 2406 2803 2455 sacramenta.
2879 2397 3088 2466 Quibus
3122 2398 3224 2451 hoc
3261 2396 3431 2452 etiam
3485 2395 3725 2449 divinitus

2160 2489 2419 2546 donatum
2453 2499 2538 2544 cst
2559 2498 2622 2544 ut
2649 2489 2899 2544 revelatis
2933 2489 3104 2544 oculis
3129 2491 3216 2543 sui
3243 2489 3427 2544 cordis
3463 2485 3729 2541 manifeste

2160 2591 2490 2652 cognoscant
2536 2581 2768 2637 litteram
2801 2581 3011 2637 Veteris
3046 2580 3381 2635 Testamenti
3423 2577 3729 2648 evangelica:

2162 2674 2351 2745 gratia:
2367 2673 2579 2743 plenam
2601 2686 2725 2728 esse
2745 2672 3035 2742 mysteriis.
3066 2672 3264 2726 Versas
3288 2671 3551 2726 habentes
3577 2669 3726 2722 facies

2163 2765 2442 2820 cherubim
2470 2764 2536 2818 ad
2561 2763 2887 2819 exteriorem
2918 2763 3156 2827 domum,
3181 2763 3306 2833 quia
3332 2779 3432 2818 nos
3459 2763 3552 2832 qui
3572 2762 3731 2815 adhuc

2164 2854 2299 2910 foris
2326 2863 2533 2910 stamus
2568 2871 2672 2910 non
2705 2868 2764 2908 re
2799 2854 2935 2922 ipsa,
2967 2854 3063 2909 sed
3095 2869 3193 2924 spe
3221 2854 3358 2909 salvi
3388 2853 3515 2910 facti
3539 2866 3728 2907 sumus.

2167 2943 2346 3000 Divini
2376 2951 2502 2999 sunt
2519 2943 2651 2999 libri
2677 2943 2899 3008 conditi,
2931 2943 3057 3012 quia
3087 2944 3384 3014 scriptores
3411 2959 3591 2998 eorum
3628 2941 3730 3010 jam

2168 3043 2461 3104 regnantes
2509 3049 2634 3089 cum
2686 3032 2916 3089 Domino
2966 3032 3224 3100 illumque
3251 3032 3636 3087 conlaudantes
3683 3029 3731 3084 in

2169 3125 2322 3182 ctelis
2361 3141 2547 3182 curam
2576 3132 2778 3178 nostr-te
2823 3130 3020 3192 gerunt
3039 3122 3230 3177 salutis
3253 3134 3279 3164 ι
3302 3136 3510 3192 proque
3553 3119 3734 3175 nostris

497 3185 738 3196 ν-ν------
785 3185 1098 3210 run-um.
1135 3185 1259 3208 η--ς
1311 3185 1420 3193 -τ-
1465 3185 1687 3192 --ν--η-
1745 3185 2062 3202 "unum.

488 3229 708 3286 denario
737 3244 798 3284 se
825 3227 1246 3286 remunerandus
1270 3242 1393 3283 esse
1429 3229 1580 3298 regni
1602 3227 1842 3284 caelestis
1881 3235 2065 3283 osten-

2170 3215 2437 3272 erratibus
2456 3214 2598 3283 apud
2639 3212 2755 3282 ejus
2788 3185 3046 3282 pietatem
3097 3185 3467 3283 interpellant.
3510 3210 3736 3266 Circum-

490 3321 641 3375 dunt.
679 3317 934 3374 Geminas
981 3319 1183 3374 habent
1224 3318 1366 3384 alas,
1421 3319 1550 3390 quia
1596 3327 1918 3374 testamenta
1968 3335 2067 3389 per

490 3426 677 3483 aspera
710 3425 864 3480 reque
888 3417 943 3464 et
969 3425 1225 3481 prospera
1255 3409 1525 3467 indefesso
1555 3411 1835 3480 proposito
1849 3399 2069 3482 semper

491 3505 558 3562 ad
587 3505 831 3562 calestia
862 3502 1150 3560 tetendisse
1178 3520 1243 3559 ac
1275 3505 1585 3573 pervenisse
1621 3503 1919 3570 declarant,
1941 3504 2066 3574 quia

491 3597 596 3652 hoc
646 3597 788 3652 idem
817 3595 931 3652 suis
961 3595 1274 3650 auctoribus
1324 3593 1631 3650 faciendum
1682 3609 1804 3650 esse
1838 3596 2067 3650 demon-

492 3694 686 3742 strant.
712 3685 959 3755 Quinque
983 3685 1286 3741 cubitorum
1320 3685 1405 3740 ala
1433 3685 1638 3741 cherub
1675 3701 1801 3750 una,
1834 3693 1889 3740 et
1913 3685 2072 3754 quin-

492 3792 598 3853 que
625 3777 934 3834 cubitorum
983 3775 1067 3833 ala
1102 3777 1307 3832 cherub
1328 3776 1520 3843 altera,
1545 3777 1672 3847 quia
1698 3776 1754 3830 in
1795 3776 1946 3832 omni
1993 3775 2072 3830 Ια-

493 3869 733 3930 hentium
778 3884 958 3924 rerum
996 3869 1257 3925 varietate
1297 3868 1468 3924 sancti
1520 3870 1800 3924 universos
1826 3869 2073 3939 corporis

493 3963 577 4020 sui
621 3977 811 4018 sensus
856 3963 909 4017 in
939 3965 1258 4036 obsequium
1294 3964 1376 4018 sui
1409 3963 1717 4020 Conditoris
1749 3962 2068 4028 extendunt,

495 4055 681 4112 oculos
719 4056 980 4112 habentes
1009 4070 1221 4126 semper
1247 4054 1316 4110 ad
1357 4056 1663 4119 Dominum,
1701 4056 1889 4112 audire
1923 4056 2072 4110 desi-

497 4147 750 4206 derantes
795 4161 980 4201 vocem
1026 4147 1199 4203 laudis
1244 4145 1383 4213 ejus,
1423 4155 1480 4202 et
1532 4161 1792 4204 enarrare
1817 4147 2070 4201 universa

497 4237 762 4296 mirabilia
790 4237 925 4306 ejus.
952 4238 1126 4294 dulcia
1153 4239 1543 4295 faucibussuis
1571 4241 1830 4296 habentes
1857 4240 2071 4309 eloquia

498 4327 642 4387 illius
658 4345 818 4398 super
844 4329 948 4385 mel
973 4339 1028 4384 et
1052 4328 1235 4386 favum
1263 4330 1347 4386 ori
1367 4345 1486 4396 suo,
1513 4338 1792 4386 currentes
1823 4330 1877 4384 in
1907 4333 2075 4386 odore

499 4428 894 4487 unguentorum
933 4418 1051 4487 ejus
1095 4431 1150 4475 et
1183 4423 1355 4476 donec
1387 4429 1636 4490 superest
1675 4421 1874 4476 halitus
1898 4422 1951 4475 in
1973 4422 2073 4486 eis,

2170 3308 2280 3362 dati
2308 3315 2434 3364 sunt
2453 3322 2586 3361 auro
2606 3305 2907 3369 cherubim,
2943 3305 3072 3374 quia
3101 3305 3380 3375 pneclaris
3424 3305 3726 3374 scriptorum

2171 3417 2395 3456 suorum
2429 3400 2682 3470 operibus
2719 3398 3076 3454 conﬁrmatur
3099 3397 3398 3452 auctoritas
3443 3397 3732 3452 Testamen-

2172 3500 2372 3554 Iorum,
2421 3488 2766 3545 manifestata
2824 3498 3006 3542 autem
3055 3503 3154 3557 per
3200 3488 3391 3542 urbem
3450 3484 3732 3555 cognitione

2172 3582 2474 3637 divinarum
2514 3580 2951 3650 Scripturarum,
2982 3579 3096 3635 sive
3137 3579 3352 3634 interna
3399 3579 3561 3650 gloria
3590 3573 3732 3630 coale-

2173 3672 2338 3729 stium
2368 3671 2662 3741 agminum.
2714 3669 2952 3738 Uterque
2984 3669 3126 3724 enim
3161 3669 3390 3735 cherub,
3419 3678 3478 3724 ut
3499 3668 3726 3728 diximus,

2171 3772 2228 3820 et
2258 3762 2478 3834 angelos
2513 3768 2568 3817 et
2603 3760 2947 3816 Testamenta
2984 3761 3285 3831 designant.

2758 3890 2987 3948 CAPUT
3027 3892 3166 3947 XXI.

2177 3982 2332 4058 Quod
2355 3999 2458 4037 non
2491 3983 2614 4058 bene
2643 3971 2874 4058 ξΙοᾶηηιεδ
2893 3983 3398 4058 presbytersensergt
3426 3984 3512 4058 qui
3541 3981 3729 4058 uti-mm

2246 4055 2424 4125 ginem
2450 4053 2809 4125 odorationem
2839 4052 3112 4125 astrueret,
3147 4053 3301 4118 dixit,
3335 4055 3401 4107 Et
3427 4052 3578 4109 Jesus
3603 4052 3730 4105 Nave

2247 4123 2528 4179 duodecim
2555 4123 2757 4193 lapides
2781 4123 2970 4177 statuit
2989 4123 3043 4177 in
3072 4124 3165 4178 Dei
3187 4126 3471 4180 memoria.

2246 4235 2382 4292 Cum
2415 4235 2468 4290 in
2491 4236 2675 4290 eadem
2710 4235 2915 4306 synodo
2945 4251 3186 4305 qure-pro
3235 4235 3522 4291 aderandis
3562 4230 3724 4300 imagi-

2177 4325 2336 4380 nibus
2360 4322 2501 4379 facta
2531 4333 2635 4388 est,
2668 4321 2821 4393 cujus
2850 4339 2950 4379 nos
2995 4338 3210 4379 errores
3240 4323 3546 4379 summatim
3572 4321 3726 4374 discu-

2178 4415 2392 4470 tiendos
2429 4415 2775 4484 arripuimus,
2828 4415 3035 4469 nullum
3073 4417 3438 4470 testimonium
3467 4429 3530 4469 ex
3556 4407 3726 4467 divinis

498 4515 556 4560 et
581 4507 804 4574 spiritus
848 4508 944 4562 Dei
981 4508 1037 4562 in
1081 4509 1303 4565 naribus
1345 4510 1606 4578 ipsorum,
1657 4525 1762 4564 non
1796 4509 2077 4579 loquentes
2109 4536 2159 4598 ο
2183 4505 2424 4575 apicibus
2445 4505 2714 4575 prolatum
2739 4505 2807 4559 ad
2834 4505 3077 4560 eamdem
3103 4520 3216 4559 rem
3233 4507 3506 4574 pertinere
3521 4503 3723 4559 constet.

503 4596 660 4654 labiis
681 4596 1041 4666 iniquitatem,
1083 4615 1182 4655 nec
1203 4600 1258 4654 in
1289 4601 1470 4670 lingua
1507 4616 1603 4656 sua
1629 4601 1911 4657 stultitiam
1960 4617 2085 4672 per-

503 4694 790 4753 sonantes;
834 4688 1018 4757 sicque
1061 4703 1159 4760 per
1194 4705 1345 4744 arma
1387 4690 1616 4758 justitize
1645 4708 1674 4746 a
1699 4692 1904 4748 dextris
1947 4701 2002 4749 et
2050 4709 2081 4749 a

505 4778 742 4838 sinistris
769 4781 1078 4836 incedentes
1124 4781 1190 4836 ad
1225 4783 1626 4853 perceptionem
1655 4783 1891 4838 cteltstis
1919 4784 2086 4839 dena-

509 4878 592 4938 rii.
631 4889 792 4945 quem
835 4888 1079 4928 summus
1103 4873 1491 4943 paterfamilias
1520 4873 1814 4930 cultoribus
1836 4891 1946 4930 sure
2004 4875 2084 4930 vi-

507 4985 624 5026 nea
649 4963 980 5036 repromisit,
1025 4964 1362 5033 perveniunt.
1396 4963 1532 5030 Quia
1576 4980 1705 5035 ergo
1753 4980 1889 5034 opus
1917 4981 2083 5020 unum

508 5065 627 5114 erat
653 5056 706 5110 in
729 5056 937 5112 duobus
959 5055 1262 5120 cherubim,
1291 5055 1392 5110 hoc
1429 5055 1686 5111 innuebat
1715 5057 1841 5126 quia
1886 5057 2087 5112 utrius-

509 5162 615 5222 que
645 5146 986 5204 instrumenti
1028 5146 1319 5217 scriptores
1347 5163 1452 5202 una
1485 5148 1782 5217 eademque
1834 5151 2088 5205 castitate

512 5239 690 5309 operis
713 5245 768 5292 et
803 5237 1083 5292 charitatis
1105 5237 1387 5292 devotione
1415 5238 1525 5292 Deo
1551 5239 1878 5303 serviebant,
1905 5255 2011 5294 una
2034 5250 2090 5295 et

514 5344 751 5385 aerisona
781 5328 948 5383 Deum
976 5343 1104 5384 voce
1129 5343 1194 5382 ac
1219 5326 1324 5380 fide
1354 5326 1670 5396 pradicant.
1701 5328 1940 5399 Quaeque
1984 5329 2092 5384 No-

514 5433 640 5477 vum
686 5418 1090 5474 Testamentum
1127 5419 1194 5474 de
1233 5417 1509 5472 Dominica
1534 5417 1929 5484 incarnatione,
1964 5435 2090 5490 pas-

517 5511 687 5575 sione,
717 5510 1130 5574 resurrectione,
1154 5508 1490 5571 ascensione,
1529 5508 1768 5578 gentium
1789 5510 2088 5576 vocatione,

590 5654 625 5712 ε
652 5641 857 5712 Proqge
885 5641 1075 5695 nostris
1096 5639 1352 5693 erratibus
1381 5639 1522 5712 apud
1543 5637 1656 5709 ejus
1674 5642 1912 5712 pietatem
1935 5644 2094 5699 inter-

521 5710 738 5782 pellant.
772 5710 939 5765 Errat
974 5713 1308 5782 emendator,
1347 5710 1438 5778 qui
1475 5710 1712 5782 erratum
1753 5713 1805 5765 in
1837 5715 2093 5769 erratibus

523 5779 737 5852 qumrit,
772 5794 870 5851 pro
901 5795 1071 5852 eoque
1102 5780 1308 5850 reponit
1348 5781 1552 5836 erratis.
1585 5780 1859 5852 Siquidem
1901 5794 1952 5839 ct
1995 5786 2095 5843 hoc

2185 4612 2285 4652 nec
2310 4596 2413 4650 hoc
2432 4610 2646 4664 quoque
2665 4595 2937 4665 pertinere
2962 4604 3175 4650 constat
3199 4595 3341 4665 quod
3353 4595 3579 4650 Joannes
3598 4603 3727 4660 pres-

2184 4689 2340 4762 byter
2384 4697 2440 4742 et
2485 4688 2696 4758 legatus
2725 4686 3079 4743 Orientalium
3115 4687 3338 4757 protulit
3370 4689 3564 4748 dicens,
3591 4681 3726 4736 Jews

2187 4779 2334 4833 Nare
2359 4777 2634 4850 duodecim
2668 4777 2866 4848 lapides
2894 4777 3074 4830 statuit
3101 4777 3156 4830 in
3187 4776 3286 4830 Dei
3315 4775 3576 4831 memoria.
3605 4770 3725 4836 Quo-

2185 4883 2306 4922 rum
2335 4867 2382 4921 si
2405 4867 2758 4922 historialiter
2793 4883 2890 4921 cur
2915 4867 2982 4920 ab
3025 4867 3200 4922 amnis
3223 4867 3376 4921 alveo
3403 4865 3570 4921 educti
3601 4871 3648 4916 et
3674 4860 3720 4913 in

2185 4957 2438 5029 Galgadis
2473 4955 2691 5012 fuerunt
2718 4957 2897 5028 positi,
2927 4971 3089 5012 causa
3127 4963 3419 5026 quaeratur,
3463 4956 3528 5010 ab
3556 4950 3719 5007 eodem

2185 5047 2347 5104 Iosue
2372 5047 2612 5118 aperitur
2641 5064 2656 5100 :
2695 5047 2786 5115 qui
2810 5045 2894 5101 his
2919 5061 3025 5102 non
3051 5047 3120 5100 ad
3159 5047 3459 5102 adorandus
3492 5041 3724 5112 imagines

2189 5139 2558 5200 instruendam
2596 5137 2710 5194 fore
2745 5138 3106 5194 lsraelitarum
3137 5139 3497 5207 posteritatem
3515 5127 3722 5190 edocuit,

2189 5235 2284 5290 sed
2324 5245 2615 5288 memorem
2664 5232 2927 5301 stupende
2963 5231 3226 5287 miraculo
3275 5229 3488 5286 arefacti
3518 5219 3721 5280 fluminis

2188 5342 2310 5384 esse
2351 5327 2548 5383 debere
2586 5325 2911 5394 permonuit,
2938 5324 3027 5394 qui
3059 5325 3126 5378 ad
3170 5332 3410 5393 posteros
3456 5322 3584 5376 hanc
3621 5313 3720 5368 sine

2191 5431 2322 5472 voce
2368 5416 2692 5485 legationem
2743 5413 3140 5484 proclamantes
3192 5413 3455 5468 deferrent
3498 5427 3510 5463 :
3565 5425 3582 5455 ι
3628 5401 3720 5457 N06

2193 5524 2330 5580 quos
2375 5507 2597 5564 cernitis
2651 5505 2904 5574 liquentis
2948 5505 3218 5574 quondam
3264 5500 3504 5560 elementi
3549 5495 3724 5550 fuimus

2197 5644 2249 5698 in
2275 5657 2373 5696 usu
2399 5639 2519 5694 fuit.
2542 5637 2739 5692 Balbus
2760 5638 3056 5693 monachus
3073 5636 3381 5694 Catholica:
3411 5656 3428 5687 ι
3457 5635 3654 5698 Errare,
3676 5621 3721 5678 id

2195 5696 2278 5769 est
2295 5711 2618 5772 exorbitare,
2636 5716 2691 5762 ct
2711 5707 2835 5762 hinc
2855 5708 3108 5771 verbalia,
3126 5708 3209 5761 hic
3229 5717 3445 5776 erratur,
3467 5716 3559 5768 tus,
3579 5706 3620 5753 rt
3637 5696 3716 5749 hat

2197 5793 2446 5847 erratum,
2476 5781 2547 5842 ti;
2581 5779 2738 5834 ambo
2767 5793 2865 5848 pro
2891 5777 3102 5834 delicto.
3130 5796 3155 5830 ι
3346 5827 3354 5832 ,
3717 5785 3725 5800 '
