4070 6186
355 342 493 411 9933

1143 324 1319 405 unm
1354 346 1696 405 caueam.
1736 375 1807 386 —
1841 342 2069 400 (Ἀρι-ι.
2107 342 2197 397 ne
2234 340 2430 396 uno.
2464 371 2533 383 -
2571 300 2785 397 ιιιιξι.

3462 345 3599 402 ιθιςιι

350 472 704 531 habitatores,
747 464 839 535 qui
877 463 1042 519 arida:
1093 472 1249 517 terra:
1278 476 1419 515 nunc
1464 474 1651 515 sumus
1681 455 1917 518 exsules,
1948 436 1996 513 Α
2025 452 2213 508 Deoiu
2257 453 2403 523 regni
2437 453 2589 522 apice
2637 455 2985 509 sublimatum
3020 462 3362 525 potestatem.
3393 458 3602 530 Quippe

350 562 552 632 quique
590 564 671 612 tot
693 554 907 611 saeculis
951 550 1201 607 Iordanis
1230 550 1432 605 fuimus
1478 547 1760 617 indigeam,
1806 541 1928 610 ejus

349 647 585 718 exempti
603 645 903 717 gurgitibus
924 642 1131 697 telluris
1151 654 1294 695 nunc
1316 652 1502 694 sumus
1524 636 1759 692 advenae.
1782 633 1926 700 Quo—

352 742 499 797 niam
522 752 647 794 cum
673 743 797 790 ante
822 732 1013 787 faciem
1040 745 1180 785 arae
1204 729 1435 791 Domini,
1461 728 1569 781 imo
1593 733 1717 779 ante
1733 723 1924 782 faciem

355 832 450 888 Dei
484 828 671 894 Jacob,
718 824 1059 883 sacerdon
1092 814 1552 899 perstrepentibus
1580 815 1829 878 catervis,
1872 821 1929 868 et

350 922 534 994 populi
555 934 678 975 cum
700 931 887 986 magna
916 912 1273 971 exsultatione
1308 907 1700 967 admirantibus
1720 905 1925 970 cuneis,

356 1025 556 1068 novum
600 1009 690 1065 ille
722 1014 998 1078 pateretur
1034 1002 1335 1065 dissidium,
1365 998 1674 1054 inferiorem
1719 1004 1928 1067 partem

355 1102 482 1175 fuga
532 1102 737 1171 lapsam
765 1095 1033 1165 aequoreis
1084 1091 1244 1147 undis
1273 1091 1639 1160 immergeret,
1685 1084 1930 1155 superio-

356 1208 582 1264 remque
601 1193 657 1246 in
680 1204 805 1245 aera
825 1186 1140 1257 fastigiaret,
1178 1180 1783 1253 obstupescentibusque
1834 1192 1932 1246 po-

358 1283 870 1361 pulislymphatieos
891 1280 958 1334 ad
979 1277 1085 1332 alta
1108 1282 1316 1331 montes
1336 1272 1642 1329 sustolleret
1662 1279 1717 1325 et
1736 1269 1932 1339 plantis

360 1379 635 1438 insolitum
664 1371 972 1431 lsraelitiois
1003 1368 1289 1425 transitum
1328 1364 1501 1419 arenti
1535 1362 1688 1416 alveo
1710 1369 1935 1430 praesta-

363 1476 443 1523 ret
473 1466 542 1521 ab
566 1462 803 1533 antiquis
827 1474 1014 1515 sumus
1041 1458 1258 1514 sedibus
1281 1453 1481 1518 educti,
1512 1460 1567 1506 et
1594 1453 1717 1508 istic
1764 1451 1935 1505 Israe—

362 1557 581 1616 litarum
627 1552 866 1609 humeris
911 1546 1057 1603 allati
1106 1547 1334 1616 isticque
1379 1543 1584 1614 positi,
1623 1554 1649 1584 ι
1706 1542 1935 1611 isticque

362 1659 551 1701 sumus
588 1643 679 1699 diu
720 1637 1089 1709 permansuri.
1129 1655 1147 1688 ι
1184 1635 1242 1689 Si
1273 1648 1403 1689 vero
1436 1633 1613 1704 typice
1665 1631 1794 1700 quid
1846 1629 1933 1684 isti

364 1736 572 1807 lapides
587 1728 1050 1803 praeﬁguraverint
1071 1733 1362 1798 quaeratur,
1394 1738 1532 1779 novo
1549 1721 1736 1784 Iosue,
1760 1720 1937 1775 Domi-

364 1797 436 1883 no
468 1797 718 1890 videlicet
743 1797 810 1877 iet
854 1797 1133 1875 Salvatore
1173 1821 1359 1872 nostro
1393 1811 1521 1869 Jesu
1557 1812 1791 1877 Christo,
1843 1811 1933 1880 qui
1970 1797 2012 1856 Β

363 1926 582 1973 aeternas
614 1912 772 1968 nobis
817 1909 1005 1981 patrue
1060 1906 1450 1962 habitationem
1501 1902 1793 1967 distribuit,
1843 1902 1938 1955 du-

365 2016 543 2070 cente,
566 2003 839 2074 panditur,
874 2000 965 2070 qui
1004 2005 1066 2053 ut
1100 1996 1352 2067 baptismi
1403 2002 1798 2051 sacramentum
1843 2006 1941 2061 per

366 2098 510 2172 quod
564 2097 632 2151 ad
675 2102 934 2150 :eternam
974 2088 1204 2161 patriam
1262 2087 1593 2159 pervenitur,
1645 2084 1937 2147 stabiliret,

368 2187 653 2245 duodecim
710 2182 981 2254 apostolos
1024 2180 1204 2249 eli-git,
1254 2178 1449 2248 quibus
1498 2184 1554 2231 et
1603 2176 1756 2240 dixit,
1791 2174 1943 2230 Eun-

369 2289 446 2335 tes
499 2277 675 2331 docete
731 2288 940 2336 omnes,
988 2271 1309 2341 baptizatus:
1352 2284 1442 2323 eos
1490 2268 1546 2323 in
1591 2267 1800 2320 nomine
1835 2264 1944 2318 Pa-

370 2371 487 2435 tris,
522 2378 573 2424 et
606 2365 760 2433 Filii,
785 2375 836 2420 et
868 2364 1101 2437 Spiritus
1136 2362 1304 2417 sancti
1339 2359 1555 2433 (Matth.
1584 2359 1800 2430 sunt),
1850 2356 1943 2427 qui

370 2477 542 2533 usque
566 2462 622 2517 in
652 2467 972 2532 perpetuum
998 2464 1200 2513 sancte
1220 2455 1475 2511 Ecclesia:
1494 2451 1798 2523 posteritati
1822 2444 1947 2519 per-

373 2555 564 2610 bibent
607 2551 993 2613 testimonium,
1054 2549 1180 2605 dum
1207 2562 1327 2604 eam
1380 2546 1449 2601 ad
1495 2544 1734 2601 calentia
1784 2556 1945 2612 regna

373 2652 669 2718 provocant
685 2658 782 2713 per
804 2641 1055 2712 baptismi
1081 2638 1505 2696 sacratissimum
1527 2641 1943 2692 sacramentum.

375 2743 483 2798 Per
507 2741 643 2796 alios
685 2752 817 2809 ergo
853 2736 1135 2792 duodecim
1184 2732 1533 2789 nihilominus
1556 2728 1762 2799 lapides
1779 2726 1869 2796 qui
1894 2724 1947 2781 in

376 2835 626 2892 Iordanis
649 2833 803 2889 alveo
826 2830 986 2902 positi
1014 2838 1158 2895 sunt,
1182 2836 1493 2885 sanctorum
1519 2824 1949 2896 patriarcharum

378 2936 436 2985 et
476 2926 857 2997 prophetarum
896 2920 1136 2992 proiecto
1160 2919 1328 2991 ﬁgura
1351 2917 1723 2988 praetenditur,
1754 2915 1846 2985 qui
1865 2913 1951 2967 ni-

386 3018 576 3080 mirum
596 3014 725 3071 dum
754 3012 1007 3084 baptismi
1046 3017 1446 3067 sacramentum
1479 3009 1579 3064 sub
1603 3006 1790 3061 umbra
1818 3002 1953 3074 legis

373 3107 539 3179 tositi
577 3120 686 3161 non
732 3112 917 3174 aperte
962 3099 1389 3173 praedicaverint,
1425 3097 1522 3153 sed
1545 3112 1643 3168 per
1692 3094 1951 3165 quasdam

379 3196 635 3267 mysticas
669 3201 726 3249 et
770 3192 1116 3248 obumbratus
1162 3188 1366 3259 ﬁguras
1434 3184 1741 3250 innuerint,
1799 3180 1955 3253 quasi

380 3285 649 3344 ﬂumineis
672 3283 920 3339 fluctibus
951 3281 1132 3337 obruti
1159 3287 1315 3344 sunt;
1343 3278 1472 3349 quia
1492 3275 1743 3332 videlicet
1785 3288 1959 3344 quan-

379 3391 542 3450 quam
561 3382 745 3448 aperte
777 3387 884 3429 non
929 3371 1215 3427 videantur
1262 3368 1585 3439 baptismum
1636 3365 1955 3429 instituisse,

381 3484 492 3525 non
537 3475 714 3522 tamen
759 3465 1052 3522 creduntur
1093 3460 1212 3531 ejus
1248 3460 1504 3531 mysterio
1548 3457 1809 3514 caruisse.
1853 3457 1960 3511 Pro

380 3557 577 3626 quibus
617 3554 861 3625 patribus
896 3560 1097 3608 sancta:
1137 3550 1391 3608 Ecclesiae
1436 3549 1548 3605 nati
1576 3556 1704 3603 sunt
1744 3546 1860 3610 lilii,
1905 3545 1959 3600 id

380 3657 469 3704 est
493 3644 741 3718 apostoli,
768 3659 905 3714 quos
931 3641 1212 3699 constituit
1246 3640 1520 3710 principes
1544 3652 1707 3709 super
1743 3650 1958 3693 omnem

386 3748 585 3793 terram
611 3736 704 3806 qui
725 3748 994 3790 memores
1035 3740 1163 3788 sunt
1187 3730 1423 3786 nominis
1450 3728 1662 3784 Domini
1710 3726 1764 3781 in
1812 3724 1957 3780 omni

384 3826 642 3898 progenie
662 3833 718 3879 et
743 3823 1092 3894 generatione
1112 3829 1174 3876 ut
1198 3829 1309 3876 tam
1329 3834 1427 3890 per
1444 3819 1568 3873 illos
1603 3831 1768 3887 quam
1794 3815 1960 3871 etiam

382 3932 482 3988 per
507 3917 640 3973 istos
663 3914 1022 3971 sacrosanctis
1064 3909 1480 3968 charismatibus
1514 3907 1710 3963 referta
1759 3914 1815 3962 et
1868 3905 1961 3961 do—
1998 3934 2001 3937 ν

384 4008 655 4081 gmatibus
668 4007 880 4071 edocta,
909 4021 1017 4061 non
1042 4004 1334 4075 imaginum
1366 4001 1504 4056 fucis
1525 4000 1608 4055 vel
1633 3998 1965 4069 quibuslibet

385 4095 773 4167 superstitiosis
800 4094 983 4160 rebus,
1015 4095 1115 4150 sed
1140 4094 1243 4151 ﬁde
1283 4101 1341 4150 et
1375 4092 1632 4167 operibus
1677 4090 1964 4150 Dominum

386 4200 631 4259 quanere
657 4199 767 4240 non
789 4184 1037 4241 desistat.

959 4294 1191 4353 CAPUT
1221 4294 1385 4350 XXII.

390 4407 549 4473 Quod
580 4425 688 4463 non
712 4409 779 4463 sit
805 4407 1024 4479 a’quatis
1045 4408 1307 4473 adoratio,
1335 4418 1389 4461 ut
1411 4406 1491 4461 illi
1509 4406 1707 4473 dicunt,
1724 4405 1965 4479 VNathum

2023 543 2121 615 qui
2137 542 2373 612 ejusdem
2397 545 2520 599 (toni
2549 546 2789 600 cmlcstis
2813 558 3032 602 munere
3056 549 3283 604 satiatus
3323 559 3459 615 erat,
3494 566 3603 621 quo

2024 632 2114 688 ille
2134 634 2409 689 satiandus
2448 632 2586 688 fort
2617 635 2707 704 qui
2747 635 2987 689 dicturus
3030 644 3149 692 erat
3177 657 3189 690 :
3225 637 3479 695 Omnibus
3510 658 3601 713 po-

2025 722 2697 777 testatibussublimioribus
2720 724 2913 777 subditi
2928 735 3115 780 estote.
3143 722 3263 780 Non
3274 737 3349 781 est
3366 731 3503 783 enim
3517 748 3603 802 po-

2026 819 2185 866 testas
2199 812 2299 867 nisi
2321 832 2353 867 a
2376 812 2506 880 Deo,
2521 829 2639 886 quia
2660 823 2839 867 autem
2858 824 2979 868 sunt
2999 833 3030 869 a
3065 814 3172 871 Deo
3188 819 3445 874 ordinata:
3459 833 3605 878 sunt.

2030 901 2215 973 Itaque
2232 904 2320 974 qui
2345 904 2535 958 resistit
2554 905 2810 975 potestati,
2830 903 2926 957 Dei
2947 907 3265 965 ordinatiom
3283 913 3503 969 resistit:
3517 914 3606 986 qui

2030 1002 2203 1046 autem
2224 993 2600 1066 resistunt,ipsi
2618 994 2716 1049 sibi
2734 996 3125 1052 damnationem
3136 1004 3433 1071 acquirunt.
3463 1004 3607 1059 Nam

2028 1085 2283 1156 principes
2306 1102 2410 1138 non
2431 1094 2551 1139 sunt
2598 1087 2773 1140 timori
2814 1088 2932 1141 boni
2960 1092 3149 1159 operis,
3189 1090 3279 1147 sed
3316 1094 3463 1148 mali.
3523 1094 3609 1155 νὴ

2029 1190 2204 1235 autem
2250 1197 2353 1234 non
2380 1182 2560 1234 timere
2586 1185 2929 1250 potestatem?
2952 1185 3140 1241 bonum
3171 1188 3277 1258 fac,
3323 1201 3371 1245 et
3400 1192 3609 1249 habebis

2030 1272 2239 1327 laudem
2262 1289 2326 1327 ea:
2347 1272 2460 1326 illa.
2494 1272 2588 1327 Dei
2614 1273 2751 1328 enim
2773 1272 3006 1329 minister
3027 1286 3102 1331 est
3125 1278 3217 1333 tibi
3245 1280 3299 1333 in
3320 1281 3542 1347 bonum;
3564 1284 3609 1337 si

2032 1372 2202 1424 autem
2225 1361 2421 1416 malum
2445 1362 2647 1432 feceris,
2670 1366 2812 1418 time.
2849 1364 2971 1418 Non
2990 1366 3127 1420 enim
3144 1371 3257 1424 sine
3286 1386 3450 1425 causa
3499 1372 3610 1443 gla-

2031 1459 2177 1516 dium
2201 1468 2393 1531 portat.
2424 1457 2522 1512 Dei
2547 1459 2685 1511 cnim
2710 1458 2944 1512 minister
2981 1470 3076 1524 est,
3102 1459 3290 1515 uindex
3316 1463 3371 1517 in
3398 1464 3532 1518 iram
3565 1464 3615 1518 ei

2031 1551 2121 1621 qui
2147 1548 2341 1605 malum
2371 1550 2500 1619 agit.
2531 1547 2760 1618 Ideoque
2798 1549 3088 1603 necessitati
3109 1549 3304 1605 subditi
3333 1561 3493 1607 estote
3509 1571 3636 1629 ιιοιι⁵

2032 1641 2202 1696 solum
2230 1650 2441 1712 propter
2463 1640 2618 1701 iram,
2651 1639 2740 1692 sed
2780 1649 2991 1709 propter
3033 1641 3427 1694 conscientiam.
3487 1639 3615 1695 Ideo

2033 1735 2172 1787 enim
2224 1742 2275 1787 et
2300 1731 2495 1786 tributa
2527 1731 2786 1802 pra'statis
2822 1748 2840 1785 :
2878 1733 3105 1786 ministri
3162 1734 3300 1787 enim
3349 1733 3443 1787 Dei
3470 1745 3614 1797 sunt,

2038 1824 2091 1876 in
2107 1822 2205 1876 hoc
2228 1823 2399 1891 ipsum
2423 1822 2731 1887 seruientes.
2759 1820 2980 1877 Reddite
3003 1839 3125 1893 ergo
3152 1824 3390 1879 mnibus
3409 1825 3582 1879 debita
3598 1840 3617 1879 :

2037 1916 2121 1968 cui
2165 1915 2437 1976 tributum,
2474 1914 2759 1976 tributum:
2804 1915 2890 1968 cui
2937 1915 3170 1985 uectigal,
3231 1916 3483 1986 vectigal;
3532 1918 3619 1970 cui

2036 2005 2295 2065 timorem,
2338 2004 2610 2067 timorem;
2651 2004 2736 2056 cui
2776 2003 3041 2067 honorem,
3087 2004 3369 2069 honorem;
3418 2006 3613 2060 nemini

2036 2093 2322 2164 quidquam
2343 2093 2572 2147 debeatis
2595 2093 2697 2147 nisi
2710 2102 2766 2146 ut
2782 2093 2998 2147 inuicem
3018 2092 3251 2164 diligatis
3272 2095 3449 2164 (Rom.
3473 2099 3614 2167 xm).

2041 2183 2116 2237 De
2162 2183 2263 2237 hac
2292 2183 2455 2237 etiam
2504 2197 2564 2236 re
2597 2182 2738 2238 idem
2770 2182 2879 2238 Vas
2899 2183 3175 2239 electionis
3206 2199 3306 2253 per
3352 2184 3615 2255 Spiritum

2040 2280 2288 2327 sanctum
2352 2272 2680 2341 discipulum
2724 2272 2905 2327 Titum
2953 2274 3034 2329 sic
3076 2273 3336 2330 instruit:
3389 2272 3649 2332 Admone

2042 2362 2180 2428 illos,
2208 2364 2528 2433 principibus
2552 2373 2601 2417 et
2634 2365 2973 2434 potestatibus
3010 2366 3247 2421 subditos
3300 2384 3431 2433 esse,
3485 2370 3624 2422 dicto

2044 2453 2268 2518 obedire,
2297 2453 2519 2508 admone
2546 2455 2615 2509 ad
2658 2472 2787 2525 opus
2832 2456 3027 2510 bonum
3054 2465 3267 2527 paratos
3306 2475 3433 2524 esse,
3466 2463 3630 2517 mmi-

2046 2560 2162 2597 nem
2196 2541 2569 2614 blasphemare,
2600 2545 2852 2616 litigioso:
2898 2564 3002 2602 non
3046 2565 3175 2612 esse,
3205 2548 3298 2604 sed
3345 2549 3627 2615 modestos,

2046 2648 2248 2688 omnem
2283 2634 2606 2688 ostendentes
2659 2637 3112 2690 mansuetudinem
3144 2637 3213 2691 nd
3241 2656 3417 2693 omnes
3461 2640 3629 2693 homi-

2048 2740 2138 2779 nes
2164 2723 2293 2794 (Tit.
2324 2726 2429 2797 ιιι).
2458 2725 2717 2781 Adoravit
2743 2726 2925 2797 itaque
2958 2730 3220 2799 propheta
3253 2746 3431 2801 regem
3462 2749 3474 2784 :
3513 2731 3631 2802 δρία

2048 2816 2156 2871 ritu
2177 2824 2364 2872 sancto
2392 2817 2642 2887 repletus,
2686 2817 2891 2889 Spiritu
2926 2829 3114 2876 sancto
3160 2822 3454 2892 repletum;
3499 2826 3631 2878 vati-

2050 2907 2176 2963 cinii
2198 2921 2418 2964 munere
2438 2906 2625 2972 fretus,
2654 2909 2894 2965 vaticinii
2919 2925 3144 2967 munere
3167 2911 3386 2979 fretum,
3413 2894 3655 2969 merito-i

2051 3012 2173 3054 rum
2226 2998 2527 3069 insignibus
2583 3013 2896 3066 coruscans,
2944 3001 3264 3057 meritorum
3328 2984 3665 3075 insignibus.

2052 3098 2447 3147 coruscantem.
2477 3088 2595 3145 Non
2616 3090 2762 3148 enim
2801 3091 2856 3147 in
2888 3106 2955 3147 eo
2991 3093 3282 3162 quamdam
3308 3092 3665 3152 insensatam'

2058 3197 2174 3237 rem
2196 3182 2585 3252 superstitiosa:
2613 3182 2866 3239 vanitatis
2891 3184 3036 3241 cultu
3064 3183 3329 3252 adoravit,
3347 3190 3441 3244 sed
3462 3189 3636 3246 virum

2056 3272 2336 3331 inventum
2373 3274 2669 3330 secuan
2693 3288 2789 3330 eor
2821 3274 3053 3339 Domini,
3081 3276 3258 3333 virum
3283 3279 3424 3334 sacri
3447 3283 3637 3354 ungui-

2057 3367 2143 3421 nis
2171 3366 2377 3440 liquore
2404 3367 2722 3435 delibutum,
2747 3368 2776 3408 δ
2800 3369 2979 3425 virum
3002 3366 3055 3422 in
3084 3368 3178 3423 Dei
3202 3369 3452 3427 laudibus
3475 3389 3638 3442 supra

2056 3471 2245 3513 omnes
2269 3458 2583 3524 excitamur,
2604 3459 2783 3515 virum
2806 3459 2898 3529 qui
2922 3459 2989 3515 de
3011 3457 3214 3517 Christi
3246 3461 3643 3532 incarnatione,

2057 3545 2326 3615 passione,
2349 3561 2379 3599 a
2416 3547 2645 3602 mortuis
2670 3549 3089 3615 resurrectione,
3130 3550 3185 3607 in
3212 3552 3407 3607 caelum
3448 3569 3640 3615 ascen-

2057 3635 2230 3700 sione,
2266 3635 2479 3692 cunctis
2513 3637 2909 3706 praecellentius
2939 3642 3311 3714 prophetarit;
3341 3644 3515 3699 virum
3548 3645 3640 3715 qui

2060 3743 2167 3782 non
2196 3727 2370 3783 solum
2400 3728 2493 3784 Dei
2518 3727 2713 3783 Filium
2740 3737 3025 3785 venturum
3042 3733 3414 3806 prephetavit,
3432 3736 3527 3791 sed
3548 3734 3675 3804 ejus

2060 3817 2223 3873 etiam
2258 3825 2444 3889 typum
2485 3818 2686 3889 gessit;
2725 3819 2902 3874 virum
2946 3822 3038 3895 qui
3067 3836 3173 3877 non
3204 3823 3378 3879 solum
3411 3822 3528 3895 ejus
3561 3835 3642 3897 ty-

2059 3923 2187 3979 pum
2214 3907 2400 3979 gessit,
2429 3909 2525 3964 sed
2548 3909 2711 3964 etiam
2734 3911 3029 3965 secundum
3069 3910 3300 3969 formam
3346 3913 3490 3968 servi
3528 3928 3645 3984 ger.

2061 3998 2223 4053 minis
2274 4000 2583 4071 prosapiam
2645 4001 2993 4060 ministravit.
3056 4004 3368 4061 Dilectionis
3415 3988 3685 4075 allecto,’

2060 4088 2379 4147 humilitatis
2429 4091 2718 4161 obsequio,
2773 4093 3106 4166 praelationis
3151 4096 3360 4161 debito,
3408 4085 3663 4158 olliciosn.

2061 4180 2380 4238 adoratione
2405 4182 2800 4251 honoriﬁcavit,
2831 4200 2991 4255 quem
3009 4186 3182 4241 sinon
3210 4185 3259 4242 ei
3282 4202 3341 4242 se
3365 4188 3654 4248 subdendo

2062 4271 2288 4344 ejusque
2335 4275 2554 4330 monitis
2588 4277 2828 4346 parendo
2862 4277 3262 4343 honoriﬁcaret,
3302 4277 3377 4337 illi
3419 4278 3654 4352 Spiritui

2064 4368 2353 4424 contraire.
2396 4368 2689 4434 videretur,
2725 4370 2815 4439 qui
2840 4384 2939 4442 per
2969 4378 3240 4441 pastOrem
3269 4372 3526 4431 Ecclesia:
3565 4374 3651 4429 di.

457 4457 1384 4550 ﬁﬁﬁﬂﬁ'EEJ'ﬁﬁﬁhg'gaﬁ;
1412 4457 1754 4533 ’ᾖάδέκζιῖίδῆί
1770 4457 1965 4549 ﬁgi:
1994 4486 2046 4547 ι)
2066 4465 2255 4525 cturus
2281 4466 2429 4525 erat,
2451 4457 2662 4514 Subdiu
2687 4468 2849 4550 estote
2888 4463 3030 4517 omni
3056 4462 3299 4517 humanae
3326 4463 3657 4529 ordinationt

460 4564 611 4603 num.
805 4599 809 4604 .

461 4639 576 4694 Non
597 4654 719 4695 esse
744 4638 1006 4709 :equalem
1027 4639 1396 4695 adorationem
1423 4655 1585 4710 quam
1610 4639 1819 4694 Natban
1842 4654 1967 4709 pro-

388 4733 551 4802 pheta
604 4731 775 4788 David
827 4748 982 4802 teque
1029 4733 1304 4801 prophetae
1354 4732 1578 4803 regique
1625 4731 1966 4787 sanctissimo

388 4822 635 4878 exhibuit
686 4822 775 4894 (ΙΙ
820 4821 950 4894 Reg.
998 4822 1128 4895 xu),
1190 4822 1490 4879 adorationi
1540 4837 1702 4892 quam
1747 4821 1966 4893 quidam

387 4912 716 4983 imaginibus
752 4912 1027 4978 exhibent,
1075 4926 1184 4967 non
1213 4924 1434 4968 necesse
1459 4920 1545 4967 est
1568 4912 1751 4966 multis
1775 4925 1970 4981 appro-

387 5008 520 5066 bare
547 5007 906 5073 documentis,
934 5008 1189 5078 quoniam
1210 4996 1737 5063 evidentissimis'est
1777 5019 1971 5077 appro-

332 5103 343 5108 ’
387 5097 575 5161 batum
611 5098 846 5163 indiciis,
895 5114 997 5154 nec
1030 5105 1214 5154 nostra
1248 5097 1452 5169 indiget
1486 5097 1846 5167 disputatione
1883 5110 1971 5150 res

387 5203 510 5256 qua:
537 5195 646 5244 tam
672 5198 857 5259 aperta
883 5196 1100 5260 tamque
1119 5187 1265 5244 clara
1299 5187 1477 5245 elucet
1500 5187 1728 5244 ratione.
1761 5184 1867 5241 Sed
1902 5199 1972 5241 ne

389 5279 495 5338 hoc
520 5277 739 5337 silentio
778 5280 1109 5351 praeteriisse
1143 5279 1442 5343 videamur,
1483 5285 1697 5349 oportet
1719 5285 1778 5331 ut
1815 5276 1974 5347 quid-

389 5367 516 5421 dam
540 5366 667 5428 inde
688 5368 922 5424 strictim
960 5368 1306 5441 breviterque
1342 5381 1724 5436 exsequamur.
1767 5364 1975 5420 Adora-

393 5456 486 5520 vit,
513 5455 754 5529 inquam,
783 5457 1016 5514 Natham
1046 5460 1308 5533 propheta
1343 5458 1511 5513 David
1536 5473 1736 5528 regem,
1779 5472 1885 5512 non
1915 5464 1977 5511 ut

392 5544 633 5601 cobrum
677 5546 818 5603 fucis
863 5547 1295 5620 compaginatam
1338 5548 1648 5619 imaginem,
1705 5549 1803 5604 sed
1839 5556 1901 5603 ut
1942 5564 1974 5604 a

466 5692 493 5721 ι
520 5680 749 5758 latisque
788 5699 970 5739 sumus
995 5684 1116 5758 dius
1138 5683 1503 5755 permans'uri.
1531 5686 1839 5758 Legendurn
1866 5686 1975 5743 for-

396 5760 543 5816 tam,
569 5753 758 5814 subdiu
784 5756 1136 5825 permansuri.

2064 4556 2274 4623 propter
2323 4550 2606 4605 Dominum
2653 4548 2706 4622 (1
2749 4548 2893 4609 Petr.
2938 4554 3020 4615 ul,
3091 4552 3205 4607 sive
3230 4554 3342 4623 regi
3392 4562 3657 4623 tanquam

2064 4642 2413 4713 praecedenti,
2434 4643 2549 4698 sive
2568 4643 2795 4699 ducibus
2819 4653 3070 4715 tanquam
3093 4647 3161 4701 ab
3186 4663 3250 4703 eo
3276 4647 3327 4702 in
3350 4649 3451 4705 hoc
3475 4649 3659 4720 ipsum

2067 4735 2251 4791 missis
2285 4732 2352 4791 ad
2393 4734 2686 4794 vindictam
2716 4736 3002 4803 malorum,
3057 4738 3268 4793 laudem
3302 4755 3432 4794 vero
3480 4742 3659 4794 boum

2038 4843 2188 4882 .rum
2222 4841 2238 4883 :
2283 4827 2413 4898 quia
2460 4826 2540 4882 sic
2582 4834 2668 4882 est
2718 4827 2967 4883 voluntas
3009 4828 3106 4891 Dei
3155 4836 3215 4882 ut
3251 4828 3691 4886 benefacientea

2068 4919 2440 4977 obmutescere
2451 4917 2664 4973 faciatis
2677 4918 2962 4973 stultorum
2974 4917 3249 4976 hominum
3268 4918 3657 4990 ignorantiam,

2069 5016 2132 5062 ut
2167 5008 2345 5073 liberi,
2382 5023 2491 5061 non
2525 5016 2585 5062 ut
2621 5006 2865 5061 velamen
2892 5007 3113 5062 malitiae
3141 5007 3401 5066 habentes
3427 5006 3652 5063 liberta-

2074 5105 2201 5163 tem,
2225 5099 2320 5153 sed
2345 5097 2488 5152 sicut
2508 5096 2655 5159 servi
2700 5096 2815 5152 Dei.
2842 5095 3044 5152 Omnes
3073 5097 3353 5162 honorate,
3396 5095 3652 5151 fraterni-

2072 5195 2239 5243 tatem
2261 5186 2485 5257 diligite,
2526 5187 2695 5241 Deum
2729 5186 2937 5252 timete,
2967 5201 3147 5264 regem
3178 5199 3355 5255 autem
3392 5185 3652 5243 honoriﬁ-

2073 5286 2212 5334 cate.
2259 5276 2397 5333 Cum
2432 5291 2560 5348 ergo
2602 5285 2683 5334 tot
2709 5277 2922 5337 indiciis
2967 5280 3236 5350 tantlSque
3286 5272 3649 5349 apostolorum

2073 5368 2544 5441 praedicationibus
2572 5383 2725 5439 reges
2759 5368 3151 5425 honorificandi
3177 5369 3305 5433 sint,
3327 5364 3656 5423 absurdissi.

2080 5476 2225 5516 mum
2250 5469 2337 5517 est
2379 5461 2748 5517 adorationem
2786 5477 2908 5532 qua:
2948 5462 3270 5532 imaginibus
3319 5445 3534 5516 :iniliter
3567 5461 3651 5524 iit,

2076 5554 2376 5610 adorationi
2396 5570 2514 5626 qua:
2534 5555 2875 5612 sanctissimo
2894 5555 3005 5627 regi
3020 5568 3117 5626 per
3136 5555 3450 5627 prophetam
3471 5553 3657 5621 flebat,

2148 5688 2177 5729 ιι
2205 5685 2386 5739 Virum
2424 5684 2478 5741 in
2515 5684 2611 5760 Dei
2658 5682 2900 5760 laudibus
2937 5700 3097 5760 supra
3134 5683 3648 5760 omnesvexritatum.
3693 5718 3698 5727 ο

2080 5759 2213 5817 Fons
2240 5766 2340 5824 est,
2366 5764 2423 5814 ut
2448 5756 2653 5815 rectius
2681 5755 2774 5821 sit,
2807 5755 3163 5810 exercitatum.
