4070 6186
429 353 569 410 1055

1296 345 1367 398 .8.
1409 342 1660 400 CABOLl
1699 339 1912 396 MAGNI
1951 335 2101 394 OPP.
2143 336 2322 392 PARS
2355 337 2420 392 ll.
2462 337 2704 396 SECTlO
2743 339 2804 394 11.

3563 339 3704 404 ωδε

428 464 764 536 aequiparare
793 459 958 524 velle;
1000 474 1122 513 cum
1151 457 1397 512 videlicet
1419 457 1508 510 ille
1530 456 1623 510 Dei
1650 454 1913 510 famulum
1935 461 2006 515 et,
2038 453 2089 512 Δ
2115 464 2358 519 quaerere
2380 453 2714 515 hortabatur,
2747 470 2869 516 cum
2893 453 3127 520 dicebat,
3157 453 3391 520 θείω-ἤιε
3419 454 3709 512 Dominum

429 567 489 615 ut
514 557 588 611 ita
615 552 865 616 dixerim,
889 550 1059 605 sancti
1088 548 1321 618 Spiritus
1345 546 1709 602 habitaculum
1736 554 1791 600 et
1814 545 2010 599 divinae

434 643 824 704 incarnationis
869 641 1177 695 ministrum
1225 638 1509 694 salutando
1536 634 1872 700 adoraveril;
1921 633 2010 688 isti

434 751 566 790 vero
593 735 649 789 in
688 732 1013 804 imaginibus
1035 729 1110 785 nil
1150 729 1298 784 aliud
1354 729 1460 783 nisi
1490 728 1706 784 easdem
1753 726 2014 781 materias

436 828 503 884 de
525 827 721 897 quibus
760 825 865 878 illa:
891 824 1018 877 ﬂant
1049 822 1294 877 adorent.
1329 819 1465 873 Nam
1493 819 1538 874 si
1566 817 1790 888 aequalis
1813 825 1896 871 est
1925 818 2014 870 ad—

435 919 610 975 oratio
633 934 754 988 qua:
785 914 952 971 David
981 931 1010 969 a
1031 915 1291 986 propheta
1319 912 1562 968 exhibita
1584 920 1686 974 est,
1707 907 2009 965 adorationi

437 1027 558 1081 qua:
583 1009 908 1079 imaginibus
952 1006 1258 1071 exhibetur,
1301 1005 1416 1076 ipse
1440 1018 1653 1073 quoque
1683 1000 1850 1056 David
1881 1002 2015 1056 ima-

435 1102 651 1173 ginibus
675 1100 897 1170 :equalis
941 1106 1051 1164 est;
1093 1106 1148 1152 et
1195 1097 1241 1152 si
1289 1096 1612 1167 imaginibus
1647 1094 1870 1164 :equalis
1912 1101 2015 1159 cst,

437 1209 544 1247 non
573 1192 747 1247 solum
776 1201 855 1246 tot
879 1190 1196 1246 meritorum
1229 1189 1550 1260 insignibus,
1577 1189 1671 1244 sed
1709 1187 1872 1243 etiam
1902 1187 2017 1256 ipsa

437 1287 671 1342 humana
698 1285 906 1339 ratione
927 1283 1169 1338 caruisse
1208 1282 1508 1337 credendus
1541 1290 1662 1336 est:
1690 1295 1795 1334 non
1838 1288 2017 1333 autem

437 1385 519 1430 tot
543 1377 857 1431 meritorum
887 1376 1203 1446 insignibus,
1243 1388 1342 1428 nec
1379 1374 1490 1442 ipsa
1530 1373 1762 1427 humana
1810 1371 2020 1425 ratione

437 1466 678 1521 caruisse
701 1465 999 1521 credendus
1025 1473 1129 1529 est,
1153 1481 1260 1517 non
1291 1463 1450 1533 igitur
1471 1462 1696 1530 arqualis
1725 1470 1808 1516 est
1828 1462 2021 1516 adora-

438 1556 517 1612 tio
547 1571 667 1625 qua:
710 1556 785 1610 illi
815 1571 844 1609 a
870 1556 1130 1626 propheta
1157 1555 1395 1609 exhibita
1431 1561 1534 1619 est,
1573 1552 1870 1608 adoratinni
1898 1567 2017 1622 qua:

439 1646 762 1718 imaginibus
782 1647 1086 1702 exhibetur.

1008 1776 1236 1833 CAPUT
1262 1776 1450 1831 XXIII.

441 1889 597 1956 Quod
623 1892 675 1944 in
698 1907 758 1944 eo
781 1890 920 1960 quod
955 1889 1203 1960 scriptum
1241 1898 1315 1960 est
1346 1907 1366 1944 :
1406 1888 1691 1960 Signatum
1714 1896 1796 1943 est
1853 1902 2016 1958 super

511 1976 611 2015 nos
635 1959 809 2014 lumen
837 1960 1013 2014 vultus
1034 1961 1132 2023 tui,
1159 1959 1402 2024 Domine,
1432 1959 1571 2013 sive:
1598 1959 1814 2013 Vultum
1838 1966 2010 2023 tuum,

508 2031 750 2090 Domine,
790 2029 1084 2098 requiram,
1118 2027 1249 2098 nihil
1282 2046 1441 2082 manu
1466 2030 1622 2098 facta:
1666 2029 2018 2098 imaginisin-

507 2100 842 2171 telligendum
870 2096 947 2153 est
966 2139 981 2165 ,
1015 2107 1072 2152 ut
1095 2097 1173 2152 illi
1195 2096 1398 2152 dicunt.

507 2211 594 2266 Nil
630 2211 696 2266 ad
735 2210 1164 2266 manufactarum
1217 2210 1512 2278 imaginum
1566 2209 1745 2266 vultus
1785 2210 2020 2280 pertinet

437 2305 582 2372 quod
604 2296 1057 2374 Psalmographus
1098 2301 1248 2366 dicit,
1285 2301 1564 2373 Signatum
1596 2311 1673 2358 est
1724 2320 1883 2374 super
1923 2321 2018 2358 nos

437 2393 614 2447 lumen
637 2393 808 2447 vultus
838 2395 936 2459 tui,
974 2393 1197 2448 Domine
1227 2392 1400 2464 (Psal.
1436 2394 1545 2465 tv);
1578 2408 1677 2449 nec
1700 2394 1850 2460 illud,
1890 2393 2020 2449 Vul-

439 2493 550 2536 tum
573 2493 719 2536 tuum
739 2525 752 2546 ,
782 2483 1000 2538 Domine
1022 2525 1036 2548 ,
1070 2485 1352 2555 requiram,
1399 2493 1460 2539 ut
1487 2485 1542 2540 in
1581 2483 1824 2554 ejusdem
1847 2485 2021 2540 vanis

441 2573 592 2628 sima:
629 2573 818 2644 synodi
871 2573 1100 2630 lectione
1149 2575 1395 2640 habetur,
1442 2590 1564 2644 qua:
1587 2589 1687 2644 pro
1730 2575 2020 2631 adorandis

443 2661 767 2733 imaginibus
800 2660 940 2717 facta
970 2673 1082 2727 est;
1146 2662 1299 2732 cujus
1345 2671 1524 2719 textus
1554 2664 1628 2718 nil
1667 2663 1813 2720 aliud
1857 2680 2018 2735 quam

443 2752 670 2807 materia
684 2761 766 2806 est
781 2753 867 2806 ubi
887 2752 1114 2808 stultitia
1138 2754 1563 2824 magnitudinem
1576 2770 1733 2811 suam
1753 2755 2018 2810 exercuit.

440 2842 576 2898 Nam
624 2845 670 2897 si
701 2843 788 2898 hic
822 2843 1003 2899 vultus
1029 2843 1181 2913 cujus
1208 2860 1370 2914 super
1397 2860 1497 2900 nos
1527 2844 1707 2900 lumen
1746 2845 2019 2915 signatum

439 2950 559 2990 esse
599 2935 867 3005 Propheta
911 2935 1184 3001 decantat,
1231 2946 1286 2990 et
1334 2951 1496 3006 quem
1538 2951 1597 2992 se
1632 2937 2053 3006 requisiturum-

438 3041 559 3082 esse
584 3027 884 3092 denuntiat,
916 3028 970 3082 in
996 3027 1427 3083 manulactarum
1452 3028 1747 3098 imaginum
1785 3029 2021 3084 vultibus
2045 3054 2052 3059 -

441 3115 818 3186 intelligendus
845 3125 952 3182 est,
997 3119 1347 3188 quaarendum
1380 3133 1704 3190 magnopere
1731 3127 1816 3175 est
1861 3119 2020 3188 quale

441 3205 622 3260 lumen
650 3205 902 3272 habeant,
932 3216 1025 3261 aut
1058 3223 1165 3278 quo
1214 3210 1373 3264 modo
1411 3210 1464 3266 id
1488 3209 1669 3265 lumen
1714 3224 1877 3279 super
1922 3225 2022 3264 nos

444 3296 715 3366 signatum
741 3296 831 3360 sit,
868 3304 962 3351 aut
984 3298 1074 3352 ubi
1107 3297 1245 3352 idem
1281 3299 1542 3368 propheta
1567 3299 1729 3354 talem
1754 3299 2020 3370 requisie~

439 3388 513 3442 rit
535 3387 763 3442 vultum.
791 3388 848 3442 In
879 3390 1041 3444 corde
1067 3389 1266 3444 etenim
1300 3387 1440 3446 idem
1473 3399 1694 3446 sanctus
1739 3392 1821 3446 vir
1853 3392 2018 3446 Deum

444 3494 552 3532 non
597 3477 649 3531 in
675 3476 997 3534 manufactis
1023 3480 1257 3535 vultibus
1283 3482 1579 3550 qu:erebat,
1612 3497 1734 3536 cum
1777 3482 2016 3553 dicebatj:

442 3574 510 3629 In
539 3585 643 3628 toto
660 3575 816 3628 corde
840 3592 952 3630 meo
974 3577 1223 3646 exquisivi
1247 3586 1316 3642 te,
1349 3577 1508 3642 Deus,
1548 3595 1611 3632 ne
1635 3577 1852 3648 repellas
1883 3595 1964 3632 me
1989 3596 2022 3631 a

442 3665 708 3718 mandatis
731 3665 833 3718 tuis
864 3663 1036 3734 (Psal.
1062 3664 1232 3734 CXIX).
1259 3666 1453 3722 Vultus
1489 3681 1621 3736 ergo
1653 3666 1749 3723 Dei
1783 3668 2022 3738 cognitio

444 3753 538 3808 Dei
557 3762 658 3817 est,
693 3754 747 3808 id
777 3762 860 3809 est
885 3754 1069 3820 Filius,
1096 3770 1193 3828 per
1213 3771 1372 3826 quem
1401 3756 1467 3811 ad
1489 3757 1852 3828 cognitionem
1877 3758 2025 3812 Divi-

441 3844 629 3898 uitatis
670 3846 1035 3915 pervenimus.
1088 3847 1184 3901 Est
1228 3847 1392 3903 etiam
1441 3847 1618 3918 imago
1665 3847 1781 3913 Dei,
1811 3847 2024 3904 dicente

440 3937 712 4007 Apostolo,
757 3937 860 4003 Qui
911 3948 987 3992 est
1011 3938 1184 4008 imago
1214 3937 1311 3992 Dei
1341 3938 1612 3994 invisibilis
1673 3937 1897 4010 (Coloss.
1927 3941 1967 4009 ι)
1998 3957 2012 4002 ;

442 4025 565 4081 ideo
595 4027 846 4081 videlicet
868 4027 1066 4098 imago,
1090 4027 1216 4096 quia
1247 4028 1313 4083 de
1345 4027 1439 4083 illo
1466 4038 1570 4083 est.
1604 4029 1701 4084 Est
1721 4030 1885 4093 enim,
1938 4045 2025 4086 se-

441 4116 677 4170 cundum
703 4117 951 4172 eumdem
980 4116 1296 4189 Apostolum
1315 4159 1328 4181 ,
1368 4118 1614 4188 splendor
1639 4119 1841 4190 gloria'.
1883 4130 1930 4176 et
1957 4121 2024 4190 ﬁ-

443 4224 578 4278 gura
601 4208 908 4262 substantiae
935 4208 1050 4280 ejus
1074 4207 1264 4279 (Hebr.
1309 4209 1372 4280 ι).
1419 4209 1543 4263 Ideo
1591 4211 1863 4280 splendor,
1895 4213 2022 4281 quia

442 4295 570 4350 dum
595 4295 666 4352 sit
698 4296 859 4352 Pater
904 4297 1028 4362 lux,
1061 4298 1136 4352 ita
1166 4297 1336 4353 Filius
1381 4300 1448 4353 ab
1479 4313 1546 4355 eo
1591 4299 2025 4370 inseparabiliter

442 4387 596 4456 quasi
634 4388 890 4457 splendor
921 4404 990 4442 ex
1029 4388 1148 4445 luce
1196 4388 1476 4459 procedit;
1515 4388 1636 4446 ideo
1666 4389 1856 4462 ﬁgura,
1896 4392 2021 4461 quia

2110 550 2156 592 et
2175 541 2796 609 confortamiui,qua'rite
2818 544 3005 613 faciem
3031 544 3147 613 ejus
3173 562 3373 616 semper
3390 546 3565 618 (Psal.
3589 550 3706 620 cv).

2111 629 2264 696 Quod
2283 631 2499 700 quidem
2526 635 2949 690 emolumentum
2981 636 3225 706 adepturi
3261 637 3372 692 sint
3397 651 3711 708 querentes

2113 720 2397 776 Dominum
2426 724 2479 778 in
2514 725 2619 779 alio
2643 727 2852 796 psalmo
2881 727 3158 784 evidenter
3184 731 3442 796 ostendit,
3473 749 3598 788 cum
3620 735 3701 788 di-

2113 816 2207 880 cit,
2257 815 2589 887 Inquireutes
2617 819 2899 874 Dominum
2947 838 3052 876 non
3095 822 3338 892 deﬁcient
3374 827 3515 880 omni
3567 827 3709 880 bono

2115 905 2288 976 (Psal.
2315 909 2522 980 xxxxv).
2579 909 2681 976 Qui
2707 912 2866 981 quasi
2889 926 3256 981 quzereremus
3279 915 3347 970 ab
3379 929 3444 972 eo
3471 915 3714 984 qualiter

2116 997 2403 1054 Dominum
2453 1000 2728 1070 inquirere
2770 1002 3108 1069 deberemus,
3156 1003 3452 1073 subjunxit,
3505 1004 3708 1070 Venite,

2115 1087 2437 1172 ﬁlii,.audite
2462 1107 2563 1157 me,
2591 1092 2831 1146 timorem
2843 1092 3056 1148 Domini
3080 1095 3273 1149 docebo
3293 1112 3400 1151 eos.
3438 1097 3576 1151 Eum
3624 1108 3700 1150 ct-

2117 1180 2260 1235 enim
2299 1180 2674 1250 inquirendum
2705 1184 2887 1238 docuit
2927 1201 3022 1254 per
3051 1185 3264 1240 Domini
3297 1186 3567 1248 timorem.
3596 1204 3708 1241 non

2116 1286 2214 1341 per
2247 1271 2537 1342 imaginum
2563 1274 2964 1340 adorationem;
3005 1284 3059 1330 ct
3101 1291 3226 1331 eum
3261 1277 3352 1344 qui
3376 1278 3487 1331 vult
3514 1279 3707 1343 vitam,

2117 1373 2172 1419 et
2205 1363 2352 1436 cupit
2396 1367 2580 1422 videre
2615 1367 2730 1423 dies
2757 1369 2948 1432 bonos,
3000 1384 3105 1423 non
3158 1368 3420 1439 imagines
3454 1373 3706 1433 adorare,

2119 1457 2213 1511 sed
2240 1457 2381 1512 labia
2408 1473 2439 1512 a
2467 1459 2591 1514 dolo
2608 1467 2663 1514 et
2692 1459 2929 1528 linguam
2953 1475 2983 1514 a
3005 1459 3146 1515 malo
3169 1460 3402 1516 instituit
3425 1462 3708 1518 cohibere.

2117 1545 2237 1606 Nec
2279 1550 2546 1619 picturam
2596 1549 2776 1604 colere
2805 1551 3006 1616 docuit,
3041 1552 3134 1605 sed
3161 1550 3433 1609 declinare
3472 1569 3503 1606 a
3535 1554 3712 1620 malo,

2119 1653 2173 1698 et
2201 1643 2378 1697 facere
2426 1641 2740 1705 bonitatem,
2802 1640 3076 1710 inquirere
3101 1656 3288 1712 pacem
3315 1651 3371 1697 et
3402 1645 3552 1714 sequi
3581 1661 3709 1701 eam

2119 1747 2502 1804 usquequaque
2523 1731 2848 1802 permonuit.
2890 1732 3096 1787 Lumen
3127 1747 3257 1802 ergo
3286 1733 3464 1788 vultus
3491 1734 3710 1789 Domini

2119 1827 2260 1896 quod
2295 1840 2457 1894 super
2503 1839 2603 1878 nos
2633 1823 2901 1893 signatum
2932 1831 3034 1886 est,
3088 1839 3195 1878 non
3227 1823 3284 1877 in
3335 1825 3712 1882 materialibus

2120 1920 2444 1991 imaginibus
2459 1925 2544 1974 est
2569 1918 2962 1988 accipiendum,
2985 1934 3104 1988 qua:
3138 1919 3325 1990 utique
3351 1921 3492 1976 sicut
3518 1931 3574 1976 et
3594 1938 3710 1976 ca:-

2121 2011 2252 2067 teris
2291 2010 2660 2082 dignitatibus,
2711 2010 2786 2064 ita
2820 2009 2983 2064 etiam
3025 2009 3227 2066 lumine
3265 2021 3474 2078 carent,
3521 2012 3613 2067 sed
3649 2014 3711 2068 in

2119 2102 2316 2159 vexillo
2335 2102 2537 2168 crucis,
2562 2101 2706 2172 quod
2732 2107 2954 2169 accepto
2981 2101 3323 2170 baptismatis
3362 2113 3713 2158 sacramento

2119 2210 2218 2265 per
2238 2201 2639 2252 sacrosanctum
2680 2193 2936 2263 unguinis
2963 2191 3230 2260 liquorem
3275 2195 3478 2249 nostris
3508 2193 3708 2249 fronti-

2121 2289 2222 2344 bus
2241 2287 2592 2358 imprimitur,
2638 2293 2694 2342 et
2716 2301 2813 2357 per
2838 2285 2892 2341 id
2915 2294 3104 2342 sancto
3128 2285 3375 2356 Spiritui,
3400 2288 3490 2356 qui
3516 2296 3600 2342 est
3627 2288 3714 2341 lu-

2121 2393 2245 2433 men
2269 2377 2650 2442 inenarrabile,
2679 2377 2771 2447 qui
2791 2376 2955 2431 etiam
2983 2392 3148 2446 super
3175 2376 3470 2446 discipulos
3506 2379 3558 2433 in
3583 2379 3710 2450 igne

2121 2469 2390 2541 apparuit,
2416 2469 2606 2524 ad-nos
2631 2468 2880 2524 veniendi
2908 2468 3087 2524 aditus
3110 2469 3369 2540 aperitur.
3438 2470 3495 2524 ln
3529 2471 3712 2526 crucis

2121 2563 2318 2617 etenim
2332 2561 2684 2631 impressione
2705 2561 2884 2615 lumen
2905 2572 2988 2616 est
3009 2562 3193 2616 vultus
3213 2563 3327 2627 Dei,
3351 2563 3403 2617 id
3427 2573 3510 2618 est
3536 2563 3713 2634 Spiri-

2123 2661 2230 2716 tus,
2265 2651 2411 2720 quia
2441 2650 2604 2705 Patre
2653 2648 2897 2719 Filioque
2922 2650 3185 2720 procedit,
3215 2652 3340 2721 quia
3389 2668 3605 2723 semper
3651 2655 3714 2709 in

2121 2744 2201 2798 eis
2225 2741 2466 2798 noscitur
2500 2741 2730 2805 radiare,
2767 2742 2858 2810 qui
2882 2757 3032 2797 suam
3063 2741 3424 2797 innocentiam
3452 2743 3535 2798 vel
3585 2759 3715 2798 san-

2122 2834 2366 2889 ctitatem
2407 2832 2588 2902 pravis
2626 2832 2882 2901 operibus
2913 2847 3021 2887 non
3057 2833 3334 2902 patiuntur
3368 2834 3588 2889 violare.
3640 2834 3718 2890 Ut

2123 2939 2252 2994 ergo
2279 2921 2396 2990 ejus
2418 2923 2472 2977 in
2509 2921 2667 2977 nobis
2689 2921 3054 2977 habitaculum
3081 2937 3185 2976 non
3212 2923 3488 2983 violemus,
3521 2925 3712 2979 admo-

2124 3023 2215 3068 net
2239 3028 2338 3068 nos
2360 3012 2648 3084 Apostolus
2674 3009 2880 3076 dicens,
2910 3009 3086 3065 Nolite
3111 3011 3421 3066 contristare
3449 3011 3711 3082 Spiritum

2128 3112 2223 3166 Dei
2254 3119 2514 3176 sanctum,
2537 3109 2592 3163 in
2611 3125 2713 3179 quo
2739 3108 2928 3179 signati
2947 3107 3072 3162 estis
3097 3109 3152 3162 in
3177 3108 3316 3162 diem
3339 3109 3708 3177 redemptionis

2125 3200 2341 3272 (Ephes.
2371 3198 2468 3270 tv).
2547 3197 2683 3265 Quia
2723 3198 2887 3268 igitur
2906 3197 3109 3260 dicunt,
3141 3196 3418 3266 Siguatum
3447 3209 3522 3252 est
3550 3215 3713 3268 super

2122 3310 2215 3347 nos
2242 3291 2416 3346 lumen
2442 3290 2612 3346 vultus
2641 3292 2740 3354 tui,
2762 3290 2983 3345 Domine
3011 3289 3185 3362 (Psal.
3226 3289 3322 3360 Iv),
3350 3292 3416 3345 ad
3443 3291 3709 3361 imaginao

2123 3385 2262 3438 rium
2307 3382 2514 3437 vultum
2563 3382 2815 3446 attinere,
2872 3382 3056 3437 dicant
3103 3397 3211 3452 quo
3254 3383 3448 3437 attinet
3479 3383 3622 3452 quod
3653 3383 3710 3437 in

2121 3476 2306 3531 eadem
2329 3473 2550 3544 periodo
2571 3473 2847 3538 scribitur,
2890 3471 3048 3527 Multi
3073 3473 3251 3527 dicunt
3277 3489 3296 3527 :
3324 3471 3455 3538 Quis
3482 3475 3711 3527 ostendit

2123 3567 2269 3621 nobis
2293 3565 2470 3620 bona?
2491 3581 2616 3620 cum
2645 3564 2896 3620 videlicet
2920 3566 3037 3620 haec
3068 3565 3175 3620 duo
3207 3575 3477 3620 commata
3505 3565 3579 3619 ita
3602 3565 3710 3619 sibi

2123 3654 2351 3709 invicem
2381 3660 2436 3707 et
2455 3669 2616 3708 sensu
2648 3661 2705 3708 et
2729 3654 2908 3710 verbis
2925 3653 3254 3718 cohaereant,
3305 3662 3364 3708 ut
3392 3669 3555 3708 tinum
3591 3654 3711 3709 sine

2121 3746 2229 3801 alio
2257 3746 2345 3800 vix
2370 3745 2594 3816 intelligi
2619 3745 2810 3814 possit.
2869 3744 2966 3800 Est
3009 3745 3152 3800 enim
3202 3745 3374 3813 ﬁgura
3423 3744 3712 3800 locutionis

2121 3849 2244 3904 quae.
2273 3850 2305 3890 a
2332 3833 2639 3891 rhetoribus
2665 3831 2872 3898 πιῦσις,
2896 3834 2949 3889 id
2974 3844 3059 3889 est
3085 3835 3441 3904 percontatio,
3469 3835 3554 3890 cui
3579 3850 3713 3889 con-

2123 3926 2302 3982 festim
2329 3927 2448 3982 sine
2482 3927 2880 3982 introductione
2903 3941 3254 3995 personarum
3276 3927 3555 3997 responsio
3581 3927 3714 3982 sub—

2117 4018 2382 4090 jungitur,
2413 4034 2535 4088 qua:
2563 4018 2726 4074 etiam
2757 4033 2787 4072 a
2809 4018 3130 4089 quibusdam
3159 4017 3503 4088 soliloquium
3536 4019 3713 4078 nomi:

2125 4120 2314 4168 natur:
2351 4127 2476 4167 cum
2498 4110 2566 4167 ad
2594 4110 2924 4180 interrogata
2949 4109 3052 4164 sibi
3079 4126 3111 4164 a
3146 4125 3205 4166 se
3228 4110 3424 4179 cuique
3474 4125 3711 4178 respon-

2124 4203 2301 4267 detur,
2330 4217 2452 4256 cum
2476 4201 2630 4271 quasi
2676 4200 2992 4272 imputative
3039 4199 3520 4270 interrogantibus,
3575 4198 3712 4265 Quis

2125 4294 2347 4348 ostendit
2381 4294 2526 4348 nobis
2551 4294 2735 4349 bona?
2771 4310 2802 4350 a
2831 4293 3025 4364 seipsis
3075 4292 3480 4363 respondeatur,
3517 4290 3711 4362 Signa-

2124 4396 2233 4442 tum
2253 4396 2328 4442 est
2351 4403 2507 4458 super
2521 4403 2612 4441 nos
2635 4385 2810 4440 lumen
2830 4383 3000 4440 vultus
3017 4383 3116 4447 tui,
3131 4382 3385 4448 Domine;
3409 4391 3469 4437 ut
3490 4383 3560 4439 sit
3583 4398 3714 4436 scu-

444 4477 745 4546 suscipiens
779 4477 1009 4533 formam
1033 4480 1196 4551 servi,
1229 4495 1453 4550 operum
1479 4480 1848 4552 virtutumque
1872 4483 2023 4540 simi-
2043 4496 2102 4562 υ
2128 4492 2252 4542 sus,
2289 4475 2437 4530 Multi
2473 4475 2617 4530 enim
2651 4473 2828 4529 adhuc
2879 4473 3174 4528 carnaliter
3217 4473 3490 4543 sapientes
3520 4473 3712 4528 dicunt

446 4569 672 4624 litudine
704 4569 882 4625 Patris
910 4571 965 4625 in
996 4587 1056 4627 se
1098 4572 1386 4642 imaginem
1417 4582 1579 4642 atque
1613 4575 2024 4631 similitudinem

445 4661 768 4730 designavit.
799 4661 896 4715 Est
920 4666 1063 4716 enim
1100 4669 1157 4718 et
1198 4661 1365 4718 facies
1389 4664 1504 4730 Dei,
1531 4665 1656 4735 quia
1685 4681 1782 4736 per
1816 4681 1940 4721 etun
1967 4680 2027 4723 se

449 4750 612 4806 Pater
623 4752 928 4808 hominibus
941 4753 1325 4820 manifestavit,
1354 4756 1566 4812 dicente
1587 4759 1774 4814 eodem
1797 4759 2027 4814 Domino

448 4839 576 4898 Iesu
587 4841 824 4910 Christo,
848 4845 950 4911 Qui
969 4845 1102 4899 videt
1117 4862 1218 4912 me,
1232 4847 1367 4902 videt
1387 4859 1436 4902 et
1452 4848 1665 4904 Patrem
1689 4850 1873 4921 (Joau.
1887 4850 2024 4922 XIV).

452 4933 606 4988 Hunc
627 4950 758 5006 ergo
784 4934 989 4990 vultum
1013 4951 1072 4992 se
1097 4937 1266 4993 David
1291 4940 1663 5009 qumsiturum,
1700 4928 1812 4995 non
1839 4958 2030 4998 manu-

450 5025 620 5081 laeuis
648 5026 908 5097 imagines
936 5027 1310 5097 pollicebatur,
1343 5045 1467 5084 cum
1513 5030 1727 5085 dicebat
1761 5045 1777 5084 :
1819 5029 2029 5086 Vultum

449 5129 617 5183 tuum,
639 5117 878 5184 Domine,
898 5118 1178 5190 requiram,
1196 5119 1337 5174 hanc
1357 5119 1552 5174 divina:
1575 5121 1900 5190 cognitionis
1920 5122 2031 5179 cla-

451 5208 666 5264 ritatem
705 5211 1003 5274 exorabat,
1059 5224 1184 5264 cum
1230 5209 1480 5265 dicebat:
1539 5209 1792 5266 Illumina
1838 5213 2030 5282 faciem

453 5313 597 5355 tuam
618 5317 775 5370 super
798 5317 999 5354 servum
1026 5297 1196 5365 tuum,
1231 5311 1286 5354 et
1329 5301 1456 5357 doce
1496 5319 1577 5358 me
1617 5304 2030 5374 justiﬁcationes

453 5400 570 5443 tuas
593 5387 765 5461 (Psal.
793 5389 939 5459 (τιν).
986 5388 1070 5445 Ad
1096 5388 1256 5460 hujus
1289 5392 1649 5463 cognitionem
1691 5409 1789 5465 per
1835 5396 2025 5467 legem,

455 5494 558 5533 non
585 5494 682 5550 per
700 5479 982 5550 imagines,
1012 5482 1295 5550 pervenire
1330 5482 1636 5551 anhelabat,
1661 5501 1784 5542 cum
1807 5488 1983 5542 aiebat
2010 5505 2026 5541 :

461 5569 646 5624 Revela
673 5571 851 5626 oculos
872 5589 1011 5628 meos
1035 5615 1050 5638 ,
1086 5583 1133 5629 et
1163 5575 1504 5632 considerabo
1532 5579 1798 5635 mirabilia
1825 5581 1890 5636 de
1923 5582 2032 5654 lege

459 5671 549 5715 tua
573 5659 742 5730 (Psal.
765 5663 911 5734 cxv).
932 5665 1084 5721 Hanc
1107 5666 1304 5724 divina:
1326 5668 1623 5739 maiestatis
1641 5672 2033 5728 manifestatio—

467 5764 609 5816 nam,
636 5765 743 5805 non
768 5750 1052 5821 cujuslibet
1095 5756 1318 5825 pictura:
1362 5761 1882 5832 compaginationem
1931 5779 2030 5819 nos

2126 4571 2268 4640 quod
2290 4585 2389 4624 nec
2407 4568 2565 4638 pauci
2590 4568 2808 4638 quidem
2827 4566 3006 4621 dicere
3031 4565 3360 4630 debuissent,
3385 4565 3514 4630 Quis
3537 4575 3712 4619 osten-

2127 4661 2203 4715 dit
2227 4660 2374 4715 nobis
2402 4659 2574 4713 bona?
2594 4658 2682 4712 illa
2705 4656 2912 4712 scilicet
2931 4671 3052 4726 quae
3081 4654 3332 4725 praedicat
3365 4669 3582 4725 semper
3606 4655 3711 4710 Ec-

2126 4751 2319 4814 clesia,
2358 4749 2806 4806 resurrectionem
2849 4762 2970 4802 esse
2997 4756 3302 4811 venturam,
3349 4746 3403 4802 in
3447 4761 3551 4816 qua
3573 4745 3709 4815 justi

2126 4859 2317 4900 omnes
2336 4851 2536 4898 aeterna
2559 4839 2779 4911 praemia
2807 4839 3151 4895 consecuturi
3185 4845 3312 4893 sunt
3367 4835 3711 4894 Promittitur

2127 4934 2274 4989 enim
2299 4931 2454 4987 nobis
2478 4931 2622 5001 quod
2643 4929 2858 5001 penitus
2875 4945 2982 4984 non
3011 4929 3259 4983 videmus
3285 4946 3300 4982 :
3331 4929 3711 4986 desideramus

2127 5041 2250 5095 qua:
2283 5023 2371 5078 hic
2403 5021 2659 5090 ωηερρυὶ
2683 5036 2792 5076 non
2822 5019 3083 5074 valemus.
3114 5018 3320 5085 Quibus
3335 5019 3712 5090 respondendo

2128 5115 2448 5172 benelicium
2476 5113 2759 5176 indicatur,
2794 5110 2937 5181 quod
2957 5110 3121 5165 etiam
3149 5111 3203 5165 in
3236 5111 3490 5180 praesenti
3512 5111 3712 5166 smequ

2128 5206 2452 5277 possidetur,
2479 5204 2759 5275 Signatum
2787 5213 2903 5268 est,
2945 5202 3153 5273 inquit,
3192 5219 3350 5273 super
3393 5219 3486 5257 nos
3534 5202 3710 5259 tamen

2129 5299 2300 5354 vultus
2334 5298 2451 5362 tui,
2493 5295 2734 5349 Domine.
2775 5293 2911 5361 Quia
2949 5309 3047 5363 per
3078 5294 3329 5348 vexillum
3354 5293 3536 5349 crucis
3556 5303 3609 5346 et
3631 5294 3712 5348 lu-

2132 5407 2252 5446 men
2301 5389 2535 5458 Spiritus
2591 5386 2766 5442 sancti
2801 5386 2875 5440 ita
2915 5400 3101 5440 sumus
3149 5385 3366 5449 muniti,
3400 5392 3460 5438 ut
3499 5385 3704 5454 antiqui

2129 5480 2301 5534 hostis
2326 5476 2667 5533 fraudulenta
2683 5475 3012 5531 machinatio
3029 5483 3083 5530 et
3101 5483 3450 5544 portentuosa
3471 5475 3707 5530 versutia

2130 5589 2236 5628 non
2255 5571 2430 5626 valeat
2449 5583 2707 5638 superare
2722 5575 2956 5623 tentatos
2969 5583 3106 5637 quos
3120 5567 3352 5624 habebat
3365 5567 3525 5638 primi
3544 5566 3719 5622 homi.

2133 5665 2215 5718 nis
2245 5661 2498 5719 suasione
2521 5661 2784 5731 captivos.
