4070 6186
336 379 473 437 105ἲ

889 486 1120 543 CAPUT
1157 486 1350 542 XXIV.

330 607 493 677 Quod
513 612 617 677 non
645 602 715 677 ad
743 601 908 657 ullam
947 617 1121 677 manu
1139 600 1336 670 [actam
1357 599 1638 677 imaginem
1660 596 1917 677 pertineat

402 676 542 749 quod
575 675 827 749 scriptum
869 682 944 749 est
965 710 984 749 _,
1022 667 1448 749 vultum-tuum
1468 667 1920 749 deprecabuntur

404 739 597 803 omnes
620 739 814 800 divites
840 741 1030 813 plebis,
1053 741 1185 795 sicut
1214 739 1293 793 illi
1311 748 1610 793 autumant.

406 859 518 915 Sed
570 871 671 911 nec
693 854 825 911 illud
857 851 1001 922 quod
1050 850 1311 920 scriptum
1342 858 1443 913 est,
1509 846 1722 902 Vultum
1768 855 1918 899 tuum

332 946 753 1021 deprecabuntur
783 958 962 998 omnes
1003 940 1186 995 diuites
1232 938 1395 1010 plebis
1435 936 1609 1009 (Psal.
1658 937 1811 1006 xcv),
1854 936 1922 989 de

334 1039 568 1109 quodam
597 1032 907 1091 manut'acto
932 1031 1081 1085 vultu
1111 1029 1521 1101 intelligendum
1552 1036 1655 1092 est,
1686 1041 1920 1098 praeser-

337 1131 433 1186 tim
453 1142 576 1183 cum
611 1122 904 1180 manuiacti
941 1123 1125 1178 vultus
1159 1122 1281 1178 ideo
1310 1136 1418 1175 non
1443 1117 1766 1190 deprecandi
1789 1118 1917 1180 sint,

333 1222 465 1293 quia
514 1234 614 1274 nec
637 1215 897 1272 exaudire
921 1223 1129 1286 queunt
1156 1226 1174 1267 :
1201 1228 1362 1270 omne
1410 1212 1555 1282 quod
1603 1212 1926 1281 deprecatur

337 1312 461 1368 ideo
484 1311 805 1379 deprecatur
829 1312 892 1360 ut
908 1303 1185 1368 exaudiat,
1216 1311 1273 1359 et
1313 1317 1475 1358 omne
1514 1300 1658 1371 quod
1703 1298 1926 1355 exaudit

337 1398 648 1459 irrationale
660 1411 782 1452 esse
804 1410 913 1450 non
930 1393 1092 1449 debet
1109 1406 1126 1445 :
1143 1407 1304 1448 omne
1324 1391 1487 1462 igitur
1499 1390 1644 1459 quod
1660 1389 1923 1459 depreca-

337 1505 425 1551 tur
444 1489 764 1548 irrationale
785 1502 907 1544 esse
927 1501 1034 1542 non
1052 1486 1214 1541 debet
1232 1498 1249 1539 :
1267 1485 1411 1555 quod
1437 1485 1482 1539 si
1513 1483 1792 1554 deprecari
1818 1496 1925 1537 non

336 1585 515 1647 debet,
541 1579 709 1635 multo
738 1580 919 1634 minus
964 1574 1196 1639 adorari,
1224 1590 1349 1631 cum
1396 1573 1651 1630 videlicet
1679 1573 1927 1629 aderatio

335 1672 701 1745 deprecatiqu
722 1670 978 1728 emineat.
998 1667 1133 1723 Nam
1152 1667 1199 1723 si
1218 1666 1513 1723 manufaeti
1535 1667 1716 1723 vultus
1736 1666 1927 1736 depre-

334 1769 495 1826 candi
523 1776 580 1823 et
604 1765 867 1822 adorandi
892 1772 1037 1824 sunt,
1067 1770 1128 1819 ut
1157 1762 1236 1818 illi
1267 1762 1532 1834 garriunt,
1568 1776 1795 1818 necesse
1840 1765 1926 1816 est

1129 367 1307 428 LIBRI
1343 367 1686 427 CAROLINI.
1725 392 1795 411 -~
1830 358 2055 422 (ᾺΡΙΤ.
2100 358 2189 419 DE
2222 355 2416 418 lMAG.
2457 391 2526 403 -—
2564 359 2697 419 LIB.
2741 359 2782 419 l.

3466 363 3604 427 1058

1944 487 1986 540 Α
2017 477 2305 546 imaginem
2334 476 2786 548 deprecabantur.
2825 476 2902 531 De
2927 470 3126 547 quibus
3182 471 3447 550 scriptum
3495 491 3603 551 est,

2020 565 2353 621 Hultitudini
2392 582 2510 621 vero
2537 566 2857 620 credentium
2883 573 2998 620 erat
3040 582 3134 621 cor
3172 578 3225 622 et
3257 571 3439 625 anima
3463 589 3603 643 una,

2019 668 2066 713 et
2092 673 2239 713 nemo
2269 674 2449 712 eorum
2490 673 2609 728 qua:
2647 656 2943 726 possidebat
2986 657 3272 729 quidquam
3299 679 3454 715 suum
3482 681 3607 734 ρη-

2016 749 2191 818 prium
2231 764 2342 801 esse
2385 747 2622 811 dicebat,
2657 746 2749 800 sed
2805 757 2955 802 erant
2985 748 3061 803 eis
3096 753 3398 806 communia
3426 754 3607 809 omnia

2022 838 2254 910 (Aetna).
2280 837 2450 906 Hujus
2466 838 2665 908 regium
2679 837 2905 903 vultum,
2930 854 3037 895 non
3054 838 3281 909 alicujus
3297 844 3493 900 tabula:
3515 860 3615 901 co-

2022 930 2182 996 lores,
2206 931 2434 987 divitum
2457 930 2651 1002 apibus
2686 929 2947 986 decorare
2975 931 3191 987 volebat
3216 948 3465 1003 sponsus,
3483 950 3612 993 cum

2022 1020 2238 1076 dicebat
2260 1033 2274 1074 :
2307 1016 2601 1089 Venditequ
2624 1037 2650 1071 ιι
2670 1019 2970 1090 possidetis,
2984 1028 3034 1074 et
3052 1020 3177 1075 date
3196 1021 3610 1093 eleemosynant:

2024 1107 2181 1178 facite
2224 1110 2367 1164 vobis
2395 1108 2633 1164 sacculos
2657 1109 2746 1180 qui
2778 1125 2881 1162 non
2920 1118 3266 1177 ueterascunt,
3301 1113 3607 1169 thesaurum

2024 1215 2129 1253 non
2153 1198 2478 1269 deficientem
2507 1200 2563 1254 in
2590 1199 2750 1263 (telis,
2779 1217 2883 1270 quo
2917 1200 3007 1271 fur
3036 1213 3140 1255 non
3167 1204 3474 1274 appropiat,
3520 1223 3614 1262 ηε-

2023 1307 2126 1362 que
2148 1292 2290 1346 tinea
2319 1292 2609 1362 corrumpit
2639 1306 2659 1345 :
2690 1291 2782 1345 ubi
2809 1292 2948 1345 enim
2985 1293 3144 1362 fuerit
3168 1295 3445 1351 thesaurus
3468 1307 3612 1363 tuus,

2023 1380 2135 1435 illic
2160 1382 2260 1436 erit
2278 1389 2329 1435 et
2355 1396 2448 1434 cor
2480 1390 2630 1434 tuum
2658 1379 2811 1452 (Luc.
2858 1380 2993 1452 xu);
3042 1382 3156 1437 sive
3182 1399 3306 1438 cum
3354 1383 3611 1442 dicebat:

2041 1466 2410 1523 Verumtamen
2449 1470 2573 1523 date
2599 1468 3002 1541 eleemosynam,
3022 1480 3071 1525 et
3084 1488 3202 1526 ecce
3215 1474 3391 1529 omnia
3416 1478 3616 1532 munda

2026 1567 2149 1613 sunt
2175 1558 2317 1612 nobis
2346 1557 2480 1628 (Luc
2505 1561 2610 1627 xi).
2637 1556 2778 1625 Quia
2806 1573 2938 1629 ergo
2991 1560 3061 1615 ad
3079 1562 3326 1618 eamdem
3373 1565 3617 1636 reginam

2027 1649 2224 1703 divites
2253 1647 2307 1703 in
2339 1647 2611 1719 hypocrisi
2637 1663 2759 1704 cum
2781 1647 2935 1705 falsis
2970 1652 3285 1708 muneribus
3326 1656 3479 1725 quasi
3505 1655 3618 1711 val.

2032 1751 2147 1797 tum
2171 1740 2291 1810 ejus
2320 1741 2661 1811 deprecaturi
2690 1742 2879 1798 venire
2901 1756 3007 1798 non
3027 1743 3241 1810 debent,
3268 1746 3383 1817 ipsa
3407 1746 3619 1805 Veritas

1094 1817 1150 1910 et
1186 1817 1550 1909 addrantibu's
1572 1817 1765 1908 lavere
1797 1865 1923 1907 ere-
1962 1826 2002 1886 Β
2031 1831 2238 1887 inhibet
2259 1866 2277 1896 ,
2316 1847 2440 1887 cum
2467 1817 2638 1899 dicit,
2679 1832 2868 1887 Cavete
2905 1833 3078 1903 facere
3091 1835 3361 1905 justitiam
3389 1848 3614 1893 vestram

332 1955 536 2009 dantur
569 1969 583 2007 :
614 1960 671 2006 et
700 1951 747 2006 si
777 1950 1130 2020 deprecantes
1161 1947 1420 2002 exaudire
1468 1947 1928 2016 adorantibusque

335 2043 519 2097 favere
541 2024 855 2104 creduntur,
887 2053 1112 2093 necesse
1132 2046 1218 2093 est
1238 2046 1297 2092 ut
1326 2037 1433 2092 vita
1450 2036 1531 2092 eis
1553 2052 1807 2093 sensuum
1833 2054 1926 2093 ca-

339 2148 443 2204 pax
488 2133 666 2187 inesse
685 2129 956 2186 credatur.
993 2128 1109 2183 Non
1138 2138 1317 2183 autem
1354 2128 1497 2183 inest
1542 2129 1623 2184 eis
1666 2129 1776 2183 vita
1805 2144 1923 2184 seu-

336 2236 496 2277 suum
524 2235 716 2289 capax,
743 2235 850 2273 non
872 2218 1055 2289 igitur,
1081 2227 1140 2273 ut
1166 2218 1243 2273 illi
1266 2219 1530 2289 garriunt,
1558 2219 1817 2275 adorandi
1842 2220 1927 2275 vel

334 2308 663 2378 deprecandi
682 2315 828 2363 sunt.
844 2306 980 2361 Nam
1007 2307 1121 2361 inec
1142 2308 1371 2364 duorum
1394 2310 1781 2377 membrorum,
1806 2326 1927 2380 quae

336 2400 558 2470 quidem
582 2404 851 2452 commata
875 2387 1202 2465 nuncnpa’nt,
1258 2396 1548 2462 sententia,
1581 2397 1635 2452 id
1656 2406 1760 2463 est,
1795 2396 1925 2451 Vul-

338 2504 449 2548 tum
479 2502 626 2546 tuum
647 2491 1068 2563 deprecabuntur
1095 2508 1273 2547 omnes
1300 2493 1484 2549 divites
1519 2492 1682 2564 plebis
1712 2493 1925 2566 (lbid.),

338 2600 449 2639 um:
477 2583 588 2637 Deo
613 2580 769 2651 cujus
794 2583 975 2654 imago
1000 2591 1056 2637 et
1090 2582 1270 2638 vultus
1295 2582 1463 2638 Filius
1494 2590 1598 2649 est,
1625 2585 1719 2639 sed
1747 2584 1931 2639 Eccle—

339 2679 458 2742 siae,
482 2691 602 2746 quae
627 2690 826 2745 corpus
856 2675 1059 2730 Christi
1080 2682 1193 2737 est,
1219 2689 1317 2744 per
1339 2673 1665 2744 Prophetam
1708 2676 1926 2731 dicitur.

343 2772 563 2825 Dixerat
588 2773 732 2825 enim
783 2769 1053 2840 superius,
1086 2785 1184 2841 per
1205 2768 1482 2840 energian,
1506 2769 1668 2836 Audi,
1712 2768 1852 2838 ﬁlia,
1880 2778 1930 2824 et

343 2863 477 2926 ride,
521 2873 581 2917 et‘
614 2861 812 2917 inclina
843 2865 1024 2916 aurem
1056 2871 1232 2928 tuam,
1263 2871 1311 2915 et
1337 2859 1635 2914 obliviscere
1677 2859 1928 2931 populant

344 2967 493 3011 tuum
513 2995 528 3021 ,
557 2965 606 3009 et
636 2954 848 3008 domum
875 2955 1041 3025 patris
1065 2954 1142 3007 tui
1171 2969 1190 3007 :
1220 2952 1470 3024 quoniam
1501 2952 1793 3023 concupivit
1842 2967 1935 3006 rex

340 3045 567 3116 speciem
593 3055 740 3098 tuam
763 3085 779 3110 ,
806 3046 931 3116 quia
962 3045 1073 3115 ipse
1099 3052 1175 3098 est
1214 3042 1471 3097 Dominus
1520 3058 1668 3096 meus
1702 3057 1721 3096 :
1747 3050 1795 3095 et
1834 3055 1925 3095 aa-

341 3137 570 3193 orabunt
595 3152 713 3190 eum
741 3136 868 3206 [ilite
892 3134 1019 3207 Tyri
1041 3136 1097 3190 in
1122 3133 1425 3188 muneribus
1443 3131 1655 3206 (Ibid.),
1687 3142 1741 3188 et
1762 3133 1815 3187 in
1842 3149 1934 3187 ea-

344 3229 470 3282 dem
498 3228 717 3297 enerﬁa
746 3239 1104 3295 perseverans
1125 3223 1406 3293 subjunxit
1427 3224 1602 3279 eidem
1641 3221 1794 3292 cujus
1817 3239 1932 3292 spc-

344 3320 484 3374 ciem
508 3320 825 3389 concupisse
850 3333 1031 3389 regem
1048 3318 1278 3383 dixerat,
1302 3319 1508 3382 dicens,
1550 3315 1761 3371 Vultum
1783 3326 1933 3369 tuum

342 3410 764 3480 deprecabuntur
794 3426 971 3464 omnes
1001 3411 1187 3465 dirites
1220 3411 1405 3482 plebis.
1445 3409 1635 3465 Vultus
1665 3423 1794 3478 ergo
1825 3406 1931 3461 Ec-

345 3501 527 3556 clesiae
550 3501 813 3556 doctrina:
857 3500 1123 3570 spiritalis
1153 3502 1385 3556 eruditio
1420 3507 1533 3561 est,
1586 3514 1706 3566 qua:
1753 3496 1874 3549 ideo
1901 3512 1933 3548 ιι

346 3590 606 3645 divitibus
640 3591 923 3660 deprecari
950 3590 1183 3656 dicitur,
1225 3592 1351 3661 quia
1378 3588 1531 3644 multi
1557 3596 1778 3660 propter
1811 3600 1931 3642 eam

343 3682 599 3738 omnibus
620 3682 836 3754 pompis
890 3682 1071 3737 szecnli
1113 3690 1169 3737 et
1223 3682 1428 3738 divitiis
1465 3679 1931 3744 renuntiaverunt,

348 3774 589 3843 qualiter
639 3772 705 3827 ad
731 3787 852 3827 eam
881 3773 1167 3845 pervenire
1200 3781 1249 3829 et
1280 3788 1379 3842 per
1410 3788 1532 3829 eam
1576 3770 1645 3826 ad
1672 3778 1931 3826 aeternam

345 3864 581 3936 patriam
611 3862 899 3919 convolare
919 3864 1165 3920 valerent
1191 3881 1204 3917 :
1226 3865 1309 3919 ba:
1332 3876 1459 3918 sunt
1477 3863 1623 3917 enim
1654 3860 1778 3916 lilia:
1800 3859 1931 3931 Tyri

342 3955 637 4011 adorantes
655 3956 710 4010 in
737 3956 1086 4021 muneribus,
1132 3956 1186 4010 bi
1240 3955 1434 4011 divites
1461 3954 1635 4025 plebis
1676 3953 1769 4024 qui
1815 3952 1934 4022 ejus

212 4116 229 4127 ο
345 4046 554 4100 vultum
592 4047 968 4116 deprecantur.
1011 4045 1131 4102 Una
1181 4047 1325 4100 enim
1376 4055 1460 4100 est
1496 4044 1739 4100 Ecclesia
1780 4043 1934 4113 cujus

345 4138 527 4193 vultus
578 4137 933 4208 deprecatur,
989 4145 1098 4192 eta
1129 4137 1326 4207 quibus
1371 4138 1712 4206 deprecatur,
1761 4138 1936 4190 mater

348 4229 602 4284 videlicet
626 4244 750 4284 cum
774 4229 915 4293 ﬁliis,
950 4245 1058 4284 una
1097 4244 1313 4298 sponsa,
1340 4243 1445 4282 una
1494 4227 1678 4298 regina
1697 4268 1712 4293 ,
1743 4241 1935 4283 omnes

349 4320 419 4375 ad
441 4321 719 4376 Christum
740 4336 906 4376 unum
934 4330 1096 4390 caput
1114 4321 1466 4391 pertinentes,
1490 4319 1679 4389 quiest
1699 4328 1935 4375 internus

345 4421 403 4469 et
416 4411 736 4467 immortalis
755 4426 1016 4482 sponsus:
1041 4411 1195 4481 cujus
1217 4411 1425 4465 amicus
1445 4418 1566 4466 erat
1584 4410 1674 4465 ille
1693 4409 1785 4480 qui
1810 4425 1935 4466 eos-

348 4506 474 4559 dem
506 4503 702 4602 divites
733 4504 907 4574 plebis
937 4504 1017 4560 sic
1040 4504 1448 4574 alloquebatur:
1479 4503 1718 4575 Prwcipe
1754 4503 1932 4558 diriti—
1964 4538 2013 4602 Β

347 4594 444 4649 bus
469 4592 632 4663 hujus
659 4594 844 4649 mundi
879 4611 983 4649 non
1004 4595 1221 4663 superbe
1263 4611 1466 4665 sapere,
1522 4610 1684 4665 neque
1720 4608 1935 4664 sperare

345 4686 402 4740 in
426 4688 624 4740 incerto
657 4686 983 4753 divitiarum,
1010 4688 1100 4742 sed
1130 4689 1184 4743 in
1209 4687 1317 4742 Deo
1341 4689 1451 4743 rivo
1479 4689 1569 4760 qui
1597 4695 1813 4759 prwstat
1843 4704 1937 4741 no-

349 4774 428 4829 bis
462 4776 639 4828 omnia
666 4775 999 4830 abundanter
1023 4775 1093 4829 ad
1119 4774 1400 4846 fruendum
1448 4774 1500 4850 (I
1534 4775 1668 4830 Tim.
1712 4776 1824 4849 v1);
1879 4777 1936 4831 lii

349 4880 569 4936 semper
619 4883 650 4920 a
704 4868 907 4923 sanctis
938 4867 1414 4937 praedicationibus
1471 4867 1830 4923 exhortantur
1879 4878 1940 4924 ut

353 4957 722 5013 tbesaurizcnt
740 4957 842 5013 sibi
868 4956 1275 5014 fundamentum
1297 4959 1498 5014 bonum
1515 4956 1569 5012 in
1589 4956 1849 5022 futurum,
1879 4966 1942 5013 ut

351 5048 760 5119 apprehendant
781 5062 967 5103 veram
991 5049 1157 5103 vitam
1194 5050 1470 5107 adoranda
1514 5048 1569 5105 in
1600 5049 1936 5105 muneribus.

356 5139 575 5196 Vultum
588 5152 719 5210 ergo
739 5137 898 5209 hujus
920 5140 1121 5211 regina:
1145 5140 1505 5211 deprecantur
1522 5139 1718 5196 divites
1742 5141 1936 5211 plebis,

351 5244 479 5285 eum
505 5229 574 5283 ad
594 5243 713 5284 eam
739 5239 1092 5297 cmncurrunt,
1114 5231 1245 5286 etin
1265 5231 1384 5302 ejus
1417 5233 1540 5288 sinu
1565 5232 1937 5304 elremosynas

353 5317 562 5375 faciunt
581 5359 600 5385 ,
638 5335 708 5376 ne
730 5329 886 5375 extra
912 5318 1030 5390 ejus
1062 5321 1352 5393 collegium
1377 5323 1527 5378 (iant.
1559 5322 1729 5392 Hujus
1757 5326 1937 5395 itaque

355 5410 559 5482 regina
576 5411 808 5477 vultum,
839 5425 945 5467 non
971 5411 1266 5483 imaginum
1289 5411 1463 5481 fucos,
1487 5414 1935 5485 deprecabantur,

354 5502 449 5573 qui
473 5505 542 5559 ad
566 5516 690 5581 eam
714 5503 771 5559 in
800 5505 1118 5560 tenneribus
1164 5506 1475 5572 veniebant,
1503 5515 1559 5564 et
1580 5523 1645 5564 ea
1668 5524 1790 5579 quae
1817 5524 1945 5579 por-

354 5597 544 5652 tabant
558 5597 625 5652 ad
650 5597 817 5669 pedes
844 5597 1213 5668 apostolorum
1229 5602 1530 5671 ponebant;
1561 5600 1721 5672 hujus
1744 5603 1944 5674 reginae

354 5687 540 5743 vultus
574 5687 865 5754 desiderio,
911 5703 1020 5745 non
1055 5688 1284 5759 alicujus
1315 5689 1544 5761 pictura:
1567 5732 1583 5759 ,
1640 5692 1945 5748 aestuabant

356 5779 456 5845 illi,
482 5793 713 5853 eamque
739 5779 793 5835 in
827 5781 1145 5838 muneribus
1185 5795 1293 5838 non
1342 5781 1579 5861 aliquam
1611 5783 1942 5841 inscusatam

1960 3180 2010 3245 ϐ

2032 1939 2211 1977 coram
2245 1923 2574 1989 hominibus,
2606 1933 2666 1978 ut
2712 1924 2997 1979 videamini
3024 1925 3091 1979 ab
3138 1927 3215 1981 eis
3263 1926 3495 1997 (Matth-
3519 1929 3619 2001 vl).

2028 2016 2169 2084 Quia
2206 2032 2338 2073 vero
2363 2016 2480 2086 ejus
2505 2017 2713 2073 vultum
2747 2032 2963 2088 semper
2981 2017 3270 2075 clariorem
3304 2030 3360 2076 et
3400 2022 3454 2076 in
3496 2036 3620 2091 pro-

2029 2108 2215 2180 patulo
2249 2108 2673 2180 splendidiorem
2700 2107 2819 2164 θερί
2845 2108 3096 2175 delectet,
3145 2109 3424 2166 evidenter
3446 2121 3620 2168 osten-

2030 2198 2128 2264 dit,
2153 2212 2278 2253 cum
2300 2198 2451 2263 dicit,
2468 2198 2700 2253 Luceant
2722 2214 2880 2269 opera
2906 2208 3076 2254 uestra
3102 2216 3280 2254 coram
3301 2200 3622 2268 hominibus,

2029 2299 2087 2343 ut
2111 2290 2318 2344 rideant
2352 2289 2487 2344 bona
2510 2298 2701 2354 uestra,
2737 2299 2786 2344 et
2814 2288 3109 2362 glorificent
3147 2288 3358 2345 Patrem
3395 2302 3621 2346 vestrum

2026 2380 2118 2450 qui
2151 2387 2225 2433 est
2255 2380 2311 2433 in
2333 2378 2478 2433 culis
2516 2378 2735 2448 (Matth.
2762 2379 2841 2452 v).
2894 2379 2953 2436 lu
2988 2381 3187 2451 quibus
3223 2385 3477 2440 omnibus
3512 2401 3620 2440 non

2031 2471 2328 2535 imaginum
2350 2471 2614 2534 adoratio,
2655 2487 2757 2527 nec
2777 2473 3108 2544 deprecatio,
3142 2489 3242 2530 nec
3287 2491 3473 2532 earum
3507 2478 3622 2548 gloo

2032 2577 2137 2625 ria,
2175 2561 2268 2616 sed
2296 2571 2391 2616 aut
2429 2561 2613 2631 sponsi
2649 2562 2742 2633 qui
2774 2572 2936 2632 caput
2962 2572 3074 2628 est,
3109 2574 3205 2620 aut
3250 2580 3461 2635 sponsae
3503 2557 3624 2637 qua:

2029 2669 2231 2725 corpus
2258 2662 2360 2718 est,
2392 2654 2760 2708 indubitanter
2779 2655 3102 2709 ostenditur.
3132 2654 3176 2710 Δ
3222 2656 3420 2726 quibus
3445 2659 3623 2713 sensi-

2030 2745 2137 2801 bus
2180 2753 2238 2800 et
2269 2760 2300 2799 a
2344 2760 2575 2815 quorum
2626 2755 3068 2802 ornamentorum
3121 2748 3425 2820 insignibus
3461 2766 3623 2819 quam

2033 2843 2285 2904 expertes
2301 2834 2410 2889 sint
2431 2835 2546 2905 qui,
2593 2832 2807 2889 Vultum
2833 2845 2982 2889 tuum
3007 2836 3425 2907 deprecabuntur
3446 2829 3626 2893 ontnes

2030 2923 2217 2980 divites
2230 2924 2396 2998 plebis
2419 2924 2593 2998 (Psal.
2609 2923 2761 2997 xu),
2783 2927 2851 2982 ad
2875 2927 3307 2983 manufactarum
3328 2927 3625 3001 imaginum

2035 3013 2217 3070 vultus
2241 3013 2485 3071 referunt
2507 3031 2614 3070 non
2645 3014 2802 3071 nobis
2829 3022 2913 3071 est
2929 3014 3308 3083 judicaudum,
3340 3018 3436 3073 sed
3460 3016 3626 3073 lecte-

2040 3113 2117 3168 ris
2138 3112 2367 3169 arbitrio
2393 3112 2805 3168 reservandum.

2613 3221 2848 3278 CAPUT
2881 3220 3050 3276 XXV.

2036 3311 2066 3366 1
2070 3322 2365 3385 noportuna
2374 3321 2424 3385 et
2435 3311 2541 3367 deli
2546 3323 2779 3385 ramento
2786 3311 2944 3385 plena
2960 3312 3121 3385 dictio
3136 3310 3516 3385 LeonisiFocite
3527 3315 3631 3385 cpi.

2106 3381 2271 3453 scopi,
2291 3384 2381 3453 qui
2399 3383 2454 3436 in
2472 3399 2531 3453 eo
2556 3381 2698 3452 quod
2724 3381 2800 3453 ad
2818 3383 3109 3453 imaginum
3128 3382 3488 3453 udoretionetu
3510 3381 3630 3438 cou-

2105 3449 2283 3506 uersus
2302 3449 2400 3517 est,
2422 3452 2522 3508 sibi
2536 3449 2845 3506 versiculum
2862 3449 3162 3505 Psalmista:
3174 3451 3630 3507 accommodatdi-

2106 3522 2270 3575 contis
2287 3522 2632 3577 :Couvertisti
2645 3522 2925 3590 planctqu
2937 3536 3118 3577 meum
3133 3521 3189 3576 in
3202 3522 3456 3590 gaudium
3471 3524 3626 3589 mihi,

2106 3538 2270 3575 ccum
2287 3538 2632 3577 :wuverusu
2645 3538 2925 3590 planctum
2937 3538 3118 3577 meum
3133 3538 3189 3576 tn
3309 3538 3456 3578 unum
3471 3538 3626 3589 mnu,

2105 3591 2420 3646 conscidisti
2445 3606 2663 3646 saccum
2689 3606 2889 3655 memn,
2912 3599 2967 3646 et
2992 3538 3394 3649 circummisti
3417 3592 3627 3651 lmtitia.

2108 3682 2242 3740 Cum
2268 3698 2407 3753 pene
2436 3683 2643 3738 nullum
2675 3684 2981 3738 divinorum
3006 3683 3220 3753 apicum
3257 3685 3625 3741 testimonium

2037 3783 2406 3845 competenter
2446 3775 2498 3830 in
2546 3776 2845 3846 samissime
2885 3785 3185 3834 memorata
3219 3780 3426 3848 synodo
3466 3779 3631 3833 luerit

2035 3866 2291 3936 positum,
2316 3881 2413 3920 nec
2436 3865 2537 3920 hoc
2558 3880 2771 3935 quoque
2791 3874 3163 3937 competenter
3191 3882 3222 3921 a
3245 3866 3424 3922 Leone
3451 3866 3629 3922 Focize

2037 3956 2291 4025 episcopo
2311 3962 2524 4011 constat
2548 3971 2669 4010 esse
2692 3955 2983 4026 prolatum,
3009 3956 3105 4027 qui
3128 3955 3378 4012 videlicet
3404 3956 3449 4012 si
3477 3955 3632 4027 quid-

2039 4047 2163 4103 dam
2194 4048 2305 4103 sale
2329 4048 2606 4103 conditum
2643 4055 2738 4102 aut
2775 4047 2843 4102 ad
2882 4063 2997 4105 rem
3027 4048 3309 4119 pertinens
3340 4047 3627 4118 proferret,

2036 4138 2249 4193 ceteris
2295 4147 2582 4210 appareret
2614 4136 2919 4203 dissimilis,
2948 4148 3379 4209 cuuctorumque
3410 4148 3632 4195 senten-

2039 4229 2132 4284 tiis
2160 4228 2458 4302 refragatur
2483 4230 2775 4301 exiszeret;
2800 4229 2895 4286 sed
2917 4230 3044 4285 dum
3072 4245 3132 4285 se
3158 4229 3391 4284 inaniter
3418 4230 3632 4287 ﬂevisse

2040 4316 2220 4382 fassus
2261 4329 2347 4377 est
2372 4337 2439 4377 eo
2469 4320 2614 4392 quod
2647 4318 2913 4392 imagines
2957 4335 3065 4375 non
3090 4320 3420 4385 adoraverit,
3449 4327 3505 4375 et
3543 4320 3631 4375 lai-

2039 4417 2143 4473 tari
2184 4431 2250 4471 eo
2278 4412 2422 4486 quod
2452 4411 2666 4468 iuanius
2700 4427 2760 4467 se
2798 4410 2868 4467 ad
2912 4426 3101 4465 earum
3145 4411 3512 4466 adorationem
3554 4409 3635 4465 di-

2038 4507 2292 4571 verterit,
2323 4521 2483 4577 quam
2512 4504 2584 4559 sit
2608 4500 2830 4569 delirus,
2857 4517 3127 4573 quamque
3145 4511 3465 4558 ceterorum
3503 4518 3635 4556 cnn-

2040 4600 2208 4656 sortio
2255 4612 2425 4653 nexus
2459 4592 2865 4651 evidentissime
2902 4593 3172 4665 apparuit.
3217 4592 3415 4648 llalmit
3461 4593 3631 4658 enim,

2040 4702 2100 4748 ut
2143 4691 2285 4746 idem
2331 4687 2589 4762 puerulus
2631 4694 2735 4753 est,
2779 4687 2897 4743 sine
2943 4687 3140 4744 damno
3179 4686 3473 4749 tristitiam,
3517 4686 3634 4740 sine

2039 4781 2282 4854 profectu
2324 4780 2587 4847 laetitiam,
2632 4780 2751 4835 sine
2804 4779 3111 4849 perditione
3143 4778 3507 4850 lacrymarum
3543 4776 3634 4834 dc-

2041 4890 2253 4941 cursus,
2288 4874 2409 4930 sibe
2446 4871 2804 4942 acquisitione
2850 4868 3254 4927 cachinnabiles
3303 4869 3466 4930 risus,
3522 4868 3633 4922 iras

2041 4966 2158 5022 sine
2192 4964 2498 5029 calumniis,
2533 4962 2868 5033 placationcs
2914 4962 3032 5017 sine
3077 4959 3526 5024 bonoriiieentiis,
3551 4966 3634 5013 ut-

2039 5068 2164 5130 pote
2189 5073 2326 5128 puer
2349 5057 2403 5111 in
2425 5055 2671 5125 quaedam
2704 5053 2911 5108 ludicra
2938 5052 3242 5123 peragenda
3267 5052 3502 5116 inhians,
3526 5050 3573 5106 si
3598 5066 3632 5105 a

2043 5150 2254 5204 nutrice
2305 5153 2607 5211 coercetur,
2658 5143 2985 5215 singultilus
3039 5144 3203 5200 verba
3249 5142 3636 5212 intereipienti-

2043 5239 2144 5295 bus
2168 5237 2356 5308 ejulat,
2385 5237 2454 5292 ad
2489 5251 2610 5307 quae
2643 5235 3000 5306 perpetranda
3026 5234 3071 5290 si
3096 5234 3145 5289 ei
3176 5233 3340 5290 fuerit
3365 5248 3396 5287 a
3422 5231 3636 5289 nutrice

2043 5345 2301 5387 concessa
2343 5327 2591 5393 facultas,
2635 5326 2948 5397 semiplenis
2983 5324 3329 5383 vociferando
3369 5323 3634 5380 sermoni-

2042 5422 2145 5478 bus
2172 5420 2409 5477 exsultat
2441 5438 2456 5475 :
2498 5420 2685 5490 sicque
2729 5419 3002 5475 coercitus
3048 5418 3213 5473 habet
3245 5430 3416 5472 vanos
3451 5412 3631 5479 ﬂetus,

2043 5520 2100 5569 et
2148 5528 2214 5569 ea
2258 5525 2519 5583 peragere
2547 5509 2847 5581 permissus
2871 5523 3041 5564 vanos
3072 5507 3428 5564 nihilominus
3468 5504 3633 5573 risus.

2044 5618 2172 5662 cum
2200 5604 2453 5662 videlicet
2496 5620 2598 5661 nec
2636 5603 2690 5658 in
2731 5601 3095 5675 prohibitione
3138 5599 3304 5656 fuerit
3341 5613 3504 5655 causa
3534 5596 3631 5653 dc-

2045 5692 2229 5764 llendi,
2273 5711 2375 5752 nec
2411 5694 2467 5751 in
2506 5695 2632 5751 data
2666 5693 2883 5749 licentia
2917 5707 3081 5750 causa
3120 5691 3352 5748 ridendi.
3391 5688 3635 5747 Versicu-

2045 5784 2130 5842 lus
2164 5801 2397 5858 namque
2434 5785 2555 5854 iste,
2584 5800 2745 5859 quem
2773 5782 2862 5842 ille
2889 5784 2993 5843 sibi
3034 5783 3087 5841 in
3129 5786 3231 5841 hac
3265 5792 3419 5856 parte
3459 5782 3631 5839 incas-
