4070 6186
392 377 425 433 ιι
435 372 531 436 lilii

1197 369 1373 430 LIBlll
1412 367 1752 430 (ZAROlJNl.
1789 403 1859 414 .-
1892 366 2112 430 CAPIT.
2153 370 2242 431 nr:
2280 369 2469 431 nuc.
2510 398 2579 416 -μ
2619 355 2748 431 ua.
2790 377 2830 431 l.

3506 346 3652 442 locs

386 496 575 549 iantes
608 504 668 546 se
692 482 891 544 habere
913 488 1087 542 zelum
1113 487 1265 558 legis,
1296 489 1599 542 habitarunt
1618 485 1795 540 selum
1829 485 1965 540 livo-
2000 498 2042 554 Α
2072 485 2313 556 plerique
2356 486 2707 555 arbitrantur,
2753 491 2848 544 sed
2873 491 3138 560 genitivus
3163 493 3452 567 singularis
3471 513 3576 564 est,
3603 504 3658 560 id
3738 490 3747 555 '2

397 582 475 636 ris
514 586 577 634 et
622 574 1079 647 perﬁdiosissimus
1125 574 1464 644 iniquitatis,
1506 589 1630 628 cum
1686 574 1973 627 Dominum

395 669 635 741 patibulo
654 665 973 729 aﬁixcrunt;
1000 664 1089 719 isti
1116 664 1468 720 ecclesiarum
1495 662 1792 717 indiscrete
1814 674 1975 715 orna-

394 768 577 817 menta
621 770 976 826 quassavere,
1029 755 1105 809 illi
1140 754 1410 809 malitiose
1441 753 1763 821 semctipsos
1796 751 1978 806 Domi-

384 864 525 905 num
550 853 955 903 contemnentes
981 844 1207 912 fregere.
1236 843 1405 897 Lahia
1426 856 1560 912 ergo
1583 842 1768 898 dolosa
1790 850 1846 897 et
1876 842 1978 896 lin-

393 954 559 1009 guam
611 936 1013 1005 magniloquam
1057 934 1503 1004 perfidiosissima
1541 931 1849 989 Iudaeorum
1886 948 1979 987 co—

388 1032 527 1087 hors
573 1029 840 1090 habebat,
901 1042 1025 1081 cum
1070 1027 1286 1081 dicebat
1323 1042 1338 1080 :
1394 1024 1603 1080 Scimus
1645 1025 1770 1095 quia
1806 1023 1979 1093 Moysi

392 1121 600 1176 locutus
642 1127 718 1173 est
775 1116 936 1180 Deus,
996 1132 1135 1170 nunc
1183 1125 1359 1170 autem
1411 1115 1549 1169 unde
1604 1115 1670 1168 sit
1721 1115 1978 1168 nescimus

394 1210 579 1285 (Joan.
622 1209 723 1281 ιι).
758 1207 947 1262 Nonne
990 1206 1388 1276 magniloquam
1417 1213 1488 1269 et,
1519 1215 1579 1260 ut
1614 1207 1686 1261 ita
1725 1205 1976 1270 dixerim,

402 1302 801 1374 magniloquatn
826 1301 1062 1371 linguam
1088 1299 1379 1364 habebant,
1405 1314 1528 1354 cum
1550 1300 1801 1354 dicebant
1825 1316 1838 1351 :
1866 1298 1980 1353 Nos

395 1395 562 1465 legem
581 1392 852 1455 habemus,
892 1400 941 1444 et
979 1389 1267 1443 secundum
1289 1388 1451 1459 legent
1483 1390 1617 1442 mori
1660 1390 1825 1453 debet,
1854 1391 1980 1459 quia

390 1482 599 1536 ﬁlium
644 1479 745 1536 Dei
785 1496 841 1534 se
888 1478 1050 1548 fecit?
1085 1477 1268 1547 (han.
1302 1478 1440 1548 sis.)
1478 1476 1665 1532 Nonne
1720 1477 1980 1548 magnilo-

394 1585 559 1642 quam
604 1568 843 1641 linguam
887 1566 1176 1632 habebant,
1232 1581 1359 1621 cum
1407 1567 1704 1622 dicebant:
1746 1566 1813 1619 Et
1842 1567 1981 1620 hunc

392 1660 607 1723 scimus,
634 1668 685 1712 et
717 1656 857 1711 unde
877 1657 947 1711 sit
970 1657 1166 1710 scimus
1191 1671 1211 1710 :
1235 1653 1475 1713 Christus
1500 1665 1673 1710 autem
1699 1671 1820 1709 cum
1840 1671 1983 1710 uene-

396 1751 486 1814 rit,
522 1764 672 1804 nemo
701 1757 798 1805 sctt
838 1747 978 1802 unde
1002 1747 1064 1801 sit
1085 1748 1111 1800 ?
1149 1746 1331 1818 (Joan.
1356 1746 1479 1817 vn.)
1496 1745 1685 1802 Nonne
1719 1746 1981 1817 magnilo-

393 1856 556 1911 quam
582 1840 822 1909 linguam
858 1839 1156 1903 habebant,
1196 1853 1320 1892 cum
1359 1837 1612 1893 dicebant
1648 1854 1662 1890 :
1699 1836 1826 1891 Noli
1845 1837 1978 1890 scri—
2010 1835 2051 1894 Β

393 1934 515 1988 bere
539 1947 709 2003 regem
738 1947 758 1987 :
801 1947 895 1986 nos
927 1947 1031 1986 non
1065 1929 1315 1984 habemus
1343 1944 1513 1999 regem
1539 1930 1639 1983 nisi
1666 1928 1931 1984 Cresarem
1956 1928 1982 1981 7

394 2026 582 2097 (Joau.
609 2024 752 2096 xu.)
801 2023 952 2079 Unde
980 2023 1185 2093 liquido
1212 2029 1361 2091 patet
1382 2021 1528 2091 quod
1549 2022 1812 2090 probroso
1847 2021 1981 2075 ima-

396 2117 583 2188 ginem
625 2115 953 2184 ineliganter
983 2128 1167 2170 amore
1187 2113 1281 2183 qui
1320 2114 1392 2169 ob
1415 2127 1604 2169 earum
1633 2112 1979 2168 abolitionem

394 2223 461 2262 ea
481 2218 603 2277 qua
626 2207 697 2262 de
716 2204 937 2275 perﬁdis
957 2203 1158 2258 Judmls
1182 2217 1282 2273 per
1308 2203 1624 2273 prophetam
1653 2203 1803 2258 dicta
1831 2211 1976 2268 sunt,

395 2297 710 2368 parentibus
744 2296 860 2351 suis
890 2310 998 2351 non
1042 2296 1370 2350 erubescunt
1405 2295 1722 2362 adnectere,
1775 2303 1831 2351 et
1873 2295 1982 2351 eis-

395 2389 518 2444 dem
541 2385 737 2455 iaculis
773 2386 921 2441 θίγω
962 2383 1249 2456 perfodere
1282 2384 1481 2454 quibus
1502 2381 1771 2453 Propheta
1796 2382 1980 2440 Eccle-

395 2478 514 2544 siae,
548 2479 657 2533 imo
681 2476 904 2542 Christi,
928 2477 1114 2532 hostes
1140 2475 1383 2531 noscitur
1401 2471 1718 2545 perfodisse.
1906 2504 1909 2505 ν

946 2583 1176 2665 CAPUT
1212 2605 1451 2663 xxvnr.

400 2701 556 2771 Quod
586 2718 690 2780 non
722 2700 778 2779 in
802 2715 981 2780 eorum
1007 2692 1329 2780 parentibus,
1352 2706 1441 2780 ,ιιιο
1465 2696 1773 2780 illidimur,
1799 2694 1980 2780 imple-

470 2783 579 2827 tum
608 2773 674 2825 sit
713 2769 851 2841 quod
877 2764 1126 2840 scriptum
1161 2777 1257 2833 est,
1291 2767 1497 2822 Inimici
1528 2766 1843 2821 defecerunt
1871 2764 1980 2820 fra-

472 2849 592 2896 mea
648 2841 702 2895 in
760 2841 958 2904 linem,
1011 2846 1069 2894 et
1115 2838 1365 2894 civitates
1422 2851 1613 2894 eorum
1667 2836 1980 2892 destrusisti

472 2908 892 3067 (Sidiciximjus
910 2996 1183 3063 versiculi,
1211 3004 1272 3055 ut
1299 2997 1375 3052 illi
1405 2997 1576 3061 aiunt,
1607 2996 1889 3067 prophetia
1923 2997 1980 3052 in

399 3104 586 3147 eorum
645 3088 1130 3160 praedecessor-ibus
1181 3088 1296 3144 sive
1345 3090 1683 3160 parentibus,
1728 3102 1794 3144 eo
1840 3088 1983 3158 quod

2072 584 2177 639 est,
2209 575 2412 630 inimici
2439 575 2637 631 diaboli
2662 575 2974 633 defecerunt
3000 578 3225 648 framea,
3257 590 3312 639 et
3334 595 3418 641 est
3437 588 3656 646 schema

2071 667 2217 736 quod
2247 668 2511 737 prolepsis
2539 679 2900 739 nuncupatur,
2925 671 2978 726 id
3010 681 3091 728 est
3131 680 3522 748 praeoccupatio
3544 682 3660 737 sive

2070 761 2440 830 prmsumptio,
2477 777 2573 833 per
2600 777 2761 830 quam
2788 779 2849 817 ca
2878 780 2997 834 qtnc
3035 769 3184 836 sequi
3214 770 3406 825 debent
3437 782 3660 842 antepo-

2075 858 2295 904 nuntur.
2327 851 2456 918 Qua:
2496 860 2552 906 et
2592 851 2645 906 in
2690 853 2911 910 exordio
2945 856 3243 912 Ezechielis
3267 861 3540 929 propheta:
3579 865 3661 919 in-

2075 940 2308 1008 venitur,
2363 958 2485 999 cum
2515 942 2664 1007 dicit,
2721 944 2784 997 Et
2811 944 3009 1013 factum
3034 957 3107 1001 est
3134 947 3189 1001 in
3223 950 3483 1004 tricesimo
3515 970 3658 1010 anno

2068 1030 2293 1102 (Bacch.
2343 1031 2405 1102 ι).
2455 1031 2523 1086 Et
2571 1032 2625 1086 in
2669 1032 2883 1088 Psalmo
2938 1036 3202 1104 habetur,
3257 1052 3378 1093 cum
3438 1041 3656 1110 dicitur,

2077 1119 2446 1175 Fundamenta
2476 1122 2591 1192 ejus
2619 1124 2674 1176 in
2696 1124 2954 1179 montibus
2976 1128 3171 1181 sanctis
3198 1127 3369 1199 (Psal.
3388 1137 3655 1204 Lsxxvrr).

2072 1211 2334 1268 Civitates
2365 1213 2529 1284 igitur
2567 1215 2870 1272 destructas
2923 1234 3029 1273 non
3086 1221 3145 1277 in
3192 1220 3297 1277 hoc
3353 1222 3473 1278 loco
3502 1217 3657 1280 Psal—

2077 1304 2448 1373 mographus,
2510 1313 2571 1359 ut
2638 1304 2717 1359 illi
2778 1308 3149 1374 arbitrantur,
3203 1322 3389 1367 eorum
3454 1315 3662 1382 praede-

2077 1406 2320 1447 cessores
2376 1393 2490 1447 sive
2553 1404 2807 1463 parentes
2859 1414 2958 1467 pro
3014 1398 3305 1471 imaginum
3364 1403 3661 1461 abolitione

2076 1498 2295 1538 eversos
2329 1485 2598 1551 decantat,
2631 1489 2729 1543 sed
2770 1488 3012 1546 inﬁdeles
3055 1493 3300 1561 populos,
3342 1494 3456 1551 sive
3492 1496 3661 1551 malo—

2074 1580 2199 1631 rum
2240 1592 2465 1647 operum
2514 1594 2758 1645 acervos,
2790 1596 2927 1653 quos
2970 1582 3214 1638 diabolus
3254 1592 3510 1654 tanquam
3547 1602 3660 1644 sua:

2078 1669 2311 1727 civitatis
2367 1672 2567 1728 mmnia
2623 1672 2914 1739 inhabitat,
2971 1672 3173 1729 Christi
3231 1675 3663 1733 manifestationc

2080 1761 2210 1817 dicit
2245 1777 2366 1818 esse
2407 1763 2634 1818 dirutos.
2675 1762 2854 1819 Inanis
2889 1762 3051 1836 igitur
3084 1772 3139 1817 et
3173 1780 3343 1820 vanus
3368 1765 3660 1839 imaginum

2080 1866 2235 1907 amor
2266 1852 2480 1929 illorum
2514 1861 2733 1922 pectora
2773 1854 2968 1909 invasit
2992 1855 3104 1923 qui,
3150 1863 3208 1908 ut
3234 1854 3445 1909 illarum
3470 1856 3662 1910 adora-

2079 1941 2280 1997 tionem
2310 1950 2570 2010 statuant,
2609 1959 2672 1999 ea
2697 1959 2816 2013 qua:
2837 1944 2903 1999 de
2936 1944 3156 2014 antiquo
3178 1945 3333 2001 hoste
3369 1945 3453 2000 vel
3486 1946 3552 2001 de
3583 1946 3664 2000 in—

2078 2032 2315 2089 credulis
2347 2032 2549 2089 Judaeis
2571 2037 2892 2106 prophetata
2928 2043 3072 2100 sunt,
3105 2037 3173 2091 de
3200 2038 3313 2093 suis
3350 2038 3665 2108 parentibus

2078 2123 2192 2179 sive
2220 2125 2709 2194 prmdecessoribus
2735 2126 2877 2181 dicta
2907 2123 3074 2180 fuisse
3093 2127 3429 2182 existimant;

2631 2215 2862 2273 CAPUT
2899 2216 3093 2273 XXIX.

2080 2302 2787 2381 Quomodo__intelligendum
2819 2309 2888 2381 sit
2929 2310 3069 2379 quod
3113 2320 3361 2381 scripturn
3402 2322 3478 2366 est
3501 2330 3520 2368 :
3559 2313 3666 2369 Do-

2149 2377 2310 2452 mine,
2337 2376 2499 2452 dilexi
2532 2376 2779 2452 decorem
2818 2376 3009 2434 donius
3057 2387 3162 2435 tum
3186 2376 3378 2452 {quem
3426 2383 3663 2439 decorem

2148 2445 2235 2499 isti
2263 2446 2515 2517 imagines
2546 2446 2862 2518 intelligunt.

2148 2534 2351 2590 Domus
2375 2535 2471 2593 Dei
2510 2543 2606 2590 aut
2647 2536 2944 2592 secundum
2968 2537 3280 2610 allegoriam
3307 2540 3532 2597 ecclesia
3558 2550 3662 2608 est,

2076 2631 2173 2678 aut
2197 2624 2493 2680 secundum
2518 2641 2798 2697 anagogen
2823 2626 3063 2683 caelestis
3104 2630 3296 2699 patria,
3342 2639 3439 2686 aut
3474 2646 3666 2688 secun—

2078 2711 2205 2767 dum
2241 2712 2593 2784 tropologiam
2621 2715 2803 2769 anima
2839 2715 3109 2771 hominis:
3150 2727 3207 2773 et
3244 2717 3444 2774 ideirco
3472 2721 3526 2774 in
3553 2721 3666 2791 ple-

2078 2803 2259 2873 risque
2281 2802 2574 2874 Scripturre
2599 2813 2799 2862 sancta
2818 2806 2953 2863 locis
2973 2822 3093 2862 cum
3116 2808 3310 2865 domus
3334 2810 3427 2865 Dei
3452 2811 3659 2883 legitur,

2078 2907 2185 2948 non
2216 2894 2453 2960 parietes
2478 2908 2579 2948 nec
2624 2894 2870 2963 quaedam
2901 2895 3197 2952 materialis
3235 2898 3536 2963 aediﬁcatio,
3568 2902 3663 2955 scd

2078 2983 2337 3054 spiritalis
2349 2991 2404 3039 et
2419 2983 2848 3040 inexistimabilis
2860 2985 2957 3040 Dei
2982 2986 3330 3057 intelligenda
3352 2996 3436 3044 est
3459 2990 3668 3046 habitae

2081 3072 2196 3138 tio;
2234 3088 2466 3143 quorum
2491 3088 2750 3131 sensuum
2778 3076 2993 3131 arcanis
3018 3075 3233 3133 illorum
3269 3093 3425 3134 mens
3452 3080 3670 3150 penitus

400 3179 666 3251 imagines
693 3178 1093 3244 abdicaretur,
1122 3187 1208 3235 est
1239 3178 1507 3247 completa
1552 3195 1566 3231 ε
1618 3178 1713 3248 qui
1757 3178 1859 3234 eisi
1897 3179 1975 3233 ίιι.
2005 3179 2049 3238 ς
2072 3165 2285 3235 jejunat
2308 3166 2402 3236 qui
2432 3167 2682 3222 decorem
2704 3168 2895 3223 domus
2920 3168 3131 3223 Domini
3156 3185 3260 3224 non
3281 3170 3539 3226 Ecclesiae
3554 3170 3670 3227 esi-

400 3278 559 3324 caute
601 3270 719 3323 loca
765 3268 960 3325 divinis
999 3267 1233 3325 cultibus
1284 3268 1593 3337 mancipata
1620 3267 1981 3323 ornamentis

401 3358 788 3428 exspoliavere,
824 3358 981 3429 longe
1009 3367 1189 3413 tamen
1233 3359 1301 3414 ab
1338 3354 1545 3427 antiqui
1588 3358 1761 3413 hostis
1789 3357 1981 3425 nequi-

400 3451 502 3517 tia,
530 3452 596 3505 de
617 3465 727 3522 quo
748 3450 863 3506 haec
888 3450 1170 3520 prophetia
1192 3458 1297 3514 est,
1317 3450 1618 3514 distavere;
1642 3449 1837 3518 quippe
1859 3463 1984 3503 cum

403 3539 644 3612 nequitia
695 3556 814 3611 qua:
857 3539 973 3610 ejus
1020 3540 1328 3596 suasionem
1371 3539 1569 3595 accidit
1602 3539 1838 3592 humano
1883 3552 1982 3607 ge-

404 3630 526 3686 neri
555 3630 732 3689 minor
753 3631 825 3684 sit
857 3630 1096 3701 nequitia
1122 3628 1358 3697 ejusdem
1388 3628 1482 3698 qui
1506 3635 1563 3683 et
1598 3643 1710 3683 sua:
1736 3627 1985 3682 humanae

405 3728 594 3777 auctor
615 3727 671 3776 et
694 3719 919 3777 artiﬁcis
932 3718 1375 3788 fraudulenti,qni
1390 3719 1528 3774 sicut
1547 3726 1631 3774 est
1649 3727 1841 3773 natura
1863 3718 1987 3773 sub-

408 3809 576 3874 tilior,
603 3811 677 3864 ita
708 3816 766 3865 et
799 3808 1094 3880 sagacitate
1117 3807 1378 3873 callidior,
1405 3815 1460 3862 et
1483 3821 1644 3876 quem
1668 3821 1775 3861 non
1798 3812 1987 3876 gravat

406 3900 649 3971 corporis
679 3898 940 3971 fragilitas
959 3940 975 3965 ,
1008 3900 1155 3955 acuit
1194 3898 1359 3955 vafra:
1383 3898 1755 3970 pervcrsitatis
1792 3898 1988 3969 iniqui-

408 4002 510 4049 tas.
540 3991 708 4062 llujus
734 4006 863 4063 ergo
896 3991 1101 4051 inimici
1131 3990 1336 4047 framea
1377 3989 1688 4047 defecerunt
1712 3989 1766 4044 in
1801 3988 1986 4054 ﬁnem,

408 4081 536 4150 quia
575 4089 901 4137 tentamenta
949 4079 1275 4150 nequissima
1314 4095 1438 4135 mox
1487 4086 1547 4133 ut
1598 4079 1668 4135 ad
1711 4078 1988 4134 Christum

409 4172 502 4241 qui
527 4179 612 4227 est
639 4171 758 4227 linis
778 4170 911 4241 legis
934 4170 1001 4226 ad
1018 4168 1287 4239 justitiam
1313 4169 1459 4225 omni
1500 4170 1762 4235 credenti,
1786 4169 1878 4239 qui
1904 4177 1990 4224 est

410 4260 534 4313 linis
580 4259 698 4314 sine
732 4258 856 4323 line,
887 4256 956 4312 ad
982 4272 1141 4328 quem
1166 4271 1290 4313 cum
1318 4256 1644 4320 venerimus,
1690 4256 1823 4313 nihil
1853 4257 1991 4312 ulte-

411 4349 525 4405 rius
550 4348 695 4421 quod
742 4364 1050 4418 ancramus
1087 4348 1360 4411 habemus,
1395 4348 1589 4403 collata
1626 4347 1846 4413 fuerint,
1874 4364 1991 4404 om-

411 4442 539 4497 nino
583 4442 856 4497 deﬁciunt.
906 4441 974 4496 Et
1022 4441 1143 4497 ideo
1180 4441 1446 4510 Pmpheta
1485 4442 1701 4495 beatum
1724 4440 1870 4504 dicit,
1900 4442 1991 4511 qui

2080 3258 2305 3312 stimant
2331 3258 2579 3325 virtutes,
2609 3258 2704 3312 sed
2727 3260 3037 3315 matcriales
3068 3261 3350 3332 imagines.
3388 3261 3671 3332 Nunquid-

2081 3364 2206 3405 nam
2233 3350 2375 3405 idem
2401 3350 2633 3405 eximius
2664 3358 2816 3406 vates
2851 3352 3112 3420 quasdam
3136 3353 3398 3423 imagines
3416 3354 3498 3407 vel
3519 3363 3669 3410 certe

2082 3440 2345 3507 parietum
2367 3439 2811 3509 pulchritudines,
2835 3448 2930 3494 aut
2946 3441 3367 3495 ministeriorum
3391 3443 3670 3511 pretiosis-

2082 3529 2250 3583 simos
2267 3536 2561 3599 apparatus
2582 3529 2810 3595 viderat,
2832 3545 2955 3585 cum
2976 3530 3208 3595 dicebat,
3240 3532 3483 3598 Domine,
3508 3534 3670 3593 dilexi

2083 3618 2321 3673 decorem
2353 3618 2541 3672 domus
2571 3629 2697 3684 ture,
2723 3629 2773 3673 et
2806 3619 2978 3674 locum
3000 3621 3343 3676 habitationis
3361 3625 3544 3693 groriw
3564 3634 3671 3679 tua:

2085 3706 2259 3780 (Psal.
2289 3708 2463 3779 xxvi).
2502 3706 2879 3778 Nunquidnam
2917 3709 3067 3765 locus
3110 3710 3457 3768 habitationis
3486 3715 3671 3784 gloria:

2083 3798 2300 3856 Domini
2321 3798 2378 3852 in
2404 3796 2726 3853 manufactis
2753 3813 3027 3868 quoquam
3053 3800 3354 3856 credendus
3380 3804 3534 3856 esse?
3561 3803 3670 3858 Ha-

2084 3888 2176 3948 bet
2198 3903 2330 3959 ergo
2357 3896 2544 3943 sancta
2569 3888 2808 3944 Ecclesia
2839 3890 3077 3944 decorem
3109 3905 3268 3960 quem
3294 3894 3560 3963 Propheta
3585 3896 3671 3951 di-

2086 3978 2305 4049 ligebat,
2331 3979 2385 4035 id
2404 3989 2490 4036 est
2511 3980 2784 4050 spiritales
2802 3982 3056 4036 virtutes:
3082 3983 3243 4038 habet
3262 3996 3472 4052 aurum,
3489 3988 3543 4041 id
3565 3995 3667 4054 est,

2087 4071 2246 4127 ﬁdem
2284 4071 2398 4127 sive
2433 4072 2748 4127 interiorem
2789 4087 3045 4139 sensum;
3086 4075 3247 4130 habet
3273 4088 3542 4147 argentum
3562 4119 3578 4144 ,
3617 4081 3668 4134 id

2085 4173 2170 4220 est
2194 4164 2585 4220 confessionem
2624 4165 2738 4220 sive
2760 4164 2961 4235 eloquii
2986 4175 3320 4222 venustatem
3344 4184 3361 4234 ;
3397 4170 3562 4225 habet
3585 4188 3671 4224 co—

2087 4256 2298 4312 lumnas
2326 4268 2621 4328 argenteas,
2656 4258 2709 4313 id
2741 4267 2828 4314 est
2866 4269 3084 4315 sanctos
3116 4261 3259 4316 viros
3291 4263 3549 4331 patientia
3584 4280 3672 4318 ra-

2089 4349 2327 4405 tionabili
2367 4359 2423 4404 et
2451 4349 2786 4419 eloquiorum
2819 4349 3211 4418 pulchritudine
3242 4363 3514 4423 comptos:
3549 4369 3670 4423 qua:

2088 4440 2351 4496 columnae
2374 4441 2575 4495 habent
2597 4441 2757 4495 bases
2781 4448 3082 4510 argenteas,
3119 4456 3240 4496 cum
3268 4456 3434 4513 supra
3458 4444 3667 4499 stabili—

408 4531 675 4602 parvulos,
705 4532 759 4587 id
792 4539 895 4599 est,
926 4532 1277 4603 cogitationes
1303 4532 1719 4599 irrationabiles,
1754 4532 1824 4588 ad
1851 4532 1987 4604 lapi-
2010 4520 2061 4579 D
2091 4539 2254 4584 tatem
2275 4531 2425 4584 verbi
2447 4530 2541 4585 Dei
2556 4531 2698 4600 quod
2719 4545 2820 4599 per
2837 4531 3129 4600 prophetas
3146 4542 3202 4588 et
3220 4534 3491 4603 apostolos
3514 4535 3671 4591 nobis

407 4623 563 4688 dem,
590 4621 659 4677 ad
685 4622 957 4678 Christum
990 4623 1263 4689 videlicet,
1302 4624 1395 4693 qui
1420 4632 1504 4679 est
1534 4623 1669 4695 lapis
1692 4625 1986 4696 angularia,

411 4712 583 4766 allidit
607 4710 780 4783 (Psal.
810 4713 1085 4785 cxxxvu);
1118 4714 1231 4768 sive
1251 4714 1435 4781 etiam,
1459 4721 1521 4769 ut
1538 4715 1754 4784 quidam
1782 4715 1988 4780 volunt,

411 4801 618 4858 inimici
647 4800 960 4859 defecerunt
988 4802 1192 4859 framea
1223 4805 1276 4859 in
1311 4804 1495 4871 ﬁnem,
1534 4806 1751 4875 quando
1785 4805 1991 4877 gladius

409 4907 519 4962 quo
568 4895 823 4962 antiquus
867 4893 1038 4949 hostis
1089 4894 1387 4950 bacchatur
1432 4895 1488 4951 in
1529 4897 1991 4953 consummatione

409 4984 593 5040 saeculi
612 4983 995 5056 omnipotentis
1027 4986 1122 5040 Dei
1146 4985 1325 5057 gladio
1361 4986 1751 5043 interimendus
1771 4997 1884 5053 est;
1924 4989 1990 5043 de

408 5089 519 5144 quo
550 5074 605 5129 in
633 5074 741 5128 alio
769 5075 973 5145 psalmo
1004 5077 1156 5142 dicit,
1186 5076 1308 5132 Nisi
1329 5078 1722 5142 convertamini,
1755 5077 1987 5150 gladium

408 5180 565 5218 suum
590 5164 806 5221 vibrabit
834 5164 1007 5238 (Psal.
1031 5165 1167 5238 vn);
1203 5175 1260 5222 et
1286 5167 1353 5223 de
1376 5182 1485 5237 quo
1508 5180 1533 5208 ει
1554 5182 1653 5236 per
1675 5168 1989 5238 prophetam

409 5256 745 5311 Ezechielem
790 5257 950 5321 dicit,
991 5256 1115 5314 Viro
1165 5275 1278 5330 ego,
1322 5258 1449 5313 dicit
1494 5257 1771 5324 Dominus,
1801 5276 1989 5314 acuant

408 5348 543 5402 sicut
574 5346 754 5418 fulgur
776 5346 1010 5418 gladium
1036 5364 1207 5402 areum
1229 5387 1246 5415 ,
1285 5358 1333 5403 et
1360 5348 1578 5405 reddam
1605 5347 1854 5404 ultionem
1880 5349 1988 5405 ini-

409 5441 559 5496 micis
608 5442 755 5496 meis.
782 5437 1021 5496 ‘Frantea
1053 5449 1286 5511 namque
1328 5440 1624 5498 Hebralcus
1670 5439 1851 5496 sermo
1883 5447 1987 5507 est,

410 5544 518 5599 quo
556 5530 609 5585 in
636 5531 740 5588 hoc
766 5530 887 5588 loco
910 5532 1117 5601 antiqui
1144 5531 1318 5586 hostis
1342 5530 1552 5602 gladius
1575 5531 1835 5587 inanitur.
1874 5529 1992 5586 Ini-v

411 5622 533 5677 inici
562 5622 727 5692 igitur
756 5622 810 5677 in
837 5623 944 5679 hoc
981 5620 1100 5678 loco
1126 5639 1231 5677 non
1257 5624 1621 5681 norniuattvns
1657 5623 1899 5694 pluralis,
1930 5630 1990 5678 ut

422 5762 426 5767 ’
481 5770 506 5797 ι
543 5754 652 5812 imo
676 5771 772 5828 per
801 5754 1038 5828 Moysen,
1066 5756 1223 5811 Deut.
1248 5769 1424 5823 χχιιι,
1460 5754 1523 5809 ll
1546 5795 1561 5810 .

2092 4619 2342 4685 traditur,
2368 4619 2718 4675 collocantur.
2751 4620 2846 4676 Hm
2886 4622 3050 4676 etiam
3084 4623 3288 4678 habent
3323 4633 3485 4694 caput
3508 4626 3671 4681 deau-

2091 4718 2288 4779 ratum,
2318 4711 2444 4780 quia
2471 4718 2634 4780 caput
2659 4726 2882 4767 aureum
2917 4712 3052 4769 ﬁdes
3070 4722 3155 4769 est
3173 4714 3394 4781 Christi,
3414 4715 3671 4787 Apostolo

2089 4788 2379 4857 attestante
2401 4800 2495 4871 qui
2520 4803 2630 4856 ait:
2666 4801 2848 4857 Omnis
2875 4818 3098 4874 namque
3125 4804 3222 4857 viri
3245 4815 3400 4875 caput
3431 4805 3669 4860 Christus

2089 4905 2165 4950 est
2189 4894 2242 4968 (Ι
2273 4895 2396 4951 Cor.
2424 4895 2526 4967 ιι).
2556 4896 2729 4952 Habet
2757 4898 2917 4951 etiam
2945 4910 3044 4967 pro
3064 4897 3223 4969 lignis
3253 4901 3668 4969 intputribilibus

2089 4986 2368 5041 scientiam
2392 5002 2514 5056 quas
2539 5001 2638 5056 per
2661 4988 2860 5057 lignum
2883 4989 3048 5053 venit,
3076 4990 3189 5045 sive
3212 4990 3667 5062 incorruptionem

2089 5076 2356 5132 castitatis
2385 5091 2505 5145 qua:
2536 5084 2856 5155 vetustatem
2883 5078 3075 5133 nescit.
3098 5077 3272 5135 liabet
3294 5089 3349 5135 et
3383 5094 3484 5150 pro
3504 5081 3669 5156 bysso

2090 5166 2481 5236 virginitatem,
2527 5179 2628 5235 pro
2669 5157 2835 5222 onero
2866 5166 3220 5225 confessionis
3264 5170 3521 5240 gloriam,
3568 5185 3669 5241 pro
3786 5172 3791 5177 ’

2087 5273 2326 5329 purpura
2370 5258 2653 5314 charitatis
2699 5257 2980 5329 fulgorem,
3028 5274 3129 5330 pro
3174 5261 3466 5331 hyacintho
3516 5276 3665 5333 spem

2090 5351 2240 5421 regni
2263 5348 2544 5407 oculorum.
2572 5348 2668 5405 His
2688 5349 2931 5406 materiis
2960 5348 3079 5418 ejus
3111 5352 3417 5408 sacerdotes
3440 5353 3666 5409 induun-

2091 5450 2197 5508 tur,
2212 5439 2368 5510 juxta
2390 5441 2561 5497 David
2578 5456 2764 5497 vocem
2784 5441 2877 5510 qui
2894 5441 2992 5507 ait,
3016 5440 3324 5498 Sacerdotes
3343 5444 3423 5498 tui
3442 5444 3665 5500 induant.

2087 5529 2638 5602 tarjustitiam(Psal.
2654 5529 2890 5601 CXIIII);
2921 5544 3059 5600 quos
3076 5537 3130 5585 et
3152 5529 3352 5588 Paulus
3379 5533 3467 5588 his
3489 5535 3666 5592 verbis

2091 5622 2354 5690 hortatur,
2386 5637 2509 5678 cum
2534 5622 2687 5690 dicit,
2712 5620 2926 5677 Induite
2961 5638 3047 5676 res
3077 5621 3272 5678 viscera
3298 5624 3665 5681 misericordia
