4070 6186
435 371 457 424 l
467 369 570 424 063

1329 374 1392 428 Β.
1429 373 1678 430 CAROLI
1715 373 1926 430 MAGNl
1955 374 2104 431 OPP.
2140 371 2318 433 PARS
2351 371 2415 433 ll.
2445 370 2686 434 SECTIO
2711 377 2780 433 11.

3549 381 3691 436 ιοσδ

427 483 651 554 (Coloss.
680 479 785 553 ιιι).
815 481 1022 537 Habent
1053 483 1212 536 etiam
1237 481 1353 550 ejus
1374 483 1680 538 sacerdotes
1715 483 1822 538 alia
1845 484 2002 538 nobi-
2034 495 2078 550 Α
2109 488 2412 556 sanguinem
2445 487 2708 541 hircorum
2743 497 2792 540 et
2828 485 3128 550 vitulorum,
3177 483 3268 540 sed
3306 497 3398 557 per
3422 491 3694 558 prapn'um

425 571 562 626 liora
587 572 918 636 indumenta,
966 588 1085 641 quae
1122 573 1264 630 idem
1297 574 1402 629 Vas
1430 574 1711 630 electionis
1741 575 2006 644 designat,

428 680 550 718 cum
597 663 728 716 dicit
753 703 766 726 ,
804 663 1015 716 Induite
1059 681 1146 718 eos
1191 664 1471 718 Dominum
1504 665 1686 719 Iesum
1723 665 2006 731 Christum,

427 765 474 807 et
504 755 677 808 carnis
705 771 884 807 curam
910 743 972 808 ne
1001 754 1225 824 feceritis
1267 756 1322 808 in
1364 757 1788 826 concupiscentiis
1829 757 2009 811 vestris

430 843 607 913 (Rom.
642 843 785 913 xm).
817 843 991 898 Habet
1033 853 1087 899 et
1113 844 1514 909 bibliothecam,
1568 846 1622 900 id
1665 854 1748 900 est
1795 853 2011 900 sanctos

427 935 574 989 viros
597 935 788 989 divinae
814 934 947 1004 legis
973 935 1306 990 documentis
1327 935 1589 999 eruditos,
1612 935 1679 991 de
1698 935 1895 1004 quibus
1915 949 2012 1005 per

426 1023 750 1092 Prophetam
778 1025 994 1089 dicitur,
1026 1025 1176 1078 Beati
1214 1023 1539 1078 immaculati
1574 1026 1630 1079 in
1658 1027 1742 1079 aia
1777 1026 1866 1096 qui
1897 1041 2012 1078 am-

429 1111 610 1165 bulant
632 1114 686 1165 in
713 1112 820 1184 lege
843 1113 1089 1167 Domini:
1119 1113 1253 1167 beati
1273 1114 1362 1184 qui
1391 1124 1692 1168 scrutantur
1711 1114 2009 1168 testimonia

427 1202 563 1272 ejus,
597 1204 650 1255 in
681 1213 785 1256 toto
811 1204 964 1256 corde
985 1204 1266 1273 exquirunt
1311 1220 1372 1258 ea
1415 1203 1587 1275 (Psal.
1612 1204 1792 1270 CXIX);
1829 1213 1884 1258 et
1909 1205 2008 1258 ite-

427 1308 548 1346 rum
590 1295 775 1348 beatos
819 1293 947 1348 dicit
973 1309 1066 1349 eos
1094 1295 1187 1362 qui
1217 1293 1478 1348 memoria
1520 1301 1708 1349 tenent
1755 1296 2010 1350 mandata

428 1380 547 1450 ejus
570 1392 630 1435 ut
659 1381 858 1437 faciant
891 1398 976 1436 ea.
1023 1379 1196 1437 Habet
1221 1383 1406 1437 decem
1435 1384 1572 1437 atria
1607 1384 1863 1450 distensa,
1887 1399 2009 1438 cum

429 1489 537 1525 non
567 1473 617 1526 in
645 1489 752 1527 uno
777 1481 984 1526 tantum
1012 1474 1174 1527 verbo
1208 1472 1360 1542 legis,
1393 1487 1566 1542 neque
1600 1473 1653 1526 in
1679 1474 1885 1528 duobus
1917 1481 2010 1527 aut

431 1560 482 1614 in
513 1561 700 1624 tribus,
736 1561 831 1615 sed
851 1561 904 1614 in
937 1569 1050 1615 toto
1078 1559 1332 1630 decalogo
1360 1560 1496 1629 legis
1536 1561 1792 1630 spiritalis
1818 1561 2010 1616 intelli-

428 1653 621 1722 gentia:
653 1651 1000 1720 amplitudine
1023 1650 1300 1716 dilatatur,
1333 1651 1447 1705 sive
1472 1667 1594 1706 cum
1623 1650 1858 1707 fructum
1900 1651 2011 1721 spi-

431 1743 584 1806 ritus,
610 1741 660 1796 id
690 1750 796 1806 est,
828 1741 1100 1812 gaudium,
1139 1757 1349 1811 pacem,
1383 1743 1717 1812 patientiam,
1764 1741 2009 1812 benigni-

430 1841 617 1896 tatem,
641 1833 957 1898 bonitatem,
990 1833 1329 1899 modestiam,
1371 1832 1528 1888 ﬁdem
1549 1874 1564 1899 ,
1600 1834 2006 1901 continentiam,
2041 1817 2086 1878 Β

428 1921 637 1991 adjecta
685 1939 805 1992 quae
850 1931 935 1979 est
985 1922 1159 1992 major
1201 1925 1440 1979 omnium
1488 1924 1752 1980 charitate
1784 1925 2008 1994 profert.

427 2013 601 2069 Habet
643 2015 805 2068 etiam
854 2011 1043 2079 altare,
1087 2013 1139 2068 id
1181 2021 1264 2069 est
1293 2010 1604 2068 ﬁrmitatem
1643 2015 1786 2080 ﬁdei,
1822 2015 1876 2069 in
1905 2031 2011 2084 qua

426 2105 732 2160 oratitlnum
781 2105 986 2160 hostias
1035 2113 1091 2160 et
1139 2105 1520 2160 misericorditc
1564 2105 1812 2160 victimas
1853 2106 2012 2161 offert

430 2199 575 2252 Deo:
606 2198 657 2251 in
687 2213 791 2268 qua
820 2197 1163 2253 continentur.
1187 2197 1358 2253 cultro
1385 2198 1691 2266 superbiam
1716 2198 1869 2268 quasi
1896 2207 2013 2252 tau-

429 2307 548 2344 rum
577 2289 837 2354 immolat,
875 2283 1208 2344 iracunziiam
1237 2287 1390 2357 quasi
1418 2288 1640 2342 arietem
1659 2285 1888 2358 jugulat,
1929 2287 2014 2340 lu-

430 2383 642 2436 xuriam
670 2396 994 2449 omnemque
1031 2381 1306 2435 libidinem
1338 2389 1592 2450 tanquam
1620 2381 1802 2435 hircos
1824 2388 1878 2434 et
1907 2379 2014 2432 ha:-

431 2473 528 2527 dos
558 2472 711 2535 litat;
743 2486 810 2525 ex
838 2471 1033 2540 quibus
1058 2471 1306 2525 dextrum
1341 2471 1620 2526 brachium
1651 2479 1708 2525 et
1728 2479 2013 2540 pectuscu-

433 2562 542 2615 lum
567 2569 624 2616 et
660 2561 908 2616 maxillas
939 2561 1310 2615 sacerdotibus
1349 2569 1582 2629 separat,
1620 2560 1673 2614 id
1708 2568 1811 2625 est,
1851 2575 2014 2628 opera

433 2653 604 2713 bona,
643 2666 806 2720 opera
843 2650 1053 2714 dextra,
1092 2650 1146 2704 in
1194 2649 1389 2719 quibus
1431 2649 1709 2705 sinistrum
1755 2649 2015 2718 quiddam

433 2743 737 2798 nullatenus
761 2741 1050 2811 reperitur.
1077 2740 1250 2796 Habet
1283 2748 1340 2795 et
1369 2739 1746 2795 candelabrum
1779 2737 2014 2801 luminis,

433 2834 547 2888 sive
567 2834 694 2902 quia
719 2832 976 2887 Dominus
1011 2831 1190 2885 lumen
1230 2830 1350 2901 ejus
1371 2839 1471 2894 est,
1523 2832 1635 2886 sive
1677 2829 1801 2899 quia
1845 2828 2017 2884 sancti

433 2924 538 2977 viri
567 2937 797 2992 quorum
827 2921 1061 2977 lucernae
1082 2929 1206 2977 sunt
1227 2921 1477 2976 ardentes
1496 2930 1552 2976 et
1578 2921 1745 2975 lumbi
1767 2919 2017 2984 accincti,

433 3013 526 3081 qui
575 3019 894 3081 exspectant
932 3011 1218 3066 Dominum
1258 3025 1416 3064 suum
1464 3011 1678 3080 quando
1719 3016 2020 3065 revertatur

433 3116 466 3154 a
515 3101 747 3170 nuptiis,
798 3099 1064 3155 lucivoma
1111 3101 1166 3153 in
1213 3115 1277 3154 ea
1328 3100 1725 3170 praedicationis
1769 3101 2018 3170 dogmata

436 3190 688 3246 fundunt.

509 3282 662 3349 Quod
692 3281 1071 3338 candelabrum
1093 3281 1430 3336 lucernarum
1477 3281 1530 3334 in
1573 3289 1815 3335 austrum
1857 3281 2019 3336 habet

435 3373 756 3430 collocatum
781 3383 836 3426 ut
858 3372 926 3426 ad
946 3371 1250 3440 aquilonem
1273 3369 1541 3439 respiciat,
1563 3368 1738 3434 idest,
1765 3375 1826 3422 ut
1845 3371 2016 3425 sancti

438 3465 540 3518 viri
569 3461 849 3532 vigilanter
887 3469 944 3514 et
969 3460 1245 3515 sollicitius
1281 3459 1590 3514 intueantur
1626 3471 1841 3528 semper
1872 3468 2018 3513 astu-

441 3555 543 3609 tias
573 3552 791 3617 diaboli,
816 3561 872 3607 et
892 3553 1083 3622 pavida
1117 3559 1296 3606 mente
1331 3550 1595 3621 aspiciant
1623 3550 1765 3605 unde
1792 3551 1865 3605 sit
1892 3565 2019 3605 ven-

441 3655 559 3700 tura
583 3645 840 3698 tentatio:
881 3643 1006 3712 quia
1043 3651 1101 3697 et
1121 3641 1384 3712 Propheta
1422 3640 1621 3697 vidisse
1653 3657 1713 3696 se
1733 3641 1866 3697 dicit
1891 3657 2016 3696 suc-

440 3751 660 3792 censum
679 3734 908 3790 lebetem
931 3735 1014 3789 vel
1038 3733 1200 3789 ollam
1220 3742 1277 3787 et
1297 3733 1491 3788 faciem
1517 3731 1635 3800 ejus
1655 3748 1685 3787 a
1708 3732 1847 3787 facie
1867 3731 2020 3800 aqui-

441 3828 618 3882 lonis:
657 3836 714 3880 et
767 3827 820 3880 in
863 3826 972 3882 alio
1013 3825 1133 3880 loco
1175 3824 1403 3889 dicitur,
1451 3823 1528 3877 Ab
1573 3822 1829 3894 Aquilone
1879 3821 2018 3875 enim

437 3921 698 3990 pandetur
734 3917 931 3972 malum
957 3933 1111 3989 super
1147 3917 1438 3971 uniuersam
1477 3924 1672 3970 terram
1696 3915 1913 3985 (Jerem.
1951 3913 2014 3985 ι).

442 4011 510 4065 Ει
553 4010 743 4064 Petrus
791 4009 1061 4080 apostolus
1108 4008 1266 4072 dicit,
1302 4007 1441 4073 Quia
1485 4007 1814 4061 adversarius
1858 4014 2020 4060 vester

442 4102 702 4166 diabolus,
729 4102 860 4156 sicut
889 4100 969 4154 leo
1013 4101 1222 4171 rugiens
1247 4099 1432 4152 circuit
1455 4114 1691 4168 quwrens
1733 4113 1886 4167 quem
1929 4095 2020 4149 de-

443 4203 580 4248 raret
613 4193 664 4265 (1
698 4192 810 4247 Pet.
832 4190 910 4262 v).
951 4191 1124 4244 Habet
1149 4197 1204 4243 et
1235 4204 1474 4243 mensam
1505 4188 1883 4256 propositionis
1922 4188 2018 4240 ha-

444 4287 657 4339 bentem
675 4283 952 4339 duodecim
967 4296 1134 4352 panes
1156 4280 1468 4336 collocatam
1493 4280 1546 4333 in
1575 4288 1728 4348 parte
1754 4278 2021 4347 aquilonis

443 4391 564 4444 quae
589 4374 808 4443 respicit
841 4371 907 4425 ad
931 4380 1194 4436 austrum,
1223 4371 1276 4424 id
1295 4379 1380 4425 est
1412 4370 1691 4424 duodecim
1729 4367 2018 4437 apostolos,

444 4477 582 4532 quos
614 4461 853 4530 quotidie
885 4460 1248 4514 indesinenter
1273 4457 1493 4526 juhetur
1511 4471 1779 4527 apponere
1805 4472 1924 4526 qua:
1952 4457 2020 4510 ad

445 4560 686 4606 austrum
718 4549 956 4618 respicit,
987 4551 1114 4619 quia
1157 4549 1405 4605 videlicet
1451 4550 1687 4619 quotidie
1733 4549 2022 4604 adventum

446 4642 656 4698 Domini
681 4641 1036 4710 praestolatur.
1072 4641 1327 4696 Dominus
1347 4643 1500 4706 enim,
1531 4642 1608 4696 ait
1647 4641 1934 4712 Propheta,
1958 4641 2022 4695 ab

446 4741 626 4785 austro
649 4730 810 4785 ueniet
839 4728 1005 4801 (Hab.
1030 4730 1138 4802 ιιι).
1165 4731 1337 4786 Habet
1359 4732 1530 4786 altare
1557 4732 1780 4796 incensi,
1807 4731 1934 4801 quia
1959 4731 2026 4786 de

446 4823 563 4889 ejus
591 4821 711 4876 ﬁdei
739 4820 992 4877 ﬁrmitate
1015 4837 1229 4891 semper
1264 4823 1568 4876 orationum
1607 4831 1914 4877 sanctarum
1944 4821 2025 4875 fu-

449 4929 570 4968 mus
593 4913 647 4966 in
685 4921 973 4982 conspectu
1009 4912 1220 4968 Domini
1255 4912 1516 4976 ascendit,
1555 4920 1610 4966 et
1635 4912 1874 4980 quotidie
1903 4927 2027 4966 cum

450 5002 616 5058 David
645 5002 862 5067 clamat,
894 5001 1169 5073 Dirigatur
1189 5002 1359 5056 oratio
1379 5018 1496 5056 mea
1526 5003 1659 5055 sicut
1685 5001 1951 5055 incensum
1973 5001 2028 5054 in

447 5108 721 5170 conspectu
767 5109 856 5152 tuo
906 5096 1079 5169 (Psal.
1127 5097 1312 5168 cum);
1363 5098 1478 5152 sive
1519 5096 1685 5166 quia,
1733 5094 2028 5150 secundum

447 5189 781 5262 Apostolum,
807 5188 998 5243 Christi
1019 5190 1182 5244 bonus
1206 5189 1334 5242 odor
1356 5204 1534 5242 sumus
1556 5187 1664 5240 Deo
1690 5186 1778 5255 (II
1799 5184 1922 5239 Cor.
1939 5183 2024 5251 ιι).

449 5282 618 5337 Habet
642 5281 1072 5352 propitiatorium
1099 5290 1154 5334 et
1174 5295 1354 5334 arcam
1381 5288 1436 5333 et
1470 5280 1604 5333 duos
1630 5279 1929 5341 cherubim,
1963 5277 2030 5332 de

450 5372 646 5441 quibus
667 5371 914 5440 superius
942 5370 994 5424 in
1020 5370 1253 5438 quodam
1295 5369 1531 5438 capitulo
1566 5368 1894 5437 dir-putatum
1923 5376 2026 5422 est.

454 5461 625 5517 Habet
649 5471 705 5517 et
729 5461 1036 5530 pontiﬁcem
1061 5476 1330 5516 summum
1357 5462 1423 5515 de
1447 5475 1556 5529 quo
1588 5459 1787 5514 Paulus
1817 5469 2031 5528 aposto-

453 5552 538 5610 lus
566 5552 714 5617 dicit,
741 5551 976 5606 Christus
1006 5561 1178 5605 autem
1198 5551 1446 5605 assistens
1475 5549 1708 5619 pontifex
1729 5549 2030 5618 futurorum

452 5643 703 5699 bonorum
739 5659 831 5712 per
853 5643 1079 5712 amplius
1104 5653 1151 5696 et
1175 5641 1451 5712 perfectius
1489 5638 1883 5694 tabernaculum
1927 5655 2030 5693 non

451 5748 610 5790 inanti
641 5732 858 5802 factum,
890 5733 942 5786 id
971 5743 1065 5798 est,
1094 5749 1195 5788 non
1229 5732 1387 5798 huius
1415 5732 1711 5799 errationis,
1743 5747 1903 5801 neque
1939 5747 2031 5801 per

2041 3164 2091 3228 ε

2107 581 2411 649 sanguinem
2457 579 2686 633 introivit
2735 577 2894 632 semel
2931 579 2987 632 in
3029 587 3214 632 sancta
3259 587 3455 632 (eterna
3493 579 3697 632 redem-

2106 669 2281 738 ptione
2304 669 2510 722 inuenta
2553 667 2740 739 (Hebr.
2789 667 2910 739 Ix);
2950 668 3064 722 sive
3111 668 3197 722 cui
3227 683 3325 738 per
3350 667 3692 722 Psalmistam

2107 757 2324 823 dicitur,
2351 756 2430 812 Tu
2448 774 2500 813 es
2521 759 2764 813 sacerdos
2791 758 2848 811 in
2875 767 3126 810 internum
3148 757 3436 810 secundum
3457 757 3693 810 ordinent

2108 845 2485 900 Melchisedech
2510 845 2681 917 (Psal.
2709 845 2828 917 cx);
2861 846 2952 914 qui
2975 852 3060 899 est
3085 846 3310 900 vestitus
3346 845 3542 914 podere
3567 846 3694 915 bys-

2107 934 2247 999 sino,
2274 949 2398 988 cum
2421 935 2593 990 sancti
2613 934 2731 1002 ejus
2760 936 2854 1004 qui
2886 935 3072 1004 utique
3095 935 3146 988 ei
3175 935 3486 989 adhaereant
3527 933 3697 989 casti-

2109 1026 2235 1080 tatis
2281 1025 2524 1095 lampade
2563 1026 2885 1080 vestiuntur.
2925 1025 3100 1080 Habet
3131 1032 3187 1078 et
3228 1023 3506 1079 humerale
3544 1038 3696 1092 gem-

2107 1126 2333 1182 matiun,
2355 1117 2480 1186 quia
2501 1116 2656 1172 electi
2678 1115 2794 1185 ejus
2814 1131 3037 1185 operum
3063 1115 3360 1186 fulgoribus
3383 1121 3691 1177 coruscant,

2108 1222 2338 1275 quorum
2378 1223 2544 1278 opera
2571 1207 2813 1262 videntes
2858 1206 3104 1261 homines
3129 1205 3435 1274 gloriﬁcant
3475 1205 3691 1258 Patrem

2107 1310 2295 1351 eorum
2317 1297 2404 1364 qui
2428 1297 2486 1350 in
2513 1296 2666 1352 cmlis
2690 1304 2808 1350 est:
2843 1297 2935 1365 qui
2961 1296 3124 1351 habet
3149 1296 3202 1349 in
3229 1303 3446 1366 pectore
3471 1294 3692 1364 loginm,

2107 1386 2250 1454 quod
2281 1384 2539 1441 rationale
2565 1386 2782 1451 dicitur,
2809 1394 3073 1455 quaterno
3099 1383 3334 1454 lapidum
3370 1384 3559 1439 Ordine
3583 1383 3698 1437 dis-

2109 1477 2354 1542 tinctum,
2377 1492 2485 1546 quo
2511 1491 2690 1534 sermo
2708 1477 3047 1547 evangelicus
3072 1476 3424 1546 signiﬁcatur,
3447 1476 3538 1544 qui
3559 1490 3697 1544 qua-

2110 1565 2408 1636 druplicato
2434 1567 2625 1621 ordine
2648 1567 2929 1623 veritatem
2961 1566 3083 1622 ﬁdei
3117 1567 3278 1622 nobis
3301 1574 3358 1620 ει
3375 1564 3692 1619 manifesta-

2109 1659 2310 1712 tionem
2340 1658 2619 1713 Trinitatis
2641 1658 2881 1727 exponit.
2912 1657 3087 1712 Habet
3120 1665 3176 1712 et
3206 1656 3324 1711 auri
3352 1656 3607 1710 laminam
3635 1655 3693 1708 in

2107 1747 2285 1802 fronte
2327 1747 2772 1816 resplendentem,
2813 1747 2957 1816 quod
2999 1747 3234 1819 petalum
3279 1746 3589 1816 appellatur,
3636 1744 3693 1798 id

2111 1848 2212 1903 est,
2227 1839 2560 1894 divinitatem
2587 1837 2713 1907 quia
2739 1838 2901 1893 unius
2923 1853 3046 1892 cum
3077 1837 3233 1892 Patre
3259 1836 3572 1892 substantiae
3586 1844 3691 1898 est,

2109 1927 2366 1999 quoniam
2396 1928 2538 1982 sicut
2561 1926 2615 1980 in
2647 1925 2877 1980 metallis
2898 1926 2974 1980 nil
2994 1932 3338 1994 comparatur
3362 1940 3512 1986 auro,
3542 1925 3614 1977 ita
3635 1930 3698 1977 et

2109 2018 2164 2072 in
2191 2015 2454 2072 creaturis
2480 2016 2551 2070 nil
2574 2015 2876 2086 comparari
2899 2023 3077 2085 potest
3103 2013 3365 2070 Creatori.
3395 2012 3497 2080 Qui
3526 2012 3696 2068 etiam

2108 2108 2349 2180 pontifex
2382 2109 2546 2164 habet
2579 2109 2635 2162 in
2679 2108 3026 2164 interioribus
3073 2107 3320 2178 partibus
3362 2105 3697 2174 operimenta

2109 2219 2224 2267 sua,
2259 2202 2386 2272 quia
2427 2201 2743 2272 mysterium
2791 2199 3178 2256 incarnationis
3221 2197 3340 2266 ejus
3383 2194 3699 2262 investigari

2111 2292 2323 2348 diﬁicile
2349 2300 2448 2357 est,
2479 2290 2686 2347 Joanne
2710 2297 2997 2346 attestante
3025 2288 3118 2360 qui
3147 2289 3243 2352 ait,
3272 2286 3439 2355 Cujus
3467 2302 3558 2354 ego
3588 2299 3696 2336 non
3746 2362 3749 2364 _

2111 2400 2227 2438 sum
2253 2383 2445 2452 dignus
2483 2381 2678 2437 solvere
2712 2381 2990 2452 corrigiam
3036 2379 3372 2434 calceamenti
3416 2375 3610 2447 (Marc.
3652 2389 3694 2437 ι,

2114 2475 2242 2529 Luc.
2271 2475 2379 2544 ιιι).
2411 2473 2582 2528 Habet
2609 2471 2772 2526 etiam
2802 2486 2900 2540 per
2926 2467 3222 2526 indumenti
3261 2466 3543 2522 circuitum
3591 2464 3700 2518 tin-

2113 2565 2390 2622 tinnabula
2416 2580 2536 2634 qua:
2561 2565 2616 2619 in
2649 2571 2892 2619 extremo
2925 2561 3163 2630 ejusdem
3191 2557 3491 2615 vestimenti
3519 2555 3695 2625 posita

2116 2663 2260 2719 sunt,
2287 2662 2348 2708 ut
2388 2668 2602 2724 semper
2630 2652 2863 2707 sonitum
2890 2651 3050 2705 dent:
3092 2649 3217 2718 quia
3242 2647 3490 2703 videlicet
3520 2643 3694 2699 sancti

2115 2741 2515 2816 pradicatores,
2545 2742 2635 2813 qui
2663 2741 2781 2812 ejus
2809 2741 2994 2812 utique
3032 2741 3402 2795 indumentum
3441 2744 3586 2800 sunt,
3627 2735 3698 2790 de

2117 2835 2376 2890 extremis
2398 2833 2729 2902 temporibus
2749 2840 2804 2886 et
2837 2831 2942 2886 ﬁne
2969 2830 3151 2886 mundi
3174 2830 3401 2884 reticere
3428 2825 3691 2887 nesciunt,

2118 2926 2212 2981 sed
2233 2939 2445 2994 semper
2465 2939 2564 2979 nos
2585 2923 2650 2978 de
2674 2921 2869 2977 futuris
2887 2921 3194 2984 admonent,
3213 2920 3548 2973 attendentes
3565 2915 3698 2970 illud

2118 3013 2263 3085 quod
2310 3029 2407 3084 per
2431 3014 2719 3084 quemdam
2766 3013 3062 3083 sapientem
3090 3011 3306 3075 dicitur,
3351 3009 3418 3063 In
3459 3008 3696 3063 erunibus

2117 3105 2360 3176 aperibus
2384 3105 2488 3159 tuis
2506 3119 2795 3158 memorare
2830 3101 3108 3157 novissima
3133 3111 3245 3166 tua,
3282 3109 3330 3154 et
3358 3099 3413 3151 in
3447 3108 3698 3151 aeternum

2121 3212 2224 3250 non
2247 3193 2480 3266 peccabis
2521 3193 2730 3266 (Eccle.
2757 3193 2892 3264 vn).
2939 3191 3112 3246 Habet
3147 3191 3310 3246 etiam
3349 3191 3467 3244 lucc
3509 3189 3701 3242 domus

2119 3287 2236 3353 Dei,
2267 3286 2322 3341 id
2343 3294 2427 3342 est
2455 3286 2713 3348 Ecclesia,
2745 3285 2898 3354 cujus
2937 3283 3190 3338 decorem
3233 3281 3548 3336 brevissime
3570 3295 3701 3334 enu-

2117 3391 2410 3441 meramus,
2446 3375 2642 3430 Sancta
2668 3384 2975 3430 sanctorum
3000 3388 3016 3426 :
3054 3374 3179 3443 quia
3210 3372 3456 3428 videlicet
3485 3371 3538 3425 in
3564 3385 3702 3438 prm-

2117 3466 2258 3522 senti
2285 3465 2482 3521 atecqu
2504 3481 2601 3534 pro
2636 3465 2838 3520 sanctis
2865 3465 3026 3518 habet
3067 3473 3306 3518 sanctam
3337 3461 3704 3518 conversatio-

2118 3570 2276 3621 nem;
2329 3571 2428 3626 pro
2474 3554 2688 3610 Sanctis
2735 3569 2864 3611 vero
2900 3562 3209 3609 sanctorum
3234 3591 3250 3616 ,
3289 3553 3341 3606 in
3375 3567 3496 3620 quae
3537 3547 3704 3603 semel

2118 3648 2489 3702 tantummodo
2524 3647 2774 3709 intratur,
2807 3645 3091 3699 transitum
3119 3643 3188 3697 ad
3226 3641 3442 3705 caelum,
3488 3640 3705 3709 quando

2117 3736 2420 3790 visibili'ous
2441 3735 2764 3804 contemptis
2785 3735 2850 3788 ad
2873 3733 3159 3790 invisibilia
3185 3731 3395 3785 transit.
3412 3731 3488 3783 De
3509 3729 3705 3798 quibus

2117 3827 2404 3897 Apostolus
2440 3826 2602 3881 dicit:
2645 3825 2974 3889 Charissimi,
3025 3824 3254 3878 nondum
3295 3822 3535 3892 apparuit
3563 3820 3706 3889 quod

2118 3919 2346 3972 erimus:
2383 3917 2575 3970 scimus
2601 3916 2847 3987 quoniam
2891 3931 3008 3968 cum
3057 3913 3375 3984 apparuerit,
3418 3911 3614 3965 similes
3656 3912 3706 3962 ei

2117 4007 2330 4070 erimus,
2353 4005 2603 4075 quoniam
2623 4004 2906 4058 ridebimus
2925 4020 3043 4057 eum
3063 4003 3218 4058 sicuti
3239 4012 3311 4056 est
3332 4001 3386 4073 (1
3406 4002 3570 4055 Joan.
3597 4000 3706 4070 ιιι).

2119 4095 2272 4150 Hunc
2301 4094 2814 4149 excellentissimum
2839 4109 2967 4164 ergo
2991 4100 3048 4148 et
3069 4092 3308 4148 ctelestis
3334 4092 3523 4161 patriae
3548 4092 3709 4145 deco-

2121 4199 2235 4238 rem
2261 4185 2521 4240 dilexerat
2541 4185 2624 4237 vir
2653 4183 2744 4238 ille
2768 4183 3159 4247 sanctissimus,
3188 4199 3292 4237 non
3334 4182 3625 4253 imaginum
3651 4190 3710 4236 et

2120 4283 2359 4338 colorum
2384 4280 2554 4345 fucos,
2581 4294 2688 4334 non
2719 4277 3078 4334 materialium
3099 4277 3429 4346 picturarum
3457 4276 3709 4330 similitu-

2122 4373 2296 4428 dines.
2327 4368 2408 4425 Ob
2431 4371 2576 4424 hunc
2595 4369 2864 4433 decorem,
2906 4383 3013 4422 non
3041 4369 3112 4422 ob
3151 4366 3456 4421 materiales
3480 4366 3706 4434 ﬁguras,

2053 4499 2101 4561 υ
2123 4463 2275 4535 quasi
2315 4462 2548 4533 quodam
2576 4459 2915 4561 intolerabili
2957 4457 3221 4514 desiderio
3255 4457 3541 4561 resolutus.
3565 4464 3706 4518 erat,

2124 4567 2248 4609 cum
2275 4551 2523 4606 dicebat:
2567 4547 2697 4604 Haec
2720 4557 3036 4603 memoratus
3072 4562 3188 4601 sum
3227 4555 3278 4600 et
3317 4546 3480 4615 effudi
3523 4547 3579 4597 in
3624 4561 3710 4598 me

2123 4641 2354 4695 animam
2377 4656 2566 4702 meam,
2605 4640 2855 4710 quoniam
2885 4637 3151 4708 ingredior
3172 4637 3344 4691 locum
3384 4635 3709 4690 tabernaculi

2125 4729 2453 4784 admirabilis
2482 4744 2644 4799 usque
2666 4727 2735 4782 ad
2755 4726 2968 4781 domum
2996 4726 3094 4780 Dei
3113 4725 3289 4798 (Psal.
3317 4725 3473 4796 xui).
3505 4726 3582 4778 De
3606 4727 3711 4780 hac

2126 4821 2305 4883 domo,
2346 4834 2454 4872 non
2500 4819 2568 4872 de
2617 4818 2700 4872 his
2743 4815 3040 4871 visibilibns
3079 4817 3376 4886 parietibus
3420 4814 3713 4884 Apostolus

2126 4909 2298 4963 dixit:
2343 4907 2552 4964 Scimus
2592 4908 2843 4978 quoniam
2889 4908 2935 4960 si
2985 4907 3245 4960 terrestris
3292 4906 3478 4960 domus
3529 4916 3712 4959 nostra

2127 5000 2286 5069 hujus
2313 4999 2652 5053 habitationis
2689 4997 3021 5061 dissolvatur,
3047 4997 3187 5069 quod
3216 4997 3613 5066 mdiﬁcatianem
3645 5015 3714 5050 ea:

2127 5091 2238 5144 Deo
2271 5091 2542 5153 habemus,
2582 5089 2794 5143 domum
2822 5106 2926 5142 non
2953 5089 3335 5158 utanufactam,
3378 5097 3625 5142 arternam
3655 5089 3713 5142 in

2129 5183 2268 5236 cretis
2298 5181 2384 5253 (ll
2412 5180 2535 5234 Cor.
2567 5182 2644 5252 v).
2666 5181 2822 5236 Hunc
2845 5181 3090 5235 decorem
3114 5180 3296 5241 Isaias.
3317 5195 3422 5235 non
3444 5181 3712 5249 pictorum

2127 5288 2292 5343 opera
2318 5271 2651 5343 respicienda
2673 5272 3064 5334 considerabat,
3082 5286 3207 5325 cum
3228 5271 3470 5326 dicebat:
3498 5268 3715 5340 Respice

2131 5364 2265 5420 Sion
2307 5365 2563 5419 civitatem
2604 5362 2949 5418 solemnitatis
2991 5373 3132 5417 tum:
3176 5361 3316 5416 oculi
3345 5362 3422 5414 tui
3470 5361 3712 5414 ridebunt

2129 5453 2424 5509 Jerusalem
2449 5494 2465 5519 ,
2515 5453 2887 5508 habitationem
2943 5451 3269 5523 opulentam,
3319 5449 3714 5504 tabernaculum

2129 5545 2268 5617 quod
2294 5560 2629 5615 nequaquam
2671 5542 2947 5613 transferri
2987 5551 3150 5613 potest
3197 5539 3335 5611 (Isa.
3368 5540 3586 5609 nam).
3638 5537 3716 5593 De

2131 5635 2233 5690 hac
2260 5634 2422 5689 domo
2459 5649 2560 5703 per
2596 5633 2764 5688 David
2789 5631 3025 5686 dicitur:
3068 5631 3216 5686 Beati
3259 5631 3348 5701 qui
3386 5629 3620 5683 habitam
3658 5630 3713 5681 in

2131 5726 2286 5779 doma
2330 5735 2442 5791 tua,
2471 5725 2526 5777 in
2560 5721 2752 5778 sa'rula
2786 5720 3097 5776 strculorum
3145 5719 3435 5774 laudabunt
3461 5728 3509 5773 te
3535 5717 3708 5778 (Psnl.
