4070 6186
336 323 358 377 t
370 317 472 375 (ις’ιό

1122 315 1300 374 LIBRI
1339 313 1680 373 CAROLINI.
1720 346 1794 357 —-
1831 315 2054 371 CAPIT.
2094 314 2183 370 DF.
2219 313 2409 369 lMAG.
2451 344 2520 355 —-
2558 312 2687 367 LIB.
2729 312 2793 365 ll.

3451 310 3471 362 i
3482 306 3586 361 006

329 426 571 496 tsxxtv).
605 422 981 493 Nunquidnam
1020 427 1190 481 sancti
1232 428 1448 491 Patres,
1483 436 1542 482 ut
1573 436 1797 483 caeteros
1827 435 1905 481 ta-
1937 435 1982 493 Α
2010 427 2273 498 imagines
2321 441 2427 480 non
2471 425 2645 480 solum
2678 423 2880 488 visuri,
2931 422 3029 477 sed
3076 422 3353 477 adoraturi
3388 419 3589 486 forent,

316 530 495 578 ccam,
530 513 747 578 Paulus,
766 514 1054 581 Antonius,
1090 516 1351 585 llilarion,
1378 519 1461 573 vel
1481 519 1658 574 omnis
1681 518 1915 573 anacho—

328 612 565 661 retarum
591 604 705 658 sive
732 604 1080 660 eremitarum
1120 616 1357 672 caterva,
1386 609 1476 667 (ιιιὶ
1499 608 1751 664 decorem
1772 608 1917 664 basi-

319 691 554 750 licarum
582 695 697 761 sive
743 695 1035 765 imaginum
1077 698 1410 769 depictarum
1455 700 1904 764 nonbabuerunt,

326 787 422 849 scd
448 787 503 843 in
529 787 852 857 quibusdam
879 789 1161 858 tuguriolis
1185 806 1312 845 suas
1334 792 1444 847 Deo
1472 792 1678 846 animas
1699 791 1917 847 dedica-

329 887 543 943 verunt,
581 879 780 934 idcirco
807 881 978 936 sancti
1007 896 1114 936 non
1143 884 1309 936 sunt?
1336 891 1392 938 et
1428 882 1549 937 ideo
1577 890 1671 937 aut
1708 899 1813 937 non
1839 882 1922 937 di-

328 971 566 1040 ligebant
591 970 841 1026 decorem
871 972 1062 1028 domus
1089 974 1324 1039 Domini,
1366 983 1461 1030 aut
1506 975 1681 1030 locum
1708 975 1918 1031 habita—

333 1059 494 1133 tionis
520 1058 706 1129 glorize
743 1060 838 1115 Dei
872 1060 1119 1132 ﬂagranti
1155 1073 1371 1133 pectore
1417 1066 1767 1134 contemplari
1812 1081 1921 1124 non

333 1149 718 1207 desiderabant
742 1150 865 1220 quia
892 1152 1150 1221 imagines
1174 1169 1279 1209 non
1308 1155 1582 1211 habebant
1605 1172 1704 1211 nec
1728 1158 1920 1211 adora-

333 1241 505 1295 bant?
530 1240 674 1295 lntra
700 1257 759 1296 se
782 1241 983 1298 etenim
1008 1245 1148 1300 sicut
1180 1255 1234 1301 ct
1268 1254 1476 1304 czeterte
1502 1255 1699 1304 sancta:
1730 1248 1923 1305 anima:

338 1331 591 1402 templum
624 1332 716 1386 Dei
743 1341 798 1387 et
819 1334 993 1389 locum
1030 1336 1377 1394 habitationis
1403 1340 1586 1411 gloriae
1609 1338 1727 1409 ejus
1748 1341 1919 1397 habe-

334 1419 481 1483 bant,
528 1420 740 1476 dicente
775 1422 914 1478 Vase
953 1424 1233 1482 electionis
1269 1443 1282 1481 :
1327 1427 1594 1500 Templum
1641 1431 1779 1484 enim
1824 1429 1923 1485 Dei

334 1521 575 1566 sanctum
615 1523 687 1567 est
735 1514 876 1585 quod
907 1517 1029 1571 estis
1056 1534 1140 1571 vos
1174 1517 1228 1590 (1
1250 1518 1371 1573 Cor.
1402 1520 1508 1591 ιιι).
1539 1521 1759 1576 Plurimi
1787 1537 1924 1592 prte-

340 1608 485 1653 terea
514 1612 583 1653 ex
612 1601 912 1656 divinarum
954 1601 1353 1674 Scripturarum
1385 1608 1566 1663 aureis
1614 1609 1785 1678 pratis
1811 1609 1919 1665 col-

340 1689 433 1761 ligi
477 1693 745 1749 ambrosei
793 1693 955 1751 flores
991 1706 1277 1767 poterant,
1318 1702 1513 1770 quibus
1540 1712 1597 1758 ct
1626 1704 1921 1759 secundum

2016 514 2169 584 cujus
2194 515 2592 586 pollicitationis
2634 522 2909 585 compotes
2944 512 3119 572 effecti
3157 514 3351 568 merito
3391 513 3594 578 dicant,

2019 603 2167 660 Sicut
2188 605 2500 669 audivimus,
2523 606 2595 659 ita
2619 615 2667 659 et
2692 604 3058 660 vidimus.Nos
3085 613 3265 659 autem
3291 605 3593 673 qui,opitu-

2018 693 2161 750 laute
2182 695 2309 758 Deo,
2345 694 2674 764 psalmorum
2700 695 3035 765 prophetiam
3059 694 3373 764 spiritaliter
3394 710 3495 764 pro
3514 695 3600 748 vi-

2019 784 2169 839 ribus
2203 784 2576 855 intelligimus,
2622 800 2731 840 non
2778 786 2880 841 hoc
2920 800 3133 841 comma
3177 784 3244 839 de
3278 783 3603 840 manufactis

2020 872 2341 943 imaginibus
2366 875 2587 941 dictum,
2626 876 2718 931 sed
2748 878 2816 930 de
2844 875 3230 946 insignioribus
3259 887 3314 932 et
3354 877 3604 932 cminen~

2022 964 2248 1019 tioribus
2282 965 2553 1036 mysteriis
2574 965 2948 1036 prophetatum
2991 963 3153 1020 fuisse
3186 965 3477 1021 sentimus:
3510 966 3599 1035 qui

2022 1056 2272 1112 videlicet
2305 1056 2446 1111 sicut
2468 1056 2523 1111 in
2548 1056 2662 1127 lege
2690 1056 2757 1110 de
2781 1055 2981 1111 Christi
3015 1055 3247 1110 adventu
3278 1054 3604 1119 audivimus,

2023 1145 2078 1199 in
2106 1145 2395 1217 Evangciio
2424 1146 2665 1204 videmus
2690 1162 2705 1213 ;
2746 1146 2887 1200 sicut
2916 1145 2968 1199 in
2995 1145 3269 1215 prophetis
3291 1145 3356 1203 de
3380 1144 3496 1216 ejus
3524 1144 3603 1202 iu-

2022 1237 2337 1292 carnatione
2383 1238 2759 1308 comperimus,
2814 1237 2869 1292 in
2913 1237 3047 1291 Novi
3087 1236 3419 1293 Testamenti
3466 1252 3605 1293 nunc

2023 1327 2164 1383 serie
2192 1328 2463 1383 cernimus
2489 1363 2507 1392 ,
2536 1327 2676 1384 sicut
2703 1327 2757 1382 in
2788 1327 3171 1398 hagiographis
3208 1337 3264 1381 ct
3305 1328 3358 1381 in
3401 1329 3605 1382 cunctis

2023 1417 2195 1473 sacris
2232 1416 2427 1472 litteris
2465 1419 2532 1470 de
2563 1415 2681 1485 ejus
2727 1417 3005 1471 nativitatc
3027 1456 3043 1482 ,
3097 1418 3350 1481 passione
3375 1458 3390 1484 ,
3428 1433 3604 1472 resur-

2024 1510 2283 1575 rectione,
2330 1509 2400 1564 ad
2436 1509 2635 1565 cmlum
2670 1509 3014 1575 ascensione,
3066 1509 3256 1581 typicis
3299 1510 3607 1565 videbamus

2022 1599 2423 1670 prteliguratum
2454 1598 2619 1654 fuisse
2654 1599 2943 1670 mysteriis,
2990 1615 3134 1654 nunc
3162 1607 3380 1669 peracta
3417 1608 3609 1655 cuncta

2024 1690 2192 1747 fuisse
2233 1691 2286 1745 iu
2316 1692 2520 1749 sanctis
2549 1692 2790 1748 videmus
2818 1691 3164 1762 Evangeliis:
3205 1693 3299 1762 qui
3343 1693 3507 1750 etiam
3548 1710 3610 1749 eo

342 1781 713 1852 tropologiam,
741 1792 795 1839 et
834 1788 1127 1843 secundum
1173 1790 1504 1861 allegoriam,
1533 1801 1588 1848 ει
1633 1795 1925 1850 secundum
1961 1774 2003 1834 Β
2028 1792 2300 1839 annuente
2323 1784 2390 1839 ad
2411 1793 2668 1841 aeternam
2689 1785 2919 1854 patriam
2948 1786 3180 1851 venturi,
3204 1794 3260 1841 et
3283 1787 3339 1842 in
3361 1803 3424 1843 ea
3448 1788 3612 1845 visuri

342 1886 641 1945 anagogen,
682 1885 883 1933 sauctm
928 1879 1182 1936 Ecclesiae
1229 1883 1390 1954 decor
1418 1894 1828 1954 monstraretur,
1878 1885 1927 1942 si

342 1962 625 2019 brevitatis
667 1966 755 2021 cui
781 1969 1060 2024 studemus
1099 1986 1204 2025 non
1235 1974 1657 2045 przepediremur
1681 1975 1926 2032 habenis.

344 2052 411 2108 lli
436 2069 566 2125 ergo
593 2058 748 2126 pauci
775 2074 872 2128 pro
897 2060 1143 2129 pluribus
1179 2065 1373 2134 prolati
1397 2066 1693 2132 sulliciant,
1733 2068 1929 2138 quibus

344 2145 575 2217 diligens
601 2148 769 2205 lector
798 2161 995 2207 caetera
1024 2168 1143 2222 qua:
1182 2155 1271 2210 hic
1303 2157 1510 2225 prolata
1554 2173 1660 2213 non
1687 2168 1813 2214 sunt
1848 2161 1932 2216 in-

344 2238 547 2308 dagare
580 2242 809 2307 curabit,
834 2252 886 2298 et
911 2245 1103 2302 domus
1132 2246 1227 2302 Dei
1273 2248 1544 2314 decorem,
1586 2264 1691 2304 non
1717 2250 1771 2304 in
1797 2251 1931 2306 ima-

345 2331 561 2400 ginibus
606 2335 991 2402 materialibus,
1039 2339 1131 2394 sed
1180 2339 1235 2394 in
1280 2340 1567 2397 virtutibus
1600 2341 1932 2411 spiritalibus

347 2418 701 2492 refulgentem
723 2439 843 2480 esse
870 2425 1088 2481 videbit.

912 2557 1138 2619 CAPUT
1188 2560 1337 2617 XXX

348 2640 503 2737 Quod
520 2662 630 2737 "n'ou
664 2651 1097 2737 pro‘maluufactis
1119 2653 1433 2737 imaginibus
1451 2670 1546 2737 per
1570 2655 1930 2737 Psalmistam,

419 2715 593 2793 ειεξιιὶ
637 2715 1043 2793 άὶιίῃιηάὶεῐιιηι
1072 2731 1167 2787 est,
1217 2715 1370 2780 Sicut
1410 2715 1733 2793 audivimus,
1768 2728 1841 2782 ita
1881 2715 1937 2783 et

424 2784 651 2839 vidimus
680 2786 851 2858 (Psal.
881 2796 1093 2863 nvi").

421 2875 687 2943 Quoniam
736 2879 901 2950 igitur
942 2882 1279 2940 manufactas
1325 2886 1589 2957 imagines
1632 2902 1691 2942 se
1736 2887 1935 2945 vidisse

350 2966 601 3038 gratulati
644 2977 784 3034 sunt,
831 2969 1128 3028 Psalmista:
1155 2975 1256 3030 sibi
1285 2976 1608 3032 versiculum
1632 2993 1938 3034 accommo-

350 3055 615 3111 daverunt
651 3058 910 3126 dicentes,
951 3060 1099 3117 Sicut
1127 3063 1442 3131 audit-imus,
1482 3068 1557 3121 ita
1601 3077 1650 3122 et
1688 3066 1936 3139 vidimus,

348 3144 785 3235 dicantuqnaiso,
836 3149 1017 3206 dicant
1060 3153 1151 3207 ubi
1192 3154 1294 3210 hoc
1319 3164 1444 3210 ante
1487 3157 1755 3214 audierint
1794 3160 1938 3231 quod

352 3237 512 3292 modo
547 3238 600 3292 in
627 3238 954 3309 imaginibus
987 3241 1202 3309 vident;
1245 3244 1429 3300 dicant
1465 3246 1586 3317 quis
1604 3249 1940 3317 patriarcha-

352 3340 475 3381 rum
525 3329 979 3399 prophetarumve
1023 3340 1117 3388 aut
1162 3335 1531 3403 apostolorum
1575 3337 1678 3393 hoc
1722 3338 1939 3397 illorum

352 3418 558 3474 auditui
586 3420 844 3489 intulerit,
881 3425 1025 3492 quod
1066 3425 1225 3480 modo
1263 3426 1476 3485 illorum
1519 3428 1721 3484 visibus
1751 3438 1934 3499 patet:

352 3506 538 3563 dicant
579 3509 700 3579 quis
743 3510 847 3567 illis
874 3511 978 3567 hoc
1019 3512 1357 3583 privilegium
1401 3515 1738 3587 prtedixerlt,
1793 3515 1935 3589 quod

2030 1889 2218 1933 sumus
2261 1889 2382 1944 qua:
2413 1875 2465 1929 in
2511 1873 2670 1943 hujus
2713 1875 3059 1932 mortalitatis
3104 1892 3346 1934 aerumna
3385 1878 3453 1934 de
3499 1877 3611 1949 (‘jllr

2029 1960 2284 2020 felicitate
2308 1964 2642 2030 audivimus,
2675 1965 2978 2034 dicturique
3017 1982 3203 2023 sumus
3226 2008 3242 2032 ,
3276 1968 3426 2026 Sicut
3464 1971 3610 2026 audiv

2031 2052 2216 2120 trimus,
2246 2054 2320 2107 ita
2347 2063 2395 2109 et
2426 2054 2691 2120 vidimus;
2731 2056 2786 2110 id
2810 2064 2912 2121 est,
2941 2055 3094 2111 Sicut
3125 2059 3428 2114 audivimus
3472 2075 3611 2116 mor-

2032 2140 2197 2207 tales,
2245 2142 2487 2197 videmus
2528 2158 2673 2197 nunc
2714 2144 3085 2212 immortales;
3125 2146 3266 2201 sicut
3313 2147 3614 2206 audivimus

2030 2233 2404 2304 corruptibilcs
2428 2273 2444 2299 ,
2482 2232 2729 2290 videmus
2772 2250 2919 2291 nunc
2965 2235 3441 2307 incorruptibiles;
3480 2242 3616 2297 sicut

2033 2325 2337 2382 audivimus
2390 2326 2446 2381 in
2499 2342 2804 2383 :nrumnosa
2855 2328 3286 2399 peregrinatione
3309 2371 3323 2395 ,
3374 2332 3618 2389 videmus

2033 2430 2176 2472 nunc
2210 2415 2263 2471 in
2302 2414 2545 2471 vivorum
2590 2415 2900 2472 felicissima
2932 2418 3186 2490 regione:
3224 2421 3368 2490 quod
3414 2423 3624 2478 audivi-

2033 2522 2154 2563 mus
2199 2521 2320 2564 cum
2364 2507 2704 2576 patiebamur
2747 2509 3229 2580 proccllosissimas
3277 2521 3619 2583 tempestates

2033 2597 2234 2662 seculi,
2266 2598 2508 2654 videmus
2532 2614 2677 2654 nunc
2703 2615 2825 2655 cum
2847 2602 3087 2671 petimur
3106 2603 3425 2658 suavissima
3465 2621 3617 2660 secu-

2035 2689 2194 2748 ritate
2220 2690 2455 2759 paradisi
2481 2706 2496 2757 ;
2538 2690 2788 2762 quodque
2816 2692 3124 2749 audivimus
3149 2710 3273 2751 cum
3298 2696 3622 2752 timebamus

2035 2782 2546 2853 periculosissimum
2583 2783 2923 2854 naufragium
2947 2825 2963 2852 ,
3014 2786 3256 2845 videmus
3306 2804 3449 2844 nunc
3495 2806 3618 2848 cum

2036 2875 2381 2944 pervenimus
2401 2876 2470 2931 ad
2494 2876 2864 2931 cautissimum
2886 2885 2944 2931 et
2966 2878 3121 2934 nobis
3151 2878 3308 2950 longe
3327 2888 3450 2935 ante
3480 2881 3623 2937 desi~

2039 2965 2436 3022 deratissimum
2486 2975 2722 3037 portum.
2774 2966 2833 3022 In
2883 2967 2988 3024 hoc
3040 2986 3171 3025 sane
3217 2971 3444 3026 articulo
3478 2972 3623 3031 hunc

2040 3059 2272 3129 primum
2300 3059 2500 3115 librum
2522 3059 2844 3115 cludendum
2871 3076 2994 3117 esse
3033 3063 3360 3131 putavimus,
3404 3072 3463 3119 ut
3494 3080 3625 3134 quo.

2041 3152 2185 3208 niam
2216 3154 2282 3209 de
2311 3162 2467 3223 portu
2506 3153 2832 3209 mentionem
2860 3152 3107 3221 fecimus,
3132 3155 3283 3211 illum
3319 3172 3533 3226 quoque
3567 3157 3622 3214 in

2038 3245 2144 3301 hoc
2170 3244 2289 3301 loco
2314 3246 2383 3302 ad
2405 3253 2619 3315 portum
2657 3245 3003 3311 deducamus,
3035 3256 3096 3303 ut
3119 3257 3386 3306 retroacta
3413 3252 3625 3321 naviga-

2037 3336 2184 3393 tione
2206 3335 2414 3405 fatigati
2431 3335 2820 3407 aliquantisper
2839 3336 2893 3392 in
2914 3346 3072 3407 portu
3090 3339 3404 3408 spatiantes,
3423 3355 3625 3395 resum-

2036 3427 2250 3497 ptisque
2297 3426 2520 3489 viribus,
2568 3425 2636 3481 ad
2675 3427 2895 3482 secundi
2936 3426 3055 3485 libri
3082 3428 3497 3499 navigationem,
3523 3430 3626 3486 [δον

2036 3518 2185 3575 mino
2213 3516 2528 3581 auxiliante,
2566 3516 2683 3571 vela
2720 3519 3021 3576 tendamus.

364 3666 3615 3714 Mm.“

1525 3784 1825 3866 LIBER
1901 3780 2470 3867 SECUNDUS.

943 4050 1331 4107 PREFATIO.

430 4160 699 4217 Tractatis
732 4161 786 4216 in
824 4163 1101 4231 superiore
1135 4162 1271 4217 libro
1296 4176 1459 4232 quam
1502 4161 1821 4218 brevissime
1853 4161 1935 4217 di-

359 4252 502 4307 vina
524 4251 659 4322 legis
687 4251 1003 4321 quibusdam
1049 4253 1422 4317 oommatibus,
1455 4268 1594 4323 qum,
1642 4262 1700 4309 ut
1747 4256 1941 4311 crebro

362 4340 799 4406 memoravimus,
829 4341 906 4396 illi
928 4350 1115 4398 contra
1140 4358 1277 4414 quos
1296 4344 1420 4400 huic
1442 4354 1629 4401 nostro
1653 4347 1793 4418 stylo
1816 4361 1943 4402 con-

2044 4055 2366 4120 obnitentes,
2399 4057 2468 4112 ad
2497 4057 2713 4115 tertium
2734 4058 2787 4112 in
2808 4058 2962 4128 cujus
2984 4060 3250 4131 principio
3279 4072 3478 4121 nostrae
3499 4066 3624 4126 ﬁdei

2045 4144 2451 4202 fundamentum
2482 4147 2614 4212 erit,
2648 4148 2870 4205 liberius
2897 4151 3248 4216 accedamus,
3277 4163 3337 4211 ut
3371 4159 3626 4225 quoniam

2048 4251 2249 4298 sancta:
2277 4241 2330 4296 in
2353 4256 2418 4297 eo
2438 4252 2491 4297 et
2528 4242 2697 4299 unica:
2730 4243 3009 4301 Trinitatis
3036 4243 3305 4302 confessio
3328 4250 3628 4305 continebiv

2051 4339 2156 4396 tur,
2186 4331 2334 4388 tertii
2358 4346 2571 4402 quoque
2595 4331 2718 4387 libri
2746 4347 3002 4391 numerus
3030 4333 3294 4391 habeatur
3313 4347 3631 4394 exornetur-

361 4429 539 4485 liictus
582 4438 696 4497 est,
727 4432 798 4486 ob
842 4447 954 4487 sua:
990 4407 1244 4489 vanitatis
1289 4435 1571 4490 materiam
1618 4407 1943 4493 iniciendam

2045 4437 2151 4492 que
2178 4423 2545 4481 sacratissimo
2570 4438 2797 4483 numero
2825 4424 2918 4494 qui
2950 4426 3296 4485 exornandus
3318 4438 3402 4486 est
3430 4439 3631 4486 saneta:

363 4519 647 4589 protulisse
671 4530 985 4585 noscuntur,
1027 4522 1112 4578 vel
1137 4523 1297 4578 etiam
1322 4525 1640 4593 quibusdam
1672 4527 1725 4581 in
1753 4527 1942 4582 eodem

364 4611 503 4668 libro
543 4612 767 4682 prolatis
792 4612 1039 4682 capitulis
1064 4629 1185 4684 qua:
1216 4614 1283 4670 de
1317 4631 1502 4671 eorum
1530 4617 1945 4687 reprehensione

363 4717 473 4758 non
509 4703 963 4773 inconsequenter
984 4703 1303 4773 proferenda
1326 4714 1502 4771 erant,
1533 4721 1755 4762 necesse
1780 4715 1863 4762 est
1887 4714 1948 4761 ut

363 4791 418 4846 in
443 4792 716 4861 praesenti,
752 4792 993 4850 secundo
1033 4793 1281 4851 videlicet
1308 4794 1465 4859 libro,
1496 4804 1552 4850 et
1591 4795 1788 4851 divina:
1815 4794 1948 4866 legis

364 4895 495 4937 sane
527 4882 813 4951 sobrieque
840 4882 1051 4938 residua
1091 4893 1361 4939 commata
1399 4884 1703 4947 tractaturi,
1732 4891 1786 4939 et
1812 4900 1947 4954 quo-

364 4972 612 5031 rumdam
646 4981 957 5030 sanctorum
996 4972 1217 5030 Patrum
1261 4974 1401 5030 male
1430 4974 1782 5032 nihilominus
1824 4990 1949 5030 sen-

364 5061 565 5117 tentias
588 5062 787 5119 abillis
807 5072 1093 5133 usurpatas
1121 5064 1355 5134 propriis
1390 5064 1638 5120 sensibus
1664 5065 1947 5131 reddituri,

366 5150 592 5207 Domino
627 5151 873 5218 favente,
922 5154 1322 5224 aggrediamur.
1360 5153 1419 5212 in
1463 5169 1572 5224 quo
1607 5154 1773 5209 etiam
1811 5153 1950 5209 libro

366 5241 611 5311 quaedam
641 5243 878 5314 capitula
920 5244 1227 5305 inserentnr
1264 5261 1384 5316 quae
1426 5260 1614 5302 eorum
1661 5245 1835 5301 errori
1879 5244 1949 5299 ad

369 5341 576 5389 mentes
601 5333 837 5392 fidelium
874 5337 1181 5393 transeundi
1212 5337 1415 5392 aditum
1449 5337 1811 5406 intercipiant,
1841 5350 1949 5405 quo

370 5438 459 5479 res
481 5425 766 5483 sanctitate
794 5428 909 5483 sive
942 5430 1265 5485 auctoritate
1293 5440 1541 5487 carentes
1568 5429 1951 5488 sacratissimis

371 5518 530 5571 rebus
554 5525 610 5573 et
634 5519 703 5574 ab
726 5518 845 5589 ipso
867 5520 1095 5577 Domino
1124 5523 1387 5582 institutis
1408 5524 1743 5594 aequiparare
1764 5524 1947 5579 nitun-

373 5619 493 5674 tur;
523 5620 579 5665 nt
600 5613 655 5667 ia
675 5613 760 5667 his
780 5613 990 5670 duobus
1010 5616 1372 5672 voluminibus
1390 5633 1488 5687 per
1514 5618 1742 5674 duorum
1764 5618 1951 5691 Testa—

374 5713 672 5763 mentoium
716 5705 971 5761 salutaria
1013 5718 1164 5765 arma
1200 5723 1388 5767 eorum
1424 5710 1730 5781 vanissimis
1760 5711 1950 5772 nmniis

650 5800 920 5864 Parant.
971 5798 1249 5866 XCVIII.
1346 5789 1355 5805 ’

2047 4511 2171 4569 tidei
2207 4513 2467 4583 mysterio
2499 4530 2512 4569 :
2541 4528 2757 4571 omnem
2792 4514 3055 4586 siquidem
3089 4526 3288 4573 nostrae
3313 4517 3633 4590 disputatio-

2046 4608 2131 4665 nis
2164 4607 2278 4664 sive
2318 4616 2638 4664 caeterorum
2667 4616 2885 4666 actuum
2914 4625 3065 4680 spem
3107 4627 3215 4669 non
3256 4612 3311 4667 in
3336 4614 3635 4671 mundana-

2046 4714 2165 4753 rum
2195 4698 2395 4757 artium
2440 4700 2841 4770 argumentosis
2884 4700 3312 4770 allegationibus,
3343 4702 3438 4759 sed
3479 4704 3533 4760 in
3568 4720 3634 4759 ea

2048 4791 2375 4849 eollocantes
2419 4792 2513 4862 qui
2537 4800 2593 4847 et
2630 4807 2727 4861 per
2765 4793 3106 4861 ptzesenliam
3142 4793 3480 4863 corporalem
3515 4796 3631 4851 ait:

2052 4881 2174 4937 Non
2204 4883 2341 4940 enim
2368 4900 2455 4941 vos
2495 4883 2618 4939 estis
2642 4884 2731 4953 qui
2763 4882 3056 4954 loquimini,
3081 4884 3172 4939 sed
3196 4882 3428 4954 Spiritus
3454 4886 3633 4941 Patris

2048 4975 2201 5031 vestri
2244 4975 2333 5047 qui
2374 4973 2607 5046 loquitur
2632 4977 2690 5030 in
2726 4973 2865 5029 vobis
2894 4972 3118 5043 (Matth.
3150 4973 3248 5046 x);
3273 4982 3331 5031 et
3362 4977 3630 5046 quondam

2047 5078 2145 5133 per
2169 5064 2494 5133 Prophetam
2533 5063 2763 5127 dixerat,
2795 5061 2976 5119 Dilata
3001 5079 3058 5117 os
3081 5072 3229 5117 tuum
3271 5074 3320 5119 et
3342 5081 3438 5136 ego
3464 5066 3635 5122 adim-

2047 5153 2195 5225 plebo
2210 5153 2344 5210 illud
2359 5154 2533 5225 (Psal.
2554 5153 2764 5226 Lxxxt).
2788 5153 2912 5210 ideo
2929 5153 3093 5225 igitur
3104 5168 3202 5224 per
3219 5157 3504 5225 quemdam
3517 5171 3568 5226 gi
3579 5174 3635 5211 ar

2049 5248 2228 5304 diendi
2262 5248 2508 5305 ordinem
2550 5247 2711 5316 hujus
2753 5255 2954 5304 nostra
2995 5247 3376 5318 disputationis
3404 5249 3633 5319 quibus-

2048 5338 2174 5397 dam
2197 5339 2460 5395 librorum
2487 5338 2982 5410 intercapedinibus
3005 5339 3351 5396 distinximus
3365 5353 3631 5410 gressum,

2048 5447 2118 5490 ne
2141 5431 2439 5489 indistincti
2470 5418 2683 5489 itineris
2718 5431 2991 5487 tramitem
3018 5431 3321 5486 inordinata
3352 5430 3635 5499 proiixitas

2048 5522 2285 5580 ediceret
2307 5522 2665 5592 fastidiosum,
2692 5539 2794 5581 nec
2812 5524 2969 5579 libuit
2991 5523 3144 5579 nobis
3165 5523 3418 5592 quiddam
3438 5522 3635 5579 aﬂ‘erre

2050 5617 2468 5689 incompositum
2495 5618 2581 5674 vel
2609 5618 2956 5689 indigestum,
2992 5631 3062 5673 ne
3102 5615 3284 5687 operis
3328 5614 3633 5671 inordinata

1994 5786 2018 5792 η
2055 5709 2335 5783 congeries
2375 5709 2563 5767 lectori
2604 5710 2915 5781 perturbata
2947 5706 3330 5765 vociferatione
3371 5705 3633 5767 rusticum

3075 5801 3146 5865 31s
