4070 6186
552 285 682 339 Nili“!

1418 288 1482 343 li.
1518 290 1775 349 CAROLI
1809 290 2025 349 MAGNI
2063 290 2214 348 OPP.
2254 292 2437 352 PARS
2474 296 2538 353 ll.
2580 299 2824 361 SECTIO
2858 302 2923 360 ll.

3649 311 3765 371 κω

546 398 828 467 quemdam
856 399 1123 467 prnhcret
1153 399 1439 456 tumultum
1464 419 1479 456 :
1516 404 1648 472 quia
1666 412 1723 459 et
1758 404 1862 459 iter
1890 418 2121 474 carpen-
2149 408 2198 464 Δ
2226 416 2417 496 sanum
2457 413 2804 485 sobriumque
2839 417 3170 475 intellectum
3200 421 3401 478 habent
3421 423 3487 479 de
3508 421 3767 496 imaginum

542 497 627 544 tes
649 490 906 560 congruis
935 490 1258 561 quihusdam
1299 496 1631 565 temporibus
1658 495 1881 566 spatiari
1905 511 2013 550 non
2043 509 2129 550 re-

543 585 732 641 nuunt,
780 588 836 635 et
882 596 1154 652 agrorum,
1183 583 1462 639 vinearum
1499 586 1585 641 vel
1631 588 1796 643 etiam
1841 586 2127 643 hortorum

540 668 775 727 cultores
797 687 895 741 per
921 676 1185 743 quasdam
1210 686 1523 745 camporum
1563 676 2012 747 intereapedincs,
2039 675 2126 731 vel

538 762 703 817 etiam
730 778 829 833 per
852 779 1105 834 agrorum
1125 768 1488 825 dimensiones
1507 769 1708 825 limites
1732 777 1972 825 statuere
1990 780 2125 826 eon-

541 866 804 908 sueverun
813 863 852 908 ι.
1215 896 1223 903 -

1047 927 1276 984 CAPUT
1315 929 1606 986 PRIMUM.

541 1013 692 1080 Quod
731 1032 833 1071 non
872 1028 1082 1088 propter
1123 1034 1209 1092 eos
1260 1021 1510 1092 scriptum
1537 1022 1601 1076 sit
1627 1022 1718 1092 qui
1744 1022 1998 1092 imagines
2025 1023 2124 1077 ad-

604 1102 756 1158 orare
782 1097 1132 1158 contemnunt,
1162 1090 1298 1143 sicut
1326 1089 1406 1143 illi
1431 1091 1611 1146 dicunt
1632 1089 1721 1158 qui
1749 1109 1837 1146 eas
1855 1089 2117 1158 'adorant,

600 1156 740 1236 quod
766 1158 821 1238 in
848 1156 1059 1240 psalmo.
1075 1157 1285 1241 legitur,
1314 1159 1523 1227 Quanta
1552 1156 1878 1233 malignatus
1903 1172 1987 1217 est
2016 1156 2120 1216 iui?-

599 1240 774 1281 tmeus
806 1243 859 1281 Ill
889 1238 1092 1283 sanctis
1120 1238 1244 1284 tuis.

599 1317 696 1372 Est
715 1333 931 1388 quoque
955 1327 1009 1373 et
1035 1318 1165 1375 illud
1192 1336 1300 1376 non
1327 1322 1617 1378 mediocris
1644 1323 1867 1378 insania:
1889 1323 2033 1392 quod
2053 1337 2116 1376 ea

527 1423 649 1476 quan
678 1408 744 1461 de
766 1409 851 1462 his
881 1408 1039 1479 longe
1061 1418 1187 1465 ante
1220 1412 1513 1479 praedicata
1536 1422 1661 1468 sunt
1694 1414 1785 1483 qui
1815 1414 2005 1467 urbem
2030 1411 2119 1467 Je-

525 1499 760 1553 rusalem
785 1507 1094 1556 everterunt
1131 1512 1187 1557 et
1220 1504 1475 1573 templum
1502 1505 1714 1560 Domini
1741 1506 2114 1570 incenderunt,

525 1589 615 1644 isti
651 1590 716 1645 de
742 1589 846 1646 illis
881 1590 1183 1661 intelligunt
1210 1594 1301 1664 qui
1326 1594 1585 1665 imagines
1619 1596 1845 1650 adorare
1873 1604 2117 1651 contem-

525 1687 660 1734 nunt
693 1698 705 1733 :
738 1682 1039 1750 pncseitim
1079 1698 1202 1737 cum
1248 1683 1393 1739 aliud
1429 1692 1484 1739 ct
1525 1682 1683 1755 longe
1730 1685 1875 1739 aliud
1908 1685 1999 1749 sit,
2048 1685 2117 1739 de
2146 1752 2188 1787 ῃ

526 1745 902 1841 templo—mare
928 1787 1134 1828 aeneum
1164 1782 1220 1828 et
1249 1775 1382 1831 duos
1416 1745 1694 1831 cherubim
1724 1784 1779 1831 et
1803 1791 1929 1834 vasa
1952 1782 2114 1829 ciete-
2146 1752 2190 1813 Β
2218 1745 2250 1841 8,

522 1875 690 1930 raque
723 1870 1037 1916 ornamenta
1066 1858 1271 1927 tollere,
1295 1872 1350 1917 ct
1380 1862 1524 1919 aliud
1552 1862 1888 1919 manufactas
1917 1861 2110 1931 imagi—

522 1967 618 2006 nes
658 1968 767 2008 non
815 1954 1079 2020 adorare;
1117 1956 1264 2009 aliud
1299 1956 1630 2012 urbicremis
1674 1956 1886 2026 ignibus
1927 1954 2111 2025 templi

519 2044 972 2112 pulchritudinem
998 2048 1327 2117 mancipare,
1355 2049 1500 2104 aliud
1523 2049 1817 2120 imaginum
1840 2048 2112 2104 adoratioo

519 2149 643 2188 item
678 2134 881 2201 vitare;
922 2136 1069 2191 aliud
1113 2137 1407 2193 crudeliter
1455 2145 1644 2192 sancta
1679 2147 1990 2193 sanctorum
2035 2137 2112 2192 di-

519 2240 697 2291 ruere,
725 2225 868 2281 aliud
908 2228 1204 2296 prudenter
1227 2228 1456 2298 picturis
1489 2228 1623 2285 colla
1655 2228 1937 2283 deﬂectere
1964 2227 2108 2281 inhi-

516 2319 665 2373 bere.
699 2318 940 2389 Denique
964 2318 1213 2388 quisquis
1239 2332 1400 2374 nosse
1425 2320 1573 2389 cupit
1612 2319 1678 2374 de
1698 2330 1805 2389 quo
1822 2318 2107 2376 Psalmista

517 2409 756 2464 dixerit:
795 2408 1007 2475 Quanta
1040 2410 1362 2481 malignatus
1399 2421 1475 2465 est
1522 2411 1767 2464 inimicus
1810 2411 1867 2464 in
1910 2410 2108 2465 sanctis

514 2502 622 2556 tuis
651 2500 825 2572 (Psal.
852 2501 1042 2573 xuii),
1072 2506 1180 2557 ‘non
1203 2503 1378 2558 solum
1401 2503 1526 2559 libri
1558 2504 1764 2572 Regum
1791 2502 2032 2560 historiis
2054 2513 2108 2559 et

518 2593 883 2647 Romanorum
907 2594 1075 2664 gestis
1098 2593 1439 2663 pet-docetur,
1459 2611 1578 2665 quae
1598 2596 1933 2666 praeteritum
1958 2596 2109 2651 urbis

512 2682 813 2740 Jesusalem
858 2692 914 2739 et
961 2686 1145 2755 templi
1197 2686 1469 2742 excidium
1516 2694 1759 2753 narrant,
1802 2686 1898 2743 scd
1941 2687 2108 2742 etiam

512 2773 682 2844 ipsius
708 2774 880 2829 David
921 2775 1124 2847 egregii
1170 2778 1450 2846 prophetae
1499 2776 1755 2832 vaticinio
1798 2777 2105 2845 instruitur,

511 2866 605 2936 qui
650 2865 859 2921 futuras
901 2866 1081 2923 clades
1117 2867 1356 2936 prtel'atai
1385 2868 1538 2923 urbis
1561 2877 1617 2924 et
1644 2869 1980 2925 eversionem
2024 2886 2110 2925 sa-

510 2955 804 3011 cratissimi
847 2955 994 3009 illius
1031 2956 1214 3026 templi
1246 2971 1343 3026 per
1391 2956 1629 3023 schema,
1659 2959 1802 3029 quod
1844 2959 2110 3030 prolepsis

513 3046 732 3105 dicitur.
777 3044 958 3101 futura
1003 3048 1157 3116 quasi
1202 3049 1477 3118 pnetcrita
1526 3049 1823 3107 modulavit
1870 3050 2104 3107 dicens:

511 3138 675 3202 Deus,
697 3148 946 3192 uenerunt
967 3148 1141 3209 gentes
1160 3140 1217 3194 in
1238 3141 1595 3195 Iiwreditatem
1616 3149 1781 3206 tuam,
1806 3141 2107 3213 polluerunt

509 3229 758 3299 templum
791 3240 1031 3283 sanctum
1078 3239 1248 3295 tuum,
1298 3240 1581 3302 posuerunt
1625 3233 1920 3288 Jerusalem
1970 3234 2107 3289 velut

509 3333 784 3388 pomorum
823 3319 1110 3386 custodias,
1138 3328 1193 3376 et
1238 3329 1434 3377 cratera
1480 3321 1666 3393 (Psal.
1699 3322 1925 3395 unus);
1960 3333 2014 3380 et
2051 3325 2106 3380 in

508 3408 736 3480 psalmo,
765 3407 921 3479 cuius
965 3412 1054 3467 hic
1091 3412 1391 3469 versiculus
1430 3421 1533 3480 est,
1565 3418 1632 3472 de
1656 3431 1765 3487 quo
1802 3433 1945 3473 nunc
1988 3419 2105 3489 agi-

510 3517 651 3564 mus,
676 3500 807 3555 dicit
832 3516 846 3554 :
875 3500 1088 3567 Quanta
1114 3503 1437 3573 indignatus
1465 3514 1541 3559 est
1565 3506 1810 3561 inimicus
1832 3508 1885 3561 in
1907 3510 2104 3562 sanctis

508 3592 634 3655 tuis,
662 3600 711 3645 et
740 3590 951 3662 gloriati
989 3602 1111 3647 sunt
1135 3609 1313 3648 omnes
1354 3596 1443 3666 qui
1471 3605 1521 3650 te
1546 3596 1767 3652 oderunt
1793 3614 1811 3653 :
1840 3599 1894 3652 in
1931 3600 2103 3664 medio

509 3683 645 3735 atrio
686 3692 777 3737 tuo
804 3694 1088 3755 posuerunt
1122 3686 1273 3756 signa
1313 3703 1412 3740 sua
1436 3688 1608 3758 signa,
1637 3698 1686 3742 et
1723 3705 1824 3743 non
1855 3707 2104 3761 cognove-

511 3781 632 3825 runt
660 3781 911 3843 tanquam
932 3773 989 3827 in
1015 3774 1096 3826 via
1117 3790 1274 3844 super
1304 3792 1587 3842 summum,
1610 3786 1859 3849 tanquam
1882 3779 1937 3832 in
1956 3778 2101 3849 sylva

509 3863 771 3932 lignorum
809 3864 1077 3919 securibus
1101 3865 1402 3920 exciderunt
1415 3868 1617 3937 januas
1652 3869 1788 3939 ejus,
1813 3870 2027 3939 bipenne
2052 3882 2100 3926 et

508 3955 657 4008 ascia
704 3954 1000 4025 dejecerunt
1048 3973 1146 4022 ea;
1188 3957 1530 4013 incenderunt
1579 3959 1690 4030 igni
1740 3962 2101 4016 summarium

509 4056 680 4109 tuum,
704 4046 923 4100 interra
967 4045 1266 4117 polluerunt
1312 4048 1708 4103 tabernaculum
1750 4051 1976 4105 nominis
2023 4054 2101 4107 tui

510 4137 683 4209 (Psal.
709 4137 935 4210 Lxxtu);
967 4138 1111 4208 quod
1152 4139 1316 4192 etiam
1348 4138 1403 4193 in
1428 4139 1534 4194 alio
1559 4140 1766 4209 psalmo
1792 4144 2101 4211 expressius

435 4290 445 4299 ι
509 4228 655 4283 dicto
692 4227 823 4283 dicit
855 4244 867 4280 :
901 4226 1283 4282 Exteminaoit
1314 4243 1431 4282 eam
1459 4244 1586 4299 aper
1622 4230 1687 4284 de
1720 4231 1871 4296 silua,
1903 4241 1950 4287 et
1992 4235 2102 4287 sin»

508 4320 709 4392 galeris
738 4320 881 4391 ferus
910 4318 1159 4391 depastus
1184 4328 1260 4374 est
1285 4335 1422 4374 eam.
1453 4319 1560 4375 Sed
1589 4337 1657 4376 ne
1696 4336 1857 4391 quem
1888 4332 2101 4379 moveat

509 4410 789 4481 quodnon
825 4408 981 4474 dixit,
1021 4407 1233 4474 Quanta
1274 4409 1549 4481 maligna”
1581 4421 1701 4466 sunt
1743 4413 1974 4479 inimici,
2002 4415 2099 4470 sed

460 4552 467 4557 .
510 4504 721 4570 Quanta
753 4501 1071 4571 malignatus
1111 4513 1207 4568 est,
1239 4503 1485 4558 advertat
1515 4504 1615 4561 hoc
1638 4519 1737 4576 per
1758 4505 1985 4578 ﬁguram
2009 4507 2092 4563 ιο-

507 4593 741 4648 cutionis
764 4592 967 4647 dictum
997 4591 1183 4658 fuisse,
1202 4609 1323 4662 qua:
1344 4594 1590 4665 syllepsis
1613 4609 1976 4668 nuncupatur,
1998 4615 2095 4670 per

507 4700 672 4755 quam
699 4691 754 4738 et
778 4696 880 4753 pro
900 4698 1008 4738 uno
1036 4683 1189 4737 multi
1214 4693 1507 4754 ponuntur,
1539 4696 1599 4742 ut
1621 4689 1675 4743 in
1690 4689 2003 4760 Evangelio,
2024 4690 2093 4744 Et

506 4776 737 4829 latrones
772 4773 863 4845 qui
894 4784 1012 4826 cum
1042 4788 1103 4827 eo
1136 4772 1379 4843 cruciﬁxi
1408 4785 1557 4830 erant
1596 4777 2016 4847 improperabant
2046 4781 2095 4833 ei

508 4865 725 4938 (.llattlt.
764 4861 968 4937 xxvu);
998 4864 1130 4931 sive,
1173 4860 1420 4935 Defuncti
1451 4876 1573 4921 sunt
1605 4867 1743 4921 enim
1770 4868 1861 4937 qui
1897 4883 2097 4939 qurere-

507 4958 632 5012 bant
660 4956 895 5011 animam
932 4956 1082 5026 pueri
1108 4952 1322 5026 (Matth.
1361 4955 1459 5027 it);
1487 4963 1541 5011 et
1581 4971 1683 5025 pro
1707 4957 1891 5013 multis
1933 4974 2092 5026 unus,

508 5058 568 5101 ut
595 5047 652 5102 in
678 5046 867 5104 Exodo
886 5046 1100 5117 legitur,
1118 5045 1228 5101 Ora
1242 5047 1311 5100 ad
1325 5045 1627 5111 Dominum,
1647 5056 1704 5099 ut
1717 5048 1927 5119 auferat
1950 5066 1982 5103 α
2004 5066 2097 5106 no-

507 5140 587 5193 bis
612 5147 901 5207 serpentem
934 5136 1124 5209 (Num.
1159 5141 1307 5209 ut);
1332 5146 1390 5192 et
1427 5138 1481 5191 in
1504 5138 1735 5206 psalmo,
1765 5136 1910 5196 Misit
1938 5144 1993 5198 in
2021 5146 2097 5199 eis

509 5243 745 5284 muscam
771 5224 1017 5281 caninam
1038 5236 1091 5281 et
1111 5227 1331 5281 comedit
1357 5243 1466 5293 eos,
1487 5238 1538 5282 et
1568 5243 1698 5283 rana
1738 5232 2101 5289 exterminavit

506 5335 599 5375 eos
628 5315 803 5390 (Psal.
832 5314 1083 5388 usust).
1113 5314 1270 5383 Quod
1295 5323 1352 5372 et
1379 5317 1427 5372 si
1455 5319 1576 5388 quis
1592 5322 1889 5377 secundm
1911 5324 2098 5395 mysti-

510 5425 634 5466 cam
648 5408 1074 5478 intelligentiam
1084 5407 1335 5463 subtilius
1354 5418 1651 5478 scrutetur,
1672 5426 1782 5467 non
1802 5412 2098 5484 incongrue

512 5508 757 5560 sanctam
789 5500 1086 5556 Ecclesium
1109 5501 1353 5557 aditi-tet
1370 5509 1426 5556 et
1446 5502 1806 5575 malignantes
1826 5505 1885 5560 in
1902 5521 1968 5562 ea
1988 5509 2100 5564 lm-

513 5588 714 5645 retie‘os
732 5589 1023 5660 intelliget,
1049 5589 1145 5659 qui
1164 5605 1287 5646 eam
1314 5605 1528 5660 semper
1551 5594 1735 5661 pravis
1756 5594 2101 5666 dogmatibus

516 5676 772 5735 mlestus
810 5677 1089 5747 nituntur;
1132 5691 1504 5737 verumtamen
1530 5696 1562 5738 a
1590 5683 1738 5744 nullo
1779 5701 1977 5755 eorum
2006 5690 2097 5759 qui

2228 488 2596 557 adorationem
2624 520 2627 523 λ
2658 508 3127 564 contemnentibus
3187 510 3530 582 intelligetur.
3588 488 3770 581 dum

2226 602 2359 660 ergo
2375 591 2451 646 illi
2480 592 2597 648 sani
2626 607 2818 653 sensus
2847 607 3096 668 expertes
3118 609 3260 668 sunt,
3289 603 3383 673 qui
3407 603 3547 660 hunc
3565 606 3770 660 versicu-

2225 678 2337 735 lum
2359 683 2425 737 de
2449 682 2530 740 eis
2546 683 2751 741 dictum
2776 686 2943 744 fuisse
2970 698 3271 758 autumant,
3304 703 3454 749 tanto
3474 694 3704 750 nimirum
3726 697 3769 752 ιιὶ

2224 773 2279 828 in
2323 775 2406 830 sui
2450 791 2642 833 sensus
2689 779 2876 849 vigore
2907 770 3227 851 perinaneth
3270 786 3363 855 qui
3407 785 3660 856 imagines
3684 801 3770 840 non

2222 864 2472 921 adorant.

2838 957 3070 1017 CAPUT
3107 962 3170 1017 II.

2223 1044 2377 1111 Quod
2406 1062 2498 1124 nec
2523 1048 2660 1124 illud
2687 1050 2757 1103 ad
2789 1050 2926 1124 hanc
2957 1068 3067 1124 rem
3105 1056 3380 1124 pertineat,
3411 1065 3470 1110 ut
3495 1056 3574 1111 illi
3596 1058 3769 1124 dicunt,

2286 1117 2427 1198 quod
2448 1120 2698 1190 scriptum
2727 1130 2824 1185 est,
2851 1117 3116 1198 Quoniam
3147 1140 3254 1179 non
3286 1117 3376 1181 est
3388 1125 3501 1195 jam
3520 1117 3769 1198 propheta,

2289 1195 2345 1240 et
2368 1203 2467 1242 nos
2497 1204 2603 1243 non
2628 1200 2917 1261 cognoscet
2943 1193 3193 1263 amplius.

2289 1275 2422 1332 Nam
2460 1287 2514 1334 et
2555 1279 2643 1336 hic
2675 1297 2888 1352 quoque
2929 1285 3228 1341 versiculus
3254 1285 3307 1340 in
3351 1286 3583 1356 ejusdem
3607 1290 3772 1360 synodi

2217 1365 2446 1423 lectione
2481 1368 2908 1440 incompeteuter
2934 1374 3142 1442 positus
3168 1383 3269 1439 est,
3300 1377 3552 1445 quoniam
3582 1380 3772 1449 quidem

2217 1473 2317 1513 nec
2338 1467 2522 1514 nostra
2550 1476 2654 1517 vox
2688 1471 2771 1518 est
2790 1463 2883 1533 qui
2910 1464 3126 1521 Patrem
3153 1466 3207 1520 in
3241 1468 3437 1537 spiritu
3480 1476 3534 1523 et
3574 1469 3772 1525 veritate

2216 1550 2525 1617 adoramus,
2554 1567 2653 1608 nec
2680 1552 2895 1609 illorum
2930 1556 3023 1626 qui
3046 1556 3216 1612 Deum
3259 1557 3486 1630 ejusque
3508 1569 3705 1616 sanctos
3722 1560 3771 1615 iu

2217 1640 2544 1712 imaginibus
2573 1644 2801 1699 adorare
2831 1655 3096 1701 conantur
3125 1660 3141 1700 :
3169 1647 3298 1717 quia
3341 1649 3648 1719 prophetam
3673 1664 3772 1704 tua-

2705 1729 2888 1789 Iesum
2919 1734 3193 1792 Christum
3216 1739 3505 1795 Dominum
3532 1749 3771 1808 nostrum,

2217 1821 2284 1878 de
2306 1839 2415 1894 quo
2440 1839 2539 1894 per
2564 1824 2780 1896 Moysen
2808 1827 3005 1884 dicitur
3026 1844 3041 1884 :
3067 1829 3354 1887 Suscitabit
3384 1832 3631 1888 Dominus
3647 1833 3771 1890 Dm

2212 1910 2515 1982 prophetam
2545 1916 2708 1981 vobis,
2740 1917 2911 1988 ipsum
2939 1918 3163 1974 audietis
3193 1920 3375 1992 (Deut.
3408 1938 3559 1993 xviii,
3584 1922 3691 1976 Art.
3715 1938 3768 1978 tu

2212 2013 2260 2056 et
2283 2004 2414 2070 vit);
2443 2021 2602 2075 quem
2630 2007 2793 2063 etiam
2837 2011 3132 2065 secundum
3158 2013 3461 2081 apostolum
3489 2014 3769 2067 advocatum

2212 2092 2462 2150 habemus
2508 2098 2651 2168 apud
2681 2097 2896 2155 Patrem
2937 2088 3001 2173 (Ἰ
3021 2103 3182 2156 Joan.
3218 2120 3255 2159 ιι
3276 2104 3315 2172 ).
3367 2121 3527 2176 quem
3555 2106 3770 2175 quotidie

2210 2184 2548 2256 spiritalibus
2579 2190 2752 2246 oculis
2797 2192 3089 2256 intuemur,
3133 2203 3188 2248 et
3227 2195 3386 2264 cujus
3418 2198 3673 2252 vaticiniis
3696 2213 3769 2251 se-

2213 2276 2336 2331 dule
2360 2275 2715 2346 perducemur
2743 2298 2756 2334 :
2781 2282 2875 2337 sed
2895 2280 3205 2339 Judmorum
3227 2287 3500 2343 excidium
3518 2295 3570 2341 et
3591 2288 3771 2356 disper-

2211 2366 2392 2423 sioncs
2418 2377 2474 2422 et
2502 2367 2684 2425 clades
2707 2382 2760 2425 et
2791 2379 2991 2428 mortes
3019 2375 3197 2445 gentis
3221 2392 3356 2442 suae,
3378 2393 3479 2434 nec
3500 2394 3603 2435 non
3628 2379 3768 2433 etiam

2210 2456 2571 2529 diruptionem
2603 2463 2807 2531 templi,
2855 2467 3305 2522 caeremoniarum
3355 2469 3705 2535 abolitionem,
3738 2484 3768 2521 a

2209 2550 2490 2619 prophetia
2518 2559 2573 2605 et
2598 2567 2629 2604 a
2652 2551 2746 2605 Dei
2766 2552 3070 2623 cognitione
3095 2556 3463 2613 recessionem
3493 2558 3768 2614 deﬂentium

2209 2649 2265 2694 et
2293 2640 2609 2706 dicentium,
2662 2640 2927 2707 Quoniam
2971 2658 3075 2699 non
3101 2654 3177 2700 est
3195 2647 3319 2717 jam
3351 2650 3593 2721 propheta
3620 2658 3664 2703 et
3688 2660 3768 2702 nos

2208 2742 2314 2786 non
2361 2742 2631 2800 cognoscet
2672 2732 2897 2802 amplius
2951 2733 3133 2805 (Psal.
3166 2737 3400 2809 anv);
3451 2739 3589 2808 quod
3626 2739 3768 2797 etiam

2206 2835 2306 2890 per
2347 2819 2486 2877 Osce
2539 2825 2856 2892 prophetam
2902 2826 3217 2894 pnedictum
3260 2838 3349 2884 est
3385 2828 3476 2899 qui
3510 2830 3620 2885 ait:
3647 2828 3768 2894 Quia

2208 2910 2388 2967 diebus
2439 2912 2619 2968 multis
2665 2914 2914 2969 sedebant
2957 2916 3059 2986 ﬁlii
3103 2917 3274 2972 Israel
3309 2922 3426 2975 sine
3463 2929 3638 2991 regeet
3672 2918 3770 2974 sius

2209 3001 2460 3074 principe,
2488 3014 2534 3057 et
2562 3004 2674 3058 sine
2695 3005 2957 3075 sacriﬁcio
2983 3017 3030 3061 et
3051 3008 3165 3062 sine
3185 3008 3371 3076 altari,
3402 3022 3453 3065 et
3477 3013 3581 3066 sine
3602 3007 3766 3079 epbad.

2137 3102 2185 3170 α
2213 3101 2259 3146 ει
2283 3093 2395 3147 sine
2414 3095 2676 3164 semp/tim
2698 3092 2853 3166 (Osee
2890 3110 2997 3167 ιιι).
3023 3098 3125 3164 Qui
3148 3101 3319 3155 etiam
3338 3117 3524 3156 eorum
3548 3101 3611 3155 ad
3630 3097 3768 3153 tidem

2209 3179 2617 3238 conversionem
2659 3199 2820 3254 quam
2867 3186 3011 3241 circa
3050 3187 3212 3242 linem
3261 3191 3449 3246 mundi
3476 3190 3584 3245 fore
3618 3186 3767 3243 credi-

2210 3288 2349 3338 mus,
2382 3273 2774 3342 subsequcntcr
2805 3275 3048 3345 adjunxit
3074 3296 3087 3331 :
3115 3267 3183 3333 Et
3213 3281 3445 3350 posthinc
3481 3286 3767 3335 revertentur

2205 3362 2305 3432 ﬁlii
2328 3361 2498 3417 Israel
2527 3374 2574 3418 et
2598 3376 2832 3436 qurerent
2857 3366 3139 3423 Dominum
3164 3368 3337 3425 Deum
3366 3388 3535 3436 suum,
3554 3379 3599 3423 et
3620 3365 3766 3421 Darid

2207 3470 2377 3524 regem
2406 3471 2580 3521 suum,
2615 3465 2663 3509 et
2690 3458 2946 3527 parebunt
2979 3459 3051 3513 ad
3101 3459 3390 3517 Dominum
3416 3472 3462 3517 et
3506 3462 3572 3517 ad
3601 3461 3766 3519 bona!

2205 3546 2320 3616 ejus
2349 3547 2407 3600 in
2442 3546 2724 3602 novissimo
2745 3548 2969 3603 dierum.

2823 3647 3052 3705 CAPUT
3088 3649 3175 3705 111.

2206 3736 2481 3817 quomodo
2521 3737 2917 3817 intelligendum
2955 3740 3338 3817 es_t_,_Domine,
3366 3743 3419 3798 in
3446 3742 3653 3817 civitate
3686 3745 3765 3817 tua

2276 3808 2565 3887 imaginum
2602 3808 2816 3887 illorum
2849 3809 2917 3862 ad
2961 3810 3188 3865 nihilum
3222 3808 3477 3887 rediges:
3512 3809 3641 3882 quod

2273 3877 2407 3931 dem
2426 3878 2714 3952 capitulum
2761 3880 2894 3932 sicut
2920 3889 2967 3932 et
3002 3891 3212 3948 cwtera,
3243 3880 3327 3937 illi
3347 3877 3504 3938 aliter
3523 3877 3765 3952 quamdi-

2274 3960 2414 4002 ctum
2439 3947 2511 4002 est
2540 3947 2858 4019 intelligunt.

2273 4039 2479 4096 Civitas
2510 4040 2605 4097 Dei
2653 4040 2951 4111 ﬁguraliter
2993 4042 3048 4097 in
3083 4045 3252 4099 sacris
3299 4045 3498 4101 litteris
3527 4042 3761 4099 interdum

2204 4135 2384 4189 anima
2412 4135 2665 4201 hominis,
2690 4151 2810 4206 qua:
2836 4152 2867 4189 a
2897 4136 3007 4192 Dco
3029 4137 3382 4203 inhabitatum
3414 4138 3620 4195 dicente
3638 4131 3765 4189 Scri-

2201 4234 2361 4296 ptura
2389 4242 2404 4281 :
2438 4226 2700 4281 Habitabo
2725 4228 2779 4281 in
2801 4228 2899 4292 eis,
2937 4236 2992 4282 et
3019 4227 3235 4293 iterum,
3263 4229 3460 4284 Anima
3475 4228 3607 4300 justi
3633 4221 3760 4279 sedet

2202 4318 2472 4387 sapientia:
2519 4316 2694 4387 (Psal.
2741 4321 2818 4389 v),
2865 4318 3165 4389 accipitur;
3198 4321 3474 4377 interdum
3503 4312 3759 4389 pruenti!

2203 4410 2464 4481 temporis
2494 4409 2755 4475 Ecclesia,
2801 4426 2965 4479 quam
3004 4410 3241 4467 ﬂuminis
3265 4413 3499 4483 impetus
3526 4409 3757 4466 manus.

2200 4508 2255 4556 et
2290 4500 2379 4556 cui
2426 4514 2523 4568 per
2550 4500 2868 4569 prophetam
2909 4500 3108 4556 dicitur
3137 4519 3149 4555 :
3185 4501 3247 4557 Si
3276 4503 3470 4559 oblitus
3509 4502 3649 4571 [udo
3672 4494 3758 4559 αἱ.

2198 4588 2528 4656 Jerusalem,
2583 4589 2919 4645 obliviscatur
2981 4608 3064 4645 me
3115 4590 3334 4647 dextera
3389 4609 3507 4649 mea
3570 4583 3757 4660 (Paul.

2198 4684 2450 4756 cxxxvi);
2474 4684 2793 4754 plerumque
2811 4685 3048 4740 cmlestis
3068 4683 3394 4753 Jerusalem,
3417 4700 3537 4757 quae
3553 4681 3760 4754 patriae

2201 4776 2448 4840 charum,
2477 4777 2887 4845 prophetarum,
2913 4777 3300 4845 apostolorum,
3314 4786 3628 4848 martyrum,
3645 4783 3761 4825 oon-

2204 4865 2469 4921 fessorum
2490 4865 2574 4920 vel
2598 4874 2921 4920 ceterorum
2948 4865 3186 4920 ﬁdelium
3209 4866 3517 4938 agminibus
3540 4868 3760 4919 constru-

2198 4965 2285 5012 cta
2317 4953 2662 5026 intelligitur;
2697 4954 2765 5009 de
2803 4970 2908 5024 qua
2930 4968 3029 5024 per
3064 4955 3386 5024 Apostolum
3406 4954 3616 5018 dicitur,
3640 4948 3758 5014 0³⁸

2199 5056 2373 5101 autem
2394 5061 2604 5100 sursum
2628 5054 2703 5099 est
2730 5044 3047 5109 Jerusalem,
3074 5045 3238 5100 libera
3257 5056 3355 5113 est,
3374 5060 3498 5116 qua:
3510 5052 3587 5098 est
3608 5047 3759 5094 m

2199 5137 2433 5191 omnium
2481 5145 2716 5190 nostrum
2767 5134 2911 5208 (Gal.
2950 5137 3059 5208 tv);
3091 5137 3181 5192 cui
3224 5139 3392 5193 etiam
3440 5150 3537 5206 per
3584 5128 3753 5185 Ιειδα

2198 5228 2516 5298 prophetam
2538 5242 2570 5282 ι
2585 5226 2814 5283 Domino
2824 5227 3130 5299 pollicetur,
3154 5228 3282 5287 Non
3304 5231 3442 5284 acim
3464 5229 3518 5280 in
3535 5226 3755 5278 suam

2199 5321 2410 5374 tertium
2435 5319 2598 5374 ueniet
2626 5317 2727 5385 sol,
2753 5327 2803 5373 et
2828 5319 2955 5373 luna
2980 5320 3074 5373 tibi
3099 5334 3204 5376 non
3224 5319 3429 5389 deﬁciet
3448 5317 3503 5371 in

2200 5423 2402 5483 tempus
2429 5412 2568 5486 (lsa.
2596 5412 2720 5485 1.x);
2745 5427 2907 5482 quam
2929 5412 3093 5467 etiam
3120 5409 3356 5467 Joannes
3382 5410 3437 5464 in

2203 5504 2482 5560 vidissem
2507 5504 2636 5559 dicit
2662 5503 3081 5559 descendentem
3112 5500 3626 5567 damnorum
3651 5501 3755 5544 Ιο-

2202 5595 2404 5651 uitibus
2439 5596 2555 5651 suis
2577 5595 2761 5667 (Apoc.
2788 5597 2940 5667 ut);
2972 5596 3041 5652 de
3078 5594 3235 5665 cuius
3270 5589 3601 5659 beam

2202 5690 2616 5748 innumerabilia
2660 5699 2912 5763 poterant
2953 5690 3092 5762 dici,
3141 5705 3263 5762 qua
3304 5687 3465 5759 huius
3503 5679 3753 5741 breviter!
