4070 6186
560 238 691 289 to?!

1346 316 1350 320 δ
1413 241 1471 295 Β.
1511 242 1759 300 CAROLI
1799 247 2013 304 MAGNI
2048 249 2198 305 OPP.
2240 250 2418 307 PARS
2453 253 2515 308 ll.
2560 254 2800 315 SEC'HO
2838 259 2901 315 ll.

3646 274 3756 331 lll'i‘!

556 348 674 401 dari
696 364 713 411 ;
757 354 811 401 et
836 347 1031 402 iterum
1058 361 1073 401 :
1102 345 1205 413 Qui
1232 365 1316 404 vos
1370 349 1544 419 felices
1564 352 1740 409 dicunt
1767 395 1783 421 ,
1826 372 1881 410 in
1907 373 2132 413 errorem
2161 364 2206 423 Α
2234 368 2428 430 praeter
2453 362 2621 418 Deum
2644 365 2890 436 legimus,
2917 371 3044 440 quia
3073 371 3332 442 scriptum
3386 384 3482 432 est.
3525 378 3756 442 Dominum

558 453 645 491 eos
674 441 913 501 mittunt;
944 437 1198 506 quoniam
1221 437 1528 495 adulatores
1549 451 1609 497 ut
1631 442 1855 499 illiciant
1885 445 2133 515 laudant,

555 541 664 637 non
694 525 849 637 ut‘ad
894 524 1492 637 teterri'amLfelicitaltem
1522 541 1832 600 provocent,
1869 550 1991 605 qua:
2014 538 2136 608 qui-
2231 546 2501 612 quomodo
2528 559 2659 617 ergo
2691 520 2947 607 adversus
2987 520 3157 622 legem
3178 520 3453 627 prophetat
3472 520 3758 637 principal-et;

553 615 676 671 dem
702 614 932 670 felicitas
959 614 1104 670 nullo
1138 616 1280 671 bono
1300 618 1525 691 indiget.

1176 727 1403 787 CAPUT
1442 732 1507 789 γ.

552 840 702 914 Quod
734 858 839 895 non
864 841 934 894 ad
962 840 1320 914 odorationem
1345 842 1633 914 imaginum
1678 847 1950 914 pertineat,
1974 856 2032 902 ut
2049 846 2132 903 illi

614 913 814 973 dicunt,
843 909 981 981 quod
1006 912 1258 981 scriptum
1269 922 1362 974 est,
1392 909 1638 969 Eialtate
1666 909 1948 972 Dominum
1963 918 2131 973 Deum

617 989 880 1058 nostrum,
907 991 963 1035 et
998 981 1222 1058 adorate
1276 983 1567 1058 scabellum
1596 986 1789 1056 pedum
1827 987 1960 1057 ejus,
1987 1003 2121 1058 quo-

616 1051 760 1104 niam
781 1058 999 1107 sanctus
1026 1061 1110 1105 est
1137 1049 1309 1123 (Psal.
1333 1052 1540 1124 xcxrx).

612 1180 726 1236 lloc
749 1180 1040 1250 psalmistae
1085 1183 1352 1239 versiculo
1402 1200 1559 1241 error
1584 1187 1676 1258 qui
1706 1189 1777 1245 ob
1826 1190 2127 1247 adorandus

538 1271 803 1344 imagines
839 1274 975 1329 adeo
1017 1275 1072 1328 in
1110 1277 1464 1344 quorumdam
1508 1282 1817 1348 pectoribus
1866 1283 2120 1347 inolevit,

538 1371 597 1416 ut
623 1364 692 1418 ad
713 1378 835 1419 eum
861 1366 1204 1420 statuendum
1232 1369 1467 1438 synodos
1515 1369 1715 1426 faciant
1741 1412 1754 1430 .
1803 1381 1858 1428 et
1879 1375 1948 1429 ad
1996 1391 2120 1430 eum

536 1454 886 1509 muniendum
918 1455 1324 1524 Scripturarum
1367 1468 1676 1515 sanctarum
1727 1463 1828 1518 sibi
1882 1466 2125 1521 testimo-

536 1544 625 1598 nia
649 1556 915 1616 usurpare
970 1547 1315 1613 contendant,
1341 1549 1481 1603 tueri
1520 1566 1579 1606 se
1602 1566 1761 1621 posse
1781 1554 1973 1621 credit,
1997 1571 2120 1611 cum

532 1637 827 1695 scabellum
882 1639 1079 1708 pedum
1128 1639 1342 1695 Domini
1392 1642 1723 1698 adorandum
1777 1647 1954 1710 audit;
2015 1649 2119 1704 hac

2232 633 2331 688 sub
2357 633 2471 704 lege
2496 638 2751 703 nutritus,
2774 648 2832 695 et
2865 643 3108 700 eruditus
3135 645 3189 699 in
3212 646 3360 718 lege?
3387 649 3497 704 Non
3519 633 3762 712 mediocris

2230 718 2395 793 igitur
2419 727 2666 795 quaestio,
2696 736 2752 783 et
2771 729 2889 786 ideo
2919 733 3228 803 diligentius
3252 740 3764 815 consideremusquod

2228 809 2302 864 sit
2350 814 2664 870 scabellum.
2712 817 2968 890 Legimus
3015 824 3161 879 enim
3213 828 3381 884 alibi:
3435 830 3615 886 οωιιυκ
3659 809 3762 890 iam

2227 898 2464 969 thronus,
2492 913 2634 959 terra
2673 918 2847 963 autem
2878 911 3161 968 scabellum
3181 918 3367 987 pedum
3398 936 3618 975 meorum
3650 923 3763 995 (Ita.

2226 997 2396 1063 vax).
2428 993 2533 1049 Sed
2547 1011 2648 1052 nec
2667 1006 2808 1054 terra
2823 1000 3092 1059 adoranda
3112 1007 3285 1075 nobis,
3310 1011 3434 1080 quia
3453 993 3677 1069 creatura
3699 1027 3764 1071 est

2226 1083 2344 1138 Dei.
2366 1086 2649 1144 Videamus
2665 1098 2842 1147 tamen
2865 1108 2931 1147 an
2961 1098 3766 1162 terramillamdicatadorandam

2224 1174 2503 1244 prapheta,
2518 1192 2678 1247 quam
2708 1180 2965 1237 Dominus
2991 1182 3217 1243 Jesusiu
3239 1191 3419 1246 carnis
3443 1197 3768 1265 assumptione

2225 1265 2477 1334 suscepit.
2514 1266 2698 1337 Itaque
2723 1284 2821 1339 per
2848 1274 3143 1331 scabellum
3172 1286 3312 1333 terra
3355 1280 3672 1352 intelligitur,
3690 1302 3767 1354 per

2226 1361 2424 1445 terram
2442 1366 2622 1413 autem
2650 1375 2778 1417 caro
2803 1362 3023 1431 Christi,
3050 1381 3210 1436 quam
3236 1369 3502 1441 hodieque
3524 1374 3575 1428 in
3598 1386 3769 1445 myste-

2222 1438 2319 1493 riis
2355 1440 2662 1507 adoramus,
2685 1453 2741 1498 et
2765 1460 2928 1515 quam
2953 1451 3180 1518 apostoli
3210 1453 3263 1507 in
3296 1438 3520 1511 Domino
3538 1438 3681 1522 Jesu',
3721 1469 3768 1514 ut

2223 1545 2385 1613 supra
2408 1531 2662 1599 diximus,
2701 1537 3021 1593 adorarunt.
3052 1540 3234 1611 Neque
3264 1547 3408 1600 enim
3428 1548 3621 1605 ditisus
3640 1550 3769 1605 Chri-

2219 1631 2353 1687 stus,
2392 1622 2487 1678 sed
2525 1640 2694 1692 unus;
2741 1642 2914 1697 neque
2963 1646 3084 1684 cum
3111 1631 3367 1689 adoretur
3416 1645 3655 1707 tanquam
3691 1639 3769 1692 Dei

532 1729 740 1784 casside
787 1729 995 1798 apicem
1046 1732 1290 1800 corporis
1333 1734 1595 1790 munitam
1641 1736 1840 1791 habere
1885 1739 2118 1794 arbitra-
2150 1707 2193 1767 Β
2218 1714 2405 1780 Filius'
2435 1723 2593 1772 "ams
2616 1731 2685 1771 ex
2706 1719 2918 1789 Virgine
2938 1723 3253 1792 negabam"
3282 1726 3597 1796 cumigitur
3620 1731 3770 1786 inca"

530 1830 637 1885 tur,
671 1837 737 1875 ne
767 1822 979 1883 corusci
1003 1823 1147 1877 ensis
1186 1824 1445 1880 illisiones
1467 1828 1792 1895 persentiat;
1825 1829 1923 1885 hac
1950 1831 2115 1887 lorica

527 1918 783 1971 caeterum
805 1926 1002 1981 corpus
1028 1913 1295 1967 munitum
1319 1914 1516 1970 habere
1536 1930 1595 1971 se
1612 1926 1782 1986 putat,
1809 1921 2115 1990 nepiloruin

530 1999 727 2053 ictibus
755 2014 869 2065 suae
882 1999 1189 2056 stabilitatis
1215 1999 1487 2069 iacturam
1514 2003 1783 2073 incurrat;
1818 2008 2117 2081 liocclypeo

528 2087 750 2142 tutelam
776 2104 836 2144 se
859 2103 1076 2145 nactum
1105 2105 1226 2145 esse
1249 2093 1442 2159 credit,
1477 2110 1574 2166 per
1596 2111 1761 2166 quam
1786 2098 2116 2168 spiculorum

529 2180 811 2237 missilium
837 2181 1047 2236 volatus
1076 2183 1360 2240 vulnificos
1387 2202 1495 2242 non
1528 2190 1891 2258 pertimescat,
1924 2194 2018 2247 sed
2042 2194 2113 2248 ita

527 2279 621 2325 aut
653 2271 1028 2327 obcumbcndo
1062 2274 1304 2340 fatescct,
1335 2284 1430 2330 aut
1469 2277 1830 2336 delitescendo
1876 2282 2119 2355 aufugict

523 2360 611 2415 liis
635 2360 1023 2418 muniminibus
1056 2364 1409 2434 exspoliatus,
1434 2367 1577 2423 sicut
1624 2370 1708 2425 his
1730 2381 1815 2427 est
1841 2365 2113 2429 incassum

523 2464 579 2507 ct
604 2453 868 2510 inutiliter
907 2456 1129 2520 abusus,
1153 2464 1209 2510 et
1241 2465 1449 2511 tantum
1493 2461 1692 2515 sentiet
1715 2463 1974 2532 Spit-italis
2001 2464 2113 2535 gla-

520 2543 594 2597 dii
624 2557 722 2613 per
744 2552 962 2600 sanctos
982 2546 1127 2602 vims
1152 2547 1285 2603 illati
1319 2549 1555 2621 rigorem
1581 2590 1596 2616 ,
1647 2559 1707 2605 ut
1747 2567 1848 2608 nec
1896 2561 2111 2609 tenuem

518 2635 735 2702 quidem
777 2636 881 2692 sibi
906 2637 1091 2692 credat
1129 2638 1307 2693 inesse
1357 2641 1619 2711 vigorem.
1676 2640 1929 2711 Nunquid
1985 2643 2111 2713 quia

518 2725 811 2782 scabellum
854 2728 1051 2797 pedum
1083 2728 1297 2784 Domini
1341 2731 1556 2787 adorari
1598 2733 1910 2804 praecipitur
1935 2749 1965 2788 a
1987 2750 2113 2804 pro-

517 2818 698 2888 pheta,
717 2817 836 2873 idco
849 2819 955 2874 erit
976 2819 1268 2890 imaginum
1286 2820 1531 2876 adoratio
1544 2823 1860 2876 statuenda?
1880 2821 2020 2889 Quae
2029 2832 2115 2878 est

516 2927 645 2982 ergo
666 2911 960 2968 similitudo
982 2912 1200 2968 scabelli
1216 2912 1413 2982 pedum
1438 2913 1651 2969 Domini
1675 2922 1729 2970 et
1750 2914 2109 2970 materialium

517 3002 845 3073 imaginum?
860 3011 954 3057 aut
973 3018 1092 3072 qua:
1114 3003 1529 3059 communicatio
1545 3003 1997 3060 inenarrabilibus
2008 3005 2104 3060 Dei
2134 3034 2179 3098 Ο

516 3092 772 3163 operibus
807 3099 863 3146 et
893 3091 1216 3162 imaginibus
1250 3109 1281 3148 a
1311 3092 1640 3163 quibuslibet
1663 3095 1894 3150 conditis
1936 3096 2102 3151 artiﬁ-

515 3186 701 3242 cibus?
729 3193 821 3240 aut
845 3190 965 3254 qua:
997 3184 1228 3240 societas
1256 3193 1366 3239 tam
1401 3185 1682 3241 excellenti
1721 3195 1938 3256 tamque
1964 3202 2103 3257 pra:-

516 3279 666 3335 claro
691 3277 954 3349 mysterio
975 3286 1031 3332 et
1053 3277 1240 3349 figuris
1284 3278 1572 3334 insensatis
1600 3279 1836 3335 humano
1875 3281 2102 3352 patratis

513 3368 765 3442 ingenio?
793 3376 887 3423 aut
918 3367 1010 3422 ubi
1050 3367 1355 3423 institutum
1388 3376 1472 3423 est
1499 3376 1560 3423 ut
1588 3369 1849 3438 imagines
1872 3370 2101 3427 adoren-

513 3471 620 3526 tur,
652 3460 792 3517 sicut
839 3458 1144 3513 institutum
1171 3466 1232 3513 ut
1284 3458 1577 3515 scabellum
1635 3460 1829 3530 pedum
1885 3460 2095 3518 Domini

512 3551 802 3608 adoretur?
841 3550 957 3605 Non
1004 3549 1148 3605 enim
1198 3550 1276 3604 ait
1323 3550 1525 3605 David:
1555 3550 2099 3618 Adorateimagines

516 3644 872 3716 quorumdam
895 3650 1225 3708 sanctorum,
1254 3641 1396 3698 sicut
1421 3640 1515 3706 ait,
1540 3641 1770 3696 Adorate
1815 3641 2097 3696 scabellum

509 3736 696 3805 pedum
727 3733 969 3800 Domini;
997 3732 1090 3789 sed
1106 3748 1206 3789 nec
1219 3733 1477 3789 Dominus
1496 3733 1573 3787 ait
1596 3750 1609 3787 :
1643 3732 1820 3803 Opera
1840 3750 2097 3790 manuum
2139 3790 2143 3794 .

510 3828 787 3883 hominum
812 3826 968 3882 sedes
990 3838 1109 3879 mea
1128 3830 1274 3889 sunt,
1302 3823 1565 3894 imagines
1591 3832 1772 3880 autem
1798 3823 2096 3879 scabellum

507 3917 699 3989 pedum
716 3929 957 3971 meormn
974 3931 991 3981 ;
1010 3917 1105 3971 sed
1121 3914 1196 3969 ait
1220 3931 1233 3969 :
1271 3912 1469 3970 Caelum
1499 3915 1626 3969 mihi
1653 3915 1800 3971 sedes
1827 3925 1923 3980 est,
1954 3924 2096 3970 terra

508 4017 680 4061 autem
706 4005 989 4061 scabellum
1011 4005 1201 4076 pedum
1224 4021 1457 4059 meorum
1487 4004 1623 4077 (Isa.
1657 4022 1800 4072 Lxrt,
1824 4006 1940 4060 Act.
1972 4008 2091 4078 vn).

508 4099 645 4154 Audi
670 4099 834 4170 igitur
855 4096 1258 4152 dementissime
1306 4096 1388 4151 vel
1433 4096 1612 4166 potius
1638 4096 1981 4153 insanissime
2009 4112 2097 4152 er-

507 4204 613 4252 ror,
645 4188 769 4244 audi
790 4186 1227 4257 inromparabilis
1270 4184 1540 4242 dementia
1563 4228 1578 4253 ,
1639 4187 1764 4242 audi
1806 4188 2095 4244 ridiculosa

503 4279 778 4350 segnities,
807 4278 930 4334 audi
973 4279 1193 4334 beatum
1232 4277 1582 4332 Ambrosium
1631 4277 1912 4333 docentem
1962 4280 2094 4350 quid

2220 1805 2453 1860 nationis
2476 1806 2810 1863 adorandum
2839 1810 2910 1864 sit
2932 1822 3354 1880 sacramentum,
3381 1818 3665 1876 incarnatio
3685 1835 3769 1875 au-

2218 1903 2327 1950 tem
2347 1910 2482 1966 opus
2504 1893 2739 1966 Spiritus
2759 1900 2931 1954 sancti
2958 1901 3045 1963 sit,
3077 1903 3217 1959 sicut
3235 1905 3495 1975 scriptum
3521 1917 3633 1963 est:
3664 1909 3771 1980 Spi-

2218 1989 2349 2043 ritus
2374 2000 2586 2043 sanctus
2639 1992 2960 2061 superveniet
2998 1994 3055 2048 in
3100 2004 3149 2048 te
3171 2035 3187 2062 ,
3239 2006 3289 2051 et
3329 1998 3495 2052 virtus
3545 2000 3770 2054 Altissimi

2216 2077 2540 2132 obumbrabit
2575 2081 2708 2135 tibi:
2745 2091 2794 2135 et
2834 2083 2975 2152 quod
3001 2094 3244 2139 nascetur
3274 2104 3339 2141 ea:
3383 2097 3432 2143 te
3455 2101 3679 2143 sanctum
3700 2107 3771 2144 ro.

2216 2168 2420 2222 rabitur
2444 2167 2492 2222 F
2494 2170 2616 2224 ilius
2643 2170 2741 2225 Dei
2762 2171 2911 2241 (Luc.
2944 2173 3023 2245 i):
3055 2175 3157 2229 hoc
3178 2178 3340 2233 etiam
3382 2180 3662 2235 scabellum
3695 2194 3770 2248 pe-

2215 2260 2339 2315 dum
2363 2261 2574 2317 Domini
2616 2273 2839 2320 sanctus
2877 2267 3208 2338 Augustinus
3238 2270 3677 2342 diligentissimus
3698 2289 3780 2327 ex-

2214 2351 2461 2420 quisitor,
2477 2368 2672 2424 corpus
2701 2355 2934 2423 Domini,
2964 2361 3107 2428 quod
3134 2362 3199 2417 de
3223 2362 3393 2418 Maria
3412 2365 3613 2435 virgine
3645 2381 3769 2418 suni-

2215 2441 2337 2509 psit,
2356 2442 2647 2499 scabellum
2674 2444 2971 2502 divinitatis
2988 2447 3106 2517 ejus
3122 2455 3361 2507 asseruit
3373 2454 3562 2510 sentiri
3579 2454 3768 2518 debere,

2213 2541 2436 2601 propter
2456 2542 2706 2589 naturam
2734 2535 3086 2594 humanitatis
3122 2554 3284 2609 quam
3309 2552 3397 2596 est
3421 2544 3661 2614 dignatus
3692 2557 3766 2595 as-

2212 2636 2426 2677 sumere
2447 2637 2477 2689 t,
2501 2625 2646 2693 quod
2663 2625 2848 2695 utique
2869 2626 2947 2681 illi
2974 2629 3157 2683 virtuti
3184 2630 3263 2685 sic
3282 2642 3368 2687 est
3395 2631 3682 2703 subjectum
3699 2641 3768 2686 at-

2212 2728 2317 2783 que
2339 2713 2571 2781 unitum,
2600 2725 2661 2771 ut
2682 2725 2895 2772 constet
2913 2718 2966 2773 id
2991 2721 3241 2776 omnibus
3276 2725 3555 2779 creaturis,
3572 2739 3681 2779 esse
3696 2738 3769 2778 ex.

2213 2805 2443 2871 celsius,
2496 2807 2638 2862 sicut
2682 2809 2813 2864 dicit
2850 2808 3170 2880 Apostolus:
3204 2811 3364 2878 Quod
3412 2816 3668 2884 inﬁrmum
3707 2823 3770 2868 est

2211 2894 2329 2961 Dei,
2357 2895 2547 2964 fortius
2568 2907 2641 2952 est
2670 2898 3045 2972 Itominibus(1
3071 2900 3194 2956 Cor.
3225 2902 3287 2974 ι).
3321 2903 3393 2958 Et
3432 2905 3557 2958 alibi
3598 2904 3659 2958 de
3693 2917 3770 2956 eo-

2210 2985 2333 3041 dem
2364 2987 2661 3044 mediatore
2692 2989 2782 3044 Dei
2809 2998 2865 3044 et
2889 2990 3164 3046 hominum
3179 2993 3402 3049 homine
3428 2992 3635 3049 Christo
3660 2989 3769 3045 Jesu

2207 3071 2494 3142 Apostolus
2516 3076 2645 3132 dicit
2670 3095 2683 3131 :
2714 3077 2937 3150 Propter
2954 3082 3094 3152 quod
3119 3082 3262 3137 Deus
3293 3084 3543 3139 exultavit
3572 3085 3706 3137 illum
3727 3094 3768 3137 et

2197 3165 2406 3221 donavit
2433 3167 2513 3222 illi
2560 3186 2744 3225 nomen
2795 3172 2936 3243 quod
2982 3182 3058 3228 est
3082 3191 3239 3244 super
3282 3192 3441 3231 omne
3484 3193 3691 3241 nomen,
3722 3183 3766 3227 ut

2197 3256 2253 3310 in
2280 3258 2488 3312 nomine
2514 3258 2652 3313 Iesu.
2670 3276 2821 3316 omne
2860 3278 2998 3333 genu
3024 3266 3270 3334 ﬂectatur
3299 3268 3607 3333 antestium,
3628 3277 3769 3321 terre-

2196 3347 2381 3399 strium
2396 3357 2443 3400 et
2454 3348 3016 3424 infernorum(Pltilip.
3045 3354 3128 3426 It).
3144 3354 3249 3411 Per
3272 3359 3473 3427 pedum
3499 3358 3656 3429 igitur
3677 3356 3767 3411 Do-

2197 3433 2329 3489 mini
2358 3436 2815 3507 magnificentiam
2840 3438 2896 3493 in
2931 3439 3037 3495 hoc
3062 3442 3328 3499 versiculo
3352 3445 3628 3501 stabilitas
3646 3443 3768 3497 divi-

2197 3524 2402 3591 nitatis,
2425 3542 2546 3598 qua:
2575 3543 2786 3599 semper
2798 3530 2853 3584 in
2878 3539 3082 3587 natura:
3103 3537 3584 3607 suatomnipotenti
3598 3535 3766 3608 gloria,

2197 3624 2451 3688 tanquam
2482 3620 2677 3689 pedum
2704 3620 2971 3679 indefessa
3011 3622 3240 3682 firmitas
3260 3638 3604 3696 perseverat,
3626 3626 3757 3682 intel-

2196 3707 2396 3778 ligitur.
2428 3710 2659 3767 Possunt
2693 3713 2857 3768 etiam
2892 3715 3220 3787 tropologice
3252 3719 3426 3787 pedes
3451 3720 3656 3775 Domini
3689 3732 3768 3771 ex-

2198 3809 2367 3867 trema
2404 3810 2729 3872 temporum,
2756 3806 2972 3874 quando
2995 3806 3257 3864 Dominus
3286 3810 3566 3867 incarnari
3600 3811 3767 3879 digna-

2197 3898 2284 3946 tus
2304 3899 2407 3958 est,
2434 3891 2735 3964 designari;
2780 3896 3012 3973 unde‘et
3055 3896 3291 3955 Joannes
3334 3902 3666 3973 evangelista
3699 3898 3767 3952 di-

2195 3981 2307 4037 cit:
2348 3981 2553 4046 Filioli,
2582 3985 2863 4041 novissima
2900 3988 3032 4043 liora
3057 3999 3133 4043 est
3158 3990 3209 4062 (Ι
3235 3990 3405 4047 lacn.
3459 3995 3545 4066 ιι).
3594 3991 3766 4048 Paulus

2195 4088 2407 4144 quoque
2426 4076 2699 4144 apostolus
2728 4078 2860 4132 dicit
2884 4096 2897 4133 :
2931 4078 3062 4134 Cum
3114 4083 3332 4136 venisset
3364 4083 3631 4153 plenitudo
3652 4092 3763 4136 tetu-

2194 4180 2399 4236 parum,
2425 4165 2563 4221 misit
2584 4166 2726 4221 Deus
2747 4164 2947 4222 Filium
2975 4186 3127 4223 suum
3150 4181 3331 4226 natum
3356 4189 3426 4228 ea:
3450 4173 3680 4236 muliere,
3701 4171 3767 4241 [αι

2195 4270 2335 4314 ctum
2370 4265 2464 4314 sub
2494 4259 2604 4332 lege
2623 4258 2821 4333 (Colat.
2856 4261 2953 4333 tv).
3008 4263 3317 4320 Notandum
3348 4282 3486 4322 sane
3531 4268 3649 4337 quia
3674 4278 3764 4319 non

504 4371 577 4425 sit
598 4369 890 4425 scabellum
930 4369 1128 4439 pedum
1158 4367 1391 4434 Domini,
1420 4376 1515 4423 aut
1534 4369 1807 4438 quomodo
1856 4370 2090 4425 adoran-

2208 4351 2329 4406 lixit
2355 4394 2367 4406 .
2400 4351 2667 4419 Quoniam
2702 4362 2950 4409 sanctum
2976 4363 3108 4420 est,‘
3139 4355 3233 4411 sed
3266 4361 3527 4429 quoniam
3580 4365 3767 4413 saneta:

503 4461 633 4516 dum
646 4461 737 4515 sit.
764 4460 856 4514 Ait
879 4461 1023 4516 enim
1047 4475 1062 4514 :
1090 4479 1109 4511 ι
1139 4460 1515 4516 Adoraverunt
1533 4459 1759 4532 apostoli
1777 4460 2087 4525 Dominum,

503 4551 632 4625 quia
661 4552 972 4609 detulerunt
999 4552 1122 4608 fidei
1159 4552 1525 4607 testimonium
1547 4593 1561 4617 ,
1613 4563 1941 4623 acceperunt
1969 4551 2094 4608 fidei

506 4641 898 4715 magisterium;
916 4643 1273 4699 adoraverunt
1286 4642 1525 4715 etangeli
1547 4643 1613 4698 de
1624 4644 1819 4713 quibus
1833 4643 2093 4712 scriptum

504 4742 589 4790 est
613 4750 628 4788 :
657 4733 727 4788 Et
741 4733 957 4804 adorent
972 4750 1090 4790 eum
1106 4750 1282 4790 omnes
1295 4735 1467 4807 angeli
1499 4737 1632 4808 ejus.
1651 4737 1888 4792 Aderant
1911 4744 2091 4792 autem

504 4844 612 4884 non
651 4826 825 4884 solum
873 4827 1208 4885 divinitatem
1260 4827 1405 4899 ejus,
1438 4827 1532 4885 sed
1579 4829 1747 4911 etiam
1793 4829 2091 4885 scabellum

504 4919 699 4988 pedum
727 4916 863 4989 ejus,
895 4919 1150 4990 quoniam
1193 4929 1413 4978 sanctus
1445 4927 1549 4975 est.
1582 4938 1602 4972 ι
1639 4919 1706 4975 Et
1726 4928 1850 4992 post
1877 4936 2047 4991 pauca
2074 4941 2085 4975 :

510 5010 648 5067 «Sed
668 5025 736 5067 ne
755 5007 894 5067 forte
917 5014 1248 5083 propositum
1275 5013 1486 5083 aliquos
1505 5011 1892 5085 prmterfugcre
1915 5016 2093 5070 vidca-

505 5111 592 5159 tur
637 5101 963 5173 exemplum,
990 5118 1095 5173 qua
1134 5103 1341 5158 ratione
1369 5103 1437 5158 ad
1481 5103 1875 5160 incarnationis
1910 5105 2089 5161 Domi-

505 5194 642 5251 nica:
672 5202 1069 5251 sacramentum
1115 5203 1359 5265 spectare
1402 5193 1666 5261 videatur,
1698 5198 1844 5268 quod
1872 5198 1947 5252 ait
1966 5212 2091 5268 pro-

504 5286 684 5357 pheta,
709 5284 778 5340 Et
812 5284 1030 5354 adorata
1064 5283 1345 5340 scabellum
1372 5286 1561 5355 pedum
1606 5287 1744 5357 ejus,
1772 5289 2086 5345 considere-

501 5393 647 5433 mus.
685 5377 801 5433 Non
824 5379 967 5435 cnim
991 5391 1058 5432 ex
1086 5392 1188 5432 usu
1233 5375 1511 5432 hominum
1536 5381 1805 5436 aestimare
1831 5382 2089 5438 debemus

508 5467 830 5536 scabellum;
863 5484 1033 5540 neque
1054 5470 1195 5524 enim
1231 5470 1522 5539 corporalis
1543 5472 1703 5540 Deus,
1731 5482 1824 5529 aut
1851 5489 1959 5529 non
1984 5475 2088 5528 im-

510 5576 747 5627 mensus,
769 5572 829 5617 ut
859 5571 1110 5631 tanquam
1143 5563 1375 5619 fulcrum
1408 5563 1629 5633 pedibus
1659 5565 1774 5636 ejus
1794 5566 2087 5622 scabellum

509 5652 808 5725 subjectum
865 5661 1143 5722 putemus;
1194 5670 1365 5726 neque
1407 5654 1741 5714 adorandum
1792 5657 2086 5728 quidquam

2195 4451 2270 4497 ⁸⁸³
2308 4442 2483 4514 (Ρωλυ
2511 4444 2679 4515 XC“).
2725 4444 2932 4501 δείίίοθι
2956 4455 3015 4500 ιιι
3038 4461 3236 4517 corpus
3278 4448 3497 4505 Domini
3528 4463 3559 4503 a
3598 4446 3765 4502 divitii-

2196 4541 2304 4588 tate
2328 4549 2435 4589 non
2459 4533 2819 4599 distet-matur,
2842 4535 2988 4593 salva
3015 4538 3297 4607 utriusque
3318 4548 3537 4596 natura:
3556 4536 3767 4611 proprie

2197 4631 2325 4687 tate,
2356 4622 2449 4679 sed
2489 4624 2556 4678 ad
2600 4640 2763 4679 uzram
2808 4640 3098 4696 personam
3146 4627 3442 4683 referatur.
3476 4627 3629 4693 Unde
3654 4624 3766 4680 dicit

2193 4713 2540 4784 Evangelium
2571 4729 2585 4769 :
2626 4713 2848 4773 Verbum
2873 4734 2997 4773 caro
3027 4718 3225 4788 factum
3251 4729 3349 4785 est,
3377 4730 3432 4775 et
3454 4718 3699 4776 habitauit
3722 4718 3767 4770 is

2193 4802 2340 4858 nobis
2375 4796 2559 4876 (Joan.
2595 4807 2656 4877 ι).
2684 4806 2815 4862 ﬂare
2831 4808 2900 4864 de
2928 4808 3167 4864 scabello
3184 4810 3387 4880 pedum
3411 4812 3629 4867 Domini
3656 4810 3764 4865 breo

2190 4894 2332 4949 viter
2356 4881 2693 4967 promulgata
2741 4897 3050 4956 sufficiant:
3083 4916 3226 4956 nunc
3270 4900 3343 4956 ad
3375 4911 3580 4959 cauam
3606 4911 3769 4957 trans-

2192 5001 2402 5044 eamus.

2811 5085 3039 5143 CAPUT
3076 5086 3166 5143 Vl.

2193 5216 2346 5283 Quod
2375 5235 2466 5274 nec
2487 5215 2551 5271 de
2578 5234 2637 5301 eo
2660 5219 2947 5301 imaginum
2971 5222 3212 5301 adoratio
3226 5224 3399 5301 ostrui
3429 5224 3614 5294 possit,
3630 5234 3687 5277 ut
3705 5219 3766 5276 illi

2238 5298 2464 5369 putant,
2491 5288 2631 5359 quod
2678 5288 2930 5360 scriptum
2953 5301 3047 5357 est,
3075 5291 3309 5347 Adorate
3356 5293 3414 5348 in
3429 5288 3629 5351 'monte
3662 5309 3766 5350 sar

2261 5366 2351 5413 eto
2377 5366 2512 5427 ejus.

2262 5468 2368 5526 Sed
2403 5486 2503 5527 nec
2526 5472 2582 5527 in
2630 5486 2695 5527 co
2724 5488 2937 5544 quoque
2971 5474 3264 5546 imaginum
3313 5476 3575 5532 adoratio
3617 5460 3761 5533 anni

2188 5572 2383 5634 potest,
2413 5574 2471 5619 ut
2507 5566 2582 5621 illi
2611 5567 2865 5633 fatentur,
2894 5568 3038 5640 quod
3084 5583 3183 5638 per
3228 5568 3487 5624 eumdem
3538 5575 3758 5625 sanam"

2188 5660 2540 5731 prophetam,
2595 5657 2824 5714 Adorate
2867 5661 2921 5713 in
2965 5670 3138 5716 monte
3191 5669 3372 5716 sancto
3425 5660 3551 5733 ejus
3614 5654 3754 5735 (Ptol.
