4070 6186
351 365 485 421 .075
1157 350 1334 407 unm
1372 345 1714 405 cauom].
1753 374 1824 385 -
1860 341 2081 398 amr.
2123 340 2212 395 ne
2251 308 2439 393 [me
2480 363 2550 374 ο-
2586 331 2716 388 me.
2760 331 2827 385 u.
3472 330 3606 387 ton

342 494 469 537 χαι
487 478 528 549 ),
557 479 825 537 cantatur,
866 482 987 527 cum
1031 465 1236 523 scilicet
1281 480 1389 519 non
1425 472 1683 527 montem,
1718 459 1814 515 sed
1859 457 1915 512 in
1945 462 1990 520 Α
2016 456 2471 549 νει-εἰελιιιαοθιτιι,
2496 450 2747 549 secundis
2770 463 2866 503 eos
2893 447 3073 549 denuo
3096 445 3455 549 diuturnitate
3477 454 3617 549 teni-

347 539 529 624 nionte
564 571 752 620 sancto
776 558 1108 614 adorandum
1138 554 1426 610 Dominum
1450 593 1466 618 ,
1519 552 1656 606 idem
1702 556 1926 604 sanctus
2025 548 2173 619 poris
2196 546 2497 617 interrupta
2526 543 2791 605 sublevat,
2815 540 3046 611 qualiter
3072 555 3260 597 eorum
3306 539 3613 596 innocentia

351 657 431 711 vir
460 652 774 709 harmonica
801 646 1165 703 modulatione
1193 644 1460 700 decantet.
1491 642 1592 710 Qui
1616 648 1671 695 et
1711 640 1754 695 si
1779 654 1928 694 mon—
2027 636 2340 695 inconvulsa
2361 642 2704 705 permaneat.

349 756 459 802 tem
483 740 814 799 adorandum
841 739 1196 808 praeciperet,
1245 751 1350 790 non
1391 734 1591 789 idcirco
1635 730 1926 800 imaginum
2605 723 2835 781 CAPUT
2895 722 3026 778 Vill.

352 833 609 893 adoratio,
638 828 733 886 sed
755 826 967 883 Domini
987 824 1113 881 Iesu
1140 824 1340 880 Christi
1387 839 1417 877 a
1468 820 1614 876 sanis
1659 819 1931 875 mentibus
2032 816 2187 884 Quod
2238 834 2341 872 non
2388 824 2600 893 propter
2641 811 2763 893 illos
2808 813 2899 883 qui
2935 813 3225 893 imaginum
3249 811 3617 893 Aadorqtioncm

352 923 762 993 intelligeretur,
793 918 885 988 qui
919 925 1004 971 est
1038 932 1192 970 mons
1218 913 1427 969 cunctis
1466 910 1740 967 montibus
1759 908 1927 963 subli-

2051 881 2071 884 ⁷
2100 898 2347 958 spernunt
2370 881 2398 951 ,'
2426 881 2494 939 ut'
2515 884 2593 939 illi
2617 881 2843 938 delirant
2866 922 2881 946 ,
2934 898 3026 953 per
3044 883 3346 954 prophetam
3386 881 3618 943 dicatur,

2105 958 2447 993 nanlinonloc
2509 954 2573 993 ad
2632 952 3012 993 nhlirmtinnpm
3076 954 3303 993 nddmnpt
3363 950 3618 993 Dnminne

2104 950 2447 1013 Declinantes
2508 954 2577 1008 ad
2632 950 3305 1023 obligationem_;addiicet
3362 950 3619 1007 Dominus

2104 1044 2227 1085 cum
2250 1025 2600 1096 operantibus
2629 1020 2965 1093 iniquitatem
3003 1020 3174 1091 (Psal.
3205 1024 3365 1092 cxxv)

2104 1117 2228 1173 ideo
2257 1129 2490 1184 namque
2517 1113 2659 1168 hunc
2689 1110 3013 1167 versiculum
3039 1110 3351 1183 singillatim
3382 1110 3538 1167 nobis
3570 1110 3621 1166 in

2036 1218 2222 1265 nostro
2247 1222 2408 1277 opere
2433 1219 2631 1276 ponere
2668 1204 2843 1266 libuit,
2881 1203 3007 1273 quia
3041 1204 3145 1258 etsi
3179 1211 3263 1258 est
3299 1219 3423 1259 cum
3462 1219 3623 1274 supe—

2038 1300 2182 1355 riore
2226 1300 2283 1354 in
2323 1298 2481 1353 unius
2507 1296 2697 1366 psalmi
2729 1304 2900 1359 textu,
2950 1295 3114 1350 distat
3143 1304 3320 1350 tamen
3355 1297 3422 1351 ab
3465 1311 3529 1351 eo
3571 1295 3624 1349 in

2038 1410 2199 1450 sensu
2223 1409 2237 1460 ;
2285 1400 2340 1448 et
2367 1405 2677 1460 quanquam
2704 1389 2770 1443 ad
2795 1403 2963 1441 unum
3003 1402 3244 1443 errorem
3274 1388 3622 1443 astruendum

2041 1488 2110 1541 ab
2134 1484 2238 1540 illis
2261 1483 2331 1538 sit
2354 1481 2616 1552 prolatus,
2645 1480 2860 1535 diverso
2898 1487 3082 1533 tamen
3109 1478 3226 1534 loco
3255 1494 3309 1533 tn
3341 1493 3482 1547 saepe
3508 1494 3624 1532 me-

2042 1585 2267 1631 moratae
2291 1572 2484 1644 synodi
2523 1571 2753 1627 lectione
2792 1570 2936 1624 hunc
2985 1576 3197 1624 constat
3227 1584 3348 1623 esse
3372 1568 3627 1638 positum.

362 1644 490 1713 quia
520 1642 788 1706 νίδθιίθθίν
810 1656 916 1734 φη
943 1640 1029 1695 hic
1053 1637 1430 1734 m9"_l°m’.sed
1469 1639 1521 1693 ί¹¹
1552 1645 1945 1734 ¹¹¹⁰¹ξιθέί¹¹¹⁰ι⁰
2046 1637 2386 1721 Declinantcs
2416 1663 2577 1734 igitur
2601 1662 2667 1716 ad
2707 1660 3091 1732 obligationem
3126 1676 3233 1715 non
3263 1658 3337 1712 illi
3378 1637 3628 1714 credendi

366 1734 650 1791 Dominum
683 1732 942 1801 propheta
973 1730 1216 1800 przecipit
1257 1729 1504 1796 adorare,
1530 1730 1675 1799 quod
1695 1730 1762 1783 ad
1795 1745 1944 1783 Inou-

370 1833 501 1888 tem,
523 1822 653 1878 Sion
680 1822 877 1891 quiest
902 1820 1159 1882 Ecclesia,
1191 1819 1380 1874 referri
1402 1835 1561 1889 posse
1587 1836 1692 1874 non
1721 1818 1942 1874 dubium
1976 1814 2017 1873 Β

369 1923 454 1969 est
480 1953 496 1978 ,
543 1929 663 1983 qua:
688 1920 771 1966 est
817 1928 972 1968 tuens
1003 1911 1289 1976 montium,
1316 1917 1371 1964 et
1398 1917 1586 1965 sancta
1606 1916 1942 1970 sanctorum,

369 2006 524 2077 cujus
541 2007 651 2076 ipse
674 2006 946 2060 habitator
971 2014 1055 2058 est
1081 2003 1348 2057 Christus.
1367 2002 1519 2057 Unde
1540 2003 1675 2058 bene
1701 2009 1944 2057 sanetum

370 2099 655 2153 Dominum
682 2096 738 2150 in
759 2103 945 2150 sancto
967 2103 1147 2149 monte
1175 2094 1418 2164 prmcipit
1433 2094 1785 2159 adorandum,
1810 2108 1945 2163 quo-

370 2192 517 2243 niam
537 2189 676 2243 sicut
701 2188 814 2242 laus
839 2185 955 2255 ejus
980 2202 1086 2240 non
1111 2186 1361 2241 convenit
1395 2186 1476 2240 ori
1527 2200 1709 2255 pravo,
1742 2185 1815 2240 ita
1849 2200 1949 2240 nec

369 2278 487 2347 ejus
507 2278 728 2334 culturae
758 2278 859 2332 loci
896 2284 1074 2346 potest
1101 2292 1397 2346 congruere
1426 2275 1717 2345 turpitudo.
1744 2274 1951 2330 Adera-

374 2388 494 2426 mus
518 2371 681 2440 igitur
718 2371 771 2424 in
813 2377 995 2424 monte
1043 2376 1232 2423 sancto
1254 2367 1391 2437 ejus,
1427 2383 1535 2422 non
1570 2367 1829 2436 imagines
1865 2362 1951 2420 vel

371 2462 632 2531 quasdam
660 2458 1060 2528 superstitiosas
1072 2472 1178 2524 res,
1195 2458 1287 2512 sed
1299 2457 1547 2512 eumdem
1563 2455 1844 2511 Dominum
1860 2455 1953 2524 qui

370 2551 518 2606 illius
539 2550 737 2605 montis
757 2556 918 2617 caput
966 2555 1070 2612 est,
1096 2554 1152 2603 et
1175 2555 1236 2601 ut
1268 2546 1516 2601 eumdem
1568 2552 1806 2600 montem
1856 2560 1950 2598 ac-

372 2641 630 2712 quireret,
649 2654 754 2695 non
786 2638 959 2693 solum
982 2637 1149 2702 nasci,
1174 2636 1268 2691 sed
1303 2636 1441 2691 mori
1468 2636 1719 2706 dignatus
1744 2643 1858 2700 est;
1888 2635 1955 2689 de

375 2746 483 2799 quo
508 2728 945 2798 perprotham
991 2726 1222 2782 dicitur:
1248 2725 1485 2779 Adduxit
1523 2741 1609 2779 eos
1633 2724 1689 2779 in
1730 2732 1954 2778 montem

377 2819 803 2887 sancziﬁcationis
832 2833 943 2872 sua:
968 2858 982 2881 ,
1020 2827 1245 2872 utentem
1300 2818 1437 2872 hunc
1493 2832 1642 2888 quem
1683 2815 1954 2886 acquisivit

334 2952 339 2953 ν
378 2910 592 2964 dextera
613 2909 727 2979 ejus
757 2907 928 2979 (Psol.
960 2908 1217 2978 Lxxvm);
1258 2914 1314 2962 et
1337 2906 1405 2962 de
1435 2922 1543 2976 quo
1567 2920 1664 2975 per
1684 2904 1955 2975 legislato-

379 3013 493 3052 rem
523 2997 719 3052 dicitur
744 2992 756 3050 ξ
786 2996 1040 3050 Introduc
1065 3006 1115 3050 et
1155 2995 1335 3066 planta
1360 3012 1447 3050 eos
1466 2997 1520 3050 in
1546 3006 1717 3051 monte
1738 2995 1959 3050 Iia'redi-

381 3086 501 3139 tatis
528 3093 652 3151 tute,
683 3086 738 3139 in
762 3093 1059 3156 pra’parata
1097 3085 1417 3139 habitatione
1448 3095 1537 3138 tua
1571 3101 1727 3157 quam
1753 3101 1961 3156 pra'pa-

382 3178 510 3242 rasti
536 3177 647 3241 tibi,
683 3176 931 3242 Domine;
970 3177 1326 3233 sanctuarium
1352 3186 1521 3243 tuum,
1551 3176 1790 3243 Domine,
1815 3176 1957 3246 quod
1984 3163 2031 3224 C

383 3276 808 3336 prwparaverunt
863 3283 1050 3320 manus
1089 3275 1213 3332 tute,
1242 3266 1498 3332 Domine,
1548 3267 1637 3336 qui
1680 3283 1865 3336 regnas
1907 3267 1962 3319 in

383 3366 639 3410 wternum
662 3366 710 3410 et
736 3358 790 3411 in
820 3357 1070 3411 saxulum
1099 3356 1279 3411 δίει-ιιιί
1300 3365 1349 3410 et
1370 3357 1541 3410 adhuc
1571 3356 1768 3428 (Exod.
1802 3357 1914 3426 xv).

355 1013 514 1077 niior,
541 1009 694 1078 cujus
719 1008 971 1063 videlicet
1013 1004 1237 1059 altitudo
1258 1013 1312 1058 et
1350 1002 1521 1057 virtus
1546 1000 1786 1057 omnium
1808 1014 1933 1052 san-

355 1114 565 1160 clerum
618 1099 990 1156 altitudinibus
1029 1107 1084 1152 et
1125 1097 1414 1151 virtutibus
1452 1094 1684 1159 eminet;
1727 1092 1795 1147 de
1827 1105 1934 1160 quo

357 1208 452 1261 per
473 1190 664 1244 lsaiam
689 1189 1005 1258 prephetam
1040 1186 1237 1240 dicitur
1266 1199 1280 1237 :
1313 1184 1379 1238 Et
1423 1184 1519 1238 erit
1558 1184 1613 1236 in
1643 1182 1935 1236 novissimis

356 1281 537 1335 diebus
597 1288 924 1350 praeparatus
981 1292 1130 1330 mons
1182 1274 1365 1329 domus
1391 1273 1601 1327 Domini
1645 1273 1700 1326 in
1752 1271 1938 1327 uertice

358 1372 630 1435 montium,
660 1378 709 1424 et
745 1366 1027 1423 elevabilur
1055 1368 1210 1437 super
1247 1364 1423 1430 colles,
1453 1375 1501 1419 et
1529 1367 1691 1434 ﬂuent
1719 1362 1788 1418 ad
1819 1378 1936 1416 eum

361 1476 539 1514 omnes
562 1470 757 1529 gentes,
786 1468 834 1511 et
856 1456 1001 1510 ibunt
1044 1453 1221 1526 populi
1249 1454 1398 1508 multi
1420 1454 1554 1527 (Isa.
1595 1453 1679 1524 ιι).
1723 1453 1941 1506 Dicatur

361 1566 511 1621 ergo,
539 1549 768 1604 Adorate
814 1548 870 1602 in
909 1555 1080 1600 monte
1112 1555 1293 1599 sancto
1333 1546 1448 1615 ejus
1485 1542 1674 1616 (Psal.
1730 1559 1853 1598 χαι
1876 1542 1895 1611 )
1921 1580 1937 1606 ,

2046 1770 2169 1815 sunt
2207 1759 2298 1829 qui
2336 1757 2626 1827 imaginum
2665 1755 3092 1824 superstitiosam
3140 1760 3491 1808 contemnunt
3532 1752 3623 1807 ad-

2045 1855 2364 1916 orationem,
2406 1852 2500 1906 sed
2524 1852 2615 1920 qui
2643 1849 2849 1920 antiqui
2880 1849 3052 1906 hostis
3084 1848 3397 1904 retinaculis
3442 1844 3635 1901 irretiti

2046 1944 2202 2015 proni
2240 1951 2365 1998 sunt
2392 1942 2459 1996 ad
2499 1940 2858 2011 iniquitatem,
2908 1949 3218 2009 quantoque
3252 1938 3482 2008 amplius
3505 1952 3628 2006 pec-

2048 2050 2177 2091 care
2202 2043 2531 2096 noscuntur,
2576 2040 2725 2088 tanto
2770 2032 3024 2086 nimirum
3068 2031 3309 2086 strictius
3355 2029 3630 2086 diabolicis

2050 2126 2211 2195 spiris
2253 2130 2560 2180 nectuntur.
2603 2121 2757 2177 Unde
2793 2120 3037 2191 profecto
3073 2134 3170 2191 per
3212 2121 3500 2190 quemdam
3547 2135 3624 2174 sa-

2050 2217 2285 2287 pientem
2327 2214 2524 2270 dicitur
2558 2232 2569 2267 :
2604 2210 2846 2267 Funibus
2871 2197 3202 2283 peccatorum
3236 2228 3449 2265 suorum
3477 2228 3629 2266 unus-

2051 2307 2266 2376 quisque
2290 2303 2663 2373 constringitur
2689 2302 2871 2373 (Prov.
2899 2301 2954 2371 v)
2982 2318 2995 2367 ;
3021 2302 3087 2356 de
3112 2317 3217 2372 qua
3242 2302 3406 2356 etiam
3434 2302 3627 2372 obliga-

2054 2398 2199 2453 tione
2238 2404 2458 2451 sanctus
2487 2394 2749 2465 propheta
2789 2393 2958 2448 Isaias
2983 2393 3112 2448 dicit
3140 2411 3153 2445 :
3196 2390 3285 2447 Va:
3313 2393 3401 2464 qui
3430 2394 3642 2446 tralu‘tis

2054 2488 2379 2558 iniquitatem
2427 2488 2482 2541 in
2528 2484 2777 2557 funiculis
2813 2484 3077 2547 vanitatis,
3101 2492 3148 2537 et
3197 2483 3348 2554 quasi
3378 2484 3636 2538 vinculum

2052 2578 2275 2650 plaustri
2307 2587 2574 2649 peccatum
2620 2574 2754 2647 (Isa.
2786 2572 2873 2646 v)!
2915 2574 3022 2630 Eos
3062 2574 3241 2645 itaque
3268 2573 3361 2644 qui
3395 2573 3464 2628 ad
3500 2575 3644 2628 hanc
3688 2631 3695 2636 ,

2054 2667 2438 2736 obligationem
2469 2665 2757 2728 declinant,
2796 2664 3026 2720 adducet
3067 2664 3324 2719 Dominus
3358 2680 3477 2717 cum
3512 2679 3633 2733 ope-

2058 2759 2301 2814 rantibus
2330 2758 2691 2827 iniquitatem,
2734 2756 2858 2825 quia
2898 2754 3146 2810 videlicet
3184 2771 3305 2810 cum
3343 2755 3536 2824 quibus
3586 2754 3639 2809 in

2057 2850 2159 2904 hoc
2183 2826 2417 2919 peccaui
2433 2847 2648 2913 saeculo,
2674 2863 2796 2902 cum
2826 2848 2911 2902 his
2934 2847 3331 2902 damnabuutur
3358 2846 3411 2901 in
3438 2846 3641 2911 futuro,

2058 2949 2113 2994 et
2150 2941 2217 2994 ad
2253 2954 2377 2994 eum
2404 2939 2581 3008 ignem
2630 2939 2721 3008 qui
2771 2939 2977 2993 auctori
3021 2938 3311 2993 criminum
3350 2947 3405 2994 et
3439 2937 3648 3010 angelis

2058 3027 2175 3097 ejus
2203 3036 2536 3098 purpuratus
2568 3036 2666 3089 est,
2706 3028 2878 3091 ibunt,
2928 3026 3081 3096 cujus
3112 3027 3165 3082 in
3202 3028 3305 3083 hoc
3331 3027 3531 3084 seculo
3554 3041 3640 3084 re-

2061 3117 2415 3175 tinaculorum
2455 3119 2837 3189 obligationem
2885 3135 3134 3189 rumpere
3180 3119 3550 3190 neglexerunt.
3598 3119 3641 3175 Α

2062 3209 2215 3279 cujus
2239 3210 2564 3279 obligatione
2609 3209 2697 3265 ille
2742 3225 2841 3266 nos
2879 3210 3076 3265 liberos
3100 3208 3314 3275 ciliciat,
3349 3211 3439 3279 qui
3466 3225 3564 3265 nos
3593 3210 3643 3264 in

2060 3303 2362 3359 libertatem
2395 3302 2641 3369 redemit,
2690 3310 2744 3357 et
2773 3302 2926 3357 nobis
2970 3302 3280 3357 sedentibus
3306 3303 3359 3356 in
3408 3302 3642 3356 tenebris

2062 3412 2171 3451 sum
2205 3394 2469 3450 claritatis
2489 3393 2664 3449 lucem
2691 3407 2940 3463 magnam
2962 3393 3223 3456 ostendit,
3260 3391 3372 3446 sive
3400 3391 3620 3446 habitan

992 3485 1218 3542 CAPUT
1255 3484 1362 3542 VII.
2063 3484 2208 3538 tibus
2254 3483 2307 3536 in
2345 3484 2561 3551 regione
2599 3483 2803 3535 umbra:
2845 3481 3036 3536 mortis
3066 3481 3178 3550 ipse
3199 3482 3299 3536 lux
3328 3497 3453 3536 vera
3486 3496 3636 3536 exor-

388 3600 541 3668 Quod
563 3617 687 3665 non,
716 3611 769 3654 ut
793 3598 871 3653 illi
895 3598 1229 3670 gloriantur_,
1271 3608 1480 3670 propter
1502 3596 1619 3652 illos
1645 3597 1842 3670 dictum
1891 3613 1951 3651 εδδ

2065 3580 2150 3626 tus
2190 3579 2310 3633 est,
2354 3578 2515 3639 atque
2561 3570 2701 3626 idem
2731 3568 2847 3638 ejus
2890 3571 3247 3627 severissimae
3287 3572 3646 3628 damnationis

456 3672 544 3796 (grai
583 3660 834 3741 imagines
863 3660 1084 3722 adorant
1109 3709 1124 3733 ,
1173 3660 1433 3735 Quoniam
1474 3683 1579 3722 non
1634 3667 1966 3737 derelinquet
2064 3678 2162 3718 nos
2195 3660 2384 3717 reddat
2410 3669 2686 3729 expertes,
2734 3661 2824 3731 qui
2854 3676 2965 3715 suae
2999 3660 3316 3718 clarissima:
3350 3662 3473 3718 lidei
3508 3662 3637 3731 spei-

546 3741 721 3794 minus
746 3741 949 3796 γὶταδιη
980 3746 1318 3796 peccatorum
1356 3753 1519 3796 super
1544 3746 1743 3792 sortem
1786 3737 1944 3796 Ῑυειθ
2064 3769 2168 3796 mm
2199 3760 2251 3796 et
2282 3751 2563 3796 nhnriLatie
2590 3750 2717 3796 fecit
2742 3766 2861 3796 esse
2897 3766 3175 3796 emunctae-

546 3737 721 3794 minus
746 3741 949 3823 virgam
979 3746 1334 3823 peccatorum.
1356 3753 1519 3823 super
1533 3746 1743 3823 sortem
1786 3737 1944 3805 justo

2064 3769 2168 3823 quc
2199 3760 2253 3807 et
2282 3751 2563 3808 cbaritatis
2590 3750 2718 3806 fecit
2742 3766 2861 3806 esse
2897 3766 3175 3820 sequaces.

460 3827 604 3872 rum,
639 3818 698 3863 ut
733 3825 839 3864 non
864 3810 1158 3865 extendant
1206 3810 1337 3876 justi
1375 3814 1443 3863 ad
1472 3810 1811 3877 iniquitatem
1852 3824 1967 3862 tua-

463 3896 563 3936 nus
589 3896 715 3935 suas
741 3878 913 3950 (Psal.
946 3878 1128 3949 cxxv).
2672 3882 2901 3940 CAPUT
2941 3884 3033 3939 IX.

461 3994 579 4048 Non
625 3992 926 4048 mirandum
953 4000 1037 4047 est
1065 3991 1108 4046 si
1152 3990 1407 4047 fallantur
1452 3993 1505 4047 in
1545 3992 1821 4068 minimis,
1873 3993 1951 4060 qui

2068 3973 2221 4058 Quod
2249 3991 2352 4068 ηοζι
2379 3974 2444 4028 ab
2472 3991 2553 4068 eo.
2572 3975 2711 4068 quod
2748 3973 3000 4056 Salomon
3030 3975 3235 4068 dicitur,
3250 3976 3307 4028 in
3344 3973 3533 4068 templo
3572 3976 3646 4056 [ι’-τ

674 4044 1051 4115 :1;:;,:;‘
1056 4044 1117 4115 ᾗ,
1147 4044 1672 4115 ;ξ;;ζζ;,,,;;;,;ζ;;ζ
1672 4044 1789 4115 ,ζζξκ
1806 4044 1968 4115 μμ
2137 4047 2266 4098 cisse
2314 4045 2553 4115 boresuet
2579 4044 2786 4109 leones,
2838 4044 3125 4115 imaginum
3165 4044 3408 4115 adoratio
3443 4044 3646 4113 ﬁrmari

388 4086 725 4185 “919mm.”
755 4101 986 4155 magnls’
1147 4101 1201 4141 ¹¹¹
1321 4087 1550 4156 amphus
1577 4086 1791 4185 “For?!”
1814 4101 1968 4185 δῖνον
2134 4116 2313 4185 possit,
2347 4086 2407 4168 ut
2443 4086 2532 4167 illi
2557 4086 2819 4169 somniant
2857 4086 3035 4185 quivi;
3057 4086 3264 4170 earumv
3285 4086 3644 4171 adora'tioncui

388 4178 737 4234 admirandus
758 4186 861 4241 est,
886 4178 1026 4247 quod
1053 4177 1174 4232 ideo
1198 4193 1257 4233 se
1278 4177 1458 4248 justos
1481 4220 1496 4246 ,
1534 4180 1662 4249 quia
1708 4179 1968 4250 imagines
2134 4177 2402 4239 anhelant.

389 4271 636 4335 adorant,
665 4285 786 4326 esse
812 4270 1132 4340 gloriantur,
1161 4284 1260 4325 nos
1293 4278 1473 4325 autem
1516 4272 1607 4339 qui
1632 4285 1725 4327 eas
1744 4273 1969 4327 adorare
2139 4275 2390 4331 Salomon
2426 4276 2482 4331 in
2510 4275 2708 4346 templo
2733 4276 2898 4331 boves
2925 4284 2981 4331 et
3014 4276 3197 4332 leones
3239 4276 3436 4347 legitur
3463 4276 3653 4332 condi-

388 4362 805 4422 contemnimus,
842 4370 1154 4430 peccatores
1180 4360 1470 4427 fateantur,
1500 4377 1622 4416 cum
1652 4362 1723 4416 ob
1756 4361 1966 4416 illarum
2068 4367 2228 4425 disse.
2276 4382 2505 4436 quorum
2530 4366 2837 4421 conditione
2865 4381 2962 4421 nos
2987 4367 3079 4435 qui
3105 4368 3398 4421 secundum
3421 4368 3651 4436 Aposto.

387 4472 627 4512 amorem
655 4467 709 4511 et
724 4457 1124 4527 Scripturarum
1146 4456 1444 4511 divinarum
1464 4456 1755 4527 puritatem
1768 4457 1968 4514 violare
1998 4509 2040 4527 λ
2070 4456 2178 4511 lum
2221 4456 2388 4526 legem
2433 4456 2728 4526 spiritalem
2765 4470 2885 4511 esse
2918 4455 3137 4519 scimus,
3182 4455 3499 4526 quibusdam
3531 4471 3649 4527 my-

390 4555 673 4612 eonentur,
702 4554 758 4603 et
803 4548 1145 4617 potissimum
1168 4564 1279 4604 sua:
1302 4548 1426 4603 lldei
1467 4549 1888 4605 emolumentum
1910 4550 1964 4605 in
1998 4509 2045 4570 Β
2069 4549 2359 4605 stcriorum
2384 4550 2599 4604 arcanis
2624 4549 2961 4614 instruimur,
2982 4549 3060 4604 illi
3079 4565 3207 4605 vero
3230 4550 3322 4620 qui
3351 4550 3643 4620 imaginum

391 4639 478 4693 bis
503 4654 623 4695 esse
649 4640 999 4704 arbitrentur,
1021 4648 1077 4695 et
1101 4655 1197 4696 eos
1219 4642 1310 4710 qui
1337 4642 1532 4710 spretis
1557 4641 1643 4697 his
1676 4642 1789 4697 sive
1807 4651 1967 4698 cane-
2069 4639 2438 4695 adorationem
2487 4640 2714 4711 diligunt
2757 4655 2869 4695 sua:
2910 4640 3175 4695 vecordiae
3217 4641 3508 4695 vanitatem
3558 4640 3648 4696 lir-

394 4730 471 4785 ris
494 4729 860 4797 hujuscemodi
885 4732 1215 4788 vanitatibus
1262 4732 1361 4788 soli
1398 4733 1507 4787 Deo
1530 4735 1771 4788 serviunt
1814 4750 1966 4790 eum—
2071 4747 2221 4788 mare
2251 4732 2579 4798 moliuntur;
2616 4748 2714 4786 nos
2738 4732 2978 4803 mysticis
3004 4732 3251 4786 sensibus
3272 4732 3644 4800 perdocemur.

393 4819 752 4887 quecolentes
775 4820 1020 4885 adorant,
1039 4824 1493 4878 anathematizare
1505 4825 1771 4879 obstinata
1790 4835 1967 4882 mente
2070 4824 2146 4878 illi
2170 4824 2223 4878 in
2251 4824 2332 4879 sui
2361 4823 2563 4879 erroris
2597 4822 2961 4891 magnitudine
2981 4822 3304 4886 ﬁrmantur;
3343 4836 3442 4875 nos
3466 4822 3654 4874 adme-

400 4910 660 4965 nitantur.
688 4911 964 4975 Quomodo
982 4926 1114 4982 ergo
1141 4912 1298 4981 hujus
1326 4915 1572 4969 versiculi
1602 4923 1782 4971 textus
1805 4955 1819 4979 ,
1860 4933 1966 4971 non
2070 4915 2168 4969 niti
2214 4930 2311 4984 per
2340 4915 2585 4970 umbram
2625 4914 2943 4983 indagamus
2983 4912 3295 4975 veritatem,
3335 4910 3411 4966 illi
3441 4913 3645 4982 decepti

399 5003 467 5060 ad
503 4998 747 5055 eamdem
774 5015 886 5054 rem
919 5002 1203 5070 pertineat,
1227 5004 1296 5057 ob
1324 5019 1482 5073 quam
1508 5005 1577 5058 ab
1601 5004 1707 5059 illis
1732 5007 1973 5073 prolatus
2071 5021 2171 5076 per
2202 5022 2316 5061 rem
2343 5008 2479 5062 bene
2505 5013 2713 5076 gestam
2738 5005 2805 5057 ad
2839 5019 2952 5057 rem
2984 5019 3091 5057 non
3119 5003 3406 5074 gerendam
3430 5012 3646 5058 sumunt

398 5100 485 5146 est
507 5132 524 5157 ,
567 5089 863 5160 qualiterve
914 5107 1099 5147 eorum
1148 5094 1325 5147 sensui
1385 5093 1633 5149 neluctari
1681 5096 1931 5149 credatur
1956 5136 1970 5161 ,
2072 5099 2466 5154 auctoritatem.
2518 5095 2628 5151 Cur
2675 5111 2805 5165 ergo
2846 5109 2940 5150 eos
2987 5094 3241 5150 Davidiea
3294 5094 3499 5167 proles,
3550 5110 3643 5149 cur

396 5184 676 5254 quantisvc
715 5184 783 5239 ab
814 5200 999 5239 eorum
1038 5185 1344 5253 opinatione
1386 5187 1547 5242 distet
1585 5186 1823 5252 indiciis,
1862 5204 1970 5245 non
2068 5187 2357 5243 Israelitico
2391 5201 2506 5250 rex,
2546 5201 2644 5240 cur
2672 5183 2993 5255 sapientium
3022 5183 3413 5253 sapientissime
3439 5182 3649 5238 fecisti?

396 5273 568 5331 solum
606 5274 936 5343 simplicibus
958 5274 1246 5330 lectoribus
1270 5316 1284 5340 ,
1331 5276 1425 5331 sed
1450 5277 1613 5332 etiam
1645 5278 1823 5334 idiotis
1869 5292 1967 5348 pa-
2070 5279 2216 5343 Feci,
2243 5278 2481 5348 inquam,
2524 5290 2637 5342 eos,
2669 5291 2774 5330 non
2809 5283 2869 5330 ut
2893 5274 3106 5329 adorari
3142 5274 3429 5340 deberent,
3462 5274 3556 5330 sed
3591 5285 3643 5329 ut

397 5376 509 5434 tet;
558 5367 755 5438 quippe.
778 5368 868 5437 qui
916 5368 1224 5447 postpositis
1250 5369 1603 5438 aenigmaticis
1629 5372 1742 5427 sive
1774 5371 1970 5444 allego-
2070 5373 2317 5443 quaedam
2354 5370 2578 5441 mystica
2615 5370 3018 5440 signiﬁcarent;
3064 5384 3171 5424 non
3200 5375 3260 5423 ut
3292 5368 3465 5425 errori
3504 5367 3646 5423 fave-

398 5459 525 5514 ricis
544 5458 834 5513 involucris
857 5467 1043 5528 aperte
1061 5458 1409 5525 demonstret,
1433 5458 1573 5530 quod
1604 5478 1708 5517 non
1739 5464 1827 5518 diu
1852 5479 1967 5533 per-
2072 5472 2209 5531 rent,
2239 5466 2332 5522 sed
2360 5473 2420 5519 ut
2445 5466 2821 5536 mysteriorum
2857 5480 3055 5519 arcana
3093 5471 3496 5531 monstrarent;
3539 5480 3645 5520 non

400 5552 575 5608 mittat
605 5549 864 5607 Dominus
887 5549 1139 5622 ﬂagellari
1182 5549 1357 5619 justos
1379 5551 1459 5606 ab-
1485 5552 1681 5621 impiis,
1709 5570 1775 5608 nc
1809 5554 1861 5608 in
1888 5556 1973 5610 de-
2070 5566 2131 5613 ut
2153 5556 2536 5613 oll‘cndiculum
2572 5557 2731 5612 caecis
2778 5556 3047 5611 mentibus
3088 5565 3286 5621 essent,
3325 5557 3419 5613 sed
3445 5564 3506 5612 ut
3528 5572 3642 5611 ma-

401 5646 722 5716 sperationis
750 5645 923 5701 labem
949 5652 1203 5699 corruant
1238 5644 1457 5699 diutinis
1485 5645 1684 5700 addicti
1727 5644 1969 5718 ﬂagellis,
2073 5664 2234 5717 gnum
2280 5645 2531 5716 quiddam
2582 5646 2796 5702 subtilia
2832 5645 3100 5701 subtiliter
3155 5648 3520 5704 scrutantibus
3560 5648 3645 5703 in-

401 5739 494 5795 aed
522 5741 566 5796 si
587 5742 652 5796 ad
673 5748 882 5813 tempus
907 5740 975 5797 ad
1002 5736 1372 5810 probationem
1393 5738 1712 5811 quibusdam
1739 5755 1833 5797 eos
1874 5739 1940 5796 ad
2073 5747 2320 5794 nucrent.
2370 5738 2467 5794 Cui
2499 5738 2544 5794 si
2577 5738 2696 5795 ideo
2740 5737 3046 5795 succenseri
3075 5738 3232 5795 debet
3252 5781 3274 5808 ι
3311 5740 3434 5809 quia
3461 5753 3561 5811 per
3582 5754 3643 5793 ea
