4070 6186
538 282 687 392 ιοτει

1414 337 1473 392 Β.
1513 332 1764 394 CAROLI
1800 332 2016 390 MAGNI
2050 332 2124 389 ΟΡ

2236 332 2415 389 PARS
2453 333 2516 390 ll.
2558 333 2800 391 SECTIO
2832 333 2896 389 ll.
3614 338 3727 394 ιοτθ

535 461 659 516 qua:
696 426 731 500 ιι
755 459 844 501 me
866 443 1005 501 bene
1041 451 1192 516 gesta
1219 452 1375 511 sum,
1414 460 1448 499 a
1472 445 1651 515 pravis
1672 461 1899 517 pravum
1925 458 2108 502 exem-
2134 445 2184 504 Δ
2210 453 2480 514 conspectu
2504 453 2586 500 sto
2610 443 2732 518 (III
2762 443 2892 515 Reg.
2920 444 3054 516 xvn)
3079 460 3095 509 ;
3124 458 3195 501 ne
3218 443 3291 502 sit
3312 446 3376 502 de
3395 446 3495 503 illis
3515 463 3633 518 quos
3649 467 3728 521 per

464 534 490 576 εί
535 536 684 606 plum
714 536 963 603 sumitur,
1003 536 1291 608 legislatori
1318 537 1668 594 nihilominus
1688 540 2109 596 succensendum

536 632 641 691 est,
668 641 758 695 qut
786 640 900 681 rem
935 626 1150 695 quidem
1177 626 1468 682 multorum
1495 627 1697 684 visibus
1730 630 2106 694 necessariam,

537 713 595 772 in
636 729 818 770 eremo
864 717 1141 781 exaltavit,
1187 726 1294 787 qua
1332 724 1500 788 prava
1540 719 1818 775 hominum
1864 720 2112 776 voluntas

538 819 703 875 prave
743 807 1081 876 postmodum
1119 808 1388 864 utebatur.
1439 808 1556 866 Νοιι
1574 810 1751 880 igitur
1781 826 1879 867 nos
1910 812 2115 881 efﬁgies

536 896 610 950 ob
636 896 953 976 memoriam
982 908 1164 953 rerum
1191 907 1463 969 gestarum
1496 911 1551 980 et
1567 911 1911 960 venustatem
1935 906 2115 960 condi-

541 996 625 1043 tas
649 986 992 1045 basilicarum
1035 992 1431 1061 quodammodo
1472 988 1803 1061 abdicamus,
1850 1012 1975 1052 cum
2017 1014 2116 1069 per

541 1075 757 1148 Moysen
794 1086 848 1134 et
876 1074 1236 1145 Salo'monem,
1277 1096 1580 1153 quanquam
1605 1085 1658 1139 in
1692 1087 1885 1157 typicis
1907 1087 2112 1159 ﬁguris,

538 1181 632 1223 eas
652 1165 823 1225 factas
839 1168 1007 1226 fuisse
1031 1172 1284 1240 sciamus,
1313 1175 1405 1231 sed
1426 1191 1613 1232 earum
1638 1178 2116 1249 insolentissimum

540 1255 622 1310 vel
662 1258 840 1328 potius
876 1262 1459 1333 superstitiosissimam
1497 1268 1864 1326 adoratiouem
1897 1274 2118 1331 cohibe-

541 1365 661 1406 mus
681 1391 698 1418 ,
737 1367 899 1422 quam
932 1370 1104 1424 neque
1127 1372 1224 1427 per
1259 1360 1629 1428 patriarchas,
1675 1379 1850 1434 neque
1872 1381 1971 1437 per
1993 1384 2119 1439 pro-

541 1443 731 1513 phetas
751 1485 766 1509 ,
802 1457 828 1486 ι
853 1460 1027 1515 neque
1071 1462 1169 1517 per
1201 1451 1507 1518 apostolos,
1535 1468 1708 1524 neque
1735 1471 1832 1525 per
1864 1461 2120 1527 apostoli-

542 1548 637 1587 cos
669 1533 813 1589 viros
842 1536 1050 1605 uspiam
1092 1539 1392 1597 institutam
1436 1559 1555 1599 esse
1583 1549 1962 1616 repercrimus.
2012 1551 2119 1608 Sed

543 1630 605 1676 ut
631 1622 698 1676 ad
723 1626 995 1694 proposita
1021 1622 1322 1696 redeamus,
1366 1633 1620 1691 Salomon
1648 1638 1701 1692 in
1726 1640 1924 1709 templo
1955 1643 2120 1703 boves

544 1721 599 1804 et
630 1712 814 1771 leones
859 1715 1006 1783 fecit,
1037 1721 1161 1789 quia
1195 1731 1251 1777 et
1275 1723 1522 1782 Christus
1553 1728 1608 1782 in
1636 1729 1876 1787 Ecclesia
1901 1743 2117 1804 aposto-

2210 535 2523 605 prophetam
2542 537 2761 592 denotat
2786 536 2972 592 dicens
2995 544 3014 590 t
3068 534 3343 592 Verterat
3361 547 3496 610 terga
3518 541 3581 594 ad
3603 559 3673 596 me
3689 554 3729 598 et

2212 643 2316 681 non
2357 626 2544 696 faciem
2572 624 2787 696 (larem.
2822 625 2906 695 ιι).
2947 626 3207 682 Hortatur
3241 628 3401 682 etiam
3424 636 3481 684 ut
3512 645 3605 687 vox
3634 630 3732 701 ejus

2212 724 2368 775 sonet
2391 718 2447 772 in
2471 716 2692 775 auribus
2718 717 2880 782 illius,
2910 717 3037 785 quia
3052 725 3273 787 paratus
3298 726 3379 773 est
3403 718 3467 773 ad
3493 722 3737 779 exaudiat-

2213 811 2339 867 dum
2371 817 2588 865 sanctos
2609 824 2752 872 suos,
2783 808 3065 865 Psalmista
3091 816 3371 865 attestante
3396 809 3483 879 qui
3503 811 3574 865 ait
3596 826 3609 864 :
3634 812 3736 868 Cle-

2214 910 2481 955 msvcrunt
2502 901 2639 971 justi
2665 910 2713 955 et
2744 900 2999 956 Dominus
3026 901 3288 955 exaudivit
3319 916 3421 967 eos,
3451 912 3496 956 et
3525 919 3584 957 ea:
3602 904 3740 959 amtti-

2215 993 2309 1048 bus
2342 992 2763 1048 tribulationibus
2785 1008 2966 1048 eorum
2993 992 3230 1046 liberavit
3255 1009 3339 1047 eos
3372 992 3532 1063 (Ρωι.
3562 997 3736 1066 nm).

2216 1089 2414 1144 Vocem
2456 1086 2574 1156 ejus
2614 1088 2823 1143 dulcem
2868 1095 2924 1141 et
2964 1084 3161 1142 faciem
3201 1086 3328 1142 dicit
3363 1088 3737 1153 essedeeoram,

2216 1179 2342 1248 quia
2365 1178 2635 1235 orationes
2675 1185 2981 1233 sanctorum
3011 1188 3225 1246 semper
3248 1176 3357 1231 Deo
3383 1186 3597 1246 accepta:
3618 1184 3737 1241 Sunt,

2218 1282 2512 1339 eorumque
2533 1277 2684 1339 grata
2714 1268 2998 1338 praesentia
3031 1267 3126 1337 qui
3150 1268 3218 1323 de
3235 1266 3433 1323 Christi
3464 1268 3643 1323 lumine
3669 1282 3742 1323 ac-

2219 1366 2504 1430 ceperunt,
2546 1365 2607 1411 ut
2635 1358 2689 1412 in
2719 1358 2913 1412 decore
2929 1354 3156 1424 iustitiae
3192 1364 3577 1427 permanerent.
3616 1354 3739 1420 Esto,

2219 1447 2471 1506 convenit
2497 1455 2558 1503 ut
2583 1447 2649 1502 ad
2685 1445 2977 1515 imaginum
3009 1446 3269 1501 visionem
3309 1446 3477 1515 aptari
3502 1445 3655 1514 possit
3674 1445 3743 1499 hic

2219 1539 2541 1603 versiculus,
2567 1535 2793 1592 Ostende
2817 1538 2948 1591 mihi
2976 1537 3163 1607 faciem
3190 1546 3337 1591 tuam
3362 1535 3528 1608 (Cant.
3551 1536 3625 1607 ιι),
3651 1538 3744 1591 sive

2222 1631 2384 1701 facies
2420 1639 2512 1685 tuo
2539 1630 2793 1701 speciosa,
2839 1628 2967 1697 quid
2995 1627 3064 1683 de
3094 1640 3228 1684 voce
3256 1627 3742 1698 diei.poterit,'quam

2220 1728 2279 1774 et
2316 1732 2532 1776 suavem
2556 1717 2819 1788 propheta
2846 1716 3134 1781 decantat,
3176 1723 3237 1771 et
3271 1716 3500 1772 auditam
3526 1715 3627 1771 sibi
3652 1712 3743 1770 ﬁeri

546 1802 626 1861 los
651 1822 945 1879 eorumque
983 1787 1326 1871 successores
1350 1818 1646 1886 constituit,
1665 1822 1777 1891 qui,
1803 1787 1956 1891 juxta
1979 1787 2121 1881 beati
2154 1787 2197 1847 Β
2225 1812 2514 1868 bonam”
2559 1809 2694 1877 01η
2743 1808 2930 1879 ιιιῑιιυο
2980 1809 3027 1863 Si
3081 1807 3261 1863 animi
3306 1821 3414 1863 ιιοη
3455 1813 3742 1895 vegetam.

545 1893 790 1967 Gregorii
815 1901 1132 1957 sententiam
1158 1945 1172 1967 ,
1211 1922 1230 1955 ι
1264 1907 1402 1962 bene
1425 1906 1707 1979 agentibus
1730 1894 1827 1982 per
1853 1915 2124 1972 humilitao

548 1994 656 2041 tem
685 1997 812 2043 sunt
842 1991 975 2046 socii
1018 2001 1205 2049 contra
1247 1996 1665 2068 delinquentium
1696 2004 1825 2059 vitia
1848 2046 1864 2072 ,
1902 2022 2001 2076 per
2035 2024 2124 2065 ze-

547 2077 658 2132 lum
694 2078 918 2150 justitia:
959 2086 1162 2151 erecti,
1208 2096 1471 2156 quatenus
1511 2101 1567 2147 et
1599 2092 1732 2149 istos
1768 2100 2124 2157 mansuetudo

547 2169 699 2226 bovis
718 2181 998 2240 sustentet,
1022 2183 1075 2230 et
1097 2174 1213 2233 illos
1236 2177 1424 2236 feritas
1445 2182 1616 2239 leonis
1636 2185 1891 2242 stimulet.
1922 2208 1941 2241 ι
1971 2188 2126 2257 Quod

547 2266 834 2333 utrumque
872 2269 1105 2335 pastoris
1145 2269 1401 2329 Ecclesia:
1428 2276 1677 2346 exemplo
1702 2278 1879 2351 colligi
1925 2291 2120 2352 potest,

547 2352 640 2420 qui
676 2363 732 2409 et
769 2352 1076 2413 Cornelium
1119 2360 1423 2418 humilitate
1468 2374 1707 2423 utentem
1749 2370 1961 2427 blandis
1993 2374 2126 2431 allo-

464 2508 467 2509 ,
548 2441 691 2511 quiis
715 2438 973 2512 delinivit,
993 2456 1049 2502 et
1070 2458 1259 2509 contra
1283 2451 1547 2509 Auaniam
1568 2463 1624 2511 et
1645 2453 1964 2528 Sapphiram
1986 2460 2128 2516 frau-

549 2531 795 2623 dulenter
822 2545 1040 2607 agentes
1064 2554 1123 2595 se
1150 2541 1497 2602 vehementer
1521 2548 1712 2604 erexit.
1757 2548 1940 2606 Sancti
1965 2552 2128 2623 igitur

550 2614 652 2677 viri
683 2625 972 2695 aliquando
1000 2632 1463 2711 mansuetudinem
1497 2639 1678 2703 boum,
1720 2614 2014 2711 aliquando
2049 2643 2128 2699 fe-

551 2714 831 2803 rocitatem
858 2716 1057 2776 habent
1081 2710 1293 2779 leonum
1323 2727 1448 2797 quia
1475 2736 1532 2782 et
1557 2730 1765 2801 virgam
1806 2710 1991 2788 tenent
2023 2749 2127 2803 qua

549 2800 720 2860 fortes
754 2805 968 2863 fortiter
997 2821 1221 2883 regant,
1274 2823 1329 2871 et
1368 2817 1616 2875 baculum
1642 2835 1750 2891 quo
1789 2800 2128 2880 inﬁrmorum

553 2895 860 2957 debilitates
889 2913 1210 2961 sustentem.

1170 3039 1396 3099 CAPUT
1424 3038 1492 3098 Χ.

2222 1902 2390 1958 multo
2420 1901 2600 1957 minus
2634 1914 2768 1956 voce
2801 1897 3094 1964 fruuntur;
3144 1905 3203 1952 et
3237 1897 3283 1953 si
3314 1911 3440 1952 voce
3471 1910 3568 1950 non
3594 1892 3743 1948 fruuno

2220 2002 2333 2061 tur,
2358 1992 2525 2048 multo
2547 1990 2729 2047 minus
2751 1989 2899 2045 vocis
2926 1987 3190 2044 suavitate
3215 1986 3526 2056 potiuntur;
3552 1983 3594 2038 si
3616 1982 3746 2053 igitur

2221 2085 2400 2140 anima
2427 2098 2538 2139 non
2561 2088 2877 2152 vegetantur
2897 2117 2913 2142 ,
2951 2092 3054 2132 nec
3087 2076 3237 2132 vocis
3278 2075 3547 2131 dulcedine
3572 2071 3747 2142 potiun-

2222 2184 2329 2232 tur.
2379 2173 2531 2231 Unde
2565 2172 2769 2242 liquido
2792 2177 2973 2241 patet,
3017 2176 3077 2223 ιιι
3110 2168 3254 2224 sicut
3280 2166 3335 2222 in
3370 2165 3568 2221 caeteris
3588 2179 3644 2218 ex
3666 2164 3748 2217 hoc

2220 2263 2437 2335 negotio
2459 2260 2847 2318 assertionibus
2875 2259 3089 2314 illorum
3112 2259 3180 2313 ad
3213 2272 3330 2312 rem
3353 2270 3456 2311 non
3475 2250 3747 2325 pertinentia

2220 2354 2366 2409 dicta
2386 2351 2732 2415 frustrantur,
2757 2350 2837 2405 ita
2865 2349 3031 2404 etiam
3062 2356 3117 2403 et
3146 2348 3197 2402 in
3226 2348 3504 2416 hacparte
3527 2343 3748 2398 frustren-

2222 2452 2331 2510 tur,
2358 2441 2658 2513 praesertim
2693 2454 2818 2496 cum
2850 2453 2952 2495 nec
2975 2439 3041 2495 de
3067 2453 3256 2495 earum
3283 2436 3437 2493 faciei
3480 2434 3663 2490 visione
3684 2445 3748 2486 re

2221 2542 2310 2588 ete
2333 2533 2440 2588 diei
2466 2530 2656 2602 possit,
2685 2528 2910 2586 Ostende
2932 2529 3062 2583 mihi
3089 2528 3282 2597 facient
3310 2536 3466 2592 tuam,
3515 2537 3669 2593 neque
3699 2520 3750 2577 de

2220 2640 2410 2681 earum
2433 2638 2568 2679 voce
2583 2636 2689 2693 qua
2719 2635 2942 2691 prorsus
2961 2628 3170 2683 carent,
3198 2617 3271 2672 Et
3294 2617 3527 2673 auditam
3547 2613 3623 2684 {ac
3648 2610 3749 2665 stibi

2222 2732 2399 2772 eccm
2424 2723 2592 2781 tuam,
2614 2698 2864 2786 quoniam
2887 2720 2986 2766 vos:
3013 2719 3108 2765 tuo
3129 2710 3311 2765 suavis
3326 2716 3421 2775 est,
3449 2715 3495 2761 et
3519 2704 3660 2775 {acies
3678 2710 3749 2754 tu

2222 2806 2478 2878 specioso.
2534 2828 2537 2831 ·
2777 2860 2782 2864 .
2932 2828 2935 2831 λ
3036 2794 3041 2799 ’

2831 2891 3060 2949 CAPUT
3095 2890 3186 2946 XI.

2229 2984 2502 3054 Quomodo
2528 2980 3026 3059 intelligegdstmest
3051 2978 3190 3059 quod
3218 2992 3315 3059 per
3353 2968 3746 3059 .Isaiomvprepl:

2296 3066 2405 3109 tam
2437 3044 2721 3118 scribitur;
2760 3051 2877 3106 Erit
2902 3044 3075 3104 altare
3097 3044 3312 3118 Domini
3340 3046 3408 3118 _i_n_
3444 3044 3602 3118 medio
3627 3048 3752 3117 tetra

555 3143 829 3209 Quomdo
853 3146 1361 3225 intelligendumest,
1395 3155 1533 3225 quod
1560 3157 1616 3211 in
1639 3155 1867 3215 Canticis
1894 3158 2125 3214 cantico-
2150 3118 2201 3182 Ο
3613 3119 3745 3225 ἔϊκῒέ

627 3231 745 3295 rum
770 3219 1033 3295 scribitur;
1061 3221 1293 3279 Ostende
1321 3219 1453 3282 mihi
1478 3227 1670 3281 faciem
1696 3235 1863 3295 tuam,
1893 3236 1948 3283 et
1975 3229 2129 3284 audi—

626 3293 737 3365 tam
768 3287 1012 3365 faemibi
1034 3306 1216 3365 vocem
1242 3302 1410 3359 tuam,
1434 3297 1689 3365 quoniam
1712 3313 1813 3353 vox
1835 3287 1926 3353 tua
1951 3299 2132 3354 suavis

624 3357 1328 3449 ἱεὲηιξξὶὴίιεξ,ξειείεξηιιεθ
1362 3357 1605 3449 sesese
1628 3366 1823 3449 ,(σακιι
1849 3369 1952 3449 3|):
1991 3369 2129 3449 φαοά

624 3426 834 3508 quidem
864 3430 1148 3510 capitulum
1175 3431 1254 3488 illi
1279 3426 1721 3507 impudentissime
1748 3437 1818 3492 ad
1842 3426 2129 3510 imaginum

625 3498 873 3551 uisionem
899 3498 1243 3569 protulerunt.

622 3597 815 3662 Facies
853 3607 1109 3667 Ecclesia:
1135 3628 1295 3683 quam
1328 3613 1574 3673 Christus
1600 3614 1812 3674 blandis
1852 3620 2129 3674 nominum

555 3696 907 3755 varietatibus
932 3700 1240 3772 alloquitur,
1278 3708 1436 3763 modo
1466 3723 1586 3764 eam
1611 3708 1933 3776 columbam,
1970 3713 2130 3767 modo

558 3787 869 3858 formosam,
898 3794 1057 3850 modo
1082 3797 1312 3853 amicam
1340 3814 1579 3867 vocans;
1614 3816 1773 3871 quam
1804 3818 2046 3874 surgere,
2077 3803 2130 3859 id

555 3891 670 3948 est,
706 3884 958 3951 credere,
1001 3902 1295 3958 properare
1318 3931 1331 3954 ,
1370 3892 1424 3947 in
1461 3893 1715 3963 operibus
1745 3894 1902 3951 bonis
1942 3910 2132 3951 excre-

555 3987 728 4037 scere,
754 3976 957 4040 venire,
986 3979 1055 4033 ad
1079 3989 1335 4036 mternam
1359 3986 1848 4042 remunerationem
1873 3988 2131 4044 accedere

556 4062 720 4134 iubet,
745 4080 851 4123 non
864 4070 1183 4141 corporalis,
1206 4068 1299 4129 sed
1317 4075 1575 4143 spiritalis
1593 4085 1696 4144 est,
1714 4078 1839 4148 Quia
1861 4090 1917 4135 et
1936 4088 2131 4136 caetera

556 4171 677 4228 qua:
701 4158 768 4215 de
792 4170 856 4215 ea
886 4160 940 4215 in
967 4160 1156 4218 iisdem
1179 4160 1414 4222 Canticis
1441 4169 1774 4224 canticorum
1798 4171 2128 4238 scribuntur,

557 4266 663 4304 non
677 4252 965 4307 carnaliter
977 4255 1069 4310 sed
1082 4254 1396 4324 spiritaliter
1415 4258 1755 4330 intelligenda
1768 4268 1913 4316 sunt.
1925 4260 2059 4317 Nam
2084 4263 2130 4319 si

557 4340 648 4397 hic
669 4342 968 4398 versiculus
987 4345 1203 4400 cuidam
1230 4347 1497 4417 corporali
1520 4348 1599 4403 rei
1621 4352 2016 4407 accommodari
2035 4364 2130 4422 po-

2300 3179 2577 3255 nui'docte‘,
2596 3192 2665 3246 ad
2699 3179 2988 3261 imaginum
3015 3179 3375 3242 ad'oratiauem
3401 3183 3578 3253 referre
3613 3179 3745 3234 nitun-

2301 3274 2408 3318 tur.
2425 3307 2434 3317 .

2303 3356 2453 3411 lianc
2474 3351 2813 3425 prophetiam
2838 3349 3110 3422 Josepbns
3134 3348 3192 3404 in
3220 3348 3359 3405 Onia
3390 3343 3648 3404 sacerdote
3679 3340 3750 3409 qui

2228 3446 2489 3518 profugus
2527 3445 2583 3500 in
2626 3443 2921 3515 Egyptum
2961 3440 3208 3519 plurimis
3236 3440 3535 3496 Judteorum
3567 3432 3753 3488 vallatus

2229 3537 2462 3593 catervis
2495 3534 2786 3596 descendit,
2816 3532 3092 3599 altareque
3116 3529 3188 3584 ibi
3208 3537 3267 3585 et
3286 3528 3535 3611 templum

2230 3628 2329 3693 xit,
2368 3626 2641 3696 impletam
2666 3623 2832 3679 fuisse
2859 3625 3083 3682 narrat;
3115 3632 3215 3675 nos
3239 3607 3368 3675 vero
3390 3618 3478 3688 qui
3505 3631 3561 3672 ea
3583 3627 3683 3683 quae
3700 3607 3753 3664 de

2229 3718 2431 3775 Christi
2455 3717 2684 3773 adventu
2708 3724 2765 3769 et
2778 3713 3059 3768 vocatione
3072 3712 3313 3782 gentium
3334 3709 3626 3781 prophetat:
3636 3707 3749 3761 sant.

2214 3822 2337 3863 non
2365 3816 2425 3861 ut
2459 3806 2639 3861 fumea
2682 3812 3058 3867 autumamus,
3096 3802 3193 3856 sed
3217 3808 3281 3856 ut
3315 3798 3573 3869 praeterita
3599 3793 3752 3848 devota

2229 3906 2413 3953 mente
2452 3904 2696 3952 tenemus
2726 3901 2781 3949 et
2813 3893 3084 3948 credimus
3107 3931 3122 3956 ,
3173 3903 3289 3947 non
3315 3892 3451 3946 hanc
3473 3879 3750 3958 prophetiam

2229 3987 2555 4060 cornpletsq
2592 3983 2761 4040 fuisse
2786 3983 3049 4040 senum
3073 3993 3172 4051 per
3215 3980 3410 4037 Oniam
3435 3973 3749 4073 sacerdotes).

2218 4079 2327 4136 sed
2347 4092 2445 4149 per
2467 4076 2743 4134 Christum
2762 4076 3067 4138 Dmninum,
3097 4074 3192 4129 Dei
3220 4081 3281 4129 et
3304 4070 3570 4128 hominum
3591 4063 3751 4120 Inedia-

2229 4177 2423 4225 torem.
2470 4167 2575 4235 Qui
2611 4167 2862 4223 videlicet
2906 4166 3067 4222 iidem
3097 4166 3152 4219 in
3182 4166 3290 4221 hoc
3319 4152 3753 4251 munquliplf’

2228 4272 2461 4330 rumque
2494 4257 2712 4329 Egypti
2753 4257 2972 4312 nomine
3011 4255 3360 4325 designatur,
3404 4246 3675 4308 constituit.
3706 4246 3751 4293 in

2226 4348 2395 4420 citius
2428 4347 2695 4404 soliditate
2733 4362 2766 4401 a
2810 4345 3056 4402 ﬁdelibus
3094 4344 3401 4405 orationum
3446 4333 3679 4397 sacriﬁcia
3706 4334 3751 4383 α

558 4440 681 4495 test,
703 4441 764 4488 ut
780 4433 858 4488 illi
879 4435 1167 4502 somniant,
1189 4437 1281 4507 qui
1305 4437 1450 4493 hunc
1466 4438 1537 4494 ad
1565 4439 1855 4511 imaginum
1869 4442 2130 4499 visionem
2155 4464 2208 4524 ι)
2230 4448 2542 4498 structorum
2593 4438 2912 4494 meritorum
2959 4435 3214 4492 libamina
3541 4430 3748 4524 Ηωξωτῖ

557 4524 899 4591 protulerunt
919 4562 936 4591 ,
981 4542 1107 4598 ergo
1144 4537 1199 4585 et
1222 4531 1403 4586 omnia
1430 4547 1554 4602 qua:
1586 4533 1653 4588 de
1681 4549 1893 4603 sponsa;
1929 4534 2124 4592 Christi

2224 4531 2384 4602 juxta
2415 4529 2568 4599 cujus
2601 4529 2888 4585 terminum
2932 4526 3146 4583 titulum
3191 4525 3390 4595 posuit,
3427 4521 3480 4578 id
3502 4526 3596 4583 est,
3617 4514 3752 4570 Enn-

563 4611 813 4669 Ecclesia:
855 4617 1111 4673 membris
1149 4620 1489 4687 scribuntur,
1531 4623 1831 4693 corporalia
1862 4624 2131 4682 credenda

560 4709 722 4770 sunt;
761 4711 817 4758 et
838 4704 884 4760 si
914 4705 1030 4761 haec
1060 4708 1239 4762 omnia
1269 4722 1374 4764 non
1408 4710 1667 4766 membris
1690 4712 2010 4780 visibilibus,
2036 4715 2133 4772 sed

562 4794 848 4852 virtutibus
894 4798 1220 4854 conveniunt
1261 4798 1651 4867 invisibilibus,
1706 4817 1835 4873 ergo
1874 4812 1930 4860 et
1967 4803 2132 4861 facies

557 4883 706 4954 ejus,
746 4886 918 4942 virtus
947 4888 1126 4956 potius
1162 4887 1448 4946 invisibilis
1471 4906 1633 4961 quam
1667 4892 1946 4963 cujusdam
1976 4895 2135 4951 debet

559 4978 781 5051 mtelligi
803 4978 949 5036 visus
970 4980 1238 5054 imaginis.
1265 4983 1454 5040 Facies
1478 4984 1661 5055 itaque
1678 4984 1934 5042 Ecclesia:
1956 4987 2134 5058 cogni-

562 5070 633 5125 tio
659 5071 918 5127 virtutum
944 5071 1060 5141 ejus
1088 5081 1204 5141 est,
1243 5073 1395 5145 cuius
1415 5075 1832 5145 pulchritudinis
1856 5084 2135 5134 venustate

559 5159 627 5214 ab
652 5174 850 5230 sponso
871 5161 1131 5233 diligitur,
1173 5165 1260 5219 cui
1284 5164 1421 5239 bene
1444 5179 1543 5235 per
1570 5167 1884 5237 prophetam
1911 5167 2127 5233 dicitur,

562 5250 823 5316 Quoniam
850 5255 1137 5324 concupivit
1163 5270 1252 5309 rex
1274 5257 1493 5326 speciem
1516 5266 1685 5311 tuam.
1720 5257 1977 5314 Hortatur
2002 5274 2132 5331 ergo

559 5342 807 5399 Christus
842 5343 1159 5410 Ecelesiam,
1210 5353 1271 5399 ut
1293 5344 1487 5403 faciem
1511 5362 1669 5402 suam
1687 5347 1744 5403 ei
1765 5349 2043 5416 ostendat,
2079 5349 2135 5405 id

561 5439 671 5498 est,
707 5438 768 5488 ut
808 5448 1020 5505 semper
1047 5450 1172 5491 eum
1212 5437 1601 5508 contempletur
1621 5438 1732 5495 ﬁde
1770 5448 1827 5496 et
1859 5441 2131 5510 operibus,

572 5528 630 5576 ut
660 5539 783 5580 cum
810 5524 925 5580 Elia
963 5525 1141 5582 dicere
1160 5528 1371 5597 possit:
1419 5526 1551 5585 Vivit
1577 5529 1849 5598 Dominus,
1900 5534 1956 5588 in
1981 5533 2133 5603 cujus

2228 4621 2434 4693 getiam
2472 4620 2591 4677 sive
2633 4617 2983 4689 apostolicam
3002 4616 3311 4675 doctrinam
3332 4655 3347 4679 ,
3382 4612 3568 4683 quibus

2224 4691 2478 4769 iidelium
2501 4711 2568 4767 ad
2585 4710 2892 4782 peragenda
2912 4711 3057 4766 bona
3077 4718 3241 4779 {pars
3254 4708 3613 4764 informantur.
3636 4691 3753 4764 Quod

2236 4818 2367 4860 vero
2406 4802 2716 4874 subjungit:
2745 4800 2814 4859 Et
2840 4802 2938 4856 erit
2960 4802 3018 4855 in
3048 4802 3261 4872 signum
3298 4809 3348 4854 et
3375 4800 3431 4853 is
3459 4788 3754 4885 rationarius!

2239 4895 2461 4951 Domino
2497 4895 2817 4951 exercitum
2841 4893 2899 4947 in
2924 4902 3066 4949 terra
3101 4891 3322 4964 ﬂgypti
3360 4889 3493 4961 (Ιαι.
3542 4878 3671 4950 ιιι),
3699 4878 3756 4930 εἱ-

2240 5001 2410 5058 gnum
2428 4994 2488 5044 et
2518 4985 2882 5042 teStimonium
2895 4982 3189 5038 Dominica:
3214 4980 3381 5039 voluit
3400 4973 3643 5049 passionis
3665 4979 3756 5065 ηιξ·

2238 5078 2463 5135 sterium
2486 5075 2727 5145 intelligi.
2761 5073 2905 5128 Tunc
2926 5073 2981 5129 hi
2994 5072 3089 5144 qui
3111 5071 3440 5129 crediderint
3457 5065 3755 5123 ωωσιπιιιη·

2230 5172 2333 5228 τὸυ
2359 5170 2622 5241 ﬁguratis
2654 5176 2841 5224 υοκετα
2862 5165 3159 5238 *δαπίδων
3185 5173 3233 5220 εί
3252 5169 3511 5235 Wa“
3532 5156 3629 5212 om

2230 5273 2322 5319 tm
2366 5239 2586 5334 fratrem
2621 5275 2800 5324 suum,
2832 5267 2884 5315 et
2914 5258 3123 5313 ciuitate
3148 5263 3332 5311 contu
3365 5250 3608 5307 civitate!!!

2224 5329 2415 5421 sonte,
2454 5364 2580 5411 eum
2608 5348 3004 5422 persecutionis
3027 5347 3236 5404 scilicet
3279 5352 3487 5412 tempus
3520 5329 3749 5422 ingruerit

2238 5419 2587 5515 ιηιρωνιιωκ
2612 5419 3268 5501 ὶιοηιεηίτηίεσίοστάεω,
3289 5419 3748 5515 auius-'54"?

2234 5511 2504 5600 ladietziet,
2548 5533 2605 5590 id
2645 5540 2730 5589 est
2773 5530 2935 5587 Jcsus
2960 5530 3091 5601 (hoc
3122 5526 3270 5585 enim
3320 5523 3375 5578 in
3415 5519 3582 5587 lingua
3608 5511 3745 5569 nam

632 5689 657 5715 ιι
686 5672 867 5757 Neque
886 5692 976 5747 per
995 5679 1302 5749 apostolicos
1335 5682 1467 5738 viros
1493 5682 1694 5754 uspiam
1754 5682 2045 5739 institutam
2098 5701 2207 5741 esse
2232 5686 2537 5758 'repererim.
2580 5680 2907 5743 Emendator
2950 5683 3201 5751 faciebat,
3244 5676 3531 5750 reperimus.
3588 5657 3740 5723 Ὴλίιων

566 5758 937 5815 remrem.
2108 5772 2115 5783 ·
