4070 6186
362 328 495 384 1077

352 539 515 595 scent
545 545 674 589 eum
709 530 824 587 sive
864 535 1239 599 persecutores
1284 527 1379 596 qui
1419 526 1636 586 fuerunt
1676 523 1936 593 superati,

358 626 474 683 sive
503 623 789 683 credentes
815 619 1070 689 praesenti
1110 618 1311 677 auxilio
1346 617 1580 677 liberati.
1610 616 1746 675 Cum
1775 616 1940 687 igitur

358 717 463 777 iste
486 714 562 771 sit
579 726 768 771 sensus
788 709 1091 779 prophetici
1119 707 1403 771 sermonis,
1436 715 1491 760 et
1518 706 1608 762 hic
1632 707 1703 767 sit
1731 704 1944 763 intelle-r

358 816 485 867 ctus
509 804 649 865 tituli
690 810 749 858 et
769 801 976 866 altaris,
1018 800 1142 870 quis
1166 799 1309 855 hunc
1334 798 1401 853 ad
1430 798 1721 867 imaginum
1747 796 1942 853 adora.

367 898 566 959 tionem
592 889 1001 951 asseverantium
1026 886 1285 957 proferat,
1312 886 1415 946 nisi
1441 900 1605 954 quem
1627 900 1737 943 sum
1761 898 1947 941 venor.

356 986 466 1043 diu:
485 982 659 1053 caligo
685 979 964 1041 escmcat?
988 979 1173 1051 quisve
1195 992 1293 1047 per
1321 977 1692 1047 propheticum
1719 977 1855 1033 bene
1877 977 1946 1032 ab

367 1073 573 1148 Spiritu
627 1078 813 1135 sancto
865 1068 1130 1140 prolatum
1189 1083 1493 1129 sermonem
1544 1081 1700 1125 suum
1753 1066 1949 1124 audeat

368 1172 611 1221 astruere
635 1161 734 1219 niti
757 1174 1015 1225 errorem,
1057 1157 1161 1213 nisi
1187 1172 1349 1227 quem
1388 1155 1595 1211 erroris
1633 1153 1948 1223 magnitudo

368 1269 526 1310 suum
544 1234 927 1320 usquequaque
968 1247 1157 1303 fecerit
1181 1262 1301 1302 esse
1327 1246 1647 1315 sequacem?
1674 1243 1950 1310 Quomodo

368 1358 500 1414 ergo
536 1340 803 1414 quoddam
852 1337 936 1393 vel
986 1338 1101 1391 leve
1144 1336 1360 1406 quidem
1394 1350 1460 1389 ex
1496 1336 1581 1390 bis
1621 1334 1793 1393 sancti
1827 1348 1952 1407 pro-

360 1433 543 1503 pheta:
574 1430 750 1486 verbis
764 1428 1161 1485 adminiculum
1188 1428 1384 1497 poterit
1408 1442 1621 1483 sumere
1657 1425 1951 1503 imaginum

372 1521 639 1587 adoratio,
667 1536 792 1581 eum
818 1528 1031 1575 constet
1058 1534 1122 1577 ea
1145 1535 1253 1577 non
1279 1528 1339 1577 ut
1356 1518 1706 1577 historialiter
1732 1518 1787 1571 in
1821 1531 1953 1585 quo-

372 1613 496 1667 dam
544 1611 700 1665 altari
730 1610 842 1664 sive
872 1609 1029 1664 titulo
1058 1608 1475 1677 complerentur,
1524 1607 1619 1663 sed
1643 1614 1703 1662 ut
1740 1606 1953 1675 spirita-

371 1704 497 1767 liter
520 1703 575 1756 in
601 1688 803 1758 Christi
832 1701 935 1755 ﬁde
958 1709 1014 1755 et
1049 1700 1326 1769 evangelio
1360 1715 1390 1755 a
1416 1698 1664 1757 ﬁdelibus
1690 1697 1954 1752 haberen-

1168 320 1348 390 LtBttt
1382 321 1725 387 CAROLINI.
1765 350 1837 363 -
1870 293 2094 381 estur.
2134 318 2226 376 ne
2262 315 2454 374 tunc.
2495 344 2565 365 μη
2594 313 2727 371 Lm:
2766 310 2832 368 ιι.

354 440 553 515 sonat);
577 446 625 505 βε
646 446 982 511 cognoscam
992 436 1245 503 Dominus
1270 438 1336 497 ab
1358 436 1641 508 :Egyptiis.
1657 443 1714 497 et
1738 448 1940 506 eogno-
1965 439 2019 498 Α

3482 306 3617 362 1078

2628 424 2860 489 CAPUT
2895 418 3033 482 XIII.

2034 523 2124 599 De
2147 540 2209 578 eo
2246 520 2488 599 φασξ-μά
2529 535 2683 574 suum
2689 534 2942 599 herrorem
2982 515 3399 599 conﬁrmandum
3438 515 3619 570 dicunt

2105 586 2309 649 beatum
2341 590 2639 648 Silvestrem
2680 587 2933 649 Romana?
2975 586 3117 642 urbis
3165 587 3448 643 antistitem
3490 601 3621 655 apo-

2106 662 2358 718 stolorum
2384 660 2635 730 imagines
2664 656 3004 730 Cpnstantinq
3026 657 3326 730 imperatori
3355 654 3619 720 detulisse,

2110 748 2226 786 cum
2256 740 2428 786 tamen
2454 726 2542 784 eos
2571 744 2676 782 non
2694 726 2897 797 legatur
2925 726 3151 786 adorare
3171 727 3417 798 jussisse.

2111 820 2266 892 Str-pe
2294 823 2347 877 in
2390 822 2495 876 hoc
2521 827 2706 875 nostro
2747 818 2967 887 speciali
2994 816 3061 873 de
3103 818 3428 889 imaginibus
3461 831 3625 887 opere.

2044 916 2201 971 fateri
2244 914 2486 984 cogimur
2524 913 2667 984 quod
2706 912 2807 967 illa:
2834 927 2940 967 non
2981 911 3169 968 haberi
3213 915 3307 967 sed
3353 912 3566 967 adorari
3595 929 3623 965 ει

2044 1006 2199 1062 nobis
2234 1005 2598 1067 inbibeantur,
2636 1018 2738 1057 nec
2767 1001 2978 1056 illarum
3010 1001 3062 1055 in
3090 1001 3423 1057 ornamentis
3448 1000 3625 1056 basili-

2045 1113 2230 1155 carum
2275 1106 2330 1151 et
2374 1095 2631 1149 memoria
2683 1109 2861 1155 rerum
2906 1101 3176 1163 gestarum
3207 1094 3622 1148 constitutarum

2046 1189 2293 1259 fugienda
2322 1187 2394 1243 sit
2432 1187 2588 1252 visio,
2636 1187 2728 1242 sed
2763 1186 3180 1241 insolentissima
3211 1186 3295 1242 vel
3332 1187 3511 1258 potius
3539 1203 3629 1242 su-

2047 1278 2508 1352 perstitiosissima
2536 1276 2865 1337 exsecranda
2897 1276 2968 1330 sit
3001 1277 3263 1331 adoratio.
3308 1276 3459 1333 Unde
3490 1277 3627 1331 sicut

2048 1370 2102 1425 in
2131 1368 2341 1425 caeteris
2364 1368 2440 1422 ita
2468 1375 2523 1421 et
2545 1367 2599 1420 in
2623 1367 2725 1425 hoc
2744 1366 2990 1439 exemplo
3011 1367 3238 1422 assertio
3261 1366 3627 1430 frustrabitur,

2050 1457 2140 1527 qui
2170 1470 2324 1512 suum
2351 1468 2589 1509 errorem
2605 1455 2658 1508 in
2685 1454 2995 1507 adoratinne
3022 1456 3310 1525 imaginum
3338 1456 3630 1511 enitentem

2052 1547 2105 1601 in
2127 1560 2192 1600 eo
2218 1544 2406 1599 fulcire
2429 1549 2693 1598 conentur
2718 1542 2860 1612 quod
2891 1542 3147 1598 Silvestcr
3168 1543 3422 1598 Rontanm
3452 1543 3637 1598 Eccle-

2053 1637 2145 1691 sia:
2172 1634 2371 1705 praesul
2390 1633 2744 1690 Constantino
2770 1634 3078 1703 imperatori
3108 1634 3472 1703 apostolorum
3504 1633 3637 1693 ima:-

2055 1730 2205 1800 gines
2237 1727 2490 1783 detulisse
2515 1726 2730 1799 legitur.
2759 1726 2960 1781 Detulit
2985 1742 3115 1798 ergo
3140 1743 3233 1782 eas
3262 1728 3337 1782 illi
3366 1728 3431 1785 ad
3458 1727 3642 1782 viden-

366 1784 481 1867 ἰυιν
505 1796 649 1851 dicta
675 1794 882 1850 fuisse?
913 1793 1043 1861 Quae
1073 1805 1249 1849 tamen
1278 1794 1381 1849 ειεί
1411 1793 1476 1848 de
1501 1792 1766 1862 corpora“
1796 1790 1951 1847 θωπί
1986 1779 2027 1837 θ
2055 1779 2203 1880 ἓᾶὶζιξ
2242 1779 2453 1870 Tum
2470 1779 3106 1879 unanimanti}?
3133 1779 3239 1871 DDD
3263 1779 3347 1870 1.;
3369 1779 3635 1882 Quae,

372 1889 485 1944 sive
516 1888 674 1943 titulo
723 1886 1073 1942 historialiter
1107 1885 1248 1943 dicta
1290 1885 1557 1956 fuissent,
1608 1901 1714 1943 non
1754 1885 1955 1939 idcirco

374 1982 663 2053 imaginum
690 1987 905 2049 poterat
929 1979 1097 2035 astrui
1136 1979 1381 2035 adoratio
1401 2018 1416 2043 ,
1468 1993 1591 2033 cum
1628 1977 1836 2041 scilicet
1865 1974 1953 2031 illa

372 2088 482 2126 non
524 2072 794 2127 adoranda
834 2069 969 2133 fore,
1009 2072 1103 2126 sed
1130 2069 1247 2124 fore
1293 2068 1664 2124 tantummodo
1693 2065 1956 2143 propheta.

371 2161 702 2232 praedixerit.
738 2161 897 2217 Aliud
932 2161 1076 2216 enim
1110 2168 1194 2216 est
1236 2161 1364 2224 erit,
1401 2158 1548 2213 aliud
1598 2156 1953 2220 adorabitur;

374 2250 521 2305 aliud
560 2249 726 2304 altare
771 2250 997 2313 Domini,
1045 2249 1190 2304 aliud
1221 2248 1505 2317 cujuslibet
1548 2248 1764 2319 imago;
1814 2244 1961 2300 aliud

375 2338 557 2396 titulus
574 2340 737 2412 juxta
763 2342 1031 2403 terminos,
1066 2339 1208 2397 aliud
1238 2338 1529 2397 similitudo
1549 2337 1608 2399 in
1638 2334 1963 2407 quibuslibet

376 2430 638 2486 materiis.
672 2428 791 2484 Non
824 2445 953 2500 ergo
979 2431 1092 2484 ait:
1144 2429 1261 2484 Erit
1290 2437 1499 2498 tempus
1536 2427 1751 2498 quando
1785 2425 1963 2483 nullus

377 2520 484 2575 nisi
514 2521 804 2591 imaginum
834 2510 1088 2577 adorator
1114 2521 1222 2579 Deo
1250 2519 1517 2590 placebit;
1554 2534 1653 2577 nec
1676 2518 1791 2573 ait:
1823 2517 1963 2573 Tan-

380 2620 468 2666 tus
493 2612 784 2681 imaginum
811 2611 986 2667 cultus
1027 2612 1286 2671 inolescct
1310 2653 1325 2676 ,
1371 2620 1430 2669 ut
1453 2612 1699 2682 quisquis
1730 2626 1825 2666 eas
1856 2625 1961 2665 non

342 2758 345 2759 ν
380 2700 704 2765 adoraverit,
738 2704 913 2769 neque
940 2700 1095 2754 thure
1120 2710 1175 2755 et
1213 2701 1570 2757 luminaribus
1609 2700 1721 2756 sive
1746 2699 1967 2769 quibus-

382 2792 504 2846 dam
544 2791 794 2860 primitiis
816 2792 1181 2857 bonoraverit,
1226 2794 1567 2849 anathemate
1605 2793 1796 2862 dignus
1841 2792 1963 2855 erit,

382 2882 477 2937 sed
503 2882 613 2935 ait:
655 2881 772 2935 Erit
799 2882 967 2936 altare
1010 2882 1222 2937 Domini
1257 2884 1311 2937 in
1339 2872 1509 2938 medio
1545 2872 1699 2939 terra:
1724 2882 1963 2952 Αῖῃῃριὶ,

384 2986 431 3028 et
483 2970 665 3028 titulus
708 2973 867 3043 juxta
915 2975 1192 3029 terminum
1238 2974 1352 3045 ejus
1393 2973 1624 3037 Domini,
1674 2974 1870 3041 eritque
1912 2973 1968 3027 in

384 3064 590 3134 signum
614 3072 661 3117 et
686 3064 741 3117 in
767 3064 1120 3118 testimonium
1153 3063 1373 3119 Domino
1401 3064 1720 3117 exercituum
1747 3062 1802 3116 in
1830 3071 1967 3115 terra

386 3128 601 3223 Δέρειρή
614 3170 634 3216 ;
661 3168 725 3206 ac
751 3152 795 3207 si
822 3161 1071 3224 patenter
1097 3153 1299 3209 diceret
1323 3171 1337 3208 :
1370 3153 1489 3207 Erit
1514 3151 1647 3211 ﬁdes
1674 3151 1730 3211 in
1767 3148 1966 3206 mundo
1990 3128 2036 3191 (ἶ

384 3251 439 3299 et
465 3243 735 3314 Evangelii
773 3244 1121 3313 przedicatio,
1164 3261 1263 3315 per
1307 3261 1470 3315 quam
1511 3244 1804 3303 Dominicte
1842 3258 1967 3314 pas-

386 3335 554 3390 sionis
591 3345 645 3390 et
674 3344 875 3391 nostra:
908 3338 1291 3409 redemptionis
1329 3336 1694 3394 manifestatio
1729 3335 1968 3391 declara-

366 3418 553 3480 'bitur.

990 3536 1218 3597 CAPUT
1253 3537 1369 3594 XII.

391 3667 773 3724 Absurdissime
812 3677 859 3722 et
899 3671 1105 3724 incaute
1133 3679 1315 3724 contra
1349 3685 1436 3724 eos

458 3753 612 3793 orare
636 3748 987 3804 contemnunt,
1009 3740 1077 3794 ab
1093 3741 1174 3794 his
1199 3741 1288 3809 qui
1312 3754 1404 3794 eas
1428 3738 1677 3809 adorant,
1705 3738 1969 3809 prolatum

461 3809 808 3869 testimonium
843 3811 1011 3863 sancti
1037 3808 1350 3875 Evangelii;
1391 3808 1557 3864 Nemo
1601 3808 1844 3865 accendit
1885 3808 1965 3862 lu—

462 3890 677 3999 ccm'am
705 3885 759 3931 et
786 3878 937 4017 ponit
964 3894 1084 3932 eam
1115 3877 1214 3933 sub
1247 3879 1425 3934 modio
1452 3878 1664 3949 (Matth.
1696 3894 1748 3943 ν,
1798 3877 1968 3932 Marc.

465 3960 542 4012 tv,
618 3964 702 4000 uc.
740 3963 790 4000 XI
826 3986 841 4000 .

465 3960 542 4012 tv,
576 3960 702 4000 Luc.
740 3960 841 4012 XI).

1510 3671 1563 3724 nl
1592 3670 1843 3739 imagines
1875 3668 1971 3722 ad-

460 4098 510 4156 O
539 4116 628 4157 res
653 4101 1043 4172 inconsequens
1066 4110 1124 4157 et
1150 4102 1263 4158 risu
1303 4102 1462 4173 digna
1492 4144 1507 4167 ,
1542 4105 1684 4173 quod
1725 4104 1971 4174 quaedam

395 4191 578 4245 nescio
602 4206 711 4260 quo
730 4207 893 4247 sensu
907 4193 959 4249 in
979 4189 1217 4259 ejusdem
1240 4191 1493 4247 vanitatis
1523 4192 1749 4247 lectione
1776 4192 1843 4247 de
1868 4208 1973 4247 no-

395 4280 480 4339 bis
512 4281 603 4350 qui
631 4281 924 4352 imaginum
969 4281 1337 4338 adorationem
1364 4284 1686 4351 spernimus,
1730 4284 1979 4339 scribun-

399 4380 505 4435 tur,
533 4385 603 4425 ex
629 4372 716 4430 his
743 4387 862 4441 quas
884 4372 1148 4429 Dominus
1176 4372 1465 4441 discipulos
1485 4373 1550 4426 ad
1574 4373 1974 4442 praedicandum

2053 1920 2211 1977 quem
2248 1920 2280 1959 a
2309 1905 2720 1961 simulacrorum
2764 1906 2907 1961 cultu
2948 1907 3261 1962 abstrahere
3287 1913 3342 1960 et
3379 1907 3447 1962 ad
3472 1905 3639 1961 solius

2056 1997 2152 2052 Dei
2177 1990 2861 2052 adorationem'convolare
2891 1996 3229 2063 hortabatur,
3266 1998 3634 2067 compelleret,

2056 2089 2149 2143 sed
2176 2096 2236 2141 ut
2260 2087 2401 2142 idem
2430 2087 2723 2156 imperator
2739 2101 2876 2156 quos
2898 2086 2952 2140 in
2974 2088 3177 2142 somnis
3199 2088 3424 2153 viderat,
3450 2103 3641 2143 eorum

2055 2177 2238 2232 vultus
2271 2177 2325 2231 in
2350 2176 2575 2246 pictum
2606 2175 2746 2232 fucis
2787 2184 3152 2247 cognosceret.
3194 2172 3413 2241 Detulit,
3445 2194 3552 2232 non
3581 2189 3641 2233 ιιι

2058 2270 2126 2324 ab
2155 2268 2417 2324 idolorum
2457 2268 2665 2323 cultura
2689 2266 2976 2339 fugientem
3002 2269 3293 2341 imaginum
3338 2270 3638 2327 adoratioui

2054 2358 2251 2414 cedere
2277 2356 2614 2423 informaret,
2644 2366 2700 2413 et
2726 2359 2795 2413 ab
2818 2358 2997 2415 hostili
3022 2357 3199 2429 gladio
3236 2359 3520 2417 liberatum
3554 2361 3638 2416 in-

2060 2451 2243 2505 testini
2276 2451 2423 2508 ensis
2466 2450 2646 2521 rigore
2672 2450 2983 2520 perimeret,
3016 2451 3110 2505 sed
3150 2459 3208 2505 ut
3233 2466 3335 2521 per.
3354 2467 3442 2506 res
3484 2462 3642 2508 notas

2060 2542 2129 2598 ad
2163 2558 2248 2598 res
2277 2542 2488 2614 ignotas
2516 2540 2633 2610 ejus
2664 2550 2897 2597 mentem
2923 2543 3235 2606 extolleret,
3283 2551 3343 2598 ut
3372 2559 3508 2614 quos
3535 2559 3640 2598 non

2060 2645 2275 2707 poterat
2314 2635 2513 2694 mentis
2546 2636 2703 2691 oculo
2731 2649 2975 2700 cernere,
3024 2652 3124 2692 nec
3167 2637 3294 2692 dum
3330 2636 3643 2708 gentilitatis

2062 2725 2289 2782 maculis
2316 2734 2512 2781 exutus
2535 2766 2548 2792 ,
2588 2725 2919 2795 spiritalibus
2945 2726 3217 2781 miraculis
3252 2735 3518 2793 cerneret,
3560 2728 3643 2781 ni-

2064 2815 2260 2875 mirum
2284 2830 2471 2870 eorum
2503 2815 2764 2885 imagines
2787 2815 3157 2884 corporalibus
3181 2817 3428 2871 condias
3453 2817 3647 2871 instru-

2065 2907 2282 2961 mentis.
2314 2905 2425 2961 llas
2450 2905 2617 2977 igitur
2638 2905 2689 2961 ei
2713 2915 2768 2961 et
2792 2905 2837 2960 si
2863 2905 3089 2965 adorare
3111 2905 3377 2976 iussisset,
3411 2923 3534 2962 cum
3564 2916 3646 2962 ta-

2065 3009 2189 3049 men
2218 3009 2327 3051 non
2350 2992 2592 3062 jusserit,
2622 2994 2743 3050 ideo
2771 2992 3018 3050 fortassis
3043 2993 3276 3060 iuberet,
3318 3004 3378 3050 ut
3404 3009 3529 3051 eum
3552 2996 3643 3065 qui

2067 3085 2355 3142 visibilium
2385 3085 2562 3142 cultor
2587 3093 2704 3141 crat
2731 3100 2830 3154 per
2853 3084 3086 3145 visibilis
3123 3086 3191 3140 ad
3217 3085 3503 3142 invisibilia
3524 3101 3647 3156 pro-

2070 3181 2306 3239 vocarct,
2336 3191 2446 3231 non
2472 3182 2533 3230 ut
2552 3190 2653 3231 nos
2676 3175 2742 3231 de
2768 3175 3127 3231 invisibilibus
3145 3176 3212 3231 ad
3238 3177 3466 3232 visibilia
3493 3192 3648 3232 revo-

2066 3275 2254 3319 caret:
2302 3278 2401 3320 nec
2427 3264 2550 3320 ideo
2575 3264 2728 3323 nobis
2757 3265 2848 3334 qui
2892 3265 2959 3320 ad
2987 3265 3390 3335 percipiendum
3420 3266 3646 3322 subdam

2066 3355 2245 3411 cibum
2270 3356 2414 3413 vires
2452 3356 2779 3425 accepimus,
2810 3368 2835 3396 ι
2880 3357 2946 3412 ad
2972 3357 3198 3412 lacteum
3226 3372 3407 3412 escam
3446 3357 3648 3412 lacten-

2066 3448 2203 3504 tium
2222 3462 2372 3505 more
2400 3446 2683 3505 infantium
2706 3448 3035 3503 redeundum
3055 3456 3218 3512 esset,
3244 3448 3291 3502 si
3319 3447 3393 3501 illi
3414 3448 3499 3502 cui
3532 3463 3653 3502 ncc-

2061 3537 2195 3595 .dum
2225 3549 2323 3605 per
2366 3535 2488 3593 ﬁdei
2519 3535 2934 3591 teneritudinem
2970 3536 3171 3592 solidus
3202 3536 3354 3591 cibus
3384 3536 3648 3606 impertiri

2066 3632 2302 3694 poterat,
2331 3625 2445 3684 sine
2472 3623 2593 3681 dolo
2625 3622 2708 3677 lac
2749 3626 3214 3696 concupiscendum
3237 3625 3289 3698 (Ι
3314 3625 3431 3680 Pet.
3462 3627 3524 3697 ιι)
3556 3628 3649 3682 da-

2070 3723 2220 3770 retur
2252 3715 2307 3773 in
2336 3729 2454 3784 .quo
2478 3722 2770 3773 cresceret.
2823 3713 2974 3770 Unde
3006 3722 3062 3769 et
3102 3714 3390 3784 Apostolus
3430 3717 3651 3772 novella:

2066 3807 2325 3868 Ecclesia:
2342 3822 2410 3863 ex
2436 3806 2844 3871 circumcisione
2870 3814 2925 3861 et
2948 3806 3245 3876 gentilitate
3266 3807 3517 3872 venienti,
3549 3808 3653 3876 spi-

2070 3897 2248 3957 ritalis
2270 3896 2429 3955 lactis
2458 3904 2512 3953 et
2534 3895 2741 3955 olerum
2772 3896 2953 3953 cibum
2979 3897 3161 3961 dabat,
3195 3896 3246 3953 id
3272 3903 3383 3960 est,
3411 3896 3650 3952 faciliora

2072 3989 2140 4045 ad
2164 3986 2566 4055 intelligendum
2587 3986 2903 4047 documenta
2930 3994 2987 4041 et
3008 3986 3208 4046 leviora
3232 3986 3303 4043 ad
3328 3986 3646 4056 explendum

2070 4087 2359 4150 praecepta,
2395 4079 2592 4148 quibus
2618 4077 2861 4139 carnales
2902 4087 3111 4135 mentes
3142 4078 3297 4147 quasi
3331 4078 3384 4133 in
3422 4079 3651 4148 quadam

2073 4170 2314 4229 infantiae
2341 4170 2698 4230 teneritudine
2732 4170 2986 4227 enutritae
3014 4170 3080 4225 ad
3114 4168 3515 4239 percipiendum
3547 4170 3656 4238 spi-
3734 4198 3737 4201 ν

2077 4262 2314 4318 ritalium
2343 4276 2665 4317 arcanorum
2689 4259 2868 4314 cibum
2892 4274 3115 4328 capaces
3155 4258 3515 4315 edicerentur.
3559 4258 3655 4313 Li-

2075 4357 2176 4412 bro
2200 4356 2364 4427 igitur
2390 4354 2620 4410 Actuum
2648 4354 2789 4410 beati
2822 4353 3086 4419 Silvestri,
3120 4354 3213 4411 ubi
3237 4354 3304 4410 de
3336 4353 3657 4423 imaginibus

398 4463 636 4527 mittens,
668 4462 897 4519 instituit
924 4471 986 4518 ut
1009 4479 1260 4535 magnam
1286 4463 1547 4519 baberent
1569 4462 1819 4518 ﬁduciam
1837 4478 1979 4532 pra:-

2078 4446 2432 4505 Constant'mo
2458 4445 2769 4516 imperatori
2791 4446 2982 4501 delatis
3019 4445 3294 4512 scribitur,
3326 4444 3449 4505 ideo
3482 4446 3654 4503 obniti

395 4549 631 4617 dicendi,
676 4561 733 4608 et
768 4568 835 4607 ne
868 4555 1307 4623 persequentium
1343 4562 1551 4609 terrore
1572 4554 1819 4610 exterriti
1845 4554 1979 4610 deli-

399 4652 669 4699 tescerent
708 4653 767 4699 et
801 4646 1006 4705 similes
1037 4654 1219 4702 essent
1247 4646 1481 4702 lucenue
1506 4646 1605 4701 sub
1635 4646 1841 4711 modio,
1883 4644 1980 4701 sed

368 4733 546 4788 .omni
589 4742 737 4793 metu
771 4738 1067 4805 postposito
1108 4737 1235 4792 totis
1274 4736 1538 4793 libertatis
1583 4736 1882 4806 insignibus
1922 4750 1981 4792 se

397 4824 690 4893 proderent
711 4864 727 4888 ,
773 4833 829 4880 et
863 4827 1006 4894 quod
1036 4827 1320 4883 audierant
1345 4826 1399 4881 in
1446 4826 1709 4882 cubiculis
1737 4825 1793 4882 in
1824 4826 1981 4881 tectis

401 4913 780 4984 praedicarent.
813 4913 891 4972 illi
913 4930 1044 4985 ergo
1072 4915 1348 4973 lucernam
1374 4930 1548 4978 suam,
1583 4914 1638 4971 id
1658 4921 1764 4980 est,
1789 4915 1981 4985 imagi—

404 5019 531 5059 num
550 5002 822 5061 culturam
842 5003 1113 5063 adorando
1144 5004 1199 5065 in
1222 5020 1334 5061 ante
1356 5004 1479 5062 ﬁdei
1507 5003 1724 5074 fastigio
1744 5014 1978 5074 ponant;

403 5110 503 5169 nos
523 5110 650 5153 vero
679 5095 724 5153 si
748 5096 872 5166 quis
895 5097 1053 5152 nobis
1076 5097 1317 5155 scientiae
1343 5092 1593 5167 splendor
1616 5103 1722 5161 est,
1749 5095 1805 5150 in
1830 5095 1987 5152 Chri—

403 5190 507 5250 sto,
539 5185 632 5257 qui
657 5192 741 5241 est
767 5186 902 5242 lucis
932 5187 1102 5261 origo,
1128 5186 1489 5253 conlocemus,
1517 5196 1783 5258 quatenus
1807 5186 1987 5241 nobis-

312 5299 321 5307 ο
406 5289 528 5331 cum
555 5274 619 5341 in,
648 5283 848 5335 sancte
873 5276 1128 5337 Ecclesiae
1168 5277 1328 5339 domo
1355 5279 1720 5343 manentibus,
1756 5284 1811 5335 et
1836 5276 1987 5334 verbi

406 5373 464 5427 et
479 5367 716 5438 exempli
741 5367 1083 5437 splendorem
1103 5367 1365 5427 esbibere
1391 5367 1689 5427 valeamus.
1726 5386 1732 5393 ·

480 5615 508 5644 ι
537 5605 631 5682 Αάῇ
675 5606 899 5682 lacteum
932 5623 1105 5682 escam
1144 5606 1454 5664 ludentium
1489 5625 1637 5664 more
1683 5610 1986 5682 infantium.

414 5670 757 5732 Concximus
787 5676 1108 5743 lactentium,
1123 5692 1190 5733 ex
1213 5692 1314 5733 usu
1335 5685 1395 5733 et
1409 5670 1792 5736 consuetudine
1811 5681 1987 5736 Latini

417 5746 697 5810 sermonis,
719 5746 785 5804 de
806 5762 911 5817 qua
931 5757 1059 5804 sunt
1076 5763 1266 5806 versus
1291 5747 1601 5806 scholastici
1621 5750 1760 5821 apud
1780 5759 1988 5809 veteres

2079 4547 2275 4608 potest,
2319 4539 2447 4608 quia
2471 4554 2778 4609 quanquam
2800 4555 2831 4593 a
2852 4530 3399 4609 pluribus'catbolicis
3426 4538 3650 4609 legatur,

2078 4645 2185 4684 non
2217 4638 2397 4686 tamen
2432 4632 2501 4687 ad
2529 4646 2594 4686 ea
2619 4646 2740 4701 qua:
2772 4630 2829 4689 in
2861 4631 3214 4701 quaestionem
3244 4633 3468 4688 veniunt
3507 4630 3650 4689 adir—

2079 4721 2272 4779 manda
2296 4720 2451 4790 plene
2468 4721 2695 4781 idoneus
2718 4722 3029 4791 perhibetur
3053 4740 3068 4790 ;
3105 4723 3251 4794 quod
3271 4723 3331 4779 in
3355 4724 3498 4779 libro
3512 4725 3657 4779 beati

2079 4809 2279 4867 Gclasii
2309 4810 2565 4871 Romana:
2589 4813 2754 4869 urbis.
2778 4813 3036 4869 antistitis
3069 4814 3162 4883 qui
3201 4812 3532 4876 inscribitur,
3561 4811 3659 4866 Dc-

2082 4900 2288 4956 cretalis
2316 4900 2380 4958 de
2401 4901 2710 4973 recipiendis
2751 4902 2856 4956 sive
2888 4902 2953 4956 de
2978 4919 3083 4956 non
3131 4901 3435 4972 recipiendis
3465 4900 3659 4957 codici-

2074 4988 2177 5061 _bus
2208 4988 2364 5060 (Dist.
2395 4989 2483 5055 l5,
2512 5006 2560 5043 c.
2587 4988 2664 5059 5),
2698 4988 2935 5057 apertius
2959 4987 3378 5051 demonstratur.

2648 5078 2875 5136 CAPUT
2925 5077 3066 5140 XIV.

2087 5170 2239 5252 Quod
2268 5170 2470 5252 natuita
2492 5167 2829 5252 intelligenda
2854 5170 2920 5223 sit
2939 5169 3203 5252 sentem}:
3221 5167 3354 5220 beati
3382 5166 3663 5252 Athanasii

2152 5238 2524 5293 Alexandriam
2561 5233 2711 5310 uritis,
2744 5237 2989 5310 episcopi,
3024 5247 3081 5310 stt
3123 5237 3203 5310 illi
3235 5253 3350 5291 eam
3374 5233 3660 5310 intelligen-

2153 5310 2276 5362 dam
2322 5316 2526 5378 putant,
2567 5307 2655 5378 qui
2693 5306 2828 5362 hanc
2868 5306 2936 5363 ad
2969 5308 3329 5363 σάοι·αεὶοΜ
3373 5306 3658 5376 Stalagmum

2155 5377 2550 5433 accoutmodare
2574 5377 2830 5432 nituntur.

2157 5472 2435 5529 Sententia
2461 5487 2653 5544 nempe
2677 5473 2820 5529 beati
2847 5472 3129 5531 Athanasii
3161 5471 3536 5532 Alexandrinae
3570 5487 3656 5526 ur-

2086 5604 2467 5677 grammaticos
2492 5623 2506 5657 :

2209 5694 2412 5759 lacteo,
2438 5696 2512 5747 lac
2532 5708 2655 5757 sugo
2677 5710 2689 5747 :
2716 5693 2860 5759 laeto,
2883 5696 2956 5749 lac
2979 5696 3177 5759 ιιι-ει)ρο
3193 5704 3329 5759 nato.

2215 5757 2376 5809 infans
2396 5756 2510 5809 dum
2534 5756 2705 5818 Iactet,
2729 5756 2858 5809 hunc
2879 5756 3042 5810 nutris
3063 5759 3230 5810 sedula
3254 5756 3410 5808 lactat.
