4070 6186
509 349 647 405 10⁸19

1395 344 1457 402 Β.
1498 346 1751 404 canem
1782 343 1999 404 IIAGNI
2036 316 2188 404 cpt.
2227 345 2407 404 psus
2444 340 2509 405 ll.
2548 344 2793 404 SECTIO
2828 339 2892 401 lt.

3640 343 3765 404 1080

507 463 593 518 his
617 460 873 532 episcopi,
891 474 1054 529 quam
1079 458 1155 513 illi
1175 458 1643 528 ineonsequeuter,
1659 459 1799 515 sicut
1821 464 1876 515 et
1893 466 2088 515 caetera
2114 461 2167 520 Α
2194 457 2291 513 Dei
2312 473 2636 529 crueemque
2664 472 3005 521 veneramur,
3028 454 3318 512 dividimus
3336 456 3507 512 eum?
3535 476 3554 509 ι
3577 454 3669 513 Isti
3686 472 3767 513 ve-

509 552 813 607 divinarum
852 549 1252 618 Scripturarum
1293 548 1623 609 testimonia.
1666 549 1734 604 ad
1759 564 1916 603 suum
1938 562 2090 603 erro-

459 653 467 660 '
508 655 625 698 rem
650 640 995 696 astruendum
1032 637 1393 708 protulerunt,
1438 652 1660 708 prorsus
1707 639 1836 693 huic
1878 638 1957 693 rei
1999 651 2097 692 ex-

512 741 698 789 tranea
723 745 843 786 esse
872 728 1158 798 detegitur,
1201 742 1324 782 cum
1350 726 1531 781 nonin
1556 727 1895 797 ea-quzedam
1916 725 2096 795 cujus-

514 824 643 879 libet
675 818 971 895 imaginum
999 814 1335 875 adoratiod‘is
1364 816 1446 873 Vel
1479 819 1713 873 tenuiter
1749 818 1950 874 mentio
1980 817 2091 880 liat,

513 914 608 970 sed
632 912 701 970 ad
727 912 1183 983 comparationem
1214 906 1287 964 rei
1316 909 1384 963 de
1412 925 1517 978 qua
1564 925 1744 965 sermo
1781 910 1945 964 ﬁebat
1986 905 2096 963 fas—

514 1020 607 1059 sus
647 1004 717 1059 sit
745 1002 1009 1074 imagines
1045 1001 1099 1055 in
1142 1000 1332 1056 eadem
1370 1000 1593 1055 materia
1638 1009 1800 1070 atque
1828 1000 2097 1055 elemento

518 1112 818 1168 recuperari
839 1111 1016 1166 posse,
1046 1094 1267 1150 dicens:
1302 1113 1320 1147 ε
1354 1093 1507 1149 Sicut
1531 1108 1591 1148 ea
1618 1109 1739 1163 qua:
1759 1092 2017 1149 scribitur
2042 1091 2097 1146 in

518 1190 674 1261 lignis
718 1187 889 1243 forma
936 1185 1136 1242 abolita
1181 1184 1542 1240 exterioribus
1588 1184 1856 1247 sordibus,
1902 1182 2099 1236 iterum

519 1293 736 1336 necesse
757 1278 919 1334 estin
942 1276 1174 1347 idipsum
1202 1275 1512 1345 recuperari
1544 1281 1706 1344 atque
1724 1273 1863 1328 uniri
1892 1273 1978 1327 his
2006 1288 2101 1327 cu-

517 1371 600 1438 lus
629 1377 714 1425 est
742 1368 913 1423 forma
939 1408 954 1435 ,
992 1374 1051 1421 ut
1086 1366 1331 1422 innovari
1380 1365 1551 1435 possit
1593 1365 1789 1434 imago,
1832 1363 1887 1418 in
1910 1363 2100 1419 eadem

520 1461 744 1516 tnateria
783 1467 944 1529 atque
984 1458 1288 1512 elemento:
1331 1470 1427 1525 per
1455 1450 1570 1524 ejus
1601 1457 1745 1510 enim
1788 1453 2020 1510 formam
2046 1462 2102 1509 et

521 1552 635 1623 ipsa
661 1548 884 1607 materia
911 1549 998 1604 ubi
1036 1557 1091 1603 et
1117 1548 1496 1612 conscribitur,
1538 1563 1645 1602 non
1675 1544 1925 1614 dejieitnr
1945 1586 1961 1611 ,
2009 1545 2104 1603 sed

522 1642 576 1699 in
609 1659 672 1700 ea
700 1642 813 1713 ipsa
844 1639 1229 1710 conﬁguratur.
1266 1659 1284 1691 ο
1338 1638 1531 1693 Dicant
1564 1653 1694 1708 ergo
1730 1638 1873 1708 quod
1900 1637 1980 1693 eis
2014 1636 2105 1693 ad-

524 1735 837 1791 tuiniculum
874 1734 988 1790 haec
1012 1732 1278 1789 sententia
1316 1732 1590 1801 praebeat,
1639 1731 1823 1786 dicant
1851 1731 1943 1785 ubi
1971 1730 2106 1784 ima-

524 1824 677 1896 gines
713 1825 942 1880 adorare
969 1830 1303 1893 percenseat,
1335 1829 1538 1897 etcum
1561 1820 1664 1877 hoc
1689 1834 2001 1876 asseverare
2024 1834 2111 1875 ne-
2139 1797 2189 1859 Β

524 1914 817 1986 quiverint,
859 1921 1029 1969 restat
1057 1921 1116 1967 ut
1146 1911 1220 1966 ita
1249 1927 1280 1966 a
1310 1910 1459 1966 sanis
1486 1910 1756 1965 mentibus
1782 1908 2114 1971 intelligatur

526 2008 665 2063 sicut
688 2022 720 2062 a
745 2004 1037 2062 venerabili
1069 2005 1186 2059 viro
1212 2001 1422 2073 prolata
1454 2010 1558 2057 est.

1128 2113 1357 2171 CAPUT
1392 2113 1509 2169 XV.

529 2208 688 2277 Quod
718 2212 857 2267 male
878 2213 950 2266 ad
979 2224 1133 2261 suum
1163 2221 1395 2277 errorem
1431 2202 1770 2277 astruendunt
1807 2203 2115 2277 sententiam

597 2280 734 2337 beati
769 2278 1030 2334 Ambrosii
1069 2274 1475 2331 Mediolanensis
1513 2273 1657 2327 urbis
1690 2273 1935 2342 episcopi,
1958 2288 2116 2343 quam

596 2366 663 2406 ex
690 2350 822 2405 libro
846 2350 998 2403 tertio
1027 2344 1256 2419 capitulo
1289 2360 1425 2419 nono
1453 2343 1939 2419 essementiuntur,
1969 2358 2118 2396 usur-

597 2430 739 2492 pent,
776 2420 866 2490 qui
899 2434 992 2490 per
1024 2413 1142 2473 eain
1177 2416 1469 2486 imaginum
1504 2413 1866 2468 adorationem
1902 2413 2118 2482 ﬁrmare

602 2493 840 2563 cupiunt.
1768 2507 1784 2525 .

602 2579 882 2636 Facillime
916 2589 1151 2647 namque
1183 2584 1496 2632 sanctorum
1537 2573 1951 2644 praedicatorum
1996 2583 2123 2625 sen-

537 2675 735 2729 tentias
762 2670 1035 2727 eriminari
1067 2668 1345 2726 audebunt
1371 2668 1461 2738 qui
1499 2666 1696 2723 divina:
1736 2664 1870 2735 legis
1906 2670 1963 2718 et
1999 2675 2123 2732 pro-

534 2765 819 2834 phetarum
843 2759 1062 2816 oracula
1089 2758 1368 2814 criminari
1394 2772 1500 2812 non
1528 2762 1792 2818 metuunt,
1820 2767 1924 2808 nee
1944 2751 2126 2807 formi-

535 2855 756 2918 dabunt,
784 2854 855 2910 ob
885 2851 966 2907 sui
991 2851 1196 2907 erroris
1220 2848 1503 2905 materiam
1527 2844 1923 2908 stabiliendum,
1947 2841 2127 2911 junio—

539 2961 659 3000 rum
705 2941 1045 2998 documentis
1092 2940 1383 3010 quamdam
1417 2936 1630 2994 inferre
1674 2935 1983 2991 violentiam
2033 2933 2125 3004 qui

537 3037 813 3095 seniorum
864 3033 1126 3090 doctrinis
1170 3032 1281 3087 imo
1327 3030 1633 3086 senioribus
1680 3044 1790 3082 non
1835 3025 2130 3082 formidant

542 3132 739 3189 inferre
774 3129 1045 3198 iniuriam.
1081 3125 1232 3181 Beati
1268 3124 1434 3195 igitur
1464 3121 1735 3176 Ambrosii
1773 3118 2128 3175 llediolanen—

540 3228 617 3280 eis
643 3221 899 3279 Ecclesiae
924 3218 1220 3275 sacerdotis
1245 3214 1567 3271 sententiam
1599 3221 1661 3266 ut
1698 3211 1910 3265 illorum
1955 3206 2128 3262 errori

543 3319 766 3381 faveret,
802 3312 1011 3376 ordine,
1051 3324 1214 3366 sensu
1253 3307 1540 3375 verbisque
1568 3304 1815 3358 turbasse
1846 3299 2133 3370 perhiben-

545 3419 651 3462 tur.
689 3405 892 3462 Ordine
932 3403 1160 3467 scilicet,
1200 3399 1327 3470 quia
1356 3413 1465 3453 non
1505 3397 1558 3450 in
1593 3394 1732 3449 libro
1765 3389 1945 3455 tertio,
1984 3387 2132 3456 capi-

541 3498 652 3554 tulo
690 3511 855 3560 nono,
892 3502 952 3549 ut
984 3493 1061 3548 illi
1099 3489 1392 3554 somniant,
1432 3486 1529 3543 sed
1563 3486 1618 3540 in
1656 3484 1795 3539 libro
1834 3494 1975 3536 nono
2005 3492 2134 3534 exa-

544 3598 660 3644 rata
723 3584 1011 3655 reperitur.
1079 3580 1284 3643 Sensu,
1342 3577 1468 3647 quia
1535 3590 1659 3631 cum
1722 3573 1812 3627 ille
1875 3569 2126 3627 dixerit:

548 3675 844 3747 tNunqaid
895 3689 1019 3729 cum
1072 3680 1129 3727 et
1175 3668 1513 3726 divinitatem
1569 3663 1686 3734 ejus
1738 3662 2028 3718 adoramus
2076 3666 2133 3713 et

543 3784 781 3830 carnem,
806 3765 1082 3821 Christum
1103 3759 1433 3816 dividimus?
1460 3778 1478 3810 ι
1514 3756 1595 3812 Illi
1630 3755 1912 3811 dixerunt:
1936 3764 1961 3792 α
1984 3749 2132 3805 Nun-

543 3859 675 3927 quid
700 3872 768 3911 ne
795 3870 919 3911 eum
945 3861 1005 3908 et
1026 3851 1281 3907 deitatem
1320 3856 1377 3904 et
1410 3861 1629 3903 carnem
1667 3842 1781 3914 ejus
1822 3843 2131 3905 adoramus,

545 3950 835 4005 dividimus
868 3945 1189 4004 Christum?
1217 3965 1234 3998 ι
1276 3943 1408 4011 Qua:
1446 3941 1663 4012 quidem
1703 3936 1965 4008 particula
2010 3934 2140 3990 sub—

542 4042 797 4111 jmctive
842 4038 1245 4109 conjunctionis
1297 4052 1362 4090 ne
1419 4043 1622 4089 tantam
1670 4032 1799 4087 huic
1860 4028 2140 4084 sententia;

548 4132 835 4205 permutati
877 4147 1070 4188 sensus
1110 4129 1305 4201 ingerit
1329 4127 1622 4197 iacturam,
1663 4132 1724 4178 ut
1753 4112 1875 4178 eam
1916 4133 2141 4189 prorsus

546 4224 792 4282 confiteri
814 4222 1102 4293 compellat
1137 4220 1280 4290 quod
1315 4218 1404 4273 illa
1437 4231 1638 4286 negare
1674 4211 1970 4269 contendit.
2011 4210 2144 4265 Ver-

550 4327 653 4391 bis,
676 4324 821 4395 quod
845 4324 898 4378 in
921 4319 1168 4390 sequenti
1194 4323 1489 4379 commate,
1529 4312 1618 4367 ubi
1656 4310 1746 4367 ille
1779 4307 1961 4380 posuit
1996 4321 2145 4361 uene-

554 4431 767 4481 rantur,
822 4412 899 4467 illi
948 4410 1237 4465 adoramus
1285 4404 1532 4477 posuisse
1579 4401 1940 4469 detegantur;
1990 4403 2045 4449 et
2087 4402 2148 4449 ut

2193 563 2256 604 ro
2278 565 2346 605 ex
2374 550 2475 606 hac
2500 549 2767 606 sententia
2795 546 3090 618 imaginum
3133 545 3504 602 adoratiouem
3540 554 3769 603 astruens

2193 640 2429 695 nitentes
2456 640 2708 695 dixerunt
2733 656 2746 693 ε
2778 657 2798 690 ι
2820 637 3074 708 Nunquid
3102 652 3171 692 ne
3202 639 3418 708 quando
3444 645 3502 692 et
3530 638 3768 694 deitatem

2194 737 2251 784 et
2275 727 2493 785 carnem
2517 728 2634 798 ejus
2663 730 2968 792 adoramus,
3012 726 3302 783 dividimus
3333 727 3650 783 Christum?
3684 738 3767 784 aut

2196 819 2411 887 quando
2431 817 2488 871 in
2510 818 2629 885 ipso
2648 824 2704 870 et
2723 817 2818 871 Dei
2843 815 3132 886 imaginem
3161 824 3217 871 et
3248 829 3470 871 crucem
3500 816 3769 872 adoramus

2197 907 2487 963 dividimus
2533 907 2739 961 eum?»
2792 920 2891 976 per
2932 905 3220 976 imaginem
3267 906 3481 961 scilicet
3524 907 3621 962 Dei
3662 924 3771 978 qua:

2197 996 2446 1054 Christus
2471 1004 2574 1062 est,
2606 1004 2661 1051 et
2693 1011 2791 1066 per
2823 1011 3040 1051 crucem
3079 995 3217 1065 ejus,
3261 1012 3382 1067 quae
3426 997 3484 1051 in
3524 997 3627 1053 hoc
3665 998 3773 1053 loco

2197 1095 2418 1159 propter
2439 1086 2819 1143 mortalitatem
2841 1087 3021 1143 carnis
3046 1086 3164 1156 ejus
3176 1087 3353 1157 posita
3373 1098 3483 1152 est,
3500 1088 3773 1159 imaginum

2201 1178 2541 1235 introducere
2567 1178 2843 1248 cupientes
2866 1178 3137 1234 obstinata
3160 1187 3346 1234 mente
3371 1179 3751 1237 adorationem.

2798 1306 3025 1364 CAPUT
3063 1308 3204 1364 XVI.

2205 1398 2359 1481 Quod
2380 1415 2609 1481 non‘pro
2639 1399 3375 1481 materialjbustitnaginibus:
3420 1408 3476 1454 ut
3512 1397 3593 1481 illi
3623 1408 3775 1481 aiunt,

2276 1472 2453 1553 beatus
2481 1469 2803 1553 ﬂugustinus
2831 1469 3042 1553 dixerit,
3071 1469 3208 1553 Quid
3240 1478 3321 1525 est
3345 1470 3663 1553 ξοδδ-βορά,
3686 1471 3775 1525 nisi

2276 1540 2453 1596 vultus
2481 1539 2576 1595 Dei
2606 1540 2660 1595 in
2689 1554 2797 1611 quo
2821 1539 3062 1610 signatus
3092 1548 3176 1595 est
3196 1540 3429 1610 populus
3454 1539 3593 1595 Dei?

2277 1648 2444 1705 Deum
2472 1665 2620 1704 nemo
2662 1650 2787 1704 vidit
2820 1666 3049 1721 unquam
3087 1647 3270 1721 (Joan.
3309 1650 3409 1722 tv),
3452 1650 3530 1705 ait
3566 1648 3778 1705 Joannes

2210 1739 2501 1810 apostolus,
2532 1741 2633 1795 nisi
2660 1741 2952 1811 unigenitus
2978 1739 3170 1805 Filius,
3205 1741 3295 1812 qui
3331 1721 3407 1795 est
3451 1741 3507 1795 in
3540 1742 3654 1795 sinu
3688 1739 3772 1794 Pa-

2213 1832 2308 1886 tris
2361 1832 2542 1905 (Joan.
2595 1832 2670 1905 i);
2725 1840 2781 1888 et
2829 1831 2997 1903 Moysi
3046 1832 3236 1887 eadem
3290 1848 3505 1889 summa
3552 1832 3782 1903 majestas

2213 1924 2388 1979 dixit:
2418 1921 2543 1979 Non
2594 1923 2731 1978 enim
2779 1923 2963 1978 videbit
3008 1940 3091 1977 me
3130 1924 3285 1978 homo
3330 1934 3380 1979 et
3425 1925 3589 1980 vivere
3637 1934 3781 1996 potest

2217 2013 2412 2084 (Exod.
2436 2013 2665 2085 xxxm);
2691 2013 2785 2083 qui
2814 2013 2859 2068 si
2888 2012 3174 2069 invisibilis
3195 2021 3298 2080 est,
3328 2015 3439 2071 imo
3470 2016 3596 2086 quia
3622 2014 3783 2069 invisi-

2214 2103 2340 2159 bilis
2361 2114 2464 2170 est,
2488 2118 2708 2160 necesse
2732 2111 2815 2160 est
2834 2112 2893 2158 ut
2915 2103 3264 2175 incorporeus
3282 2105 3382 2170 sit;
3408 2114 3466 2159 et
3495 2107 3538 2161 si
3563 2106 3782 2175 incorpo-

2218 2210 2344 2250 reus
2365 2203 2468 2260 est,
2494 2209 2715 2249 necesse
2735 2203 2818 2249 est
2841 2202 2900 2249 ut
2920 2193 3275 2264 corporaliter
3292 2196 3445 2267 pingi
3466 2211 3573 2252 non
3598 2195 3781 2266 possit:

2216 2286 2382 2356 igitur
2401 2287 2448 2344 si
2470 2286 2754 2342 invisibilis
2774 2296 2858 2342 est
2878 2296 2934 2342 et
2955 2270 3326 2357 incorporeus,
3359 2304 3585 2359 prorsus
3617 2302 3781 2357 corpo-

2220 2379 2423 2435 ralibus
2444 2378 2685 2434 materiis
2707 2378 2851 2449 pingi
2874 2393 2979 2433 non
2999 2386 3195 2449 potest.
3226 2378 3378 2435 Unde
3405 2379 3682 2436 sollicitius
3701 2395 3780 2432 no-

2220 2471 2304 2527 bis
2328 2470 2677 2540 quzerendum
2700 2470 2937 2539 estquid
2961 2470 3032 2525 sit
3059 2470 3237 2541 imago
3264 2470 3377 2535 Dei,
3411 2470 3603 2541 quidve
3625 2467 3778 2523 vultus

2221 2559 2356 2630 ejus,
2398 2562 2450 2615 in
2483 2576 2591 2631 quo
2620 2561 2858 2633 signatus
2889 2571 2972 2617 est
3005 2561 3233 2633 populus
3265 2562 3379 2618 Dei.
3418 2563 3781 2635 Interrogcmus

2223 2668 2352 2724 ergo
2395 2652 2671 2724 egregium
2713 2652 3145 2723 praedicatorem,
3193 2650 3424 2708 forsitan
3458 2654 3526 2709 ab
3557 2668 3618 2708 eo
3659 2650 3779 2708 docti

2226 2760 2384 2801 nosse
2409 2743 2706 2799 valebimus
2726 2743 2856 2815 quid
2877 2743 2949 2798 sit
2974 2744 3150 2814 imago
3175 2743 3291 2798 Dei.
3321 2742 3438 2807 Dic,
3465 2743 3571 2799 Vas
3592 2741 3780 2797 electio-

2226 2839 2330 2903 nis,
2355 2837 2460 2903 dic,
2489 2836 2678 2892 doctor
2699 2836 2956 2907 gentium,
2981 2836 3109 2906 quid
3134 2835 3204 2890 sit
3226 2835 3407 2906 imago
3432 2834 3546 2891 Dei.
3577 2832 3778 2893 Gratias,

2228 2928 2469 2998 inquam,
2511 2935 2718 2997 agentes
2755 2926 2863 2981 Deo
2906 2926 3072 2993 Patri,
3114 2929 3202 2995 qui
3239 2927 3430 2999 diynos
3471 2928 3589 2998 fecit
3621 2942 3703 2979 nos
3736 2924 3780 2977 in
3848 2924 3849 2927 “

2228 3028 2428 3090 partem
2454 3019 2611 3073 sortis
2640 3028 2942 3073 sanctorum
2968 3020 3024 3073 in
3048 3019 3263 3084 lumine,
3291 3020 3379 3091 qui
3405 3020 3589 3091 eripuit
3624 3034 3705 3072 nos
3730 3014 3782 3069 de

2230 3116 2478 3179 potestate
2499 3108 2849 3174 tenebrarum,
2877 3117 2927 3162 et
2954 3107 3223 3163 transtulit
3252 3107 3308 3163 in
3336 3125 3549 3183 regnum
3576 3105 3690 3161 Filii
3713 3105 3783 3157 di-

2152 3160 2202 3224 c
2235 3200 2467 3257 lectionis
2490 3217 2618 3266 sum,
2642 3202 2698 3255 in
2718 3219 2821 3274 quo
2846 3202 3095 3257 habemus
3124 3160 3526 3274 redemptignem
3553 3201 3604 3255 in
3628 3197 3784 3254 remis-

2233 3292 2429 3346 sionem
2485 3300 2834 3362 peccatorum,
2893 3292 2984 3364 qui
3040 3301 3115 3346 est
3170 3291 3343 3362 imago
3397 3290 3497 3345 Dei
3547 3283 3785 3343 invisibilis

2235 3379 2459 3453 (Coloss.
2476 3379 2538 3451 ι).
2553 3379 2674 3435 Dixi
2687 3380 2752 3436 de
2767 3379 3018 3450 imagine,
3031 3380 3151 3435 dico
3161 3379 3325 3434 etiam
3343 3379 3412 3433 de
3427 3377 3608 3450 ﬁgura.
3627 3373 3785 3429 Naris-

2233 3473 2379 3528 simis
2413 3472 2595 3527 diebus
2625 3473 2738 3527 istis
2773 3471 2976 3526 locutus
2997 3479 3071 3526 est
3093 3470 3240 3525 nobis
3260 3469 3403 3525 Deus
3424 3472 3479 3525 in
3501 3467 3633 3525 Filio
3654 3475 3779 3535 qum

2236 3568 2503 3622 constituit
2531 3564 2788 3621 lueredem
2814 3565 3172 3619 universorum
3196 3579 3288 3634 per
3306 3579 3464 3634 quem
3492 3561 3602 3631 fecit
3627 3566 3667 3611 et
3696 3569 3779 3609 stt-

2236 3657 2375 3722 cula,
2405 3657 2495 3729 qui
2516 3664 2590 3711 est
2616 3654 2861 3728 splendor
2883 3653 3067 3724 gloria:
3086 3662 3134 3708 et
3156 3652 3330 3722 figura
3354 3650 3646 3707 substantia
3667 3644 3778 3715 eius.

2236 3760 2552 3821 portausque
2577 3747 2755 3804 omnia
2778 3745 2929 3802 verba
2953 3746 3183 3800 veritatis
3209 3760 3323 3798 sua:
3351 3742 3541 3814 (Hebr.
3569 3740 3627 3810 l).
3651 3736 3781 3797 Ecce.

2236 3843 2405 3899 Paulo
2424 3840 2667 3912 apostolo
2685 3840 2930 3903 docente,
2957 3837 3243 3893 didicimus
3263 3835 3542 3892 Christum
3559 3845 3666 3887 esse
3680 3827 3783 3881 ima-

2241 3935 2420 4007 ginem
2476 3933 2605 3999 Dei,
2655 3942 2712 3987 et
2755 3931 2833 3986 illi
2876 3930 3165 3985 hortantur
3206 3926 3518 3984 materiales
3562 3918 3783 4007 imagines

2240 4005 2380 4083 hanc
2404 4024 2704 4095 intelligere
2718 4022 2931 4078 debere.
2953 4020 3061 4076 Iste
3085 4020 3215 4075 dicit
3242 4018 3492 4074 eumdem
3518 4014 3691 4071 Filium
3709 4005 3779 4077 qui

2242 4127 2325 4177 est
2355 4119 2516 4174 unius
2547 4130 2670 4171 cum
2699 4113 2861 4169 Patre
2895 4111 3213 4167 substantiae
3247 4108 3539 4181 imaginem
3567 4117 3672 4159 esse
3706 4096 3778 4153 Dei

2242 4220 2300 4267 et
2317 4210 2657 4280 splendorem
2692 4204 2876 4276 gloriae
2908 4213 2963 4258 et
2991 4203 3218 4274 ﬁguram
3252 4199 3567 4256 substantiae
3598 4192 3711 4262 eius.
3737 4195 3780 4242 ei

2244 4300 2322 4356 illi
2344 4299 2532 4354 dicunt
2552 4297 2805 4366 opiﬁcum
2826 4292 3093 4349 industria
3114 4297 3448 4361 przeparatas
3468 4287 3653 4357 ﬁguras
3679 4281 3779 4334 ima-

2247 4391 2426 4461 ginem
2464 4402 2585 4444 esse
2620 4387 2755 4447 Dei,
2778 4384 2825 4440 Ο
2862 4380 3212 4439 exsecrabilis
3244 4381 3439 4434 error!
3483 4393 3515 4433 o
3550 4367 3782 4442 impudens

551 4460 790 4576 apertius
822 4512 1021 4558 nostra:
1049 4460 1428 4587 disputationis
1460 4507 1650 4550 sensus
1676 4460 1876 4560 pateat,
1910 4486 2143 4558 qualiter
2175 4510 2225 4570 ι)
2250 4460 2557 4538 dementia!
2595 4494 2630 4534 o
2671 4475 2969 4546 improvida
3011 4471 3258 4587 vecoadia
3285 4471 3298 4524 !
3332 4477 3502 4575 .tanto
3538 4460 3781 4587 tanta:

556 4604 670 4654 inec
724 4594 994 4652 sententia
1041 4580 1110 4647 ab
1161 4590 1357 4645 illustri
1401 4589 1520 4642 viro
1575 4592 1631 4640 et
1678 4580 2001 4651 eloquentia:
2056 4592 2146 4633 co—

556 4686 766 4742 thurnis
784 4699 909 4739 cum
926 4681 1156 4752 spiritali
1179 4694 1340 4734 sensu
1361 4683 1576 4745 compto
1590 4672 1817 4743 prolata,
1847 4668 2148 4739 qualiterve

556 4780 623 4832 ab
652 4775 757 4831 illis
784 4772 972 4828 falsata
995 4771 1086 4837 sit,
1114 4767 1425 4839 singillatim
1464 4779 1747 4836 ponamus.
1788 4761 1876 4817 Ille
1913 4760 2055 4813 enim
2086 4766 2149 4812 ut

559 4870 610 4922 in
654 4867 884 4923 duarum
922 4871 1235 4917 naturarum
1276 4856 1692 4931 proprietatibus
1733 4867 1896 4908 unam
1934 4849 2148 4905 Domini

558 4962 780 5031 verique
817 4957 1050 5014 hominis
1084 4968 1372 5025 personam
1410 4955 1764 5013 asseveraret,
1797 4946 1875 5000 ait
1904 4959 1919 4998 :
1957 4961 1975 4994 ι
2006 4942 2151 4997 Nun-

557 5056 687 5126 quid
719 5068 843 5108 eum
874 5058 931 5107 et
963 5048 1302 5105 divinitatem
1342 5043 1458 5113 ejus
1495 5042 1783 5096 adoramus
1814 5044 1871 5093 et
1904 5048 2145 5099 carnem,

557 5125 834 5204 Christum
869 5139 1204 5197 dividimus?
1230 5134 1482 5206 Nunquid
1511 5148 1633 5188 eum
1664 5131 1719 5185 in
1758 5143 1825 5184 eo
1863 5125 2149 5196 imaginem

631 5294 658 5321 ιι
694 5275 950 5350 Nunquid
976 5271 1275 5350 nequando
1301 5277 1348 5347 et
1371 5266 1696 5350 divinitatem
1717 5272 1768 5350 et
1791 5275 2002 5350 carn'em
2032 5256 2149 5350 ejuls.

562 5326 1176 5409 adorbriiiiiidividimus
1199 5339 1465 5395 Christum
1481 5336 1518 5410 ?_
1558 5335 1642 5410 _E_x
1666 5333 1880 5410 actione
1903 5326 2154 5410 ’ξενίῃῤεί

566 5398 869 5476 δεῖᾇέεἶὲξέζὶἰ
898 5398 1364 5485 pseudoseptimas,
1411 5413 1467 5462 et
1493 5404 1903 5485 Adriani‘papm
1930 5398 2151 5485 Gépilg-

567 5467 1063 5556 ii'riiiEstiiu'iiiiag
1080 5467 1327 5538 deiiatem
1346 5467 1670 5556 :et_carnem:
1708 5467 2030 5556 Ambrosius

566 5538 845 5614 iiii-iani?
854 5538 905 5611 Et
916 5538 1138 5609 carnem
1160 5557 1315 5606 vocat
1328 5546 1571 5621 divinam
1583 5550 1637 5598 et
1650 5544 1942 5621 humanam
1955 5538 2155 5621 Christi

858 5609 926 5682 ‘in
958 5632 1059 5687 est,
1099 5622 1333 5680 θειότητι-οι
1367 5622 1454 5674 καὶ
1492 5609 1950 5694 ἀνθεωῖτειᾶτηςαη
1968 5609 2015 5663 Si
2042 5621 2153 5694 ’ρο-

569 5679 887 5756 ξῆἶίὀῖξόιί
908 5679 1286 5772 ;l_'er_i'i'_po_ssct,
1314 5704 1413 5772 pro
1442 5701 1549 5772 qua
1575 5679 1763 5741 Patres
1784 5682 1964 5772 solent.
1986 5679 2154 5772 quem

572 5750 974 5839 eu—m'a'postolis
999 5750 1440 5817 hebraizantibus
1459 5750 1661 5814 'diccre
1687 5773 1698 5808 ε
1727 5754 1821 5809 sed
1846 5750 2025 5807 Latini
2056 5750 2159 5804 hu-

2249 4588 2436 4629 amore
2455 4580 2779 4633 exmstuans,
2806 4574 2867 4624 ut
2897 4581 2962 4622 ea
2997 4580 3118 4636 qua:
3151 4564 3219 4619 de
3255 4561 3531 4631 unigenito
3561 4555 3644 4612 Dei
3675 4546 3782 4604 Filio

2249 4668 2393 4724 dicta
2427 4674 2569 4730 sunt,
2616 4663 2987 4721 materialihus
3036 4658 3221 4730 ﬁguris
3265 4654 3512 4712 conferre
3551 4663 3647 4705 non
3687 4653 3783 4730 ent-

2248 4759 2458 4814 beseas.
2487 4728 2643 4812 Dicat
2667 4754 2829 4810 etiam
2855 4728 3232 4807 sanctissimus
3254 4746 3577 4816 Augustinus
3600 4733 3709 4807 quid
3730 4728 3782 4783 sit

2252 4849 2429 4918 imago
2453 4847 2569 4913 Dei,
2595 4845 2689 4915 qui
2715 4845 2784 4899 ab
2815 4841 2921 4898 illis
2949 4842 3093 4896 hanc
3122 4836 3463 4893 materialem
3488 4831 3698 4888 existere
3723 4817 3782 4874 di-

2249 4941 2395 4996 xisse
2420 4938 2760 4993 criminatur.
2784 4934 2874 4988 Ait
2893 4932 3039 4987 enim
3064 4946 3077 4983 ε
3110 4948 3129 4983 ι
3146 4928 3205 4982 In
3235 4927 3346 4983 Deo
3372 4922 3599 4982 conditio
3620 4922 3785 4979 tempo-

2251 5033 2329 5090 ris
2355 5038 2513 5087 vacat
2536 5049 2549 5084 :
2574 5045 2682 5085 non
2708 5026 2851 5083 enim
2881 5030 3061 5095 potest
3080 5028 3228 5076 recte
3252 5017 3422 5074 videri
3449 5017 3583 5071 Deus
3604 5010 3650 5063 in
3675 5011 3783 5057 ῑεωο

2250 5139 2383 5196 pore
2408 5133 2695 5194 generasse
2721 5116 2918 5172 Filium
2940 5128 3037 5184 per
3069 5098 3233 5182 quem
3273 5106 3512 5166 condidit
3546 5101 3779 5164 tempora:

2254 5255 2561 5310 manitatem
2614 5264 2723 5304 non
2771 5244 3086 5316 refugerunt
3142 5216 3779 5316 interpretari.”§!g04:f

2254 5297 2976 5380 iﬁ'iéiéiiliintiib'éii'iéﬁii
2989 5313 3204 5367 videtur
3228 5297 3417 5364 Graece
3463 5297 3778 5380 (videIpt‘Lg

2256 5349 2470 5380 “ICIL'IIEI
2492 5349 2763 5376 nmmum:
2808 5349 2963 5371 unua
2998 5349 3194 5367 νιυυιιιι
3230 5349 3417 5364 νιν-,ων
3464 5349 3587 5374 γ--τ
3675 5349 3688 5357 .

2254 5409 2440 5467 quam,
2479 5405 2603 5467 nam
2638 5403 2750 5467 non
2790 5382 3180 5467 nisinljatina’m
3212 5349 3775 5467 versionemhltakflgﬂ

2254 5436 2758 5535 δέξαᾮῇᾞᾶῥῖεᾷ
2771 5436 3087 5535 (satiatae.
3117 5449 3273 5535 Quod
3301 5440 3664 5535 imperat-013‘
3672 5436 3776 5535 gn:

2257 5501 3285 5600 ἶιῖιῖίὶεἱῖιῖι“ἰ-ἒ’ῥ¹ἱὲἓὲῖιῌῖίῗξὲᾇρξιῐιὶιῖ)
3303 5501 3775 5600 ἶπῇιειριίειξξ-Εξξ

2259 5571 3347 5669 ὲὲἴιῖἷίίιῖ’“ἑεὲἕ,¹’ὶιῖιῖξξὶιόιιιῖιιῗ’ίιιῶθεέ
3359 5571 3546 5644 cisio
3578 5571 3773 5634 εετωωε

2261 5677 2314 5732 in
2342 5665 2595 5730 Latinum
2634 5665 2886 5729 contulit.
