4070 6186
362 332 490 389 1081

1087 390 1091 394 ,
1164 332 1346 389 LIBRI
1380 331 1726 392 CAROLINI.
1764 360 1835 372 --
1871 328 2091 387 CAPIT.
2142 331 2232 388 DE
2268 330 2461 390 IMAG.
2496 361 2571 374 --
2602 330 2733 388 LIB.
2769 331 2838 387 ΙΙ,

3485 332 3627 390 ἰθεῖ

360 461 693 519 consequens
721 454 902 503 autem
927 454 1008 503 est
1042 456 1102 502 ut
1141 462 1250 503 non
1286 447 1459 504 solum
1497 447 1676 518 imago
1700 444 1818 514 ejus
1842 443 1933 508 sit,
1963 447 2009 503 Α
2037 461 2142 510 mo,
2186 455 2361 501 tamen
2402 463 2533 501 uane
2570 446 2915 501 conturbatur
2948 444 3178 519 (Psalm.
3227 445 3448 521 xxxix);
3487 439 3543 503 et
3579 449 3628 506 si

359 541 482 612 quia
516 540 583 598 de
620 538 713 594 illo
747 546 847 604 est,
887 548 942 593 et
978 538 1292 604 similitudo,
1333 540 1461 609 quia
1498 540 1677 609 imago
1708 545 1807 599 est,
1846 535 1940 591 sed

358 632 518 686 etiam
561 628 842 699 aequalitas
888 636 1036 683 tanta
1064 637 1124 683 ut
1150 645 1253 685 uec
1300 630 1560 699 temporis
1600 627 1941 684 intervallum

358 722 743 791 impedimento
765 720 856 775 sit.
879 741 897 774 ι
935 720 1030 776 Dic
1060 720 1245 789 itaque
1281 721 1446 776 etiam
1488 728 1565 785 tu,
1603 718 1943 775 sanctissime

357 813 642 876 Ambrosi,
689 811 817 881 quid
862 811 928 866 de
960 811 1064 866 hac
1102 811 1338 881 imagine
1378 810 1582 866 sentire
1621 818 1673 866 te
1708 816 1939 865 constet.

359 902 591 958 Defende
624 902 843 957 beatum
879 900 1240 971 Augustinum
1279 915 1378 970 per
1404 908 1457 955 te
1489 899 1706 955 favente
1733 899 1844 954 Deo
1875 897 1942 953 ad

358 994 481 1050 ﬁdei
501 994 810 1050 rudimenta
831 1009 1173 1058 conversum,
1196 1009 1356 1063 quem
1382 993 1531 1048 vides
1554 1009 1698 1048 nunc
1718 993 1786 1047 ab
1811 992 1945 1046 ima-

353 1085 537 1153 ginum
572 1082 947 1139 adoratoribus
989 1083 1223 1139 infauste
1264 1083 1633 1139 criminatum.
1667 1082 1854 1139 Prtebe
1893 1083 1942 1138 ei

355 1173 771 1238 adminiculum,
824 1182 887 1228 ut
925 1183 1154 1230 exuatur
1202 1175 1340 1230 tanti
1380 1174 1623 1230 criminis
1667 1174 1809 1229 mole
1851 1174 1943 1244 qui

356 1265 630 1334 quondam
653 1279 752 1334 per
778 1272 830 1320 te
859 1273 1054 1321 exutus
1072 1274 1157 1320 est
1180 1265 1421 1320 haeretici
1447 1266 1715 1335 dogmatis
1734 1280 1940 1321 errore.

303 1372 308 1376 '
363 1374 380 1403 ι
406 1354 708 1425 Ρτοριιθιω,
746 1354 985 1424 inquam,
1021 1355 1206 1412 dicunt
1231 1354 1507 1411 Christum
1529 1355 1620 1426 qui
1651 1364 1735 1410 est
1766 1356 1944 1426 imago

360 1444 537 1499 Patris
585 1444 874 1500 invisibilis
921 1454 978 1500 et
1027 1446 1200 1516 ﬁgura
1251 1446 1568 1501 substantiae
1616 1444 1752 1515 ejus,
1800 1445 1944 1515 quod

356 1538 469 1605 ipse
489 1537 562 1591 sit
579 1535 830 1606 splendor
849 1536 985 1593 lucis
1000 1544 1236 1601 aeternae,
1260 1545 1317 1592 et
1330 1536 1606 1607 speculum
1628 1537 1745 1591 sine
1763 1552 1946 1605 manu:

359 1628 407 1682 la
434 1628 529 1683 Dei
550 1626 871 1697 majestatis,
896 1637 952 1684 et
972 1629 1152 1699 imago
1170 1629 1432 1685 bonitatis
1450 1628 1614 1684 illius.
1637 1649 1656 1681 ι
1683 1628 1796 1683 lloc
1816 1642 1945 1699 ergo

358 1720 518 1776 modo
561 1734 686 1775 cum
728 1721 1006 1790 prophetis
1053 1729 1110 1775 et
1158 1721 1419 1789 apostolis
1459 1719 1760 1790 Augustino
1798 1735 1939 1784 meo,

359 1812 467 1864 imo
492 1824 623 1865 vero
646 1810 739 1864 Dei
765 1810 979 1876 cultori,
1008 1810 1237 1864 tutelam
1262 1808 1511 1866 conferre
1538 1810 1761 1863 curabo.
1804 1808 1939 1863 Vide
1974 1808 1985 1841 ε

357 1909 557 1971 quanta
581 1898 830 1955 dicantur
855 1918 868 1953 :
895 1899 1170 1969 splendor,
1194 1899 1337 1969 quod
1360 1900 1581 1955 claritas
1598 1907 1840 1967 paterna:
1864 1898 1945 1952 lu-

358 1990 521 2046 eisin
553 1990 691 2045 Filio
717 1990 819 2056 sit;
860 1990 1136 2061 speculum
1174 1992 1292 2046 sine
1333 1990 1565 2054 macula,
1610 1990 1752 2060 quod
1788 1989 1948 2043 Pater

361 2083 417 2137 iu
444 2082 615 2149 Filio;
651 2083 828 2151 imago
860 2083 1136 2149 bOni'alis,
1175 2084 1320 2152 quod
1355 2098 1461 2138 non
1497 2098 1694 2153 corpus
1730 2082 1785 2136 in
1824 2096 1946 2137 cor-

361 2188 511 2242 pore,
541 2172 637 2228 sed
661 2170 833 2239 virtus
856 2169 913 2226 in
940 2170 1078 2226 Filio
1106 2178 1219 2225 tota
1257 2178 1530 2226 cernatur.
1575 2170 1756 2240 imago
1792 2170 1948 2225 docet

362 2278 461 2318 nos
497 2277 616 2318 esse
649 2261 958 2327 dissimiles,
999 2262 1281 2317 character
1304 2276 1619 2333 expressum
1640 2276 1761 2317 esse
1785 2261 1949 2333 signi-

365 2355 508 2417 ticat,
556 2352 809 2422 splendor
849 2352 1027 2423 signat
1064 2361 1347 2408 aeternum.
1392 2352 1575 2423 Imago
1613 2353 1796 2421 itaque
1840 2367 1949 2408 non

361 2444 541 2498 vultus
564 2450 647 2497 est
663 2443 978 2511 corporalis,
1009 2458 1117 2498 non
1146 2442 1285 2498 fucis
1307 2442 1625 2513 composita,
1653 2457 1760 2497 non
1787 2441 1946 2508 ceris,

364 2534 459 2591 sed
488 2535 717 2605 simplex
756 2534 825 2591 de
860 2535 990 2602 Deo,
1034 2550 1250 2604 egressa
1283 2535 1349 2589 de
1376 2535 1558 2599 Patre,
1593 2548 1845 2603 expressa
1887 2534 1951 2588 de

363 2625 511 2680 fonte
538 2642 551 2677 :
577 2640 675 2695 per
697 2624 839 2679 hanc
871 2624 1160 2694 imaginem
1184 2624 1431 2694 Philippo
1454 2623 1670 2678 Patrem
1694 2623 1953 2678 Dominus

362 2715 703 2781 ωοηειηινῖι,
737 2715 950 2777 ἀίοεηεῗ
981 2714 1242 2787 Philippe,
1279 2716 1369 2785 qui
1411 2732 1494 2769 me
1538 2714 1692 2780 ridet,
1734 2714 1868 2768 videt
1905 2723 1953 2767 et

363 2806 578 2862 Patrem
600 2822 620 2861 :
642 2815 689 2861 et
719 2806 979 2878 quomodo
1005 2815 1061 2861 tu
1096 2805 1249 2871 dicis,
1275 2805 1501 2861 Ostende
1522 2807 1669 2861 nobis
1701 2805 1955 2859 Patrem?

365 2895 488 2951 Non
517 2896 686 2951 credis
712 2897 837 2966 quia
869 2913 961 2965 ego
990 2896 1045 2950 in
1075 2895 1235 2951 Patre
1259 2906 1308 2949 et
1336 2895 1500 2950 Pater
1529 2896 1585 2951 in
1616 2912 1697 2949 me
1724 2904 1818 2950 est.
1865 2892 1956 2947 Vi-

363 2984 437 3038 dit
464 2985 603 3039 enim
632 2986 687 3039 in
716 2986 943 3056 imagine
974 2984 1187 3040 Patrem
1221 2987 1311 3056 qui
1345 2986 1471 3040 vidit
1507 2987 1564 3041 in
1595 2984 1739 3040 Filio
1767 2985 1950 3057 (Joan.

368 3072 500 3146 xlv).
528 3074 660 3130 Vide
694 3089 856 3144 quam
882 3075 1172 3146 imaginem
1205 3076 1349 3131 dicat
1375 3094 1388 3130 :
1414 3077 1594 3147 imago
1620 3076 1822 3132 veritas
1845 3085 1949 3140 est,

368 3165 545 3234 imago
585 3164 685 3218 ista
723 3162 934 3234 justitia
970 3175 1074 3231 est,
1125 3166 1302 3238 imago
1344 3167 1447 3222 ista
1485 3166 1580 3222 Dei
1616 3167 1789 3222 virtus
1828 3174 1948 3232 est;

369 3270 475 3312 non
504 3264 672 3320 muta,
705 3255 831 3326 quia
875 3257 1098 3311 verbum
1135 3264 1249 3321 est;
1289 3273 1399 3314 non
1437 3257 1786 3321 insensibilis,
1826 3256 1953 3327 quia

367 3347 628 3416 sapientia
674 3355 792 3411 est;
845 3362 954 3402 non
1002 3346 1210 3412 inanis,
1268 3348 1397 3417 quia
1450 3350 1624 3404 virtus
1664 3332 1793 3414 est;
1845 3364 1953 3403 non

363 3452 552 3501 vacua,
583 3438 709 3507 quia
744 3437 851 3492 vita
890 3445 1002 3503 est;
1055 3454 1162 3493 non
1200 3446 1435 3504 mortua,
1467 3439 1593 3508 quia
1627 3439 1954 3494 resurrectio

362 3536 464 3583 cst.
491 3528 653 3583 Vides
686 3542 815 3598 ergo
840 3528 963 3597 quia
993 3528 1121 3583 dum
1154 3528 1330 3596 imago
1368 3526 1586 3592 dicitur,
1624 3526 1843 3582 Patrem
1879 3525 1954 3581 si-

363 3619 586 3689 gniﬁcat
613 3634 755 3685 esse,
786 3617 940 3687 cujus
968 3619 1146 3688 imago
1172 3619 1243 3675 sit
1279 3619 1464 3684 Filius,
1500 3618 1627 3687 quia
1660 3632 1820 3673 nemo
1852 3632 1953 3687 po—

368 3723 472 3769 test
494 3714 609 3784 ipse
634 3714 739 3769 sibi
761 3714 938 3784 imago
957 3729 1054 3768 sua
1080 3728 1221 3768 esse.
1263 3712 1532 3780 Quoniam
1568 3713 1731 3783 igitur
1767 3713 1954 3784 imagi-

368 3818 488 3857 nem
532 3802 626 3857 Dei
661 3819 769 3856 nou
805 3802 1113 3857 materiales
1150 3802 1443 3873 imagines,
1484 3810 1543 3857 ut
1577 3802 1653 3857 illi
1688 3803 1950 3873 garriunt,

365 3896 459 3951 sed
497 3896 593 3950 Dei
623 3892 819 3949 Filium
849 3902 1162 3950 sanctorum
1199 3893 1420 3948 Patrum
1447 3895 1728 3949 sententiis
1757 3909 1954 3964 appro-

367 3985 629 4047 bavimus,
654 3993 825 4039 restat
846 3992 906 4039 ut
925 3984 1158 4055 qualiter
1183 3984 1239 4038 in
1260 3998 1326 4039 eo
1348 3983 1542 4055 signati
1575 3985 1747 4041 simus
1771 3986 1953 4041 brevi-

366 4084 450 4132 ter
469 4076 819 4147 explicemus.
860 4076 1069 4147 Signati
1101 4078 1291 4148 itaque
1324 4093 1512 4133 sumus
1545 4078 1600 4132 in
1629 4093 1714 4144 eo,
1740 4078 1953 4148 quando

367 4167 657 4222 secundum
687 4168 1000 4239 Apostolum
1033 4170 1087 4224 in
1125 4178 1301 4225 morte
1327 4169 1445 4240 ejus
1468 4171 1728 4240 baptizati
1764 4186 1952 4227 sacro-

368 4257 540 4311 sancti
565 4257 815 4326 unguiuis
841 4257 1047 4327 liquore
1069 4258 1295 4314 delibuti
1323 4274 1529 4326 sumus,
1561 4267 1616 4314 et
1648 4259 1955 4328 accepimus

367 4346 656 4403 Christiani
680 4349 911 4404 nominis
935 4349 1367 4419 prmrogativam,
1389 4348 1547 4418 juxta
1572 4349 1702 4404 illud
1732 4349 1874 4419 quod
1900 4350 1953 4406 ei

369 4437 423 4492 in
447 4436 683 4495 Canticis
711 4441 1043 4497 canticorum
1071 4442 1284 4507 dicitur,
1308 4441 1491 4496 Oleum
1512 4440 1736 4512 eﬂ'usum
1761 4451 1835 4496 est
1860 4458 1955 4496 no-

368 4545 483 4583 men
503 4539 650 4583 tumn
672 4529 849 4603 (Cant.
873 4534 946 4601 1);
974 4531 1335 4600 impleturque
1363 4531 1602 4586 divinum
1634 4546 1733 4602 per
1760 4530 1953 4586 Isaiam

366 4621 683 4689 prophetam
707 4623 979 4692 quondam
996 4623 1396 4694 promulgatum
1418 4624 1719 4690 oraculum,
1734 4640 1841 4693 quo
1857 4625 1953 4688 ait,

370 4707 719 4764 Servientibus
770 4728 887 4766 vero
933 4713 1060 4767 mihi
1090 4713 1360 4768 vocabitur
1385 4731 1574 4769 nomen
1602 4733 1792 4771 novum
1815 4717 1952 4787 (Isa.

316 4792 329 4879 ’ἢ
370 4802 524 4870 LXII).
553 4800 842 4870 Signamur
866 4816 996 4871 ergo
1020 4803 1074 4856 in
1101 4817 1166 4857 eo
1191 4804 1281 4873 qui
1312 4804 1609 4859 secundum
1637 4804 1956 4875 Apostolum

328 4960 331 4961 ν
368 4891 601 4961 signavit
621 4907 740 4955 nos,
769 4899 824 4946 et
849 4892 997 4948 dedit
1016 4893 1208 4965 pignus
1236 4894 1471 4964 Spiritus
1494 4896 1549 4950 in
1579 4897 1833 4952 cordibus
1860 4913 1958 4953 no-

369 4984 518 5049 stris,
549 4984 603 5038 in
631 4998 740 5053 quo
764 4984 927 5039 etiam
955 4985 1190 5055 Spiritus
1211 4987 1436 5056 pignore
1458 4987 1653 5058 signati
1682 5003 1871 5043 sumus
1899 4988 1954 5043 in

368 5078 458 5133 die
500 5077 885 5147 redemptionis
911 5098 924 5134 :
949 5080 1146 5151 signati
1185 5091 1367 5137 autem
1392 5098 1579 5138 sumus
1616 5082 1821 5153 Spiritu
1860 5083 1955 5138 Dei

369 5177 574 5233 sancto,
614 5176 675 5224 ut
708 5176 763 5225 et
800 5171 1022 5241 spiritus
1055 5181 1238 5228 noster
1273 5182 1329 5229 et
1361 5174 1541 5228 anima
1578 5173 1959 5244 imprimuntur

370 5260 648 5331 signaculo
666 5262 781 5326 Dei,
806 5271 862 5318 et
882 5263 1028 5318 illam
1049 5264 1373 5335 recipiamus
1393 5265 1683 5337 imaginem
1706 5266 1774 5321 ad
1794 5280 1955 5335 quam

371 5353 428 5408 iu
456 5354 679 5410 exordio
707 5355 909 5410 conditi
935 5371 1142 5421 sumus,
1172 5371 1335 5426 quam
1362 5357 1636 5428 peccando
1663 5373 1764 5413 nec
1790 5357 1844 5412 in
1875 5366 1957 5413 to-

372 5451 489 5500 tum
514 5444 819 5510 amisimus,
845 5461 945 5501 nec
972 5445 1028 5500 in
1053 5453 1224 5502 totum
1255 5446 1309 5501 in
1335 5447 1492 5503 nobis
1516 5448 1837 5503 intemerata
1868 5450 1955 5503 r‘e-

369 5534 602 5601 mansit;
634 5534 762 5605 quia
792 5535 838 5591 si
864 5535 1006 5590 banc
1034 5534 1089 5589 in
1122 5542 1294 5590 totum
1321 5535 1722 5602 amisissemus,
1756 5552 1956 5607 nequa—

371 5643 529 5697 quam
560 5628 834 5685 diceretur
860 5646 872 5684 :
898 5627 1212 5698 Quanquam
1243 5629 1296 5683 in
1331 5627 1559 5700 imagine
1595 5629 1819 5684 ambulet
1858 5629 1957 5683 hoc

374 5760 385 5765 λ
438 5751 463 5780 ι
497 5738 608 5794 luto
637 5738 880 5796 Joannis.

1980 4477 2038 4542 D

2024 536 2178 593 hanc
2207 541 2262 591 in
2293 546 2466 593 totum
2498 537 2873 592 intemeratam
2899 551 3395 606 conservassemus,
3430 554 3631 610 nequa-

2039 642 2203 697 quam
2246 628 2535 698 Apostolus
2580 630 2830 684 diceret:
2867 628 3250 698 Reformamini
3300 631 3355 685 in
3404 631 3633 688 actitata

2040 718 2225 772 mentis
2248 728 2427 772 vestrm
2450 718 2628 791 (Rom.
2655 718 2792 790 xu);
2818 727 2874 773 et
2900 718 3030 774 illud
3054 733 3068 773 :
3094 718 3160 774 In
3185 720 3421 774 eamdem
3444 720 3632 791 imagi-

2042 826 2159 863 nem
2227 811 2670 881 trausformamur
2720 828 2753 865 a
2804 809 3043 865 claritate
3084 811 3139 864 in
3186 810 3479 865 claritatem
3543 810 3632 885 (11

2042 901 2168 957 co"
2204 902 2312 971 ’ω’
2617 970 2846 1027 CAPUT
2883 969 3047 1026 xvn.

2045 1063 2198 1128 Quod
2237 1061 2475 1131 Gregorii
2509 1061 2731 1131 Nysseni
2766 1061 3010 1131 episcopi,
3026 1077 3092 1115 ex
3111 1076 3213 1131 quo
3249 1059 3329 1131 illi
3367 1060 3436 1113 ad
3478 1076 3632 1117 suum

2113 1149 2342 1186 errorem
2399 1130 2735 1185 astruendum
2800 1130 3096 1185 testimonia
3159 1130 3371 1184 trahunt
3419 1139 3468 1183 et
3526 1131 3633 1186 vita

2115 1202 2262 1256 nobis
2299 1212 2346 1255 et
2383 1201 2684 1271 prwdicatio
2720 1201 2787 1253 sit
2825 1200 3109 1270 incognita.

2114 1291 2252 1358 Quid
2284 1293 2338 1345 in
2383 1292 2486 1346 hac
2530 1299 2683 1360 parte
2728 1290 2886 1345 nobis
2931 1290 3326 1346 observandum
3371 1290 3463 1357 sit,
3507 1305 3635 1361 apo-

2044 1383 2167 1438 stoli
2203 1396 2228 1423 ι
2265 1380 2419 1436 Pauli
2455 1382 2674 1436 monitis
2708 1382 3086 1450 perdocemur,
3123 1380 3216 1451 qui
3254 1380 3372 1434 ait:
3402 1379 3633 1434 Probate

2043 1475 2256 1544 spiritus
2293 1488 2362 1526 an
2406 1488 2471 1526 ex
2508 1470 2618 1525 Deo
2668 1472 2813 1544 sint;
2864 1478 2919 1524 et
2959 1470 3200 1524 iterum:
3252 1468 3380 1523 Noli
3426 1469 3635 1523 credere

2045 1542 2187 1616 omni
2233 1561 2461 1632 spiritui,
2512 1558 2603 1614 sed
2647 1542 2811 1631 proba
2860 1568 3081 1613 mentem
3137 1557 3189 1632 (Ι
3234 1559 3395 1613 Joan.
3449 1574 3525 1624 tv,
3578 1559 3636 1613 in

2043 1651 2191 1725 pr.);
2232 1668 2357 1707 nam
2393 1653 2540 1718 dum,
2580 1658 2641 1705 ut
2687 1648 2896 1720 prmfati
2943 1666 3150 1717 sumus,
3203 1650 3452 1723 Gregorii
3500 1650 3636 1722 Nys-

2046 1744 2159 1798 seui
2198 1743 2437 1813 episcopi
2470 1749 2524 1796 et
2559 1742 2671 1795 vita
2704 1741 2862 1796 nobis
2899 1750 2953 1796 et
2986 1742 3300 1811 praedicatio
3328 1742 3399 1797 sit
3428 1743 3632 1812 ignota,

2051 1832 2357 1887 testimonia
2410 1846 2531 1900 qua:
2572 1830 2641 1886 de
2686 1827 2804 1899 ejus
2851 1831 3129 1900 opusculis
3173 1829 3521 1899 proferuntur
3569 1829 3639 1887 ad

2049 1939 2136 1979 res
2164 1924 2357 1980 dubias
2382 1922 2799 1986 conﬁrmandas,
2830 1922 3012 1977 minus
3038 1931 3339 1977 cernuntur
3367 1936 3485 1977 esse
3519 1920 3637 1976 ido-

2047 2030 2192 2071 nea:
2234 2015 2377 2070 unde
2419 2013 2537 2083 ejus
2578 2013 2824 2068 doctrina
2872 2028 2975 2068 nec
3022 2028 3053 2067 a
3105 2013 3263 2067 nobis
3313 2021 3395 2067 cst
3442 2009 3637 2082 insigni

2049 2105 2208 2162 laude
2228 2105 2584 2177 praeferenda,
2612 2120 2714 2160 nec
2740 2103 3031 2159 admodum
3056 2105 3515 2176 reprehendenda,
3542 2102 3639 2159 sed

2051 2198 2197 2255 illius
2251 2198 2504 2268 dogmate
2553 2212 2674 2251 cum
2718 2204 3040 2251 umerorum
3095 2196 3437 2273 dogmatibus
3495 2209 3635 2265 quos

2052 2289 2363 2360 ignoramus
2384 2274 2706 2358 postposito,
2734 2295 2905 2341 restat
2947 2294 3006 2341 ut
3044 2294 3165 2357 post
3200 2286 3544 2356 propheticas
3583 2294 3640 2342 et

2050 2380 2391 2451 evangelicas
2442 2380 2555 2434 sive
2604 2378 2930 2448 apostolicus
2990 2380 3291 2449 scripturas
3350 2378 3641 2435 illustrium

2051 2470 2215 2524 etiam
2243 2468 2558 2523 Latinorum
2589 2467 2873 2523 doctorum
2899 2484 3131 2539 quorum
3160 2470 3315 2525 nobis
3345 2478 3399 2525 et
3441 2471 3550 2524 vita
3585 2476 3640 2525 et

2050 2557 2363 2627 praedicatio
2384 2556 2639 2622 innotuit,
2678 2556 2794 2612 sive
2825 2557 3141 2613 Grmcorum
3177 2557 3268 2627 qui
3306 2568 3358 2613 et
3389 2557 3641 2614 catholici

2053 2647 2273 2701 fuerunt
2315 2654 2372 2700 et
2416 2662 2447 2699 a
2493 2645 2776 2701 catholicis
2817 2660 2970 2715 mque
3017 2646 3071 2700 in
3116 2656 3356 2701 nostram
3404 2647 3641 2720 linguam

2055 2735 2299 2791 translati
2323 2744 2470 2800 sunt,
2495 2742 2704 2789 tantum
2727 2734 3070 2807 dogmatibus
3088 2737 3324 2792 contenti
3352 2737 3543 2793 simus.

2635 2843 2864 2903 CAPUT
2892 2847 3077 2903 XVIII.

2058 2937 2213 3004 Quod
2246 2955 2350 2992 non
2372 2938 2441 2991 ad
2476 2936 2837 3009 adorationem
2882 2938 3170 3009 imaginum
3209 2938 3465 3009 pertineat
3496 2939 3641 2995 testi-

2211 3009 2445 3062 monium
2478 3007 2617 3079 quod
2635 3007 2700 3060 de
2722 3020 2867 3061 sexta
2892 3007 3090 3077 synodo
3115 3007 3463 3077 protulerunt.

1980 3125 2029 3189 ρ
2130 3101 2336 3156 Textus
2360 3115 2491 3155 sane
2536 3099 2830 3154 testimonii
2869 3099 3012 3168 quod
3044 3096 3112 3153 de
3132 3108 3285 3153 sexta
3337 3098 3546 3170 synodo
3589 3098 3645 3152 in

2055 3194 2245 3249 eadem
2277 3208 2541 3263 nugarum
2572 3191 3047 3263 agglomeratione,
3083 3205 3204 3260 qua:
3227 3205 3327 3260 pro
3357 3190 3648 3247 adoraudis

2054 3285 2383 3356 imaginibus
2430 3284 2633 3354 scripta
2686 3289 2788 3349 est,
2838 3291 3052 3338 taxasse
3105 3283 3477 3353 perhibentur,
3524 3280 3648 3337 talis

2053 3384 2176 3430 est:
2212 3393 2230 3426 ‹
2264 3374 2321 3429 1η
2356 3373 2678 3443 quibusdam
2706 3373 3094 3427 vcncraltilium
3126 3372 3374 3443 imaginis
3419 3373 3648 3442 pictura:

2055 3481 2228 3538 agnus
2275 3466 2444 3537 digito
2495 3464 2850 3536 prxecursoris
2905 3471 3235 3518 monstratus
3311 3461 3646 3533 designatur,

2054 3559 2199 3628 quod
2234 3558 2289 3611 in
2344 3557 2558 3625 signant
2610 3554 2831 3609 relictus
2859 3563 2943 3609 est
3000 3554 3207 3623 gratim,
3257 3568 3444 3609 verum
3489 3550 3649 3608 nobis

2052 3663 2152 3720 per
2188 3649 2360 3719 legem
2409 3656 2834 3716 prmmonstraus
2879 3661 3098 3715 agnum,
3151 3646 3423 3701 Christum
3467 3643 3649 3701 Domi-

2054 3754 2184 3793 num
2213 3744 2479 3792 nostrum.
2524 3755 2543 3788 ι
2585 3734 2687 3803 Qui
2728 3742 2911 3789 tamen
2957 3747 3266 3803 quanquam
3326 3750 3433 3791 non
3461 3733 3536 3789 ita
3577 3733 3647 3790 ab

2054 3831 2162 3887 illis
2206 3828 2451 3900 prolatus
2498 3830 2570 3884 sit
2610 3829 2753 3884 sicut
2804 3827 2859 3882 in
2906 3827 3095 3882 eadem
3144 3826 3350 3897 synodo
3392 3826 3644 3890 habetur,

2054 3939 2157 3980 nec
2187 3923 2268 3979 sic
2292 3920 2508 3992 quidem
2542 3932 2604 3976 ut
2640 3922 2710 3977 ab
2754 3920 2860 3976 illis
2898 3929 3189 3990 usurpatas
3214 3929 3317 3985 cst,
3365 3917 3642 3988 cujusdam

2056 4016 2352 4088 imaginum
2390 4013 2722 4069 adorationis
2750 4014 3039 4081 quamdam
3069 4010 3261 4075 fecisse
3301 4010 3639 4079 dignoscitur

2055 4107 2414 4171 mentionem;
2446 4105 2540 4161 sed
2557 4119 2679 4159 cum
2702 4117 2839 4174 pene
2855 4102 3056 4157 nullum
3079 4103 3276 4158 habeat
3304 4101 3487 4156 latinae
3505 4101 3646 4156 inte-

2057 4201 2272 4273 gritatis
2305 4199 2566 4269 vigorem,
2590 4212 2859 4267 sensuque
2881 4196 2952 4251 sit
2980 4197 3193 4266 tepidus
3219 4194 3507 4263 verbisque
3530 4193 3647 4248 ille-

2053 4293 2233 4363 pidus,
2250 4299 2305 4345 et
2317 4289 2549 4360 quadam
2570 4302 2634 4343 ex
2656 4296 2812 4359 parte
2836 4289 3046 4344 ratione
3069 4284 3320 4353 nudatus,
3337 4285 3540 4340 nullum
3566 4291 3646 4339 ta-

2057 4399 2181 4440 men
2207 4398 2395 4440 corum
2418 4383 2591 4439 errori
2614 4381 3000 4437 adminiculum
3024 4382 3265 4452 praebere
3288 4387 3642 4435 monstratur.

2626 4493 2855 4550 CAPUT
2904 4494 3045 4548 XIX.

2059 4589 2212 4657 Quod
2237 4591 2491 4644 sententia
2527 4587 2752 4658 Joannis
2774 4585 3370 4658 Constantinopolitani
3396 4585 3643 4658 episcopi,

2127 4677 2285 4732 quant
2316 4658 2395 4714 illi
2426 4660 2480 4713 in
2525 4655 2877 4732 testimonium
2930 4654 3325 4732 adorandarum
3355 4654 3645 4732 imaginum

2128 4726 2360 4791 trahunt,
2425 4745 2531 4783 non
2581 4728 2651 4782 ad
2683 4728 2737 4781 id
2808 4727 2949 4799 quod
2996 4726 3076 4781 illi
3137 4736 3325 4798 putant
3387 4728 3646 4798 pertinere

2126 4801 2468 4871 dignoscitur.

2127 4890 2235 4947 Sed
2264 4888 2756 4960 neque/sententia
2786 4886 3013 4943 Joannis
3057 4885 3642 4955 Constantinopolitani

2057 4982 2318 5054 episcopi,
2375 4995 2684 5052 quanquam
2735 4980 2804 5034 ab
2855 4978 2961 5034 illis
3003 4978 3248 5034 mutilata
3296 4978 3389 5045 sit,
3421 4979 3565 5032 sicut
3588 4986 3642 5032 et

2057 5084 2269 5132 castora:
2294 5082 2604 5129 sanctorum
2648 5070 2872 5124 Patrum
2914 5071 3197 5125 sententia:
3222 5084 3358 5138 quas
3410 5069 3463 5123 in
3502 5067 3646 5135 ejus-

2059 5169 2180 5224 dem
2207 5166 2396 5239 synodi
2426 5163 2691 5233 scriptura
2740 5162 3063 5231 depravatas
3089 5161 3158 5216 ab
3187 5159 3292 5215 illis
3320 5158 3640 5229 reperimus,

2058 5259 2325 5332 quoddam
2350 5256 2564 5311 illorum
2577 5252 2751 5309 errori
2780 5251 2995 5342 deferre
3010 5250 3251 5307 creditur
3275 5247 3602 5317 adjutorium
3625 5265 3639 5301 :

2058 5350 2255 5422 quippe
2291 5362 2414 5403 cum
2445 5345 2499 5400 in
2539 5344 2726 5400 eadem
2775 5360 2883 5400 non
2918 5341 3130 5398 illarum
3178 5341 3474 5414 imaginum
3498 5355 3645 5411 quac.-

2056 5443 2181 5498 dam
2217 5437 2422 5496 mentio
2452 5436 2523 5493 sit
2556 5451 2677 5505 quae
2718 5435 2773 5489 in
2804 5433 3044 5490 basilicis
3077 5447 3199 5487 esse
3226 5436 3639 5493 consueverunt,

2057 5534 2158 5591 sed
2194 5532 2407 5593 illarum
2434 5544 2569 5599 quas
2597 5525 2784 5599 gentili
2812 5533 2868 5580 et
2903 5523 3280 5593 superstitioso
3307 5522 3412 5577 ritu
3443 5520 3641 5576 Roma-

2058 5643 2252 5685 uomat
2318 5625 2671 5696 imperatores
2730 5618 3127 5678 ostentabilitcr
3196 5619 3266 5675 ob
3304 5617 3388 5673 sui
3441 5613 3643 5671 favoris
