  <div class='ocr_page' id='page_1' title='image "/cluster/home/n/w/nwhite01/storage/ocr_20150623/98/hvd.32044054759675/549.png"; bbox 0 0 4070 6186; ppageno 0'>
   <div class='ocr_carea' id='block_1_1' title="bbox 522 266 2112 336">
    <p class='ocr_par' dir='ltr' id='par_1_1' title="bbox 522 266 2112 331">
     <span class='ocr_line' id='line_1_1' title="bbox 522 266 2112 331; baseline 0.004 -9"><span class='ocrx_word' id='word_1_1' title='bbox 522 266 659 325; x_wconf 75' lang='grc'><strong>1083</strong></span> <span class='ocrx_word' id='word_1_2' title='bbox 1322 288 1329 295; x_wconf 82' lang='lat'>&#39;</span> <span class='ocrx_word' id='word_1_3' title='bbox 1391 270 1456 331; x_wconf 66' lang='lat' dir='ltr'><strong>Bt</strong></span> <span class='ocrx_word' id='word_1_4' title='bbox 1482 269 1745 331; x_wconf 72' lang='lat' dir='ltr'><strong>CAROLI</strong></span> <span class='ocrx_word' id='word_1_5' title='bbox 1770 268 1993 329; x_wconf 66' lang='lat' dir='ltr'><strong>IABHI</strong></span> <span class='ocrx_word' id='word_1_6' title='bbox 2030 267 2112 328; x_wconf 78' lang='grc' dir='ltr'><strong>οιι</strong></span> 
     </span>
    </p>
   </div>
   <div class='ocr_carea' id='block_1_2' title="bbox 2204 266 3762 336">
    <p class='ocr_par' dir='ltr' id='par_1_2' title="bbox 2217 266 3762 336">
     <span class='ocr_line' id='line_1_2' title="bbox 2217 266 3762 336; baseline 0.006 -11"><span class='ocrx_word' id='word_1_7' title='bbox 2217 269 2417 327; x_wconf 69' lang='lat' dir='ltr'><strong>PARS&quot;</strong></span> <span class='ocrx_word' id='word_1_8' title='bbox 2438 270 2503 328; x_wconf 79' lang='grc' dir='ltr'><strong>Π.</strong></span> <span class='ocrx_word' id='word_1_9' title='bbox 2526 268 2789 329; x_wconf 62' lang='grc' dir='ltr'><strong>’δείξπο</strong></span> <span class='ocrx_word' id='word_1_10' title='bbox 2822 272 2891 327; x_wconf 82' lang='lat' dir='ltr'><strong>ll.</strong></span> <span class='ocrx_word' id='word_1_11' title='bbox 2932 266 2937 279; x_wconf 56' lang='grc'>³</span> <span class='ocrx_word' id='word_1_12' title='bbox 3642 280 3762 336; x_wconf 60' lang='lat' dir='ltr'><strong>illi“</strong></span> 
     </span>
    </p>
   </div>
   <div class='ocr_carea' id='block_1_3' title="bbox 516 376 3765 456">
    <p class='ocr_par' dir='ltr' id='par_1_3' title="bbox 516 376 3765 456">
     <span class='ocr_line' id='line_1_3' title="bbox 516 376 3765 456; baseline 0.005 -22"><span class='ocrx_word' id='word_1_13' title='bbox 516 376 884 448; x_wconf 72' lang='lat' dir='ltr'><strong>arrogantiam</strong></span> <span class='ocrx_word' id='word_1_14' title='bbox 942 379 1173 449; x_wconf 76' lang='lat' dir='ltr'><strong>adorare</strong></span> <span class='ocrx_word' id='word_1_15' title='bbox 1228 390 1575 440; x_wconf 78' lang='lat' dir='ltr'><strong>oensuemut.</strong></span> <span class='ocrx_word' id='word_1_16' title='bbox 1642 383 1817 450; x_wconf 83' lang='lat' dir='ltr'><strong>Quam</strong></span> <span class='ocrx_word' id='word_1_17' title='bbox 1876 378 2171 453; x_wconf 65' lang='lat' dir='ltr'><strong>quidemA</strong></span> <span class='ocrx_word' id='word_1_18' title='bbox 2199 398 2316 439; x_wconf 75' lang='lat' dir='ltr'><strong>ram</strong></span> <span class='ocrx_word' id='word_1_19' title='bbox 2362 401 2471 445; x_wconf 88' lang='lat' dir='ltr'><strong>non</strong></span> <span class='ocrx_word' id='word_1_20' title='bbox 2530 394 2802 442; x_wconf 90' lang='lat' dir='ltr'><strong>terrenam</strong></span> <span class='ocrx_word' id='word_1_21' title='bbox 2864 388 3099 456; x_wconf 77' lang='lat' dir='ltr'><strong>speciem</strong></span> <span class='ocrx_word' id='word_1_22' title='bbox 3149 390 3401 453; x_wconf 86' lang='lat' dir='ltr'><strong>honorat,</strong></span> <span class='ocrx_word' id='word_1_23' title='bbox 3448 386 3546 446; x_wconf 76' lang='lat' dir='ltr'><strong>sed</strong></span> <span class='ocrx_word' id='word_1_24' title='bbox 3595 403 3765 451; x_wconf 81' lang='lat' dir='ltr'><strong>eadem</strong></span> 
     </span>
    </p>
   </div>
   <div class='ocr_carea' id='block_1_4' title="bbox 515 470 3765 548">
    <p class='ocr_par' dir='ltr' id='par_1_4' title="bbox 515 470 3765 548">
     <span class='ocr_line' id='line_1_4' title="bbox 515 470 3765 548; baseline 0.005 -23"><span class='ocrx_word' id='word_1_25' title='bbox 515 470 839 541; x_wconf 76' lang='lat' dir='ltr'><strong>sacrilegam</strong></span> <span class='ocrx_word' id='word_1_26' title='bbox 891 470 1221 543; x_wconf 72' lang='lat' dir='ltr'><strong>impietatem</strong></span> <span class='ocrx_word' id='word_1_27' title='bbox 1269 471 1346 528; x_wconf 88' lang='lat' dir='ltr'><strong>ita</strong></span> <span class='ocrx_word' id='word_1_28' title='bbox 1407 472 1582 528; x_wconf 88' lang='lat' dir='ltr'><strong>nullos</strong></span> <span class='ocrx_word' id='word_1_29' title='bbox 1635 473 1982 542; x_wconf 87' lang='lat' dir='ltr'><strong>antiquorum</strong></span> <span class='ocrx_word' id='word_1_30' title='bbox 2010 485 2097 529; x_wconf 85' lang='lat' dir='ltr'><strong>re-</strong></span> <span class='ocrx_word' id='word_1_31' title='bbox 2203 475 2373 544; x_wconf 87' lang='lat' dir='ltr'><strong>ipsam</strong></span> <span class='ocrx_word' id='word_1_32' title='bbox 2396 475 2673 532; x_wconf 68' lang='lat' dir='ltr'><strong>caelestem</strong></span> <span class='ocrx_word' id='word_1_33' title='bbox 2709 476 2879 548; x_wconf 80' lang='lat' dir='ltr'><strong>ﬁgura</strong></span> <span class='ocrx_word' id='word_1_34' title='bbox 2931 488 3227 533; x_wconf 80' lang='lat' dir='ltr'><strong>reveretur.</strong></span> <span class='ocrx_word' id='word_1_35' title='bbox 3274 499 3292 533; x_wconf 77' lang='grc' dir='ltr'><strong><em>ι</em></strong></span> <span class='ocrx_word' id='word_1_36' title='bbox 3338 480 3474 547; x_wconf 67' lang='lat' dir='ltr'><strong>Quae</strong></span> <span class='ocrx_word' id='word_1_37' title='bbox 3517 488 3765 540; x_wconf 86' lang='lat' dir='ltr'><strong>sententia</strong></span> 
     </span>
    </p>
   </div>
   <div class='ocr_carea' id='block_1_5' title="bbox 521 563 2098 635">
    <p class='ocr_par' dir='ltr' id='par_1_5' title="bbox 521 563 2098 635">
     <span class='ocr_line' id='line_1_5' title="bbox 521 563 2098 635; baseline 0.002 -19"><span class='ocrx_word' id='word_1_38' title='bbox 521 578 646 633; x_wconf 89' lang='lat' dir='ltr'><strong>gum</strong></span> <span class='ocrx_word' id='word_1_39' title='bbox 675 563 974 632; x_wconf 88' lang='lat' dir='ltr'><strong>reperimus</strong></span> <span class='ocrx_word' id='word_1_40' title='bbox 1030 563 1305 629; x_wconf 78' lang='lat' dir='ltr'><strong>imbuisse,</strong></span> <span class='ocrx_word' id='word_1_41' title='bbox 1333 564 1473 623; x_wconf 87' lang='lat' dir='ltr'><strong>sicut</strong></span> <span class='ocrx_word' id='word_1_42' title='bbox 1491 573 1545 620; x_wconf 89' lang='lat' dir='ltr'><strong>et</strong></span> <span class='ocrx_word' id='word_1_43' title='bbox 1577 580 1715 634; x_wconf 87' lang='lat' dir='ltr'><strong>pene</strong></span> <span class='ocrx_word' id='word_1_44' title='bbox 1741 564 1943 622; x_wconf 89' lang='lat' dir='ltr'><strong>nullam</strong></span> <span class='ocrx_word' id='word_1_45' title='bbox 1967 578 2098 635; x_wconf 83' lang='lat' dir='ltr'><strong>gen-</strong></span> 
     </span>
    </p>
   </div>
   <div class='ocr_carea' id='block_1_6' title="bbox 525 651 2099 725">
    <p class='ocr_par' dir='ltr' id='par_1_6' title="bbox 525 651 2099 725">
     <span class='ocr_line' id='line_1_6' title="bbox 525 651 2099 725; baseline 0.002 -18"><span class='ocrx_word' id='word_1_46' title='bbox 525 661 634 708; x_wconf 89' lang='lat' dir='ltr'><strong>tem</strong></span> <span class='ocrx_word' id='word_1_47' title='bbox 665 660 828 709; x_wconf 70' lang='lat' dir='ltr'><strong>tanta:</strong></span> <span class='ocrx_word' id='word_1_48' title='bbox 852 651 1187 709; x_wconf 79' lang='lat' dir='ltr'><strong>crudelitatis</strong></span> <span class='ocrx_word' id='word_1_49' title='bbox 1227 662 1609 725; x_wconf 87' lang='lat' dir='ltr'><strong>tantorumque</strong></span> <span class='ocrx_word' id='word_1_50' title='bbox 1633 654 1898 711; x_wconf 85' lang='lat' dir='ltr'><strong>idolorum</strong></span> <span class='ocrx_word' id='word_1_51' title='bbox 1922 654 2099 710; x_wconf 83' lang='lat' dir='ltr'><strong>servi-</strong></span> 
     </span>
    </p>
   </div>
   <div class='ocr_carea' id='block_1_7' title="bbox 524 743 2097 815">
    <p class='ocr_par' dir='ltr' id='par_1_7' title="bbox 524 743 2097 815">
     <span class='ocr_line' id='line_1_7' title="bbox 524 743 2097 815; baseline 0 -18"><span class='ocrx_word' id='word_1_52' title='bbox 524 743 617 798; x_wconf 90' lang='lat' dir='ltr'><strong>tiis</strong></span> <span class='ocrx_word' id='word_1_53' title='bbox 653 744 943 809; x_wconf 86' lang='lat' dir='ltr'><strong>subditam,</strong></span> <span class='ocrx_word' id='word_1_54' title='bbox 985 752 1046 799; x_wconf 92' lang='lat' dir='ltr'><strong>ut</strong></span> <span class='ocrx_word' id='word_1_55' title='bbox 1076 743 1244 808; x_wconf 82' lang='lat' dir='ltr'><strong>illam,</strong></span> <span class='ocrx_word' id='word_1_56' title='bbox 1300 745 1509 815; x_wconf 86' lang='lat' dir='ltr'><strong>uspiam</strong></span> <span class='ocrx_word' id='word_1_57' title='bbox 1537 745 1764 815; x_wconf 80' lang='lat' dir='ltr'><strong>legimus</strong></span> <span class='ocrx_word' id='word_1_58' title='bbox 1802 745 2097 803; x_wconf 67' lang='lat' dir='ltr'><strong>exstitisse.</strong></span> 
     </span>
    </p>
   </div>
   <div class='ocr_carea' id='block_1_8' title="bbox 528 833 2103 908">
    <p class='ocr_par' dir='ltr' id='par_1_8' title="bbox 528 833 2103 908">
     <span class='ocr_line' id='line_1_8' title="bbox 528 833 2103 908; baseline 0.002 -18"><span class='ocrx_word' id='word_1_59' title='bbox 528 833 733 906; x_wconf 77' lang='lat' dir='ltr'><strong>Magnae</strong></span> <span class='ocrx_word' id='word_1_60' title='bbox 768 852 897 906; x_wconf 81' lang='lat' dir='ltr'><strong>ergo</strong></span> <span class='ocrx_word' id='word_1_61' title='bbox 934 836 1271 891; x_wconf 82' lang='lat' dir='ltr'><strong>crudelitatis</strong></span> <span class='ocrx_word' id='word_1_62' title='bbox 1309 845 1364 892; x_wconf 91' lang='lat' dir='ltr'><strong>et</strong></span> <span class='ocrx_word' id='word_1_63' title='bbox 1389 852 1576 892; x_wconf 76' lang='lat' dir='ltr'><strong>revera</strong></span> <span class='ocrx_word' id='word_1_64' title='bbox 1624 853 1833 908; x_wconf 75' lang='lat' dir='ltr'><strong>magna:</strong></span> <span class='ocrx_word' id='word_1_65' title='bbox 1873 836 2103 893; x_wconf 88' lang='lat' dir='ltr'><strong>crudeli-</strong></span> 
     </span>
    </p>
   </div>
   <div class='ocr_carea' id='block_1_9' title="bbox 525 927 2102 997">
    <p class='ocr_par' dir='ltr' id='par_1_9' title="bbox 525 927 2102 997">
     <span class='ocr_line' id='line_1_9' title="bbox 525 927 2102 997; baseline 0 -17"><span class='ocrx_word' id='word_1_66' title='bbox 525 928 654 980; x_wconf 82' lang='lat' dir='ltr'><strong>tatis</strong></span> <span class='ocrx_word' id='word_1_67' title='bbox 680 935 734 982; x_wconf 90' lang='lat' dir='ltr'><strong>et</strong></span> <span class='ocrx_word' id='word_1_68' title='bbox 763 927 1096 982; x_wconf 78' lang='lat' dir='ltr'><strong>fortitudinis</strong></span> <span class='ocrx_word' id='word_1_69' title='bbox 1139 929 1411 996; x_wconf 85' lang='lat' dir='ltr'><strong>quondam</strong></span> <span class='ocrx_word' id='word_1_70' title='bbox 1468 927 1587 993; x_wconf 88' lang='lat' dir='ltr'><strong>fuit,</strong></span> <span class='ocrx_word' id='word_1_71' title='bbox 1618 944 1738 997; x_wconf 72' lang='lat' dir='ltr'><strong>qua:</strong></span> <span class='ocrx_word' id='word_1_72' title='bbox 1781 944 1810 981; x_wconf 83' lang='lat' dir='ltr'><strong>a</strong></span> <span class='ocrx_word' id='word_1_73' title='bbox 1840 928 2102 997; x_wconf 82' lang='lat' dir='ltr'><strong>propheta</strong></span> 
     </span>
    </p>
   </div>
   <div class='ocr_carea' id='block_1_10' title="bbox 506 1017 2103 1088">
    <p class='ocr_par' dir='ltr' id='par_1_10' title="bbox 506 1017 2103 1088">
     <span class='ocr_line' id='line_1_10' title="bbox 506 1017 2103 1088; baseline -0.002 -14"><span class='ocrx_word' id='word_1_74' title='bbox 506 1017 745 1087; x_wconf 34' lang='lat' dir='ltr'><strong>,Daniele</strong></span> <span class='ocrx_word' id='word_1_75' title='bbox 786 1018 840 1071; x_wconf 93' lang='lat' dir='ltr'><strong>in</strong></span> <span class='ocrx_word' id='word_1_76' title='bbox 874 1018 1211 1086; x_wconf 75' lang='lat' dir='ltr'><strong>expositione</strong></span> <span class='ocrx_word' id='word_1_77' title='bbox 1233 1019 1547 1087; x_wconf 74' lang='lat' dir='ltr'><strong>quadriﬁdas</strong></span> <span class='ocrx_word' id='word_1_78' title='bbox 1574 1026 1784 1085; x_wconf 73' lang='lat' dir='ltr'><strong>statum,</strong></span> <span class='ocrx_word' id='word_1_79' title='bbox 1825 1034 1946 1088; x_wconf 70' lang='lat' dir='ltr'><strong>quae</strong></span> <span class='ocrx_word' id='word_1_80' title='bbox 1970 1033 2103 1086; x_wconf 86' lang='lat' dir='ltr'><strong>qua-</strong></span> 
     </span>
    </p>
   </div>
   <div class='ocr_carea' id='block_1_11' title="bbox 524 1108 2101 1182">
    <p class='ocr_par' dir='ltr' id='par_1_11' title="bbox 524 1108 2101 1182">
     <span class='ocr_line' id='line_1_11' title="bbox 524 1108 2101 1182; baseline 0 -18"><span class='ocrx_word' id='word_1_81' title='bbox 524 1117 651 1165; x_wconf 86' lang='lat' dir='ltr'><strong>tuor</strong></span> <span class='ocrx_word' id='word_1_82' title='bbox 702 1108 1125 1164; x_wconf 87' lang='lat' dir='ltr'><strong>fortissimomm</strong></span> <span class='ocrx_word' id='word_1_83' title='bbox 1191 1111 1374 1165; x_wconf 85' lang='lat' dir='ltr'><strong>mundi</strong></span> <span class='ocrx_word' id='word_1_84' title='bbox 1430 1124 1718 1179; x_wconf 84' lang='lat' dir='ltr'><strong>regnorum</strong></span> <span class='ocrx_word' id='word_1_85' title='bbox 1781 1110 2101 1182; x_wconf 77' lang='lat' dir='ltr'><strong>praesagium</strong></span> 
     </span>
    </p>
   </div>
   <div class='ocr_carea' id='block_1_12' title="bbox 524 1197 2102 1273">
    <p class='ocr_par' dir='ltr' id='par_1_12' title="bbox 524 1197 2102 1273">
     <span class='ocr_line' id='line_1_12' title="bbox 524 1197 2102 1273; baseline 0.001 -20"><span class='ocrx_word' id='word_1_86' title='bbox 524 1197 645 1263; x_wconf 91' lang='lat' dir='ltr'><strong>fuit,</strong></span> <span class='ocrx_word' id='word_1_87' title='bbox 708 1206 835 1270; x_wconf 88' lang='lat' dir='ltr'><strong>post</strong></span> <span class='ocrx_word' id='word_1_88' title='bbox 877 1211 1037 1273; x_wconf 88' lang='lat' dir='ltr'><strong>caput</strong></span> <span class='ocrx_word' id='word_1_89' title='bbox 1094 1215 1338 1266; x_wconf 87' lang='lat' dir='ltr'><strong>aureum,</strong></span> <span class='ocrx_word' id='word_1_90' title='bbox 1401 1200 1543 1269; x_wconf 90' lang='lat' dir='ltr'><strong>quod</strong></span> <span class='ocrx_word' id='word_1_91' title='bbox 1586 1199 1932 1271; x_wconf 80' lang='lat' dir='ltr'><strong>Assyriorum</strong></span> <span class='ocrx_word' id='word_1_92' title='bbox 1990 1201 2102 1257; x_wconf 78' lang='lat' dir='ltr'><strong>sive</strong></span> 
     </span>
    </p>
   </div>
   <div class='ocr_carea' id='block_1_13' title="bbox 523 1282 2103 1359">
    <p class='ocr_par' dir='ltr' id='par_1_13' title="bbox 523 1282 2103 1359">
     <span class='ocr_line' id='line_1_13' title="bbox 523 1282 2103 1359; baseline -0.001 -16"><span class='ocrx_word' id='word_1_93' title='bbox 523 1282 898 1345; x_wconf 52' lang='lat' dir='ltr'><strong>Chaldaeorum</strong></span> <span class='ocrx_word' id='word_1_94' title='bbox 925 1303 1148 1359; x_wconf 84' lang='lat' dir='ltr'><strong>regnum</strong></span> <span class='ocrx_word' id='word_1_95' title='bbox 1195 1288 1459 1358; x_wconf 74' lang='lat' dir='ltr'><strong>signavit;</strong></span> <span class='ocrx_word' id='word_1_96' title='bbox 1499 1296 1688 1359; x_wconf 88' lang='lat' dir='ltr'><strong>pectus</strong></span> <span class='ocrx_word' id='word_1_97' title='bbox 1735 1303 1865 1344; x_wconf 87' lang='lat' dir='ltr'><strong>vero</strong></span> <span class='ocrx_word' id='word_1_98' title='bbox 1909 1304 2103 1359; x_wconf 55' lang='lat' dir='ltr'><strong>argent:</strong></span> 
     </span>
    </p>
   </div>
   <div class='ocr_carea' id='block_1_14' title="bbox 524 1370 2105 1448">
    <p class='ocr_par' dir='ltr' id='par_1_14' title="bbox 524 1370 2105 1448">
     <span class='ocr_line' id='line_1_14' title="bbox 524 1370 2105 1448; baseline 0.001 -17"><span class='ocrx_word' id='word_1_99' title='bbox 524 1385 692 1442; x_wconf 84' lang='lat' dir='ltr'><strong>tcum,</strong></span> <span class='ocrx_word' id='word_1_100' title='bbox 732 1379 875 1447; x_wconf 90' lang='lat' dir='ltr'><strong>quod</strong></span> <span class='ocrx_word' id='word_1_101' title='bbox 914 1378 1193 1433; x_wconf 79' lang='lat' dir='ltr'><strong>Medorum</strong></span> <span class='ocrx_word' id='word_1_102' title='bbox 1234 1377 1631 1448; x_wconf 85' lang='lat' dir='ltr'><strong>Persarumque</strong></span> <span class='ocrx_word' id='word_1_103' title='bbox 1661 1393 1884 1448; x_wconf 81' lang='lat' dir='ltr'><strong>regnum</strong></span> <span class='ocrx_word' id='word_1_104' title='bbox 1910 1370 2105 1448; x_wconf 71' lang='lat' dir='ltr'><strong>figura-</strong></span> 
     </span>
    </p>
   </div>
   <div class='ocr_carea' id='block_1_15' title="bbox 524 1456 2102 1543">
    <p class='ocr_par' dir='ltr' id='par_1_15' title="bbox 524 1456 2102 1543">
     <span class='ocr_line' id='line_1_15' title="bbox 524 1456 2102 1543; baseline 0.001 -19"><span class='ocrx_word' id='word_1_105' title='bbox 524 1470 603 1524; x_wconf 78' lang='lat' dir='ltr'><strong>vit</strong></span> <span class='ocrx_word' id='word_1_106' title='bbox 630 1486 643 1533; x_wconf 90' lang='lat'><strong>;</strong></span> <span class='ocrx_word' id='word_1_107' title='bbox 674 1468 882 1523; x_wconf 80' lang='lat' dir='ltr'><strong>femora</strong></span> <span class='ocrx_word' id='word_1_108' title='bbox 901 1484 1029 1525; x_wconf 77' lang='lat' dir='ltr'><strong>vero</strong></span> <span class='ocrx_word' id='word_1_109' title='bbox 1048 1483 1208 1533; x_wconf 68' lang='lat' dir='ltr'><strong>terea,</strong></span> <span class='ocrx_word' id='word_1_110' title='bbox 1232 1460 1330 1539; x_wconf 82' lang='lat' dir='ltr'><strong>per</strong></span> <span class='ocrx_word' id='word_1_111' title='bbox 1358 1484 1477 1539; x_wconf 73' lang='lat' dir='ltr'><strong>qua:</strong></span> <span class='ocrx_word' id='word_1_112' title='bbox 1503 1468 1850 1527; x_wconf 83' lang='lat' dir='ltr'><strong>Macedonum</strong></span> <span class='ocrx_word' id='word_1_113' title='bbox 1875 1456 2102 1543; x_wconf 79' lang='lat' dir='ltr'><strong>regnum</strong></span> 
     </span>
    </p>
   </div>
   <div class='ocr_carea' id='block_1_16' title="bbox 524 1544 2100 1631">
    <p class='ocr_par' dir='ltr' id='par_1_16' title="bbox 524 1544 2100 1631">
     <span class='ocr_line' id='line_1_16' title="bbox 524 1544 2100 1631; baseline 0 -17"><span class='ocrx_word' id='word_1_114' title='bbox 524 1567 885 1615; x_wconf 82' lang='lat' dir='ltr'><strong>menstratum</strong></span> <span class='ocrx_word' id='word_1_115' title='bbox 923 1567 1026 1623; x_wconf 88' lang='lat' dir='ltr'><strong>est,</strong></span> <span class='ocrx_word' id='word_1_116' title='bbox 1066 1556 1121 1611; x_wconf 93' lang='lat' dir='ltr'><strong>in</strong></span> <span class='ocrx_word' id='word_1_117' title='bbox 1168 1558 1416 1614; x_wconf 88' lang='lat' dir='ltr'><strong>cruribus</strong></span> <span class='ocrx_word' id='word_1_118' title='bbox 1462 1557 1654 1618; x_wconf 86' lang='lat' dir='ltr'><strong>ferreis</strong></span> <span class='ocrx_word' id='word_1_119' title='bbox 1682 1558 1959 1631; x_wconf 85' lang='lat' dir='ltr'><strong>designata</strong></span> <span class='ocrx_word' id='word_1_120' title='bbox 1983 1544 2100 1619; x_wconf 67' lang='lat' dir='ltr'><strong>est:</strong></span> 
     </span>
    </p>
   </div>
   <div class='ocr_carea' id='block_1_17' title="bbox 524 1645 2101 1718">
    <p class='ocr_par' dir='ltr' id='par_1_17' title="bbox 524 1645 2101 1718">
     <span class='ocr_line' id='line_1_17' title="bbox 524 1645 2101 1718; baseline 0.001 -15"><span class='ocrx_word' id='word_1_121' title='bbox 524 1654 580 1703; x_wconf 89' lang='lat' dir='ltr'><strong>et</strong></span> <span class='ocrx_word' id='word_1_122' title='bbox 608 1648 875 1718; x_wconf 84' lang='lat' dir='ltr'><strong>quomodo</strong></span> <span class='ocrx_word' id='word_1_123' title='bbox 935 1645 1137 1702; x_wconf 85' lang='lat' dir='ltr'><strong>ferrum</strong></span> <span class='ocrx_word' id='word_1_124' title='bbox 1191 1648 1424 1703; x_wconf 90' lang='lat' dir='ltr'><strong>conterit</strong></span> <span class='ocrx_word' id='word_1_125' title='bbox 1470 1657 1526 1703; x_wconf 93' lang='lat' dir='ltr'><strong>et</strong></span> <span class='ocrx_word' id='word_1_126' title='bbox 1573 1648 1756 1704; x_wconf 89' lang='lat' dir='ltr'><strong>domat</strong></span> <span class='ocrx_word' id='word_1_127' title='bbox 1798 1648 1998 1715; x_wconf 86' lang='lat' dir='ltr'><strong>omnia,</strong></span> <span class='ocrx_word' id='word_1_128' title='bbox 2028 1650 2101 1705; x_wconf 87' lang='lat' dir='ltr'><strong>ita</strong></span> 
     </span>
    </p>
   </div>
   <div class='ocr_carea' id='block_1_18' title="bbox 2200 566 3766 636">
    <p class='ocr_par' dir='ltr' id='par_1_18' title="bbox 2200 566 3766 636">
     <span class='ocr_line' id='line_1_18' title="bbox 2200 566 3766 636; baseline 0.007 -18"><span class='ocrx_word' id='word_1_129' title='bbox 2200 578 2508 635; x_wconf 84' lang='lat' dir='ltr'><strong>quanquam</strong></span> <span class='ocrx_word' id='word_1_130' title='bbox 2537 566 2866 625; x_wconf 76' lang='lat' dir='ltr'><strong>lowtionum</strong></span> <span class='ocrx_word' id='word_1_131' title='bbox 2911 568 3150 636; x_wconf 79' lang='lat' dir='ltr'><strong>phaleris</strong></span> <span class='ocrx_word' id='word_1_132' title='bbox 3191 578 3245 623; x_wconf 92' lang='lat' dir='ltr'><strong>et</strong></span> <span class='ocrx_word' id='word_1_133' title='bbox 3270 572 3565 626; x_wconf 81' lang='lat' dir='ltr'><strong>verborum</strong></span> <span class='ocrx_word' id='word_1_134' title='bbox 3604 575 3766 630; x_wconf 85' lang='lat' dir='ltr'><strong>erudi-</strong></span> 
     </span>
    </p>
   </div>
   <div class='ocr_carea' id='block_1_19' title="bbox 2201 654 3766 730">
    <p class='ocr_par' dir='ltr' id='par_1_19' title="bbox 2201 654 3766 730">
     <span class='ocr_line' id='line_1_19' title="bbox 2201 654 3766 730; baseline 0.006 -22"><span class='ocrx_word' id='word_1_135' title='bbox 2201 654 2349 709; x_wconf 78' lang='lat' dir='ltr'><strong>tidne</strong></span> <span class='ocrx_word' id='word_1_136' title='bbox 2388 665 2592 719; x_wconf 82' lang='lat' dir='ltr'><strong>careat,</strong></span> <span class='ocrx_word' id='word_1_137' title='bbox 2645 664 2699 710; x_wconf 92' lang='lat' dir='ltr'><strong>et</strong></span> <span class='ocrx_word' id='word_1_138' title='bbox 2721 655 2964 725; x_wconf 89' lang='lat' dir='ltr'><strong>procula</strong></span> <span class='ocrx_word' id='word_1_139' title='bbox 2995 656 3213 726; x_wconf 87' lang='lat' dir='ltr'><strong>negotio</strong></span> <span class='ocrx_word' id='word_1_140' title='bbox 3260 660 3349 713; x_wconf 85' lang='lat' dir='ltr'><strong>cui</strong></span> <span class='ocrx_word' id='word_1_141' title='bbox 3408 659 3652 730; x_wconf 86' lang='lat' dir='ltr'><strong>imposita</strong></span> <span class='ocrx_word' id='word_1_142' title='bbox 3692 675 3766 719; x_wconf 82' lang='lat' dir='ltr'><strong>cst</strong></span> 
     </span>
    </p>
   </div>
   <div class='ocr_carea' id='block_1_20' title="bbox 2201 743 3768 820">
    <p class='ocr_par' dir='ltr' id='par_1_20' title="bbox 2201 743 3768 820">
     <span class='ocr_line' id='line_1_20' title="bbox 2201 743 3768 820; baseline 0.005 -22"><span class='ocrx_word' id='word_1_143' title='bbox 2201 743 2417 814; x_wconf 86' lang='lat' dir='ltr'><strong>evagari</strong></span> <span class='ocrx_word' id='word_1_144' title='bbox 2453 745 2721 807; x_wconf 86' lang='lat' dir='ltr'><strong>credatur,</strong></span> <span class='ocrx_word' id='word_1_145' title='bbox 2766 758 2868 799; x_wconf 87' lang='lat' dir='ltr'><strong>nec</strong></span> <span class='ocrx_word' id='word_1_146' title='bbox 2895 744 3106 800; x_wconf 88' lang='lat' dir='ltr'><strong>illorum</strong></span> <span class='ocrx_word' id='word_1_147' title='bbox 3157 747 3450 803; x_wconf 82' lang='lat' dir='ltr'><strong>assertioai</strong></span> <span class='ocrx_word' id='word_1_148' title='bbox 3496 763 3616 805; x_wconf 85' lang='lat' dir='ltr'><strong>eam</strong></span> <span class='ocrx_word' id='word_1_149' title='bbox 3648 765 3768 820; x_wconf 65' lang='lat' dir='ltr'><strong>prm-</strong></span> 
     </span>
    </p>
   </div>
   <div class='ocr_carea' id='block_1_21' title="bbox 2200 832 3766 907">
    <p class='ocr_par' dir='ltr' id='par_1_21' title="bbox 2200 832 3766 907">
     <span class='ocr_line' id='line_1_21' title="bbox 2200 832 3766 907; baseline 0.006 -19"><span class='ocrx_word' id='word_1_150' title='bbox 2200 832 2330 888; x_wconf 85' lang='lat' dir='ltr'><strong>bere</strong></span> <span class='ocrx_word' id='word_1_151' title='bbox 2351 832 2623 898; x_wconf 77' lang='lat' dir='ltr'><strong>solatium,</strong></span> <span class='ocrx_word' id='word_1_152' title='bbox 2648 846 2748 888; x_wconf 89' lang='lat' dir='ltr'><strong>nec</strong></span> <span class='ocrx_word' id='word_1_153' title='bbox 2777 840 2973 889; x_wconf 74' lang='lat' dir='ltr'><strong>nostrae</strong></span> <span class='ocrx_word' id='word_1_154' title='bbox 3001 843 3213 891; x_wconf 82' lang='lat' dir='ltr'><strong>constat</strong></span> <span class='ocrx_word' id='word_1_155' title='bbox 3234 839 3511 907; x_wconf 84' lang='lat' dir='ltr'><strong>quoddam</strong></span> <span class='ocrx_word' id='word_1_156' title='bbox 3536 839 3766 897; x_wconf 80' lang='lat' dir='ltr'><strong>conferre</strong></span> 
     </span>
    </p>
   </div>
   <div class='ocr_carea' id='block_1_22' title="bbox 2201 922 3766 997">
    <p class='ocr_par' dir='ltr' id='par_1_22' title="bbox 2201 922 3766 997">
     <span class='ocr_line' id='line_1_22' title="bbox 2201 922 3766 997; baseline 0.004 -18"><span class='ocrx_word' id='word_1_157' title='bbox 2201 922 2559 991; x_wconf 83' lang='lat' dir='ltr'><strong>dispendium,</strong></span> <span class='ocrx_word' id='word_1_158' title='bbox 2590 938 2693 978; x_wconf 87' lang='lat' dir='ltr'><strong>nec</strong></span> <span class='ocrx_word' id='word_1_159' title='bbox 2728 924 2944 993; x_wconf 84' lang='lat' dir='ltr'><strong>aliquod</strong></span> <span class='ocrx_word' id='word_1_160' title='bbox 2980 924 3304 982; x_wconf 75' lang='lat' dir='ltr'><strong>Christiana:</strong></span> <span class='ocrx_word' id='word_1_161' title='bbox 3352 928 3628 997; x_wconf 76' lang='lat' dir='ltr'><strong>religionis</strong></span> <span class='ocrx_word' id='word_1_162' title='bbox 3655 944 3766 985; x_wconf 80' lang='lat' dir='ltr'><strong>sen-</strong></span> 
     </span>
    </p>
   </div>
   <div class='ocr_carea' id='block_1_23' title="bbox 2201 1014 3765 1089">
    <p class='ocr_par' dir='ltr' id='par_1_23' title="bbox 2201 1014 3765 1089">
     <span class='ocr_line' id='line_1_23' title="bbox 2201 1014 3765 1089; baseline 0.004 -18"><span class='ocrx_word' id='word_1_163' title='bbox 2201 1014 2352 1071; x_wconf 81' lang='lat' dir='ltr'><strong>sibus</strong></span> <span class='ocrx_word' id='word_1_164' title='bbox 2412 1014 2685 1071; x_wconf 79' lang='lat' dir='ltr'><strong>inculcare</strong></span> <span class='ocrx_word' id='word_1_165' title='bbox 2733 1016 3052 1071; x_wconf 83' lang='lat' dir='ltr'><strong>dissidium:</strong></span> <span class='ocrx_word' id='word_1_166' title='bbox 3110 1019 3415 1087; x_wconf 80' lang='lat' dir='ltr'><strong>praesertim</strong></span> <span class='ocrx_word' id='word_1_167' title='bbox 3456 1035 3576 1089; x_wconf 63' lang='lat' dir='ltr'><strong>qua:</strong></span> <span class='ocrx_word' id='word_1_168' title='bbox 3607 1024 3765 1079; x_wconf 84' lang='lat' dir='ltr'><strong>nedi-</strong></span> 
     </span>
    </p>
   </div>
   <div class='ocr_carea' id='block_1_24' title="bbox 2201 1105 3767 1180">
    <p class='ocr_par' dir='ltr' id='par_1_24' title="bbox 2201 1105 3767 1180">
     <span class='ocr_line' id='line_1_24' title="bbox 2201 1105 3767 1180; baseline 0.007 -22"><span class='ocrx_word' id='word_1_169' title='bbox 2201 1105 2610 1175; x_wconf 67' lang='lat' dir='ltr'><strong>t&#39;inzeimsgs&#39;nis</strong></span> <span class='ocrx_word' id='word_1_170' title='bbox 2635 1107 3008 1162; x_wconf 73' lang='lat' dir='ltr'><strong>diaraeterem</strong></span> <span class='ocrx_word' id='word_1_171' title='bbox 3046 1108 3100 1161; x_wconf 93' lang='lat' dir='ltr'><strong>in</strong></span> <span class='ocrx_word' id='word_1_172' title='bbox 3129 1109 3285 1164; x_wconf 83' lang='lat' dir='ltr'><strong>nobis</strong></span> <span class='ocrx_word' id='word_1_173' title='bbox 3333 1110 3499 1165; x_wconf 88' lang='lat' dir='ltr'><strong>malis</strong></span> <span class='ocrx_word' id='word_1_174' title='bbox 3533 1113 3767 1180; x_wconf 79' lang='lat' dir='ltr'><strong>operibus</strong></span> 
     </span>
    </p>
   </div>
   <div class='ocr_carea' id='block_1_25' title="bbox 2183 1196 3766 1271">
    <p class='ocr_par' dir='ltr' id='par_1_25' title="bbox 2183 1196 3766 1271">
     <span class='ocr_line' id='line_1_25' title="bbox 2183 1196 3766 1271; baseline 0.004 -18"><span class='ocrx_word' id='word_1_175' title='bbox 2183 1196 2563 1266; x_wconf 76' lang='lat' dir='ltr'><strong>.inquinemus,</strong></span> <span class='ocrx_word' id='word_1_176' title='bbox 2592 1210 2729 1255; x_wconf 74' lang='lat' dir='ltr'><strong>saeve</strong></span> <span class='ocrx_word' id='word_1_177' title='bbox 2753 1199 2804 1253; x_wconf 76' lang='lat' dir='ltr'><strong>ei</strong></span> <span class='ocrx_word' id='word_1_178' title='bbox 2837 1199 2905 1254; x_wconf 85' lang='lat' dir='ltr'><strong>ad</strong></span> <span class='ocrx_word' id='word_1_179' title='bbox 2951 1197 3101 1267; x_wconf 72' lang='lat' dir='ltr'><strong>mtjus</strong></span> <span class='ocrx_word' id='word_1_180' title='bbox 3131 1200 3423 1271; x_wconf 79' lang='lat' dir='ltr'><strong>imaginem</strong></span> <span class='ocrx_word' id='word_1_181' title='bbox 3444 1209 3502 1257; x_wconf 85' lang='lat' dir='ltr'><strong>et</strong></span> <span class='ocrx_word' id='word_1_182' title='bbox 3537 1204 3766 1261; x_wconf 86' lang='lat' dir='ltr'><strong>similitu-</strong></span> 
     </span>
    </p>
   </div>
   <div class='ocr_carea' id='block_1_26' title="bbox 2200 1288 3764 1364">
    <p class='ocr_par' dir='ltr' id='par_1_26' title="bbox 2200 1288 3764 1364">
     <span class='ocr_line' id='line_1_26' title="bbox 2200 1288 3764 1364; baseline 0.003 -20"><span class='ocrx_word' id='word_1_183' title='bbox 2200 1288 2380 1344; x_wconf 81' lang='lat' dir='ltr'><strong>dinem</strong></span> <span class='ocrx_word' id='word_1_184' title='bbox 2440 1288 2643 1355; x_wconf 78' lang='lat' dir='ltr'><strong>oohditi</strong></span> <span class='ocrx_word' id='word_1_185' title='bbox 2666 1302 2870 1364; x_wconf 67' lang='lat' dir='ltr'><strong>sumus</strong></span> <span class='ocrx_word' id='word_1_186' title='bbox 2912 1289 3186 1359; x_wconf 81' lang='lat' dir='ltr'><strong>peccando</strong></span> <span class='ocrx_word' id='word_1_187' title='bbox 3225 1289 3458 1361; x_wconf 82' lang='lat' dir='ltr'><strong>ejusque</strong></span> <span class='ocrx_word' id='word_1_188' title='bbox 3496 1293 3764 1364; x_wconf 75' lang='lat' dir='ltr'><strong>imaginem</strong></span> 
     </span>
    </p>
   </div>
   <div class='ocr_carea' id='block_1_27' title="bbox 2202 1358 3767 1452">
    <p class='ocr_par' dir='ltr' id='par_1_27' title="bbox 2202 1358 3767 1452">
     <span class='ocr_line' id='line_1_27' title="bbox 2202 1358 3767 1452; baseline 0.002 -15"><span class='ocrx_word' id='word_1_189' title='bbox 2202 1387 2259 1437; x_wconf 82' lang='lat' dir='ltr'><strong>et</strong></span> <span class='ocrx_word' id='word_1_190' title='bbox 2280 1358 2686 1451; x_wconf 68' lang='lat' dir='ltr'><strong>similitudinem</strong></span> <span class='ocrx_word' id='word_1_191' title='bbox 2729 1379 3014 1449; x_wconf 73' lang='lat' dir='ltr'><strong>pou-endo</strong></span> <span class='ocrx_word' id='word_1_192' title='bbox 3044 1381 3296 1451; x_wconf 85' lang='lat' dir='ltr'><strong>injuriam</strong></span> <span class='ocrx_word' id='word_1_193' title='bbox 3335 1358 3655 1452; x_wconf 72' lang='lat' dir='ltr'><strong>irrogemus,</strong></span> <span class='ocrx_word' id='word_1_194' title='bbox 3676 1385 3767 1441; x_wconf 84' lang='lat' dir='ltr'><strong>hoc</strong></span> 
     </span>
    </p>
   </div>
   <div class='ocr_carea' id='block_1_28' title="bbox 2203 1469 3766 1547">
    <p class='ocr_par' dir='ltr' id='par_1_28' title="bbox 2203 1469 3766 1547">
     <span class='ocr_line' id='line_1_28' title="bbox 2203 1469 3766 1547; baseline 0.001 -20"><span class='ocrx_word' id='word_1_195' title='bbox 2203 1469 2385 1527; x_wconf 72' lang='lat' dir='ltr'><strong>dicere</strong></span> <span class='ocrx_word' id='word_1_196' title='bbox 2418 1470 2693 1534; x_wconf 68' lang='lat' dir='ltr'><strong>videatur,</strong></span> <span class='ocrx_word' id='word_1_197' title='bbox 2742 1478 2823 1533; x_wconf 73' lang='lat' dir='ltr'><strong>ut?</strong></span> <span class='ocrx_word' id='word_1_198' title='bbox 2851 1470 3098 1539; x_wconf 82' lang='lat' dir='ltr'><strong>quisquis</strong></span> <span class='ocrx_word' id='word_1_199' title='bbox 3166 1471 3518 1541; x_wconf 84' lang='lat' dir='ltr'><strong>imperatoris</strong></span> <span class='ocrx_word' id='word_1_200' title='bbox 3565 1475 3766 1547; x_wconf 86' lang='lat' dir='ltr'><strong>imagini</strong></span> 
     </span>
    </p>
   </div>
   <div class='ocr_carea' id='block_1_29' title="bbox 2188 1557 3768 1633">
    <p class='ocr_par' dir='ltr' id='par_1_29' title="bbox 2188 1557 3768 1633">
     <span class='ocr_line' id='line_1_29' title="bbox 2188 1557 3768 1633; baseline 0.003 -19"><span class='ocrx_word' id='word_1_201' title='bbox 2188 1557 2452 1627; x_wconf 73' lang='lat' dir='ltr'><strong>iniuriam</strong></span> <span class='ocrx_word' id='word_1_202' title='bbox 2472 1560 2711 1629; x_wconf 70' lang='lat' dir='ltr'><strong>inrogat,</strong></span> <span class='ocrx_word' id='word_1_203' title='bbox 2728 1575 2837 1616; x_wconf 88' lang='lat' dir='ltr'><strong>non</strong></span> <span class='ocrx_word' id='word_1_204' title='bbox 2874 1560 3132 1631; x_wconf 84' lang='lat' dir='ltr'><strong>imagini,</strong></span> <span class='ocrx_word' id='word_1_205' title='bbox 3153 1563 3248 1616; x_wconf 89' lang='lat' dir='ltr'><strong>sed</strong></span> <span class='ocrx_word' id='word_1_206' title='bbox 3269 1561 3452 1618; x_wconf 84' lang='lat' dir='ltr'><strong>eidem</strong></span> <span class='ocrx_word' id='word_1_207' title='bbox 3479 1563 3768 1633; x_wconf 83' lang='lat' dir='ltr'><strong>imperatori</strong></span> 
     </span>
    </p>
   </div>
   <div class='ocr_carea' id='block_1_30' title="bbox 2205 1647 3767 1721">
    <p class='ocr_par' dir='ltr' id='par_1_30' title="bbox 2205 1647 3767 1721">
     <span class='ocr_line' id='line_1_30' title="bbox 2205 1647 3767 1721; baseline 0.004 -19"><span class='ocrx_word' id='word_1_208' title='bbox 2205 1647 2459 1719; x_wconf 75' lang='lat' dir='ltr'><strong>iniuriam</strong></span> <span class='ocrx_word' id='word_1_209' title='bbox 2482 1650 2723 1721; x_wconf 68' lang='lat' dir='ltr'><strong>irrogata</strong></span> <span class='ocrx_word' id='word_1_210' title='bbox 2755 1650 3026 1709; x_wconf 76' lang='lat' dir='ltr'><strong>credatur.</strong></span> <span class='ocrx_word' id='word_1_211' title='bbox 3061 1650 3407 1717; x_wconf 79' lang='lat' dir='ltr'><strong>Quodautem</strong></span> <span class='ocrx_word' id='word_1_212' title='bbox 3436 1653 3590 1719; x_wconf 77' lang='lat' dir='ltr'><strong>dixit,</strong></span> <span class='ocrx_word' id='word_1_213' title='bbox 3606 1655 3767 1720; x_wconf 74' lang='lat' dir='ltr'><strong>nubes,</strong></span> 
     </span>
    </p>
   </div>
   <div class='ocr_carea' id='block_1_31' title="bbox 524 1715 3766 1813">
    <p class='ocr_par' dir='ltr' id='par_1_31' title="bbox 524 1715 3766 1813">
     <span class='ocr_line' id='line_1_31' title="bbox 524 1715 3766 1813; baseline 0.001 -19"><span class='ocrx_word' id='word_1_214' title='bbox 524 1739 641 1794; x_wconf 60' lang='lat' dir='ltr'><strong>haec</strong></span> <span class='ocrx_word' id='word_1_215' title='bbox 667 1754 801 1811; x_wconf 89' lang='lat' dir='ltr'><strong>pene</strong></span> <span class='ocrx_word' id='word_1_216' title='bbox 838 1739 1019 1793; x_wconf 89' lang='lat' dir='ltr'><strong>omnia</strong></span> <span class='ocrx_word' id='word_1_217' title='bbox 1047 1754 1211 1810; x_wconf 79' lang='lat' dir='ltr'><strong>regna</strong></span> <span class='ocrx_word' id='word_1_218' title='bbox 1235 1740 1492 1794; x_wconf 89' lang='lat' dir='ltr'><strong>edomuit.</strong></span> <span class='ocrx_word' id='word_1_219' title='bbox 1532 1738 1662 1806; x_wconf 62' lang='lat' dir='ltr'><strong>Quae</strong></span> <span class='ocrx_word' id='word_1_220' title='bbox 1705 1755 1736 1795; x_wconf 92' lang='lat' dir='ltr'><strong>e</strong></span> <span class='ocrx_word' id='word_1_221' title='bbox 1762 1740 1865 1795; x_wconf 87' lang='lat' dir='ltr'><strong>iam</strong></span> <span class='ocrx_word' id='word_1_222' title='bbox 1912 1756 1942 1796; x_wconf 89' lang='lat' dir='ltr'><strong>a</strong></span> <span class='ocrx_word' id='word_1_223' title='bbox 1963 1756 2103 1813; x_wconf 78' lang='lat' dir='ltr'><strong>pra:-</strong></span> <span class='ocrx_word' id='word_1_224' title='bbox 2130 1715 2176 1775; x_wconf 73' lang='grc' dir='ltr'><em>Β</em></span> <span class='ocrx_word' id='word_1_225' title='bbox 2207 1747 2411 1795; x_wconf 84' lang='lat' dir='ltr'><strong>terram</strong></span> <span class='ocrx_word' id='word_1_226' title='bbox 2463 1738 2579 1795; x_wconf 86' lang='lat' dir='ltr'><strong>sive</strong></span> <span class='ocrx_word' id='word_1_227' title='bbox 2635 1754 2787 1793; x_wconf 91' lang='lat' dir='ltr'><strong>mare</strong></span> <span class='ocrx_word' id='word_1_228' title='bbox 2822 1737 3073 1793; x_wconf 76' lang='lat' dir='ltr'><strong>famulari</strong></span> <span class='ocrx_word' id='word_1_229' title='bbox 3122 1741 3347 1812; x_wconf 78' lang='lat' dir='ltr'><strong>imagini</strong></span> <span class='ocrx_word' id='word_1_230' title='bbox 3401 1742 3633 1807; x_wconf 83' lang='lat' dir='ltr'><strong>Domini,</strong></span> <span class='ocrx_word' id='word_1_231' title='bbox 3670 1759 3766 1798; x_wconf 77' lang='lat' dir='ltr'><strong>non</strong></span> 
     </span>
    </p>
   </div>
   <div class='ocr_carea' id='block_1_32' title="bbox 524 1831 2104 1911">
    <p class='ocr_par' dir='ltr' id='par_1_32' title="bbox 524 1831 2104 1911">
     <span class='ocr_line' id='line_1_32' title="bbox 524 1831 2104 1911; baseline 0.002 -26"><span class='ocrx_word' id='word_1_232' title='bbox 524 1831 637 1888; x_wconf 91' lang='lat' dir='ltr'><strong>fato</strong></span> <span class='ocrx_word' id='word_1_233' title='bbox 689 1832 949 1905; x_wconf 87' lang='lat' dir='ltr'><strong>propheta</strong></span> <span class='ocrx_word' id='word_1_234' title='bbox 994 1831 1048 1885; x_wconf 90' lang='lat' dir='ltr'><strong>in</strong></span> <span class='ocrx_word' id='word_1_235' title='bbox 1100 1840 1335 1902; x_wconf 87' lang='lat' dir='ltr'><strong>quatuor</strong></span> <span class='ocrx_word' id='word_1_236' title='bbox 1384 1831 1679 1886; x_wconf 86' lang='lat' dir='ltr'><strong>bestiarum</strong></span> <span class='ocrx_word' id='word_1_237' title='bbox 1727 1832 1930 1889; x_wconf 84' lang='lat' dir='ltr'><strong>visione</strong></span> <span class='ocrx_word' id='word_1_238' title='bbox 1982 1841 2104 1911; x_wconf 78' lang='lat' dir='ltr'><strong>post</strong></span> 
     </span>
    </p>
   </div>
   <div class='ocr_carea' id='block_1_33' title="bbox 523 1922 2107 1996">
    <p class='ocr_par' dir='ltr' id='par_1_33' title="bbox 523 1922 2107 1996">
     <span class='ocr_line' id='line_1_33' title="bbox 523 1922 2107 1996; baseline 0.003 -18"><span class='ocrx_word' id='word_1_239' title='bbox 523 1925 771 1989; x_wconf 69' lang='lat' dir='ltr'><strong>lmenam,</strong></span> <span class='ocrx_word' id='word_1_240' title='bbox 801 1939 898 1995; x_wconf 90' lang='lat' dir='ltr'><strong>per</strong></span> <span class='ocrx_word' id='word_1_241' title='bbox 925 1940 1086 1993; x_wconf 87' lang='lat' dir='ltr'><strong>quam</strong></span> <span class='ocrx_word' id='word_1_242' title='bbox 1112 1922 1527 1996; x_wconf 85' lang='lat' dir='ltr'><strong>Babyloniorum</strong></span> <span class='ocrx_word' id='word_1_243' title='bbox 1578 1938 1801 1995; x_wconf 79' lang='lat' dir='ltr'><strong>regnum</strong></span> <span class='ocrx_word' id='word_1_244' title='bbox 1844 1933 2107 1983; x_wconf 86' lang='lat' dir='ltr'><strong>monstra-</strong></span> 
     </span>
    </p>
   </div>
   <div class='ocr_carea' id='block_1_34' title="bbox 526 2000 2102 2086">
    <p class='ocr_par' dir='ltr' id='par_1_34' title="bbox 526 2000 2102 2086">
     <span class='ocr_line' id='line_1_34' title="bbox 526 2000 2102 2086; baseline 0.001 -18"><span class='ocrx_word' id='word_1_245' title='bbox 526 2023 642 2068; x_wconf 91' lang='lat' dir='ltr'><strong>tum</strong></span> <span class='ocrx_word' id='word_1_246' title='bbox 678 2020 782 2079; x_wconf 89' lang='lat' dir='ltr'><strong>est,</strong></span> <span class='ocrx_word' id='word_1_247' title='bbox 814 2024 868 2069; x_wconf 93' lang='lat' dir='ltr'><strong>et</strong></span> <span class='ocrx_word' id='word_1_248' title='bbox 892 2030 1076 2069; x_wconf 88' lang='lat' dir='ltr'><strong>ursum</strong></span> <span class='ocrx_word' id='word_1_249' title='bbox 1104 2030 1202 2086; x_wconf 90' lang='lat' dir='ltr'><strong>per</strong></span> <span class='ocrx_word' id='word_1_250' title='bbox 1227 2029 1385 2085; x_wconf 87' lang='lat' dir='ltr'><strong>quem</strong></span> <span class='ocrx_word' id='word_1_251' title='bbox 1418 2015 1694 2071; x_wconf 86' lang='lat' dir='ltr'><strong>Medorum</strong></span> <span class='ocrx_word' id='word_1_252' title='bbox 1737 2023 1793 2073; x_wconf 89' lang='lat' dir='ltr'><strong>et</strong></span> <span class='ocrx_word' id='word_1_253' title='bbox 1814 2000 2102 2075; x_wconf 79' lang='lat' dir='ltr'><strong>Persarum</strong></span> 
     </span>
    </p>
   </div>
   <div class='ocr_carea' id='block_1_35' title="bbox 525 2088 2105 2179">
    <p class='ocr_par' dir='ltr' id='par_1_35' title="bbox 525 2088 2105 2179">
     <span class='ocr_line' id='line_1_35' title="bbox 525 2088 2105 2179; baseline 0.004 -23"><span class='ocrx_word' id='word_1_254' title='bbox 525 2104 674 2174; x_wconf 90' lang='lat' dir='ltr'><strong>regni</strong></span> <span class='ocrx_word' id='word_1_255' title='bbox 696 2104 971 2160; x_wconf 88' lang='lat' dir='ltr'><strong>successio</strong></span> <span class='ocrx_word' id='word_1_256' title='bbox 993 2104 1271 2176; x_wconf 87' lang='lat' dir='ltr'><strong>designata</strong></span> <span class='ocrx_word' id='word_1_257' title='bbox 1294 2113 1395 2171; x_wconf 91' lang='lat' dir='ltr'><strong>est,</strong></span> <span class='ocrx_word' id='word_1_258' title='bbox 1426 2106 1539 2162; x_wconf 78' lang='lat' dir='ltr'><strong>sive</strong></span> <span class='ocrx_word' id='word_1_259' title='bbox 1565 2107 1793 2179; x_wconf 86' lang='lat' dir='ltr'><strong>pardum</strong></span> <span class='ocrx_word' id='word_1_260' title='bbox 1826 2121 1925 2177; x_wconf 89' lang='lat' dir='ltr'><strong>per</strong></span> <span class='ocrx_word' id='word_1_261' title='bbox 1944 2088 2105 2177; x_wconf 78' lang='lat' dir='ltr'><strong>quem</strong></span> 
     </span>
    </p>
   </div>
   <div class='ocr_carea' id='block_1_36' title="bbox 531 2184 2105 2268">
    <p class='ocr_par' dir='ltr' id='par_1_36' title="bbox 531 2184 2105 2268">
     <span class='ocr_line' id='line_1_36' title="bbox 531 2184 2105 2268; baseline 0.006 -21"><span class='ocrx_word' id='word_1_262' title='bbox 531 2192 880 2250; x_wconf 79' lang='lat' dir='ltr'><strong>Macedonum</strong></span> <span class='ocrx_word' id='word_1_263' title='bbox 905 2210 1130 2265; x_wconf 82' lang='lat' dir='ltr'><strong>regnum</strong></span> <span class='ocrx_word' id='word_1_264' title='bbox 1158 2196 1443 2267; x_wconf 80' lang='lat' dir='ltr'><strong>figuratum</strong></span> <span class='ocrx_word' id='word_1_265' title='bbox 1473 2205 1576 2265; x_wconf 87' lang='lat' dir='ltr'><strong>est,</strong></span> <span class='ocrx_word' id='word_1_266' title='bbox 1607 2206 1802 2268; x_wconf 89' lang='lat' dir='ltr'><strong>quarto</strong></span> <span class='ocrx_word' id='word_1_267' title='bbox 1850 2184 2105 2257; x_wconf 76' lang='lat' dir='ltr'><strong>nimirum</strong></span> 
     </span>
    </p>
   </div>
   <div class='ocr_carea' id='block_1_37' title="bbox 532 2272 2107 2365">
    <p class='ocr_par' dir='ltr' id='par_1_37' title="bbox 532 2272 2107 2365">
     <span class='ocr_line' id='line_1_37' title="bbox 532 2272 2107 2365; baseline 0.003 -28"><span class='ocrx_word' id='word_1_268' title='bbox 532 2283 650 2339; x_wconf 91' lang='lat' dir='ltr'><strong>loco</strong></span> <span class='ocrx_word' id='word_1_269' title='bbox 680 2284 820 2339; x_wconf 91' lang='lat' dir='ltr'><strong>sicut</strong></span> <span class='ocrx_word' id='word_1_270' title='bbox 869 2287 925 2339; x_wconf 91' lang='lat' dir='ltr'><strong>in</strong></span> <span class='ocrx_word' id='word_1_271' title='bbox 975 2292 1151 2342; x_wconf 87' lang='lat' dir='ltr'><strong>statua</strong></span> <span class='ocrx_word' id='word_1_272' title='bbox 1200 2286 1255 2340; x_wconf 91' lang='lat' dir='ltr'><strong>in</strong></span> <span class='ocrx_word' id='word_1_273' title='bbox 1302 2283 1552 2341; x_wconf 86' lang='lat' dir='ltr'><strong>cruribus</strong></span> <span class='ocrx_word' id='word_1_274' title='bbox 1589 2284 1799 2354; x_wconf 82' lang='lat' dir='ltr'><strong>ferreis,</strong></span> <span class='ocrx_word' id='word_1_275' title='bbox 1845 2288 1919 2343; x_wconf 92' lang='lat' dir='ltr'><strong>ita</strong></span> <span class='ocrx_word' id='word_1_276' title='bbox 1943 2272 2107 2365; x_wconf 77' lang='lat' dir='ltr'><strong>etiam</strong></span> 
     </span>
    </p>
   </div>
   <div class='ocr_carea' id='block_1_38' title="bbox 530 2369 2108 2455">
    <p class='ocr_par' dir='ltr' id='par_1_38' title="bbox 530 2369 2108 2455">
     <span class='ocr_line' id='line_1_38' title="bbox 530 2369 2108 2455; baseline 0.003 -27"><span class='ocrx_word' id='word_1_277' title='bbox 530 2374 584 2429; x_wconf 90' lang='lat' dir='ltr'><strong>iu</strong></span> <span class='ocrx_word' id='word_1_278' title='bbox 611 2375 799 2455; x_wconf 88' lang='lat' dir='ltr'><strong>bestiis</strong></span> <span class='ocrx_word' id='word_1_279' title='bbox 856 2376 1099 2445; x_wconf 75' lang='lat' dir='ltr'><strong>qutudam</strong></span> <span class='ocrx_word' id='word_1_280' title='bbox 1164 2369 1425 2446; x_wconf 75' lang='lat' dir='ltr'><strong>terribilis</strong></span> <span class='ocrx_word' id='word_1_281' title='bbox 1474 2393 1551 2444; x_wconf 82' lang='lat' dir='ltr'><strong>ac</strong></span> <span class='ocrx_word' id='word_1_282' title='bbox 1610 2375 2108 2451; x_wconf 88' lang='lat' dir='ltr'><strong>formidolosissima</strong></span> 
     </span>
    </p>
   </div>
   <div class='ocr_carea' id='block_1_39' title="bbox 531 2454 2106 2539">
    <p class='ocr_par' dir='ltr' id='par_1_39' title="bbox 531 2454 2106 2539">
     <span class='ocr_line' id='line_1_39' title="bbox 531 2454 2106 2539; baseline 0.003 -19"><span class='ocrx_word' id='word_1_283' title='bbox 531 2454 707 2521; x_wconf 83' lang='lat' dir='ltr'><strong>bestia</strong></span> <span class='ocrx_word' id='word_1_284' title='bbox 753 2454 956 2522; x_wconf 82' lang='lat' dir='ltr'><strong>dentes</strong></span> <span class='ocrx_word' id='word_1_285' title='bbox 1007 2465 1211 2524; x_wconf 87' lang='lat' dir='ltr'><strong>ferreos</strong></span> <span class='ocrx_word' id='word_1_286' title='bbox 1260 2468 1459 2524; x_wconf 86' lang='lat' dir='ltr'><strong>habere</strong></span> <span class='ocrx_word' id='word_1_287' title='bbox 1501 2470 1841 2535; x_wconf 83' lang='lat' dir='ltr'><strong>describitur,</strong></span> <span class='ocrx_word' id='word_1_288' title='bbox 1902 2471 1967 2528; x_wconf 87' lang='lat' dir='ltr'><strong>de</strong></span> <span class='ocrx_word' id='word_1_289' title='bbox 2002 2486 2106 2539; x_wconf 89' lang='lat' dir='ltr'><strong>qua</strong></span> 
     </span>
    </p>
   </div>
   <div class='ocr_carea' id='block_1_40' title="bbox 531 2561 2110 2635">
    <p class='ocr_par' dir='ltr' id='par_1_40' title="bbox 531 2561 2110 2635">
     <span class='ocr_line' id='line_1_40' title="bbox 531 2561 2110 2635; baseline 0.003 -20"><span class='ocrx_word' id='word_1_290' title='bbox 531 2576 677 2615; x_wconf 89' lang='lat' dir='ltr'><strong>nunc</strong></span> <span class='ocrx_word' id='word_1_291' title='bbox 704 2561 880 2618; x_wconf 88' lang='lat' dir='ltr'><strong>dicere</strong></span> <span class='ocrx_word' id='word_1_292' title='bbox 922 2562 1137 2635; x_wconf 84' lang='lat' dir='ltr'><strong>longum</strong></span> <span class='ocrx_word' id='word_1_293' title='bbox 1178 2573 1298 2619; x_wconf 88' lang='lat' dir='ltr'><strong>est:</strong></span> <span class='ocrx_word' id='word_1_294' title='bbox 1340 2565 1393 2619; x_wconf 92' lang='lat' dir='ltr'><strong>in</strong></span> <span class='ocrx_word' id='word_1_295' title='bbox 1425 2580 1529 2635; x_wconf 87' lang='lat' dir='ltr'><strong>qua</strong></span> <span class='ocrx_word' id='word_1_296' title='bbox 1568 2581 1673 2621; x_wconf 91' lang='lat' dir='ltr'><strong>non</strong></span> <span class='ocrx_word' id='word_1_297' title='bbox 1717 2564 1847 2628; x_wconf 89' lang='lat' dir='ltr'><strong>sint,</strong></span> <span class='ocrx_word' id='word_1_298' title='bbox 1894 2563 2032 2619; x_wconf 86' lang='lat' dir='ltr'><strong>sicut</strong></span> <span class='ocrx_word' id='word_1_299' title='bbox 2056 2563 2110 2619; x_wconf 88' lang='lat' dir='ltr'><strong>in</strong></span> 
     </span>
    </p>
   </div>
   <div class='ocr_carea' id='block_1_41' title="bbox 508 2651 2110 2725">
    <p class='ocr_par' dir='ltr' id='par_1_41' title="bbox 508 2651 2110 2725">
     <span class='ocr_line' id='line_1_41' title="bbox 508 2651 2110 2725; baseline 0.001 -19"><span class='ocrx_word' id='word_1_300' title='bbox 508 2651 747 2707; x_wconf 67' lang='lat' dir='ltr'><strong>’caateris</strong></span> <span class='ocrx_word' id='word_1_301' title='bbox 773 2652 983 2718; x_wconf 80' lang='lat' dir='ltr'><strong>bestiis,</strong></span> <span class='ocrx_word' id='word_1_302' title='bbox 1023 2653 1251 2725; x_wconf 81' lang='lat' dir='ltr'><strong>singula,</strong></span> <span class='ocrx_word' id='word_1_303' title='bbox 1294 2655 1388 2711; x_wconf 90' lang='lat' dir='ltr'><strong>sed</strong></span> <span class='ocrx_word' id='word_1_304' title='bbox 1425 2656 1605 2716; x_wconf 84' lang='lat' dir='ltr'><strong>omnia</strong></span> <span class='ocrx_word' id='word_1_305' title='bbox 1630 2669 1749 2724; x_wconf 60' lang='lat' dir='ltr'><strong>quae</strong></span> <span class='ocrx_word' id='word_1_306' title='bbox 1772 2654 1826 2710; x_wconf 90' lang='lat' dir='ltr'><strong>in</strong></span> <span class='ocrx_word' id='word_1_307' title='bbox 1871 2654 2110 2725; x_wconf 83' lang='lat' dir='ltr'><strong>superio—</strong></span> 
     </span>
    </p>
   </div>
   <div class='ocr_carea' id='block_1_42' title="bbox 533 2742 2113 2817">
    <p class='ocr_par' dir='ltr' id='par_1_42' title="bbox 533 2742 2113 2817">
     <span class='ocr_line' id='line_1_42' title="bbox 533 2742 2113 2817; baseline 0.002 -19"><span class='ocrx_word' id='word_1_308' title='bbox 533 2744 684 2799; x_wconf 88' lang='lat' dir='ltr'><strong>ribus</strong></span> <span class='ocrx_word' id='word_1_309' title='bbox 733 2742 887 2799; x_wconf 87' lang='lat' dir='ltr'><strong>fuere</strong></span> <span class='ocrx_word' id='word_1_310' title='bbox 942 2746 1275 2803; x_wconf 86' lang='lat' dir='ltr'><strong>crudelitatis</strong></span> <span class='ocrx_word' id='word_1_311' title='bbox 1325 2747 1539 2813; x_wconf 82' lang='lat' dir='ltr'><strong>indicia,</strong></span> <span class='ocrx_word' id='word_1_312' title='bbox 1592 2763 1712 2817; x_wconf 81' lang='lat' dir='ltr'><strong>quae</strong></span> <span class='ocrx_word' id='word_1_313' title='bbox 1760 2754 1947 2816; x_wconf 81' lang='lat' dir='ltr'><strong>gentes</strong></span> <span class='ocrx_word' id='word_1_314' title='bbox 1976 2762 2113 2817; x_wconf 88' lang='lat' dir='ltr'><strong>quas</strong></span> 
     </span>
    </p>
   </div>
   <div class='ocr_carea' id='block_1_43' title="bbox 532 2831 2116 2913">
    <p class='ocr_par' dir='ltr' id='par_1_43' title="bbox 532 2831 2116 2913">
     <span class='ocr_line' id='line_1_43' title="bbox 532 2831 2116 2913; baseline 0.006 -25"><span class='ocrx_word' id='word_1_315' title='bbox 532 2831 749 2899; x_wconf 84' lang='lat' dir='ltr'><strong>delevit,</strong></span> <span class='ocrx_word' id='word_1_316' title='bbox 797 2837 1102 2902; x_wconf 79' lang='lat' dir='ltr'><strong>devorasse,</strong></span> <span class='ocrx_word' id='word_1_317' title='bbox 1131 2852 1270 2907; x_wconf 90' lang='lat' dir='ltr'><strong>quas</strong></span> <span class='ocrx_word' id='word_1_318' title='bbox 1315 2853 1444 2893; x_wconf 87' lang='lat' dir='ltr'><strong>vero</strong></span> <span class='ocrx_word' id='word_1_319' title='bbox 1470 2838 1689 2893; x_wconf 89' lang='lat' dir='ltr'><strong>tributis</strong></span> <span class='ocrx_word' id='word_1_320' title='bbox 1718 2839 1941 2903; x_wconf 74' lang='lat' dir='ltr'><strong>addixit,</strong></span> <span class='ocrx_word' id='word_1_321' title='bbox 1970 2838 2116 2913; x_wconf 79' lang='lat' dir='ltr'><strong>pcdi-</strong></span> 
     </span>
    </p>
   </div>
   <div class='ocr_carea' id='block_1_44' title="bbox 533 2924 2113 3001">
    <p class='ocr_par' dir='ltr' id='par_1_44' title="bbox 533 2924 2113 3001">
     <span class='ocr_line' id='line_1_44' title="bbox 533 2924 2113 3001; baseline 0.001 -21"><span class='ocrx_word' id='word_1_322' title='bbox 533 2924 638 2980; x_wconf 86' lang='lat' dir='ltr'><strong>bus</strong></span> <span class='ocrx_word' id='word_1_323' title='bbox 686 2927 1030 2983; x_wconf 87' lang='lat' dir='ltr'><strong>eonculcasse</strong></span> <span class='ocrx_word' id='word_1_324' title='bbox 1067 2927 1283 3001; x_wconf 81' lang='lat' dir='ltr'><strong>dicitur,</strong></span> <span class='ocrx_word' id='word_1_325' title='bbox 1334 2938 1390 2989; x_wconf 88' lang='lat' dir='ltr'><strong>et</strong></span> <span class='ocrx_word' id='word_1_326' title='bbox 1437 2929 1494 2984; x_wconf 90' lang='lat' dir='ltr'><strong>in</strong></span> <span class='ocrx_word' id='word_1_327' title='bbox 1543 2937 1752 2984; x_wconf 89' lang='lat' dir='ltr'><strong>tantum</strong></span> <span class='ocrx_word' id='word_1_328' title='bbox 1811 2931 2113 2985; x_wconf 68' lang='lat' dir='ltr'><strong>dmmonum</strong></span> 
     </span>
    </p>
   </div>
   <div class='ocr_carea' id='block_1_45' title="bbox 2205 1828 3767 1903">
    <p class='ocr_par' dir='ltr' id='par_1_45' title="bbox 2205 1828 3767 1903">
     <span class='ocr_line' id='line_1_45' title="bbox 2205 1828 3767 1903; baseline 0.001 -17"><span class='ocrx_word' id='word_1_329' title='bbox 2205 1832 2309 1886; x_wconf 91' lang='lat' dir='ltr'><strong>hoc</strong></span> <span class='ocrx_word' id='word_1_330' title='bbox 2336 1845 2436 1898; x_wconf 86' lang='lat' dir='ltr'><strong>pro</strong></span> <span class='ocrx_word' id='word_1_331' title='bbox 2463 1828 2769 1885; x_wconf 85' lang='lat' dir='ltr'><strong>manufacta</strong></span> <span class='ocrx_word' id='word_1_332' title='bbox 2796 1838 2854 1886; x_wconf 87' lang='lat' dir='ltr'><strong>et</strong></span> <span class='ocrx_word' id='word_1_333' title='bbox 2896 1830 3253 1890; x_wconf 82' lang='lat' dir='ltr'><strong>irrationabili</strong></span> <span class='ocrx_word' id='word_1_334' title='bbox 3297 1833 3537 1903; x_wconf 86' lang='lat' dir='ltr'><strong>imagine</strong></span> <span class='ocrx_word' id='word_1_335' title='bbox 3559 1835 3703 1899; x_wconf 76' lang='lat' dir='ltr'><strong>dixit,</strong></span> <span class='ocrx_word' id='word_1_336' title='bbox 3727 1836 3767 1888; x_wconf 87' lang='lat' dir='ltr'><strong>si</strong></span> 
     </span>
    </p>
   </div>
   <div class='ocr_carea' id='block_1_46' title="bbox 2205 1919 3769 1993">
    <p class='ocr_par' dir='ltr' id='par_1_46' title="bbox 2205 1919 3769 1993">
     <span class='ocr_line' id='line_1_46' title="bbox 2205 1919 3769 1993; baseline 0.003 -20"><span class='ocrx_word' id='word_1_337' title='bbox 2205 1926 2387 1974; x_wconf 87' lang='lat' dir='ltr'><strong>tamen</strong></span> <span class='ocrx_word' id='word_1_338' title='bbox 2414 1919 2556 1974; x_wconf 89' lang='lat' dir='ltr'><strong>idem</strong></span> <span class='ocrx_word' id='word_1_339' title='bbox 2616 1933 2778 1987; x_wconf 87' lang='lat' dir='ltr'><strong>quem</strong></span> <span class='ocrx_word' id='word_1_340' title='bbox 2804 1919 2882 1973; x_wconf 77' lang='lat' dir='ltr'><strong>illi</strong></span> <span class='ocrx_word' id='word_1_341' title='bbox 2908 1919 3093 1975; x_wconf 87' lang='lat' dir='ltr'><strong>dicunt</strong></span> <span class='ocrx_word' id='word_1_342' title='bbox 3119 1929 3214 1976; x_wconf 90' lang='lat' dir='ltr'><strong>aut</strong></span> <span class='ocrx_word' id='word_1_343' title='bbox 3255 1923 3517 1993; x_wconf 85' lang='lat' dir='ltr'><strong>quislibet</strong></span> <span class='ocrx_word' id='word_1_344' title='bbox 3564 1924 3769 1979; x_wconf 83' lang='lat' dir='ltr'><strong>catholi-</strong></span> 
     </span>
    </p>
   </div>
   <div class='ocr_carea' id='block_1_47' title="bbox 2204 2007 3762 2084">
    <p class='ocr_par' dir='ltr' id='par_1_47' title="bbox 2204 2007 3762 2084">
     <span class='ocr_line' id='line_1_47' title="bbox 2204 2007 3762 2084; baseline 0.004 -23"><span class='ocrx_word' id='word_1_345' title='bbox 2204 2023 2302 2063; x_wconf 90' lang='lat' dir='ltr'><strong>cus</strong></span> <span class='ocrx_word' id='word_1_346' title='bbox 2338 2007 2497 2072; x_wconf 76' lang='lat' dir='ltr'><strong>dixit,</strong></span> <span class='ocrx_word' id='word_1_347' title='bbox 2546 2008 2642 2067; x_wconf 80' lang='lat' dir='ltr'><strong>sed</strong></span> <span class='ocrx_word' id='word_1_348' title='bbox 2664 2017 2758 2065; x_wconf 84' lang='lat' dir='ltr'><strong>aut</strong></span> <span class='ocrx_word' id='word_1_349' title='bbox 2797 2020 2896 2078; x_wconf 84' lang='lat' dir='ltr'><strong>pro</strong></span> <span class='ocrx_word' id='word_1_350' title='bbox 2932 2008 3172 2077; x_wconf 84' lang='lat' dir='ltr'><strong>Christo,</strong></span> <span class='ocrx_word' id='word_1_351' title='bbox 3217 2013 3310 2081; x_wconf 89' lang='lat' dir='ltr'><strong>qui</strong></span> <span class='ocrx_word' id='word_1_352' title='bbox 3349 2022 3437 2069; x_wconf 88' lang='lat' dir='ltr'><strong>est</strong></span> <span class='ocrx_word' id='word_1_353' title='bbox 3465 2014 3636 2084; x_wconf 84' lang='lat' dir='ltr'><strong>imago</strong></span> <span class='ocrx_word' id='word_1_354' title='bbox 3663 2013 3762 2075; x_wconf 83' lang='lat' dir='ltr'><strong>Dei,</strong></span> 
     </span>
    </p>
   </div>
   <div class='ocr_carea' id='block_1_48' title="bbox 2205 2095 3766 2168">
    <p class='ocr_par' dir='ltr' id='par_1_48' title="bbox 2205 2095 3766 2168">
     <span class='ocr_line' id='line_1_48' title="bbox 2205 2095 3766 2168; baseline 0.003 -17"><span class='ocrx_word' id='word_1_355' title='bbox 2205 2096 2293 2151; x_wconf 91' lang='lat' dir='ltr'><strong>cui</strong></span> <span class='ocrx_word' id='word_1_356' title='bbox 2322 2095 2558 2152; x_wconf 82' lang='lat' dir='ltr'><strong>ﬂectitur</strong></span> <span class='ocrx_word' id='word_1_357' title='bbox 2606 2112 2771 2153; x_wconf 87' lang='lat' dir='ltr'><strong>omne</strong></span> <span class='ocrx_word' id='word_1_358' title='bbox 2814 2113 2953 2168; x_wconf 84' lang='lat' dir='ltr'><strong>genu</strong></span> <span class='ocrx_word' id='word_1_359' title='bbox 2996 2100 3318 2166; x_wconf 82' lang='lat' dir='ltr'><strong>culestium,</strong></span> <span class='ocrx_word' id='word_1_360' title='bbox 3377 2104 3766 2158; x_wconf 67' lang='lat' dir='ltr'><strong>tenestriumet</strong></span> 
     </span>
    </p>
   </div>
   <div class='ocr_carea' id='block_1_49' title="bbox 2190 2184 3815 2263">
    <p class='ocr_par' dir='ltr' id='par_1_49' title="bbox 2190 2184 3815 2263">
     <span class='ocr_line' id='line_1_49' title="bbox 2190 2184 3815 2263; baseline 0.008 -26"><span class='ocrx_word' id='word_1_361' title='bbox 2190 2184 2562 2253; x_wconf 83' lang='lat' dir='ltr'><strong>.iufernorum,</strong></span> <span class='ocrx_word' id='word_1_362' title='bbox 2623 2196 2718 2243; x_wconf 89' lang='lat' dir='ltr'><strong>aut</strong></span> <span class='ocrx_word' id='word_1_363' title='bbox 2754 2202 2856 2259; x_wconf 86' lang='lat' dir='ltr'><strong>pro</strong></span> <span class='ocrx_word' id='word_1_364' title='bbox 2921 2187 3159 2256; x_wconf 83' lang='lat' dir='ltr'><strong>homine,</strong></span> <span class='ocrx_word' id='word_1_365' title='bbox 3200 2191 3295 2260; x_wconf 92' lang='lat' dir='ltr'><strong>qui</strong></span> <span class='ocrx_word' id='word_1_366' title='bbox 3357 2193 3544 2263; x_wconf 87' lang='lat' dir='ltr'><strong>utique</strong></span> <span class='ocrx_word' id='word_1_367' title='bbox 3598 2194 3762 2249; x_wconf 83' lang='lat' dir='ltr'><strong>adDei</strong></span> <span class='ocrx_word' id='word_1_368' title='bbox 3811 2191 3815 2194; x_wconf 76' lang='grc'><strong>’</strong></span> 
     </span>
    </p>
   </div>
   <div class='ocr_carea' id='block_1_50' title="bbox 2194 2278 3763 2349">
    <p class='ocr_par' dir='ltr' id='par_1_50' title="bbox 2194 2278 3763 2349">
     <span class='ocr_line' id='line_1_50' title="bbox 2194 2278 3763 2349; baseline 0.002 -12"><span class='ocrx_word' id='word_1_369' title='bbox 2194 2278 2495 2348; x_wconf 61' lang='lat' dir='ltr'><strong>imaginem</strong></span> <span class='ocrx_word' id='word_1_370' title='bbox 2527 2280 2774 2336; x_wconf 87' lang='lat' dir='ltr'><strong>conditus</strong></span> <span class='ocrx_word' id='word_1_371' title='bbox 2791 2294 2931 2349; x_wconf 87' lang='lat' dir='ltr'><strong>pene</strong></span> <span class='ocrx_word' id='word_1_372' title='bbox 2960 2283 3212 2337; x_wconf 86' lang='lat' dir='ltr'><strong>omnibus</strong></span> <span class='ocrx_word' id='word_1_373' title='bbox 3240 2284 3548 2340; x_wconf 84' lang='lat' dir='ltr'><strong>visibilibus</strong></span> <span class='ocrx_word' id='word_1_374' title='bbox 3574 2296 3763 2341; x_wconf 82' lang='lat' dir='ltr'><strong>creatu-</strong></span> 
     </span>
    </p>
   </div>
   <div class='ocr_carea' id='block_1_51' title="bbox 2198 2369 3761 2448">
    <p class='ocr_par' dir='ltr' id='par_1_51' title="bbox 2198 2369 3761 2448">
     <span class='ocr_line' id='line_1_51' title="bbox 2198 2369 3761 2448; baseline 0.004 -24"><span class='ocrx_word' id='word_1_375' title='bbox 2198 2370 2283 2435; x_wconf 76' lang='lat' dir='ltr'><strong>ris</strong></span> <span class='ocrx_word' id='word_1_376' title='bbox 2306 2369 2563 2439; x_wconf 54' lang='lat' dir='ltr'><strong>praelatus</strong></span> <span class='ocrx_word' id='word_1_377' title='bbox 2607 2378 2712 2426; x_wconf 89' lang='lat' dir='ltr'><strong>est.</strong></span> <span class='ocrx_word' id='word_1_378' title='bbox 2751 2369 2904 2437; x_wconf 84' lang='lat' dir='ltr'><strong>Quod</strong></span> <span class='ocrx_word' id='word_1_379' title='bbox 2926 2371 2973 2426; x_wconf 93' lang='lat' dir='ltr'><strong>si</strong></span> <span class='ocrx_word' id='word_1_380' title='bbox 3018 2373 3140 2442; x_wconf 83' lang='lat' dir='ltr'><strong>quis</strong></span> <span class='ocrx_word' id='word_1_381' title='bbox 3186 2376 3557 2432; x_wconf 73' lang='lat' dir='ltr'><strong>contentiosus</strong></span> <span class='ocrx_word' id='word_1_382' title='bbox 3578 2393 3668 2448; x_wconf 92' lang='lat' dir='ltr'><strong>pro</strong></span> <span class='ocrx_word' id='word_1_383' title='bbox 3691 2377 3761 2431; x_wconf 90' lang='lat' dir='ltr'><strong>in-</strong></span> 
     </span>
    </p>
   </div>
   <div class='ocr_carea' id='block_1_52' title="bbox 2208 2464 3763 2540">
    <p class='ocr_par' dir='ltr' id='par_1_52' title="bbox 2208 2464 3763 2540">
     <span class='ocr_line' id='line_1_52' title="bbox 2208 2464 3763 2540; baseline 0.001 -20"><span class='ocrx_word' id='word_1_384' title='bbox 2208 2464 2440 2520; x_wconf 83' lang='lat' dir='ltr'><strong>sensatis</strong></span> <span class='ocrx_word' id='word_1_385' title='bbox 2464 2464 2667 2520; x_wconf 87' lang='lat' dir='ltr'><strong>dictum</strong></span> <span class='ocrx_word' id='word_1_386' title='bbox 2716 2464 2882 2521; x_wconf 90' lang='lat' dir='ltr'><strong>fuisse</strong></span> <span class='ocrx_word' id='word_1_387' title='bbox 2927 2467 3224 2522; x_wconf 70' lang='lat' dir='ltr'><strong>arbitretur</strong></span> <span class='ocrx_word' id='word_1_388' title='bbox 3267 2468 3608 2540; x_wconf 85' lang='lat' dir='ltr'><strong>imaginibus,</strong></span> <span class='ocrx_word' id='word_1_389' title='bbox 3637 2483 3763 2522; x_wconf 86' lang='lat' dir='ltr'><strong>asse-</strong></span> 
     </span>
    </p>
   </div>
   <div class='ocr_carea' id='block_1_53' title="bbox 2208 2557 3756 2626">
    <p class='ocr_par' dir='ltr' id='par_1_53' title="bbox 2208 2557 3756 2626">
     <span class='ocr_line' id='line_1_53' title="bbox 2208 2557 3756 2626; baseline 0 -17"><span class='ocrx_word' id='word_1_390' title='bbox 2208 2562 2360 2611; x_wconf 84' lang='lat' dir='ltr'><strong>vcret</strong></span> <span class='ocrx_word' id='word_1_391' title='bbox 2383 2570 2490 2624; x_wconf 90' lang='lat' dir='ltr'><strong>quo</strong></span> <span class='ocrx_word' id='word_1_392' title='bbox 2516 2562 2697 2623; x_wconf 89' lang='lat' dir='ltr'><strong>pacto,</strong></span> <span class='ocrx_word' id='word_1_393' title='bbox 2745 2571 2919 2624; x_wconf 81' lang='lat' dir='ltr'><strong>quove</strong></span> <span class='ocrx_word' id='word_1_394' title='bbox 2966 2558 3144 2620; x_wconf 89' lang='lat' dir='ltr'><strong>modo,</strong></span> <span class='ocrx_word' id='word_1_395' title='bbox 3172 2572 3351 2626; x_wconf 81' lang='lat' dir='ltr'><strong>quave</strong></span> <span class='ocrx_word' id='word_1_396' title='bbox 3407 2557 3756 2619; x_wconf 78' lang='lat' dir='ltr'><strong>familiaritate,</strong></span> 
     </span>
    </p>
   </div>
   <div class='ocr_carea' id='block_1_54' title="bbox 2192 2646 3761 2719">
    <p class='ocr_par' dir='ltr' id='par_1_54' title="bbox 2192 2646 3761 2719">
     <span class='ocr_line' id='line_1_54' title="bbox 2192 2646 3761 2719; baseline -0.001 -18"><span class='ocrx_word' id='word_1_397' title='bbox 2192 2647 2399 2712; x_wconf 76' lang='lat' dir='ltr'><strong>nubes,</strong></span> <span class='ocrx_word' id='word_1_398' title='bbox 2441 2655 2608 2712; x_wconf 84' lang='lat' dir='ltr'><strong>terra,</strong></span> <span class='ocrx_word' id='word_1_399' title='bbox 2649 2662 2797 2701; x_wconf 84' lang='lat' dir='ltr'><strong>mare</strong></span> <span class='ocrx_word' id='word_1_400' title='bbox 2844 2647 3167 2719; x_wconf 83' lang='lat' dir='ltr'><strong>imaginibus</strong></span> <span class='ocrx_word' id='word_1_401' title='bbox 3189 2646 3547 2715; x_wconf 71' lang='lat' dir='ltr'><strong>famulentur,</strong></span> <span class='ocrx_word' id='word_1_402' title='bbox 3585 2657 3635 2711; x_wconf 86' lang='lat' dir='ltr'><strong>et</strong></span> <span class='ocrx_word' id='word_1_403' title='bbox 3656 2663 3761 2702; x_wconf 76' lang='lat' dir='ltr'><strong>mox</strong></span> 
     </span>
    </p>
   </div>
   <div class='ocr_carea' id='block_1_55' title="bbox 2208 2739 3763 2809">
    <p class='ocr_par' dir='ltr' id='par_1_55' title="bbox 2208 2739 3763 2809">
     <span class='ocr_line' id='line_1_55' title="bbox 2208 2739 3763 2809; baseline 0.001 -16"><span class='ocrx_word' id='word_1_404' title='bbox 2208 2739 2566 2794; x_wconf 87' lang='lat' dir='ltr'><strong>assertionem</strong></span> <span class='ocrx_word' id='word_1_405' title='bbox 2611 2753 2764 2793; x_wconf 90' lang='lat' dir='ltr'><strong>suam</strong></span> <span class='ocrx_word' id='word_1_406' title='bbox 2805 2751 3012 2808; x_wconf 80' lang='lat' dir='ltr'><strong>magna</strong></span> <span class='ocrx_word' id='word_1_407' title='bbox 3055 2754 3122 2794; x_wconf 83' lang='lat' dir='ltr'><strong>ex</strong></span> <span class='ocrx_word' id='word_1_408' title='bbox 3159 2748 3313 2809; x_wconf 88' lang='lat' dir='ltr'><strong>parte</strong></span> <span class='ocrx_word' id='word_1_409' title='bbox 3364 2741 3549 2795; x_wconf 88' lang='lat' dir='ltr'><strong>fultam</strong></span> <span class='ocrx_word' id='word_1_410' title='bbox 3591 2740 3763 2794; x_wconf 86' lang='lat' dir='ltr'><strong>habere</strong></span> 
     </span>
    </p>
   </div>
   <div class='ocr_carea' id='block_1_56' title="bbox 2209 2815 3759 2900">
    <p class='ocr_par' dir='ltr' id='par_1_56' title="bbox 2209 2815 3759 2900">
     <span class='ocr_line' id='line_1_56' title="bbox 2209 2815 3759 2900; baseline -0.003 -15"><span class='ocrx_word' id='word_1_411' title='bbox 2209 2815 2591 2898; x_wconf 43' lang='lat' dir='ltr'><strong>diguosceturr</strong></span> <span class='ocrx_word' id='word_1_412' title='bbox 2616 2829 2674 2884; x_wconf 90' lang='lat' dir='ltr'><strong>Si</strong></span> <span class='ocrx_word' id='word_1_413' title='bbox 2696 2845 2825 2900; x_wconf 88' lang='lat' dir='ltr'><strong>ergo</strong></span> <span class='ocrx_word' id='word_1_414' title='bbox 2845 2830 3034 2900; x_wconf 75' lang='lat' dir='ltr'><strong>vulgus</strong></span> <span class='ocrx_word' id='word_1_415' title='bbox 3079 2832 3275 2899; x_wconf 86' lang='lat' dir='ltr'><strong>partim</strong></span> <span class='ocrx_word' id='word_1_416' title='bbox 3300 2831 3505 2886; x_wconf 71' lang='lat' dir='ltr'><strong>lmtitia:</strong></span> <span class='ocrx_word' id='word_1_417' title='bbox 3528 2829 3759 2885; x_wconf 82' lang='lat' dir='ltr'><strong>bacchata</strong></span> 
     </span>
    </p>
   </div>
   <div class='ocr_carea' id='block_1_57' title="bbox 2212 2918 3760 2992">
    <p class='ocr_par' dir='ltr' id='par_1_57' title="bbox 2212 2918 3760 2992">
     <span class='ocr_line' id='line_1_57' title="bbox 2212 2918 3760 2992; baseline -0.002 -15"><span class='ocrx_word' id='word_1_418' title='bbox 2212 2920 2449 2986; x_wconf 73' lang='lat' dir='ltr'><strong>eﬂ‘renis,</strong></span> <span class='ocrx_word' id='word_1_419' title='bbox 2478 2920 2674 2989; x_wconf 89' lang='lat' dir='ltr'><strong>partim</strong></span> <span class='ocrx_word' id='word_1_420' title='bbox 2725 2920 3000 2977; x_wconf 64' lang='lat' dir='ltr'><strong>surcularis</strong></span> <span class='ocrx_word' id='word_1_421' title='bbox 3043 2936 3251 2992; x_wconf 75' lang='lat' dir='ltr'><strong>pompae</strong></span> <span class='ocrx_word' id='word_1_422' title='bbox 3294 2922 3537 2977; x_wconf 73' lang='lat' dir='ltr'><strong>novitate</strong></span> <span class='ocrx_word' id='word_1_423' title='bbox 3565 2918 3760 2974; x_wconf 72' lang='lat' dir='ltr'><strong>arcessi-</strong></span> 
     </span>
    </p>
   </div>
   <div class='ocr_carea' id='block_1_58' title="bbox 535 3017 3761 3094">
    <p class='ocr_par' dir='ltr' id='par_1_58' title="bbox 535 3017 3761 3094">
     <span class='ocr_line' id='line_1_58' title="bbox 535 3017 3761 3094; baseline -0.002 -19"><span class='ocrx_word' id='word_1_424' title='bbox 535 3017 763 3075; x_wconf 89' lang='lat' dir='ltr'><strong>culturis</strong></span> <span class='ocrx_word' id='word_1_425' title='bbox 822 3018 1121 3085; x_wconf 82' lang='lat' dir='ltr'><strong>iuservivit,</strong></span> <span class='ocrx_word' id='word_1_426' title='bbox 1186 3027 1246 3075; x_wconf 90' lang='lat' dir='ltr'><strong>ut</strong></span> <span class='ocrx_word' id='word_1_427' title='bbox 1272 3021 1625 3089; x_wconf 85' lang='lat' dir='ltr'><strong>quarumdam</strong></span> <span class='ocrx_word' id='word_1_428' title='bbox 1687 3021 1927 3089; x_wconf 87' lang='lat' dir='ltr'><strong>gentium</strong></span> <span class='ocrx_word' id='word_1_429' title='bbox 1974 3036 2113 3094; x_wconf 82' lang='lat' dir='ltr'><strong>quas</strong></span> <span class='ocrx_word' id='word_1_430' title='bbox 2139 3067 2185 3094; x_wconf 60' lang='grc' dir='ltr'>η</span> <span class='ocrx_word' id='word_1_431' title='bbox 2217 3027 2323 3082; x_wconf 91' lang='lat' dir='ltr'><strong>tus,</strong></span> <span class='ocrx_word' id='word_1_432' title='bbox 2368 3018 2565 3088; x_wconf 87' lang='lat' dir='ltr'><strong>partim</strong></span> <span class='ocrx_word' id='word_1_433' title='bbox 2588 3018 2794 3072; x_wconf 86' lang='lat' dir='ltr'><strong>ventosi</strong></span> <span class='ocrx_word' id='word_1_434' title='bbox 2832 3018 3053 3074; x_wconf 89' lang='lat' dir='ltr'><strong>honoris</strong></span> <span class='ocrx_word' id='word_1_435' title='bbox 3090 3018 3368 3075; x_wconf 80' lang='lat' dir='ltr'><strong>inﬂatione</strong></span> <span class='ocrx_word' id='word_1_436' title='bbox 3398 3019 3629 3089; x_wconf 89' lang='lat' dir='ltr'><strong>cupidus,</strong></span> <span class='ocrx_word' id='word_1_437' title='bbox 3655 3031 3761 3086; x_wconf 84' lang='lat' dir='ltr'><strong>par-</strong></span> 
     </span>
    </p>
   </div>
   <div class='ocr_carea' id='block_1_59' title="bbox 535 3067 3759 3182">
    <p class='ocr_par' dir='ltr' id='par_1_59' title="bbox 535 3067 3759 3182">
     <span class='ocr_line' id='line_1_59' title="bbox 535 3067 3759 3182; baseline -0.001 -18"><span class='ocrx_word' id='word_1_438' title='bbox 535 3110 824 3180; x_wconf 86' lang='lat' dir='ltr'><strong>subegerat</strong></span> <span class='ocrx_word' id='word_1_439' title='bbox 860 3109 1004 3165; x_wconf 88' lang='lat' dir='ltr'><strong>idola</strong></span> <span class='ocrx_word' id='word_1_440' title='bbox 1048 3098 1160 3166; x_wconf 88' lang='lat' dir='ltr'><strong>suis</strong></span> <span class='ocrx_word' id='word_1_441' title='bbox 1200 3067 1550 3167; x_wconf 72' lang='lat' dir='ltr'><strong>nihilominus</strong></span> <span class='ocrx_word' id='word_1_442' title='bbox 1601 3067 1761 3168; x_wconf 58' lang='lat' dir='ltr'><strong>idolis</strong></span> <span class='ocrx_word' id='word_1_443' title='bbox 1792 3067 2187 3169; x_wconf 56' lang='lat' dir='ltr'><strong>sociandin-‘c</strong></span> <span class='ocrx_word' id='word_1_444' title='bbox 2218 3110 2313 3164; x_wconf 87' lang='lat' dir='ltr'><strong>tim</strong></span> <span class='ocrx_word' id='word_1_445' title='bbox 2361 3067 2684 3165; x_wconf 57' lang='lat' dir='ltr'><strong>ddulationis</strong></span> <span class='ocrx_word' id='word_1_446' title='bbox 2758 3110 2890 3164; x_wconf 81' lang='lat' dir='ltr'><strong>vitio</strong></span> <span class='ocrx_word' id='word_1_447' title='bbox 2942 3110 3251 3178; x_wconf 79' lang='lat' dir='ltr'><strong>famulatus,</strong></span> <span class='ocrx_word' id='word_1_448' title='bbox 3310 3112 3508 3182; x_wconf 84' lang='lat' dir='ltr'><strong>partim</strong></span> <span class='ocrx_word' id='word_1_449' title='bbox 3565 3108 3759 3179; x_wconf 69' lang='lat' dir='ltr'><strong>publica</strong></span> 
     </span>
    </p>
   </div>
   <div class='ocr_carea' id='block_1_60' title="bbox 538 3199 3758 3273">
    <p class='ocr_par' dir='ltr' id='par_1_60' title="bbox 538 3199 3758 3273">
     <span class='ocr_line' id='line_1_60' title="bbox 538 3199 3758 3273; baseline -0 -19"><span class='ocrx_word' id='word_1_450' title='bbox 538 3199 770 3254; x_wconf 90' lang='lat' dir='ltr'><strong>feliciter</strong></span> <span class='ocrx_word' id='word_1_451' title='bbox 839 3202 1111 3256; x_wconf 85' lang='lat' dir='ltr'><strong>adoraret.</strong></span> <span class='ocrx_word' id='word_1_452' title='bbox 1178 3201 1329 3259; x_wconf 87' lang='lat' dir='ltr'><strong>Unde</strong></span> <span class='ocrx_word' id='word_1_453' title='bbox 1376 3202 1727 3261; x_wconf 89' lang='lat' dir='ltr'><strong>vanissimum</strong></span> <span class='ocrx_word' id='word_1_454' title='bbox 1765 3209 1820 3259; x_wconf 85' lang='lat' dir='ltr'><strong>et</strong></span> <span class='ocrx_word' id='word_1_455' title='bbox 1865 3203 1932 3257; x_wconf 88' lang='lat' dir='ltr'><strong>ab</strong></span> <span class='ocrx_word' id='word_1_456' title='bbox 1967 3203 2114 3258; x_wconf 87' lang='lat' dir='ltr'><strong>omni</strong></span> <span class='ocrx_word' id='word_1_457' title='bbox 2214 3201 2422 3257; x_wconf 86' lang='lat' dir='ltr'><strong>securis</strong></span> <span class='ocrx_word' id='word_1_458' title='bbox 2472 3209 2619 3255; x_wconf 88' lang='lat' dir='ltr'><strong>metu</strong></span> <span class='ocrx_word' id='word_1_459' title='bbox 2663 3202 3014 3270; x_wconf 78' lang='lat' dir='ltr'><strong>perterritus,</strong></span> <span class='ocrx_word' id='word_1_460' title='bbox 3078 3202 3467 3272; x_wconf 87' lang='lat' dir='ltr'><strong>imperatorum</strong></span> <span class='ocrx_word' id='word_1_461' title='bbox 3530 3200 3758 3273; x_wconf 84' lang='lat' dir='ltr'><strong>imagines</strong></span> 
     </span>
    </p>
   </div>
   <div class='ocr_carea' id='block_1_61' title="bbox 540 3289 3758 3361">
    <p class='ocr_par' dir='ltr' id='par_1_61' title="bbox 540 3289 3758 3361">
     <span class='ocr_line' id='line_1_61' title="bbox 540 3289 3758 3361; baseline -0 -19"><span class='ocrx_word' id='word_1_462' title='bbox 540 3290 750 3347; x_wconf 84' lang='lat' dir='ltr'><strong>ratione</strong></span> <span class='ocrx_word' id='word_1_463' title='bbox 802 3290 1071 3347; x_wconf 80' lang='lat' dir='ltr'><strong>seclusum</strong></span> <span class='ocrx_word' id='word_1_464' title='bbox 1121 3300 1222 3357; x_wconf 82' lang='lat' dir='ltr'><strong>est,</strong></span> <span class='ocrx_word' id='word_1_465' title='bbox 1272 3294 1339 3349; x_wconf 81' lang='lat' dir='ltr'><strong>ab</strong></span> <span class='ocrx_word' id='word_1_466' title='bbox 1384 3308 1448 3351; x_wconf 80' lang='lat' dir='ltr'><strong>ea</strong></span> <span class='ocrx_word' id='word_1_467' title='bbox 1474 3309 1533 3351; x_wconf 79' lang='lat' dir='ltr'><strong>re</strong></span> <span class='ocrx_word' id='word_1_468' title='bbox 1566 3294 1707 3350; x_wconf 80' lang='lat' dir='ltr'><strong>intra</strong></span> <span class='ocrx_word' id='word_1_469' title='bbox 1745 3303 1987 3357; x_wconf 75' lang='lat' dir='ltr'><strong>sanctam</strong></span> <span class='ocrx_word' id='word_1_470' title='bbox 2014 3294 2116 3351; x_wconf 80' lang='lat' dir='ltr'><strong>Ec.</strong></span> <span class='ocrx_word' id='word_1_471' title='bbox 2213 3289 2369 3344; x_wconf 80' lang='lat' dir='ltr'><strong>vanis</strong></span> <span class='ocrx_word' id='word_1_472' title='bbox 2403 3296 2461 3344; x_wconf 89' lang='lat' dir='ltr'><strong>et</strong></span> <span class='ocrx_word' id='word_1_473' title='bbox 2490 3290 2808 3358; x_wconf 85' lang='lat' dir='ltr'><strong>perniciosis</strong></span> <span class='ocrx_word' id='word_1_474' title='bbox 2850 3290 3098 3347; x_wconf 88' lang='lat' dir='ltr'><strong>laudibus</strong></span> <span class='ocrx_word' id='word_1_475' title='bbox 3130 3292 3386 3358; x_wconf 86' lang='lat' dir='ltr'><strong>honorat,</strong></span> <span class='ocrx_word' id='word_1_476' title='bbox 3443 3292 3571 3361; x_wconf 72' lang='lat' dir='ltr'><strong>quid</strong></span> <span class='ocrx_word' id='word_1_477' title='bbox 3591 3291 3649 3344; x_wconf 88' lang='lat' dir='ltr'><strong>ad</strong></span> <span class='ocrx_word' id='word_1_478' title='bbox 3674 3302 3758 3343; x_wconf 88' lang='lat' dir='ltr'><strong>nos</strong></span> 
     </span>
    </p>
   </div>
   <div class='ocr_carea' id='block_1_62' title="bbox 543 3379 3756 3457">
    <p class='ocr_par' dir='ltr' id='par_1_62' title="bbox 543 3379 3756 3457">
     <span class='ocr_line' id='line_1_62' title="bbox 543 3379 3756 3457; baseline 0.002 -19"><span class='ocrx_word' id='word_1_479' title='bbox 543 3383 764 3438; x_wconf 89' lang='lat' dir='ltr'><strong>clesiam</strong></span> <span class='ocrx_word' id='word_1_480' title='bbox 813 3397 1031 3439; x_wconf 87' lang='lat' dir='ltr'><strong>sumere</strong></span> <span class='ocrx_word' id='word_1_481' title='bbox 1071 3384 1313 3453; x_wconf 81' lang='lat' dir='ltr'><strong>exempla</strong></span> <span class='ocrx_word' id='word_1_482' title='bbox 1360 3400 1481 3455; x_wconf 79' lang='lat' dir='ltr'><strong>quae</strong></span> <span class='ocrx_word' id='word_1_483' title='bbox 1533 3394 1754 3457; x_wconf 87' lang='lat' dir='ltr'><strong>propter</strong></span> <span class='ocrx_word' id='word_1_484' title='bbox 1797 3385 2115 3457; x_wconf 88' lang='lat' dir='ltr'><strong>gentilitatis</strong></span> <span class='ocrx_word' id='word_1_485' title='bbox 2214 3379 2307 3448; x_wconf 81' lang='lat' dir='ltr'><strong>qui</strong></span> <span class='ocrx_word' id='word_1_486' title='bbox 2333 3380 2631 3451; x_wconf 70' lang='lat' dir='ltr'><strong>gloriamur</strong></span> <span class='ocrx_word' id='word_1_487' title='bbox 2674 3381 2727 3434; x_wconf 83' lang='lat' dir='ltr'><strong>in</strong></span> <span class='ocrx_word' id='word_1_488' title='bbox 2750 3396 2913 3436; x_wconf 79' lang='lat' dir='ltr'><strong>cruce</strong></span> <span class='ocrx_word' id='word_1_489' title='bbox 2963 3381 3174 3439; x_wconf 78' lang='lat' dir='ltr'><strong>Domini</strong></span> <span class='ocrx_word' id='word_1_490' title='bbox 3203 3385 3379 3439; x_wconf 80' lang='lat' dir='ltr'><strong>nostri</strong></span> <span class='ocrx_word' id='word_1_491' title='bbox 3419 3382 3541 3439; x_wconf 84' lang='lat' dir='ltr'><strong>Jesu</strong></span> <span class='ocrx_word' id='word_1_492' title='bbox 3564 3379 3756 3444; x_wconf 60' lang='lat' dir='ltr'><strong>Chii-ili.</strong></span> 
     </span>
    </p>
   </div>
   <div class='ocr_carea' id='block_1_63' title="bbox 540 3470 3758 3545">
    <p class='ocr_par' dir='ltr' id='par_1_63' title="bbox 540 3470 3758 3545">
     <span class='ocr_line' id='line_1_63' title="bbox 540 3470 3758 3545; baseline 0 -19"><span class='ocrx_word' id='word_1_493' title='bbox 540 3470 809 3526; x_wconf 81' lang='lat' dir='ltr'><strong>maculam</strong></span> <span class='ocrx_word' id='word_1_494' title='bbox 835 3486 1055 3541; x_wconf 88' lang='lat' dir='ltr'><strong>prorsus</strong></span> <span class='ocrx_word' id='word_1_495' title='bbox 1080 3487 1110 3526; x_wconf 90' lang='lat' dir='ltr'><strong>a</strong></span> <span class='ocrx_word' id='word_1_496' title='bbox 1135 3472 1416 3529; x_wconf 90' lang='lat' dir='ltr'><strong>catholicis</strong></span> <span class='ocrx_word' id='word_1_497' title='bbox 1441 3474 1681 3529; x_wconf 87' lang='lat' dir='ltr'><strong>creditur</strong></span> <span class='ocrx_word' id='word_1_498' title='bbox 1704 3473 1983 3529; x_wconf 88' lang='lat' dir='ltr'><strong>abdicata:</strong></span> <span class='ocrx_word' id='word_1_499' title='bbox 2008 3475 2113 3537; x_wconf 84' lang='lat' dir='ltr'><strong>nisi</strong></span> <span class='ocrx_word' id='word_1_500' title='bbox 2206 3486 2312 3542; x_wconf 86' lang='lat' dir='ltr'><strong>per</strong></span> <span class='ocrx_word' id='word_1_501' title='bbox 2342 3488 2504 3543; x_wconf 87' lang='lat' dir='ltr'><strong>quem</strong></span> <span class='ocrx_word' id='word_1_502' title='bbox 2531 3474 2687 3528; x_wconf 89' lang='lat' dir='ltr'><strong>nobis</strong></span> <span class='ocrx_word' id='word_1_503' title='bbox 2709 3474 2939 3529; x_wconf 91' lang='lat' dir='ltr'><strong>mundus</strong></span> <span class='ocrx_word' id='word_1_504' title='bbox 2974 3473 3264 3531; x_wconf 77' lang='lat' dir='ltr'><strong>cruciﬁxus</strong></span> <span class='ocrx_word' id='word_1_505' title='bbox 3295 3484 3384 3531; x_wconf 88' lang='lat' dir='ltr'><strong>est</strong></span> <span class='ocrx_word' id='word_1_506' title='bbox 3418 3489 3611 3545; x_wconf 89' lang='lat' dir='ltr'><strong>nosque</strong></span> <span class='ocrx_word' id='word_1_507' title='bbox 3627 3486 3758 3527; x_wconf 82' lang='lat' dir='ltr'><strong>mun-</strong></span> 
     </span>
    </p>
   </div>
   <div class='ocr_carea' id='block_1_64' title="bbox 540 3560 3757 3636">
    <p class='ocr_par' dir='ltr' id='par_1_64' title="bbox 540 3560 3757 3636">
     <span class='ocr_line' id='line_1_64' title="bbox 540 3560 3757 3636; baseline 0 -20"><span class='ocrx_word' id='word_1_508' title='bbox 540 3560 683 3616; x_wconf 86' lang='lat' dir='ltr'><strong>forte</strong></span> <span class='ocrx_word' id='word_1_509' title='bbox 729 3560 862 3616; x_wconf 91' lang='lat' dir='ltr'><strong>illud</strong></span> <span class='ocrx_word' id='word_1_510' title='bbox 912 3561 965 3617; x_wconf 94' lang='lat' dir='ltr'><strong>in</strong></span> <span class='ocrx_word' id='word_1_511' title='bbox 1014 3562 1116 3618; x_wconf 90' lang='lat' dir='ltr'><strong>hac</strong></span> <span class='ocrx_word' id='word_1_512' title='bbox 1156 3572 1311 3632; x_wconf 91' lang='lat' dir='ltr'><strong>parte</strong></span> <span class='ocrx_word' id='word_1_513' title='bbox 1363 3564 1798 3634; x_wconf 8' lang='lat' dir='ltr'><strong>concedatur,gnt</strong></span> <span class='ocrx_word' id='word_1_514' title='bbox 1833 3565 1900 3620; x_wconf 88' lang='lat' dir='ltr'><strong>ab</strong></span> <span class='ocrx_word' id='word_1_515' title='bbox 1929 3580 2116 3625; x_wconf 85' lang='lat' dir='ltr'><strong>errore</strong></span> <span class='ocrx_word' id='word_1_516' title='bbox 2216 3565 2327 3619; x_wconf 87' lang='lat' dir='ltr'><strong>do?</strong></span> <span class='ocrx_word' id='word_1_517' title='bbox 2365 3580 2594 3634; x_wconf 89' lang='lat' dir='ltr'><strong>quorum</strong></span> <span class='ocrx_word' id='word_1_518' title='bbox 2656 3565 2996 3619; x_wconf 87' lang='lat' dir='ltr'><strong>conversatio</strong></span> <span class='ocrx_word' id='word_1_519' title='bbox 3031 3565 3088 3620; x_wconf 90' lang='lat' dir='ltr'><strong>in</strong></span> <span class='ocrx_word' id='word_1_520' title='bbox 3145 3565 3300 3621; x_wconf 74' lang='lat' dir='ltr'><strong>ctelis</strong></span> <span class='ocrx_word' id='word_1_521' title='bbox 3351 3575 3457 3631; x_wconf 88' lang='lat' dir='ltr'><strong>est,</strong></span> <span class='ocrx_word' id='word_1_522' title='bbox 3520 3564 3605 3636; x_wconf 90' lang='lat' dir='ltr'><strong>qui</strong></span> <span class='ocrx_word' id='word_1_523' title='bbox 3655 3574 3757 3617; x_wconf 87' lang='lat' dir='ltr'><strong>cum</strong></span> 
     </span>
    </p>
   </div>
   <div class='ocr_carea' id='block_1_65' title="bbox 541 3649 3759 3733">
    <p class='ocr_par' dir='ltr' id='par_1_65' title="bbox 541 3649 3759 3733">
     <span class='ocr_line' id='line_1_65' title="bbox 541 3649 3759 3733; baseline 0 -28"><span class='ocrx_word' id='word_1_524' title='bbox 541 3666 694 3706; x_wconf 89' lang='lat' dir='ltr'><strong>error</strong></span> <span class='ocrx_word' id='word_1_525' title='bbox 720 3649 993 3717; x_wconf 83' lang='lat' dir='ltr'><strong>fulciatur,</strong></span> <span class='ocrx_word' id='word_1_526' title='bbox 1036 3661 1090 3707; x_wconf 87' lang='lat' dir='ltr'><strong>ct</strong></span> <span class='ocrx_word' id='word_1_527' title='bbox 1118 3668 1205 3708; x_wconf 90' lang='lat' dir='ltr'><strong>res</strong></span> <span class='ocrx_word' id='word_1_528' title='bbox 1226 3669 1359 3710; x_wconf 87' lang='lat' dir='ltr'><strong>vana</strong></span> <span class='ocrx_word' id='word_1_529' title='bbox 1390 3670 1505 3733; x_wconf 83' lang='lat' dir='ltr'><strong>rem</strong></span> <span class='ocrx_word' id='word_1_530' title='bbox 1553 3653 1899 3711; x_wconf 85' lang='lat' dir='ltr'><strong>nihilominus</strong></span> <span class='ocrx_word' id='word_1_531' title='bbox 1920 3668 2115 3710; x_wconf 85' lang='lat' dir='ltr'><strong>vanam</strong></span> <span class='ocrx_word' id='word_1_532' title='bbox 2214 3654 2472 3724; x_wconf 70' lang='lat' dir='ltr'><strong>Apostolo</strong></span> <span class='ocrx_word' id='word_1_533' title='bbox 2506 3655 2755 3720; x_wconf 86' lang='lat' dir='ltr'><strong>dicimus,</strong></span> <span class='ocrx_word' id='word_1_534' title='bbox 2799 3655 2965 3710; x_wconf 78' lang='lat' dir='ltr'><strong>Nobis</strong></span> <span class='ocrx_word' id='word_1_535' title='bbox 3011 3655 3197 3726; x_wconf 77' lang='lat' dir='ltr'><strong>quibus</strong></span> <span class='ocrx_word' id='word_1_536' title='bbox 3237 3655 3477 3715; x_wconf 72' lang='lat' dir='ltr'><strong>Christus</strong></span> <span class='ocrx_word' id='word_1_537' title='bbox 3515 3653 3759 3723; x_wconf 73' lang='lat' dir='ltr'><strong>cruciﬁxus</strong></span> 
     </span>
    </p>
   </div>
   <div class='ocr_carea' id='block_1_66' title="bbox 544 3744 3759 3823">
    <p class='ocr_par' dir='ltr' id='par_1_66' title="bbox 544 3744 3759 3823">
     <span class='ocr_line' id='line_1_66' title="bbox 544 3744 3759 3823; baseline -0.002 -22"><span class='ocrx_word' id='word_1_538' title='bbox 544 3745 741 3801; x_wconf 87' lang='lat' dir='ltr'><strong>habeat</strong></span> <span class='ocrx_word' id='word_1_539' title='bbox 762 3747 819 3802; x_wconf 92' lang='lat' dir='ltr'><strong>in</strong></span> <span class='ocrx_word' id='word_1_540' title='bbox 852 3747 1182 3816; x_wconf 78' lang='lat' dir='ltr'><strong>exemplum,</strong></span> <span class='ocrx_word' id='word_1_541' title='bbox 1224 3763 1415 3818; x_wconf 85' lang='lat' dir='ltr'><strong>resque</strong></span> <span class='ocrx_word' id='word_1_542' title='bbox 1450 3748 1664 3818; x_wconf 88' lang='lat' dir='ltr'><strong>obliqua</strong></span> <span class='ocrx_word' id='word_1_543' title='bbox 1692 3765 1723 3804; x_wconf 90' lang='lat' dir='ltr'><strong>a</strong></span> <span class='ocrx_word' id='word_1_544' title='bbox 1752 3764 1810 3804; x_wconf 90' lang='lat' dir='ltr'><strong>rc</strong></span> <span class='ocrx_word' id='word_1_545' title='bbox 1836 3765 1942 3805; x_wconf 91' lang='lat' dir='ltr'><strong>non</strong></span> <span class='ocrx_word' id='word_1_546' title='bbox 1968 3757 2116 3819; x_wconf 74' lang='lat' dir='ltr'><strong>recta</strong></span> <span class='ocrx_word' id='word_1_547' title='bbox 2210 3754 2311 3810; x_wconf 67' lang='lat' dir='ltr'><strong>est,</strong></span> <span class='ocrx_word' id='word_1_548' title='bbox 2361 3744 2490 3815; x_wconf 81' lang='lat' dir='ltr'><strong>quid</strong></span> <span class='ocrx_word' id='word_1_549' title='bbox 2532 3746 2682 3799; x_wconf 73' lang='lat' dir='ltr'><strong>nobis</strong></span> <span class='ocrx_word' id='word_1_550' title='bbox 2740 3761 2857 3799; x_wconf 78' lang='lat' dir='ltr'><strong>cum</strong></span> <span class='ocrx_word' id='word_1_551' title='bbox 2904 3745 3020 3815; x_wconf 82' lang='lat' dir='ltr'><strong>foro</strong></span> <span class='ocrx_word' id='word_1_552' title='bbox 3044 3747 3070 3799; x_wconf 76' lang='lat'><strong>.9</strong></span> <span class='ocrx_word' id='word_1_553' title='bbox 3120 3746 3175 3814; x_wconf 84' lang='lat' dir='ltr'><strong>(I</strong></span> <span class='ocrx_word' id='word_1_554' title='bbox 3212 3745 3336 3801; x_wconf 84' lang='lat' dir='ltr'><strong>Cor.</strong></span> <span class='ocrx_word' id='word_1_555' title='bbox 3372 3747 3470 3819; x_wconf 77' lang='grc' dir='ltr'><strong>γι),</strong></span> <span class='ocrx_word' id='word_1_556' title='bbox 3504 3746 3589 3823; x_wconf 87' lang='lat' dir='ltr'><strong>qui</strong></span> <span class='ocrx_word' id='word_1_557' title='bbox 3635 3750 3759 3798; x_wconf 87' lang='lat' dir='ltr'><strong>tanto</strong></span> 
     </span>
    </p>
   </div>
   <div class='ocr_carea' id='block_1_67' title="bbox 543 3837 2116 3916">
    <p class='ocr_par' dir='ltr' id='par_1_67' title="bbox 543 3837 2116 3916">
     <span class='ocr_line' id='line_1_67' title="bbox 543 3837 2116 3916; baseline 0.001 -25"><span class='ocrx_word' id='word_1_558' title='bbox 543 3844 764 3907; x_wconf 90' lang='lat' dir='ltr'><strong>putetur</strong></span> <span class='ocrx_word' id='word_1_559' title='bbox 790 3837 1035 3908; x_wconf 87' lang='lat' dir='ltr'><strong>accipere</strong></span> <span class='ocrx_word' id='word_1_560' title='bbox 1058 3852 1215 3908; x_wconf 89' lang='lat' dir='ltr'><strong>posse</strong></span> <span class='ocrx_word' id='word_1_561' title='bbox 1241 3838 1536 3895; x_wconf 87' lang='lat' dir='ltr'><strong>munimen.</strong></span> <span class='ocrx_word' id='word_1_562' title='bbox 1577 3838 1780 3894; x_wconf 80' lang='lat' dir='ltr'><strong>Textus</strong></span> <span class='ocrx_word' id='word_1_563' title='bbox 1806 3838 1971 3913; x_wconf 78' lang='lat' dir='ltr'><strong>igitur</strong></span> <span class='ocrx_word' id='word_1_564' title='bbox 1990 3854 2116 3916; x_wconf 80' lang='lat' dir='ltr'><strong>sen-</strong></span> 
     </span>
    </p>
   </div>
   <div class='ocr_carea' id='block_1_68' title="bbox 548 3925 2119 4003">
    <p class='ocr_par' dir='ltr' id='par_1_68' title="bbox 548 3925 2119 4003">
     <span class='ocr_line' id='line_1_68' title="bbox 548 3925 2119 4003; baseline 0.003 -20"><span class='ocrx_word' id='word_1_565' title='bbox 548 3929 734 3984; x_wconf 65' lang='lat' dir='ltr'><strong>tentia:</strong></span> <span class='ocrx_word' id='word_1_566' title='bbox 759 3925 985 3984; x_wconf 82' lang='lat' dir='ltr'><strong>Joannis</strong></span> <span class='ocrx_word' id='word_1_567' title='bbox 1011 3926 1080 4001; x_wconf 91' lang='lat' dir='ltr'><strong>(si</strong></span> <span class='ocrx_word' id='word_1_568' title='bbox 1121 3939 1301 3984; x_wconf 88' lang='lat' dir='ltr'><strong>tamen</strong></span> <span class='ocrx_word' id='word_1_569' title='bbox 1345 3928 1583 3999; x_wconf 86' lang='lat' dir='ltr'><strong>ejusdem</strong></span> <span class='ocrx_word' id='word_1_570' title='bbox 1618 3927 1841 3986; x_wconf 83' lang='lat' dir='ltr'><strong>Joannis</strong></span> <span class='ocrx_word' id='word_1_571' title='bbox 1887 3929 1990 4003; x_wconf 85' lang='lat' dir='ltr'><strong>est)</strong></span> <span class='ocrx_word' id='word_1_572' title='bbox 2016 3930 2119 3997; x_wconf 82' lang='lat' dir='ltr'><strong>hoc</strong></span> 
     </span>
    </p>
   </div>
   <div class='ocr_carea' id='block_1_69' title="bbox 544 4020 2120 4093">
    <p class='ocr_par' dir='ltr' id='par_1_69' title="bbox 544 4020 2120 4093">
     <span class='ocr_line' id='line_1_69' title="bbox 544 4020 2120 4093; baseline 0.003 -20"><span class='ocrx_word' id='word_1_573' title='bbox 544 4021 706 4075; x_wconf 87' lang='lat' dir='ltr'><strong>modo</strong></span> <span class='ocrx_word' id='word_1_574' title='bbox 730 4020 782 4075; x_wconf 90' lang='lat' dir='ltr'><strong>in</strong></span> <span class='ocrx_word' id='word_1_575' title='bbox 828 4020 1017 4077; x_wconf 86' lang='lat' dir='ltr'><strong>eadem</strong></span> <span class='ocrx_word' id='word_1_576' title='bbox 1040 4020 1439 4077; x_wconf 83' lang='lat' dir='ltr'><strong>dementissima</strong></span> <span class='ocrx_word' id='word_1_577' title='bbox 1467 4023 1655 4093; x_wconf 83' lang='lat' dir='ltr'><strong>synodi</strong></span> <span class='ocrx_word' id='word_1_578' title='bbox 1704 4022 1934 4085; x_wconf 82' lang='lat' dir='ltr'><strong>lectione</strong></span> <span class='ocrx_word' id='word_1_579' title='bbox 1965 4030 2120 4078; x_wconf 79' lang='lat' dir='ltr'><strong>taxa-</strong></span> 
     </span>
    </p>
   </div>
   <div class='ocr_carea' id='block_1_70' title="bbox 545 4094 2122 4185">
    <p class='ocr_par' dir='ltr' id='par_1_70' title="bbox 545 4094 2122 4185">
     <span class='ocr_line' id='line_1_70' title="bbox 545 4094 2122 4185; baseline 0.002 -20"><span class='ocrx_word' id='word_1_580' title='bbox 545 4119 634 4167; x_wconf 88' lang='lat' dir='ltr'><strong>tus</strong></span> <span class='ocrx_word' id='word_1_581' title='bbox 659 4110 920 4167; x_wconf 86' lang='lat' dir='ltr'><strong>habetur:</strong></span> <span class='ocrx_word' id='word_1_582' title='bbox 954 4129 973 4162; x_wconf 70' lang='grc'><strong>(</strong></span> <span class='ocrx_word' id='word_1_583' title='bbox 1011 4109 1200 4166; x_wconf 85' lang='lat' dir='ltr'><strong>Nonne</strong></span> <span class='ocrx_word' id='word_1_584' title='bbox 1240 4094 1371 4166; x_wconf 76' lang='lat' dir='ltr'><strong>eum</strong></span> <span class='ocrx_word' id='word_1_585' title='bbox 1420 4113 1509 4182; x_wconf 91' lang='lat' dir='ltr'><strong>qui</strong></span> <span class='ocrx_word' id='word_1_586' title='bbox 1555 4113 1808 4169; x_wconf 89' lang='lat' dir='ltr'><strong>induetur</strong></span> <span class='ocrx_word' id='word_1_587' title='bbox 1852 4111 2122 4185; x_wconf 65' lang='lat' dir='ltr'><strong>injurias!</strong></span> 
     </span>
    </p>
   </div>
   <div class='ocr_carea' id='block_1_71' title="bbox 2210 3833 3762 3908">
    <p class='ocr_par' dir='ltr' id='par_1_71' title="bbox 2210 3833 3762 3908">
     <span class='ocr_line' id='line_1_71' title="bbox 2210 3833 3762 3908; baseline -0.003 -17"><span class='ocrx_word' id='word_1_588' title='bbox 2210 3835 2391 3895; x_wconf 72' lang='lat' dir='ltr'><strong>errori</strong></span> <span class='ocrx_word' id='word_1_589' title='bbox 2419 3835 2589 3891; x_wconf 87' lang='lat' dir='ltr'><strong>obniti</strong></span> <span class='ocrx_word' id='word_1_590' title='bbox 2631 3835 2810 3905; x_wconf 89' lang='lat' dir='ltr'><strong>potius</strong></span> <span class='ocrx_word' id='word_1_591' title='bbox 2846 3849 3006 3905; x_wconf 89' lang='lat' dir='ltr'><strong>quam</strong></span> <span class='ocrx_word' id='word_1_592' title='bbox 3048 3851 3327 3892; x_wconf 88' lang='lat' dir='ltr'><strong>assensum</strong></span> <span class='ocrx_word' id='word_1_593' title='bbox 3374 3840 3602 3908; x_wconf 72' lang='lat' dir='ltr'><strong>prmbere</strong></span> <span class='ocrx_word' id='word_1_594' title='bbox 3625 3833 3762 3888; x_wconf 87' lang='lat' dir='ltr'><strong>debe-</strong></span> 
     </span>
    </p>
   </div>
   <div class='ocr_carea' id='block_1_72' title="bbox 2212 3926 3755 4000">
    <p class='ocr_par' dir='ltr' id='par_1_72' title="bbox 2212 3926 3755 4000">
     <span class='ocr_line' id='line_1_72' title="bbox 2212 3926 3755 4000; baseline -0.003 -18"><span class='ocrx_word' id='word_1_595' title='bbox 2212 3942 2358 3990; x_wconf 80' lang='lat' dir='ltr'><strong>mus,</strong></span> <span class='ocrx_word' id='word_1_596' title='bbox 2410 3926 2503 3996; x_wconf 89' lang='lat' dir='ltr'><strong>qui</strong></span> <span class='ocrx_word' id='word_1_597' title='bbox 2546 3941 2658 3982; x_wconf 85' lang='lat' dir='ltr'><strong>non</strong></span> <span class='ocrx_word' id='word_1_598' title='bbox 2703 3926 2877 3982; x_wconf 87' lang='lat' dir='ltr'><strong>solum</strong></span> <span class='ocrx_word' id='word_1_599' title='bbox 2904 3927 2973 3982; x_wconf 89' lang='lat' dir='ltr'><strong>ab</strong></span> <span class='ocrx_word' id='word_1_600' title='bbox 3015 3942 3083 3983; x_wconf 90' lang='lat' dir='ltr'><strong>eo</strong></span> <span class='ocrx_word' id='word_1_601' title='bbox 3112 3929 3420 4000; x_wconf 80' lang='lat' dir='ltr'><strong>exemplum</strong></span> <span class='ocrx_word' id='word_1_602' title='bbox 3454 3929 3519 3984; x_wconf 89' lang='lat' dir='ltr'><strong>ad</strong></span> <span class='ocrx_word' id='word_1_603' title='bbox 3564 3927 3755 3983; x_wconf 84' lang='lat' dir='ltr'><strong>adoran-</strong></span> 
     </span>
    </p>
   </div>
   <div class='ocr_carea' id='block_1_73' title="bbox 2214 4015 3756 4086">
    <p class='ocr_par' dir='ltr' id='par_1_73' title="bbox 2214 4015 3756 4086">
     <span class='ocr_line' id='line_1_73' title="bbox 2214 4015 3756 4086; baseline -0.003 -15"><span class='ocrx_word' id='word_1_604' title='bbox 2214 4017 2318 4072; x_wconf 76' lang='lat' dir='ltr'><strong>dae</strong></span> <span class='ocrx_word' id='word_1_605' title='bbox 2342 4016 2609 4086; x_wconf 82' lang='lat' dir='ltr'><strong>imagines</strong></span> <span class='ocrx_word' id='word_1_606' title='bbox 2646 4015 2867 4071; x_wconf 89' lang='lat' dir='ltr'><strong>minime</strong></span> <span class='ocrx_word' id='word_1_607' title='bbox 2901 4032 3141 4083; x_wconf 89' lang='lat' dir='ltr'><strong>sumere,</strong></span> <span class='ocrx_word' id='word_1_608' title='bbox 3184 4019 3280 4073; x_wconf 87' lang='lat' dir='ltr'><strong>sed</strong></span> <span class='ocrx_word' id='word_1_609' title='bbox 3325 4021 3489 4074; x_wconf 90' lang='lat' dir='ltr'><strong>etiam</strong></span> <span class='ocrx_word' id='word_1_610' title='bbox 3517 4031 3629 4073; x_wconf 90' lang='lat' dir='ltr'><strong>eum</strong></span> <span class='ocrx_word' id='word_1_611' title='bbox 3657 4026 3756 4069; x_wconf 86' lang='lat' dir='ltr'><strong>eum</strong></span> 
     </span>
    </p>
   </div>
   <div class='ocr_carea' id='block_1_74' title="bbox 2216 4106 3549 4176">
    <p class='ocr_par' dir='ltr' id='par_1_74' title="bbox 2216 4106 3549 4176">
     <span class='ocr_line' id='line_1_74' title="bbox 2216 4106 3549 4176; baseline -0.002 -12"><span class='ocrx_word' id='word_1_612' title='bbox 2216 4107 2334 4164; x_wconf 83' lang='lat' dir='ltr'><strong>suis</strong></span> <span class='ocrx_word' id='word_1_613' title='bbox 2354 4106 2676 4176; x_wconf 82' lang='lat' dir='ltr'><strong>sequacibus</strong></span> <span class='ocrx_word' id='word_1_614' title='bbox 2698 4121 2920 4176; x_wconf 86' lang='lat' dir='ltr'><strong>prorsus</strong></span> <span class='ocrx_word' id='word_1_615' title='bbox 2955 4108 3231 4163; x_wconf 81' lang='lat' dir='ltr'><strong>exsecrari</strong></span> <span class='ocrx_word' id='word_1_616' title='bbox 3277 4109 3549 4166; x_wconf 88' lang='lat' dir='ltr'><strong>debemus.</strong></span> 
     </span>
    </p>
   </div>
   <div class='ocr_carea' id='block_1_75' title="bbox 546 4202 2119 4274">
    <p class='ocr_par' dir='ltr' id='par_1_75' title="bbox 546 4202 2119 4274">
     <span class='ocr_line' id='line_1_75' title="bbox 546 4202 2119 4274; baseline 0 -16"><span class='ocrx_word' id='word_1_617' title='bbox 546 4204 724 4260; x_wconf 89' lang='lat' dir='ltr'><strong>neseis</strong></span> <span class='ocrx_word' id='word_1_618' title='bbox 751 4204 874 4274; x_wconf 91' lang='lat' dir='ltr'><strong>quia</strong></span> <span class='ocrx_word' id='word_1_619' title='bbox 902 4204 948 4260; x_wconf 91' lang='lat' dir='ltr'><strong>si</strong></span> <span class='ocrx_word' id='word_1_620' title='bbox 990 4204 1114 4272; x_wconf 91' lang='lat' dir='ltr'><strong>quis</strong></span> <span class='ocrx_word' id='word_1_621' title='bbox 1162 4203 1450 4274; x_wconf 82' lang='lat' dir='ltr'><strong>imaginem</strong></span> <span class='ocrx_word' id='word_1_622' title='bbox 1497 4203 1837 4273; x_wconf 88' lang='lat' dir='ltr'><strong>imperatoris</strong></span> <span class='ocrx_word' id='word_1_623' title='bbox 1879 4202 2119 4273; x_wconf 83' lang='lat' dir='ltr'><strong>iujuriat,</strong></span> 
     </span>
    </p>
   </div>
   <div class='ocr_carea' id='block_1_76' title="bbox 546 4239 3240 4366">
    <p class='ocr_par' dir='ltr' id='par_1_76' title="bbox 546 4239 3240 4366">
     <span class='ocr_line' id='line_1_76' title="bbox 546 4239 3240 4307; baseline -0.002 -7"><span class='ocrx_word' id='word_1_624' title='bbox 546 4239 724 4260; x_wconf 61' lang='lat' dir='ltr'><strong>&quot;WW’</strong></span> <span class='ocrx_word' id='word_1_625' title='bbox 751 4239 874 4274; x_wconf 77' lang='grc'><strong>“¹““¹</strong></span> <span class='ocrx_word' id='word_1_626' title='bbox 902 4239 948 4260; x_wconf 71' lang='grc'><strong><em>⁵³</em></strong></span> <span class='ocrx_word' id='word_1_627' title='bbox 990 4239 1114 4306; x_wconf 67' lang='grc'><strong>“¹,“¹⁹</strong></span> <span class='ocrx_word' id='word_1_628' title='bbox 1165 4239 1450 4274; x_wconf 74' lang='grc'><strong>¹¹¹¹¹³⁶““’⁸⁸⁸</strong></span> <span class='ocrx_word' id='word_1_629' title='bbox 1498 4239 1837 4307; x_wconf 66' lang='lat'><strong>&quot;,&quot;‘”,&quot;°&#39;,&quot;&quot;°</strong></span> <span class='ocrx_word' id='word_1_630' title='bbox 1880 4239 2119 4307; x_wconf 68' lang='lat' dir='ltr'><strong>&quot;,&quot;“&#39;,&quot;&quot;f</strong></span> <span class='ocrx_word' id='word_1_631' title='bbox 2821 4239 3047 4296; x_wconf 86' lang='lat' dir='ltr'><strong>CAPUT</strong></span> <span class='ocrx_word' id='word_1_632' title='bbox 3100 4239 3240 4298; x_wconf 56' lang='lat' dir='ltr'><strong>XX;</strong></span> 
     </span>
     <span class='ocr_line' id='line_1_77' title="bbox 546 4294 3240 4366; baseline 0.001 -18"><span class='ocrx_word' id='word_1_633' title='bbox 546 4294 614 4349; x_wconf 89' lang='lat' dir='ltr'><strong>ad</strong></span> <span class='ocrx_word' id='word_1_634' title='bbox 639 4309 763 4350; x_wconf 89' lang='lat' dir='ltr'><strong>eum</strong></span> <span class='ocrx_word' id='word_1_635' title='bbox 802 4294 975 4362; x_wconf 87' lang='lat' dir='ltr'><strong>ipsum</strong></span> <span class='ocrx_word' id='word_1_636' title='bbox 1022 4302 1406 4364; x_wconf 80' lang='lat' dir='ltr'><strong>imperatorem</strong></span> <span class='ocrx_word' id='word_1_637' title='bbox 1454 4294 1823 4366; x_wconf 78' lang='lat' dir='ltr'><strong>priuetpaltter</strong></span> <span class='ocrx_word' id='word_1_638' title='bbox 1869 4295 2119 4366; x_wconf 77' lang='lat' dir='ltr'><strong>dignitati</strong></span> <span class='ocrx_word' id='word_1_639' title='bbox 2226 4333 2379 4366; x_wconf 55' lang='lat' dir='ltr'><strong>nm“,</strong></span> <span class='ocrx_word' id='word_1_640' title='bbox 2427 4352 2528 4366; x_wconf 57' lang='lat' dir='ltr'><strong>mm</strong></span> <span class='ocrx_word' id='word_1_641' title='bbox 2587 4333 2655 4366; x_wconf 56' lang='grc' dir='ltr'><strong>Μ,</strong></span> <span class='ocrx_word' id='word_1_642' title='bbox 2706 4333 3056 4366; x_wconf 45' lang='lat' dir='ltr'><strong>“Annum”,</strong></span> <span class='ocrx_word' id='word_1_643' title='bbox 3106 4333 3240 4366; x_wconf 37' lang='lat' dir='ltr'><strong>3mm,</strong></span> 
     </span>
    </p>
   </div>
   <div class='ocr_carea' id='block_1_77' title="bbox 547 4332 3756 4480">
    <p class='ocr_par' dir='ltr' id='par_1_77' title="bbox 547 4332 3756 4480">
     <span class='ocr_line' id='line_1_78' title="bbox 547 4332 3755 4405; baseline -0.005 -10"><span class='ocrx_word' id='word_1_644' title='bbox 547 4332 614 4395; x_wconf 59' lang='lat' dir='ltr'><strong>&quot;.u</strong></span> <span class='ocrx_word' id='word_1_645' title='bbox 639 4332 763 4350; x_wconf 65' lang='lat' dir='ltr'><strong>w&#39;&quot;</strong></span> <span class='ocrx_word' id='word_1_646' title='bbox 804 4332 975 4396; x_wconf 71' lang='lat'><strong>&quot;&#39;°.&quot;&#39;.&quot;</strong></span> <span class='ocrx_word' id='word_1_647' title='bbox 1022 4332 1406 4396; x_wconf 66' lang='grc' dir='ltr'><strong>ἷ’”’¹’“’“““ἶ’“”ἶ’¹</strong></span> <span class='ocrx_word' id='word_1_648' title='bbox 1454 4332 2119 4397; x_wconf 67' lang='grc' dir='ltr'><strong>¹”.”’”’.¹’““Ϊ”⁸.“’δ“ἶ’““³</strong></span> <span class='ocrx_word' id='word_1_649' title='bbox 2226 4333 2379 4403; x_wconf 84' lang='lat' dir='ltr'><strong>Quod</strong></span> <span class='ocrx_word' id='word_1_650' title='bbox 2426 4352 2528 4389; x_wconf 82' lang='lat' dir='ltr'><strong>non</strong></span> <span class='ocrx_word' id='word_1_651' title='bbox 2582 4333 2655 4390; x_wconf 82' lang='lat' dir='ltr'><strong>ad</strong></span> <span class='ocrx_word' id='word_1_652' title='bbox 2703 4333 3058 4387; x_wconf 81' lang='lat' dir='ltr'><strong>adorationem</strong></span> <span class='ocrx_word' id='word_1_653' title='bbox 3106 4333 3397 4403; x_wconf 70' lang='lat' dir='ltr'><strong>imaginum</strong></span> <span class='ocrx_word' id='word_1_654' title='bbox 3446 4332 3755 4405; x_wconf 58' lang='lat' dir='ltr'><strong>pertineat,“</strong></span> 
     </span>
     <span class='ocr_line' id='line_1_79' title="bbox 547 4382 3756 4480; baseline 0.005 -42"><span class='ocrx_word' id='word_1_655' title='bbox 547 4382 842 4480; x_wconf 67' lang='lat' dir='ltr'><strong>ejusaffert</strong></span> <span class='ocrx_word' id='word_1_656' title='bbox 877 4385 1173 4480; x_wconf 65' lang='lat' dir='ltr'><strong>iniuriam?</strong></span> <span class='ocrx_word' id='word_1_657' title='bbox 1220 4383 1407 4480; x_wconf 60' lang='lat' dir='ltr'><strong>besem</strong></span> <span class='ocrx_word' id='word_1_658' title='bbox 1426 4400 1555 4480; x_wconf 81' lang='lat' dir='ltr'><strong>quia</strong></span> <span class='ocrx_word' id='word_1_659' title='bbox 1591 4400 1636 4439; x_wconf 76' lang='grc' dir='ltr'><strong>ει</strong></span> <span class='ocrx_word' id='word_1_660' title='bbox 1665 4401 1785 4480; x_wconf 76' lang='lat' dir='ltr'><strong>quis</strong></span> <span class='ocrx_word' id='word_1_661' title='bbox 1832 4400 2116 4480; x_wconf 70' lang='lat' dir='ltr'><strong>imaginem</strong></span> <span class='ocrx_word' id='word_1_662' title='bbox 2144 4418 2202 4480; x_wconf 67' lang='grc' dir='ltr'>υ</span> <span class='ocrx_word' id='word_1_663' title='bbox 2292 4406 2373 4480; x_wconf 56' lang='grc' dir='ltr'><strong>ξμς</strong></span> <span class='ocrx_word' id='word_1_664' title='bbox 2406 4414 2667 4480; x_wconf 37' lang='lat' dir='ltr'><strong>assa-gat,</strong></span> <span class='ocrx_word' id='word_1_665' title='bbox 2704 4404 2960 4480; x_wconf 48' lang='grc' dir='ltr'><strong>εειριεηιὶε</strong></span> <span class='ocrx_word' id='word_1_666' title='bbox 3007 4402 3143 4480; x_wconf 65' lang='lat' dir='ltr'><strong>beati</strong></span> <span class='ocrx_word' id='word_1_667' title='bbox 3172 4401 3359 4473; x_wconf 69' lang='grc' dir='ltr'><strong>ενι-ἰαί</strong></span> <span class='ocrx_word' id='word_1_668' title='bbox 3384 4405 3440 4458; x_wconf 82' lang='lat' dir='ltr'><strong>in</strong></span> <span class='ocrx_word' id='word_1_669' title='bbox 3486 4398 3756 4471; x_wconf 65' lang='lat' dir='ltr'><strong>expositione</strong></span> 
     </span>
    </p>
   </div>
   <div class='ocr_carea' id='block_1_78' title="bbox 547 4472 3236 4545">
    <p class='ocr_par' dir='ltr' id='par_1_78' title="bbox 547 4472 3236 4545">
     <span class='ocr_line' id='line_1_80' title="bbox 547 4472 3236 4545; baseline -0.002 -16"><span class='ocrx_word' id='word_1_670' title='bbox 547 4490 614 4529; x_wconf 79' lang='lat' dir='ltr'><strong>ex</strong></span> <span class='ocrx_word' id='word_1_671' title='bbox 644 4475 788 4545; x_wconf 88' lang='lat' dir='ltr'><strong>ligno</strong></span> <span class='ocrx_word' id='word_1_672' title='bbox 838 4482 931 4529; x_wconf 90' lang='lat' dir='ltr'><strong>aut</strong></span> <span class='ocrx_word' id='word_1_673' title='bbox 957 4490 1026 4529; x_wconf 84' lang='lat' dir='ltr'><strong>ex</strong></span> <span class='ocrx_word' id='word_1_674' title='bbox 1051 4475 1232 4532; x_wconf 91' lang='lat' dir='ltr'><strong>colore</strong></span> <span class='ocrx_word' id='word_1_675' title='bbox 1271 4477 1535 4543; x_wconf 85' lang='lat' dir='ltr'><strong>detrahet,</strong></span> <span class='ocrx_word' id='word_1_676' title='bbox 1590 4493 1698 4532; x_wconf 89' lang='lat' dir='ltr'><strong>non</strong></span> <span class='ocrx_word' id='word_1_677' title='bbox 1740 4478 1880 4533; x_wconf 88' lang='lat' dir='ltr'><strong>sicut</strong></span> <span class='ocrx_word' id='word_1_678' title='bbox 1918 4479 1986 4537; x_wconf 88' lang='lat' dir='ltr'><strong>ad</strong></span> <span class='ocrx_word' id='word_1_679' title='bbox 2016 4472 2190 4536; x_wconf 61' lang='grc' dir='ltr'><strong>διε-⁷</strong></span> <span class='ocrx_word' id='word_1_680' title='bbox 2294 4474 2567 4545; x_wconf 78' lang='lat' dir='ltr'><strong>Evangelii</strong></span> <span class='ocrx_word' id='word_1_681' title='bbox 2595 4472 2877 4528; x_wconf 79' lang='lat' dir='ltr'><strong>secundum</strong></span> <span class='ocrx_word' id='word_1_682' title='bbox 2906 4472 3236 4527; x_wconf 66' lang='lat' dir='ltr'><strong>ﬂanimeum.</strong></span> 
     </span>
    </p>
   </div>
   <div class='ocr_carea' id='block_1_79' title="bbox 550 4552 3757 4636">
    <p class='ocr_par' dir='ltr' id='par_1_79' title="bbox 550 4552 3757 4636">
     <span class='ocr_line' id='line_1_81' title="bbox 550 4552 3757 4636; baseline -0.004 -17"><span class='ocrx_word' id='word_1_683' title='bbox 550 4552 792 4619; x_wconf 85' lang='lat' dir='ltr'><strong>mentum</strong></span> <span class='ocrx_word' id='word_1_684' title='bbox 813 4564 929 4618; x_wconf 85' lang='lat' dir='ltr'><strong>sine</strong></span> <span class='ocrx_word' id='word_1_685' title='bbox 959 4566 1137 4620; x_wconf 85' lang='lat' dir='ltr'><strong>anima</strong></span> <span class='ocrx_word' id='word_1_686' title='bbox 1166 4582 1329 4621; x_wconf 92' lang='lat' dir='ltr'><strong>ausus</strong></span> <span class='ocrx_word' id='word_1_687' title='bbox 1344 4566 1633 4636; x_wconf 74' lang='lat' dir='ltr'><strong>iudicatur,</strong></span> <span class='ocrx_word' id='word_1_688' title='bbox 1665 4569 1757 4624; x_wconf 86' lang='lat' dir='ltr'><strong>sed</strong></span> <span class='ocrx_word' id='word_1_689' title='bbox 1778 4569 1919 4624; x_wconf 86' lang='lat' dir='ltr'><strong>sicut</strong></span> <span class='ocrx_word' id='word_1_690' title='bbox 1943 4570 2126 4625; x_wconf 80' lang='lat' dir='ltr'><strong>adver—</strong></span> <span class='ocrx_word' id='word_1_691' title='bbox 2242 4554 2245 4555; x_wconf 31' lang='grc'><strong><em>⁷</em></strong></span> <span class='ocrx_word' id='word_1_692' title='bbox 2292 4566 2350 4621; x_wconf 88' lang='lat' dir='ltr'><strong>In</strong></span> <span class='ocrx_word' id='word_1_693' title='bbox 2380 4580 2447 4620; x_wconf 89' lang='lat' dir='ltr'><strong>eo</strong></span> <span class='ocrx_word' id='word_1_694' title='bbox 2476 4565 2642 4620; x_wconf 90' lang='lat' dir='ltr'><strong>etiam</strong></span> <span class='ocrx_word' id='word_1_695' title='bbox 2666 4564 2812 4634; x_wconf 89' lang='lat' dir='ltr'><strong>quod</strong></span> <span class='ocrx_word' id='word_1_696' title='bbox 2836 4563 3021 4618; x_wconf 90' lang='lat' dir='ltr'><strong>dicunt</strong></span> <span class='ocrx_word' id='word_1_697' title='bbox 3046 4563 3262 4616; x_wconf 85' lang='lat' dir='ltr'><strong>beatum</strong></span> <span class='ocrx_word' id='word_1_698' title='bbox 3286 4561 3539 4633; x_wconf 84' lang='lat' dir='ltr'><strong>Cyrillum</strong></span> <span class='ocrx_word' id='word_1_699' title='bbox 3563 4556 3757 4612; x_wconf 77' lang='lat' dir='ltr'><strong>Alexan-</strong></span> 
     </span>
    </p>
   </div>
   <div class='ocr_carea' id='block_1_80' title="bbox 551 4642 3753 4733">
    <p class='ocr_par' dir='ltr' id='par_1_80' title="bbox 551 4642 3753 4733">
     <span class='ocr_line' id='line_1_82' title="bbox 551 4642 3753 4733; baseline -0.006 -18"><span class='ocrx_word' id='word_1_700' title='bbox 551 4675 644 4716; x_wconf 89' lang='lat' dir='ltr'><strong>sus</strong></span> <span class='ocrx_word' id='word_1_701' title='bbox 696 4658 1076 4730; x_wconf 83' lang='lat' dir='ltr'><strong>imperatorem</strong></span> <span class='ocrx_word' id='word_1_702' title='bbox 1144 4659 1511 4733; x_wconf 87' lang='lat' dir='ltr'><strong>dissegregata</strong></span> <span class='ocrx_word' id='word_1_703' title='bbox 1565 4662 1854 4732; x_wconf 85' lang='lat' dir='ltr'><strong>imaginem</strong></span> <span class='ocrx_word' id='word_1_704' title='bbox 1903 4664 2126 4719; x_wconf 80' lang='lat' dir='ltr'><strong>totidem</strong></span> <span class='ocrx_word' id='word_1_705' title='bbox 2223 4656 2396 4712; x_wconf 72' lang='lat' dir='ltr'><strong>drina:</strong></span> <span class='ocrx_word' id='word_1_706' title='bbox 2431 4656 2581 4710; x_wconf 89' lang='lat' dir='ltr'><strong>urbis</strong></span> <span class='ocrx_word' id='word_1_707' title='bbox 2624 4654 2921 4709; x_wconf 81' lang='lat' dir='ltr'><strong>antistitem</strong></span> <span class='ocrx_word' id='word_1_708' title='bbox 2973 4652 3211 4708; x_wconf 70' lang='lat' dir='ltr'><strong>dixisse:</strong></span> <span class='ocrx_word' id='word_1_709' title='bbox 3257 4671 3278 4704; x_wconf 75' lang='grc' dir='ltr'>ι</span> <span class='ocrx_word' id='word_1_710' title='bbox 3324 4650 3625 4722; x_wconf 79' lang='lat' dir='ltr'><strong>Depingitur</strong></span> <span class='ocrx_word' id='word_1_711' title='bbox 3640 4642 3753 4733; x_wconf 75' lang='lat' dir='ltr'><strong>cuiu</strong></span> 
     </span>
    </p>
   </div>
   <div class='ocr_carea' id='block_1_81' title="bbox 551 4732 3754 4823">
    <p class='ocr_par' dir='ltr' id='par_1_81' title="bbox 551 4732 3754 4823">
     <span class='ocr_line' id='line_1_83' title="bbox 551 4732 3754 4823; baseline -0.007 -15"><span class='ocrx_word' id='word_1_712' title='bbox 551 4749 893 4819; x_wconf 82' lang='lat' dir='ltr'><strong>imperatoris</strong></span> <span class='ocrx_word' id='word_1_713' title='bbox 951 4760 1170 4821; x_wconf 84' lang='lat' dir='ltr'><strong>gestans</strong></span> <span class='ocrx_word' id='word_1_714' title='bbox 1210 4732 1579 4820; x_wconf 23' lang='lat' dir='ltr'><strong>eisinjuriam</strong></span> <span class='ocrx_word' id='word_1_715' title='bbox 1619 4750 1687 4807; x_wconf 84' lang='lat' dir='ltr'><strong>ad</strong></span> <span class='ocrx_word' id='word_1_716' title='bbox 1745 4754 2124 4823; x_wconf 84' lang='lat' dir='ltr'><strong>imperatorem</strong></span> <span class='ocrx_word' id='word_1_717' title='bbox 2224 4746 2360 4803; x_wconf 78' lang='lat' dir='ltr'><strong>ﬁdes</strong></span> <span class='ocrx_word' id='word_1_718' title='bbox 2393 4745 2539 4815; x_wconf 86' lang='lat' dir='ltr'><strong>quod</strong></span> <span class='ocrx_word' id='word_1_719' title='bbox 2584 4745 2639 4799; x_wconf 89' lang='lat' dir='ltr'><strong>in</strong></span> <span class='ocrx_word' id='word_1_720' title='bbox 2664 4743 2839 4798; x_wconf 83' lang='lat' dir='ltr'><strong>forma</strong></span> <span class='ocrx_word' id='word_1_721' title='bbox 2882 4741 2976 4797; x_wconf 87' lang='lat' dir='ltr'><strong>Dei</strong></span> <span class='ocrx_word' id='word_1_722' title='bbox 3023 4741 3207 4795; x_wconf 77' lang='lat' dir='ltr'><strong>existit</strong></span> <span class='ocrx_word' id='word_1_723' title='bbox 3265 4743 3504 4803; x_wconf 84' lang='lat' dir='ltr'><strong>verbum,</strong></span> <span class='ocrx_word' id='word_1_724' title='bbox 3564 4736 3685 4823; x_wconf 81' lang='lat' dir='ltr'><strong>sicut</strong></span> <span class='ocrx_word' id='word_1_725' title='bbox 3712 4732 3754 4782; x_wconf 69' lang='lat' dir='ltr'><strong>ei</strong></span> 
     </span>
    </p>
   </div>
   <div class='ocr_carea' id='block_1_82' title="bbox 551 4821 3755 4908">
    <p class='ocr_par' dir='ltr' id='par_1_82' title="bbox 551 4821 3755 4908">
     <span class='ocr_line' id='line_1_84' title="bbox 551 4821 3755 4908; baseline -0.005 -12"><span class='ocrx_word' id='word_1_726' title='bbox 551 4840 812 4897; x_wconf 80' lang='lat' dir='ltr'><strong>deducit?</strong></span> <span class='ocrx_word' id='word_1_727' title='bbox 844 4861 867 4894; x_wconf 76' lang='grc' dir='ltr'><strong><em>ι</em></strong></span> <span class='ocrx_word' id='word_1_728' title='bbox 921 4841 989 4896; x_wconf 78' lang='lat' dir='ltr'><strong>Et</strong></span> <span class='ocrx_word' id='word_1_729' title='bbox 1012 4842 1209 4898; x_wconf 86' lang='lat' dir='ltr'><strong>iterum</strong></span> <span class='ocrx_word' id='word_1_730' title='bbox 1235 4842 1375 4898; x_wconf 88' lang='lat' dir='ltr'><strong>idem</strong></span> <span class='ocrx_word' id='word_1_731' title='bbox 1411 4843 1476 4898; x_wconf 86' lang='lat' dir='ltr'><strong>de</strong></span> <span class='ocrx_word' id='word_1_732' title='bbox 1501 4843 1690 4899; x_wconf 88' lang='lat' dir='ltr'><strong>eodem</strong></span> <span class='ocrx_word' id='word_1_733' title='bbox 1720 4821 1898 4908; x_wconf 75' lang='lat' dir='ltr'><strong>Patre,</strong></span> <span class='ocrx_word' id='word_1_734' title='bbox 1924 4859 2129 4900; x_wconf 90' lang='lat' dir='ltr'><strong>sermo-</strong></span> <span class='ocrx_word' id='word_1_735' title='bbox 2224 4838 2425 4894; x_wconf 73' lang='lat' dir='ltr'><strong>nostra:</strong></span> <span class='ocrx_word' id='word_1_736' title='bbox 2451 4836 2574 4891; x_wconf 67' lang='lat' dir='ltr'><strong>vitae</strong></span> <span class='ocrx_word' id='word_1_737' title='bbox 2608 4833 2974 4905; x_wconf 86' lang='lat' dir='ltr'><strong>redemptione</strong></span> <span class='ocrx_word' id='word_1_738' title='bbox 3013 4834 3227 4888; x_wconf 89' lang='lat' dir='ltr'><strong>oblatus</strong></span> <span class='ocrx_word' id='word_1_739' title='bbox 3249 4841 3335 4887; x_wconf 87' lang='lat' dir='ltr'><strong>est</strong></span> <span class='ocrx_word' id='word_1_740' title='bbox 3358 4821 3755 4895; x_wconf 78' lang='lat' dir='ltr'><strong>Deo,&#39;secundum</strong></span> 
     </span>
    </p>
   </div>
   <div class='ocr_carea' id='block_1_83' title="bbox 492 4932 2129 5009">
    <p class='ocr_par' dir='ltr' id='par_1_83' title="bbox 492 4932 2129 5009">
     <span class='ocr_line' id='line_1_85' title="bbox 492 4932 2129 5009; baseline 0.001 -20"><span class='ocrx_word' id='word_1_741' title='bbox 492 5004 496 5009; x_wconf 15' lang='grc' dir='ltr'>ἱ</span> <span class='ocrx_word' id='word_1_742' title='bbox 552 4946 623 4989; x_wconf 88' lang='lat' dir='ltr'><strong>ne</strong></span> <span class='ocrx_word' id='word_1_743' title='bbox 648 4932 704 4989; x_wconf 92' lang='lat' dir='ltr'><strong>in</strong></span> <span class='ocrx_word' id='word_1_744' title='bbox 762 4932 951 5003; x_wconf 86' lang='lat' dir='ltr'><strong>quinta</strong></span> <span class='ocrx_word' id='word_1_745' title='bbox 1005 4932 1144 4989; x_wconf 68' lang='lat' dir='ltr'><strong>feria</strong></span> <span class='ocrx_word' id='word_1_746' title='bbox 1192 4933 1451 4990; x_wconf 66' lang='lat' dir='ltr'><strong>Pascha:</strong></span> <span class='ocrx_word' id='word_1_747' title='bbox 1495 4951 1517 4985; x_wconf 74' lang='grc' dir='ltr'><strong><em>ι</em></strong></span> <span class='ocrx_word' id='word_1_748' title='bbox 1559 4933 1752 4990; x_wconf 84' lang='lat' dir='ltr'><strong>Omnia</strong></span> <span class='ocrx_word' id='word_1_749' title='bbox 1811 4933 1956 4991; x_wconf 88' lang='lat' dir='ltr'><strong>facta</strong></span> <span class='ocrx_word' id='word_1_750' title='bbox 1998 4943 2129 4990; x_wconf 86' lang='lat' dir='ltr'><strong>sunt</strong></span> 
     </span>
    </p>
   </div>
   <div class='ocr_carea' id='block_1_84' title="bbox 549 5024 2131 5098">
    <p class='ocr_par' dir='ltr' id='par_1_84' title="bbox 549 5024 2131 5098">
     <span class='ocr_line' id='line_1_86' title="bbox 549 5024 2131 5098; baseline -0.001 -16"><span class='ocrx_word' id='word_1_751' title='bbox 549 5032 771 5098; x_wconf 80' lang='lat' dir='ltr'><strong>propter</strong></span> <span class='ocrx_word' id='word_1_752' title='bbox 796 5024 1019 5095; x_wconf 77' lang='lat' dir='ltr'><strong>gloriam</strong></span> <span class='ocrx_word' id='word_1_753' title='bbox 1045 5026 1175 5083; x_wconf 89' lang='lat' dir='ltr'><strong>Dei:</strong></span> <span class='ocrx_word' id='word_1_754' title='bbox 1209 5043 1310 5082; x_wconf 85' lang='lat' dir='ltr'><strong>usu</strong></span> <span class='ocrx_word' id='word_1_755' title='bbox 1342 5040 1472 5082; x_wconf 68' lang='lat' dir='ltr'><strong>vero</strong></span> <span class='ocrx_word' id='word_1_756' title='bbox 1510 5034 1698 5082; x_wconf 89' lang='lat' dir='ltr'><strong>nostro</strong></span> <span class='ocrx_word' id='word_1_757' title='bbox 1747 5026 1917 5081; x_wconf 87' lang='lat' dir='ltr'><strong>nubes</strong></span> <span class='ocrx_word' id='word_1_758' title='bbox 1937 5026 2005 5082; x_wconf 90' lang='lat' dir='ltr'><strong>ad</strong></span> <span class='ocrx_word' id='word_1_759' title='bbox 2029 5025 2131 5080; x_wconf 84' lang='lat' dir='ltr'><strong>im-</strong></span> 
     </span>
    </p>
   </div>
   <div class='ocr_carea' id='block_1_85' title="bbox 551 5119 2125 5187">
    <p class='ocr_par' dir='ltr' id='par_1_85' title="bbox 551 5119 2125 5187">
     <span class='ocr_line' id='line_1_87' title="bbox 551 5119 2125 5187; baseline -0.001 -11"><span class='ocrx_word' id='word_1_760' title='bbox 551 5120 730 5176; x_wconf 84' lang='lat' dir='ltr'><strong>brium</strong></span> <span class='ocrx_word' id='word_1_761' title='bbox 745 5119 1123 5185; x_wconf 81' lang='lat' dir='ltr'><strong>ministerium,</strong></span> <span class='ocrx_word' id='word_1_762' title='bbox 1138 5129 1339 5176; x_wconf 86' lang='lat' dir='ltr'><strong>terram</strong></span> <span class='ocrx_word' id='word_1_763' title='bbox 1353 5119 1421 5179; x_wconf 86' lang='lat' dir='ltr'><strong>ad</strong></span> <span class='ocrx_word' id='word_1_764' title='bbox 1438 5119 1704 5176; x_wconf 82' lang='lat' dir='ltr'><strong>fructuum</strong></span> <span class='ocrx_word' id='word_1_765' title='bbox 1722 5119 2125 5187; x_wconf 84' lang='lat' dir='ltr'><strong>abundantiam,</strong></span> 
     </span>
    </p>
   </div>
   <div class='ocr_carea' id='block_1_86' title="bbox 553 5209 2132 5291">
    <p class='ocr_par' dir='ltr' id='par_1_86' title="bbox 553 5209 2132 5291">
     <span class='ocr_line' id='line_1_88' title="bbox 553 5209 2132 5291; baseline 0 -26"><span class='ocrx_word' id='word_1_766' title='bbox 553 5223 702 5291; x_wconf 76' lang='lat' dir='ltr'><strong>mare</strong></span> <span class='ocrx_word' id='word_1_767' title='bbox 727 5209 1103 5282; x_wconf 74' lang='lat' dir='ltr'><strong>navigantium</strong></span> <span class='ocrx_word' id='word_1_768' title='bbox 1123 5210 1327 5291; x_wconf 59' lang='lat' dir='ltr'><strong>absque</strong></span> <span class='ocrx_word' id='word_1_769' title='bbox 1352 5211 1551 5265; x_wconf 73' lang='lat' dir='ltr'><strong>invidia</strong></span> <span class='ocrx_word' id='word_1_770' title='bbox 1589 5210 1768 5265; x_wconf 86' lang='lat' dir='ltr'><strong>omnia</strong></span> <span class='ocrx_word' id='word_1_771' title='bbox 1796 5209 2132 5265; x_wconf 78' lang='lat' dir='ltr'><strong>famulantur</strong></span> 
     </span>
    </p>
   </div>
   <div class='ocr_carea' id='block_1_87' title="bbox 553 5278 2129 5371">
    <p class='ocr_par' dir='ltr' id='par_1_87' title="bbox 553 5278 2129 5371">
     <span class='ocr_line' id='line_1_89' title="bbox 553 5278 2129 5371; baseline 0.003 -19"><span class='ocrx_word' id='word_1_772' title='bbox 553 5278 778 5365; x_wconf 57' lang='lat' dir='ltr'><strong>homini,</strong></span> <span class='ocrx_word' id='word_1_773' title='bbox 835 5278 1007 5370; x_wconf 80' lang='lat' dir='ltr'><strong>magis</strong></span> <span class='ocrx_word' id='word_1_774' title='bbox 1068 5278 1257 5354; x_wconf 65' lang='lat' dir='ltr'><strong>autéui</strong></span> <span class='ocrx_word' id='word_1_775' title='bbox 1304 5298 1527 5371; x_wconf 72' lang='lat' dir='ltr'><strong>imagini</strong></span> <span class='ocrx_word' id='word_1_776' title='bbox 1579 5299 1693 5353; x_wconf 88' lang='lat' dir='ltr'><strong>Dei.</strong></span> <span class='ocrx_word' id='word_1_777' title='bbox 1754 5297 1941 5369; x_wconf 79' lang='lat' dir='ltr'><strong>Neque</strong></span> <span class='ocrx_word' id='word_1_778' title='bbox 1982 5300 2129 5357; x_wconf 86' lang='lat' dir='ltr'><strong>enim</strong></span> 
     </span>
    </p>
   </div>
   <div class='ocr_carea' id='block_1_88' title="bbox 553 5388 2129 5461">
    <p class='ocr_par' dir='ltr' id='par_1_88' title="bbox 553 5388 2129 5461">
     <span class='ocr_line' id='line_1_90' title="bbox 553 5388 2129 5461; baseline 0.003 -20"><span class='ocrx_word' id='word_1_779' title='bbox 553 5389 768 5457; x_wconf 82' lang='lat' dir='ltr'><strong>quando</strong></span> <span class='ocrx_word' id='word_1_780' title='bbox 822 5389 1115 5459; x_wconf 73' lang='lat' dir='ltr'><strong>imperialis</strong></span> <span class='ocrx_word' id='word_1_781' title='bbox 1168 5388 1349 5445; x_wconf 80' lang='lat' dir='ltr'><strong>vultus</strong></span> <span class='ocrx_word' id='word_1_782' title='bbox 1369 5397 1427 5445; x_wconf 84' lang='lat' dir='ltr'><strong>et</strong></span> <span class='ocrx_word' id='word_1_783' title='bbox 1467 5389 1729 5461; x_wconf 87' lang='lat' dir='ltr'><strong>imagines</strong></span> <span class='ocrx_word' id='word_1_784' title='bbox 1774 5390 1830 5446; x_wconf 89' lang='lat' dir='ltr'><strong>in</strong></span> <span class='ocrx_word' id='word_1_785' title='bbox 1880 5389 2129 5446; x_wconf 65' lang='lat' dir='ltr'><strong>civitates</strong></span> 
     </span>
    </p>
   </div>
   <div class='ocr_carea' id='block_1_89' title="bbox 555 5477 2128 5551">
    <p class='ocr_par' dir='ltr' id='par_1_89' title="bbox 555 5477 2128 5551">
     <span class='ocr_line' id='line_1_91' title="bbox 555 5477 2128 5551; baseline 0.003 -19"><span class='ocrx_word' id='word_1_786' title='bbox 555 5477 987 5545; x_wconf 73' lang='lat' dir='ltr'><strong>httroducuntur,</strong></span> <span class='ocrx_word' id='word_1_787' title='bbox 1043 5489 1101 5536; x_wconf 86' lang='lat' dir='ltr'><strong>et</strong></span> <span class='ocrx_word' id='word_1_788' title='bbox 1138 5481 1364 5537; x_wconf 81' lang='lat' dir='ltr'><strong>obviam</strong></span> <span class='ocrx_word' id='word_1_789' title='bbox 1417 5479 1629 5551; x_wconf 74' lang='lat' dir='ltr'><strong>iudices</strong></span> <span class='ocrx_word' id='word_1_790' title='bbox 1668 5489 1727 5537; x_wconf 82' lang='lat' dir='ltr'><strong>et</strong></span> <span class='ocrx_word' id='word_1_791' title='bbox 1776 5481 1961 5551; x_wconf 84' lang='lat' dir='ltr'><strong>plebes</strong></span> <span class='ocrx_word' id='word_1_792' title='bbox 2004 5494 2128 5536; x_wconf 83' lang='lat' dir='ltr'><strong>cum</strong></span> 
     </span>
    </p>
   </div>
   <div class='ocr_carea' id='block_1_90' title="bbox 548 5566 2130 5641">
    <p class='ocr_par' dir='ltr' id='par_1_90' title="bbox 548 5566 2130 5641">
     <span class='ocr_line' id='line_1_92' title="bbox 548 5566 2130 5641; baseline 0.001 -15"><span class='ocrx_word' id='word_1_793' title='bbox 548 5566 819 5635; x_wconf 69' lang='lat' dir='ltr'><strong>letalibus,</strong></span> <span class='ocrx_word' id='word_1_794' title='bbox 843 5588 950 5626; x_wconf 87' lang='lat' dir='ltr'><strong>nou</strong></span> <span class='ocrx_word' id='word_1_795' title='bbox 974 5572 1214 5627; x_wconf 82' lang='lat' dir='ltr'><strong>tabulam</strong></span> <span class='ocrx_word' id='word_1_796' title='bbox 1237 5573 1567 5628; x_wconf 82' lang='lat' dir='ltr'><strong>honorantes</strong></span> <span class='ocrx_word' id='word_1_797' title='bbox 1584 5585 1761 5641; x_wconf 76' lang='lat' dir='ltr'><strong>neque</strong></span> <span class='ocrx_word' id='word_1_798' title='bbox 1782 5569 1968 5635; x_wconf 60' lang='lat' dir='ltr'><strong>eiusa:</strong></span> <span class='ocrx_word' id='word_1_799' title='bbox 1990 5584 2130 5627; x_wconf 69' lang='lat' dir='ltr'><strong>cera</strong></span> 
     </span>
    </p>
   </div>
   <div class='ocr_carea' id='block_1_91' title="bbox 555 5656 2129 5732">
    <p class='ocr_par' dir='ltr' id='par_1_91' title="bbox 555 5656 2129 5732">
     <span class='ocr_line' id='line_1_93' title="bbox 555 5656 2129 5732; baseline 0.002 -19"><span class='ocrx_word' id='word_1_800' title='bbox 555 5656 871 5725; x_wconf 83' lang='lat' dir='ltr'><strong>scripturas,</strong></span> <span class='ocrx_word' id='word_1_801' title='bbox 910 5660 1003 5715; x_wconf 91' lang='lat' dir='ltr'><strong>scd</strong></span> <span class='ocrx_word' id='word_1_802' title='bbox 1056 5660 1281 5728; x_wconf 72' lang='lat' dir='ltr'><strong>ﬁguram</strong></span> <span class='ocrx_word' id='word_1_803' title='bbox 1321 5662 1682 5732; x_wconf 87' lang='lat' dir='ltr'><strong>imperatoris,</strong></span> <span class='ocrx_word' id='word_1_804' title='bbox 1722 5661 1802 5717; x_wconf 88' lang='lat' dir='ltr'><strong>sic</strong></span> <span class='ocrx_word' id='word_1_805' title='bbox 1826 5668 1881 5716; x_wconf 86' lang='lat' dir='ltr'><strong>et</strong></span> <span class='ocrx_word' id='word_1_806' title='bbox 1916 5668 2129 5720; x_wconf 79' lang='lat' dir='ltr'><strong>creatu-</strong></span> 
     </span>
    </p>
   </div>
   <div class='ocr_carea' id='block_1_92' title="bbox 2225 4910 3757 4992">
    <p class='ocr_par' dir='ltr' id='par_1_92' title="bbox 2225 4910 3757 4992">
     <span class='ocr_line' id='line_1_94' title="bbox 2225 4910 3757 4992; baseline -0.018 -5"><span class='ocrx_word' id='word_1_807' title='bbox 2225 4944 2329 4986; x_wconf 87' lang='lat' dir='ltr'><strong>nos</strong></span> <span class='ocrx_word' id='word_1_808' title='bbox 2360 4926 2713 4985; x_wconf 86' lang='lat' dir='ltr'><strong>similitudine</strong></span> <span class='ocrx_word' id='word_1_809' title='bbox 2739 4932 2794 4978; x_wconf 90' lang='lat' dir='ltr'><strong>et</strong></span> <span class='ocrx_word' id='word_1_810' title='bbox 2818 4923 2995 4981; x_wconf 80' lang='lat' dir='ltr'><strong>factus</strong></span> <span class='ocrx_word' id='word_1_811' title='bbox 3017 4924 3199 4988; x_wconf 87' lang='lat' dir='ltr'><strong>homo,</strong></span> <span class='ocrx_word' id='word_1_812' title='bbox 3216 4942 3240 4975; x_wconf 64' lang='grc' dir='ltr'><strong>τ</strong></span> <span class='ocrx_word' id='word_1_813' title='bbox 3276 4932 3574 4992; x_wconf 82' lang='lat' dir='ltr'><strong>quanquam</strong></span> <span class='ocrx_word' id='word_1_814' title='bbox 3596 4920 3674 4968; x_wconf 79' lang='lat' dir='ltr'><strong>aut</strong></span> <span class='ocrx_word' id='word_1_815' title='bbox 3691 4910 3757 4962; x_wconf 87' lang='lat' dir='ltr'><strong>in-</strong></span> 
     </span>
    </p>
   </div>
   <div class='ocr_carea' id='block_1_93' title="bbox 2227 5004 3755 5090">
    <p class='ocr_par' dir='ltr' id='par_1_93' title="bbox 2227 5004 3755 5090">
     <span class='ocr_line' id='line_1_95' title="bbox 2227 5004 3755 5090; baseline -0.012 -13"><span class='ocrx_word' id='word_1_816' title='bbox 2227 5018 2479 5090; x_wconf 80' lang='lat' dir='ltr'><strong>terpretis</strong></span> <span class='ocrx_word' id='word_1_817' title='bbox 2518 5015 2827 5086; x_wconf 52' lang='lat' dir='ltr'><strong>imperitia,</strong></span> <span class='ocrx_word' id='word_1_818' title='bbox 2853 5022 2947 5069; x_wconf 88' lang='lat' dir='ltr'><strong>aut</strong></span> <span class='ocrx_word' id='word_1_819' title='bbox 2982 5014 3262 5084; x_wconf 85' lang='lat' dir='ltr'><strong>scriptoris</strong></span> <span class='ocrx_word' id='word_1_820' title='bbox 3294 5013 3427 5068; x_wconf 76' lang='lat' dir='ltr'><strong>vitio</strong></span> <span class='ocrx_word' id='word_1_821' title='bbox 3453 5004 3755 5075; x_wconf 67' lang='lat' dir='ltr'><strong>semiplenam</strong></span> 
     </span>
    </p>
   </div>
   <div class='ocr_carea' id='block_1_94' title="bbox 2225 5089 3755 5174">
    <p class='ocr_par' dir='ltr' id='par_1_94' title="bbox 2225 5089 3755 5174">
     <span class='ocr_line' id='line_1_96' title="bbox 2225 5089 3755 5174; baseline -0.014 -7"><span class='ocrx_word' id='word_1_822' title='bbox 2225 5089 2449 5174; x_wconf 78' lang='lat' dir='ltr'><strong>sensum</strong></span> <span class='ocrx_word' id='word_1_823' title='bbox 2486 5089 2689 5161; x_wconf 80' lang='lat' dir='ltr'><strong>habere</strong></span> <span class='ocrx_word' id='word_1_824' title='bbox 2753 5096 3032 5169; x_wconf 78' lang='lat' dir='ltr'><strong>videatur,</strong></span> <span class='ocrx_word' id='word_1_825' title='bbox 3073 5119 3181 5160; x_wconf 89' lang='lat' dir='ltr'><strong>non</strong></span> <span class='ocrx_word' id='word_1_826' title='bbox 3211 5106 3390 5158; x_wconf 81' lang='lat' dir='ltr'><strong>tamen</strong></span> <span class='ocrx_word' id='word_1_827' title='bbox 3426 5101 3497 5156; x_wconf 82' lang='lat' dir='ltr'><strong>ibi</strong></span> <span class='ocrx_word' id='word_1_828' title='bbox 3532 5091 3755 5166; x_wconf 81' lang='lat' dir='ltr'><strong>quodam-</strong></span> 
     </span>
    </p>
   </div>
   <div class='ocr_carea' id='block_1_95' title="bbox 2227 5183 3754 5267">
    <p class='ocr_par' dir='ltr' id='par_1_95' title="bbox 2227 5183 3754 5267">
     <span class='ocr_line' id='line_1_97' title="bbox 2227 5183 3754 5267; baseline -0.015 -10"><span class='ocrx_word' id='word_1_829' title='bbox 2227 5199 2389 5257; x_wconf 88' lang='lat' dir='ltr'><strong>modo</strong></span> <span class='ocrx_word' id='word_1_830' title='bbox 2411 5198 2708 5267; x_wconf 83' lang='lat' dir='ltr'><strong>imaginum</strong></span> <span class='ocrx_word' id='word_1_831' title='bbox 2734 5195 2981 5251; x_wconf 86' lang='lat' dir='ltr'><strong>adoratio</strong></span> <span class='ocrx_word' id='word_1_832' title='bbox 3012 5195 3296 5250; x_wconf 88' lang='lat' dir='ltr'><strong>innuitur:</strong></span> <span class='ocrx_word' id='word_1_833' title='bbox 3338 5195 3432 5250; x_wconf 89' lang='lat' dir='ltr'><strong>sed</strong></span> <span class='ocrx_word' id='word_1_834' title='bbox 3454 5202 3614 5259; x_wconf 79' lang='lat' dir='ltr'><strong>neque</strong></span> <span class='ocrx_word' id='word_1_835' title='bbox 3638 5183 3685 5237; x_wconf 85' lang='lat' dir='ltr'><strong>in</strong></span> <span class='ocrx_word' id='word_1_836' title='bbox 3702 5191 3754 5267; x_wconf 70' lang='lat' dir='ltr'><strong>ce</strong></span> 
     </span>
    </p>
   </div>
   <div class='ocr_carea' id='block_1_96' title="bbox 2227 5264 3752 5362">
    <p class='ocr_par' dir='ltr' id='par_1_96' title="bbox 2227 5264 3752 5362">
     <span class='ocr_line' id='line_1_98' title="bbox 2227 5264 3752 5362; baseline -0.012 -15"><span class='ocrx_word' id='word_1_837' title='bbox 2227 5290 2472 5362; x_wconf 62' lang='lat' dir='ltr'><strong>quasdam</strong></span> <span class='ocrx_word' id='word_1_838' title='bbox 2508 5264 2674 5358; x_wconf 67' lang='lat' dir='ltr'><strong>liuius</strong></span> <span class='ocrx_word' id='word_1_839' title='bbox 2716 5287 2942 5351; x_wconf 86' lang='lat' dir='ltr'><strong>erroris,</strong></span> <span class='ocrx_word' id='word_1_840' title='bbox 2999 5301 3109 5342; x_wconf 89' lang='lat' dir='ltr'><strong>non</strong></span> <span class='ocrx_word' id='word_1_841' title='bbox 3153 5286 3331 5341; x_wconf 77' lang='lat' dir='ltr'><strong>dicam</strong></span> <span class='ocrx_word' id='word_1_842' title='bbox 3377 5276 3656 5339; x_wconf 82' lang='lat' dir='ltr'><strong>aﬂirmatio,</strong></span> <span class='ocrx_word' id='word_1_843' title='bbox 3678 5264 3752 5322; x_wconf 74' lang='lat' dir='ltr'><strong>sed</strong></span> 
     </span>
    </p>
   </div>
   <div class='ocr_carea' id='block_1_97' title="bbox 2227 5370 3749 5445">
    <p class='ocr_par' dir='ltr' id='par_1_97' title="bbox 2227 5370 3749 5445">
     <span class='ocr_line' id='line_1_99' title="bbox 2227 5370 3749 5445; baseline -0.009 -7"><span class='ocrx_word' id='word_1_844' title='bbox 2227 5373 2329 5437; x_wconf 80' lang='lat' dir='ltr'><strong>nco</strong></span> <span class='ocrx_word' id='word_1_845' title='bbox 2356 5379 2521 5436; x_wconf 80' lang='lat' dir='ltr'><strong>etiam</strong></span> <span class='ocrx_word' id='word_1_846' title='bbox 2557 5378 2760 5433; x_wconf 87' lang='lat' dir='ltr'><strong>mentio</strong></span> <span class='ocrx_word' id='word_1_847' title='bbox 2797 5376 2876 5441; x_wconf 84' lang='lat' dir='ltr'><strong>ﬁt,</strong></span> <span class='ocrx_word' id='word_1_848' title='bbox 2915 5374 3059 5445; x_wconf 88' lang='lat' dir='ltr'><strong>quod</strong></span> <span class='ocrx_word' id='word_1_849' title='bbox 3101 5375 3287 5431; x_wconf 87' lang='lat' dir='ltr'><strong>dicunt</strong></span> <span class='ocrx_word' id='word_1_850' title='bbox 3312 5388 3435 5431; x_wconf 84' lang='lat' dir='ltr'><strong>eum</strong></span> <span class='ocrx_word' id='word_1_851' title='bbox 3468 5374 3583 5441; x_wconf 80' lang='lat' dir='ltr'><strong>post</strong></span> <span class='ocrx_word' id='word_1_852' title='bbox 3612 5370 3749 5433; x_wconf 60' lang='lat' dir='ltr'><strong>Pam</strong></span> 
     </span>
    </p>
   </div>
   <div class='ocr_carea' id='block_1_98' title="bbox 2227 5448 3745 5542">
    <p class='ocr_par' dir='ltr' id='par_1_98' title="bbox 2227 5448 3745 5542">
     <span class='ocr_line' id='line_1_100' title="bbox 2227 5448 3745 5542; baseline -0.02 -11"><span class='ocrx_word' id='word_1_853' title='bbox 2227 5474 2430 5531; x_wconf 74' lang='lat' dir='ltr'><strong>dixisse</strong></span> <span class='ocrx_word' id='word_1_854' title='bbox 2455 5489 2473 5525; x_wconf 74' lang='lat'><strong>1</strong></span> <span class='ocrx_word' id='word_1_855' title='bbox 2511 5491 2534 5524; x_wconf 72' lang='grc' dir='ltr'>ι</span> <span class='ocrx_word' id='word_1_856' title='bbox 2559 5470 2857 5542; x_wconf 76' lang='lat' dir='ltr'><strong>Imaginem</strong></span> <span class='ocrx_word' id='word_1_857' title='bbox 2896 5467 3061 5523; x_wconf 66' lang='lat' dir='ltr'><strong>uoltis</strong></span> <span class='ocrx_word' id='word_1_858' title='bbox 3086 5467 3306 5537; x_wconf 77' lang='lat' dir='ltr'><strong>explent</strong></span> <span class='ocrx_word' id='word_1_859' title='bbox 3341 5477 3472 5536; x_wconf 87' lang='lat' dir='ltr'><strong>opus</strong></span> <span class='ocrx_word' id='word_1_860' title='bbox 3519 5448 3745 5529; x_wconf 69' lang='lat' dir='ltr'><strong>parabole</strong></span> 
     </span>
    </p>
   </div>
   <div class='ocr_carea' id='block_1_99' title="bbox 2228 5542 3746 5636">
    <p class='ocr_par' dir='ltr' id='par_1_99' title="bbox 2228 5542 3746 5636">
     <span class='ocr_line' id='line_1_101' title="bbox 2228 5542 3746 5636; baseline -0.018 -16"><span class='ocrx_word' id='word_1_861' title='bbox 2228 5562 2649 5636; x_wconf 71' lang='lat' dir='ltr'><strong>significantium</strong></span> <span class='ocrx_word' id='word_1_862' title='bbox 2706 5559 2927 5623; x_wconf 78' lang='lat' dir='ltr'><strong>virtute,</strong></span> <span class='ocrx_word' id='word_1_863' title='bbox 2977 5556 3066 5615; x_wconf 90' lang='lat' dir='ltr'><strong>cui</strong></span> <span class='ocrx_word' id='word_1_864' title='bbox 3118 5555 3386 5627; x_wconf 83' lang='lat' dir='ltr'><strong>quomodo</strong></span> <span class='ocrx_word' id='word_1_865' title='bbox 3426 5558 3494 5607; x_wconf 20' lang='lat' dir='ltr'><strong>iet</strong></span> <span class='ocrx_word' id='word_1_866' title='bbox 3513 5542 3746 5603; x_wconf 77' lang='lat' dir='ltr'><strong>oculorum</strong></span> 
     </span>
    </p>
   </div>
   <div class='ocr_carea' id='block_1_100' title="bbox 2228 5637 3750 5722">
    <p class='ocr_par' dir='ltr' id='par_1_100' title="bbox 2228 5637 3750 5722">
     <span class='ocr_line' id='line_1_102' title="bbox 2228 5637 3750 5722; baseline -0.014 -8"><span class='ocrx_word' id='word_1_867' title='bbox 2228 5653 2472 5714; x_wconf 88' lang='lat' dir='ltr'><strong>adhiberi</strong></span> <span class='ocrx_word' id='word_1_868' title='bbox 2495 5660 2551 5711; x_wconf 91' lang='lat' dir='ltr'><strong>ct</strong></span> <span class='ocrx_word' id='word_1_869' title='bbox 2580 5651 2797 5722; x_wconf 90' lang='lat' dir='ltr'><strong>palpatu</strong></span> <span class='ocrx_word' id='word_1_870' title='bbox 2827 5665 3018 5706; x_wconf 87' lang='lat' dir='ltr'><strong>manus</strong></span> <span class='ocrx_word' id='word_1_871' title='bbox 3073 5646 3253 5705; x_wconf 86' lang='lat' dir='ltr'><strong>ail&#39;erri</strong></span> <span class='ocrx_word' id='word_1_872' title='bbox 3292 5646 3348 5715; x_wconf 77' lang='lat' dir='ltr'><strong>in</strong></span> <span class='ocrx_word' id='word_1_873' title='bbox 3373 5637 3609 5712; x_wconf 57' lang='lat' dir='ltr'><strong>vestigiis</strong></span> <span class='ocrx_word' id='word_1_874' title='bbox 3629 5640 3750 5693; x_wconf 60' lang='grc' dir='ltr'><strong>ω’</strong></span> 
     </span>
    </p>
   </div>
  </div>
