  <div class='ocr_page' id='page_1' title='image "/cluster/home/n/w/nwhite01/storage/ocr_20150623/98/hvd.32044054759675/550.png"; bbox 0 0 4070 6186; ppageno 0'>
   <div class='ocr_carea' id='block_1_1' title="bbox 387 322 526 379">
    <p class='ocr_par' dir='ltr' id='par_1_1' title="bbox 387 322 526 379">
     <span class='ocr_line' id='line_1_1' title="bbox 387 322 526 379; baseline 0.029 -4"><span class='ocrx_word' id='word_1_1' title='bbox 387 322 526 379; x_wconf 79' lang='grc'><strong>1085</strong></span> 
     </span>
    </p>
   </div>
   <div class='ocr_carea' id='block_1_2' title="bbox 1200 319 2870 386">
    <p class='ocr_par' dir='ltr' id='par_1_2' title="bbox 1200 319 2870 386">
     <span class='ocr_line' id='line_1_2' title="bbox 1200 319 2870 386; baseline 0.006 -10"><span class='ocrx_word' id='word_1_2' title='bbox 1200 319 1380 377; x_wconf 80' lang='lat' dir='ltr'><strong>LIBRI</strong></span> <span class='ocrx_word' id='word_1_3' title='bbox 1415 320 1761 379; x_wconf 80' lang='lat' dir='ltr'><strong>CAROLINI.</strong></span> <span class='ocrx_word' id='word_1_4' title='bbox 1801 349 1873 363; x_wconf 89' lang='lat'><strong>—-</strong></span> <span class='ocrx_word' id='word_1_5' title='bbox 1909 321 2131 382; x_wconf 79' lang='lat' dir='ltr'><strong>CAPIT.</strong></span> <span class='ocrx_word' id='word_1_6' title='bbox 2172 325 2263 380; x_wconf 85' lang='lat' dir='ltr'><strong>DE</strong></span> <span class='ocrx_word' id='word_1_7' title='bbox 2297 324 2491 382; x_wconf 73' lang='lat' dir='ltr'><strong>lMAG.</strong></span> <span class='ocrx_word' id='word_1_8' title='bbox 2525 356 2598 370; x_wconf 88' lang='lat'><strong>--</strong></span> <span class='ocrx_word' id='word_1_9' title='bbox 2634 326 2765 383; x_wconf 79' lang='lat' dir='ltr'><strong>LIB.</strong></span> <span class='ocrx_word' id='word_1_10' title='bbox 2805 326 2870 386; x_wconf 87' lang='lat' dir='ltr'><strong>Il.</strong></span> 
     </span>
    </p>
   </div>
   <div class='ocr_carea' id='block_1_3' title="bbox 3498 330 3636 386">
    <p class='ocr_par' dir='ltr' id='par_1_3' title="bbox 3498 330 3636 386">
     <span class='ocr_line' id='line_1_3' title="bbox 3498 330 3636 386; baseline 0 -2"><span class='ocrx_word' id='word_1_11' title='bbox 3498 331 3521 384; x_wconf 78' lang='grc' dir='ltr'><strong>Ι</strong></span> <span class='ocrx_word' id='word_1_12' title='bbox 3531 330 3636 386; x_wconf 80' lang='lat'><strong>086</strong></span> 
     </span>
    </p>
   </div>
   <div class='ocr_carea' id='block_1_4' title="bbox 382 429 3637 506">
    <p class='ocr_par' dir='ltr' id='par_1_4' title="bbox 382 429 3637 506">
     <span class='ocr_line' id='line_1_4' title="bbox 382 429 3637 506; baseline 0.002 -16"><span class='ocrx_word' id='word_1_13' title='bbox 382 435 527 490; x_wconf 90' lang='lat' dir='ltr'><strong>tibus</strong></span> <span class='ocrx_word' id='word_1_14' title='bbox 562 430 1002 502; x_wconf 85' lang='lat' dir='ltr'><strong>inadparabiliter</strong></span> <span class='ocrx_word' id='word_1_15' title='bbox 1036 429 1240 486; x_wconf 79' lang='lat' dir='ltr'><strong>habens</strong></span> <span class='ocrx_word' id='word_1_16' title='bbox 1276 432 1557 487; x_wconf 79' lang='lat' dir='ltr'><strong>visionem.</strong></span> <span class='ocrx_word' id='word_1_17' title='bbox 1605 451 1625 485; x_wconf 70' lang='grc' dir='ltr'><strong><em>ι</em></strong></span> <span class='ocrx_word' id='word_1_18' title='bbox 1678 430 1954 498; x_wconf 80' lang='lat' dir='ltr'><strong>&#39;Quoniam</strong></span> <span class='ocrx_word' id='word_1_19' title='bbox 1979 446 2027 501; x_wconf 65' lang='grc' dir='ltr'><strong>Α</strong></span> <span class='ocrx_word' id='word_1_20' title='bbox 2058 446 2307 506; x_wconf 84' lang='lat' dir='ltr'><strong>regnant,</strong></span> <span class='ocrx_word' id='word_1_21' title='bbox 2360 435 2476 492; x_wconf 84' lang='lat' dir='ltr'><strong>sive</strong></span> <span class='ocrx_word' id='word_1_22' title='bbox 2537 437 2666 506; x_wconf 85' lang='lat' dir='ltr'><strong>quia</strong></span> <span class='ocrx_word' id='word_1_23' title='bbox 2694 436 2925 493; x_wconf 88' lang='lat' dir='ltr'><strong>viriliter</strong></span> <span class='ocrx_word' id='word_1_24' title='bbox 2972 444 3316 493; x_wconf 82' lang='lat' dir='ltr'><strong>certaverunt</strong></span> <span class='ocrx_word' id='word_1_25' title='bbox 3340 445 3400 493; x_wconf 86' lang='lat' dir='ltr'><strong>ut</strong></span> <span class='ocrx_word' id='word_1_26' title='bbox 3437 440 3505 495; x_wconf 83' lang='lat' dir='ltr'><strong>ad</strong></span> <span class='ocrx_word' id='word_1_27' title='bbox 3536 454 3637 495; x_wconf 86' lang='lat' dir='ltr'><strong>nos</strong></span> 
     </span>
    </p>
   </div>
   <div class='ocr_carea' id='block_1_5' title="bbox 379 518 1956 595">
    <p class='ocr_par' dir='ltr' id='par_1_5' title="bbox 379 518 1956 595">
     <span class='ocr_line' id='line_1_5' title="bbox 379 518 1956 595; baseline -0.001 -16"><span class='ocrx_word' id='word_1_28' title='bbox 379 540 509 595; x_wconf 85' lang='lat' dir='ltr'><strong>ergo</strong></span> <span class='ocrx_word' id='word_1_29' title='bbox 533 522 624 579; x_wconf 89' lang='lat' dir='ltr'><strong>hic</strong></span> <span class='ocrx_word' id='word_1_30' title='bbox 647 522 786 578; x_wconf 87' lang='lat' dir='ltr'><strong>liber</strong></span> <span class='ocrx_word' id='word_1_31' title='bbox 825 521 967 591; x_wconf 79' lang='lat' dir='ltr'><strong>apud</strong></span> <span class='ocrx_word' id='word_1_32' title='bbox 1003 535 1102 576; x_wconf 87' lang='lat' dir='ltr'><strong>nos</strong></span> <span class='ocrx_word' id='word_1_33' title='bbox 1165 535 1275 576; x_wconf 88' lang='lat' dir='ltr'><strong>non</strong></span> <span class='ocrx_word' id='word_1_34' title='bbox 1335 518 1581 587; x_wconf 83' lang='lat' dir='ltr'><strong>habetur,</strong></span> <span class='ocrx_word' id='word_1_35' title='bbox 1633 521 1727 592; x_wconf 89' lang='lat' dir='ltr'><strong>qui</strong></span> <span class='ocrx_word' id='word_1_36' title='bbox 1768 523 1956 590; x_wconf 88' lang='lat' dir='ltr'><strong>utique</strong></span> 
     </span>
    </p>
   </div>
   <div class='ocr_carea' id='block_1_6' title="bbox 378 615 1955 687">
    <p class='ocr_par' dir='ltr' id='par_1_6' title="bbox 378 615 1955 687">
     <span class='ocr_line' id='line_1_6' title="bbox 378 615 1955 687; baseline -0.003 -11"><span class='ocrx_word' id='word_1_37' title='bbox 378 618 569 676; x_wconf 74' lang='lat' dir='ltr'><strong>Graeco</strong></span> <span class='ocrx_word' id='word_1_38' title='bbox 587 632 834 673; x_wconf 83' lang='lat' dir='ltr'><strong>sermone</strong></span> <span class='ocrx_word' id='word_1_39' title='bbox 854 616 1034 672; x_wconf 89' lang='lat' dir='ltr'><strong>editus</strong></span> <span class='ocrx_word' id='word_1_40' title='bbox 1051 630 1173 672; x_wconf 85' lang='lat' dir='ltr'><strong>esse</strong></span> <span class='ocrx_word' id='word_1_41' title='bbox 1209 631 1243 670; x_wconf 88' lang='lat' dir='ltr'><strong>a</strong></span> <span class='ocrx_word' id='word_1_42' title='bbox 1274 615 1503 686; x_wconf 67' lang='lat' dir='ltr'><strong>prmi-ato</strong></span> <span class='ocrx_word' id='word_1_43' title='bbox 1529 617 1752 673; x_wconf 87' lang='lat' dir='ltr'><strong>doctore</strong></span> <span class='ocrx_word' id='word_1_44' title='bbox 1770 617 1955 687; x_wconf 84' lang='lat' dir='ltr'><strong>perhi-</strong></span> 
     </span>
    </p>
   </div>
   <div class='ocr_carea' id='block_1_7' title="bbox 379 706 1955 778">
    <p class='ocr_par' dir='ltr' id='par_1_7' title="bbox 379 706 1955 778">
     <span class='ocr_line' id='line_1_7' title="bbox 379 706 1955 778; baseline -0.001 -13"><span class='ocrx_word' id='word_1_45' title='bbox 379 710 553 773; x_wconf 88' lang='lat' dir='ltr'><strong>betur,</strong></span> <span class='ocrx_word' id='word_1_46' title='bbox 599 707 759 777; x_wconf 83' lang='lat' dir='ltr'><strong>hujus</strong></span> <span class='ocrx_word' id='word_1_47' title='bbox 795 706 1013 777; x_wconf 82' lang='lat' dir='ltr'><strong>capituli</strong></span> <span class='ocrx_word' id='word_1_48' title='bbox 1068 721 1260 762; x_wconf 80' lang='lat' dir='ltr'><strong>sensus</strong></span> <span class='ocrx_word' id='word_1_49' title='bbox 1296 706 1353 760; x_wconf 91' lang='lat' dir='ltr'><strong>iu</strong></span> <span class='ocrx_word' id='word_1_50' title='bbox 1388 707 1759 778; x_wconf 71' lang='lat' dir='ltr'><strong>incompositis</strong></span> <span class='ocrx_word' id='word_1_51' title='bbox 1806 716 1862 762; x_wconf 90' lang='lat' dir='ltr'><strong>et</strong></span> <span class='ocrx_word' id='word_1_52' title='bbox 1900 708 1955 764; x_wconf 89' lang='lat' dir='ltr'><strong>in</strong></span> 
     </span>
    </p>
   </div>
   <div class='ocr_carea' id='block_1_8' title="bbox 380 795 1953 868">
    <p class='ocr_par' dir='ltr' id='par_1_8' title="bbox 380 795 1953 868">
     <span class='ocr_line' id='line_1_8' title="bbox 380 795 1953 868; baseline -0.001 -16"><span class='ocrx_word' id='word_1_53' title='bbox 380 797 687 868; x_wconf 84' lang='lat' dir='ltr'><strong>impropriis</strong></span> <span class='ocrx_word' id='word_1_54' title='bbox 740 795 1070 851; x_wconf 79' lang='lat' dir='ltr'><strong>dictionibus</strong></span> <span class='ocrx_word' id='word_1_55' title='bbox 1118 795 1193 849; x_wconf 83' lang='lat' dir='ltr'><strong>ita</strong></span> <span class='ocrx_word' id='word_1_56' title='bbox 1237 795 1393 851; x_wconf 87' lang='lat' dir='ltr'><strong>nobis</strong></span> <span class='ocrx_word' id='word_1_57' title='bbox 1434 810 1534 865; x_wconf 89' lang='lat' dir='ltr'><strong>per</strong></span> <span class='ocrx_word' id='word_1_58' title='bbox 1588 795 1953 865; x_wconf 89' lang='lat' dir='ltr'><strong>conjecturam</strong></span> 
     </span>
    </p>
   </div>
   <div class='ocr_carea' id='block_1_9' title="bbox 378 884 1954 957">
    <p class='ocr_par' dir='ltr' id='par_1_9' title="bbox 378 884 1954 957">
     <span class='ocr_line' id='line_1_9' title="bbox 378 884 1954 957; baseline -0.004 -12"><span class='ocrx_word' id='word_1_59' title='bbox 378 901 568 945; x_wconf 81' lang='lat' dir='ltr'><strong>sensus</strong></span> <span class='ocrx_word' id='word_1_60' title='bbox 617 889 942 957; x_wconf 70' lang='lat' dir='ltr'><strong>qurerenJus</strong></span> <span class='ocrx_word' id='word_1_61' title='bbox 978 893 1081 950; x_wconf 89' lang='lat' dir='ltr'><strong>est,</strong></span> <span class='ocrx_word' id='word_1_62' title='bbox 1126 884 1293 939; x_wconf 88' lang='lat' dir='ltr'><strong>veluti</strong></span> <span class='ocrx_word' id='word_1_63' title='bbox 1340 885 1463 954; x_wconf 87' lang='lat' dir='ltr'><strong>quis</strong></span> <span class='ocrx_word' id='word_1_64' title='bbox 1489 884 1544 939; x_wconf 93' lang='lat' dir='ltr'><strong>in</strong></span> <span class='ocrx_word' id='word_1_65' title='bbox 1576 884 1846 955; x_wconf 83' lang='lat' dir='ltr'><strong>pulvereis</strong></span> <span class='ocrx_word' id='word_1_66' title='bbox 1870 884 1954 939; x_wconf 84' lang='lat' dir='ltr'><strong>vel</strong></span> 
     </span>
    </p>
   </div>
   <div class='ocr_carea' id='block_1_10' title="bbox 377 972 1953 1044">
    <p class='ocr_par' dir='ltr' id='par_1_10' title="bbox 377 972 1953 1044">
     <span class='ocr_line' id='line_1_10' title="bbox 377 972 1953 1044; baseline -0.003 -13"><span class='ocrx_word' id='word_1_67' title='bbox 377 974 431 1031; x_wconf 84' lang='lat' dir='ltr'><strong>in</strong></span> <span class='ocrx_word' id='word_1_68' title='bbox 467 975 754 1044; x_wconf 81' lang='lat' dir='ltr'><strong>cujuslibet</strong></span> <span class='ocrx_word' id='word_1_69' title='bbox 798 974 1035 1031; x_wconf 74' lang='lat' dir='ltr'><strong>materia:</strong></span> <span class='ocrx_word' id='word_1_70' title='bbox 1081 972 1311 1028; x_wconf 86' lang='lat' dir='ltr'><strong>sordidis</strong></span> <span class='ocrx_word' id='word_1_71' title='bbox 1357 972 1648 1028; x_wconf 84' lang='lat' dir='ltr'><strong>involucris</strong></span> <span class='ocrx_word' id='word_1_72' title='bbox 1704 987 1953 1028; x_wconf 86' lang='lat' dir='ltr'><strong>nummos</strong></span> 
     </span>
    </p>
   </div>
   <div class='ocr_carea' id='block_1_11' title="bbox 354 1062 1952 1143">
    <p class='ocr_par' dir='ltr' id='par_1_11' title="bbox 354 1062 1952 1143">
     <span class='ocr_line' id='line_1_11' title="bbox 354 1062 1952 1143; baseline -0.003 -21"><span class='ocrx_word' id='word_1_73' title='bbox 354 1076 603 1143; x_wconf 79' lang='lat' dir='ltr'><strong>_qu:erat.</strong></span> <span class='ocrx_word' id='word_1_74' title='bbox 642 1066 754 1121; x_wconf 86' lang='lat' dir='ltr'><strong>Hoc</strong></span> <span class='ocrx_word' id='word_1_75' title='bbox 817 1066 982 1132; x_wconf 90' lang='lat' dir='ltr'><strong>enim,</strong></span> <span class='ocrx_word' id='word_1_76' title='bbox 1036 1072 1096 1119; x_wconf 91' lang='lat' dir='ltr'><strong>ut</strong></span> <span class='ocrx_word' id='word_1_77' title='bbox 1141 1063 1475 1133; x_wconf 88' lang='lat' dir='ltr'><strong>conjicimus,</strong></span> <span class='ocrx_word' id='word_1_78' title='bbox 1537 1062 1696 1132; x_wconf 84' lang='lat' dir='ltr'><strong>hujus</strong></span> <span class='ocrx_word' id='word_1_79' title='bbox 1733 1062 1952 1133; x_wconf 88' lang='lat' dir='ltr'><strong>capituli</strong></span> 
     </span>
    </p>
   </div>
   <div class='ocr_carea' id='block_1_12' title="bbox 353 1151 1952 1229">
    <p class='ocr_par' dir='ltr' id='par_1_12' title="bbox 353 1151 1952 1229">
     <span class='ocr_line' id='line_1_12' title="bbox 353 1151 1952 1229; baseline -0.003 -17"><span class='ocrx_word' id='word_1_80' title='bbox 353 1164 559 1229; x_wconf 57' lang='lat' dir='ltr'><strong>textus</strong></span> <span class='ocrx_word' id='word_1_81' title='bbox 606 1154 914 1226; x_wconf 89' lang='lat' dir='ltr'><strong>signiﬁcare</strong></span> <span class='ocrx_word' id='word_1_82' title='bbox 962 1154 1194 1220; x_wconf 87' lang='lat' dir='ltr'><strong>videtur,</strong></span> <span class='ocrx_word' id='word_1_83' title='bbox 1241 1153 1383 1224; x_wconf 91' lang='lat' dir='ltr'><strong>quod</strong></span> <span class='ocrx_word' id='word_1_84' title='bbox 1425 1153 1553 1208; x_wconf 88' lang='lat' dir='ltr'><strong>dum</strong></span> <span class='ocrx_word' id='word_1_85' title='bbox 1603 1152 1850 1207; x_wconf 88' lang='lat' dir='ltr'><strong>Christus</strong></span> <span class='ocrx_word' id='word_1_86' title='bbox 1895 1151 1952 1207; x_wconf 92' lang='lat' dir='ltr'><strong>in</strong></span> 
     </span>
    </p>
   </div>
   <div class='ocr_carea' id='block_1_13' title="bbox 376 1241 1954 1311">
    <p class='ocr_par' dir='ltr' id='par_1_13' title="bbox 376 1241 1954 1311">
     <span class='ocr_line' id='line_1_13' title="bbox 376 1241 1954 1311; baseline -0.001 -13"><span class='ocrx_word' id='word_1_87' title='bbox 376 1243 557 1311; x_wconf 21' lang='lat' dir='ltr'><strong>forma,</strong></span> <span class='ocrx_word' id='word_1_88' title='bbox 588 1243 685 1299; x_wconf 86' lang='lat' dir='ltr'><strong>Dei</strong></span> <span class='ocrx_word' id='word_1_89' title='bbox 722 1243 960 1299; x_wconf 75' lang='lat' dir='ltr'><strong>existens</strong></span> <span class='ocrx_word' id='word_1_90' title='bbox 1010 1243 1266 1309; x_wconf 77' lang='lat' dir='ltr'><strong>Verbum,</strong></span> <span class='ocrx_word' id='word_1_91' title='bbox 1315 1251 1515 1298; x_wconf 65' lang='lat' dir='ltr'><strong>nostra:</strong></span> <span class='ocrx_word' id='word_1_92' title='bbox 1554 1242 1733 1297; x_wconf 88' lang='lat' dir='ltr'><strong>carnis</strong></span> <span class='ocrx_word' id='word_1_93' title='bbox 1762 1241 1954 1296; x_wconf 87' lang='lat' dir='ltr'><strong>simili-</strong></span> 
     </span>
    </p>
   </div>
   <div class='ocr_carea' id='block_1_14' title="bbox 379 1331 1953 1401">
    <p class='ocr_par' dir='ltr' id='par_1_14' title="bbox 379 1331 1953 1401">
     <span class='ocr_line' id='line_1_14' title="bbox 379 1331 1953 1401; baseline -0.001 -14"><span class='ocrx_word' id='word_1_94' title='bbox 379 1334 564 1389; x_wconf 88' lang='lat' dir='ltr'><strong>tudine</strong></span> <span class='ocrx_word' id='word_1_95' title='bbox 593 1333 814 1391; x_wconf 88' lang='lat' dir='ltr'><strong>indutus</strong></span> <span class='ocrx_word' id='word_1_96' title='bbox 867 1341 922 1388; x_wconf 89' lang='lat' dir='ltr'><strong>et</strong></span> <span class='ocrx_word' id='word_1_97' title='bbox 949 1331 1123 1388; x_wconf 81' lang='lat' dir='ltr'><strong>lactus</strong></span> <span class='ocrx_word' id='word_1_98' title='bbox 1172 1339 1256 1389; x_wconf 85' lang='lat' dir='ltr'><strong>est</strong></span> <span class='ocrx_word' id='word_1_99' title='bbox 1294 1332 1474 1397; x_wconf 89' lang='lat' dir='ltr'><strong>homo,</strong></span> <span class='ocrx_word' id='word_1_100' title='bbox 1515 1340 1570 1386; x_wconf 89' lang='lat' dir='ltr'><strong>et</strong></span> <span class='ocrx_word' id='word_1_101' title='bbox 1606 1346 1706 1401; x_wconf 90' lang='lat' dir='ltr'><strong>pro</strong></span> <span class='ocrx_word' id='word_1_102' title='bbox 1750 1338 1953 1387; x_wconf 74' lang='lat' dir='ltr'><strong>nostra:</strong></span> 
     </span>
    </p>
   </div>
   <div class='ocr_carea' id='block_1_15' title="bbox 376 1420 1953 1491">
    <p class='ocr_par' dir='ltr' id='par_1_15' title="bbox 376 1420 1953 1491">
     <span class='ocr_line' id='line_1_15' title="bbox 376 1420 1953 1491; baseline 0 -15"><span class='ocrx_word' id='word_1_103' title='bbox 376 1423 500 1478; x_wconf 69' lang='lat' dir='ltr'><strong>vitae</strong></span> <span class='ocrx_word' id='word_1_104' title='bbox 559 1421 927 1491; x_wconf 84' lang='lat' dir='ltr'><strong>redemptione</strong></span> <span class='ocrx_word' id='word_1_105' title='bbox 990 1422 1200 1478; x_wconf 80' lang='lat' dir='ltr'><strong>oblatus</strong></span> <span class='ocrx_word' id='word_1_106' title='bbox 1256 1422 1365 1477; x_wconf 87' lang='lat' dir='ltr'><strong>Deo</strong></span> <span class='ocrx_word' id='word_1_107' title='bbox 1417 1422 1472 1477; x_wconf 89' lang='lat' dir='ltr'><strong>in</strong></span> <span class='ocrx_word' id='word_1_108' title='bbox 1497 1436 1559 1477; x_wconf 88' lang='lat' dir='ltr'><strong>se</strong></span> <span class='ocrx_word' id='word_1_109' title='bbox 1595 1436 1721 1478; x_wconf 83' lang='lat' dir='ltr'><strong>vera</strong></span> <span class='ocrx_word' id='word_1_110' title='bbox 1775 1420 1953 1476; x_wconf 86' lang='lat' dir='ltr'><strong>Patris</strong></span> 
     </span>
    </p>
   </div>
   <div class='ocr_carea' id='block_1_16' title="bbox 376 1511 1953 1582">
    <p class='ocr_par' dir='ltr' id='par_1_16' title="bbox 376 1511 1953 1582">
     <span class='ocr_line' id='line_1_16' title="bbox 376 1511 1953 1582; baseline 0.001 -14"><span class='ocrx_word' id='word_1_111' title='bbox 376 1512 611 1582; x_wconf 80' lang='lat' dir='ltr'><strong>imagine</strong></span> <span class='ocrx_word' id='word_1_112' title='bbox 643 1511 884 1580; x_wconf 87' lang='lat' dir='ltr'><strong>ejusdem</strong></span> <span class='ocrx_word' id='word_1_113' title='bbox 945 1511 1119 1569; x_wconf 84' lang='lat' dir='ltr'><strong>Patris</strong></span> <span class='ocrx_word' id='word_1_114' title='bbox 1173 1512 1438 1569; x_wconf 90' lang='lat' dir='ltr'><strong>visionem</strong></span> <span class='ocrx_word' id='word_1_115' title='bbox 1497 1513 1653 1569; x_wconf 89' lang='lat' dir='ltr'><strong>nobis</strong></span> <span class='ocrx_word' id='word_1_116' title='bbox 1718 1514 1953 1569; x_wconf 83' lang='lat' dir='ltr'><strong>ostendit</strong></span> 
     </span>
    </p>
   </div>
   <div class='ocr_carea' id='block_1_17' title="bbox 375 1601 1947 1676">
    <p class='ocr_par' dir='ltr' id='par_1_17' title="bbox 375 1601 1947 1676">
     <span class='ocr_line' id='line_1_17' title="bbox 375 1601 1947 1676; baseline -0.001 -19"><span class='ocrx_word' id='word_1_117' title='bbox 375 1601 525 1671; x_wconf 79' lang='lat' dir='ltr'><strong>juxta</strong></span> <span class='ocrx_word' id='word_1_118' title='bbox 559 1602 726 1657; x_wconf 85' lang='lat' dir='ltr'><strong>illud:</strong></span> <span class='ocrx_word' id='word_1_119' title='bbox 768 1601 872 1667; x_wconf 85' lang='lat' dir='ltr'><strong>Qui</strong></span> <span class='ocrx_word' id='word_1_120' title='bbox 907 1602 1040 1657; x_wconf 78' lang='lat' dir='ltr'><strong>videt</strong></span> <span class='ocrx_word' id='word_1_121' title='bbox 1073 1619 1174 1670; x_wconf 82' lang='lat' dir='ltr'><strong>me,</strong></span> <span class='ocrx_word' id='word_1_122' title='bbox 1228 1603 1360 1657; x_wconf 75' lang='lat' dir='ltr'><strong>ridet</strong></span> <span class='ocrx_word' id='word_1_123' title='bbox 1413 1612 1461 1657; x_wconf 89' lang='lat' dir='ltr'><strong>et</strong></span> <span class='ocrx_word' id='word_1_124' title='bbox 1509 1602 1723 1657; x_wconf 84' lang='lat' dir='ltr'><strong>Patrem</strong></span> <span class='ocrx_word' id='word_1_125' title='bbox 1764 1603 1947 1676; x_wconf 81' lang='lat' dir='ltr'><strong>(Joau.</strong></span> 
     </span>
    </p>
   </div>
   <div class='ocr_carea' id='block_1_18' title="bbox 376 1692 1952 1765">
    <p class='ocr_par' dir='ltr' id='par_1_18' title="bbox 376 1692 1952 1765">
     <span class='ocr_line' id='line_1_18' title="bbox 376 1692 1952 1765; baseline 0.003 -18"><span class='ocrx_word' id='word_1_126' title='bbox 376 1692 526 1765; x_wconf 81' lang='lat' dir='ltr'><strong>xiv);</strong></span> <span class='ocrx_word' id='word_1_127' title='bbox 567 1700 623 1748; x_wconf 91' lang='lat' dir='ltr'><strong>et</strong></span> <span class='ocrx_word' id='word_1_128' title='bbox 662 1693 718 1748; x_wconf 91' lang='lat' dir='ltr'><strong>in</strong></span> <span class='ocrx_word' id='word_1_129' title='bbox 763 1692 1139 1763; x_wconf 87' lang='lat' dir='ltr'><strong>parabolarum</strong></span> <span class='ocrx_word' id='word_1_130' title='bbox 1202 1695 1694 1765; x_wconf 85' lang='lat' dir='ltr'><strong>imagina&#39;iouibus,</strong></span> <span class='ocrx_word' id='word_1_131' title='bbox 1735 1695 1810 1750; x_wconf 85' lang='lat' dir='ltr'><strong>ita</strong></span> <span class='ocrx_word' id='word_1_132' title='bbox 1853 1712 1952 1751; x_wconf 83' lang='lat' dir='ltr'><strong>no-</strong></span> 
     </span>
    </p>
   </div>
   <div class='ocr_carea' id='block_1_19' title="bbox 2055 524 3636 596">
    <p class='ocr_par' dir='ltr' id='par_1_19' title="bbox 2055 524 3636 596">
     <span class='ocr_line' id='line_1_19' title="bbox 2055 524 3636 596; baseline 0.001 -15"><span class='ocrx_word' id='word_1_133' title='bbox 2055 524 2342 581; x_wconf 86' lang='lat' dir='ltr'><strong>incolumis</strong></span> <span class='ocrx_word' id='word_1_134' title='bbox 2371 534 2544 582; x_wconf 83' lang='lat' dir='ltr'><strong>status</strong></span> <span class='ocrx_word' id='word_1_135' title='bbox 2570 526 2828 582; x_wconf 61' lang='lat' dir='ltr'><strong>Ecclesia</strong></span> <span class='ocrx_word' id='word_1_136' title='bbox 2846 527 3177 596; x_wconf 86' lang='lat' dir='ltr'><strong>perveniret,</strong></span> <span class='ocrx_word' id='word_1_137' title='bbox 3203 526 3319 582; x_wconf 88' lang='lat' dir='ltr'><strong>sive</strong></span> <span class='ocrx_word' id='word_1_138' title='bbox 3338 527 3465 596; x_wconf 97' lang='lat' dir='ltr'><strong>quia</strong></span> <span class='ocrx_word' id='word_1_139' title='bbox 3489 541 3636 583; x_wconf 83' lang='lat' dir='ltr'><strong>eam-</strong></span> 
     </span>
    </p>
   </div>
   <div class='ocr_carea' id='block_1_20' title="bbox 2036 614 3636 685">
    <p class='ocr_par' dir='ltr' id='par_1_20' title="bbox 2036 614 3636 685">
     <span class='ocr_line' id='line_1_20' title="bbox 2036 614 3636 685; baseline 0.006 -19"><span class='ocrx_word' id='word_1_140' title='bbox 2036 614 2180 669; x_wconf 88' lang='lat' dir='ltr'><strong>.dem</strong></span> <span class='ocrx_word' id='word_1_141' title='bbox 2238 614 2521 670; x_wconf 72' lang='lat' dir='ltr'><strong>ecclesiam</strong></span> <span class='ocrx_word' id='word_1_142' title='bbox 2569 615 2803 671; x_wconf 85' lang='lat' dir='ltr'><strong>assiduis</strong></span> <span class='ocrx_word' id='word_1_143' title='bbox 2840 615 3109 685; x_wconf 84' lang='lat' dir='ltr'><strong>suﬁ&#39;ragiis</strong></span> <span class='ocrx_word' id='word_1_144' title='bbox 3139 625 3195 672; x_wconf 89' lang='lat' dir='ltr'><strong>et</strong></span> <span class='ocrx_word' id='word_1_145' title='bbox 3234 617 3636 675; x_wconf 85' lang='lat' dir='ltr'><strong>intercessioni-</strong></span> 
     </span>
    </p>
   </div>
   <div class='ocr_carea' id='block_1_21' title="bbox 2052 705 3630 775">
    <p class='ocr_par' dir='ltr' id='par_1_21' title="bbox 2052 705 3630 775">
     <span class='ocr_line' id='line_1_21' title="bbox 2052 705 3630 775; baseline 0.003 -15"><span class='ocrx_word' id='word_1_146' title='bbox 2052 705 2155 761; x_wconf 88' lang='lat' dir='ltr'><strong>bus</strong></span> <span class='ocrx_word' id='word_1_147' title='bbox 2188 705 2442 775; x_wconf 77' lang='lat' dir='ltr'><strong>adjuvare</strong></span> <span class='ocrx_word' id='word_1_148' title='bbox 2490 716 2804 772; x_wconf 88' lang='lat' dir='ltr'><strong>noscuntur,</strong></span> <span class='ocrx_word' id='word_1_149' title='bbox 2858 707 3137 763; x_wconf 84' lang='lat' dir='ltr'><strong>veneratio</strong></span> <span class='ocrx_word' id='word_1_150' title='bbox 3164 708 3468 764; x_wconf 80' lang='lat' dir='ltr'><strong>exhibenda</strong></span> <span class='ocrx_word' id='word_1_151' title='bbox 3503 719 3588 764; x_wconf 87' lang='lat' dir='ltr'><strong>est</strong></span> <span class='ocrx_word' id='word_1_152' title='bbox 3611 727 3630 766; x_wconf 89' lang='lat'><strong>:</strong></span> 
     </span>
    </p>
   </div>
   <div class='ocr_carea' id='block_1_22' title="bbox 2054 794 3631 867">
    <p class='ocr_par' dir='ltr' id='par_1_22' title="bbox 2054 794 3631 867">
     <span class='ocr_line' id='line_1_22' title="bbox 2054 794 3631 867; baseline 0.004 -18"><span class='ocrx_word' id='word_1_153' title='bbox 2054 794 2316 867; x_wconf 74' lang='lat' dir='ltr'><strong>imagines</strong></span> <span class='ocrx_word' id='word_1_154' title='bbox 2330 812 2458 853; x_wconf 89' lang='lat' dir='ltr'><strong>vero</strong></span> <span class='ocrx_word' id='word_1_155' title='bbox 2484 799 2629 854; x_wconf 87' lang='lat' dir='ltr'><strong>omni</strong></span> <span class='ocrx_word' id='word_1_156' title='bbox 2655 799 2737 853; x_wconf 87' lang='lat' dir='ltr'><strong>sui</strong></span> <span class='ocrx_word' id='word_1_157' title='bbox 2763 797 2974 852; x_wconf 88' lang='lat' dir='ltr'><strong>cultura</strong></span> <span class='ocrx_word' id='word_1_158' title='bbox 2995 805 3049 852; x_wconf 91' lang='lat' dir='ltr'><strong>et</strong></span> <span class='ocrx_word' id='word_1_159' title='bbox 3064 797 3378 853; x_wconf 89' lang='lat' dir='ltr'><strong>adoratione</strong></span> <span class='ocrx_word' id='word_1_160' title='bbox 3396 800 3631 867; x_wconf 84' lang='lat' dir='ltr'><strong>seclusa,</strong></span> 
     </span>
    </p>
   </div>
   <div class='ocr_carea' id='block_1_23' title="bbox 2038 888 3635 960">
    <p class='ocr_par' dir='ltr' id='par_1_23' title="bbox 2038 888 3635 960">
     <span class='ocr_line' id='line_1_23' title="bbox 2038 888 3635 960; baseline 0.003 -20"><span class='ocrx_word' id='word_1_161' title='bbox 2038 894 2231 942; x_wconf 11' lang='lat' dir='ltr'><strong>rutrum</strong></span> <span class='ocrx_word' id='word_1_162' title='bbox 2267 888 2320 942; x_wconf 90' lang='lat' dir='ltr'><strong>in</strong></span> <span class='ocrx_word' id='word_1_163' title='bbox 2347 888 2585 943; x_wconf 86' lang='lat' dir='ltr'><strong>basilicis</strong></span> <span class='ocrx_word' id='word_1_164' title='bbox 2631 896 2853 959; x_wconf 85' lang='lat' dir='ltr'><strong>propter</strong></span> <span class='ocrx_word' id='word_1_165' title='bbox 2880 890 3195 943; x_wconf 87' lang='lat' dir='ltr'><strong>memoriam</strong></span> <span class='ocrx_word' id='word_1_166' title='bbox 3245 905 3427 944; x_wconf 85' lang='lat' dir='ltr'><strong>rerum</strong></span> <span class='ocrx_word' id='word_1_167' title='bbox 3457 896 3635 960; x_wconf 81' lang='lat' dir='ltr'><strong>gesta-</strong></span> 
     </span>
    </p>
   </div>
   <div class='ocr_carea' id='block_1_24' title="bbox 2050 979 3633 1042">
    <p class='ocr_par' dir='ltr' id='par_1_24' title="bbox 2050 979 3633 1042">
     <span class='ocr_line' id='line_1_24' title="bbox 2050 979 3633 1042; baseline 0.002 -11"><span class='ocrx_word' id='word_1_168' title='bbox 2050 992 2169 1031; x_wconf 90' lang='lat' dir='ltr'><strong>rum</strong></span> <span class='ocrx_word' id='word_1_169' title='bbox 2194 987 2252 1033; x_wconf 88' lang='lat' dir='ltr'><strong>et</strong></span> <span class='ocrx_word' id='word_1_170' title='bbox 2277 986 2652 1033; x_wconf 69' lang='lat' dir='ltr'><strong>ornamentum</strong></span> <span class='ocrx_word' id='word_1_171' title='bbox 2704 979 2834 1042; x_wconf 89' lang='lat' dir='ltr'><strong>sint,</strong></span> <span class='ocrx_word' id='word_1_172' title='bbox 2879 993 2948 1033; x_wconf 88' lang='lat' dir='ltr'><strong>an</strong></span> <span class='ocrx_word' id='word_1_173' title='bbox 2978 979 3143 1033; x_wconf 87' lang='lat' dir='ltr'><strong>etiam</strong></span> <span class='ocrx_word' id='word_1_174' title='bbox 3194 994 3303 1034; x_wconf 89' lang='lat' dir='ltr'><strong>non</strong></span> <span class='ocrx_word' id='word_1_175' title='bbox 3349 980 3478 1042; x_wconf 86' lang='lat' dir='ltr'><strong>sint,</strong></span> <span class='ocrx_word' id='word_1_176' title='bbox 3512 980 3633 1035; x_wconf 79' lang='lat' dir='ltr'><strong>nul-</strong></span> 
     </span>
    </p>
   </div>
   <div class='ocr_carea' id='block_1_25' title="bbox 2049 1065 3628 1138">
    <p class='ocr_par' dir='ltr' id='par_1_25' title="bbox 2049 1065 3628 1138">
     <span class='ocr_line' id='line_1_25' title="bbox 2049 1065 3628 1138; baseline 0.001 -17"><span class='ocrx_word' id='word_1_177' title='bbox 2049 1066 2161 1122; x_wconf 90' lang='lat' dir='ltr'><strong>lum</strong></span> <span class='ocrx_word' id='word_1_178' title='bbox 2192 1067 2317 1123; x_wconf 88' lang='lat' dir='ltr'><strong>ﬁdei</strong></span> <span class='ocrx_word' id='word_1_179' title='bbox 2357 1068 2635 1123; x_wconf 71' lang='lat' dir='ltr'><strong>catholicas</strong></span> <span class='ocrx_word' id='word_1_180' title='bbox 2686 1065 2881 1123; x_wconf 70' lang='lat' dir='ltr'><strong>aﬂ‘erre</strong></span> <span class='ocrx_word' id='word_1_181' title='bbox 2930 1075 3186 1136; x_wconf 87' lang='lat' dir='ltr'><strong>poterunt</strong></span> <span class='ocrx_word' id='word_1_182' title='bbox 3235 1068 3628 1138; x_wconf 64' lang='lat' dir='ltr'><strong>prmjudicium,</strong></span> 
     </span>
    </p>
   </div>
   <div class='ocr_carea' id='block_1_26' title="bbox 2050 1156 3631 1229">
    <p class='ocr_par' dir='ltr' id='par_1_26' title="bbox 2050 1156 3631 1229">
     <span class='ocr_line' id='line_1_26' title="bbox 2050 1156 3631 1229; baseline -0.001 -15"><span class='ocrx_word' id='word_1_183' title='bbox 2050 1159 2251 1229; x_wconf 82' lang='lat' dir='ltr'><strong>quippe</strong></span> <span class='ocrx_word' id='word_1_184' title='bbox 2300 1175 2426 1214; x_wconf 86' lang='lat' dir='ltr'><strong>cum</strong></span> <span class='ocrx_word' id='word_1_185' title='bbox 2453 1159 2523 1213; x_wconf 89' lang='lat' dir='ltr'><strong>ad</strong></span> <span class='ocrx_word' id='word_1_186' title='bbox 2575 1159 2880 1229; x_wconf 79' lang='lat' dir='ltr'><strong>peragenda</strong></span> <span class='ocrx_word' id='word_1_187' title='bbox 2914 1166 3115 1215; x_wconf 60' lang='lat' dir='ltr'><strong>nostra;</strong></span> <span class='ocrx_word' id='word_1_188' title='bbox 3146 1156 3337 1215; x_wconf 69' lang='lat' dir='ltr'><strong>adiutis</strong></span> <span class='ocrx_word' id='word_1_189' title='bbox 3373 1158 3631 1228; x_wconf 80' lang='lat' dir='ltr'><strong>mysteria</strong></span> 
     </span>
    </p>
   </div>
   <div class='ocr_carea' id='block_1_27' title="bbox 2047 1246 3311 1318">
    <p class='ocr_par' dir='ltr' id='par_1_27' title="bbox 2047 1246 3311 1318">
     <span class='ocr_line' id='line_1_27' title="bbox 2047 1246 3311 1318; baseline -0.001 -16"><span class='ocrx_word' id='word_1_190' title='bbox 2047 1248 2257 1302; x_wconf 89' lang='lat' dir='ltr'><strong>nullum</strong></span> <span class='ocrx_word' id='word_1_191' title='bbox 2277 1249 2494 1318; x_wconf 87' lang='lat' dir='ltr'><strong>penitus</strong></span> <span class='ocrx_word' id='word_1_192' title='bbox 2513 1246 2747 1304; x_wconf 87' lang='lat' dir='ltr'><strong>oﬁicium</strong></span> <span class='ocrx_word' id='word_1_193' title='bbox 2772 1248 2971 1303; x_wconf 89' lang='lat' dir='ltr'><strong>habere</strong></span> <span class='ocrx_word' id='word_1_194' title='bbox 2998 1255 3311 1305; x_wconf 85' lang='lat' dir='ltr'><strong>noscantur.</strong></span> 
     </span>
    </p>
   </div>
   <div class='ocr_carea' id='block_1_28' title="bbox 2613 1336 3043 1394">
    <p class='ocr_par' dir='ltr' id='par_1_28' title="bbox 2613 1336 3043 1394">
     <span class='ocr_line' id='line_1_28' title="bbox 2613 1336 3043 1394; baseline -0.009 0"><span class='ocrx_word' id='word_1_195' title='bbox 2613 1337 2841 1394; x_wconf 81' lang='lat' dir='ltr'><strong>CAPUT</strong></span> <span class='ocrx_word' id='word_1_196' title='bbox 2879 1336 3043 1392; x_wconf 76' lang='lat' dir='ltr'><strong>XXli.</strong></span> 
     </span>
    </p>
   </div>
   <div class='ocr_carea' id='block_1_29' title="bbox 2051 1427 3630 1497">
    <p class='ocr_par' dir='ltr' id='par_1_29' title="bbox 2051 1427 3630 1497">
     <span class='ocr_line' id='line_1_29' title="bbox 2051 1427 3630 1497; baseline -0.001 -15"><span class='ocrx_word' id='word_1_197' title='bbox 2051 1427 2204 1497; x_wconf 83' lang='lat' dir='ltr'><strong>Quod</strong></span> <span class='ocrx_word' id='word_1_198' title='bbox 2249 1444 2353 1482; x_wconf 90' lang='lat' dir='ltr'><strong>non</strong></span> <span class='ocrx_word' id='word_1_199' title='bbox 2408 1427 2597 1482; x_wconf 83' lang='lat' dir='ltr'><strong>bonam</strong></span> <span class='ocrx_word' id='word_1_200' title='bbox 2645 1427 2867 1481; x_wconf 77' lang='lat' dir='ltr'><strong>habeant</strong></span> <span class='ocrx_word' id='word_1_201' title='bbox 2925 1427 3232 1497; x_wconf 72' lang='lat' dir='ltr'><strong>memoriam</strong></span> <span class='ocrx_word' id='word_1_202' title='bbox 3262 1427 3368 1497; x_wconf 13' lang='lat' dir='ltr'><strong>rqui</strong></span> <span class='ocrx_word' id='word_1_203' title='bbox 3407 1436 3469 1497; x_wconf 70' lang='lat' dir='ltr'><strong>ut</strong></span> <span class='ocrx_word' id='word_1_204' title='bbox 3526 1443 3630 1497; x_wconf 82' lang='lat' dir='ltr'><strong>non</strong></span> 
     </span>
    </p>
   </div>
   <div class='ocr_carea' id='block_1_30' title="bbox 2120 1495 3627 1565">
    <p class='ocr_par' dir='ltr' id='par_1_30' title="bbox 2120 1495 3627 1565">
     <span class='ocr_line' id='line_1_30' title="bbox 2120 1495 3627 1565; baseline -0.002 -14"><span class='ocrx_word' id='word_1_205' title='bbox 2120 1497 2492 1551; x_wconf 78' lang='lat' dir='ltr'><strong>obliviscantur</strong></span> <span class='ocrx_word' id='word_1_206' title='bbox 2553 1506 2853 1551; x_wconf 83' lang='lat' dir='ltr'><strong>sanctorum</strong></span> <span class='ocrx_word' id='word_1_207' title='bbox 2878 1495 2954 1550; x_wconf 78' lang='lat' dir='ltr'><strong>vel</strong></span> <span class='ocrx_word' id='word_1_208' title='bbox 3011 1503 3148 1550; x_wconf 87' lang='lat' dir='ltr'><strong>certe</strong></span> <span class='ocrx_word' id='word_1_209' title='bbox 3172 1495 3334 1565; x_wconf 78' lang='lat' dir='ltr'><strong>ipsius</strong></span> <span class='ocrx_word' id='word_1_210' title='bbox 3392 1495 3627 1561; x_wconf 86' lang='lat' dir='ltr'><strong>Domini,</strong></span> 
     </span>
    </p>
   </div>
   <div class='ocr_carea' id='block_1_31' title="bbox 2118 1566 2850 1636">
    <p class='ocr_par' dir='ltr' id='par_1_31' title="bbox 2118 1566 2850 1636">
     <span class='ocr_line' id='line_1_31' title="bbox 2118 1566 2850 1636; baseline -0.004 -16"><span class='ocrx_word' id='word_1_211' title='bbox 2118 1567 2314 1620; x_wconf 84' lang='lat' dir='ltr'><strong>idcirco</strong></span> <span class='ocrx_word' id='word_1_212' title='bbox 2344 1566 2596 1636; x_wconf 80' lang='lat' dir='ltr'><strong>imagines</strong></span> <span class='ocrx_word' id='word_1_213' title='bbox 2625 1566 2850 1635; x_wconf 87' lang='lat' dir='ltr'><strong>erigunt.</strong></span> 
     </span>
    </p>
   </div>
   <div class='ocr_carea' id='block_1_32' title="bbox 2118 1653 3629 1724">
    <p class='ocr_par' dir='ltr' id='par_1_32' title="bbox 2118 1653 3629 1724">
     <span class='ocr_line' id='line_1_32' title="bbox 2118 1653 3629 1724; baseline -0.001 -13"><span class='ocrx_word' id='word_1_214' title='bbox 2118 1656 2254 1711; x_wconf 75' lang='lat' dir='ltr'><strong>Mihi</strong></span> <span class='ocrx_word' id='word_1_215' title='bbox 2301 1666 2494 1722; x_wconf 85' lang='lat' dir='ltr'><strong>autem,</strong></span> <span class='ocrx_word' id='word_1_216' title='bbox 2541 1656 2618 1710; x_wconf 85' lang='lat' dir='ltr'><strong>ait</strong></span> <span class='ocrx_word' id='word_1_217' title='bbox 2660 1655 2946 1724; x_wconf 88' lang='lat' dir='ltr'><strong>Propheta,</strong></span> <span class='ocrx_word' id='word_1_218' title='bbox 2987 1653 3254 1708; x_wconf 78' lang='lat' dir='ltr'><strong>adluerere</strong></span> <span class='ocrx_word' id='word_1_219' title='bbox 3301 1653 3411 1709; x_wconf 88' lang='lat' dir='ltr'><strong>Deo</strong></span> <span class='ocrx_word' id='word_1_220' title='bbox 3439 1653 3629 1709; x_wconf 86' lang='lat' dir='ltr'><strong>bonum</strong></span> 
     </span>
    </p>
   </div>
   <div class='ocr_carea' id='block_1_33' title="bbox 374 1742 3626 1853">
    <p class='ocr_par' dir='ltr' id='par_1_33' title="bbox 374 1742 3626 1853">
     <span class='ocr_line' id='line_1_33' title="bbox 374 1742 3626 1853; baseline -0.001 -15"><span class='ocrx_word' id='word_1_221' title='bbox 374 1742 1949 1853; x_wconf 53' lang='grc' dir='ltr'><strong>ξίιξεὲέεζιὶείίιῖιε’ῐι;;ξῑέέίόῑῐωἐξιῗίιῑξηζνέῐξξέέηξιῖεεξιίι</strong></span> <span class='ocrx_word' id='word_1_222' title='bbox 1981 1776 2025 1837; x_wconf 80' lang='lat' dir='ltr'><strong>a</strong></span> <span class='ocrx_word' id='word_1_223' title='bbox 2050 1755 2127 1853; x_wconf 59' lang='lat' dir='ltr'><strong>53f</strong></span> <span class='ocrx_word' id='word_1_224' title='bbox 2164 1743 2999 1853; x_wconf 52' lang='grc' dir='ltr'><strong>(ξἐαιοξξξιιιὶ,ξ,,ιιέξίξξιεπιεξξ</strong></span> <span class='ocrx_word' id='word_1_225' title='bbox 3017 1742 3626 1853; x_wconf 49' lang='lat' dir='ltr'><strong>vitits§»,i_u{[=:jftr&#39;il;</strong></span> 
     </span>
    </p>
   </div>
   <div class='ocr_carea' id='block_1_34' title="bbox 375 1871 1952 1944">
    <p class='ocr_par' dir='ltr' id='par_1_34' title="bbox 375 1871 1952 1944">
     <span class='ocr_line' id='line_1_34' title="bbox 375 1871 1952 1944; baseline 0.003 -17"><span class='ocrx_word' id='word_1_226' title='bbox 375 1872 430 1928; x_wconf 90' lang='lat' dir='ltr'><strong>in</strong></span> <span class='ocrx_word' id='word_1_227' title='bbox 463 1872 805 1943; x_wconf 76' lang='lat' dir='ltr'><strong>imaginibus,</strong></span> <span class='ocrx_word' id='word_1_228' title='bbox 832 1888 1019 1928; x_wconf 88' lang='lat' dir='ltr'><strong>earum</strong></span> <span class='ocrx_word' id='word_1_229' title='bbox 1068 1888 1250 1928; x_wconf 91' lang='lat' dir='ltr'><strong>rerum</strong></span> <span class='ocrx_word' id='word_1_230' title='bbox 1287 1871 1440 1942; x_wconf 84' lang='lat' dir='ltr'><strong>cujus</strong></span> <span class='ocrx_word' id='word_1_231' title='bbox 1465 1882 1591 1929; x_wconf 88' lang='lat' dir='ltr'><strong>sunt</strong></span> <span class='ocrx_word' id='word_1_232' title='bbox 1641 1874 1952 1944; x_wconf 88' lang='lat' dir='ltr'><strong>imaginatio</strong></span> 
     </span>
    </p>
   </div>
   <div class='ocr_carea' id='block_1_35' title="bbox 375 1963 1953 2035">
    <p class='ocr_par' dir='ltr' id='par_1_35' title="bbox 375 1963 1953 2035">
     <span class='ocr_line' id='line_1_35' title="bbox 375 1963 1953 2035; baseline 0.003 -16"><span class='ocrx_word' id='word_1_233' title='bbox 375 1964 771 2035; x_wconf 85' lang='lat' dir='ltr'><strong>quodammodo</strong></span> <span class='ocrx_word' id='word_1_234' title='bbox 821 1974 1185 2020; x_wconf 88' lang='lat' dir='ltr'><strong>monstratur:</strong></span> <span class='ocrx_word' id='word_1_235' title='bbox 1222 1966 1327 2022; x_wconf 89' lang='lat' dir='ltr'><strong>hoc</strong></span> <span class='ocrx_word' id='word_1_236' title='bbox 1376 1965 1594 2034; x_wconf 89' lang='lat' dir='ltr'><strong>quidem</strong></span> <span class='ocrx_word' id='word_1_237' title='bbox 1630 1963 1787 2034; x_wconf 81' lang='lat' dir='ltr'><strong>juxta</strong></span> <span class='ocrx_word' id='word_1_238' title='bbox 1817 1983 1953 2023; x_wconf 86' lang='lat' dir='ltr'><strong>con-</strong></span> 
     </span>
    </p>
   </div>
   <div class='ocr_carea' id='block_1_36' title="bbox 373 2055 1954 2128">
    <p class='ocr_par' dir='ltr' id='par_1_36' title="bbox 373 2055 1954 2128">
     <span class='ocr_line' id='line_1_36' title="bbox 373 2055 1954 2128; baseline 0.001 -16"><span class='ocrx_word' id='word_1_239' title='bbox 373 2055 593 2122; x_wconf 76' lang='lat' dir='ltr'><strong>iecturae</strong></span> <span class='ocrx_word' id='word_1_240' title='bbox 619 2057 1050 2128; x_wconf 71' lang='lat' dir='ltr'><strong>ambiguitatem,</strong></span> <span class='ocrx_word' id='word_1_241' title='bbox 1096 2064 1354 2114; x_wconf 71' lang='lat' dir='ltr'><strong>ctcterum</strong></span> <span class='ocrx_word' id='word_1_242' title='bbox 1389 2057 1626 2113; x_wconf 78' lang='lat' dir='ltr'><strong>exclusis</strong></span> <span class='ocrx_word' id='word_1_243' title='bbox 1662 2058 1954 2114; x_wconf 84' lang='lat' dir='ltr'><strong>dubietatis</strong></span> 
     </span>
    </p>
   </div>
   <div class='ocr_carea' id='block_1_37' title="bbox 373 2147 1955 2219">
    <p class='ocr_par' dir='ltr' id='par_1_37' title="bbox 373 2147 1955 2219">
     <span class='ocr_line' id='line_1_37' title="bbox 373 2147 1955 2219; baseline 0.004 -20"><span class='ocrx_word' id='word_1_244' title='bbox 373 2148 709 2218; x_wconf 85' lang='lat' dir='ltr'><strong>ambagibus,</strong></span> <span class='ocrx_word' id='word_1_245' title='bbox 740 2147 939 2201; x_wconf 86' lang='lat' dir='ltr'><strong>nullam</strong></span> <span class='ocrx_word' id='word_1_246' title='bbox 961 2148 1049 2203; x_wconf 90' lang='lat' dir='ltr'><strong>hic</strong></span> <span class='ocrx_word' id='word_1_247' title='bbox 1085 2148 1379 2219; x_wconf 85' lang='lat' dir='ltr'><strong>imaginum</strong></span> <span class='ocrx_word' id='word_1_248' title='bbox 1408 2147 1780 2203; x_wconf 87' lang='lat' dir='ltr'><strong>adorationem</strong></span> <span class='ocrx_word' id='word_1_249' title='bbox 1812 2148 1955 2205; x_wconf 82' lang='lat' dir='ltr'><strong>desi-</strong></span> 
     </span>
    </p>
   </div>
   <div class='ocr_carea' id='block_1_38' title="bbox 373 2236 1026 2308">
    <p class='ocr_par' dir='ltr' id='par_1_38' title="bbox 373 2236 1026 2308">
     <span class='ocr_line' id='line_1_38' title="bbox 373 2236 1026 2308; baseline 0 -18"><span class='ocrx_word' id='word_1_250' title='bbox 373 2237 528 2308; x_wconf 86' lang='lat' dir='ltr'><strong>gnari</strong></span> <span class='ocrx_word' id='word_1_251' title='bbox 551 2236 896 2293; x_wconf 77' lang='lat' dir='ltr'><strong>manifestum</strong></span> <span class='ocrx_word' id='word_1_252' title='bbox 923 2245 1026 2292; x_wconf 77' lang='lat' dir='ltr'><strong>est.</strong></span> 
     </span>
    </p>
   </div>
   <div class='ocr_carea' id='block_1_39' title="bbox 941 2326 1349 2382">
    <p class='ocr_par' dir='ltr' id='par_1_39' title="bbox 941 2326 1349 2382">
     <span class='ocr_line' id='line_1_39' title="bbox 941 2326 1349 2382; baseline -0.005 0"><span class='ocrx_word' id='word_1_253' title='bbox 941 2326 1169 2382; x_wconf 83' lang='lat' dir='ltr'><strong>CAPUT</strong></span> <span class='ocrx_word' id='word_1_254' title='bbox 1206 2326 1349 2381; x_wconf 78' lang='lat' dir='ltr'><strong>XXI.</strong></span> 
     </span>
    </p>
   </div>
   <div class='ocr_carea' id='block_1_40' title="bbox 374 2413 1949 2486">
    <p class='ocr_par' dir='ltr' id='par_1_40' title="bbox 374 2413 1949 2486">
     <span class='ocr_line' id='line_1_40' title="bbox 374 2413 1949 2486; baseline 0.001 -17"><span class='ocrx_word' id='word_1_255' title='bbox 374 2413 658 2486; x_wconf 76' lang='lat' dir='ltr'><strong>Quodnon</strong></span> <span class='ocrx_word' id='word_1_256' title='bbox 689 2416 755 2470; x_wconf 88' lang='lat' dir='ltr'><strong>sit</strong></span> <span class='ocrx_word' id='word_1_257' title='bbox 790 2426 972 2486; x_wconf 69' lang='lat' dir='ltr'><strong>contra</strong></span> <span class='ocrx_word' id='word_1_258' title='bbox 1028 2414 1332 2486; x_wconf 83' lang='lat' dir='ltr'><strong>religionem</strong></span> <span class='ocrx_word' id='word_1_259' title='bbox 1377 2415 1750 2486; x_wconf 81' lang='lat' dir='ltr'><strong>Christianam,</strong></span> <span class='ocrx_word' id='word_1_260' title='bbox 1789 2425 1843 2470; x_wconf 88' lang='lat' dir='ltr'><strong>ut</strong></span> <span class='ocrx_word' id='word_1_261' title='bbox 1869 2415 1949 2470; x_wconf 82' lang='lat' dir='ltr'><strong>illi</strong></span> 
     </span>
    </p>
   </div>
   <div class='ocr_carea' id='block_1_41' title="bbox 510 2484 1781 2555">
    <p class='ocr_par' dir='ltr' id='par_1_41' title="bbox 510 2484 1781 2555">
     <span class='ocr_line' id='line_1_41' title="bbox 510 2484 1781 2555; baseline 0.001 -17"><span class='ocrx_word' id='word_1_262' title='bbox 510 2484 709 2551; x_wconf 73' lang='lat' dir='ltr'><strong>dicunt,</strong></span> <span class='ocrx_word' id='word_1_263' title='bbox 737 2484 1037 2540; x_wconf 81' lang='lat' dir='ltr'><strong>non-colere</strong></span> <span class='ocrx_word' id='word_1_264' title='bbox 1059 2495 1106 2539; x_wconf 87' lang='lat' dir='ltr'><strong>et</strong></span> <span class='ocrx_word' id='word_1_265' title='bbox 1126 2484 1235 2538; x_wconf 74' lang='lat' dir='ltr'><strong>non</strong></span> <span class='ocrx_word' id='word_1_266' title='bbox 1266 2485 1489 2539; x_wconf 85' lang='lat' dir='ltr'><strong>adorare</strong></span> <span class='ocrx_word' id='word_1_267' title='bbox 1511 2485 1781 2555; x_wconf 80' lang='lat' dir='ltr'><strong>imagines.</strong></span> 
     </span>
    </p>
   </div>
   <div class='ocr_carea' id='block_1_42' title="bbox 444 2573 1946 2645">
    <p class='ocr_par' dir='ltr' id='par_1_42' title="bbox 444 2573 1946 2645">
     <span class='ocr_line' id='line_1_42' title="bbox 444 2573 1946 2645; baseline 0.001 -18"><span class='ocrx_word' id='word_1_268' title='bbox 444 2573 630 2644; x_wconf 75' lang='lat' dir='ltr'><strong>Magna</strong></span> <span class='ocrx_word' id='word_1_269' title='bbox 659 2575 875 2645; x_wconf 82' lang='lat' dir='ltr'><strong>quidem</strong></span> <span class='ocrx_word' id='word_1_270' title='bbox 906 2583 1032 2630; x_wconf 84' lang='lat' dir='ltr'><strong>sunt</strong></span> <span class='ocrx_word' id='word_1_271' title='bbox 1054 2574 1375 2630; x_wconf 69' lang='lat' dir='ltr'><strong>Christiana:</strong></span> <span class='ocrx_word' id='word_1_272' title='bbox 1421 2574 1698 2645; x_wconf 81' lang='lat' dir='ltr'><strong>religionis</strong></span> <span class='ocrx_word' id='word_1_273' title='bbox 1741 2575 1946 2631; x_wconf 88' lang='lat' dir='ltr'><strong>instru-</strong></span> 
     </span>
    </p>
   </div>
   <div class='ocr_carea' id='block_1_43' title="bbox 370 2666 1947 2737">
    <p class='ocr_par' dir='ltr' id='par_1_43' title="bbox 370 2666 1947 2737">
     <span class='ocr_line' id='line_1_43' title="bbox 370 2666 1947 2737; baseline 0.003 -18"><span class='ocrx_word' id='word_1_274' title='bbox 370 2677 573 2731; x_wconf 72' lang='lat' dir='ltr'><strong>menta,</strong></span> <span class='ocrx_word' id='word_1_275' title='bbox 628 2681 748 2737; x_wconf 66' lang='lat' dir='ltr'><strong>qua:</strong></span> <span class='ocrx_word' id='word_1_276' title='bbox 797 2680 1105 2737; x_wconf 86' lang='lat' dir='ltr'><strong>quanquam</strong></span> <span class='ocrx_word' id='word_1_277' title='bbox 1134 2668 1139 2673; x_wconf 85' lang='grc'><em>’</em></span> <span class='ocrx_word' id='word_1_278' title='bbox 1169 2682 1237 2721; x_wconf 74' lang='grc' dir='ltr'><strong>ει</strong></span> <span class='ocrx_word' id='word_1_279' title='bbox 1284 2667 1409 2722; x_wconf 88' lang='lat' dir='ltr'><strong>ﬁdei</strong></span> <span class='ocrx_word' id='word_1_280' title='bbox 1476 2666 1749 2721; x_wconf 79' lang='lat' dir='ltr'><strong>soliditate</strong></span> <span class='ocrx_word' id='word_1_281' title='bbox 1797 2674 1852 2721; x_wconf 90' lang='lat' dir='ltr'><strong>et</strong></span> <span class='ocrx_word' id='word_1_282' title='bbox 1879 2683 1947 2723; x_wconf 79' lang='lat' dir='ltr'><strong>ex</strong></span> 
     </span>
    </p>
   </div>
   <div class='ocr_carea' id='block_1_44' title="bbox 371 2757 1946 2832">
    <p class='ocr_par' dir='ltr' id='par_1_44' title="bbox 371 2757 1946 2832">
     <span class='ocr_line' id='line_1_44' title="bbox 371 2757 1946 2832; baseline 0.003 -20"><span class='ocrx_word' id='word_1_283' title='bbox 371 2757 659 2813; x_wconf 83' lang='lat' dir='ltr'><strong>dilectione</strong></span> <span class='ocrx_word' id='word_1_284' title='bbox 720 2759 814 2815; x_wconf 89' lang='lat' dir='ltr'><strong>Dei</strong></span> <span class='ocrx_word' id='word_1_285' title='bbox 877 2768 932 2814; x_wconf 87' lang='lat' dir='ltr'><strong>et</strong></span> <span class='ocrx_word' id='word_1_286' title='bbox 971 2759 1205 2828; x_wconf 80' lang='lat' dir='ltr'><strong>proximi</strong></span> <span class='ocrx_word' id='word_1_287' title='bbox 1279 2759 1568 2830; x_wconf 87' lang='lat' dir='ltr'><strong>pendeant,</strong></span> <span class='ocrx_word' id='word_1_288' title='bbox 1634 2759 1946 2832; x_wconf 84' lang='lat' dir='ltr'><strong>singillatim</strong></span> 
     </span>
    </p>
   </div>
   <div class='ocr_carea' id='block_1_45' title="bbox 370 2849 1949 2922">
    <p class='ocr_par' dir='ltr' id='par_1_45' title="bbox 370 2849 1949 2922">
     <span class='ocr_line' id='line_1_45' title="bbox 370 2849 1949 2922; baseline -0.001 -17"><span class='ocrx_word' id='word_1_289' title='bbox 370 2864 690 2905; x_wconf 86' lang='lat' dir='ltr'><strong>enumerare</strong></span> <span class='ocrx_word' id='word_1_290' title='bbox 717 2849 1087 2922; x_wconf 78' lang='lat' dir='ltr'><strong>longissimum</strong></span> <span class='ocrx_word' id='word_1_291' title='bbox 1134 2859 1247 2906; x_wconf 88' lang='lat' dir='ltr'><strong>est:</strong></span> <span class='ocrx_word' id='word_1_292' title='bbox 1286 2851 1430 2905; x_wconf 87' lang='lat' dir='ltr'><strong>inter</strong></span> <span class='ocrx_word' id='word_1_293' title='bbox 1455 2866 1576 2920; x_wconf 64' lang='lat' dir='ltr'><strong>quae</strong></span> <span class='ocrx_word' id='word_1_294' title='bbox 1606 2850 1809 2905; x_wconf 89' lang='lat' dir='ltr'><strong>nullum</strong></span> <span class='ocrx_word' id='word_1_295' title='bbox 1852 2865 1949 2921; x_wconf 88' lang='lat' dir='ltr'><strong>pe-</strong></span> 
     </span>
    </p>
   </div>
   <div class='ocr_carea' id='block_1_46' title="bbox 371 2930 1942 3009">
    <p class='ocr_par' dir='ltr' id='par_1_46' title="bbox 371 2930 1942 3009">
     <span class='ocr_line' id='line_1_46' title="bbox 371 2930 1942 3009; baseline 0.001 -17"><span class='ocrx_word' id='word_1_296' title='bbox 371 2938 518 2992; x_wconf 87' lang='lat' dir='ltr'><strong>nitus</strong></span> <span class='ocrx_word' id='word_1_297' title='bbox 554 2938 731 2993; x_wconf 91' lang='lat' dir='ltr'><strong>locum</strong></span> <span class='ocrx_word' id='word_1_298' title='bbox 784 2930 1296 3009; x_wconf 41' lang='lat' dir='ltr'><strong>imaginum&#39;cultus</strong></span> <span class='ocrx_word' id='word_1_299' title='bbox 1332 2946 1387 2993; x_wconf 88' lang='lat' dir='ltr'><strong>et</strong></span> <span class='ocrx_word' id='word_1_300' title='bbox 1443 2939 1688 2995; x_wconf 88' lang='lat' dir='ltr'><strong>adoratio</strong></span> <span class='ocrx_word' id='word_1_301' title='bbox 1739 2946 1942 3004; x_wconf 89' lang='lat' dir='ltr'><strong>tenent,</strong></span> 
     </span>
    </p>
   </div>
   <div class='ocr_carea' id='block_1_47' title="bbox 371 3029 1947 3103">
    <p class='ocr_par' dir='ltr' id='par_1_47' title="bbox 371 3029 1947 3103">
     <span class='ocr_line' id='line_1_47' title="bbox 371 3029 1947 3103; baseline 0.002 -17"><span class='ocrx_word' id='word_1_302' title='bbox 371 3029 623 3100; x_wconf 86' lang='lat' dir='ltr'><strong>quoniam</strong></span> <span class='ocrx_word' id='word_1_303' title='bbox 657 3031 871 3101; x_wconf 84' lang='lat' dir='ltr'><strong>quidem</strong></span> <span class='ocrx_word' id='word_1_304' title='bbox 928 3032 1075 3089; x_wconf 91' lang='lat' dir='ltr'><strong>nullo</strong></span> <span class='ocrx_word' id='word_1_305' title='bbox 1103 3032 1439 3103; x_wconf 84' lang='lat' dir='ltr'><strong>antiquitatis</strong></span> <span class='ocrx_word' id='word_1_306' title='bbox 1486 3033 1840 3089; x_wconf 88' lang='lat' dir='ltr'><strong>instituuntur</strong></span> <span class='ocrx_word' id='word_1_307' title='bbox 1856 3033 1947 3089; x_wconf 90' lang='lat' dir='ltr'><strong>do-</strong></span> 
     </span>
    </p>
   </div>
   <div class='ocr_carea' id='block_1_48' title="bbox 2050 1831 3628 1905">
    <p class='ocr_par' dir='ltr' id='par_1_48' title="bbox 2050 1831 3628 1905">
     <span class='ocr_line' id='line_1_48' title="bbox 2050 1831 3628 1905; baseline 0 -16"><span class='ocrx_word' id='word_1_308' title='bbox 2050 1834 2310 1889; x_wconf 87' lang='lat' dir='ltr'><strong>Dominus</strong></span> <span class='ocrx_word' id='word_1_309' title='bbox 2334 1834 2474 1888; x_wconf 83' lang='lat' dir='ltr'><strong>Deus</strong></span> <span class='ocrx_word' id='word_1_310' title='bbox 2501 1835 2714 1905; x_wconf 85' lang='lat' dir='ltr'><strong>spiritus</strong></span> <span class='ocrx_word' id='word_1_311' title='bbox 2737 1842 2812 1887; x_wconf 88' lang='lat' dir='ltr'><strong>est</strong></span> <span class='ocrx_word' id='word_1_312' title='bbox 2840 1833 3023 1903; x_wconf 82' lang='lat' dir='ltr'><strong>(Joan.</strong></span> <span class='ocrx_word' id='word_1_313' title='bbox 3049 1831 3145 1904; x_wconf 83' lang='lat' dir='ltr'><strong>Iv),</strong></span> <span class='ocrx_word' id='word_1_314' title='bbox 3186 1842 3241 1888; x_wconf 91' lang='lat' dir='ltr'><strong>et</strong></span> <span class='ocrx_word' id='word_1_315' title='bbox 3266 1833 3322 1887; x_wconf 90' lang='lat' dir='ltr'><strong>in</strong></span> <span class='ocrx_word' id='word_1_316' title='bbox 3357 1834 3548 1903; x_wconf 88' lang='lat' dir='ltr'><strong>spiritu</strong></span> <span class='ocrx_word' id='word_1_317' title='bbox 3571 1843 3628 1889; x_wconf 90' lang='lat' dir='ltr'><strong>et</strong></span> 
     </span>
    </p>
   </div>
   <div class='ocr_carea' id='block_1_49' title="bbox 2048 1923 3632 1992">
    <p class='ocr_par' dir='ltr' id='par_1_49' title="bbox 2048 1923 3632 1992">
     <span class='ocr_line' id='line_1_49' title="bbox 2048 1923 3632 1992; baseline 0 -15"><span class='ocrx_word' id='word_1_318' title='bbox 2048 1925 2278 1979; x_wconf 87' lang='lat' dir='ltr'><strong>veritate</strong></span> <span class='ocrx_word' id='word_1_319' title='bbox 2298 1924 2511 1979; x_wconf 90' lang='lat' dir='ltr'><strong>adorari</strong></span> <span class='ocrx_word' id='word_1_320' title='bbox 2543 1924 2753 1990; x_wconf 87' lang='lat' dir='ltr'><strong>debeat,</strong></span> <span class='ocrx_word' id='word_1_321' title='bbox 2781 1938 2888 1978; x_wconf 88' lang='lat' dir='ltr'><strong>non</strong></span> <span class='ocrx_word' id='word_1_322' title='bbox 2912 1923 2961 1977; x_wconf 90' lang='lat' dir='ltr'><strong>ei</strong></span> <span class='ocrx_word' id='word_1_323' title='bbox 2999 1923 3308 1987; x_wconf 88' lang='lat' dir='ltr'><strong>carnaliter,</strong></span> <span class='ocrx_word' id='word_1_324' title='bbox 3347 1923 3441 1977; x_wconf 89' lang='lat' dir='ltr'><strong>sed</strong></span> <span class='ocrx_word' id='word_1_325' title='bbox 3473 1923 3632 1992; x_wconf 89' lang='lat' dir='ltr'><strong>spiri-</strong></span> 
     </span>
    </p>
   </div>
   <div class='ocr_carea' id='block_1_50' title="bbox 2046 2011 3629 2083">
    <p class='ocr_par' dir='ltr' id='par_1_50' title="bbox 2046 2011 3629 2083">
     <span class='ocr_line' id='line_1_50' title="bbox 2046 2011 3629 2083; baseline 0 -17"><span class='ocrx_word' id='word_1_326' title='bbox 2046 2013 2232 2067; x_wconf 84' lang='lat' dir='ltr'><strong>taliter</strong></span> <span class='ocrx_word' id='word_1_327' title='bbox 2274 2013 2397 2083; x_wconf 88' lang='lat' dir='ltr'><strong>quis</strong></span> <span class='ocrx_word' id='word_1_328' title='bbox 2448 2013 2726 2068; x_wconf 65' lang='lat' dir='ltr'><strong>adhterere</strong></span> <span class='ocrx_word' id='word_1_329' title='bbox 2774 2019 2972 2082; x_wconf 88' lang='lat' dir='ltr'><strong>potest,</strong></span> <span class='ocrx_word' id='word_1_330' title='bbox 3025 2026 3127 2066; x_wconf 91' lang='lat' dir='ltr'><strong>nec</strong></span> <span class='ocrx_word' id='word_1_331' title='bbox 3173 2011 3544 2081; x_wconf 82' lang='lat' dir='ltr'><strong>corporalibus</strong></span> <span class='ocrx_word' id='word_1_332' title='bbox 3578 2012 3629 2066; x_wconf 90' lang='lat' dir='ltr'><strong>ei</strong></span> 
     </span>
    </p>
   </div>
   <div class='ocr_carea' id='block_1_51' title="bbox 2046 2087 3626 2170">
    <p class='ocr_par' dir='ltr' id='par_1_51' title="bbox 2046 2087 3626 2170">
     <span class='ocr_line' id='line_1_51' title="bbox 2046 2087 3626 2170; baseline -0.002 -12"><span class='ocrx_word' id='word_1_333' title='bbox 2046 2101 2416 2158; x_wconf 87' lang='lat' dir='ltr'><strong>sensibussed</strong></span> <span class='ocrx_word' id='word_1_334' title='bbox 2474 2101 2723 2156; x_wconf 89' lang='lat' dir='ltr'><strong>rationali</strong></span> <span class='ocrx_word' id='word_1_335' title='bbox 2786 2101 2979 2156; x_wconf 73' lang='lat' dir='ltr'><strong>anima:</strong></span> <span class='ocrx_word' id='word_1_336' title='bbox 3039 2101 3234 2155; x_wconf 89' lang='lat' dir='ltr'><strong>intuitu</strong></span> <span class='ocrx_word' id='word_1_337' title='bbox 3275 2087 3429 2170; x_wconf 81' lang='lat' dir='ltr'><strong>juugi</strong></span> <span class='ocrx_word' id='word_1_338' title='bbox 3464 2100 3626 2155; x_wconf 82' lang='lat' dir='ltr'><strong>valet.</strong></span> 
     </span>
    </p>
   </div>
   <div class='ocr_carea' id='block_1_52' title="bbox 2046 2190 3629 2262">
    <p class='ocr_par' dir='ltr' id='par_1_52' title="bbox 2046 2190 3629 2262">
     <span class='ocr_line' id='line_1_52' title="bbox 2046 2190 3629 2262; baseline -0.001 -14"><span class='ocrx_word' id='word_1_339' title='bbox 2046 2192 2430 2262; x_wconf 83' lang='lat' dir='ltr'><strong>Quamobrem,</strong></span> <span class='ocrx_word' id='word_1_340' title='bbox 2456 2201 2517 2247; x_wconf 89' lang='lat' dir='ltr'><strong>ut</strong></span> <span class='ocrx_word' id='word_1_341' title='bbox 2542 2193 2619 2247; x_wconf 91' lang='lat' dir='ltr'><strong>ait</strong></span> <span class='ocrx_word' id='word_1_342' title='bbox 2654 2193 3027 2248; x_wconf 87' lang='lat' dir='ltr'><strong>sanctissimus</strong></span> <span class='ocrx_word' id='word_1_343' title='bbox 3044 2191 3396 2261; x_wconf 76' lang='lat' dir='ltr'><strong>Augustinus,</strong></span> <span class='ocrx_word' id='word_1_344' title='bbox 3443 2190 3629 2247; x_wconf 72' lang='grc' dir='ltr'><strong>‹8;.1υο</strong></span> 
     </span>
    </p>
   </div>
   <div class='ocr_carea' id='block_1_53' title="bbox 2046 2280 3627 2353">
    <p class='ocr_par' dir='ltr' id='par_1_53' title="bbox 2046 2280 3627 2353">
     <span class='ocr_line' id='line_1_53' title="bbox 2046 2280 3627 2353; baseline -0.002 -12"><span class='ocrx_word' id='word_1_345' title='bbox 2046 2284 2282 2341; x_wconf 87' lang='lat' dir='ltr'><strong>berrime</strong></span> <span class='ocrx_word' id='word_1_346' title='bbox 2314 2282 2667 2338; x_wconf 85' lang='lat' dir='ltr'><strong>admonemur</strong></span> <span class='ocrx_word' id='word_1_347' title='bbox 2695 2283 2867 2338; x_wconf 86' lang='lat' dir='ltr'><strong>averti</strong></span> <span class='ocrx_word' id='word_1_348' title='bbox 2894 2284 2963 2337; x_wconf 90' lang='lat' dir='ltr'><strong>ab</strong></span> <span class='ocrx_word' id='word_1_349' title='bbox 3012 2280 3351 2337; x_wconf 63' lang='lat' dir='ltr'><strong>hoc&#39;mundo</strong></span> <span class='ocrx_word' id='word_1_350' title='bbox 3381 2282 3470 2353; x_wconf 87' lang='lat' dir='ltr'><strong>qui</strong></span> <span class='ocrx_word' id='word_1_351' title='bbox 3497 2298 3627 2352; x_wconf 90' lang='lat' dir='ltr'><strong>pro-</strong></span> 
     </span>
    </p>
   </div>
   <div class='ocr_carea' id='block_1_54' title="bbox 2037 2371 3622 2444">
    <p class='ocr_par' dir='ltr' id='par_1_54' title="bbox 2037 2371 3622 2444">
     <span class='ocr_line' id='line_1_54' title="bbox 2037 2371 3622 2444; baseline -0.002 -14"><span class='ocrx_word' id='word_1_352' title='bbox 2037 2372 2189 2430; x_wconf 72' lang='lat' dir='ltr'><strong>fecto</strong></span> <span class='ocrx_word' id='word_1_353' title='bbox 2216 2386 2504 2444; x_wconf 89' lang='lat' dir='ltr'><strong>corporeus</strong></span> <span class='ocrx_word' id='word_1_354' title='bbox 2526 2381 2609 2427; x_wconf 88' lang='lat' dir='ltr'><strong>est</strong></span> <span class='ocrx_word' id='word_1_355' title='bbox 2633 2382 2691 2428; x_wconf 88' lang='lat' dir='ltr'><strong>et</strong></span> <span class='ocrx_word' id='word_1_356' title='bbox 2735 2371 3022 2436; x_wconf 81' lang='lat' dir='ltr'><strong>sensibilis,</strong></span> <span class='ocrx_word' id='word_1_357' title='bbox 3067 2380 3122 2426; x_wconf 90' lang='lat' dir='ltr'><strong>et</strong></span> <span class='ocrx_word' id='word_1_358' title='bbox 3142 2372 3209 2426; x_wconf 90' lang='lat' dir='ltr'><strong>ad</strong></span> <span class='ocrx_word' id='word_1_359' title='bbox 3232 2371 3422 2437; x_wconf 86' lang='lat' dir='ltr'><strong>Deum,</strong></span> <span class='ocrx_word' id='word_1_360' title='bbox 3448 2372 3498 2426; x_wconf 90' lang='lat' dir='ltr'><strong>id</strong></span> <span class='ocrx_word' id='word_1_361' title='bbox 3521 2381 3622 2435; x_wconf 88' lang='lat' dir='ltr'><strong>est,</strong></span> 
     </span>
    </p>
   </div>
   <div class='ocr_carea' id='block_1_55' title="bbox 2042 2462 3618 2535">
    <p class='ocr_par' dir='ltr' id='par_1_55' title="bbox 2042 2462 3618 2535">
     <span class='ocr_line' id='line_1_55' title="bbox 2042 2462 3618 2535; baseline -0.004 -13"><span class='ocrx_word' id='word_1_362' title='bbox 2042 2467 2331 2522; x_wconf 85' lang='lat' dir='ltr'><strong>veritatem</strong></span> <span class='ocrx_word' id='word_1_363' title='bbox 2355 2480 2474 2535; x_wconf 68' lang='lat' dir='ltr'><strong>qua:</strong></span> <span class='ocrx_word' id='word_1_364' title='bbox 2504 2464 2780 2520; x_wconf 75' lang='lat' dir='ltr'><strong>intellectu</strong></span> <span class='ocrx_word' id='word_1_365' title='bbox 2800 2472 2858 2518; x_wconf 92' lang='lat' dir='ltr'><strong>et</strong></span> <span class='ocrx_word' id='word_1_366' title='bbox 2890 2463 3146 2519; x_wconf 85' lang='lat' dir='ltr'><strong>interiore</strong></span> <span class='ocrx_word' id='word_1_367' title='bbox 3178 2469 3357 2518; x_wconf 89' lang='lat' dir='ltr'><strong>mente</strong></span> <span class='ocrx_word' id='word_1_368' title='bbox 3384 2462 3618 2532; x_wconf 85' lang='lat' dir='ltr'><strong>capitur,</strong></span> 
     </span>
    </p>
   </div>
   <div class='ocr_carea' id='block_1_56' title="bbox 2043 2554 3618 2631">
    <p class='ocr_par' dir='ltr' id='par_1_56' title="bbox 2043 2554 3618 2631">
     <span class='ocr_line' id='line_1_56' title="bbox 2043 2554 3618 2631; baseline -0.005 -15"><span class='ocrx_word' id='word_1_369' title='bbox 2043 2575 2166 2631; x_wconf 78' lang='lat' dir='ltr'><strong>quae</strong></span> <span class='ocrx_word' id='word_1_370' title='bbox 2187 2572 2403 2627; x_wconf 84' lang='lat' dir='ltr'><strong>semper</strong></span> <span class='ocrx_word' id='word_1_371' title='bbox 2438 2567 2638 2622; x_wconf 85' lang='lat' dir='ltr'><strong>manet,</strong></span> <span class='ocrx_word' id='word_1_372' title='bbox 2686 2563 2745 2610; x_wconf 91' lang='lat' dir='ltr'><strong>et</strong></span> <span class='ocrx_word' id='word_1_373' title='bbox 2773 2554 3012 2624; x_wconf 78' lang='lat' dir='ltr'><strong>ejusdem</strong></span> <span class='ocrx_word' id='word_1_374' title='bbox 3060 2554 3204 2609; x_wconf 87' lang='lat' dir='ltr'><strong>modi</strong></span> <span class='ocrx_word' id='word_1_375' title='bbox 3246 2563 3329 2609; x_wconf 89' lang='lat' dir='ltr'><strong>est</strong></span> <span class='ocrx_word' id='word_1_376' title='bbox 3356 2569 3476 2624; x_wconf 81' lang='lat' dir='ltr'><strong>qua:</strong></span> <span class='ocrx_word' id='word_1_377' title='bbox 3510 2568 3618 2608; x_wconf 90' lang='lat' dir='ltr'><strong>non</strong></span> 
     </span>
    </p>
   </div>
   <div class='ocr_carea' id='block_1_57' title="bbox 2038 2645 3626 2720">
    <p class='ocr_par' dir='ltr' id='par_1_57' title="bbox 2038 2645 3626 2720">
     <span class='ocr_line' id='line_1_57' title="bbox 2038 2645 3626 2720; baseline -0.005 -14"><span class='ocrx_word' id='word_1_378' title='bbox 2038 2650 2209 2707; x_wconf 82' lang='lat' dir='ltr'><strong>habet</strong></span> <span class='ocrx_word' id='word_1_379' title='bbox 2266 2649 2558 2720; x_wconf 82' lang='lat' dir='ltr'><strong>imaginem</strong></span> <span class='ocrx_word' id='word_1_380' title='bbox 2597 2647 2734 2709; x_wconf 86' lang='lat' dir='ltr'><strong>falsi,</strong></span> <span class='ocrx_word' id='word_1_381' title='bbox 2767 2663 2797 2701; x_wconf 90' lang='lat' dir='ltr'><strong>a</strong></span> <span class='ocrx_word' id='word_1_382' title='bbox 2839 2662 2945 2716; x_wconf 85' lang='lat' dir='ltr'><strong>quo</strong></span> <span class='ocrx_word' id='word_1_383' title='bbox 3005 2645 3236 2700; x_wconf 84' lang='lat' dir='ltr'><strong>discerni</strong></span> <span class='ocrx_word' id='word_1_384' title='bbox 3266 2661 3373 2701; x_wconf 91' lang='lat' dir='ltr'><strong>non</strong></span> <span class='ocrx_word' id='word_1_385' title='bbox 3435 2645 3626 2714; x_wconf 80' lang='lat' dir='ltr'><strong>possit,</strong></span> 
     </span>
    </p>
   </div>
   <div class='ocr_carea' id='block_1_58' title="bbox 2040 2733 3627 2811">
    <p class='ocr_par' dir='ltr' id='par_1_58' title="bbox 2040 2733 3627 2811">
     <span class='ocr_line' id='line_1_58' title="bbox 2040 2733 3627 2811; baseline -0.006 -15"><span class='ocrx_word' id='word_1_386' title='bbox 2040 2747 2158 2796; x_wconf 82' lang='lat' dir='ltr'><strong>tota</strong></span> <span class='ocrx_word' id='word_1_387' title='bbox 2184 2739 2464 2795; x_wconf 83' lang='lat' dir='ltr'><strong>alacritate</strong></span> <span class='ocrx_word' id='word_1_388' title='bbox 2514 2737 2776 2793; x_wconf 90' lang='lat' dir='ltr'><strong>converti.</strong></span> <span class='ocrx_word' id='word_1_389' title='bbox 2824 2754 2844 2787; x_wconf 68' lang='grc' dir='ltr'><strong><em>ι</em></strong></span> <span class='ocrx_word' id='word_1_390' title='bbox 2886 2735 2968 2790; x_wconf 80' lang='lat' dir='ltr'><strong>Ad</strong></span> <span class='ocrx_word' id='word_1_391' title='bbox 3009 2734 3496 2811; x_wconf 76' lang='lat' dir='ltr'><strong>contemplandum</strong></span> <span class='ocrx_word' id='word_1_392' title='bbox 3523 2733 3627 2786; x_wconf 86' lang='lat' dir='ltr'><strong>ita-</strong></span> 
     </span>
    </p>
   </div>
   <div class='ocr_carea' id='block_1_59' title="bbox 2044 2822 3620 2909">
    <p class='ocr_par' dir='ltr' id='par_1_59' title="bbox 2044 2822 3620 2909">
     <span class='ocr_line' id='line_1_59' title="bbox 2044 2822 3620 2909; baseline -0.008 -21"><span class='ocrx_word' id='word_1_393' title='bbox 2044 2847 2150 2903; x_wconf 91' lang='lat' dir='ltr'><strong>que</strong></span> <span class='ocrx_word' id='word_1_394' title='bbox 2182 2830 2479 2893; x_wconf 85' lang='lat' dir='ltr'><strong>Christum,</strong></span> <span class='ocrx_word' id='word_1_395' title='bbox 2516 2829 2609 2899; x_wconf 91' lang='lat' dir='ltr'><strong>qui</strong></span> <span class='ocrx_word' id='word_1_396' title='bbox 2642 2837 2726 2882; x_wconf 91' lang='lat' dir='ltr'><strong>est</strong></span> <span class='ocrx_word' id='word_1_397' title='bbox 2769 2826 2875 2880; x_wconf 85' lang='lat' dir='ltr'><strong>Dei</strong></span> <span class='ocrx_word' id='word_1_398' title='bbox 2915 2825 3088 2879; x_wconf 86' lang='lat' dir='ltr'><strong>virtus</strong></span> <span class='ocrx_word' id='word_1_399' title='bbox 3200 2823 3303 2909; x_wconf 83' lang='lat' dir='ltr'><strong>Dei</strong></span> <span class='ocrx_word' id='word_1_400' title='bbox 3335 2822 3620 2892; x_wconf 89' lang='lat' dir='ltr'><strong>sapientia,</strong></span> 
     </span>
    </p>
   </div>
   <div class='ocr_carea' id='block_1_60' title="bbox 2043 2904 3626 2987">
    <p class='ocr_par' dir='ltr' id='par_1_60' title="bbox 2043 2904 3626 2987">
     <span class='ocr_line' id='line_1_60' title="bbox 2043 2904 3626 2987; baseline -0.008 -7"><span class='ocrx_word' id='word_1_401' title='bbox 2043 2926 2160 2980; x_wconf 85' lang='lat' dir='ltr'><strong>sive</strong></span> <span class='ocrx_word' id='word_1_402' title='bbox 2188 2923 2256 2978; x_wconf 91' lang='lat' dir='ltr'><strong>ad</strong></span> <span class='ocrx_word' id='word_1_403' title='bbox 2280 2921 2563 2977; x_wconf 75' lang='lat' dir='ltr'><strong>intuendus</strong></span> <span class='ocrx_word' id='word_1_404' title='bbox 2584 2919 2812 2974; x_wconf 80' lang='lat' dir='ltr'><strong>virtutes</strong></span> <span class='ocrx_word' id='word_1_405' title='bbox 2833 2932 2955 2987; x_wconf 73' lang='lat' dir='ltr'><strong>qua:</strong></span> <span class='ocrx_word' id='word_1_406' title='bbox 3007 2917 3076 2972; x_wconf 91' lang='lat' dir='ltr'><strong>ab</strong></span> <span class='ocrx_word' id='word_1_407' title='bbox 3104 2904 3171 2970; x_wconf 63' lang='lat' dir='ltr'><strong>et»</strong></span> <span class='ocrx_word' id='word_1_408' title='bbox 3198 2904 3252 2969; x_wconf 78' lang='lat' dir='ltr'><strong>in</strong></span> <span class='ocrx_word' id='word_1_409' title='bbox 3282 2914 3482 2969; x_wconf 88' lang='lat' dir='ltr'><strong>sanctis</strong></span> <span class='ocrx_word' id='word_1_410' title='bbox 3510 2912 3626 2981; x_wconf 88' lang='lat' dir='ltr'><strong>ejus</strong></span> 
     </span>
    </p>
   </div>
   <div class='ocr_carea' id='block_1_61' title="bbox 2042 3005 3625 3079">
    <p class='ocr_par' dir='ltr' id='par_1_61' title="bbox 2042 3005 3625 3079">
     <span class='ocr_line' id='line_1_61' title="bbox 2042 3005 3625 3079; baseline -0.009 -8"><span class='ocrx_word' id='word_1_411' title='bbox 2042 3014 2299 3071; x_wconf 65' lang='lat' dir='ltr'><strong>derivata</strong></span> <span class='ocrx_word' id='word_1_412' title='bbox 2346 3021 2495 3079; x_wconf 87' lang='lat' dir='ltr'><strong>sunt,</strong></span> <span class='ocrx_word' id='word_1_413' title='bbox 2547 3024 2657 3066; x_wconf 89' lang='lat' dir='ltr'><strong>non</strong></span> <span class='ocrx_word' id='word_1_414' title='bbox 2716 3022 3009 3079; x_wconf 83' lang='lat' dir='ltr'><strong>corporeus</strong></span> <span class='ocrx_word' id='word_1_415' title='bbox 3072 3006 3228 3062; x_wconf 88' lang='lat' dir='ltr'><strong>nobis</strong></span> <span class='ocrx_word' id='word_1_416' title='bbox 3269 3005 3435 3069; x_wconf 90' lang='lat' dir='ltr'><strong>visus,</strong></span> <span class='ocrx_word' id='word_1_417' title='bbox 3465 3018 3625 3073; x_wconf 88' lang='lat' dir='ltr'><strong>quem</strong></span> 
     </span>
    </p>
   </div>
   <div class='ocr_carea' id='block_1_62' title="bbox 370 3094 3627 3192">
    <p class='ocr_par' dir='ltr' id='par_1_62' title="bbox 370 3094 3627 3192">
     <span class='ocr_line' id='line_1_62' title="bbox 370 3094 3627 3192; baseline -0.01 -14"><span class='ocrx_word' id='word_1_418' title='bbox 370 3094 640 3185; x_wconf 63' lang='lat' dir='ltr'><strong>damento,</strong></span> <span class='ocrx_word' id='word_1_419' title='bbox 666 3094 753 3175; x_wconf 75' lang='lat' dir='ltr'><strong>vel</strong></span> <span class='ocrx_word' id='word_1_420' title='bbox 780 3119 1077 3177; x_wconf 78' lang='lat' dir='ltr'><strong>fulciuutur</strong></span> <span class='ocrx_word' id='word_1_421' title='bbox 1120 3094 1385 3192; x_wconf 47' lang='lat' dir='ltr'><strong>exet-11pm,</strong></span> <span class='ocrx_word' id='word_1_422' title='bbox 1423 3122 1518 3181; x_wconf 69' lang='lat' dir='ltr'><strong>sed</strong></span> <span class='ocrx_word' id='word_1_423' title='bbox 1557 3136 1694 3192; x_wconf 69' lang='lat' dir='ltr'><strong>pene</strong></span> <span class='ocrx_word' id='word_1_424' title='bbox 1721 3131 1943 3179; x_wconf 56' lang='lat' dir='ltr'><strong>cuncta-</strong></span> <span class='ocrx_word' id='word_1_425' title='bbox 1970 3128 2018 3191; x_wconf 66' lang='grc' dir='ltr'>ε</span> <span class='ocrx_word' id='word_1_426' title='bbox 2047 3116 2389 3162; x_wconf 84' lang='lat' dir='ltr'><strong>communem</strong></span> <span class='ocrx_word' id='word_1_427' title='bbox 2415 3117 2560 3178; x_wconf 83' lang='lat' dir='ltr'><strong>cum</strong></span> <span class='ocrx_word' id='word_1_428' title='bbox 2611 3099 3023 3157; x_wconf 79' lang='lat' dir='ltr'><strong>irrationalibus</strong></span> <span class='ocrx_word' id='word_1_429' title='bbox 3050 3095 3446 3192; x_wconf 63' lang='lat' dir='ltr'><strong>animantibus</strong></span> <span class='ocrx_word' id='word_1_430' title='bbox 3462 3094 3627 3192; x_wconf 76' lang='lat' dir='ltr'><strong>liabe-</strong></span> 
     </span>
    </p>
   </div>
   <div class='ocr_carea' id='block_1_63' title="bbox 371 3211 1941 3283">
    <p class='ocr_par' dir='ltr' id='par_1_63' title="bbox 371 3211 1941 3283">
     <span class='ocr_line' id='line_1_63' title="bbox 371 3211 1941 3283; baseline 0.001 -18"><span class='ocrx_word' id='word_1_431' title='bbox 371 3226 491 3265; x_wconf 91' lang='lat' dir='ltr'><strong>rum</strong></span> <span class='ocrx_word' id='word_1_432' title='bbox 541 3211 845 3267; x_wconf 90' lang='lat' dir='ltr'><strong>divinarum</strong></span> <span class='ocrx_word' id='word_1_433' title='bbox 912 3212 1314 3282; x_wconf 90' lang='lat' dir='ltr'><strong>Scripturarum</strong></span> <span class='ocrx_word' id='word_1_434' title='bbox 1345 3213 1665 3269; x_wconf 87' lang='lat' dir='ltr'><strong>abdicantur</strong></span> <span class='ocrx_word' id='word_1_435' title='bbox 1706 3212 1941 3283; x_wconf 84' lang='lat' dir='ltr'><strong>eloquio.</strong></span> 
     </span>
    </p>
   </div>
   <div class='ocr_carea' id='block_1_64' title="bbox 371 3297 1945 3371">
    <p class='ocr_par' dir='ltr' id='par_1_64' title="bbox 371 3297 1945 3371">
     <span class='ocr_line' id='line_1_64' title="bbox 371 3297 1945 3371; baseline 0.001 -17"><span class='ocrx_word' id='word_1_436' title='bbox 371 3311 397 3339; x_wconf 79' lang='grc' dir='ltr'>ι</span> <span class='ocrx_word' id='word_1_437' title='bbox 421 3297 607 3354; x_wconf 87' lang='lat' dir='ltr'><strong>Solum</strong></span> <span class='ocrx_word' id='word_1_438' title='bbox 631 3313 864 3368; x_wconf 90' lang='lat' dir='ltr'><strong>namque</strong></span> <span class='ocrx_word' id='word_1_439' title='bbox 883 3299 1053 3355; x_wconf 90' lang='lat' dir='ltr'><strong>Deum</strong></span> <span class='ocrx_word' id='word_1_440' title='bbox 1076 3300 1270 3364; x_wconf 87' lang='lat' dir='ltr'><strong>colere,</strong></span> <span class='ocrx_word' id='word_1_441' title='bbox 1301 3300 1474 3371; x_wconf 88' lang='lat' dir='ltr'><strong>ipsum</strong></span> <span class='ocrx_word' id='word_1_442' title='bbox 1505 3302 1751 3364; x_wconf 90' lang='lat' dir='ltr'><strong>adorare,</strong></span> <span class='ocrx_word' id='word_1_443' title='bbox 1767 3300 1945 3371; x_wconf 88' lang='lat' dir='ltr'><strong>ipsum</strong></span> 
     </span>
    </p>
   </div>
   <div class='ocr_carea' id='block_1_65' title="bbox 371 3387 1945 3462">
    <p class='ocr_par' dir='ltr' id='par_1_65' title="bbox 371 3387 1945 3462">
     <span class='ocr_line' id='line_1_65' title="bbox 371 3387 1945 3462; baseline 0.004 -21"><span class='ocrx_word' id='word_1_444' title='bbox 371 3387 675 3459; x_wconf 84' lang='lat' dir='ltr'><strong>gloriﬁcare</strong></span> <span class='ocrx_word' id='word_1_445' title='bbox 740 3390 954 3454; x_wconf 81' lang='lat' dir='ltr'><strong>debere,</strong></span> <span class='ocrx_word' id='word_1_446' title='bbox 1022 3391 1185 3445; x_wconf 87' lang='lat' dir='ltr'><strong>totius</strong></span> <span class='ocrx_word' id='word_1_447' title='bbox 1233 3389 1429 3446; x_wconf 70' lang='lat' dir='ltr'><strong>divina:</strong></span> <span class='ocrx_word' id='word_1_448' title='bbox 1477 3389 1770 3462; x_wconf 61' lang='lat' dir='ltr'><strong>Scriptura:</strong></span> <span class='ocrx_word' id='word_1_449' title='bbox 1814 3392 1945 3447; x_wconf 88' lang='lat' dir='ltr'><strong>tuba</strong></span> 
     </span>
    </p>
   </div>
   <div class='ocr_carea' id='block_1_66' title="bbox 371 3478 1946 3544">
    <p class='ocr_par' dir='ltr' id='par_1_66' title="bbox 371 3478 1946 3544">
     <span class='ocr_line' id='line_1_66' title="bbox 371 3478 1946 3544; baseline 0.002 -12"><span class='ocrx_word' id='word_1_450' title='bbox 371 3478 628 3533; x_wconf 78' lang='lat' dir='ltr'><strong>terribilis</strong></span> <span class='ocrx_word' id='word_1_451' title='bbox 670 3478 897 3533; x_wconf 84' lang='lat' dir='ltr'><strong>intonat.</strong></span> <span class='ocrx_word' id='word_1_452' title='bbox 940 3478 1091 3534; x_wconf 90' lang='lat' dir='ltr'><strong>Unde</strong></span> <span class='ocrx_word' id='word_1_453' title='bbox 1139 3479 1432 3534; x_wconf 87' lang='lat' dir='ltr'><strong>cavendum</strong></span> <span class='ocrx_word' id='word_1_454' title='bbox 1481 3479 1589 3534; x_wconf 90' lang='lat' dir='ltr'><strong>illis</strong></span> <span class='ocrx_word' id='word_1_455' title='bbox 1621 3486 1725 3544; x_wconf 90' lang='lat' dir='ltr'><strong>est,</strong></span> <span class='ocrx_word' id='word_1_456' title='bbox 1752 3487 1807 3533; x_wconf 88' lang='lat' dir='ltr'><strong>et</strong></span> <span class='ocrx_word' id='word_1_457' title='bbox 1830 3495 1946 3536; x_wconf 88' lang='lat' dir='ltr'><strong>mo-</strong></span> 
     </span>
    </p>
   </div>
   <div class='ocr_carea' id='block_1_67' title="bbox 372 3566 1945 3639">
    <p class='ocr_par' dir='ltr' id='par_1_67' title="bbox 372 3566 1945 3639">
     <span class='ocr_line' id='line_1_67' title="bbox 372 3566 1945 3639; baseline 0 -16"><span class='ocrx_word' id='word_1_458' title='bbox 372 3568 454 3623; x_wconf 88' lang='lat' dir='ltr'><strong>dis</strong></span> <span class='ocrx_word' id='word_1_459' title='bbox 484 3568 736 3623; x_wconf 88' lang='lat' dir='ltr'><strong>omnibus</strong></span> <span class='ocrx_word' id='word_1_460' title='bbox 793 3568 1302 3639; x_wconf 85' lang='lat' dir='ltr'><strong>pertimescendum,</strong></span> <span class='ocrx_word' id='word_1_461' title='bbox 1344 3568 1590 3623; x_wconf 83' lang='lat' dir='ltr'><strong>nedum</strong></span> <span class='ocrx_word' id='word_1_462' title='bbox 1651 3566 1945 3638; x_wconf 85' lang='lat' dir='ltr'><strong>imaginum</strong></span> 
     </span>
    </p>
   </div>
   <div class='ocr_carea' id='block_1_68' title="bbox 372 3658 1947 3730">
    <p class='ocr_par' dir='ltr' id='par_1_68' title="bbox 372 3658 1947 3730">
     <span class='ocr_line' id='line_1_68' title="bbox 372 3658 1947 3730; baseline 0.002 -19"><span class='ocrx_word' id='word_1_463' title='bbox 372 3658 575 3712; x_wconf 88' lang='lat' dir='ltr'><strong>cultum</strong></span> <span class='ocrx_word' id='word_1_464' title='bbox 604 3667 658 3712; x_wconf 88' lang='lat' dir='ltr'><strong>et</strong></span> <span class='ocrx_word' id='word_1_465' title='bbox 687 3659 1055 3714; x_wconf 87' lang='lat' dir='ltr'><strong>adorationem</strong></span> <span class='ocrx_word' id='word_1_466' title='bbox 1084 3659 1406 3715; x_wconf 66' lang='lat' dir='ltr'><strong>Christiana:</strong></span> <span class='ocrx_word' id='word_1_467' title='bbox 1424 3659 1670 3730; x_wconf 81' lang='lat' dir='ltr'><strong>religioni</strong></span> <span class='ocrx_word' id='word_1_468' title='bbox 1701 3659 1947 3730; x_wconf 84' lang='lat' dir='ltr'><strong>ingerere</strong></span> 
     </span>
    </p>
   </div>
   <div class='ocr_carea' id='block_1_69' title="bbox 372 3748 1975 3821">
    <p class='ocr_par' dir='ltr' id='par_1_69' title="bbox 372 3748 1975 3821">
     <span class='ocr_line' id='line_1_69' title="bbox 372 3748 1975 3821; baseline 0.004 -19"><span class='ocrx_word' id='word_1_469' title='bbox 372 3748 637 3814; x_wconf 89' lang='lat' dir='ltr'><strong>nituntur,</strong></span> <span class='ocrx_word' id='word_1_470' title='bbox 671 3749 1000 3821; x_wconf 70' lang='lat' dir='ltr'><strong>singularem</strong></span> <span class='ocrx_word' id='word_1_471' title='bbox 1050 3751 1209 3807; x_wconf 87' lang='lat' dir='ltr'><strong>unius</strong></span> <span class='ocrx_word' id='word_1_472' title='bbox 1236 3750 1333 3807; x_wconf 89' lang='lat' dir='ltr'><strong>Dei</strong></span> <span class='ocrx_word' id='word_1_473' title='bbox 1378 3751 1579 3807; x_wconf 89' lang='lat' dir='ltr'><strong>cultum</strong></span> <span class='ocrx_word' id='word_1_474' title='bbox 1602 3758 1658 3806; x_wconf 89' lang='lat' dir='ltr'><strong>et</strong></span> <span class='ocrx_word' id='word_1_475' title='bbox 1683 3752 1975 3814; x_wconf 44' lang='lat' dir='ltr'><strong>adoratioa</strong></span> 
     </span>
    </p>
   </div>
   <div class='ocr_carea' id='block_1_70' title="bbox 372 3839 1947 3912">
    <p class='ocr_par' dir='ltr' id='par_1_70' title="bbox 372 3839 1947 3912">
     <span class='ocr_line' id='line_1_70' title="bbox 372 3839 1947 3912; baseline 0.003 -16"><span class='ocrx_word' id='word_1_476' title='bbox 372 3854 494 3896; x_wconf 85' lang='lat' dir='ltr'><strong>nem</strong></span> <span class='ocrx_word' id='word_1_477' title='bbox 523 3839 775 3897; x_wconf 73' lang='lat' dir='ltr'><strong>frustrari</strong></span> <span class='ocrx_word' id='word_1_478' title='bbox 802 3843 1098 3898; x_wconf 88' lang='lat' dir='ltr'><strong>videantur.</strong></span> <span class='ocrx_word' id='word_1_479' title='bbox 1136 3844 1269 3912; x_wconf 77' lang='lat' dir='ltr'><strong>Qua:</strong></span> <span class='ocrx_word' id='word_1_480' title='bbox 1287 3843 1394 3899; x_wconf 88' lang='lat' dir='ltr'><strong>duo</strong></span> <span class='ocrx_word' id='word_1_481' title='bbox 1417 3843 1492 3898; x_wconf 86' lang='lat' dir='ltr'><strong>ita</strong></span> <span class='ocrx_word' id='word_1_482' title='bbox 1519 3844 1660 3899; x_wconf 89' lang='lat' dir='ltr'><strong>inter</strong></span> <span class='ocrx_word' id='word_1_483' title='bbox 1679 3858 1737 3900; x_wconf 90' lang='lat' dir='ltr'><strong>se</strong></span> <span class='ocrx_word' id='word_1_484' title='bbox 1761 3852 1947 3900; x_wconf 90' lang='lat' dir='ltr'><strong>mutuo</strong></span> 
     </span>
    </p>
   </div>
   <div class='ocr_carea' id='block_1_71' title="bbox 372 3933 1946 4005">
    <p class='ocr_par' dir='ltr' id='par_1_71' title="bbox 372 3933 1946 4005">
     <span class='ocr_line' id='line_1_71' title="bbox 372 3933 1946 4005; baseline 0.003 -16"><span class='ocrx_word' id='word_1_485' title='bbox 372 3933 720 3999; x_wconf 86' lang='lat' dir='ltr'><strong>reluctantur,</strong></span> <span class='ocrx_word' id='word_1_486' title='bbox 763 3943 822 3989; x_wconf 92' lang='lat' dir='ltr'><strong>ut</strong></span> <span class='ocrx_word' id='word_1_487' title='bbox 847 3936 892 3990; x_wconf 90' lang='lat' dir='ltr'><strong>si</strong></span> <span class='ocrx_word' id='word_1_488' title='bbox 947 3952 1117 3991; x_wconf 87' lang='lat' dir='ltr'><strong>unum</strong></span> <span class='ocrx_word' id='word_1_489' title='bbox 1165 3936 1397 4003; x_wconf 89' lang='lat' dir='ltr'><strong>steterit,</strong></span> <span class='ocrx_word' id='word_1_490' title='bbox 1444 3939 1590 3994; x_wconf 89' lang='lat' dir='ltr'><strong>aliud</strong></span> <span class='ocrx_word' id='word_1_491' title='bbox 1637 3947 1786 4005; x_wconf 82' lang='lat' dir='ltr'><strong>stare</strong></span> <span class='ocrx_word' id='word_1_492' title='bbox 1834 3955 1946 3995; x_wconf 88' lang='lat' dir='ltr'><strong>non</strong></span> 
     </span>
    </p>
   </div>
   <div class='ocr_carea' id='block_1_72' title="bbox 374 4022 1945 4096">
    <p class='ocr_par' dir='ltr' id='par_1_72' title="bbox 374 4022 1945 4096">
     <span class='ocr_line' id='line_1_72' title="bbox 374 4022 1945 4096; baseline 0.004 -20"><span class='ocrx_word' id='word_1_493' title='bbox 374 4023 561 4093; x_wconf 88' lang='lat' dir='ltr'><strong>possit.</strong></span> <span class='ocrx_word' id='word_1_494' title='bbox 602 4022 662 4078; x_wconf 90' lang='lat' dir='ltr'><strong>Si</strong></span> <span class='ocrx_word' id='word_1_495' title='bbox 710 4023 857 4079; x_wconf 89' lang='lat' dir='ltr'><strong>enim</strong></span> <span class='ocrx_word' id='word_1_496' title='bbox 907 4024 1198 4096; x_wconf 86' lang='lat' dir='ltr'><strong>singularis</strong></span> <span class='ocrx_word' id='word_1_497' title='bbox 1245 4025 1423 4081; x_wconf 87' lang='lat' dir='ltr'><strong>cultus</strong></span> <span class='ocrx_word' id='word_1_498' title='bbox 1461 4026 1562 4081; x_wconf 88' lang='lat' dir='ltr'><strong>soli</strong></span> <span class='ocrx_word' id='word_1_499' title='bbox 1616 4035 1672 4082; x_wconf 89' lang='lat' dir='ltr'><strong>et</strong></span> <span class='ocrx_word' id='word_1_500' title='bbox 1697 4027 1791 4082; x_wconf 89' lang='lat' dir='ltr'><strong>uni</strong></span> <span class='ocrx_word' id='word_1_501' title='bbox 1834 4026 1945 4082; x_wconf 89' lang='lat' dir='ltr'><strong>Deo</strong></span> 
     </span>
    </p>
   </div>
   <div class='ocr_carea' id='block_1_73' title="bbox 373 4112 1943 4183">
    <p class='ocr_par' dir='ltr' id='par_1_73' title="bbox 373 4112 1943 4183">
     <span class='ocr_line' id='line_1_73' title="bbox 373 4112 1943 4183; baseline 0.004 -17"><span class='ocrx_word' id='word_1_502' title='bbox 373 4112 584 4168; x_wconf 88' lang='lat' dir='ltr'><strong>debitus</strong></span> <span class='ocrx_word' id='word_1_503' title='bbox 609 4114 955 4170; x_wconf 84' lang='lat' dir='ltr'><strong>inconvulsus</strong></span> <span class='ocrx_word' id='word_1_504' title='bbox 989 4117 1108 4179; x_wconf 88' lang='lat' dir='ltr'><strong>erit,</strong></span> <span class='ocrx_word' id='word_1_505' title='bbox 1137 4124 1191 4171; x_wconf 80' lang='lat' dir='ltr'><strong>et</strong></span> <span class='ocrx_word' id='word_1_506' title='bbox 1221 4131 1409 4172; x_wconf 87' lang='lat' dir='ltr'><strong>revera</strong></span> <span class='ocrx_word' id='word_1_507' title='bbox 1439 4118 1786 4174; x_wconf 85' lang='lat' dir='ltr'><strong>inconvulsus</strong></span> <span class='ocrx_word' id='word_1_508' title='bbox 1818 4118 1943 4183; x_wconf 90' lang='lat' dir='ltr'><strong>erit,</strong></span> 
     </span>
    </p>
   </div>
   <div class='ocr_carea' id='block_1_74' title="bbox 373 4204 1946 4275">
    <p class='ocr_par' dir='ltr' id='par_1_74' title="bbox 373 4204 1946 4275">
     <span class='ocr_line' id='line_1_74' title="bbox 373 4204 1946 4275; baseline 0.005 -18"><span class='ocrx_word' id='word_1_509' title='bbox 373 4204 667 4275; x_wconf 87' lang='lat' dir='ltr'><strong>imaginum</strong></span> <span class='ocrx_word' id='word_1_510' title='bbox 700 4206 879 4261; x_wconf 90' lang='lat' dir='ltr'><strong>cultus</strong></span> <span class='ocrx_word' id='word_1_511' title='bbox 922 4204 1100 4261; x_wconf 84' lang='lat' dir='ltr'><strong>modis</strong></span> <span class='ocrx_word' id='word_1_512' title='bbox 1148 4207 1398 4262; x_wconf 87' lang='lat' dir='ltr'><strong>omnibus</strong></span> <span class='ocrx_word' id='word_1_513' title='bbox 1446 4208 1775 4263; x_wconf 89' lang='lat' dir='ltr'><strong>cassabitur:</strong></span> <span class='ocrx_word' id='word_1_514' title='bbox 1818 4217 1872 4265; x_wconf 89' lang='lat' dir='ltr'><strong>et</strong></span> <span class='ocrx_word' id='word_1_515' title='bbox 1899 4209 1946 4265; x_wconf 89' lang='lat' dir='ltr'><strong>si</strong></span> 
     </span>
    </p>
   </div>
   <div class='ocr_carea' id='block_1_75' title="bbox 374 4292 1946 4363">
    <p class='ocr_par' dir='ltr' id='par_1_75' title="bbox 374 4292 1946 4363">
     <span class='ocr_line' id='line_1_75' title="bbox 374 4292 1946 4363; baseline 0.003 -17"><span class='ocrx_word' id='word_1_516' title='bbox 374 4292 668 4363; x_wconf 83' lang='lat' dir='ltr'><strong>imaginum</strong></span> <span class='ocrx_word' id='word_1_517' title='bbox 717 4294 894 4350; x_wconf 88' lang='lat' dir='ltr'><strong>cultus</strong></span> <span class='ocrx_word' id='word_1_518' title='bbox 934 4310 1045 4350; x_wconf 86' lang='lat' dir='ltr'><strong>non</strong></span> <span class='ocrx_word' id='word_1_519' title='bbox 1098 4294 1448 4361; x_wconf 79' lang='lat' dir='ltr'><strong>convellatur,</strong></span> <span class='ocrx_word' id='word_1_520' title='bbox 1497 4297 1598 4351; x_wconf 90' lang='lat' dir='ltr'><strong>soli</strong></span> <span class='ocrx_word' id='word_1_521' title='bbox 1626 4304 1682 4351; x_wconf 86' lang='lat' dir='ltr'><strong>et</strong></span> <span class='ocrx_word' id='word_1_522' title='bbox 1709 4296 1801 4351; x_wconf 92' lang='lat' dir='ltr'><strong>uni</strong></span> <span class='ocrx_word' id='word_1_523' title='bbox 1834 4295 1946 4352; x_wconf 93' lang='lat' dir='ltr'><strong>Deo</strong></span> 
     </span>
    </p>
   </div>
   <div class='ocr_carea' id='block_1_76' title="bbox 371 4381 1945 4457">
    <p class='ocr_par' dir='ltr' id='par_1_76' title="bbox 371 4381 1945 4457">
     <span class='ocr_line' id='line_1_76' title="bbox 371 4381 1945 4457; baseline 0.004 -19"><span class='ocrx_word' id='word_1_524' title='bbox 371 4383 550 4438; x_wconf 83' lang='lat' dir='ltr'><strong>cultus</strong></span> <span class='ocrx_word' id='word_1_525' title='bbox 597 4381 811 4439; x_wconf 86' lang='lat' dir='ltr'><strong>debitus</strong></span> <span class='ocrx_word' id='word_1_526' title='bbox 847 4397 955 4440; x_wconf 88' lang='lat' dir='ltr'><strong>non</strong></span> <span class='ocrx_word' id='word_1_527' title='bbox 988 4384 1093 4440; x_wconf 84' lang='lat' dir='ltr'><strong>erit</strong></span> <span class='ocrx_word' id='word_1_528' title='bbox 1136 4386 1449 4455; x_wconf 85' lang='lat' dir='ltr'><strong>singularis.</strong></span> <span class='ocrx_word' id='word_1_529' title='bbox 1489 4385 1569 4442; x_wconf 84' lang='lat' dir='ltr'><strong>Ac</strong></span> <span class='ocrx_word' id='word_1_530' title='bbox 1614 4402 1714 4457; x_wconf 90' lang='lat' dir='ltr'><strong>per</strong></span> <span class='ocrx_word' id='word_1_531' title='bbox 1759 4389 1863 4444; x_wconf 89' lang='lat' dir='ltr'><strong>hoc</strong></span> <span class='ocrx_word' id='word_1_532' title='bbox 1898 4389 1945 4445; x_wconf 90' lang='lat' dir='ltr'><strong>si</strong></span> 
     </span>
    </p>
   </div>
   <div class='ocr_carea' id='block_1_77' title="bbox 2046 3185 3622 3268">
    <p class='ocr_par' dir='ltr' id='par_1_77' title="bbox 2046 3185 3622 3268">
     <span class='ocr_line' id='line_1_77' title="bbox 2046 3185 3622 3268; baseline -0.01 -14"><span class='ocrx_word' id='word_1_533' title='bbox 2046 3214 2190 3265; x_wconf 89' lang='lat' dir='ltr'><strong>mus,</strong></span> <span class='ocrx_word' id='word_1_534' title='bbox 2228 3196 2329 3253; x_wconf 84' lang='lat' dir='ltr'><strong>sed</strong></span> <span class='ocrx_word' id='word_1_535' title='bbox 2379 3194 2643 3268; x_wconf 83' lang='lat' dir='ltr'><strong>spiritalis</strong></span> <span class='ocrx_word' id='word_1_536' title='bbox 2681 3200 2765 3248; x_wconf 90' lang='lat' dir='ltr'><strong>est</strong></span> <span class='ocrx_word' id='word_1_537' title='bbox 2791 3190 3151 3255; x_wconf 87' lang='lat' dir='ltr'><strong>necessarius,</strong></span> <span class='ocrx_word' id='word_1_538' title='bbox 3188 3203 3347 3259; x_wconf 86' lang='lat' dir='ltr'><strong>quem</strong></span> <span class='ocrx_word' id='word_1_539' title='bbox 3384 3186 3487 3241; x_wconf 88' lang='lat' dir='ltr'><strong>sibi</strong></span> <span class='ocrx_word' id='word_1_540' title='bbox 3517 3185 3622 3239; x_wconf 90' lang='lat' dir='ltr'><strong>im-</strong></span> 
     </span>
    </p>
   </div>
   <div class='ocr_carea' id='block_1_78' title="bbox 2038 3278 3628 3361">
    <p class='ocr_par' dir='ltr' id='par_1_78' title="bbox 2038 3278 3628 3361">
     <span class='ocr_line' id='line_1_78' title="bbox 2038 3278 3628 3361; baseline -0.009 -15"><span class='ocrx_word' id='word_1_541' title='bbox 2038 3290 2382 3361; x_wconf 86' lang='lat' dir='ltr'><strong>pertiendum</strong></span> <span class='ocrx_word' id='word_1_542' title='bbox 2430 3287 2697 3355; x_wconf 84' lang='lat' dir='ltr'><strong>Propheta</strong></span> <span class='ocrx_word' id='word_1_543' title='bbox 2742 3300 2773 3339; x_wconf 89' lang='lat' dir='ltr'><strong>a</strong></span> <span class='ocrx_word' id='word_1_544' title='bbox 2800 3284 3028 3338; x_wconf 90' lang='lat' dir='ltr'><strong>Domino</strong></span> <span class='ocrx_word' id='word_1_545' title='bbox 3055 3281 3360 3352; x_wconf 84' lang='lat' dir='ltr'><strong>postulabat</strong></span> <span class='ocrx_word' id='word_1_546' title='bbox 3392 3295 3515 3335; x_wconf 92' lang='lat' dir='ltr'><strong>cum</strong></span> <span class='ocrx_word' id='word_1_547' title='bbox 3546 3278 3628 3333; x_wconf 90' lang='lat' dir='ltr'><strong>di-</strong></span> 
     </span>
    </p>
   </div>
   <div class='ocr_carea' id='block_1_79' title="bbox 2044 3367 3626 3439">
    <p class='ocr_par' dir='ltr' id='par_1_79' title="bbox 2044 3367 3626 3439">
     <span class='ocr_line' id='line_1_79' title="bbox 2044 3367 3626 3439; baseline -0.009 -4"><span class='ocrx_word' id='word_1_548' title='bbox 2044 3379 2240 3435; x_wconf 84' lang='lat' dir='ltr'><strong>eebat:</strong></span> <span class='ocrx_word' id='word_1_549' title='bbox 2277 3375 2466 3431; x_wconf 77' lang='lat' dir='ltr'><strong>Revela</strong></span> <span class='ocrx_word' id='word_1_550' title='bbox 2505 3373 2681 3429; x_wconf 81' lang='lat' dir='ltr'><strong>oculos</strong></span> <span class='ocrx_word' id='word_1_551' title='bbox 2703 3390 2870 3439; x_wconf 82' lang='lat' dir='ltr'><strong>meos,</strong></span> <span class='ocrx_word' id='word_1_552' title='bbox 2900 3382 2947 3428; x_wconf 90' lang='lat' dir='ltr'><strong>et</strong></span> <span class='ocrx_word' id='word_1_553' title='bbox 2985 3371 3322 3426; x_wconf 85' lang='lat' dir='ltr'><strong>considerabo</strong></span> <span class='ocrx_word' id='word_1_554' title='bbox 3360 3367 3626 3423; x_wconf 83' lang='lat' dir='ltr'><strong>mirabilia</strong></span> 
     </span>
    </p>
   </div>
   <div class='ocr_carea' id='block_1_80' title="bbox 2045 3458 3625 3538">
    <p class='ocr_par' dir='ltr' id='par_1_80' title="bbox 2045 3458 3625 3538">
     <span class='ocr_line' id='line_1_80' title="bbox 2045 3458 3625 3538; baseline -0.008 -15"><span class='ocrx_word' id='word_1_555' title='bbox 2045 3469 2109 3523; x_wconf 88' lang='lat' dir='ltr'><strong>de</strong></span> <span class='ocrx_word' id='word_1_556' title='bbox 2151 3466 2261 3538; x_wconf 83' lang='lat' dir='ltr'><strong>lege</strong></span> <span class='ocrx_word' id='word_1_557' title='bbox 2289 3476 2381 3520; x_wconf 86' lang='lat' dir='ltr'><strong>tua</strong></span> <span class='ocrx_word' id='word_1_558' title='bbox 2416 3464 2589 3536; x_wconf 86' lang='lat' dir='ltr'><strong>(Psal.</strong></span> <span class='ocrx_word' id='word_1_559' title='bbox 2614 3461 2784 3534; x_wconf 71' lang='lat' dir='ltr'><strong>CXIX).</strong></span> <span class='ocrx_word' id='word_1_560' title='bbox 2822 3462 2976 3517; x_wconf 91' lang='lat' dir='ltr'><strong>llunc</strong></span> <span class='ocrx_word' id='word_1_561' title='bbox 3001 3477 3130 3531; x_wconf 80' lang='lat' dir='ltr'><strong>ergo</strong></span> <span class='ocrx_word' id='word_1_562' title='bbox 3154 3458 3625 3530; x_wconf 59' lang='lat' dir='ltr'><strong>spiritalem&#39;audi—</strong></span> 
     </span>
    </p>
   </div>
   <div class='ocr_carea' id='block_1_81' title="bbox 2045 3550 3624 3620">
    <p class='ocr_par' dir='ltr' id='par_1_81' title="bbox 2045 3550 3624 3620">
     <span class='ocr_line' id='line_1_81' title="bbox 2045 3550 3624 3620; baseline -0.007 -8"><span class='ocrx_word' id='word_1_563' title='bbox 2045 3564 2163 3612; x_wconf 89' lang='lat' dir='ltr'><strong>tum</strong></span> <span class='ocrx_word' id='word_1_564' title='bbox 2230 3571 2339 3610; x_wconf 91' lang='lat' dir='ltr'><strong>non</strong></span> <span class='ocrx_word' id='word_1_565' title='bbox 2361 3553 2611 3608; x_wconf 85' lang='lat' dir='ltr'><strong>carnales</strong></span> <span class='ocrx_word' id='word_1_566' title='bbox 2664 3567 2844 3615; x_wconf 89' lang='lat' dir='ltr'><strong>aures,</strong></span> <span class='ocrx_word' id='word_1_567' title='bbox 2889 3552 3150 3607; x_wconf 90' lang='lat' dir='ltr'><strong>Dominus</strong></span> <span class='ocrx_word' id='word_1_568' title='bbox 3202 3550 3475 3620; x_wconf 73' lang='lat' dir='ltr'><strong>qumrebat</strong></span> <span class='ocrx_word' id='word_1_569' title='bbox 3501 3563 3624 3603; x_wconf 91' lang='lat' dir='ltr'><strong>cum</strong></span> 
     </span>
    </p>
   </div>
   <div class='ocr_carea' id='block_1_82' title="bbox 2046 3641 3622 3715">
    <p class='ocr_par' dir='ltr' id='par_1_82' title="bbox 2046 3641 3622 3715">
     <span class='ocr_line' id='line_1_82' title="bbox 2046 3641 3622 3715; baseline -0.005 -11"><span class='ocrx_word' id='word_1_570' title='bbox 2046 3648 2280 3713; x_wconf 88' lang='lat' dir='ltr'><strong>dicebat,</strong></span> <span class='ocrx_word' id='word_1_571' title='bbox 2315 3645 2418 3712; x_wconf 84' lang='lat' dir='ltr'><strong>Qui</strong></span> <span class='ocrx_word' id='word_1_572' title='bbox 2438 3644 2595 3698; x_wconf 75' lang='lat' dir='ltr'><strong>liabet</strong></span> <span class='ocrx_word' id='word_1_573' title='bbox 2622 3659 2776 3696; x_wconf 80' lang='lat' dir='ltr'><strong>aures</strong></span> <span class='ocrx_word' id='word_1_574' title='bbox 2813 3643 3063 3696; x_wconf 81' lang='lat' dir='ltr'><strong>audiendi</strong></span> <span class='ocrx_word' id='word_1_575' title='bbox 3097 3643 3277 3697; x_wconf 85' lang='lat' dir='ltr'><strong>audiat</strong></span> <span class='ocrx_word' id='word_1_576' title='bbox 3307 3641 3522 3715; x_wconf 78' lang='lat' dir='ltr'><strong>(Matth.</strong></span> <span class='ocrx_word' id='word_1_577' title='bbox 3545 3656 3622 3705; x_wconf 73' lang='lat' dir='ltr'><strong>xl,</strong></span> 
     </span>
    </p>
   </div>
   <div class='ocr_carea' id='block_1_83' title="bbox 2044 3731 3624 3802">
    <p class='ocr_par' dir='ltr' id='par_1_83' title="bbox 2044 3731 3624 3802">
     <span class='ocr_line' id='line_1_83' title="bbox 2044 3731 3624 3802; baseline -0.004 -9"><span class='ocrx_word' id='word_1_578' title='bbox 2044 3736 2218 3793; x_wconf 68' lang='lat' dir='ltr'><strong>lare.</strong></span> <span class='ocrx_word' id='word_1_579' title='bbox 2250 3752 2323 3802; x_wconf 85' lang='lat' dir='ltr'><strong>tv,</strong></span> <span class='ocrx_word' id='word_1_580' title='bbox 2354 3734 2485 3789; x_wconf 81' lang='lat' dir='ltr'><strong>Luc.</strong></span> <span class='ocrx_word' id='word_1_581' title='bbox 2516 3732 2651 3802; x_wconf 75' lang='lat' dir='ltr'><strong>xiv).</strong></span> <span class='ocrx_word' id='word_1_582' title='bbox 2691 3732 2788 3787; x_wconf 85' lang='lat' dir='ltr'><strong>llis</strong></span> <span class='ocrx_word' id='word_1_583' title='bbox 2829 3733 3077 3788; x_wconf 84' lang='lat' dir='ltr'><strong>sensibus</strong></span> <span class='ocrx_word' id='word_1_584' title='bbox 3102 3733 3303 3801; x_wconf 75' lang='lat' dir='ltr'><strong>privari</strong></span> <span class='ocrx_word' id='word_1_585' title='bbox 3344 3747 3443 3801; x_wconf 87' lang='lat' dir='ltr'><strong>pro</strong></span> <span class='ocrx_word' id='word_1_586' title='bbox 3470 3731 3624 3800; x_wconf 89' lang='lat' dir='ltr'><strong>culpa</strong></span> 
     </span>
    </p>
   </div>
   <div class='ocr_carea' id='block_1_84' title="bbox 2043 3819 3626 3896">
    <p class='ocr_par' dir='ltr' id='par_1_84' title="bbox 2043 3819 3626 3896">
     <span class='ocr_line' id='line_1_84' title="bbox 2043 3819 3626 3896; baseline -0.004 -16"><span class='ocrx_word' id='word_1_587' title='bbox 2043 3824 2285 3896; x_wconf 68' lang='lat' dir='ltr'><strong>perﬁdiae</strong></span> <span class='ocrx_word' id='word_1_588' title='bbox 2334 3822 2589 3895; x_wconf 88' lang='lat' dir='ltr'><strong>p0pulum</strong></span> <span class='ocrx_word' id='word_1_589' title='bbox 2638 3819 2821 3885; x_wconf 85' lang='lat' dir='ltr'><strong>lsrael,</strong></span> <span class='ocrx_word' id='word_1_590' title='bbox 2890 3835 2997 3874; x_wconf 91' lang='lat' dir='ltr'><strong>non</strong></span> <span class='ocrx_word' id='word_1_591' title='bbox 3052 3819 3311 3874; x_wconf 86' lang='lat' dir='ltr'><strong>membris</strong></span> <span class='ocrx_word' id='word_1_592' title='bbox 3356 3819 3626 3874; x_wconf 88' lang='lat' dir='ltr'><strong>debilitari</strong></span> 
     </span>
    </p>
   </div>
   <div class='ocr_carea' id='block_1_85' title="bbox 2035 3910 3623 3993">
    <p class='ocr_par' dir='ltr' id='par_1_85' title="bbox 2035 3910 3623 3993">
     <span class='ocr_line' id='line_1_85' title="bbox 2035 3910 3623 3993; baseline -0.006 -19"><span class='ocrx_word' id='word_1_593' title='bbox 2035 3918 2210 3993; x_wconf 86' lang='lat' dir='ltr'><strong>jubet,</strong></span> <span class='ocrx_word' id='word_1_594' title='bbox 2258 3932 2380 3972; x_wconf 90' lang='lat' dir='ltr'><strong>cum</strong></span> <span class='ocrx_word' id='word_1_595' title='bbox 2408 3914 2563 3970; x_wconf 67' lang='lat' dir='ltr'><strong>lsaia:</strong></span> <span class='ocrx_word' id='word_1_596' title='bbox 2614 3914 2892 3984; x_wconf 79' lang='lat' dir='ltr'><strong>propheta:</strong></span> <span class='ocrx_word' id='word_1_597' title='bbox 2934 3912 3098 3968; x_wconf 87' lang='lat' dir='ltr'><strong>dicit:</strong></span> <span class='ocrx_word' id='word_1_598' title='bbox 3147 3910 3370 3967; x_wconf 74' lang='lat' dir='ltr'><strong>Excwca</strong></span> <span class='ocrx_word' id='word_1_599' title='bbox 3400 3928 3491 3966; x_wconf 80' lang='lat' dir='ltr'><strong>cor</strong></span> <span class='ocrx_word' id='word_1_600' title='bbox 3524 3927 3623 3984; x_wconf 79' lang='lat' dir='ltr'><strong>po-</strong></span> 
     </span>
    </p>
   </div>
   <div class='ocr_carea' id='block_1_86' title="bbox 2040 4002 3624 4083">
    <p class='ocr_par' dir='ltr' id='par_1_86' title="bbox 2040 4002 3624 4083">
     <span class='ocr_line' id='line_1_86' title="bbox 2040 4002 3624 4083; baseline -0.005 -19"><span class='ocrx_word' id='word_1_601' title='bbox 2040 4009 2156 4083; x_wconf 75' lang='lat' dir='ltr'><strong>puli</strong></span> <span class='ocrx_word' id='word_1_602' title='bbox 2198 4008 2379 4079; x_wconf 81' lang='lat' dir='ltr'><strong>hujus,</strong></span> <span class='ocrx_word' id='word_1_603' title='bbox 2415 4017 2464 4061; x_wconf 89' lang='lat' dir='ltr'><strong>et</strong></span> <span class='ocrx_word' id='word_1_604' title='bbox 2527 4023 2683 4061; x_wconf 81' lang='lat' dir='ltr'><strong>aures</strong></span> <span class='ocrx_word' id='word_1_605' title='bbox 2741 4006 2857 4075; x_wconf 78' lang='lat' dir='ltr'><strong>ejus</strong></span> <span class='ocrx_word' id='word_1_606' title='bbox 2895 4021 3144 4075; x_wconf 77' lang='lat' dir='ltr'><strong>aggraea,</strong></span> <span class='ocrx_word' id='word_1_607' title='bbox 3172 4013 3220 4058; x_wconf 89' lang='lat' dir='ltr'><strong>et</strong></span> <span class='ocrx_word' id='word_1_608' title='bbox 3280 4002 3459 4058; x_wconf 80' lang='lat' dir='ltr'><strong>oculos</strong></span> <span class='ocrx_word' id='word_1_609' title='bbox 3510 4003 3624 4076; x_wconf 83' lang='lat' dir='ltr'><strong>ejus</strong></span> 
     </span>
    </p>
   </div>
   <div class='ocr_carea' id='block_1_87' title="bbox 2046 4092 3626 4169">
    <p class='ocr_par' dir='ltr' id='par_1_87' title="bbox 2046 4092 3626 4169">
     <span class='ocr_line' id='line_1_87' title="bbox 2046 4092 3626 4169; baseline -0.005 -14"><span class='ocrx_word' id='word_1_610' title='bbox 2046 4100 2252 4164; x_wconf 87' lang='lat' dir='ltr'><strong>claude,</strong></span> <span class='ocrx_word' id='word_1_611' title='bbox 2295 4115 2358 4154; x_wconf 87' lang='lat' dir='ltr'><strong>ne</strong></span> <span class='ocrx_word' id='word_1_612' title='bbox 2399 4098 2536 4169; x_wconf 71' lang='lat' dir='ltr'><strong>forte</strong></span> <span class='ocrx_word' id='word_1_613' title='bbox 2564 4096 2769 4151; x_wconf 80' lang='lat' dir='ltr'><strong>videant</strong></span> <span class='ocrx_word' id='word_1_614' title='bbox 2817 4094 2982 4150; x_wconf 86' lang='lat' dir='ltr'><strong>oculis</strong></span> <span class='ocrx_word' id='word_1_615' title='bbox 3017 4096 3148 4159; x_wconf 84' lang='lat' dir='ltr'><strong>suis,</strong></span> <span class='ocrx_word' id='word_1_616' title='bbox 3174 4103 3222 4148; x_wconf 88' lang='lat' dir='ltr'><strong>et</strong></span> <span class='ocrx_word' id='word_1_617' title='bbox 3274 4092 3490 4149; x_wconf 73' lang='lat' dir='ltr'><strong>auribus</strong></span> <span class='ocrx_word' id='word_1_618' title='bbox 3514 4095 3626 4148; x_wconf 86' lang='lat' dir='ltr'><strong>suis</strong></span> 
     </span>
    </p>
   </div>
   <div class='ocr_carea' id='block_1_88' title="bbox 2044 4184 3624 4258">
    <p class='ocr_par' dir='ltr' id='par_1_88' title="bbox 2044 4184 3624 4258">
     <span class='ocr_line' id='line_1_88' title="bbox 2044 4184 3624 4258; baseline -0.006 -10"><span class='ocrx_word' id='word_1_619' title='bbox 2044 4192 2281 4257; x_wconf 85' lang='lat' dir='ltr'><strong>audiant,</strong></span> <span class='ocrx_word' id='word_1_620' title='bbox 2319 4199 2367 4246; x_wconf 85' lang='lat' dir='ltr'><strong>et</strong></span> <span class='ocrx_word' id='word_1_621' title='bbox 2413 4189 2567 4245; x_wconf 82' lang='lat' dir='ltr'><strong>corde</strong></span> <span class='ocrx_word' id='word_1_622' title='bbox 2591 4205 2687 4244; x_wconf 86' lang='lat' dir='ltr'><strong>suo</strong></span> <span class='ocrx_word' id='word_1_623' title='bbox 2709 4186 3001 4258; x_wconf 77' lang='lat' dir='ltr'><strong>intelligant</strong></span> <span class='ocrx_word' id='word_1_624' title='bbox 3033 4186 3167 4257; x_wconf 87' lang='lat' dir='ltr'><strong>(Isa.</strong></span> <span class='ocrx_word' id='word_1_625' title='bbox 3198 4184 3298 4256; x_wconf 85' lang='lat' dir='ltr'><strong>vt).</strong></span> <span class='ocrx_word' id='word_1_626' title='bbox 3342 4186 3472 4253; x_wconf 80' lang='lat' dir='ltr'><strong>Qua:</strong></span> <span class='ocrx_word' id='word_1_627' title='bbox 3497 4186 3624 4240; x_wconf 91' lang='lat' dir='ltr'><strong>dum</strong></span> 
     </span>
    </p>
   </div>
   <div class='ocr_carea' id='block_1_89' title="bbox 2042 4275 3625 4359">
    <p class='ocr_par' dir='ltr' id='par_1_89' title="bbox 2042 4275 3625 4359">
     <span class='ocr_line' id='line_1_89' title="bbox 2042 4275 3625 4359; baseline -0.006 -18"><span class='ocrx_word' id='word_1_628' title='bbox 2042 4287 2117 4342; x_wconf 90' lang='lat' dir='ltr'><strong>ita</strong></span> <span class='ocrx_word' id='word_1_629' title='bbox 2169 4299 2229 4339; x_wconf 89' lang='lat' dir='ltr'><strong>se</strong></span> <span class='ocrx_word' id='word_1_630' title='bbox 2254 4283 2509 4359; x_wconf 85' lang='lat' dir='ltr'><strong>habeant,</strong></span> <span class='ocrx_word' id='word_1_631' title='bbox 2542 4295 2735 4350; x_wconf 85' lang='lat' dir='ltr'><strong>magna</strong></span> <span class='ocrx_word' id='word_1_632' title='bbox 2762 4295 2823 4335; x_wconf 86' lang='lat' dir='ltr'><strong>se</strong></span> <span class='ocrx_word' id='word_1_633' title='bbox 2860 4278 3106 4334; x_wconf 74' lang='lat' dir='ltr'><strong>czecitate</strong></span> <span class='ocrx_word' id='word_1_634' title='bbox 3140 4278 3370 4333; x_wconf 86' lang='lat' dir='ltr'><strong>obrutos</strong></span> <span class='ocrx_word' id='word_1_635' title='bbox 3399 4292 3516 4331; x_wconf 89' lang='lat' dir='ltr'><strong>esse</strong></span> <span class='ocrx_word' id='word_1_636' title='bbox 3544 4275 3625 4332; x_wconf 79' lang='lat' dir='ltr'><strong>la-</strong></span> 
     </span>
    </p>
   </div>
   <div class='ocr_carea' id='block_1_90' title="bbox 2044 4369 3628 4445">
    <p class='ocr_par' dir='ltr' id='par_1_90' title="bbox 2044 4369 3628 4445">
     <span class='ocr_line' id='line_1_90' title="bbox 2044 4369 3628 4445; baseline -0.009 -11"><span class='ocrx_word' id='word_1_637' title='bbox 2044 4386 2229 4434; x_wconf 83' lang='lat' dir='ltr'><strong>tentur</strong></span> <span class='ocrx_word' id='word_1_638' title='bbox 2256 4375 2349 4445; x_wconf 89' lang='lat' dir='ltr'><strong>qui</strong></span> <span class='ocrx_word' id='word_1_639' title='bbox 2377 4375 2487 4430; x_wconf 90' lang='lat' dir='ltr'><strong>vim</strong></span> <span class='ocrx_word' id='word_1_640' title='bbox 2509 4373 2663 4428; x_wconf 87' lang='lat' dir='ltr'><strong>illam</strong></span> <span class='ocrx_word' id='word_1_641' title='bbox 2708 4371 2919 4433; x_wconf 69' lang='lat' dir='ltr'><strong>animm,</strong></span> <span class='ocrx_word' id='word_1_642' title='bbox 2974 4385 3094 4440; x_wconf 63' lang='lat' dir='ltr'><strong>quae</strong></span> <span class='ocrx_word' id='word_1_643' title='bbox 3122 4369 3382 4424; x_wconf 87' lang='lat' dir='ltr'><strong>memoria</strong></span> <span class='ocrx_word' id='word_1_644' title='bbox 3421 4383 3628 4423; x_wconf 87' lang='lat' dir='ltr'><strong>nuncu-</strong></span> 
     </span>
    </p>
   </div>
   <div class='ocr_carea' id='block_1_91' title="bbox 374 4460 3626 4548">
    <p class='ocr_par' dir='ltr' id='par_1_91' title="bbox 374 4460 3626 4548">
     <span class='ocr_line' id='line_1_91' title="bbox 374 4460 3626 4548; baseline -0.001 -20"><span class='ocrx_word' id='word_1_645' title='bbox 374 4473 645 4545; x_wconf 86' lang='lat' dir='ltr'><strong>religionis</strong></span> <span class='ocrx_word' id='word_1_646' title='bbox 692 4474 1021 4530; x_wconf 62' lang='lat' dir='ltr'><strong>Christianae</strong></span> <span class='ocrx_word' id='word_1_647' title='bbox 1071 4488 1167 4529; x_wconf 73' lang='lat' dir='ltr'><strong>arx</strong></span> <span class='ocrx_word' id='word_1_648' title='bbox 1201 4476 1316 4530; x_wconf 85' lang='lat' dir='ltr'><strong>sive</strong></span> <span class='ocrx_word' id='word_1_649' title='bbox 1355 4475 1627 4530; x_wconf 89' lang='lat' dir='ltr'><strong>munimen</strong></span> <span class='ocrx_word' id='word_1_650' title='bbox 1675 4484 1732 4533; x_wconf 90' lang='lat' dir='ltr'><strong>et</strong></span> <span class='ocrx_word' id='word_1_651' title='bbox 1754 4477 1950 4548; x_wconf 85' lang='lat' dir='ltr'><strong>glorio—</strong></span> <span class='ocrx_word' id='word_1_652' title='bbox 1979 4486 2027 4548; x_wconf 83' lang='grc' dir='ltr'><strong>ι)</strong></span> <span class='ocrx_word' id='word_1_653' title='bbox 2050 4478 2231 4539; x_wconf 75' lang='lat' dir='ltr'><strong>ptitur,</strong></span> <span class='ocrx_word' id='word_1_654' title='bbox 2279 4468 2356 4522; x_wconf 89' lang='lat' dir='ltr'><strong>ita</strong></span> <span class='ocrx_word' id='word_1_655' title='bbox 2409 4481 2468 4521; x_wconf 88' lang='lat' dir='ltr'><strong>se</strong></span> <span class='ocrx_word' id='word_1_656' title='bbox 2516 4465 2763 4520; x_wconf 90' lang='lat' dir='ltr'><strong>vitiatam</strong></span> <span class='ocrx_word' id='word_1_657' title='bbox 2826 4463 3026 4518; x_wconf 89' lang='lat' dir='ltr'><strong>habere</strong></span> <span class='ocrx_word' id='word_1_658' title='bbox 3090 4462 3486 4525; x_wconf 63' lang='lat' dir='ltr'><strong>demonstrant.</strong></span> <span class='ocrx_word' id='word_1_659' title='bbox 3538 4460 3626 4515; x_wconf 69' lang='lat' dir='ltr'><strong>Ni</strong></span> 
     </span>
    </p>
   </div>
   <div class='ocr_carea' id='block_1_92' title="bbox 364 4564 1943 4638">
    <p class='ocr_par' dir='ltr' id='par_1_92' title="bbox 364 4564 1943 4638">
     <span class='ocr_line' id='line_1_92' title="bbox 364 4564 1943 4638; baseline 0.003 -19"><span class='ocrx_word' id='word_1_660' title='bbox 364 4578 489 4620; x_wconf 82' lang='lat' dir='ltr'><strong>sum</strong></span> <span class='ocrx_word' id='word_1_661' title='bbox 524 4566 735 4638; x_wconf 88' lang='lat' dir='ltr'><strong>insigne</strong></span> <span class='ocrx_word' id='word_1_662' title='bbox 768 4566 931 4622; x_wconf 86' lang='lat' dir='ltr'><strong>unius</strong></span> <span class='ocrx_word' id='word_1_663' title='bbox 960 4565 1059 4621; x_wconf 79' lang='lat' dir='ltr'><strong>Dei</strong></span> <span class='ocrx_word' id='word_1_664' title='bbox 1098 4564 1273 4621; x_wconf 86' lang='lat' dir='ltr'><strong>cultus</strong></span> <span class='ocrx_word' id='word_1_665' title='bbox 1306 4573 1361 4621; x_wconf 85' lang='lat' dir='ltr'><strong>et</strong></span> <span class='ocrx_word' id='word_1_666' title='bbox 1411 4567 1657 4622; x_wconf 87' lang='lat' dir='ltr'><strong>adoratio</strong></span> <span class='ocrx_word' id='word_1_667' title='bbox 1686 4574 1790 4634; x_wconf 90' lang='lat' dir='ltr'><strong>est,</strong></span> <span class='ocrx_word' id='word_1_668' title='bbox 1833 4568 1943 4624; x_wconf 90' lang='lat' dir='ltr'><strong>imo</strong></span> 
     </span>
    </p>
   </div>
   <div class='ocr_carea' id='block_1_93' title="bbox 372 4655 1946 4728">
    <p class='ocr_par' dir='ltr' id='par_1_93' title="bbox 372 4655 1946 4728">
     <span class='ocr_line' id='line_1_93' title="bbox 372 4655 1946 4728; baseline 0.002 -19"><span class='ocrx_word' id='word_1_669' title='bbox 372 4656 498 4723; x_wconf 87' lang='lat' dir='ltr'><strong>quia</strong></span> <span class='ocrx_word' id='word_1_670' title='bbox 541 4663 645 4723; x_wconf 86' lang='lat' dir='ltr'><strong>est,</strong></span> <span class='ocrx_word' id='word_1_671' title='bbox 697 4657 839 4712; x_wconf 86' lang='lat' dir='ltr'><strong>hanc</strong></span> <span class='ocrx_word' id='word_1_672' title='bbox 882 4656 1215 4728; x_wconf 86' lang='lat' dir='ltr'><strong>imaginibus</strong></span> <span class='ocrx_word' id='word_1_673' title='bbox 1264 4655 1350 4710; x_wconf 85' lang='lat' dir='ltr'><strong>vel</strong></span> <span class='ocrx_word' id='word_1_674' title='bbox 1416 4656 1745 4726; x_wconf 81' lang='lat' dir='ltr'><strong>quibuslth</strong></span> <span class='ocrx_word' id='word_1_675' title='bbox 1784 4659 1946 4714; x_wconf 89' lang='lat' dir='ltr'><strong>rebus</strong></span> 
     </span>
    </p>
   </div>
   <div class='ocr_carea' id='block_1_94' title="bbox 369 4743 1946 4818">
    <p class='ocr_par' dir='ltr' id='par_1_94' title="bbox 369 4743 1946 4818">
     <span class='ocr_line' id='line_1_94' title="bbox 369 4743 1946 4818; baseline 0.004 -22"><span class='ocrx_word' id='word_1_676' title='bbox 369 4743 624 4799; x_wconf 65' lang='lat' dir='ltr'><strong>exhibere</strong></span> <span class='ocrx_word' id='word_1_677' title='bbox 660 4752 851 4805; x_wconf 83' lang='lat' dir='ltr'><strong>contra</strong></span> <span class='ocrx_word' id='word_1_678' title='bbox 906 4744 1223 4818; x_wconf 86' lang='lat' dir='ltr'><strong>religionem</strong></span> <span class='ocrx_word' id='word_1_679' title='bbox 1258 4743 1621 4817; x_wconf 82' lang='lat' dir='ltr'><strong>Christianam</strong></span> <span class='ocrx_word' id='word_1_680' title='bbox 1658 4754 1780 4813; x_wconf 86' lang='lat' dir='ltr'><strong>est;</strong></span> <span class='ocrx_word' id='word_1_681' title='bbox 1821 4755 1875 4802; x_wconf 91' lang='lat' dir='ltr'><strong>et</strong></span> <span class='ocrx_word' id='word_1_682' title='bbox 1900 4749 1946 4803; x_wconf 92' lang='lat' dir='ltr'><strong>si</strong></span> 
     </span>
    </p>
   </div>
   <div class='ocr_carea' id='block_1_95' title="bbox 373 4828 1947 4907">
    <p class='ocr_par' dir='ltr' id='par_1_95' title="bbox 373 4828 1947 4907">
     <span class='ocr_line' id='line_1_95' title="bbox 373 4828 1947 4907; baseline 0.005 -21"><span class='ocrx_word' id='word_1_683' title='bbox 373 4830 473 4886; x_wconf 88' lang='lat' dir='ltr'><strong>has</strong></span> <span class='ocrx_word' id='word_1_684' title='bbox 505 4828 611 4885; x_wconf 83' lang='lat' dir='ltr'><strong>non</strong></span> <span class='ocrx_word' id='word_1_685' title='bbox 638 4833 984 4890; x_wconf 66' lang='lat' dir='ltr'><strong>adorareseu</strong></span> <span class='ocrx_word' id='word_1_686' title='bbox 1012 4834 1191 4891; x_wconf 80' lang='lat' dir='ltr'><strong>colere</strong></span> <span class='ocrx_word' id='word_1_687' title='bbox 1228 4843 1421 4891; x_wconf 84' lang='lat' dir='ltr'><strong>contra</strong></span> <span class='ocrx_word' id='word_1_688' title='bbox 1448 4835 1763 4907; x_wconf 89' lang='lat' dir='ltr'><strong>religionem</strong></span> <span class='ocrx_word' id='word_1_689' title='bbox 1784 4838 1947 4894; x_wconf 86' lang='lat' dir='ltr'><strong>Chri-</strong></span> 
     </span>
    </p>
   </div>
   <div class='ocr_carea' id='block_1_96' title="bbox 371 4922 1949 4992">
    <p class='ocr_par' dir='ltr' id='par_1_96' title="bbox 371 4922 1949 4992">
     <span class='ocr_line' id='line_1_96' title="bbox 371 4922 1949 4992; baseline 0.006 -16"><span class='ocrx_word' id='word_1_690' title='bbox 371 4922 609 4976; x_wconf 85' lang='lat' dir='ltr'><strong>stianam</strong></span> <span class='ocrx_word' id='word_1_691' title='bbox 640 4931 744 4987; x_wconf 82' lang='lat' dir='ltr'><strong>est,</strong></span> <span class='ocrx_word' id='word_1_692' title='bbox 792 4933 853 4979; x_wconf 88' lang='lat' dir='ltr'><strong>ut</strong></span> <span class='ocrx_word' id='word_1_693' title='bbox 892 4924 971 4980; x_wconf 83' lang='lat' dir='ltr'><strong>illi</strong></span> <span class='ocrx_word' id='word_1_694' title='bbox 995 4924 1246 4992; x_wconf 80' lang='lat' dir='ltr'><strong>delirant,</strong></span> <span class='ocrx_word' id='word_1_695' title='bbox 1278 4927 1456 4984; x_wconf 85' lang='lat' dir='ltr'><strong>solum</strong></span> <span class='ocrx_word' id='word_1_696' title='bbox 1504 4928 1676 4983; x_wconf 85' lang='lat' dir='ltr'><strong>Deum</strong></span> <span class='ocrx_word' id='word_1_697' title='bbox 1722 4929 1949 4985; x_wconf 86' lang='lat' dir='ltr'><strong>adorare</strong></span> 
     </span>
    </p>
   </div>
   <div class='ocr_carea' id='block_1_97' title="bbox 372 5015 1947 5087">
    <p class='ocr_par' dir='ltr' id='par_1_97' title="bbox 372 5015 1947 5087">
     <span class='ocr_line' id='line_1_97' title="bbox 372 5015 1947 5087; baseline 0.002 -15"><span class='ocrx_word' id='word_1_698' title='bbox 372 5031 469 5072; x_wconf 86' lang='lat' dir='ltr'><strong>seu</strong></span> <span class='ocrx_word' id='word_1_699' title='bbox 492 5015 689 5079; x_wconf 87' lang='lat' dir='ltr'><strong>colere,</strong></span> <span class='ocrx_word' id='word_1_700' title='bbox 736 5015 955 5087; x_wconf 86' lang='lat' dir='ltr'><strong>ejusque</strong></span> <span class='ocrx_word' id='word_1_701' title='bbox 988 5018 1163 5074; x_wconf 81' lang='lat' dir='ltr'><strong>cultus</strong></span> <span class='ocrx_word' id='word_1_702' title='bbox 1185 5029 1241 5075; x_wconf 88' lang='lat' dir='ltr'><strong>et</strong></span> <span class='ocrx_word' id='word_1_703' title='bbox 1266 5018 1597 5076; x_wconf 84' lang='lat' dir='ltr'><strong>adorationis</strong></span> <span class='ocrx_word' id='word_1_704' title='bbox 1622 5035 1802 5075; x_wconf 86' lang='lat' dir='ltr'><strong>arcem</strong></span> <span class='ocrx_word' id='word_1_705' title='bbox 1834 5021 1947 5076; x_wconf 87' lang='lat' dir='ltr'><strong>siu-</strong></span> 
     </span>
    </p>
   </div>
   <div class='ocr_carea' id='block_1_98' title="bbox 371 5108 1950 5181">
    <p class='ocr_par' dir='ltr' id='par_1_98' title="bbox 371 5108 1950 5181">
     <span class='ocr_line' id='line_1_98' title="bbox 371 5108 1950 5181; baseline 0.003 -19"><span class='ocrx_word' id='word_1_706' title='bbox 371 5108 612 5181; x_wconf 83' lang='lat' dir='ltr'><strong>gnlarem</strong></span> <span class='ocrx_word' id='word_1_707' title='bbox 643 5122 763 5164; x_wconf 86' lang='lat' dir='ltr'><strong>esse</strong></span> <span class='ocrx_word' id='word_1_708' title='bbox 808 5109 966 5165; x_wconf 78' lang='lat' dir='ltr'><strong>fateri</strong></span> <span class='ocrx_word' id='word_1_709' title='bbox 994 5118 1182 5166; x_wconf 86' lang='lat' dir='ltr'><strong>contra</strong></span> <span class='ocrx_word' id='word_1_710' title='bbox 1230 5111 1540 5181; x_wconf 86' lang='lat' dir='ltr'><strong>religionem</strong></span> <span class='ocrx_word' id='word_1_711' title='bbox 1588 5109 1950 5167; x_wconf 90' lang='lat' dir='ltr'><strong>Christianam</strong></span> 
     </span>
    </p>
   </div>
   <div class='ocr_carea' id='block_1_99' title="bbox 373 5190 1948 5271">
    <p class='ocr_par' dir='ltr' id='par_1_99' title="bbox 373 5190 1948 5271">
     <span class='ocr_line' id='line_1_99' title="bbox 373 5190 1948 5271; baseline 0.003 -15"><span class='ocrx_word' id='word_1_712' title='bbox 373 5201 489 5256; x_wconf 83' lang='lat' dir='ltr'><strong>erit</strong></span> <span class='ocrx_word' id='word_1_713' title='bbox 538 5190 698 5255; x_wconf 82' lang='lat' dir='ltr'><strong>Solus</strong></span> <span class='ocrx_word' id='word_1_714' title='bbox 740 5200 903 5271; x_wconf 82' lang='lat' dir='ltr'><strong>igitur</strong></span> <span class='ocrx_word' id='word_1_715' title='bbox 940 5201 1087 5258; x_wconf 85' lang='lat' dir='ltr'><strong>Deus</strong></span> <span class='ocrx_word' id='word_1_716' title='bbox 1130 5201 1405 5270; x_wconf 73' lang='lat' dir='ltr'><strong>mlendus,</strong></span> <span class='ocrx_word' id='word_1_717' title='bbox 1434 5203 1583 5259; x_wconf 86' lang='lat' dir='ltr'><strong>solus</strong></span> <span class='ocrx_word' id='word_1_718' title='bbox 1624 5204 1948 5271; x_wconf 88' lang='lat' dir='ltr'><strong>adorandus,</strong></span> 
     </span>
    </p>
   </div>
   <div class='ocr_carea' id='block_1_100' title="bbox 373 5292 1951 5367">
    <p class='ocr_par' dir='ltr' id='par_1_100' title="bbox 373 5292 1951 5367">
     <span class='ocr_line' id='line_1_100' title="bbox 373 5292 1951 5367; baseline 0.002 -19"><span class='ocrx_word' id='word_1_719' title='bbox 373 5293 521 5348; x_wconf 89' lang='lat' dir='ltr'><strong>solus</strong></span> <span class='ocrx_word' id='word_1_720' title='bbox 558 5292 941 5364; x_wconf 87' lang='lat' dir='ltr'><strong>gloriﬁcandus</strong></span> <span class='ocrx_word' id='word_1_721' title='bbox 961 5301 1061 5358; x_wconf 91' lang='lat' dir='ltr'><strong>est,</strong></span> <span class='ocrx_word' id='word_1_722' title='bbox 1093 5295 1158 5350; x_wconf 91' lang='lat' dir='ltr'><strong>de</strong></span> <span class='ocrx_word' id='word_1_723' title='bbox 1184 5309 1290 5364; x_wconf 86' lang='lat' dir='ltr'><strong>quo</strong></span> <span class='ocrx_word' id='word_1_724' title='bbox 1329 5310 1427 5365; x_wconf 86' lang='lat' dir='ltr'><strong>per</strong></span> <span class='ocrx_word' id='word_1_725' title='bbox 1450 5296 1768 5367; x_wconf 88' lang='lat' dir='ltr'><strong>prophetam</strong></span> <span class='ocrx_word' id='word_1_726' title='bbox 1816 5295 1951 5351; x_wconf 87' lang='lat' dir='ltr'><strong>dici-</strong></span> 
     </span>
    </p>
   </div>
   <div class='ocr_carea' id='block_1_101' title="bbox 377 5381 1947 5457">
    <p class='ocr_par' dir='ltr' id='par_1_101' title="bbox 377 5381 1947 5457">
     <span class='ocr_line' id='line_1_101' title="bbox 377 5381 1947 5457; baseline 0.002 -21"><span class='ocrx_word' id='word_1_727' title='bbox 377 5392 483 5450; x_wconf 89' lang='lat' dir='ltr'><strong>tur,</strong></span> <span class='ocrx_word' id='word_1_728' title='bbox 512 5381 817 5437; x_wconf 70' lang='lat' dir='ltr'><strong>Exaltatam</strong></span> <span class='ocrx_word' id='word_1_729' title='bbox 837 5392 912 5437; x_wconf 88' lang='lat' dir='ltr'><strong>est</strong></span> <span class='ocrx_word' id='word_1_730' title='bbox 946 5399 1130 5437; x_wconf 82' lang='lat' dir='ltr'><strong>nomen</strong></span> <span class='ocrx_word' id='word_1_731' title='bbox 1151 5383 1267 5454; x_wconf 85' lang='lat' dir='ltr'><strong>ejus</strong></span> <span class='ocrx_word' id='word_1_732' title='bbox 1290 5383 1452 5441; x_wconf 83' lang='lat' dir='ltr'><strong>solius</strong></span> <span class='ocrx_word' id='word_1_733' title='bbox 1483 5383 1657 5457; x_wconf 85' lang='lat' dir='ltr'><strong>(Psal.</strong></span> <span class='ocrx_word' id='word_1_734' title='bbox 1685 5385 1947 5457; x_wconf 77' lang='lat' dir='ltr'><strong>cxu&#39;tu);</strong></span> 
     </span>
    </p>
   </div>
   <div class='ocr_carea' id='block_1_102' title="bbox 373 5474 1951 5547">
    <p class='ocr_par' dir='ltr' id='par_1_102' title="bbox 373 5474 1951 5547">
     <span class='ocr_line' id='line_1_102' title="bbox 373 5474 1951 5547; baseline 0.002 -17"><span class='ocrx_word' id='word_1_735' title='bbox 373 5474 528 5545; x_wconf 87' lang='lat' dir='ltr'><strong>cujus</strong></span> <span class='ocrx_word' id='word_1_736' title='bbox 553 5476 717 5531; x_wconf 88' lang='lat' dir='ltr'><strong>etiam</strong></span> <span class='ocrx_word' id='word_1_737' title='bbox 735 5476 937 5532; x_wconf 84' lang='lat' dir='ltr'><strong>sanctis</strong></span> <span class='ocrx_word' id='word_1_738' title='bbox 981 5475 1092 5545; x_wconf 90' lang='lat' dir='ltr'><strong>qui,</strong></span> <span class='ocrx_word' id='word_1_739' title='bbox 1118 5475 1448 5547; x_wconf 83' lang='lat' dir='ltr'><strong>triumphato</strong></span> <span class='ocrx_word' id='word_1_740' title='bbox 1476 5476 1710 5545; x_wconf 89' lang='lat' dir='ltr'><strong>diabolo,</strong></span> <span class='ocrx_word' id='word_1_741' title='bbox 1737 5493 1860 5534; x_wconf 90' lang='lat' dir='ltr'><strong>cum</strong></span> <span class='ocrx_word' id='word_1_742' title='bbox 1885 5490 1951 5533; x_wconf 85' lang='lat' dir='ltr'><strong>eo</strong></span> 
     </span>
    </p>
   </div>
   <div class='ocr_carea' id='block_1_103' title="bbox 446 5589 1950 5663">
    <p class='ocr_par' dir='ltr' id='par_1_103' title="bbox 446 5589 1950 5663">
     <span class='ocr_line' id='line_1_103' title="bbox 446 5589 1950 5663; baseline -0.001 -14"><span class='ocrx_word' id='word_1_743' title='bbox 446 5603 473 5633; x_wconf 76' lang='grc'><strong><em>⁸</em></strong></span> <span class='ocrx_word' id='word_1_744' title='bbox 504 5589 690 5663; x_wconf 66' lang='lat' dir='ltr'><strong>Solum</strong></span> <span class='ocrx_word' id='word_1_745' title='bbox 710 5608 935 5663; x_wconf 64' lang='lat' dir='ltr'><strong>namque</strong></span> <span class='ocrx_word' id='word_1_746' title='bbox 948 5592 1229 5663; x_wconf 69' lang='lat' dir='ltr'><strong>Dentium:</strong></span> <span class='ocrx_word' id='word_1_747' title='bbox 1243 5590 1430 5663; x_wconf 76' lang='lat' dir='ltr'><strong>calere.</strong></span> <span class='ocrx_word' id='word_1_748' title='bbox 1451 5592 1701 5663; x_wconf 76' lang='lat' dir='ltr'><strong>correxit</strong></span> <span class='ocrx_word' id='word_1_749' title='bbox 1721 5592 1950 5649; x_wconf 81' lang='lat' dir='ltr'><strong>Linden-</strong></span> 
     </span>
    </p>
   </div>
   <div class='ocr_carea' id='block_1_104' title="bbox 374 5651 1946 5742">
    <p class='ocr_par' dir='ltr' id='par_1_104' title="bbox 374 5651 1946 5742">
     <span class='ocr_line' id='line_1_104' title="bbox 374 5651 1946 5742; baseline 0.003 -28"><span class='ocrx_word' id='word_1_750' title='bbox 374 5660 653 5742; x_wconf 68' lang='lat' dir='ltr'><strong>brucitins,</strong></span> <span class='ocrx_word' id='word_1_751' title='bbox 696 5651 863 5742; x_wconf 52' lang='lat' dir='ltr'><strong>Dentri</strong></span> <span class='ocrx_word' id='word_1_752' title='bbox 911 5660 1193 5742; x_wconf 33' lang='lat' dir='ltr'><strong>colereuct</strong></span> <span class='ocrx_word' id='word_1_753' title='bbox 1229 5660 1423 5742; x_wconf 70' lang='lat' dir='ltr'><strong>placet.</strong></span> <span class='ocrx_word' id='word_1_754' title='bbox 1470 5662 1643 5742; x_wconf 52' lang='lat' dir='ltr'><strong>Natus</strong></span> <span class='ocrx_word' id='word_1_755' title='bbox 1677 5679 1838 5742; x_wconf 56' lang='lat' dir='ltr'><strong>error</strong></span> <span class='ocrx_word' id='word_1_756' title='bbox 1864 5678 1946 5742; x_wconf 58' lang='lat' dir='ltr'><strong>ex</strong></span> 
     </span>
    </p>
   </div>
   <div class='ocr_carea' id='block_1_105' title="bbox 376 5729 1947 5807">
    <p class='ocr_par' dir='ltr' id='par_1_105' title="bbox 376 5729 1947 5807">
     <span class='ocr_line' id='line_1_105' title="bbox 376 5729 1947 5807; baseline 0.004 -23"><span class='ocrx_word' id='word_1_757' title='bbox 376 5733 693 5801; x_wconf 79' lang='lat' dir='ltr'><strong>wmpendio</strong></span> <span class='ocrx_word' id='word_1_758' title='bbox 739 5733 1043 5807; x_wconf 72' lang='lat' dir='ltr'><strong>scriptum.</strong></span> <span class='ocrx_word' id='word_1_759' title='bbox 1091 5730 1184 5789; x_wconf 82' lang='lat' dir='ltr'><strong>Sic</strong></span> <span class='ocrx_word' id='word_1_760' title='bbox 1229 5729 1373 5786; x_wconf 78' lang='lat' dir='ltr'><strong>infra</strong></span> <span class='ocrx_word' id='word_1_761' title='bbox 1418 5734 1649 5806; x_wconf 59' lang='lat' dir='ltr'><strong>captiti,</strong></span> <span class='ocrx_word' id='word_1_762' title='bbox 1676 5735 1767 5792; x_wconf 89' lang='lat' dir='ltr'><strong>ubi</strong></span> <span class='ocrx_word' id='word_1_763' title='bbox 1789 5733 1947 5801; x_wconf 67' lang='lat' dir='ltr'><strong>vulgo</strong></span> 
     </span>
    </p>
   </div>
   <div class='ocr_carea' id='block_1_106' title="bbox 2051 4555 3610 4632">
    <p class='ocr_par' dir='ltr' id='par_1_106' title="bbox 2051 4555 3610 4632">
     <span class='ocr_line' id='line_1_106' title="bbox 2051 4555 3610 4632; baseline -0.004 -15"><span class='ocrx_word' id='word_1_764' title='bbox 2051 4562 2151 4618; x_wconf 89' lang='lat' dir='ltr'><strong>nisi</strong></span> <span class='ocrx_word' id='word_1_765' title='bbox 2182 4560 2477 4632; x_wconf 87' lang='lat' dir='ltr'><strong>imaginum</strong></span> <span class='ocrx_word' id='word_1_766' title='bbox 2530 4557 2914 4613; x_wconf 88' lang='lat' dir='ltr'><strong>adminiculum</strong></span> <span class='ocrx_word' id='word_1_767' title='bbox 2962 4555 3304 4628; x_wconf 80' lang='lat' dir='ltr'><strong>suffragetur,</strong></span> <span class='ocrx_word' id='word_1_768' title='bbox 3354 4556 3610 4611; x_wconf 82' lang='lat' dir='ltr'><strong>abinten</strong></span> 
     </span>
    </p>
   </div>
   <div class='ocr_carea' id='block_1_107' title="bbox 2052 4648 3625 4718">
    <p class='ocr_par' dir='ltr' id='par_1_107' title="bbox 2052 4648 3625 4718">
     <span class='ocr_line' id='line_1_107' title="bbox 2052 4648 3625 4718; baseline -0.003 -9"><span class='ocrx_word' id='word_1_769' title='bbox 2052 4654 2197 4709; x_wconf 88' lang='lat' dir='ltr'><strong>tione</strong></span> <span class='ocrx_word' id='word_1_770' title='bbox 2225 4651 2502 4707; x_wconf 83' lang='lat' dir='ltr'><strong>servitutis</strong></span> <span class='ocrx_word' id='word_1_771' title='bbox 2541 4650 2637 4706; x_wconf 88' lang='lat' dir='ltr'><strong>Dei</strong></span> <span class='ocrx_word' id='word_1_772' title='bbox 2665 4657 2720 4706; x_wconf 85' lang='lat' dir='ltr'><strong>et</strong></span> <span class='ocrx_word' id='word_1_773' title='bbox 2771 4650 3120 4706; x_wconf 87' lang='lat' dir='ltr'><strong>veneratione</strong></span> <span class='ocrx_word' id='word_1_774' title='bbox 3166 4656 3478 4705; x_wconf 86' lang='lat' dir='ltr'><strong>sanctorum</strong></span> <span class='ocrx_word' id='word_1_775' title='bbox 3507 4648 3625 4718; x_wconf 81' lang='lat' dir='ltr'><strong>ejus</strong></span> 
     </span>
    </p>
   </div>
   <div class='ocr_carea' id='block_1_108' title="bbox 2052 4738 3631 4811">
    <p class='ocr_par' dir='ltr' id='par_1_108' title="bbox 2052 4738 3631 4811">
     <span class='ocr_line' id='line_1_108' title="bbox 2052 4738 3631 4811; baseline -0.004 -11"><span class='ocrx_word' id='word_1_776' title='bbox 2052 4744 2309 4800; x_wconf 87' lang='lat' dir='ltr'><strong>recedere</strong></span> <span class='ocrx_word' id='word_1_777' title='bbox 2347 4740 2738 4811; x_wconf 88' lang='lat' dir='ltr'><strong>compellatur;</strong></span> <span class='ocrx_word' id='word_1_778' title='bbox 2785 4755 2889 4795; x_wconf 89' lang='lat' dir='ltr'><strong>nec</strong></span> <span class='ocrx_word' id='word_1_779' title='bbox 2934 4738 3247 4795; x_wconf 17' lang='lat' dir='ltr'><strong>seiidoneos</strong></span> <span class='ocrx_word' id='word_1_780' title='bbox 3298 4739 3631 4794; x_wconf 83' lang='lat' dir='ltr'><strong>arbitrantur</strong></span> 
     </span>
    </p>
   </div>
   <div class='ocr_carea' id='block_1_109' title="bbox 2052 4828 3629 4899">
    <p class='ocr_par' dir='ltr' id='par_1_109' title="bbox 2052 4828 3629 4899">
     <span class='ocr_line' id='line_1_109' title="bbox 2052 4828 3629 4899; baseline -0.004 -10"><span class='ocrx_word' id='word_1_781' title='bbox 2052 4832 2249 4889; x_wconf 90' lang='lat' dir='ltr'><strong>mentis</strong></span> <span class='ocrx_word' id='word_1_782' title='bbox 2273 4832 2491 4887; x_wconf 91' lang='lat' dir='ltr'><strong>oculum</strong></span> <span class='ocrx_word' id='word_1_783' title='bbox 2522 4845 2685 4899; x_wconf 84' lang='lat' dir='ltr'><strong>supra</strong></span> <span class='ocrx_word' id='word_1_784' title='bbox 2731 4838 3037 4885; x_wconf 86' lang='lat' dir='ltr'><strong>creaturam</strong></span> <span class='ocrx_word' id='word_1_785' title='bbox 3081 4844 3396 4898; x_wconf 90' lang='lat' dir='ltr'><strong>corpoream</strong></span> <span class='ocrx_word' id='word_1_786' title='bbox 3448 4828 3629 4884; x_wconf 80' lang='lat' dir='ltr'><strong>levare</strong></span> 
     </span>
    </p>
   </div>
   <div class='ocr_carea' id='block_1_110' title="bbox 2053 4920 3627 4981">
    <p class='ocr_par' dir='ltr' id='par_1_110' title="bbox 2053 4920 3627 4981">
     <span class='ocr_line' id='line_1_110' title="bbox 2053 4920 3627 4981; baseline -0.005 -1"><span class='ocrx_word' id='word_1_787' title='bbox 2053 4926 2119 4981; x_wconf 89' lang='lat' dir='ltr'><strong>ad</strong></span> <span class='ocrx_word' id='word_1_788' title='bbox 2157 4924 2516 4980; x_wconf 82' lang='lat' dir='ltr'><strong>hauriendum</strong></span> <span class='ocrx_word' id='word_1_789' title='bbox 2559 4929 2822 4977; x_wconf 67' lang='lat' dir='ltr'><strong>aeternum</strong></span> <span class='ocrx_word' id='word_1_790' title='bbox 2851 4920 3030 4976; x_wconf 89' lang='lat' dir='ltr'><strong>lumen</strong></span> <span class='ocrx_word' id='word_1_791' title='bbox 3060 4921 3161 4975; x_wconf 91' lang='lat' dir='ltr'><strong>nisi</strong></span> <span class='ocrx_word' id='word_1_792' title='bbox 3217 4928 3480 4974; x_wconf 82' lang='lat' dir='ltr'><strong>creatura:</strong></span> <span class='ocrx_word' id='word_1_793' title='bbox 3511 4935 3627 4973; x_wconf 89' lang='lat' dir='ltr'><strong>cor-</strong></span> 
     </span>
    </p>
   </div>
   <div class='ocr_carea' id='block_1_111' title="bbox 2050 5005 3631 5095">
    <p class='ocr_par' dir='ltr' id='par_1_111' title="bbox 2050 5005 3631 5095">
     <span class='ocr_line' id='line_1_111' title="bbox 2050 5005 3631 5095; baseline -0.006 -24"><span class='ocrx_word' id='word_1_794' title='bbox 2050 5029 2233 5086; x_wconf 78' lang='lat' dir='ltr'><strong>porea:</strong></span> <span class='ocrx_word' id='word_1_795' title='bbox 2257 5011 2524 5082; x_wconf 89' lang='lat' dir='ltr'><strong>adjutorio</strong></span> <span class='ocrx_word' id='word_1_796' title='bbox 2554 5009 2865 5095; x_wconf 66' lang='lat' dir='ltr'><strong>iniciantur.</strong></span> <span class='ocrx_word' id='word_1_797' title='bbox 2907 5008 3013 5065; x_wconf 88' lang='lat' dir='ltr'><strong>Sed</strong></span> <span class='ocrx_word' id='word_1_798' title='bbox 3048 5023 3118 5063; x_wconf 93' lang='lat' dir='ltr'><strong>ne</strong></span> <span class='ocrx_word' id='word_1_799' title='bbox 3146 5007 3286 5077; x_wconf 76' lang='lat' dir='ltr'><strong>forte</strong></span> <span class='ocrx_word' id='word_1_800' title='bbox 3319 5008 3403 5063; x_wconf 90' lang='lat' dir='ltr'><strong>sui</strong></span> <span class='ocrx_word' id='word_1_801' title='bbox 3427 5005 3631 5061; x_wconf 86' lang='lat' dir='ltr'><strong>erroris</strong></span> 
     </span>
    </p>
   </div>
   <div class='ocr_carea' id='block_1_112' title="bbox 2052 5098 3629 5168">
    <p class='ocr_par' dir='ltr' id='par_1_112' title="bbox 2052 5098 3629 5168">
     <span class='ocr_line' id='line_1_112' title="bbox 2052 5098 3629 5168; baseline -0.007 -8"><span class='ocrx_word' id='word_1_802' title='bbox 2052 5121 2268 5160; x_wconf 86' lang='lat' dir='ltr'><strong>murum</strong></span> <span class='ocrx_word' id='word_1_803' title='bbox 2296 5103 2382 5158; x_wconf 90' lang='lat' dir='ltr'><strong>his</strong></span> <span class='ocrx_word' id='word_1_804' title='bbox 2412 5108 2622 5156; x_wconf 88' lang='lat' dir='ltr'><strong>tentent</strong></span> <span class='ocrx_word' id='word_1_805' title='bbox 2675 5098 2818 5154; x_wconf 87' lang='lat' dir='ltr'><strong>tueri</strong></span> <span class='ocrx_word' id='word_1_806' title='bbox 2864 5099 3256 5155; x_wconf 87' lang='lat' dir='ltr'><strong>munitionibus</strong></span> <span class='ocrx_word' id='word_1_807' title='bbox 3299 5113 3368 5155; x_wconf 86' lang='lat' dir='ltr'><strong>eo</strong></span> <span class='ocrx_word' id='word_1_808' title='bbox 3405 5099 3548 5168; x_wconf 83' lang='lat' dir='ltr'><strong>quod</strong></span> <span class='ocrx_word' id='word_1_809' title='bbox 3577 5108 3629 5163; x_wconf 85' lang='lat' dir='ltr'><strong>et</strong></span> 
     </span>
    </p>
   </div>
   <div class='ocr_carea' id='block_1_113' title="bbox 2052 5187 3638 5265">
    <p class='ocr_par' dir='ltr' id='par_1_113' title="bbox 2052 5187 3638 5265">
     <span class='ocr_line' id='line_1_113' title="bbox 2052 5187 3638 5265; baseline -0.006 -14"><span class='ocrx_word' id='word_1_810' title='bbox 2052 5211 2154 5252; x_wconf 90' lang='lat' dir='ltr'><strong>nos</strong></span> <span class='ocrx_word' id='word_1_811' title='bbox 2180 5196 2250 5249; x_wconf 93' lang='lat' dir='ltr'><strong>ob</strong></span> <span class='ocrx_word' id='word_1_812' title='bbox 2278 5191 2594 5249; x_wconf 86' lang='lat' dir='ltr'><strong>memoriam</strong></span> <span class='ocrx_word' id='word_1_813' title='bbox 2648 5206 2830 5245; x_wconf 89' lang='lat' dir='ltr'><strong>rerum</strong></span> <span class='ocrx_word' id='word_1_814' title='bbox 2879 5199 3151 5265; x_wconf 81' lang='lat' dir='ltr'><strong>gestarum</strong></span> <span class='ocrx_word' id='word_1_815' title='bbox 3200 5190 3470 5260; x_wconf 86' lang='lat' dir='ltr'><strong>imagines</strong></span> <span class='ocrx_word' id='word_1_816' title='bbox 3513 5187 3638 5258; x_wconf 86' lang='lat' dir='ltr'><strong>qui-</strong></span> 
     </span>
    </p>
   </div>
   <div class='ocr_carea' id='block_1_114' title="bbox 2053 5280 3632 5348">
    <p class='ocr_par' dir='ltr' id='par_1_114' title="bbox 2053 5280 3632 5348">
     <span class='ocr_line' id='line_1_114' title="bbox 2053 5280 3632 5348; baseline -0.006 -5"><span class='ocrx_word' id='word_1_817' title='bbox 2053 5286 2287 5343; x_wconf 87' lang='lat' dir='ltr'><strong>buslibet</strong></span> <span class='ocrx_word' id='word_1_818' title='bbox 2340 5282 2612 5340; x_wconf 87' lang='lat' dir='ltr'><strong>habendas</strong></span> <span class='ocrx_word' id='word_1_819' title='bbox 2673 5296 2793 5338; x_wconf 89' lang='lat' dir='ltr'><strong>esse</strong></span> <span class='ocrx_word' id='word_1_820' title='bbox 2839 5283 3204 5348; x_wconf 86' lang='lat' dir='ltr'><strong>concedimus,</strong></span> <span class='ocrx_word' id='word_1_821' title='bbox 3260 5282 3346 5339; x_wconf 85' lang='lat' dir='ltr'><strong>his</strong></span> <span class='ocrx_word' id='word_1_822' title='bbox 3390 5297 3421 5336; x_wconf 86' lang='lat' dir='ltr'><strong>a</strong></span> <span class='ocrx_word' id='word_1_823' title='bbox 3475 5280 3632 5335; x_wconf 89' lang='lat' dir='ltr'><strong>nobis</strong></span> 
     </span>
    </p>
   </div>
   <div class='ocr_carea' id='block_1_115' title="bbox 2052 5356 3626 5440">
    <p class='ocr_par' dir='ltr' id='par_1_115' title="bbox 2052 5356 3626 5440">
     <span class='ocr_line' id='line_1_115' title="bbox 2052 5356 3626 5440; baseline -0.007 -6"><span class='ocrx_word' id='word_1_824' title='bbox 2052 5391 2240 5434; x_wconf 86' lang='lat' dir='ltr'><strong>eorum</strong></span> <span class='ocrx_word' id='word_1_825' title='bbox 2268 5375 2496 5431; x_wconf 87' lang='lat' dir='ltr'><strong>ﬁrmitas</strong></span> <span class='ocrx_word' id='word_1_826' title='bbox 2532 5373 2813 5439; x_wconf 84' lang='lat' dir='ltr'><strong>arietibus,</strong></span> <span class='ocrx_word' id='word_1_827' title='bbox 2839 5356 2847 5363; x_wconf 64' lang='grc'><em>’</em></span> <span class='ocrx_word' id='word_1_828' title='bbox 2869 5373 3030 5428; x_wconf 90' lang='lat' dir='ltr'><strong>tantis</strong></span> <span class='ocrx_word' id='word_1_829' title='bbox 3079 5371 3326 5427; x_wconf 86' lang='lat' dir='ltr'><strong>veritatis</strong></span> <span class='ocrx_word' id='word_1_830' title='bbox 3361 5370 3626 5440; x_wconf 81' lang='lat' dir='ltr'><strong>quatietur</strong></span> 
     </span>
    </p>
   </div>
   <div class='ocr_carea' id='block_1_116' title="bbox 2052 5464 3624 5548">
    <p class='ocr_par' dir='ltr' id='par_1_116' title="bbox 2052 5464 3624 5548">
     <span class='ocr_line' id='line_1_116' title="bbox 2052 5464 3624 5548; baseline -0.01 -15"><span class='ocrx_word' id='word_1_831' title='bbox 2052 5477 2373 5548; x_wconf 86' lang='lat' dir='ltr'><strong>impulsibus</strong></span> <span class='ocrx_word' id='word_1_832' title='bbox 2399 5476 2541 5546; x_wconf 91' lang='lat' dir='ltr'><strong>quod</strong></span> <span class='ocrx_word' id='word_1_833' title='bbox 2590 5473 2737 5528; x_wconf 90' lang='lat' dir='ltr'><strong>aliud</strong></span> <span class='ocrx_word' id='word_1_834' title='bbox 2765 5480 2850 5527; x_wconf 89' lang='lat' dir='ltr'><strong>est</strong></span> <span class='ocrx_word' id='word_1_835' title='bbox 2885 5486 2979 5526; x_wconf 84' lang='lat' dir='ltr'><strong>eas</strong></span> <span class='ocrx_word' id='word_1_836' title='bbox 3008 5470 3210 5525; x_wconf 87' lang='lat' dir='ltr'><strong>habere</strong></span> <span class='ocrx_word' id='word_1_837' title='bbox 3250 5465 3537 5524; x_wconf 90' lang='lat' dir='ltr'><strong>oblivionis</strong></span> <span class='ocrx_word' id='word_1_838' title='bbox 3565 5464 3624 5519; x_wconf 60' lang='lat' dir='ltr'><strong>ti.</strong></span> 
     </span>
    </p>
   </div>
   <div class='ocr_carea' id='block_1_117' title="bbox 2044 5579 3626 5662">
    <p class='ocr_par' dir='ltr' id='par_1_117' title="bbox 2044 5579 3626 5662">
     <span class='ocr_line' id='line_1_117' title="bbox 2044 5579 3626 5662; baseline -0.007 -16"><span class='ocrx_word' id='word_1_839' title='bbox 2044 5589 2264 5662; x_wconf 81' lang='lat' dir='ltr'><strong>legitur,</strong></span> <span class='ocrx_word' id='word_1_840' title='bbox 2306 5590 2441 5662; x_wconf 78' lang='lat' dir='ltr'><strong>inter</strong></span> <span class='ocrx_word' id='word_1_841' title='bbox 2472 5585 2774 5662; x_wconf 29' lang='lat' dir='ltr'><strong>D‘omimtm.</strong></span> <span class='ocrx_word' id='word_1_842' title='bbox 2796 5593 2850 5637; x_wconf 79' lang='lat' dir='ltr'><strong>et</strong></span> <span class='ocrx_word' id='word_1_843' title='bbox 2883 5582 3128 5662; x_wconf 48' lang='lat' dir='ltr'><strong>homines</strong></span> <span class='ocrx_word' id='word_1_844' title='bbox 3169 5596 3321 5662; x_wconf 57' lang='lat' dir='ltr'><strong>uerus</strong></span> <span class='ocrx_word' id='word_1_845' title='bbox 3351 5579 3626 5662; x_wconf 52' lang='lat' dir='ltr'><strong>interpreti.</strong></span> 
     </span>
    </p>
   </div>
   <div class='ocr_carea' id='block_1_118' title="bbox 2048 5645 3625 5721">
    <p class='ocr_par' dir='ltr' id='par_1_118' title="bbox 2048 5645 3625 5721">
     <span class='ocr_line' id='line_1_118' title="bbox 2048 5645 3625 5721; baseline -0.011 -5"><span class='ocrx_word' id='word_1_846' title='bbox 2048 5645 2472 5721; x_wconf 56' lang='lat' dir='ltr'><strong>ciientiavimus,</strong></span> <span class='ocrx_word' id='word_1_847' title='bbox 2498 5656 2662 5710; x_wconf 82' lang='lat' dir='ltr'><strong>Deum</strong></span> <span class='ocrx_word' id='word_1_848' title='bbox 2682 5665 2731 5708; x_wconf 77' lang='lat' dir='ltr'><strong>et</strong></span> <span class='ocrx_word' id='word_1_849' title='bbox 2754 5653 3008 5708; x_wconf 75' lang='lat' dir='ltr'><strong>homines.</strong></span> <span class='ocrx_word' id='word_1_850' title='bbox 3037 5652 3149 5709; x_wconf 62' lang='lat' dir='ltr'><strong>Nec</strong></span> <span class='ocrx_word' id='word_1_851' title='bbox 3170 5650 3296 5708; x_wconf 81' lang='lat' dir='ltr'><strong>alibi</strong></span> <span class='ocrx_word' id='word_1_852' title='bbox 3318 5645 3625 5706; x_wconf 82' lang='lat' dir='ltr'><strong>scmellmic</strong></span> 
     </span>
    </p>
   </div>
   <div class='ocr_carea' id='block_1_119' title="bbox 2052 5724 2930 5793">
    <p class='ocr_par' dir='ltr' id='par_1_119' title="bbox 2052 5724 2930 5793">
     <span class='ocr_line' id='line_1_119' title="bbox 2052 5724 2930 5793; baseline -0.01 -7"><span class='ocrx_word' id='word_1_853' title='bbox 2052 5733 2186 5788; x_wconf 86' lang='lat' dir='ltr'><strong>vitio</strong></span> <span class='ocrx_word' id='word_1_854' title='bbox 2217 5730 2536 5787; x_wconf 84' lang='lat' dir='ltr'><strong>medicinam</strong></span> <span class='ocrx_word' id='word_1_855' title='bbox 2567 5724 2930 5793; x_wconf 84' lang='lat' dir='ltr'><strong>adhibuimus.</strong></span> 
     </span>
    </p>
   </div>
  </div>
