  <div class='ocr_page' id='page_1' title='image "/cluster/home/n/w/nwhite01/storage/ocr_20150623/98/hvd.32044054759675/551.png"; bbox 0 0 4070 6186; ppageno 0'>
   <div class='ocr_carea' id='block_1_1' title="bbox 526 276 663 332">
    <p class='ocr_par' dir='ltr' id='par_1_1' title="bbox 526 276 663 332">
     <span class='ocr_line' id='line_1_1' title="bbox 526 276 663 332; baseline -0.015 0"><span class='ocrx_word' id='word_1_1' title='bbox 526 276 663 332; x_wconf 73' lang='grc'><strong>1087</strong></span> 
     </span>
    </p>
   </div>
   <div class='ocr_carea' id='block_1_2' title="bbox 1404 266 2925 340">
    <p class='ocr_par' dir='ltr' id='par_1_2' title="bbox 1404 266 2925 340">
     <span class='ocr_line' id='line_1_2' title="bbox 1404 266 2925 340; baseline 0.003 -5"><span class='ocrx_word' id='word_1_2' title='bbox 1404 279 1466 335; x_wconf 80' lang='grc' dir='ltr'><strong>Β.</strong></span> <span class='ocrx_word' id='word_1_3' title='bbox 1505 278 1755 337; x_wconf 73' lang='lat' dir='ltr'><strong>CAROLI</strong></span> <span class='ocrx_word' id='word_1_4' title='bbox 1793 278 2006 336; x_wconf 68' lang='lat' dir='ltr'><strong>MAGNI</strong></span> <span class='ocrx_word' id='word_1_5' title='bbox 2041 275 2193 337; x_wconf 86' lang='lat' dir='ltr'><strong>OPP.</strong></span> <span class='ocrx_word' id='word_1_6' title='bbox 2233 277 2414 337; x_wconf 79' lang='lat' dir='ltr'><strong>PARS</strong></span> <span class='ocrx_word' id='word_1_7' title='bbox 2448 280 2511 337; x_wconf 85' lang='lat' dir='ltr'><strong>ll.</strong></span> <span class='ocrx_word' id='word_1_8' title='bbox 2555 281 2796 340; x_wconf 83' lang='lat' dir='ltr'><strong>SECTIO</strong></span> <span class='ocrx_word' id='word_1_9' title='bbox 2834 266 2925 340; x_wconf 31' lang='grc' dir='ltr'><strong>ΙΙ..</strong></span> 
     </span>
    </p>
   </div>
   <div class='ocr_carea' id='block_1_3' title="bbox 3668 293 3787 350">
    <p class='ocr_par' dir='ltr' id='par_1_3' title="bbox 3668 293 3787 350">
     <span class='ocr_line' id='line_1_3' title="bbox 3668 293 3787 350; baseline 0.05 -5"><span class='ocrx_word' id='word_1_10' title='bbox 3668 293 3685 345; x_wconf 83' lang='lat' dir='ltr'><strong>l</strong></span> <span class='ocrx_word' id='word_1_11' title='bbox 3696 294 3787 350; x_wconf 60' lang='grc' dir='ltr'><strong>(ηδ</strong></span> 
     </span>
    </p>
   </div>
   <div class='ocr_carea' id='block_1_4' title="bbox 524 372 3789 466">
    <p class='ocr_par' dir='ltr' id='par_1_4' title="bbox 524 372 3789 466">
     <span class='ocr_line' id='line_1_4' title="bbox 524 372 3789 466; baseline 0.002 -17"><span class='ocrx_word' id='word_1_12' title='bbox 524 406 695 458; x_wconf 87' lang='lat' dir='ltr'><strong>more,</strong></span> <span class='ocrx_word' id='word_1_13' title='bbox 760 390 907 448; x_wconf 87' lang='lat' dir='ltr'><strong>aliud</strong></span> <span class='ocrx_word' id='word_1_14' title='bbox 970 391 1273 448; x_wconf 91' lang='lat' dir='ltr'><strong>ornamenti</strong></span> <span class='ocrx_word' id='word_1_15' title='bbox 1328 372 1511 448; x_wconf 83' lang='lat' dir='ltr'><strong>amore</strong></span> <span class='ocrx_word' id='word_1_16' title='bbox 1533 407 1575 461; x_wconf 75' lang='lat'><strong>;‘</strong></span> <span class='ocrx_word' id='word_1_17' title='bbox 1599 393 1743 449; x_wconf 82' lang='lat' dir='ltr'><strong>aliud</strong></span> <span class='ocrx_word' id='word_1_18' title='bbox 1796 394 2089 461; x_wconf 74' lang='lat' dir='ltr'><strong>voluntate,</strong></span> <span class='ocrx_word' id='word_1_19' title='bbox 2122 396 2167 451; x_wconf 72' lang='grc' dir='ltr'><strong>Α</strong></span> <span class='ocrx_word' id='word_1_20' title='bbox 2195 389 2277 446; x_wconf 88' lang='lat' dir='ltr'><strong>nit</strong></span> <span class='ocrx_word' id='word_1_21' title='bbox 2301 392 2543 457; x_wconf 81' lang='lat' dir='ltr'><strong>antistes,</strong></span> <span class='ocrx_word' id='word_1_22' title='bbox 2584 400 2640 450; x_wconf 89' lang='lat' dir='ltr'><strong>et</strong></span> <span class='ocrx_word' id='word_1_23' title='bbox 2664 394 2879 465; x_wconf 82' lang='lat' dir='ltr'><strong>utrique</strong></span> <span class='ocrx_word' id='word_1_24' title='bbox 2918 396 3063 466; x_wconf 85' lang='lat' dir='ltr'><strong>parti</strong></span> <span class='ocrx_word' id='word_1_25' title='bbox 3106 395 3248 452; x_wconf 86' lang='lat' dir='ltr'><strong>inter</strong></span> <span class='ocrx_word' id='word_1_26' title='bbox 3297 412 3363 453; x_wconf 89' lang='lat' dir='ltr'><strong>se</strong></span> <span class='ocrx_word' id='word_1_27' title='bbox 3396 406 3596 454; x_wconf 81' lang='lat' dir='ltr'><strong>mutuo</strong></span> <span class='ocrx_word' id='word_1_28' title='bbox 3627 403 3789 457; x_wconf 80' lang='lat' dir='ltr'><strong>confli-</strong></span> 
     </span>
    </p>
   </div>
   <div class='ocr_carea' id='block_1_5' title="bbox 526 483 2108 557">
    <p class='ocr_par' dir='ltr' id='par_1_5' title="bbox 526 483 2108 557">
     <span class='ocr_line' id='line_1_5' title="bbox 526 483 2108 557; baseline -0.002 -15"><span class='ocrx_word' id='word_1_29' title='bbox 526 486 672 542; x_wconf 89' lang='lat' dir='ltr'><strong>aliud</strong></span> <span class='ocrx_word' id='word_1_30' title='bbox 718 484 1054 557; x_wconf 75' lang='lat' dir='ltr'><strong>indigentia;</strong></span> <span class='ocrx_word' id='word_1_31' title='bbox 1118 483 1265 540; x_wconf 86' lang='lat' dir='ltr'><strong>aliud</strong></span> <span class='ocrx_word' id='word_1_32' title='bbox 1302 485 1507 541; x_wconf 91' lang='lat' dir='ltr'><strong>idcirco</strong></span> <span class='ocrx_word' id='word_1_33' title='bbox 1568 486 1749 541; x_wconf 88' lang='lat' dir='ltr'><strong>videre</strong></span> <span class='ocrx_word' id='word_1_34' title='bbox 1791 502 1861 541; x_wconf 90' lang='lat' dir='ltr'><strong>ne</strong></span> <span class='ocrx_word' id='word_1_35' title='bbox 1909 486 2003 540; x_wconf 88' lang='lat' dir='ltr'><strong>Dei</strong></span> <span class='ocrx_word' id='word_1_36' title='bbox 2052 492 2108 541; x_wconf 90' lang='lat' dir='ltr'><strong>et</strong></span> 
     </span>
    </p>
   </div>
   <div class='ocr_carea' id='block_1_6' title="bbox 527 573 2108 645">
    <p class='ocr_par' dir='ltr' id='par_1_6' title="bbox 527 573 2108 645">
     <span class='ocr_line' id='line_1_6' title="bbox 527 573 2108 645; baseline -0.004 -11"><span class='ocrx_word' id='word_1_37' title='bbox 527 582 836 635; x_wconf 86' lang='lat' dir='ltr'><strong>sanctorum</strong></span> <span class='ocrx_word' id='word_1_38' title='bbox 860 574 978 645; x_wconf 84' lang='lat' dir='ltr'><strong>ejus</strong></span> <span class='ocrx_word' id='word_1_39' title='bbox 1005 574 1182 630; x_wconf 86' lang='lat' dir='ltr'><strong>valeat</strong></span> <span class='ocrx_word' id='word_1_40' title='bbox 1204 574 1325 644; x_wconf 87' lang='lat' dir='ltr'><strong>quis</strong></span> <span class='ocrx_word' id='word_1_41' title='bbox 1350 574 1615 640; x_wconf 82' lang='lat' dir='ltr'><strong>oblivisci,</strong></span> <span class='ocrx_word' id='word_1_42' title='bbox 1651 573 1795 629; x_wconf 83' lang='lat' dir='ltr'><strong>aliud</strong></span> <span class='ocrx_word' id='word_1_43' title='bbox 1839 574 1960 629; x_wconf 88' lang='lat' dir='ltr'><strong>ideo</strong></span> <span class='ocrx_word' id='word_1_44' title='bbox 1982 588 2108 643; x_wconf 88' lang='lat' dir='ltr'><strong>spe-</strong></span> 
     </span>
    </p>
   </div>
   <div class='ocr_carea' id='block_1_7' title="bbox 529 665 2109 739">
    <p class='ocr_par' dir='ltr' id='par_1_7' title="bbox 529 665 2109 739">
     <span class='ocr_line' id='line_1_7' title="bbox 529 665 2109 739; baseline -0.004 -13"><span class='ocrx_word' id='word_1_45' title='bbox 529 678 678 726; x_wconf 89' lang='lat' dir='ltr'><strong>ctare</strong></span> <span class='ocrx_word' id='word_1_46' title='bbox 706 678 767 723; x_wconf 92' lang='lat' dir='ltr'><strong>ut</strong></span> <span class='ocrx_word' id='word_1_47' title='bbox 792 675 1064 739; x_wconf 86' lang='lat' dir='ltr'><strong>gestarum</strong></span> <span class='ocrx_word' id='word_1_48' title='bbox 1091 681 1273 720; x_wconf 88' lang='lat' dir='ltr'><strong>rerum</strong></span> <span class='ocrx_word' id='word_1_49' title='bbox 1302 665 1472 735; x_wconf 87' lang='lat' dir='ltr'><strong>possit</strong></span> <span class='ocrx_word' id='word_1_50' title='bbox 1504 665 1776 721; x_wconf 81' lang='lat' dir='ltr'><strong>reminisci</strong></span> <span class='ocrx_word' id='word_1_51' title='bbox 1802 682 1817 732; x_wconf 89' lang='lat'><strong>;</strong></span> <span class='ocrx_word' id='word_1_52' title='bbox 1857 665 2001 719; x_wconf 88' lang='lat' dir='ltr'><strong>aliud</strong></span> <span class='ocrx_word' id='word_1_53' title='bbox 2023 672 2109 720; x_wconf 90' lang='lat' dir='ltr'><strong>est</strong></span> 
     </span>
    </p>
   </div>
   <div class='ocr_carea' id='block_1_8' title="bbox 529 755 2104 826">
    <p class='ocr_par' dir='ltr' id='par_1_8' title="bbox 529 755 2104 826">
     <span class='ocr_line' id='line_1_8' title="bbox 529 755 2104 826; baseline -0.005 -10"><span class='ocrx_word' id='word_1_54' title='bbox 529 775 624 816; x_wconf 89' lang='lat' dir='ltr'><strong>eas</strong></span> <span class='ocrx_word' id='word_1_55' title='bbox 663 774 750 814; x_wconf 88' lang='lat' dir='ltr'><strong>res</strong></span> <span class='ocrx_word' id='word_1_56' title='bbox 803 759 987 812; x_wconf 89' lang='lat' dir='ltr'><strong>videre</strong></span> <span class='ocrx_word' id='word_1_57' title='bbox 1020 771 1159 826; x_wconf 63' lang='lat' dir='ltr'><strong>qua),</strong></span> <span class='ocrx_word' id='word_1_58' title='bbox 1210 756 1313 810; x_wconf 84' lang='lat' dir='ltr'><strong>nisi</strong></span> <span class='ocrx_word' id='word_1_59' title='bbox 1368 755 1667 819; x_wconf 89' lang='lat' dir='ltr'><strong>videantur,</strong></span> <span class='ocrx_word' id='word_1_60' title='bbox 1718 772 1826 810; x_wconf 90' lang='lat' dir='ltr'><strong>non</strong></span> <span class='ocrx_word' id='word_1_61' title='bbox 1887 756 2104 821; x_wconf 82' lang='lat' dir='ltr'><strong>obsunt,</strong></span> 
     </span>
    </p>
   </div>
   <div class='ocr_carea' id='block_1_9' title="bbox 533 846 2106 918">
    <p class='ocr_par' dir='ltr' id='par_1_9' title="bbox 533 846 2106 918">
     <span class='ocr_line' id='line_1_9' title="bbox 533 846 2106 918; baseline -0.004 -13"><span class='ocrx_word' id='word_1_62' title='bbox 533 851 678 906; x_wconf 81' lang='lat' dir='ltr'><strong>aliud</strong></span> <span class='ocrx_word' id='word_1_63' title='bbox 713 865 805 905; x_wconf 83' lang='lat' dir='ltr'><strong>eas</strong></span> <span class='ocrx_word' id='word_1_64' title='bbox 834 864 971 918; x_wconf 72' lang='lat' dir='ltr'><strong>qum,</strong></span> <span class='ocrx_word' id='word_1_65' title='bbox 1023 846 1129 902; x_wconf 89' lang='lat' dir='ltr'><strong>nisi</strong></span> <span class='ocrx_word' id='word_1_66' title='bbox 1161 853 1220 900; x_wconf 89' lang='lat' dir='ltr'><strong>ut</strong></span> <span class='ocrx_word' id='word_1_67' title='bbox 1244 846 1545 911; x_wconf 86' lang='lat' dir='ltr'><strong>videantur,</strong></span> <span class='ocrx_word' id='word_1_68' title='bbox 1583 846 1842 907; x_wconf 88' lang='lat' dir='ltr'><strong>ollieiunt,</strong></span> <span class='ocrx_word' id='word_1_69' title='bbox 1875 862 1999 901; x_wconf 91' lang='lat' dir='ltr'><strong>cum</strong></span> <span class='ocrx_word' id='word_1_70' title='bbox 2022 846 2106 899; x_wconf 87' lang='lat' dir='ltr'><strong>vi-</strong></span> 
     </span>
    </p>
   </div>
   <div class='ocr_carea' id='block_1_10' title="bbox 534 938 2106 1010">
    <p class='ocr_par' dir='ltr' id='par_1_10' title="bbox 534 938 2106 1010">
     <span class='ocr_line' id='line_1_10' title="bbox 534 938 2106 1010; baseline -0.005 -11"><span class='ocrx_word' id='word_1_71' title='bbox 534 943 726 999; x_wconf 89' lang='lat' dir='ltr'><strong>delicet</strong></span> <span class='ocrx_word' id='word_1_72' title='bbox 752 942 879 997; x_wconf 83' lang='lat' dir='ltr'><strong>sine</strong></span> <span class='ocrx_word' id='word_1_73' title='bbox 921 939 1212 1010; x_wconf 81' lang='lat' dir='ltr'><strong>imaginum</strong></span> <span class='ocrx_word' id='word_1_74' title='bbox 1244 938 1441 993; x_wconf 90' lang='lat' dir='ltr'><strong>intuitu</strong></span> <span class='ocrx_word' id='word_1_75' title='bbox 1488 940 1649 995; x_wconf 90' lang='lat' dir='ltr'><strong>homo</strong></span> <span class='ocrx_word' id='word_1_76' title='bbox 1699 939 1895 994; x_wconf 88' lang='lat' dir='ltr'><strong>salvari</strong></span> <span class='ocrx_word' id='word_1_77' title='bbox 1918 938 2106 1009; x_wconf 86' lang='lat' dir='ltr'><strong>possit,</strong></span> 
     </span>
    </p>
   </div>
   <div class='ocr_carea' id='block_1_11' title="bbox 532 1031 2110 1102">
    <p class='ocr_par' dir='ltr' id='par_1_11' title="bbox 532 1031 2110 1102">
     <span class='ocr_line' id='line_1_11' title="bbox 532 1031 2110 1102; baseline -0.003 -13"><span class='ocrx_word' id='word_1_78' title='bbox 532 1036 651 1090; x_wconf 83' lang='lat' dir='ltr'><strong>sine</strong></span> <span class='ocrx_word' id='word_1_79' title='bbox 685 1035 781 1089; x_wconf 91' lang='lat' dir='ltr'><strong>Dei</strong></span> <span class='ocrx_word' id='word_1_80' title='bbox 810 1049 937 1088; x_wconf 90' lang='lat' dir='ltr'><strong>vero</strong></span> <span class='ocrx_word' id='word_1_81' title='bbox 964 1032 1154 1088; x_wconf 84' lang='lat' dir='ltr'><strong>notitia</strong></span> <span class='ocrx_word' id='word_1_82' title='bbox 1182 1032 1403 1086; x_wconf 87' lang='lat' dir='ltr'><strong>omnino</strong></span> <span class='ocrx_word' id='word_1_83' title='bbox 1430 1047 1537 1086; x_wconf 91' lang='lat' dir='ltr'><strong>non</strong></span> <span class='ocrx_word' id='word_1_84' title='bbox 1571 1032 1764 1101; x_wconf 85' lang='lat' dir='ltr'><strong>possit.</strong></span> <span class='ocrx_word' id='word_1_85' title='bbox 1803 1031 1936 1088; x_wconf 90' lang='lat' dir='ltr'><strong>Cum</strong></span> <span class='ocrx_word' id='word_1_86' title='bbox 1980 1047 2110 1102; x_wconf 85' lang='lat' dir='ltr'><strong>ergo</strong></span> 
     </span>
    </p>
   </div>
   <div class='ocr_carea' id='block_1_12' title="bbox 535 1115 2110 1190">
    <p class='ocr_par' dir='ltr' id='par_1_12' title="bbox 535 1115 2110 1190">
     <span class='ocr_line' id='line_1_12' title="bbox 535 1115 2110 1190; baseline -0.001 -11"><span class='ocrx_word' id='word_1_87' title='bbox 535 1140 687 1181; x_wconf 84' lang='lat' dir='ltr'><strong>mens</strong></span> <span class='ocrx_word' id='word_1_88' title='bbox 748 1115 985 1180; x_wconf 82' lang='lat' dir='ltr'><strong>hominis</strong></span> <span class='ocrx_word' id='word_1_89' title='bbox 1042 1124 1119 1177; x_wconf 88' lang='lat' dir='ltr'><strong>ita</strong></span> <span class='ocrx_word' id='word_1_90' title='bbox 1162 1122 1212 1177; x_wconf 94' lang='lat' dir='ltr'><strong>ei</strong></span> <span class='ocrx_word' id='word_1_91' title='bbox 1262 1122 1527 1177; x_wconf 72' lang='lat' dir='ltr'><strong>inhzerere</strong></span> <span class='ocrx_word' id='word_1_92' title='bbox 1589 1122 1781 1176; x_wconf 83' lang='lat' dir='ltr'><strong>debeat</strong></span> <span class='ocrx_word' id='word_1_93' title='bbox 1833 1122 1902 1177; x_wconf 88' lang='lat' dir='ltr'><strong>ad</strong></span> <span class='ocrx_word' id='word_1_94' title='bbox 1956 1121 2110 1190; x_wconf 85' lang='lat' dir='ltr'><strong>cujus</strong></span> 
     </span>
    </p>
   </div>
   <div class='ocr_carea' id='block_1_13' title="bbox 535 1212 2108 1286">
    <p class='ocr_par' dir='ltr' id='par_1_13' title="bbox 535 1212 2108 1286">
     <span class='ocr_line' id='line_1_13' title="bbox 535 1212 2108 1286; baseline -0.003 -16"><span class='ocrx_word' id='word_1_95' title='bbox 535 1215 816 1286; x_wconf 76' lang='lat' dir='ltr'><strong>imaginem</strong></span> <span class='ocrx_word' id='word_1_96' title='bbox 849 1214 1064 1270; x_wconf 86' lang='lat' dir='ltr'><strong>condita</strong></span> <span class='ocrx_word' id='word_1_97' title='bbox 1098 1221 1199 1275; x_wconf 89' lang='lat' dir='ltr'><strong>est,</strong></span> <span class='ocrx_word' id='word_1_98' title='bbox 1236 1212 1463 1267; x_wconf 88' lang='lat' dir='ltr'><strong>utnulla</strong></span> <span class='ocrx_word' id='word_1_99' title='bbox 1495 1221 1742 1267; x_wconf 85' lang='lat' dir='ltr'><strong>creatura</strong></span> <span class='ocrx_word' id='word_1_100' title='bbox 1788 1212 2108 1282; x_wconf 90' lang='lat' dir='ltr'><strong>interposita</strong></span> 
     </span>
    </p>
   </div>
   <div class='ocr_carea' id='block_1_14' title="bbox 535 1298 2110 1378">
    <p class='ocr_par' dir='ltr' id='par_1_14' title="bbox 535 1298 2110 1378">
     <span class='ocr_line' id='line_1_14' title="bbox 535 1298 2110 1378; baseline -0.003 -14"><span class='ocrx_word' id='word_1_101' title='bbox 535 1311 602 1364; x_wconf 90' lang='lat' dir='ltr'><strong>ab</strong></span> <span class='ocrx_word' id='word_1_102' title='bbox 633 1309 746 1378; x_wconf 90' lang='lat' dir='ltr'><strong>ipsa</strong></span> <span class='ocrx_word' id='word_1_103' title='bbox 772 1308 1020 1371; x_wconf 74' lang='lat' dir='ltr'><strong>veritate,</strong></span> <span class='ocrx_word' id='word_1_104' title='bbox 1075 1322 1194 1375; x_wconf 57' lang='lat' dir='ltr'><strong>quae</strong></span> <span class='ocrx_word' id='word_1_105' title='bbox 1232 1304 1483 1360; x_wconf 85' lang='lat' dir='ltr'><strong>Christus</strong></span> <span class='ocrx_word' id='word_1_106' title='bbox 1540 1312 1642 1363; x_wconf 89' lang='lat' dir='ltr'><strong>est.</strong></span> <span class='ocrx_word' id='word_1_107' title='bbox 1693 1298 1975 1368; x_wconf 78' lang='lat' dir='ltr'><strong>formetur,</strong></span> <span class='ocrx_word' id='word_1_108' title='bbox 2016 1305 2110 1359; x_wconf 84' lang='lat' dir='ltr'><strong>dc-</strong></span> 
     </span>
    </p>
   </div>
   <div class='ocr_carea' id='block_1_15' title="bbox 535 1395 2112 1466">
    <p class='ocr_par' dir='ltr' id='par_1_15' title="bbox 535 1395 2112 1466">
     <span class='ocr_line' id='line_1_15' title="bbox 535 1395 2112 1466; baseline -0.003 -12"><span class='ocrx_word' id='word_1_109' title='bbox 535 1399 925 1454; x_wconf 88' lang='lat' dir='ltr'><strong>mentissimum</strong></span> <span class='ocrx_word' id='word_1_110' title='bbox 956 1405 1041 1452; x_wconf 88' lang='lat' dir='ltr'><strong>est</strong></span> <span class='ocrx_word' id='word_1_111' title='bbox 1073 1413 1191 1452; x_wconf 90' lang='lat' dir='ltr'><strong>eam</strong></span> <span class='ocrx_word' id='word_1_112' title='bbox 1218 1397 1550 1466; x_wconf 90' lang='lat' dir='ltr'><strong>interpositis</strong></span> <span class='ocrx_word' id='word_1_113' title='bbox 1579 1395 1946 1450; x_wconf 87' lang='lat' dir='ltr'><strong>materialibus</strong></span> <span class='ocrx_word' id='word_1_114' title='bbox 1978 1395 2112 1449; x_wconf 89' lang='lat' dir='ltr'><strong>ima-</strong></span> 
     </span>
    </p>
   </div>
   <div class='ocr_carea' id='block_1_16' title="bbox 536 1485 2113 1560">
    <p class='ocr_par' dir='ltr' id='par_1_16' title="bbox 536 1485 2113 1560">
     <span class='ocr_line' id='line_1_16' title="bbox 536 1485 2113 1560; baseline -0.003 -17"><span class='ocrx_word' id='word_1_115' title='bbox 536 1490 751 1560; x_wconf 82' lang='lat' dir='ltr'><strong>ginibus</strong></span> <span class='ocrx_word' id='word_1_116' title='bbox 781 1503 849 1542; x_wconf 90' lang='lat' dir='ltr'><strong>ne</strong></span> <span class='ocrx_word' id='word_1_117' title='bbox 883 1487 1001 1556; x_wconf 81' lang='lat' dir='ltr'><strong>ejus</strong></span> <span class='ocrx_word' id='word_1_118' title='bbox 1051 1486 1374 1540; x_wconf 86' lang='lat' dir='ltr'><strong>oblivionem</strong></span> <span class='ocrx_word' id='word_1_119' title='bbox 1426 1486 1662 1554; x_wconf 87' lang='lat' dir='ltr'><strong>patiatur</strong></span> <span class='ocrx_word' id='word_1_120' title='bbox 1709 1485 1984 1539; x_wconf 86' lang='lat' dir='ltr'><strong>admoneri</strong></span> <span class='ocrx_word' id='word_1_121' title='bbox 2020 1485 2113 1539; x_wconf 91' lang='lat' dir='ltr'><strong>de-</strong></span> 
     </span>
    </p>
   </div>
   <div class='ocr_carea' id='block_1_17' title="bbox 537 1575 2111 1641">
    <p class='ocr_par' dir='ltr' id='par_1_17' title="bbox 537 1575 2111 1641">
     <span class='ocr_line' id='line_1_17' title="bbox 537 1575 2111 1641; baseline -0.001 -10"><span class='ocrx_word' id='word_1_122' title='bbox 537 1580 687 1641; x_wconf 88' lang='lat' dir='ltr'><strong>bere,</strong></span> <span class='ocrx_word' id='word_1_123' title='bbox 714 1593 838 1632; x_wconf 90' lang='lat' dir='ltr'><strong>cum</strong></span> <span class='ocrx_word' id='word_1_124' title='bbox 865 1577 1113 1632; x_wconf 83' lang='lat' dir='ltr'><strong>videlicet</strong></span> <span class='ocrx_word' id='word_1_125' title='bbox 1157 1576 1261 1631; x_wconf 91' lang='lat' dir='ltr'><strong>hoc</strong></span> <span class='ocrx_word' id='word_1_126' title='bbox 1296 1575 1626 1630; x_wconf 80' lang='lat' dir='ltr'><strong>infirmitatis</strong></span> <span class='ocrx_word' id='word_1_127' title='bbox 1669 1575 1739 1630; x_wconf 90' lang='lat' dir='ltr'><strong>sit</strong></span> <span class='ocrx_word' id='word_1_128' title='bbox 1768 1575 1978 1639; x_wconf 85' lang='lat' dir='ltr'><strong>vitium,</strong></span> <span class='ocrx_word' id='word_1_129' title='bbox 2004 1590 2111 1630; x_wconf 88' lang='lat' dir='ltr'><strong>non</strong></span> 
     </span>
    </p>
   </div>
   <div class='ocr_carea' id='block_1_18' title="bbox 538 1666 2111 1734">
    <p class='ocr_par' dir='ltr' id='par_1_18' title="bbox 538 1666 2111 1734">
     <span class='ocr_line' id='line_1_18' title="bbox 538 1666 2111 1734; baseline -0.001 -12"><span class='ocrx_word' id='word_1_130' title='bbox 538 1668 802 1724; x_wconf 83' lang='lat' dir='ltr'><strong>libertatis</strong></span> <span class='ocrx_word' id='word_1_131' title='bbox 834 1668 1111 1724; x_wconf 88' lang='lat' dir='ltr'><strong>indicium.</strong></span> <span class='ocrx_word' id='word_1_132' title='bbox 1148 1668 1284 1734; x_wconf 84' lang='lat' dir='ltr'><strong>Quia</strong></span> <span class='ocrx_word' id='word_1_133' title='bbox 1321 1684 1449 1723; x_wconf 89' lang='lat' dir='ltr'><strong>vero</strong></span> <span class='ocrx_word' id='word_1_134' title='bbox 1495 1668 1774 1723; x_wconf 85' lang='lat' dir='ltr'><strong>descensio</strong></span> <span class='ocrx_word' id='word_1_135' title='bbox 1817 1666 2017 1723; x_wconf 82' lang='lat' dir='ltr'><strong>Christi</strong></span> <span class='ocrx_word' id='word_1_136' title='bbox 2044 1666 2111 1721; x_wconf 90' lang='lat' dir='ltr'><strong>ad</strong></span> 
     </span>
    </p>
   </div>
   <div class='ocr_carea' id='block_1_19' title="bbox 539 1756 2109 1833">
    <p class='ocr_par' dir='ltr' id='par_1_19' title="bbox 539 1756 2109 1833">
     <span class='ocr_line' id='line_1_19' title="bbox 539 1756 2109 1833; baseline -0.003 -19"><span class='ocrx_word' id='word_1_137' title='bbox 539 1757 759 1823; x_wconf 91' lang='lat' dir='ltr'><strong>inferos,</strong></span> <span class='ocrx_word' id='word_1_138' title='bbox 806 1759 921 1813; x_wconf 90' lang='lat' dir='ltr'><strong>sive</strong></span> <span class='ocrx_word' id='word_1_139' title='bbox 974 1757 1217 1814; x_wconf 83' lang='lat' dir='ltr'><strong>ascensio</strong></span> <span class='ocrx_word' id='word_1_140' title='bbox 1267 1756 1382 1826; x_wconf 79' lang='lat' dir='ltr'><strong>ejus</strong></span> <span class='ocrx_word' id='word_1_141' title='bbox 1408 1760 1474 1811; x_wconf 88' lang='lat' dir='ltr'><strong>ad</strong></span> <span class='ocrx_word' id='word_1_142' title='bbox 1501 1757 1689 1821; x_wconf 71' lang='lat' dir='ltr'><strong>etelos,</strong></span> <span class='ocrx_word' id='word_1_143' title='bbox 1736 1756 1850 1813; x_wconf 89' lang='lat' dir='ltr'><strong>sive</strong></span> <span class='ocrx_word' id='word_1_144' title='bbox 1875 1757 1986 1827; x_wconf 91' lang='lat' dir='ltr'><strong>spei</strong></span> <span class='ocrx_word' id='word_1_145' title='bbox 2012 1772 2109 1833; x_wconf 26' lang='lat' dir='ltr'><strong>no.-</strong></span> 
     </span>
    </p>
   </div>
   <div class='ocr_carea' id='block_1_20' title="bbox 539 1834 2114 1905">
    <p class='ocr_par' dir='ltr' id='par_1_20' title="bbox 539 1834 2114 1905">
     <span class='ocr_line' id='line_1_20' title="bbox 539 1834 2114 1905; baseline -0.002 0"><span class='ocrx_word' id='word_1_146' title='bbox 539 1859 667 1905; x_wconf 74' lang='lat' dir='ltr'><strong>strze</strong></span> <span class='ocrx_word' id='word_1_147' title='bbox 704 1849 911 1904; x_wconf 89' lang='lat' dir='ltr'><strong>fructus</strong></span> <span class='ocrx_word' id='word_1_148' title='bbox 957 1864 1065 1903; x_wconf 87' lang='lat' dir='ltr'><strong>non</strong></span> <span class='ocrx_word' id='word_1_149' title='bbox 1097 1849 1150 1902; x_wconf 90' lang='lat' dir='ltr'><strong>in</strong></span> <span class='ocrx_word' id='word_1_150' title='bbox 1204 1849 1366 1902; x_wconf 84' lang='lat' dir='ltr'><strong>rebus</strong></span> <span class='ocrx_word' id='word_1_151' title='bbox 1399 1834 1699 1902; x_wconf 89' lang='lat' dir='ltr'><strong>visibilibus</strong></span> <span class='ocrx_word' id='word_1_152' title='bbox 1729 1851 1820 1902; x_wconf 90' lang='lat' dir='ltr'><strong>sed</strong></span> <span class='ocrx_word' id='word_1_153' title='bbox 1870 1846 1923 1900; x_wconf 89' lang='lat' dir='ltr'><strong>in</strong></span> <span class='ocrx_word' id='word_1_154' title='bbox 1951 1847 2114 1902; x_wconf 86' lang='lat' dir='ltr'><strong>corde</strong></span> 
     </span>
    </p>
   </div>
   <div class='ocr_carea' id='block_1_21' title="bbox 541 1939 2116 2011">
    <p class='ocr_par' dir='ltr' id='par_1_21' title="bbox 541 1939 2116 2011">
     <span class='ocr_line' id='line_1_21' title="bbox 541 1939 2116 2011; baseline -0.003 -15"><span class='ocrx_word' id='word_1_155' title='bbox 541 1949 750 1996; x_wconf 87' lang='lat' dir='ltr'><strong>tantum</strong></span> <span class='ocrx_word' id='word_1_156' title='bbox 794 1940 1115 2011; x_wconf 64' lang='lat' dir='ltr'><strong>quaerendus</strong></span> <span class='ocrx_word' id='word_1_157' title='bbox 1159 1939 1250 2005; x_wconf 88' lang='lat' dir='ltr'><strong>sit,</strong></span> <span class='ocrx_word' id='word_1_158' title='bbox 1299 1939 1499 1993; x_wconf 83' lang='lat' dir='ltr'><strong>Paulus</strong></span> <span class='ocrx_word' id='word_1_159' title='bbox 1557 1939 1830 2007; x_wconf 83' lang='lat' dir='ltr'><strong>apostolus</strong></span> <span class='ocrx_word' id='word_1_160' title='bbox 1887 1946 2116 1993; x_wconf 87' lang='lat' dir='ltr'><strong>testatur</strong></span> 
     </span>
    </p>
   </div>
   <div class='ocr_carea' id='block_1_22' title="bbox 538 2030 2114 2102">
    <p class='ocr_par' dir='ltr' id='par_1_22' title="bbox 538 2030 2114 2102">
     <span class='ocr_line' id='line_1_22' title="bbox 538 2030 2114 2102; baseline -0.003 -15"><span class='ocrx_word' id='word_1_161' title='bbox 538 2048 662 2087; x_wconf 87' lang='lat' dir='ltr'><strong>cum</strong></span> <span class='ocrx_word' id='word_1_162' title='bbox 707 2032 862 2095; x_wconf 79' lang='lat' dir='ltr'><strong>dicit;</strong></span> <span class='ocrx_word' id='word_1_163' title='bbox 901 2030 1030 2101; x_wconf 92' lang='lat' dir='ltr'><strong>Spes</strong></span> <span class='ocrx_word' id='word_1_164' title='bbox 1057 2046 1174 2101; x_wconf 71' lang='lat' dir='ltr'><strong>qua:</strong></span> <span class='ocrx_word' id='word_1_165' title='bbox 1232 2030 1435 2086; x_wconf 76' lang='lat' dir='ltr'><strong>videtur</strong></span> <span class='ocrx_word' id='word_1_166' title='bbox 1494 2048 1599 2085; x_wconf 84' lang='lat' dir='ltr'><strong>non</strong></span> <span class='ocrx_word' id='word_1_167' title='bbox 1653 2042 1728 2085; x_wconf 85' lang='lat' dir='ltr'><strong>est</strong></span> <span class='ocrx_word' id='word_1_168' title='bbox 1769 2048 1883 2102; x_wconf 83' lang='lat' dir='ltr'><strong>spes</strong></span> <span class='ocrx_word' id='word_1_169' title='bbox 1909 2047 1928 2085; x_wconf 89' lang='lat'><strong><em>:</em></strong></span> <span class='ocrx_word' id='word_1_170' title='bbox 1976 2030 2114 2100; x_wconf 85' lang='lat' dir='ltr'><strong>quod</strong></span> 
     </span>
    </p>
   </div>
   <div class='ocr_carea' id='block_1_23' title="bbox 538 2121 2116 2201">
    <p class='ocr_par' dir='ltr' id='par_1_23' title="bbox 538 2121 2116 2201">
     <span class='ocr_line' id='line_1_23' title="bbox 538 2121 2116 2201; baseline -0.003 -21"><span class='ocrx_word' id='word_1_171' title='bbox 538 2126 676 2180; x_wconf 84' lang='lat' dir='ltr'><strong>enim</strong></span> <span class='ocrx_word' id='word_1_172' title='bbox 722 2124 856 2178; x_wconf 80' lang='lat' dir='ltr'><strong>ridet</strong></span> <span class='ocrx_word' id='word_1_173' title='bbox 890 2125 1027 2201; x_wconf 77' lang='lat' dir='ltr'><strong>quis,</strong></span> <span class='ocrx_word' id='word_1_174' title='bbox 1076 2122 1203 2193; x_wconf 84' lang='lat' dir='ltr'><strong>quid</strong></span> <span class='ocrx_word' id='word_1_175' title='bbox 1247 2124 1466 2193; x_wconf 85' lang='lat' dir='ltr'><strong>sperat?</strong></span> <span class='ocrx_word' id='word_1_176' title='bbox 1512 2122 1573 2178; x_wconf 89' lang='lat' dir='ltr'><strong>Si</strong></span> <span class='ocrx_word' id='word_1_177' title='bbox 1614 2133 1789 2177; x_wconf 81' lang='lat' dir='ltr'><strong>autem</strong></span> <span class='ocrx_word' id='word_1_178' title='bbox 1831 2121 1970 2195; x_wconf 85' lang='lat' dir='ltr'><strong>quod</strong></span> <span class='ocrx_word' id='word_1_179' title='bbox 2014 2138 2116 2175; x_wconf 87' lang='lat' dir='ltr'><strong>non</strong></span> 
     </span>
    </p>
   </div>
   <div class='ocr_carea' id='block_1_24' title="bbox 541 2216 2113 2289">
    <p class='ocr_par' dir='ltr' id='par_1_24' title="bbox 541 2216 2113 2289">
     <span class='ocr_line' id='line_1_24' title="bbox 541 2216 2113 2289; baseline -0.003 -16"><span class='ocrx_word' id='word_1_180' title='bbox 541 2218 772 2273; x_wconf 72' lang='lat' dir='ltr'><strong>videmus</strong></span> <span class='ocrx_word' id='word_1_181' title='bbox 794 2234 1084 2288; x_wconf 78' lang='lat' dir='ltr'><strong>speramus,</strong></span> <span class='ocrx_word' id='word_1_182' title='bbox 1108 2234 1200 2288; x_wconf 84' lang='lat' dir='ltr'><strong>per</strong></span> <span class='ocrx_word' id='word_1_183' title='bbox 1219 2219 1524 2288; x_wconf 70' lang='lat' dir='ltr'><strong>patientia»:</strong></span> <span class='ocrx_word' id='word_1_184' title='bbox 1556 2227 1911 2289; x_wconf 67' lang='lat' dir='ltr'><strong>exspectamus</strong></span> <span class='ocrx_word' id='word_1_185' title='bbox 1935 2216 2113 2289; x_wconf 76' lang='lat' dir='ltr'><strong>(Rom.</strong></span> 
     </span>
    </p>
   </div>
   <div class='ocr_carea' id='block_1_25' title="bbox 532 2306 2118 2385">
    <p class='ocr_par' dir='ltr' id='par_1_25' title="bbox 532 2306 2118 2385">
     <span class='ocr_line' id='line_1_25' title="bbox 532 2306 2118 2385; baseline -0.003 -21"><span class='ocrx_word' id='word_1_186' title='bbox 532 2310 690 2385; x_wconf 29' lang='lat' dir='ltr'><strong>.V‘lll).</strong></span> <span class='ocrx_word' id='word_1_187' title='bbox 731 2309 798 2364; x_wconf 87' lang='lat' dir='ltr'><strong>Et</strong></span> <span class='ocrx_word' id='word_1_188' title='bbox 814 2310 1043 2379; x_wconf 77' lang='lat' dir='ltr'><strong>iterum,</strong></span> <span class='ocrx_word' id='word_1_189' title='bbox 1066 2307 1147 2361; x_wconf 82' lang='lat' dir='ltr'><strong>Ne</strong></span> <span class='ocrx_word' id='word_1_190' title='bbox 1172 2307 1369 2362; x_wconf 70' lang='lat' dir='ltr'><strong>dixeris</strong></span> <span class='ocrx_word' id='word_1_191' title='bbox 1395 2308 1449 2361; x_wconf 89' lang='lat' dir='ltr'><strong>in</strong></span> <span class='ocrx_word' id='word_1_192' title='bbox 1474 2307 1629 2362; x_wconf 84' lang='lat' dir='ltr'><strong>corde</strong></span> <span class='ocrx_word' id='word_1_193' title='bbox 1652 2317 1765 2373; x_wconf 90' lang='lat' dir='ltr'><strong>tuo,</strong></span> <span class='ocrx_word' id='word_1_194' title='bbox 1786 2306 1917 2373; x_wconf 80' lang='lat' dir='ltr'><strong>Quis</strong></span> <span class='ocrx_word' id='word_1_195' title='bbox 1939 2324 2118 2361; x_wconf 88' lang='lat' dir='ltr'><strong>ascen—</strong></span> 
     </span>
    </p>
   </div>
   <div class='ocr_carea' id='block_1_26' title="bbox 541 2396 2117 2469">
    <p class='ocr_par' dir='ltr' id='par_1_26' title="bbox 541 2396 2117 2469">
     <span class='ocr_line' id='line_1_26' title="bbox 541 2396 2117 2469; baseline -0.001 -15"><span class='ocrx_word' id='word_1_196' title='bbox 541 2402 617 2455; x_wconf 86' lang='lat' dir='ltr'><strong>dit</strong></span> <span class='ocrx_word' id='word_1_197' title='bbox 654 2401 712 2454; x_wconf 89' lang='lat' dir='ltr'><strong>in</strong></span> <span class='ocrx_word' id='word_1_198' title='bbox 738 2399 969 2455; x_wconf 74' lang='lat' dir='ltr'><strong>uelum?</strong></span> <span class='ocrx_word' id='word_1_199' title='bbox 1013 2399 1067 2453; x_wconf 87' lang='lat' dir='ltr'><strong>id</strong></span> <span class='ocrx_word' id='word_1_200' title='bbox 1091 2409 1189 2463; x_wconf 87' lang='lat' dir='ltr'><strong>est,</strong></span> <span class='ocrx_word' id='word_1_201' title='bbox 1239 2399 1503 2453; x_wconf 82' lang='lat' dir='ltr'><strong>Christum</strong></span> <span class='ocrx_word' id='word_1_202' title='bbox 1545 2399 1798 2453; x_wconf 85' lang='lat' dir='ltr'><strong>deducere</strong></span> <span class='ocrx_word' id='word_1_203' title='bbox 1826 2415 1844 2452; x_wconf 90' lang='lat'><em>:</em></span> <span class='ocrx_word' id='word_1_204' title='bbox 1886 2396 1961 2453; x_wconf 82' lang='lat' dir='ltr'><strong>vel</strong></span> <span class='ocrx_word' id='word_1_205' title='bbox 2002 2399 2117 2469; x_wconf 83' lang='lat' dir='ltr'><strong>quis</strong></span> 
     </span>
    </p>
   </div>
   <div class='ocr_carea' id='block_1_27' title="bbox 543 2489 2117 2561">
    <p class='ocr_par' dir='ltr' id='par_1_27' title="bbox 543 2489 2117 2561">
     <span class='ocr_line' id='line_1_27' title="bbox 543 2489 2117 2561; baseline -0.002 -14"><span class='ocrx_word' id='word_1_206' title='bbox 543 2492 803 2548; x_wconf 79' lang='lat' dir='ltr'><strong>descendit</strong></span> <span class='ocrx_word' id='word_1_207' title='bbox 836 2493 891 2546; x_wconf 89' lang='lat' dir='ltr'><strong>in</strong></span> <span class='ocrx_word' id='word_1_208' title='bbox 926 2492 1216 2561; x_wconf 80' lang='lat' dir='ltr'><strong>abyssum?</strong></span> <span class='ocrx_word' id='word_1_209' title='bbox 1254 2489 1369 2545; x_wconf 86' lang='lat' dir='ltr'><strong>Hoc</strong></span> <span class='ocrx_word' id='word_1_210' title='bbox 1401 2500 1473 2546; x_wconf 84' lang='lat' dir='ltr'><strong>est</strong></span> <span class='ocrx_word' id='word_1_211' title='bbox 1520 2490 1786 2545; x_wconf 81' lang='lat' dir='ltr'><strong>Christum</strong></span> <span class='ocrx_word' id='word_1_212' title='bbox 1813 2507 1877 2544; x_wconf 79' lang='lat' dir='ltr'><strong>ea:</strong></span> <span class='ocrx_word' id='word_1_213' title='bbox 1901 2490 2117 2545; x_wconf 83' lang='lat' dir='ltr'><strong>mortuis</strong></span> 
     </span>
    </p>
   </div>
   <div class='ocr_carea' id='block_1_28' title="bbox 545 2579 2121 2653">
    <p class='ocr_par' dir='ltr' id='par_1_28' title="bbox 545 2579 2121 2653">
     <span class='ocr_line' id='line_1_28' title="bbox 545 2579 2121 2653; baseline -0.003 -17"><span class='ocrx_word' id='word_1_214' title='bbox 545 2598 804 2638; x_wconf 81' lang='lat' dir='ltr'><strong>revocare.</strong></span> <span class='ocrx_word' id='word_1_215' title='bbox 848 2581 954 2638; x_wconf 90' lang='lat' dir='ltr'><strong>Sed</strong></span> <span class='ocrx_word' id='word_1_216' title='bbox 995 2581 1123 2653; x_wconf 86' lang='lat' dir='ltr'><strong>quid</strong></span> <span class='ocrx_word' id='word_1_217' title='bbox 1168 2580 1292 2635; x_wconf 82' lang='lat' dir='ltr'><strong>dicit</strong></span> <span class='ocrx_word' id='word_1_218' title='bbox 1323 2580 1597 2645; x_wconf 83' lang='lat' dir='ltr'><strong>Scriptura</strong></span> <span class='ocrx_word' id='word_1_219' title='bbox 1625 2581 1651 2634; x_wconf 73' lang='grc' dir='ltr'><strong><em>Ρ</em></strong></span> <span class='ocrx_word' id='word_1_220' title='bbox 1687 2579 1858 2652; x_wconf 87' lang='lat' dir='ltr'><strong>Prope</strong></span> <span class='ocrx_word' id='word_1_221' title='bbox 1886 2588 1961 2634; x_wconf 85' lang='lat' dir='ltr'><strong>est</strong></span> <span class='ocrx_word' id='word_1_222' title='bbox 2010 2596 2121 2633; x_wconf 76' lang='lat' dir='ltr'><strong>uer-</strong></span> 
     </span>
    </p>
   </div>
   <div class='ocr_carea' id='block_1_29' title="bbox 545 2671 2118 2738">
    <p class='ocr_par' dir='ltr' id='par_1_29' title="bbox 545 2671 2118 2738">
     <span class='ocr_line' id='line_1_29' title="bbox 545 2671 2118 2738; baseline -0.002 -11"><span class='ocrx_word' id='word_1_223' title='bbox 545 2673 667 2727; x_wconf 87' lang='lat' dir='ltr'><strong>bum</strong></span> <span class='ocrx_word' id='word_1_224' title='bbox 708 2674 764 2727; x_wconf 87' lang='lat' dir='ltr'><strong>in</strong></span> <span class='ocrx_word' id='word_1_225' title='bbox 818 2689 905 2728; x_wconf 89' lang='lat' dir='ltr'><strong>ore</strong></span> <span class='ocrx_word' id='word_1_226' title='bbox 953 2681 1072 2738; x_wconf 87' lang='lat' dir='ltr'><strong>tuo,</strong></span> <span class='ocrx_word' id='word_1_227' title='bbox 1101 2673 1232 2726; x_wconf 87' lang='lat' dir='ltr'><strong>etin</strong></span> <span class='ocrx_word' id='word_1_228' title='bbox 1277 2672 1431 2727; x_wconf 82' lang='lat' dir='ltr'><strong>corde</strong></span> <span class='ocrx_word' id='word_1_229' title='bbox 1474 2681 1584 2738; x_wconf 89' lang='lat' dir='ltr'><strong>tuo,</strong></span> <span class='ocrx_word' id='word_1_230' title='bbox 1636 2673 1733 2727; x_wconf 86' lang='lat' dir='ltr'><strong>hoc</strong></span> <span class='ocrx_word' id='word_1_231' title='bbox 1763 2681 1857 2737; x_wconf 89' lang='lat' dir='ltr'><strong>est,</strong></span> <span class='ocrx_word' id='word_1_232' title='bbox 1910 2671 2118 2726; x_wconf 79' lang='lat' dir='ltr'><strong>verbum</strong></span> 
     </span>
    </p>
   </div>
   <div class='ocr_carea' id='block_1_30' title="bbox 541 2761 2118 2834">
    <p class='ocr_par' dir='ltr' id='par_1_30' title="bbox 541 2761 2118 2834">
     <span class='ocr_line' id='line_1_30' title="bbox 541 2761 2118 2834; baseline 0.001 -18"><span class='ocrx_word' id='word_1_233' title='bbox 541 2761 673 2831; x_wconf 80' lang='lat' dir='ltr'><strong>ﬁdei</strong></span> <span class='ocrx_word' id='word_1_234' title='bbox 686 2761 824 2833; x_wconf 84' lang='lat' dir='ltr'><strong>quod</strong></span> <span class='ocrx_word' id='word_1_235' title='bbox 858 2762 1224 2834; x_wconf 61' lang='lat' dir='ltr'><strong>pra‘dicantus,</strong></span> <span class='ocrx_word' id='word_1_236' title='bbox 1274 2763 1399 2832; x_wconf 84' lang='lat' dir='ltr'><strong>quia</strong></span> <span class='ocrx_word' id='word_1_237' title='bbox 1423 2764 1468 2816; x_wconf 87' lang='lat' dir='ltr'><strong>si</strong></span> <span class='ocrx_word' id='word_1_238' title='bbox 1509 2763 1807 2832; x_wconf 78' lang='lat' dir='ltr'><strong>conﬁtearis</strong></span> <span class='ocrx_word' id='word_1_239' title='bbox 1835 2764 1888 2816; x_wconf 88' lang='lat' dir='ltr'><strong>in</strong></span> <span class='ocrx_word' id='word_1_240' title='bbox 1916 2778 2005 2816; x_wconf 86' lang='lat' dir='ltr'><strong>ore</strong></span> <span class='ocrx_word' id='word_1_241' title='bbox 2028 2770 2118 2817; x_wconf 87' lang='lat' dir='ltr'><strong>tuo</strong></span> 
     </span>
    </p>
   </div>
   <div class='ocr_carea' id='block_1_31' title="bbox 543 2852 2119 2923">
    <p class='ocr_par' dir='ltr' id='par_1_31' title="bbox 543 2852 2119 2923">
     <span class='ocr_line' id='line_1_31' title="bbox 543 2852 2119 2923; baseline 0.001 -17"><span class='ocrx_word' id='word_1_242' title='bbox 543 2854 825 2907; x_wconf 73' lang='lat' dir='ltr'><strong>[lautianm</strong></span> <span class='ocrx_word' id='word_1_243' title='bbox 881 2853 1079 2916; x_wconf 72' lang='lat' dir='ltr'><strong>Iesum,</strong></span> <span class='ocrx_word' id='word_1_244' title='bbox 1137 2862 1186 2907; x_wconf 89' lang='lat' dir='ltr'><strong>et</strong></span> <span class='ocrx_word' id='word_1_245' title='bbox 1214 2853 1270 2907; x_wconf 88' lang='lat' dir='ltr'><strong>in</strong></span> <span class='ocrx_word' id='word_1_246' title='bbox 1313 2853 1469 2907; x_wconf 88' lang='lat' dir='ltr'><strong>corde</strong></span> <span class='ocrx_word' id='word_1_247' title='bbox 1524 2864 1614 2907; x_wconf 84' lang='lat' dir='ltr'><strong>tuo</strong></span> <span class='ocrx_word' id='word_1_248' title='bbox 1650 2853 1932 2907; x_wconf 83' lang='lat' dir='ltr'><strong>credideris</strong></span> <span class='ocrx_word' id='word_1_249' title='bbox 1979 2852 2119 2923; x_wconf 87' lang='lat' dir='ltr'><strong>quod</strong></span> 
     </span>
    </p>
   </div>
   <div class='ocr_carea' id='block_1_32' title="bbox 546 2943 2121 3012">
    <p class='ocr_par' dir='ltr' id='par_1_32' title="bbox 546 2943 2121 3012">
     <span class='ocr_line' id='line_1_32' title="bbox 546 2943 2121 3012; baseline -0.001 -14"><span class='ocrx_word' id='word_1_250' title='bbox 546 2945 689 2998; x_wconf 83' lang='lat' dir='ltr'><strong>Deus</strong></span> <span class='ocrx_word' id='word_1_251' title='bbox 714 2944 862 2998; x_wconf 86' lang='lat' dir='ltr'><strong>illum</strong></span> <span class='ocrx_word' id='word_1_252' title='bbox 900 2944 1165 2998; x_wconf 75' lang='lat' dir='ltr'><strong>suscitavit</strong></span> <span class='ocrx_word' id='word_1_253' title='bbox 1199 2962 1232 2998; x_wconf 90' lang='lat' dir='ltr'><strong>a</strong></span> <span class='ocrx_word' id='word_1_254' title='bbox 1274 2945 1515 3012; x_wconf 86' lang='lat' dir='ltr'><strong>mortuis,</strong></span> <span class='ocrx_word' id='word_1_255' title='bbox 1541 2943 1717 2999; x_wconf 78' lang='lat' dir='ltr'><strong>salvus</strong></span> <span class='ocrx_word' id='word_1_256' title='bbox 1768 2945 1912 2999; x_wconf 85' lang='lat' dir='ltr'><strong>eris:</strong></span> <span class='ocrx_word' id='word_1_257' title='bbox 1953 2943 2121 2998; x_wconf 86' lang='lat' dir='ltr'><strong>Corde</strong></span> 
     </span>
    </p>
   </div>
   <div class='ocr_carea' id='block_1_33' title="bbox 544 3032 2117 3103">
    <p class='ocr_par' dir='ltr' id='par_1_33' title="bbox 544 3032 2117 3103">
     <span class='ocr_line' id='line_1_33' title="bbox 544 3032 2117 3103; baseline 0.003 -17"><span class='ocrx_word' id='word_1_258' title='bbox 544 3033 679 3086; x_wconf 82' lang='lat' dir='ltr'><strong>enim</strong></span> <span class='ocrx_word' id='word_1_259' title='bbox 712 3032 943 3097; x_wconf 75' lang='lat' dir='ltr'><strong>creditur</strong></span> <span class='ocrx_word' id='word_1_260' title='bbox 983 3032 1052 3086; x_wconf 86' lang='lat' dir='ltr'><strong>ad</strong></span> <span class='ocrx_word' id='word_1_261' title='bbox 1092 3032 1380 3102; x_wconf 88' lang='lat' dir='ltr'><strong>justitiam,</strong></span> <span class='ocrx_word' id='word_1_262' title='bbox 1407 3033 1511 3086; x_wconf 87' lang='lat' dir='ltr'><strong>oris</strong></span> <span class='ocrx_word' id='word_1_263' title='bbox 1554 3042 1727 3087; x_wconf 85' lang='lat' dir='ltr'><strong>autem</strong></span> <span class='ocrx_word' id='word_1_264' title='bbox 1775 3033 2031 3103; x_wconf 80' lang='lat' dir='ltr'><strong>confessio</strong></span> <span class='ocrx_word' id='word_1_265' title='bbox 2058 3032 2117 3101; x_wconf 79' lang='lat' dir='ltr'><strong>ﬁl</strong></span> 
     </span>
    </p>
   </div>
   <div class='ocr_carea' id='block_1_34' title="bbox 2207 484 3790 557">
    <p class='ocr_par' dir='ltr' id='par_1_34' title="bbox 2207 484 3790 557">
     <span class='ocr_line' id='line_1_34' title="bbox 2207 484 3790 557; baseline 0.008 -23"><span class='ocrx_word' id='word_1_266' title='bbox 2207 484 2353 551; x_wconf 83' lang='lat' dir='ltr'><strong>genti</strong></span> <span class='ocrx_word' id='word_1_267' title='bbox 2389 497 2541 538; x_wconf 88' lang='lat' dir='ltr'><strong>arma</strong></span> <span class='ocrx_word' id='word_1_268' title='bbox 2563 484 2787 553; x_wconf 72' lang='lat' dir='ltr'><strong>prtebet,</strong></span> <span class='ocrx_word' id='word_1_269' title='bbox 2816 499 2940 539; x_wconf 89' lang='lat' dir='ltr'><strong>cum</strong></span> <span class='ocrx_word' id='word_1_270' title='bbox 2967 493 3023 540; x_wconf 91' lang='lat' dir='ltr'><strong>et</strong></span> <span class='ocrx_word' id='word_1_271' title='bbox 3041 488 3175 541; x_wconf 83' lang='lat' dir='ltr'><strong>istos</strong></span> <span class='ocrx_word' id='word_1_272' title='bbox 3198 487 3300 557; x_wconf 85' lang='lat' dir='ltr'><strong>qui</strong></span> <span class='ocrx_word' id='word_1_273' title='bbox 3322 503 3423 543; x_wconf 84' lang='lat' dir='ltr'><strong>eas</strong></span> <span class='ocrx_word' id='word_1_274' title='bbox 3451 489 3790 547; x_wconf 85' lang='lat' dir='ltr'><strong>adorantcum</strong></span> 
     </span>
    </p>
   </div>
   <div class='ocr_carea' id='block_1_35' title="bbox 2186 569 3793 657">
    <p class='ocr_par' dir='ltr' id='par_1_35' title="bbox 2186 569 3793 657">
     <span class='ocr_line' id='line_1_35' title="bbox 2186 569 3793 657; baseline 0.009 -33"><span class='ocrx_word' id='word_1_275' title='bbox 2186 569 2314 625; x_wconf 84' lang='lat' dir='ltr'><strong>illis</strong></span> <span class='ocrx_word' id='word_1_276' title='bbox 2346 570 2439 641; x_wconf 87' lang='lat' dir='ltr'><strong>qui</strong></span> <span class='ocrx_word' id='word_1_277' title='bbox 2460 587 2554 627; x_wconf 88' lang='lat' dir='ltr'><strong>eas</strong></span> <span class='ocrx_word' id='word_1_278' title='bbox 2577 570 2812 657; x_wconf 78' lang='lat' dir='ltr'><strong>fregere:</strong></span> <span class='ocrx_word' id='word_1_279' title='bbox 2836 582 2892 628; x_wconf 89' lang='lat' dir='ltr'><strong>et</strong></span> <span class='ocrx_word' id='word_1_280' title='bbox 2915 574 3034 632; x_wconf 90' lang='lat' dir='ltr'><strong>illos</strong></span> <span class='ocrx_word' id='word_1_281' title='bbox 3058 576 3151 645; x_wconf 90' lang='lat' dir='ltr'><strong>qui</strong></span> <span class='ocrx_word' id='word_1_282' title='bbox 3185 592 3286 632; x_wconf 86' lang='lat' dir='ltr'><strong>eas</strong></span> <span class='ocrx_word' id='word_1_283' title='bbox 3315 575 3541 646; x_wconf 76' lang='lat' dir='ltr'><strong>fregere</strong></span> <span class='ocrx_word' id='word_1_284' title='bbox 3559 595 3676 635; x_wconf 87' lang='lat' dir='ltr'><strong>cum</strong></span> <span class='ocrx_word' id='word_1_285' title='bbox 3692 583 3793 638; x_wconf 91' lang='lat' dir='ltr'><strong>istis</strong></span> 
     </span>
    </p>
   </div>
   <div class='ocr_carea' id='block_1_36' title="bbox 2207 663 3790 738">
    <p class='ocr_par' dir='ltr' id='par_1_36' title="bbox 2207 663 3790 738">
     <span class='ocr_line' id='line_1_36' title="bbox 2207 663 3790 738; baseline 0.008 -21"><span class='ocrx_word' id='word_1_286' title='bbox 2207 663 2299 732; x_wconf 86' lang='lat' dir='ltr'><strong>qui</strong></span> <span class='ocrx_word' id='word_1_287' title='bbox 2320 679 2414 718; x_wconf 89' lang='lat' dir='ltr'><strong>eas</strong></span> <span class='ocrx_word' id='word_1_288' title='bbox 2440 665 2667 720; x_wconf 87' lang='lat' dir='ltr'><strong>adorant</strong></span> <span class='ocrx_word' id='word_1_289' title='bbox 2693 665 3019 736; x_wconf 77' lang='lat' dir='ltr'><strong>pontiﬁcalis</strong></span> <span class='ocrx_word' id='word_1_290' title='bbox 3037 667 3129 723; x_wconf 87' lang='lat' dir='ltr'><strong>teli</strong></span> <span class='ocrx_word' id='word_1_291' title='bbox 3155 668 3393 738; x_wconf 89' lang='lat' dir='ltr'><strong>cuspide</strong></span> <span class='ocrx_word' id='word_1_292' title='bbox 3416 667 3565 723; x_wconf 86' lang='lat' dir='ltr'><strong>ferit.</strong></span> <span class='ocrx_word' id='word_1_293' title='bbox 3616 670 3681 727; x_wconf 81' lang='lat' dir='ltr'><strong>Et</strong></span> <span class='ocrx_word' id='word_1_294' title='bbox 3692 673 3790 729; x_wconf 83' lang='lat' dir='ltr'><strong>istis</strong></span> 
     </span>
    </p>
   </div>
   <div class='ocr_carea' id='block_1_37' title="bbox 2207 755 3791 831">
    <p class='ocr_par' dir='ltr' id='par_1_37' title="bbox 2207 755 3791 831">
     <span class='ocr_line' id='line_1_37' title="bbox 2207 755 3791 831; baseline 0.006 -22"><span class='ocrx_word' id='word_1_295' title='bbox 2207 755 2332 811; x_wconf 86' lang='lat' dir='ltr'><strong>hinc</strong></span> <span class='ocrx_word' id='word_1_296' title='bbox 2360 757 2726 824; x_wconf 88' lang='lat' dir='ltr'><strong>adorantibus,</strong></span> <span class='ocrx_word' id='word_1_297' title='bbox 2752 758 2862 813; x_wconf 89' lang='lat' dir='ltr'><strong>illis</strong></span> <span class='ocrx_word' id='word_1_298' title='bbox 2885 758 3009 815; x_wconf 90' lang='lat' dir='ltr'><strong>inde</strong></span> <span class='ocrx_word' id='word_1_299' title='bbox 3040 759 3431 831; x_wconf 77' lang='lat' dir='ltr'><strong>frangentibus</strong></span> <span class='ocrx_word' id='word_1_300' title='bbox 3454 762 3669 829; x_wconf 82' lang='lat' dir='ltr'><strong>spretis,</strong></span> <span class='ocrx_word' id='word_1_301' title='bbox 3708 779 3791 820; x_wconf 85' lang='lat' dir='ltr'><strong>no-</strong></span> 
     </span>
    </p>
   </div>
   <div class='ocr_carea' id='block_1_38' title="bbox 2206 847 3790 922">
    <p class='ocr_par' dir='ltr' id='par_1_38' title="bbox 2206 847 3790 922">
     <span class='ocr_line' id='line_1_38' title="bbox 2206 847 3790 922; baseline 0.006 -21"><span class='ocrx_word' id='word_1_302' title='bbox 2206 853 2334 901; x_wconf 73' lang='lat' dir='ltr'><strong>stra:</strong></span> <span class='ocrx_word' id='word_1_303' title='bbox 2352 847 2524 916; x_wconf 91' lang='lat' dir='ltr'><strong>partis</strong></span> <span class='ocrx_word' id='word_1_304' title='bbox 2549 849 2653 903; x_wconf 86' lang='lat' dir='ltr'><strong>sibi</strong></span> <span class='ocrx_word' id='word_1_305' title='bbox 2679 848 2975 905; x_wconf 88' lang='lat' dir='ltr'><strong>Ecclesiam</strong></span> <span class='ocrx_word' id='word_1_306' title='bbox 2997 851 3232 917; x_wconf 88' lang='lat' dir='ltr'><strong>aseiscit,</strong></span> <span class='ocrx_word' id='word_1_307' title='bbox 3288 866 3420 922; x_wconf 73' lang='lat' dir='ltr'><strong>qua:</strong></span> <span class='ocrx_word' id='word_1_308' title='bbox 3474 852 3790 911; x_wconf 85' lang='lat' dir='ltr'><strong>mediocrita-</strong></span> 
     </span>
    </p>
   </div>
   <div class='ocr_carea' id='block_1_39' title="bbox 2208 941 3792 1016">
    <p class='ocr_par' dir='ltr' id='par_1_39' title="bbox 2208 941 3792 1016">
     <span class='ocr_line' id='line_1_39' title="bbox 2208 941 3792 1016; baseline 0.004 -20"><span class='ocrx_word' id='word_1_309' title='bbox 2208 941 2279 997; x_wconf 92' lang='lat' dir='ltr'><strong>tis</strong></span> <span class='ocrx_word' id='word_1_310' title='bbox 2309 941 2498 997; x_wconf 89' lang='lat' dir='ltr'><strong>callem</strong></span> <span class='ocrx_word' id='word_1_311' title='bbox 2545 943 2677 998; x_wconf 88' lang='lat' dir='ltr'><strong>recti</strong></span> <span class='ocrx_word' id='word_1_312' title='bbox 2732 944 2943 999; x_wconf 90' lang='lat' dir='ltr'><strong>itineris</strong></span> <span class='ocrx_word' id='word_1_313' title='bbox 2984 960 3239 1016; x_wconf 88' lang='lat' dir='ltr'><strong>carpens,</strong></span> <span class='ocrx_word' id='word_1_314' title='bbox 3297 953 3359 1000; x_wconf 90' lang='lat' dir='ltr'><strong>et</strong></span> <span class='ocrx_word' id='word_1_315' title='bbox 3385 946 3442 1000; x_wconf 89' lang='lat' dir='ltr'><strong>in</strong></span> <span class='ocrx_word' id='word_1_316' title='bbox 3480 949 3792 1003; x_wconf 85' lang='lat' dir='ltr'><strong>ornamentis</strong></span> 
     </span>
    </p>
   </div>
   <div class='ocr_carea' id='block_1_40' title="bbox 2207 1032 3788 1099">
    <p class='ocr_par' dir='ltr' id='par_1_40' title="bbox 2207 1032 3788 1099">
     <span class='ocr_line' id='line_1_40' title="bbox 2207 1032 3788 1099; baseline 0.006 -14"><span class='ocrx_word' id='word_1_317' title='bbox 2207 1032 2277 1086; x_wconf 86' lang='lat' dir='ltr'><strong>ob</strong></span> <span class='ocrx_word' id='word_1_318' title='bbox 2302 1033 2618 1087; x_wconf 88' lang='lat' dir='ltr'><strong>memoriam</strong></span> <span class='ocrx_word' id='word_1_319' title='bbox 2647 1033 2847 1090; x_wconf 90' lang='lat' dir='ltr'><strong>habere</strong></span> <span class='ocrx_word' id='word_1_320' title='bbox 2871 1035 3134 1099; x_wconf 88' lang='lat' dir='ltr'><strong>concedit,</strong></span> <span class='ocrx_word' id='word_1_321' title='bbox 3171 1044 3226 1091; x_wconf 90' lang='lat' dir='ltr'><strong>et</strong></span> <span class='ocrx_word' id='word_1_322' title='bbox 3250 1036 3396 1091; x_wconf 89' lang='lat' dir='ltr'><strong>istos</strong></span> <span class='ocrx_word' id='word_1_323' title='bbox 3425 1034 3557 1091; x_wconf 84' lang='lat' dir='ltr'><strong>hinc</strong></span> <span class='ocrx_word' id='word_1_324' title='bbox 3581 1038 3788 1094; x_wconf 87' lang='lat' dir='ltr'><strong>adoran-</strong></span> 
     </span>
    </p>
   </div>
   <div class='ocr_carea' id='block_1_41' title="bbox 2210 1124 3791 1202">
    <p class='ocr_par' dir='ltr' id='par_1_41' title="bbox 2210 1124 3791 1202">
     <span class='ocr_line' id='line_1_41' title="bbox 2210 1124 3791 1202; baseline 0.007 -24"><span class='ocrx_word' id='word_1_325' title='bbox 2210 1130 2309 1189; x_wconf 87' lang='lat' dir='ltr'><strong>tes,</strong></span> <span class='ocrx_word' id='word_1_326' title='bbox 2344 1124 2463 1178; x_wconf 90' lang='lat' dir='ltr'><strong>illos</strong></span> <span class='ocrx_word' id='word_1_327' title='bbox 2502 1124 2649 1180; x_wconf 90' lang='lat' dir='ltr'><strong>illinc</strong></span> <span class='ocrx_word' id='word_1_328' title='bbox 2673 1124 2978 1196; x_wconf 80' lang='lat' dir='ltr'><strong>frangentes</strong></span> <span class='ocrx_word' id='word_1_329' title='bbox 3003 1127 3355 1198; x_wconf 85' lang='lat' dir='ltr'><strong>despiciendo</strong></span> <span class='ocrx_word' id='word_1_330' title='bbox 3384 1133 3689 1202; x_wconf 82' lang='lat' dir='ltr'><strong>postponit:</strong></span> <span class='ocrx_word' id='word_1_331' title='bbox 3723 1133 3791 1189; x_wconf 85' lang='lat' dir='ltr'><strong>sic</strong></span> 
     </span>
    </p>
   </div>
   <div class='ocr_carea' id='block_1_42' title="bbox 2208 1211 3788 1292">
    <p class='ocr_par' dir='ltr' id='par_1_42' title="bbox 2208 1211 3788 1292">
     <span class='ocr_line' id='line_1_42' title="bbox 2208 1211 3788 1292; baseline 0.008 -24"><span class='ocrx_word' id='word_1_332' title='bbox 2208 1212 2352 1268; x_wconf 91' lang='lat' dir='ltr'><strong>enim</strong></span> <span class='ocrx_word' id='word_1_333' title='bbox 2383 1211 2666 1283; x_wconf 68' lang='lat' dir='ltr'><strong>prmfatum</strong></span> <span class='ocrx_word' id='word_1_334' title='bbox 2701 1214 2963 1271; x_wconf 85' lang='lat' dir='ltr'><strong>Serenum</strong></span> <span class='ocrx_word' id='word_1_335' title='bbox 3011 1226 3066 1273; x_wconf 90' lang='lat' dir='ltr'><strong>et</strong></span> <span class='ocrx_word' id='word_1_336' title='bbox 3099 1218 3357 1276; x_wconf 84' lang='lat' dir='ltr'><strong>laudasse</strong></span> <span class='ocrx_word' id='word_1_337' title='bbox 3404 1222 3535 1292; x_wconf 88' lang='lat' dir='ltr'><strong>quia</strong></span> <span class='ocrx_word' id='word_1_338' title='bbox 3587 1224 3788 1279; x_wconf 85' lang='lat' dir='ltr'><strong>adorare</strong></span> 
     </span>
    </p>
   </div>
   <div class='ocr_carea' id='block_1_43' title="bbox 2208 1302 3790 1381">
    <p class='ocr_par' dir='ltr' id='par_1_43' title="bbox 2208 1302 3790 1381">
     <span class='ocr_line' id='line_1_43' title="bbox 2208 1302 3790 1381; baseline 0.008 -25"><span class='ocrx_word' id='word_1_339' title='bbox 2208 1302 2559 1373; x_wconf 87' lang='lat' dir='ltr'><strong>prohibuerit,</strong></span> <span class='ocrx_word' id='word_1_340' title='bbox 2576 1312 2631 1359; x_wconf 91' lang='lat' dir='ltr'><strong>et</strong></span> <span class='ocrx_word' id='word_1_341' title='bbox 2647 1307 3053 1376; x_wconf 84' lang='lat' dir='ltr'><strong>reprehendisse</strong></span> <span class='ocrx_word' id='word_1_342' title='bbox 3078 1310 3203 1378; x_wconf 87' lang='lat' dir='ltr'><strong>quia</strong></span> <span class='ocrx_word' id='word_1_343' title='bbox 3218 1308 3473 1381; x_wconf 78' lang='lat' dir='ltr'><strong>fregerit,</strong></span> <span class='ocrx_word' id='word_1_344' title='bbox 3492 1312 3630 1367; x_wconf 87' lang='lat' dir='ltr'><strong>idem</strong></span> <span class='ocrx_word' id='word_1_345' title='bbox 3650 1330 3790 1368; x_wconf 87' lang='lat' dir='ltr'><strong>vene-</strong></span> 
     </span>
    </p>
   </div>
   <div class='ocr_carea' id='block_1_44' title="bbox 2211 1392 3786 1470">
    <p class='ocr_par' dir='ltr' id='par_1_44' title="bbox 2211 1392 3786 1470">
     <span class='ocr_line' id='line_1_44' title="bbox 2211 1392 3786 1470; baseline 0.007 -24"><span class='ocrx_word' id='word_1_346' title='bbox 2211 1392 2396 1448; x_wconf 87' lang='lat' dir='ltr'><strong>rabilis</strong></span> <span class='ocrx_word' id='word_1_347' title='bbox 2418 1408 2554 1464; x_wconf 85' lang='lat' dir='ltr'><strong>papa</strong></span> <span class='ocrx_word' id='word_1_348' title='bbox 2577 1395 2923 1463; x_wconf 86' lang='lat' dir='ltr'><strong>perhibetur:</strong></span> <span class='ocrx_word' id='word_1_349' title='bbox 2970 1415 2989 1448; x_wconf 75' lang='lat' dir='ltr'><strong>t</strong></span> <span class='ocrx_word' id='word_1_350' title='bbox 3026 1397 3325 1463; x_wconf 86' lang='lat' dir='ltr'><strong>Perlatnm,</strong></span> <span class='ocrx_word' id='word_1_351' title='bbox 3383 1400 3578 1470; x_wconf 87' lang='lat' dir='ltr'><strong>inquit,</strong></span> <span class='ocrx_word' id='word_1_352' title='bbox 3614 1400 3678 1456; x_wconf 85' lang='lat' dir='ltr'><strong>ad</strong></span> <span class='ocrx_word' id='word_1_353' title='bbox 3702 1416 3786 1456; x_wconf 86' lang='lat' dir='ltr'><strong>nos</strong></span> 
     </span>
    </p>
   </div>
   <div class='ocr_carea' id='block_1_45' title="bbox 2211 1482 3786 1554">
    <p class='ocr_par' dir='ltr' id='par_1_45' title="bbox 2211 1482 3786 1554">
     <span class='ocr_line' id='line_1_45' title="bbox 2211 1482 3786 1554; baseline 0.006 -18"><span class='ocrx_word' id='word_1_354' title='bbox 2211 1482 2389 1539; x_wconf 85' lang='lat' dir='ltr'><strong>fuerat</strong></span> <span class='ocrx_word' id='word_1_355' title='bbox 2417 1486 2560 1554; x_wconf 86' lang='lat' dir='ltr'><strong>quod</strong></span> <span class='ocrx_word' id='word_1_356' title='bbox 2588 1485 2985 1542; x_wconf 86' lang='lat' dir='ltr'><strong>inconsiderato</strong></span> <span class='ocrx_word' id='word_1_357' title='bbox 3016 1490 3132 1543; x_wconf 83' lang='lat' dir='ltr'><strong>zelo</strong></span> <span class='ocrx_word' id='word_1_358' title='bbox 3161 1506 3472 1547; x_wconf 87' lang='lat' dir='ltr'><strong>succensus</strong></span> <span class='ocrx_word' id='word_1_359' title='bbox 3504 1501 3786 1547; x_wconf 74' lang='lat' dir='ltr'><strong>sanctorum</strong></span> 
     </span>
    </p>
   </div>
   <div class='ocr_carea' id='block_1_46' title="bbox 2211 1573 3783 1647">
    <p class='ocr_par' dir='ltr' id='par_1_46' title="bbox 2211 1573 3783 1647">
     <span class='ocr_line' id='line_1_46' title="bbox 2211 1573 3783 1647; baseline 0.01 -21"><span class='ocrx_word' id='word_1_360' title='bbox 2211 1573 2475 1644; x_wconf 89' lang='lat' dir='ltr'><strong>imagines</strong></span> <span class='ocrx_word' id='word_1_361' title='bbox 2526 1575 2626 1630; x_wconf 88' lang='lat' dir='ltr'><strong>sub</strong></span> <span class='ocrx_word' id='word_1_362' title='bbox 2652 1577 2754 1631; x_wconf 87' lang='lat' dir='ltr'><strong>hac</strong></span> <span class='ocrx_word' id='word_1_363' title='bbox 2781 1579 2932 1647; x_wconf 87' lang='lat' dir='ltr'><strong>quasi</strong></span> <span class='ocrx_word' id='word_1_364' title='bbox 2958 1581 3310 1636; x_wconf 81' lang='lat' dir='ltr'><strong>excusatione</strong></span> <span class='ocrx_word' id='word_1_365' title='bbox 3348 1599 3420 1637; x_wconf 87' lang='lat' dir='ltr'><strong>ne</strong></span> <span class='ocrx_word' id='word_1_366' title='bbox 3455 1584 3662 1639; x_wconf 88' lang='lat' dir='ltr'><strong>adorari</strong></span> <span class='ocrx_word' id='word_1_367' title='bbox 3703 1585 3783 1641; x_wconf 86' lang='lat' dir='ltr'><strong>de-</strong></span> 
     </span>
    </p>
   </div>
   <div class='ocr_carea' id='block_1_47' title="bbox 2210 1663 3782 1743">
    <p class='ocr_par' dir='ltr' id='par_1_47' title="bbox 2210 1663 3782 1743">
     <span class='ocr_line' id='line_1_47' title="bbox 2210 1663 3782 1743; baseline 0.007 -24"><span class='ocrx_word' id='word_1_368' title='bbox 2210 1663 2472 1730; x_wconf 88' lang='lat' dir='ltr'><strong>buissent,</strong></span> <span class='ocrx_word' id='word_1_369' title='bbox 2512 1666 2906 1738; x_wconf 84' lang='lat' dir='ltr'><strong>confringeres:</strong></span> <span class='ocrx_word' id='word_1_370' title='bbox 2946 1680 3002 1724; x_wconf 93' lang='lat' dir='ltr'><strong>et</strong></span> <span class='ocrx_word' id='word_1_371' title='bbox 3042 1672 3259 1741; x_wconf 90' lang='lat' dir='ltr'><strong>quidem</strong></span> <span class='ocrx_word' id='word_1_372' title='bbox 3294 1674 3394 1743; x_wconf 86' lang='lat' dir='ltr'><strong>qui</strong></span> <span class='ocrx_word' id='word_1_373' title='bbox 3440 1691 3535 1730; x_wconf 88' lang='lat' dir='ltr'><strong>eas</strong></span> <span class='ocrx_word' id='word_1_374' title='bbox 3579 1675 3782 1730; x_wconf 84' lang='lat' dir='ltr'><strong>adorare</strong></span> 
     </span>
    </p>
   </div>
   <div class='ocr_carea' id='block_1_48' title="bbox 2141 1752 3783 1834">
    <p class='ocr_par' dir='ltr' id='par_1_48' title="bbox 2141 1752 3783 1834">
     <span class='ocr_line' id='line_1_48' title="bbox 2141 1752 3783 1834; baseline 0.004 -22"><span class='ocrx_word' id='word_1_375' title='bbox 2141 1752 2187 1812; x_wconf 79' lang='grc' dir='ltr'><strong><em>Β</em></strong></span> <span class='ocrx_word' id='word_1_376' title='bbox 2213 1756 2475 1811; x_wconf 89' lang='lat' dir='ltr'><strong>vetuisses</strong></span> <span class='ocrx_word' id='word_1_377' title='bbox 2519 1758 2739 1813; x_wconf 91' lang='lat' dir='ltr'><strong>omnino</strong></span> <span class='ocrx_word' id='word_1_378' title='bbox 2787 1759 3141 1823; x_wconf 85' lang='lat' dir='ltr'><strong>laudavimus,</strong></span> <span class='ocrx_word' id='word_1_379' title='bbox 3182 1761 3424 1834; x_wconf 81' lang='lat' dir='ltr'><strong>fregisse</strong></span> <span class='ocrx_word' id='word_1_380' title='bbox 3476 1780 3603 1819; x_wconf 88' lang='lat' dir='ltr'><strong>vero</strong></span> <span class='ocrx_word' id='word_1_381' title='bbox 3627 1778 3783 1833; x_wconf 87' lang='lat' dir='ltr'><strong>repre-</strong></span> 
     </span>
    </p>
   </div>
   <div class='ocr_carea' id='block_1_49' title="bbox 2215 1845 3784 1924">
    <p class='ocr_par' dir='ltr' id='par_1_49' title="bbox 2215 1845 3784 1924">
     <span class='ocr_line' id='line_1_49' title="bbox 2215 1845 3784 1924; baseline 0.005 -25"><span class='ocrx_word' id='word_1_382' title='bbox 2215 1845 2519 1900; x_wconf 89' lang='lat' dir='ltr'><strong>hendimus.</strong></span> <span class='ocrx_word' id='word_1_383' title='bbox 2554 1865 2571 1897; x_wconf 81' lang='grc'><strong>›</strong></span> <span class='ocrx_word' id='word_1_384' title='bbox 2597 1846 2665 1902; x_wconf 87' lang='lat' dir='ltr'><strong>Et</strong></span> <span class='ocrx_word' id='word_1_385' title='bbox 2685 1860 2807 1917; x_wconf 92' lang='lat' dir='ltr'><strong>post</strong></span> <span class='ocrx_word' id='word_1_386' title='bbox 2823 1864 3024 1918; x_wconf 87' lang='lat' dir='ltr'><strong>pauca:</strong></span> <span class='ocrx_word' id='word_1_387' title='bbox 3060 1868 3078 1901; x_wconf 86' lang='grc'><strong><em>‹</em></strong></span> <span class='ocrx_word' id='word_1_388' title='bbox 3113 1849 3317 1924; x_wconf 83' lang='lat' dir='ltr'><strong>Frangi</strong></span> <span class='ocrx_word' id='word_1_389' title='bbox 3339 1868 3475 1924; x_wconf 89' lang='lat' dir='ltr'><strong>ergo</strong></span> <span class='ocrx_word' id='word_1_390' title='bbox 3503 1868 3609 1907; x_wconf 92' lang='lat' dir='ltr'><strong>non</strong></span> <span class='ocrx_word' id='word_1_391' title='bbox 3627 1852 3784 1907; x_wconf 79' lang='lat' dir='ltr'><strong>debuit</strong></span> 
     </span>
    </p>
   </div>
   <div class='ocr_carea' id='block_1_50' title="bbox 2215 1934 3783 2007">
    <p class='ocr_par' dir='ltr' id='par_1_50' title="bbox 2215 1934 3783 2007">
     <span class='ocr_line' id='line_1_50' title="bbox 2215 1934 3783 2007; baseline 0.006 -21"><span class='ocrx_word' id='word_1_392' title='bbox 2215 1934 2480 2003; x_wconf 88' lang='lat' dir='ltr'><strong>quodnon</strong></span> <span class='ocrx_word' id='word_1_393' title='bbox 2509 1935 2577 1988; x_wconf 89' lang='lat' dir='ltr'><strong>ad</strong></span> <span class='ocrx_word' id='word_1_394' title='bbox 2599 1936 2929 1992; x_wconf 89' lang='lat' dir='ltr'><strong>adorandum</strong></span> <span class='ocrx_word' id='word_1_395' title='bbox 2956 1939 3011 1993; x_wconf 90' lang='lat' dir='ltr'><strong>in</strong></span> <span class='ocrx_word' id='word_1_396' title='bbox 3031 1941 3297 2007; x_wconf 86' lang='lat' dir='ltr'><strong>ccclesiis,</strong></span> <span class='ocrx_word' id='word_1_397' title='bbox 3332 1943 3431 1997; x_wconf 91' lang='lat' dir='ltr'><strong>sed</strong></span> <span class='ocrx_word' id='word_1_398' title='bbox 3453 1942 3522 1996; x_wconf 90' lang='lat' dir='ltr'><strong>ad</strong></span> <span class='ocrx_word' id='word_1_399' title='bbox 3542 1943 3783 1997; x_wconf 86' lang='lat' dir='ltr'><strong>instruen-</strong></span> 
     </span>
    </p>
   </div>
   <div class='ocr_carea' id='block_1_51' title="bbox 2215 2020 3777 2086">
    <p class='ocr_par' dir='ltr' id='par_1_51' title="bbox 2215 2020 3777 2086">
     <span class='ocr_line' id='line_1_51' title="bbox 2215 2020 3777 2086; baseline 0.006 -12"><span class='ocrx_word' id='word_1_400' title='bbox 2215 2020 2313 2075; x_wconf 87' lang='lat' dir='ltr'><strong>das</strong></span> <span class='ocrx_word' id='word_1_401' title='bbox 2350 2022 2685 2078; x_wconf 89' lang='lat' dir='ltr'><strong>solummodo</strong></span> <span class='ocrx_word' id='word_1_402' title='bbox 2715 2034 2923 2081; x_wconf 86' lang='lat' dir='ltr'><strong>mentes</strong></span> <span class='ocrx_word' id='word_1_403' title='bbox 2946 2025 3048 2081; x_wconf 89' lang='lat' dir='ltr'><strong>fuit</strong></span> <span class='ocrx_word' id='word_1_404' title='bbox 3076 2028 3441 2085; x_wconf 88' lang='lat' dir='ltr'><strong>nescientium</strong></span> <span class='ocrx_word' id='word_1_405' title='bbox 3465 2030 3777 2086; x_wconf 86' lang='lat' dir='ltr'><strong>collocatum.</strong></span> 
     </span>
    </p>
   </div>
   <div class='ocr_carea' id='block_1_52' title="bbox 2215 2113 3780 2191">
    <p class='ocr_par' dir='ltr' id='par_1_52' title="bbox 2215 2113 3780 2191">
     <span class='ocr_line' id='line_1_52' title="bbox 2215 2113 3780 2191; baseline 0.002 -22"><span class='ocrx_word' id='word_1_406' title='bbox 2215 2113 2283 2169; x_wconf 80' lang='lat' dir='ltr'><strong>Et</strong></span> <span class='ocrx_word' id='word_1_407' title='bbox 2308 2114 2431 2183; x_wconf 86' lang='lat' dir='ltr'><strong>quia</strong></span> <span class='ocrx_word' id='word_1_408' title='bbox 2458 2115 2512 2168; x_wconf 90' lang='lat' dir='ltr'><strong>in</strong></span> <span class='ocrx_word' id='word_1_409' title='bbox 2548 2115 2679 2171; x_wconf 88' lang='lat' dir='ltr'><strong>locis</strong></span> <span class='ocrx_word' id='word_1_410' title='bbox 2700 2119 3097 2173; x_wconf 88' lang='lat' dir='ltr'><strong>venerabilibus</strong></span> <span class='ocrx_word' id='word_1_411' title='bbox 3126 2130 3450 2176; x_wconf 87' lang='lat' dir='ltr'><strong>sanctorum</strong></span> <span class='ocrx_word' id='word_1_412' title='bbox 3476 2121 3678 2191; x_wconf 76' lang='lat' dir='ltr'><strong>depingi</strong></span> <span class='ocrx_word' id='word_1_413' title='bbox 3712 2119 3780 2173; x_wconf 56' lang='lat' dir='ltr'><strong>hic</strong></span> 
     </span>
    </p>
   </div>
   <div class='ocr_carea' id='block_1_53' title="bbox 2215 2194 3775 2277">
    <p class='ocr_par' dir='ltr' id='par_1_53' title="bbox 2215 2194 3775 2277">
     <span class='ocr_line' id='line_1_53' title="bbox 2215 2194 3775 2277; baseline 0.002 -16"><span class='ocrx_word' id='word_1_414' title='bbox 2215 2208 2410 2262; x_wconf 87' lang='lat' dir='ltr'><strong>storias</strong></span> <span class='ocrx_word' id='word_1_415' title='bbox 2438 2224 2545 2263; x_wconf 88' lang='lat' dir='ltr'><strong>non</strong></span> <span class='ocrx_word' id='word_1_416' title='bbox 2570 2209 2689 2264; x_wconf 84' lang='lat' dir='ltr'><strong>sine</strong></span> <span class='ocrx_word' id='word_1_417' title='bbox 2739 2211 2945 2265; x_wconf 89' lang='lat' dir='ltr'><strong>ratione</strong></span> <span class='ocrx_word' id='word_1_418' title='bbox 2975 2221 3214 2270; x_wconf 89' lang='lat' dir='ltr'><strong>vetustas</strong></span> <span class='ocrx_word' id='word_1_419' title='bbox 3249 2214 3504 2277; x_wconf 84' lang='lat' dir='ltr'><strong>admisit,</strong></span> <span class='ocrx_word' id='word_1_420' title='bbox 3541 2194 3595 2268; x_wconf 24' lang='lat' dir='ltr'><strong>si.</strong></span> <span class='ocrx_word' id='word_1_421' title='bbox 3626 2211 3775 2266; x_wconf 81' lang='lat' dir='ltr'><strong>zelum</strong></span> 
     </span>
    </p>
   </div>
   <div class='ocr_carea' id='block_1_54' title="bbox 2217 2301 3775 2374">
    <p class='ocr_par' dir='ltr' id='par_1_54' title="bbox 2217 2301 3775 2374">
     <span class='ocr_line' id='line_1_54' title="bbox 2217 2301 3775 2374; baseline -0.001 -19"><span class='ocrx_word' id='word_1_422' title='bbox 2217 2301 2541 2356; x_wconf 88' lang='lat' dir='ltr'><strong>discretione</strong></span> <span class='ocrx_word' id='word_1_423' title='bbox 2561 2301 2857 2367; x_wconf 88' lang='lat' dir='ltr'><strong>condisses,</strong></span> <span class='ocrx_word' id='word_1_424' title='bbox 2897 2311 2952 2356; x_wconf 91' lang='lat' dir='ltr'><strong>et</strong></span> <span class='ocrx_word' id='word_1_425' title='bbox 2973 2318 3038 2357; x_wconf 90' lang='lat' dir='ltr'><strong>ea</strong></span> <span class='ocrx_word' id='word_1_426' title='bbox 3072 2319 3194 2374; x_wconf 70' lang='lat' dir='ltr'><strong>quas</strong></span> <span class='ocrx_word' id='word_1_427' title='bbox 3219 2305 3546 2359; x_wconf 87' lang='lat' dir='ltr'><strong>intendebas</strong></span> <span class='ocrx_word' id='word_1_428' title='bbox 3575 2301 3775 2356; x_wconf 80' lang='lat' dir='ltr'><strong>salubri-</strong></span> 
     </span>
    </p>
   </div>
   <div class='ocr_carea' id='block_1_55' title="bbox 2219 2390 3771 2465">
    <p class='ocr_par' dir='ltr' id='par_1_55' title="bbox 2219 2390 3771 2465">
     <span class='ocr_line' id='line_1_55' title="bbox 2219 2390 3771 2465; baseline -0.001 -19"><span class='ocrx_word' id='word_1_429' title='bbox 2219 2401 2302 2446; x_wconf 86' lang='lat' dir='ltr'><strong>ter</strong></span> <span class='ocrx_word' id='word_1_430' title='bbox 2327 2391 2568 2446; x_wconf 87' lang='lat' dir='ltr'><strong>obtinere</strong></span> <span class='ocrx_word' id='word_1_431' title='bbox 2590 2399 2644 2446; x_wconf 92' lang='lat' dir='ltr'><strong>et</strong></span> <span class='ocrx_word' id='word_1_432' title='bbox 2662 2392 2942 2447; x_wconf 87' lang='lat' dir='ltr'><strong>collectum</strong></span> <span class='ocrx_word' id='word_1_433' title='bbox 2974 2408 3188 2464; x_wconf 87' lang='lat' dir='ltr'><strong>gregem</strong></span> <span class='ocrx_word' id='word_1_434' title='bbox 3220 2410 3332 2450; x_wconf 92' lang='lat' dir='ltr'><strong>non</strong></span> <span class='ocrx_word' id='word_1_435' title='bbox 3355 2393 3675 2465; x_wconf 82' lang='lat' dir='ltr'><strong>dispergere,</strong></span> <span class='ocrx_word' id='word_1_436' title='bbox 3697 2390 3771 2444; x_wconf 84' lang='lat' dir='ltr'><strong>sed</strong></span> 
     </span>
    </p>
   </div>
   <div class='ocr_carea' id='block_1_56' title="bbox 2217 2482 3774 2554">
    <p class='ocr_par' dir='ltr' id='par_1_56' title="bbox 2217 2482 3774 2554">
     <span class='ocr_line' id='line_1_56' title="bbox 2217 2482 3774 2554; baseline -0.002 -19"><span class='ocrx_word' id='word_1_437' title='bbox 2217 2482 2395 2551; x_wconf 85' lang='lat' dir='ltr'><strong>potius</strong></span> <span class='ocrx_word' id='word_1_438' title='bbox 2418 2490 2633 2550; x_wconf 87' lang='lat' dir='ltr'><strong>poteras</strong></span> <span class='ocrx_word' id='word_1_439' title='bbox 2659 2497 3003 2554; x_wconf 85' lang='lat' dir='ltr'><strong>congregare.</strong></span> <span class='ocrx_word' id='word_1_440' title='bbox 3032 2505 3050 2536; x_wconf 69' lang='grc' dir='ltr'><strong><em>ι</em></strong></span> <span class='ocrx_word' id='word_1_441' title='bbox 3095 2485 3331 2539; x_wconf 84' lang='lat' dir='ltr'><strong>Putabat</strong></span> <span class='ocrx_word' id='word_1_442' title='bbox 3365 2485 3513 2540; x_wconf 88' lang='lat' dir='ltr'><strong>enim</strong></span> <span class='ocrx_word' id='word_1_443' title='bbox 3542 2483 3672 2538; x_wconf 88' lang='lat' dir='ltr'><strong>idem</strong></span> <span class='ocrx_word' id='word_1_444' title='bbox 3702 2494 3774 2532; x_wconf 84' lang='lat' dir='ltr'><strong>ve-</strong></span> 
     </span>
    </p>
   </div>
   <div class='ocr_carea' id='block_1_57' title="bbox 2218 2570 3769 2644">
    <p class='ocr_par' dir='ltr' id='par_1_57' title="bbox 2218 2570 3769 2644">
     <span class='ocr_line' id='line_1_57' title="bbox 2218 2570 3769 2644; baseline 0 -19"><span class='ocrx_word' id='word_1_445' title='bbox 2218 2570 2473 2625; x_wconf 90' lang='lat' dir='ltr'><strong>nerabilis</strong></span> <span class='ocrx_word' id='word_1_446' title='bbox 2508 2571 2705 2640; x_wconf 79' lang='lat' dir='ltr'><strong>przesul</strong></span> <span class='ocrx_word' id='word_1_447' title='bbox 2751 2573 2805 2626; x_wconf 90' lang='lat' dir='ltr'><strong>iu</strong></span> <span class='ocrx_word' id='word_1_448' title='bbox 2843 2573 3134 2644; x_wconf 82' lang='lat' dir='ltr'><strong>imaginum</strong></span> <span class='ocrx_word' id='word_1_449' title='bbox 3187 2575 3609 2630; x_wconf 78' lang='lat' dir='ltr'><strong>comminatione</strong></span> <span class='ocrx_word' id='word_1_450' title='bbox 3635 2585 3769 2642; x_wconf 80' lang='lat' dir='ltr'><strong>popu-</strong></span> 
     </span>
    </p>
   </div>
   <div class='ocr_carea' id='block_1_58' title="bbox 2218 2657 3771 2733">
    <p class='ocr_par' dir='ltr' id='par_1_58' title="bbox 2218 2657 3771 2733">
     <span class='ocr_line' id='line_1_58' title="bbox 2218 2657 3771 2733; baseline 0.001 -22"><span class='ocrx_word' id='word_1_451' title='bbox 2218 2657 2358 2715; x_wconf 84' lang='lat' dir='ltr'><strong>lares</strong></span> <span class='ocrx_word' id='word_1_452' title='bbox 2385 2660 2593 2714; x_wconf 88' lang='lat' dir='ltr'><strong>animos</strong></span> <span class='ocrx_word' id='word_1_453' title='bbox 2622 2663 2986 2731; x_wconf 77' lang='lat' dir='ltr'><strong>perturbatos,</strong></span> <span class='ocrx_word' id='word_1_454' title='bbox 3026 2670 3081 2717; x_wconf 89' lang='lat' dir='ltr'><strong>et</strong></span> <span class='ocrx_word' id='word_1_455' title='bbox 3130 2664 3250 2718; x_wconf 90' lang='lat' dir='ltr'><strong>ideo</strong></span> <span class='ocrx_word' id='word_1_456' title='bbox 3285 2663 3602 2733; x_wconf 87' lang='lat' dir='ltr'><strong>pusillorum</strong></span> <span class='ocrx_word' id='word_1_457' title='bbox 3642 2671 3771 2713; x_wconf 81' lang='lat' dir='ltr'><strong>scan-</strong></span> 
     </span>
    </p>
   </div>
   <div class='ocr_carea' id='block_1_59' title="bbox 2219 2751 3768 2822">
    <p class='ocr_par' dir='ltr' id='par_1_59' title="bbox 2219 2751 3768 2822">
     <span class='ocr_line' id='line_1_59' title="bbox 2219 2751 3768 2822; baseline -0.001 -16"><span class='ocrx_word' id='word_1_458' title='bbox 2219 2751 2398 2806; x_wconf 89' lang='lat' dir='ltr'><strong>dalum</strong></span> <span class='ocrx_word' id='word_1_459' title='bbox 2430 2753 2817 2822; x_wconf 84' lang='lat' dir='ltr'><strong>pertimescens</strong></span> <span class='ocrx_word' id='word_1_460' title='bbox 2846 2753 2960 2810; x_wconf 73' lang='lat' dir='ltr'><strong>bzec</strong></span> <span class='ocrx_word' id='word_1_461' title='bbox 2984 2754 3268 2810; x_wconf 73' lang='lat' dir='ltr'><strong>inferebat.</strong></span> <span class='ocrx_word' id='word_1_462' title='bbox 3345 2756 3498 2811; x_wconf 80' lang='lat' dir='ltr'><strong>Unde</strong></span> <span class='ocrx_word' id='word_1_463' title='bbox 3523 2763 3575 2809; x_wconf 92' lang='lat' dir='ltr'><strong>et</strong></span> <span class='ocrx_word' id='word_1_464' title='bbox 3596 2753 3645 2807; x_wconf 87' lang='lat' dir='ltr'><strong>in</strong></span> <span class='ocrx_word' id='word_1_465' title='bbox 3666 2753 3768 2807; x_wconf 76' lang='lat' dir='ltr'><strong>sub-</strong></span> 
     </span>
    </p>
   </div>
   <div class='ocr_carea' id='block_1_60' title="bbox 2217 2843 3769 2916">
    <p class='ocr_par' dir='ltr' id='par_1_60' title="bbox 2217 2843 3769 2916">
     <span class='ocr_line' id='line_1_60' title="bbox 2217 2843 3769 2916; baseline -0.001 -18"><span class='ocrx_word' id='word_1_466' title='bbox 2217 2844 2567 2913; x_wconf 87' lang='lat' dir='ltr'><strong>sequentibus</strong></span> <span class='ocrx_word' id='word_1_467' title='bbox 2602 2862 2725 2900; x_wconf 90' lang='lat' dir='ltr'><strong>eum</strong></span> <span class='ocrx_word' id='word_1_468' title='bbox 2755 2846 2974 2902; x_wconf 83' lang='lat' dir='ltr'><strong>instruit</strong></span> <span class='ocrx_word' id='word_1_469' title='bbox 3026 2847 3257 2916; x_wconf 88' lang='lat' dir='ltr'><strong>qualiter</strong></span> <span class='ocrx_word' id='word_1_470' title='bbox 3293 2863 3392 2904; x_wconf 86' lang='lat' dir='ltr'><strong>eas</strong></span> <span class='ocrx_word' id='word_1_471' title='bbox 3420 2856 3476 2903; x_wconf 92' lang='lat' dir='ltr'><strong>et</strong></span> <span class='ocrx_word' id='word_1_472' title='bbox 3520 2848 3698 2901; x_wconf 87' lang='lat' dir='ltr'><strong>habere</strong></span> <span class='ocrx_word' id='word_1_473' title='bbox 3723 2843 3769 2897; x_wconf 87' lang='lat' dir='ltr'><strong>in</strong></span> 
     </span>
    </p>
   </div>
   <div class='ocr_carea' id='block_1_61' title="bbox 2218 2933 3768 3006">
    <p class='ocr_par' dir='ltr' id='par_1_61' title="bbox 2218 2933 3768 3006">
     <span class='ocr_line' id='line_1_61' title="bbox 2218 2933 3768 3006; baseline -0.002 -17"><span class='ocrx_word' id='word_1_474' title='bbox 2218 2933 2462 2989; x_wconf 88' lang='lat' dir='ltr'><strong>ecclesiis</strong></span> <span class='ocrx_word' id='word_1_475' title='bbox 2484 2935 2812 3005; x_wconf 87' lang='lat' dir='ltr'><strong>quibuslibet</strong></span> <span class='ocrx_word' id='word_1_476' title='bbox 2838 2937 3131 3006; x_wconf 88' lang='lat' dir='ltr'><strong>permittat,</strong></span> <span class='ocrx_word' id='word_1_477' title='bbox 3169 2947 3224 2994; x_wconf 88' lang='lat' dir='ltr'><strong>et</strong></span> <span class='ocrx_word' id='word_1_478' title='bbox 3246 2938 3480 2994; x_wconf 88' lang='lat' dir='ltr'><strong>adorare</strong></span> <span class='ocrx_word' id='word_1_479' title='bbox 3499 2935 3655 2991; x_wconf 87' lang='lat' dir='ltr'><strong>modis</strong></span> <span class='ocrx_word' id='word_1_480' title='bbox 3674 2947 3768 2987; x_wconf 55' lang='lat' dir='ltr'><strong>om.</strong></span> 
     </span>
    </p>
   </div>
   <div class='ocr_carea' id='block_1_62' title="bbox 2219 3020 3767 3085">
    <p class='ocr_par' dir='ltr' id='par_1_62' title="bbox 2219 3020 3767 3085">
     <span class='ocr_line' id='line_1_62' title="bbox 2219 3020 3767 3085; baseline -0.003 -6"><span class='ocrx_word' id='word_1_481' title='bbox 2219 3025 2379 3080; x_wconf 89' lang='lat' dir='ltr'><strong>nibus</strong></span> <span class='ocrx_word' id='word_1_482' title='bbox 2398 3026 2615 3081; x_wconf 86' lang='lat' dir='ltr'><strong>devitet.</strong></span> <span class='ocrx_word' id='word_1_483' title='bbox 2680 3025 2771 3081; x_wconf 82' lang='lat' dir='ltr'><strong>Ait</strong></span> <span class='ocrx_word' id='word_1_484' title='bbox 2799 3029 2972 3082; x_wconf 89' lang='lat' dir='ltr'><strong>enim:</strong></span> <span class='ocrx_word' id='word_1_485' title='bbox 3019 3047 3037 3080; x_wconf 74' lang='grc' dir='ltr'>ι</span> <span class='ocrx_word' id='word_1_486' title='bbox 3071 3027 3421 3085; x_wconf 85' lang='lat' dir='ltr'><strong>Convocandi</strong></span> <span class='ocrx_word' id='word_1_487' title='bbox 3457 3036 3577 3083; x_wconf 89' lang='lat' dir='ltr'><strong>sunt</strong></span> <span class='ocrx_word' id='word_1_488' title='bbox 3604 3020 3767 3080; x_wconf 84' lang='lat' dir='ltr'><strong>diversi</strong></span> 
     </span>
    </p>
   </div>
   <div class='ocr_carea' id='block_1_63' title="bbox 546 3114 3765 3194">
    <p class='ocr_par' dir='ltr' id='par_1_63' title="bbox 546 3114 3765 3194">
     <span class='ocr_line' id='line_1_63' title="bbox 546 3114 3765 3194; baseline -0 -19"><span class='ocrx_word' id='word_1_489' title='bbox 546 3122 615 3176; x_wconf 80' lang='lat' dir='ltr'><strong>ad</strong></span> <span class='ocrx_word' id='word_1_490' title='bbox 637 3121 861 3175; x_wconf 75' lang='lat' dir='ltr'><strong>salutem</strong></span> <span class='ocrx_word' id='word_1_491' title='bbox 900 3121 1079 3192; x_wconf 83' lang='lat' dir='ltr'><strong>(Rom.</strong></span> <span class='ocrx_word' id='word_1_492' title='bbox 1116 3121 1194 3194; x_wconf 64' lang='grc' dir='ltr'><strong>χ).</strong></span> <span class='ocrx_word' id='word_1_493' title='bbox 1236 3122 1399 3179; x_wconf 81' lang='lat' dir='ltr'><strong>Multa</strong></span> <span class='ocrx_word' id='word_1_494' title='bbox 1433 3124 1649 3192; x_wconf 89' lang='lat' dir='ltr'><strong>quidem</strong></span> <span class='ocrx_word' id='word_1_495' title='bbox 1681 3123 1749 3178; x_wconf 89' lang='lat' dir='ltr'><strong>ad</strong></span> <span class='ocrx_word' id='word_1_496' title='bbox 1797 3137 1909 3177; x_wconf 91' lang='lat' dir='ltr'><strong>rem</strong></span> <span class='ocrx_word' id='word_1_497' title='bbox 1956 3122 2121 3191; x_wconf 78' lang='lat' dir='ltr'><strong>perti-</strong></span> <span class='ocrx_word' id='word_1_498' title='bbox 2148 3115 2195 3178; x_wconf 87' lang='lat' dir='ltr'><strong>C</strong></span> <span class='ocrx_word' id='word_1_499' title='bbox 2224 3116 2478 3172; x_wconf 65' lang='lat' dir='ltr'><strong>Ecclesia:</strong></span> <span class='ocrx_word' id='word_1_500' title='bbox 2504 3116 2598 3172; x_wconf 83' lang='lat' dir='ltr'><strong>ﬁlii</strong></span> <span class='ocrx_word' id='word_1_501' title='bbox 2625 3118 2809 3188; x_wconf 83' lang='lat' dir='ltr'><strong>eisque</strong></span> <span class='ocrx_word' id='word_1_502' title='bbox 2840 3118 3131 3191; x_wconf 72' lang='lat' dir='ltr'><strong>Scriptura:</strong></span> <span class='ocrx_word' id='word_1_503' title='bbox 3170 3137 3344 3178; x_wconf 68' lang='lat' dir='ltr'><strong>sacrae</strong></span> <span class='ocrx_word' id='word_1_504' title='bbox 3378 3129 3460 3177; x_wconf 88' lang='lat' dir='ltr'><strong>est</strong></span> <span class='ocrx_word' id='word_1_505' title='bbox 3489 3114 3765 3174; x_wconf 76' lang='lat' dir='ltr'><strong>testimoniis</strong></span> 
     </span>
    </p>
   </div>
   <div class='ocr_carea' id='block_1_64' title="bbox 550 3211 2126 3283">
    <p class='ocr_par' dir='ltr' id='par_1_64' title="bbox 550 3211 2126 3283">
     <span class='ocr_line' id='line_1_64' title="bbox 550 3211 2126 3283; baseline 0.001 -19"><span class='ocrx_word' id='word_1_506' title='bbox 550 3211 731 3266; x_wconf 87' lang='lat' dir='ltr'><strong>nentia</strong></span> <span class='ocrx_word' id='word_1_507' title='bbox 758 3222 813 3267; x_wconf 94' lang='lat' dir='ltr'><strong>et</strong></span> <span class='ocrx_word' id='word_1_508' title='bbox 841 3212 966 3267; x_wconf 88' lang='lat' dir='ltr'><strong>huic</strong></span> <span class='ocrx_word' id='word_1_509' title='bbox 1016 3214 1232 3283; x_wconf 87' lang='lat' dir='ltr'><strong>negotio</strong></span> <span class='ocrx_word' id='word_1_510' title='bbox 1275 3214 1581 3269; x_wconf 85' lang='lat' dir='ltr'><strong>necessaria</strong></span> <span class='ocrx_word' id='word_1_511' title='bbox 1640 3214 1693 3266; x_wconf 90' lang='lat' dir='ltr'><strong>in</strong></span> <span class='ocrx_word' id='word_1_512' title='bbox 1739 3214 1844 3267; x_wconf 87' lang='lat' dir='ltr'><strong>hoc</strong></span> <span class='ocrx_word' id='word_1_513' title='bbox 1891 3211 2126 3283; x_wconf 88' lang='lat' dir='ltr'><strong>capitulo</strong></span> 
     </span>
    </p>
   </div>
   <div class='ocr_carea' id='block_1_65' title="bbox 550 3300 2129 3372">
    <p class='ocr_par' dir='ltr' id='par_1_65' title="bbox 550 3300 2129 3372">
     <span class='ocr_line' id='line_1_65' title="bbox 550 3300 2129 3372; baseline -0.001 -15"><span class='ocrx_word' id='word_1_514' title='bbox 550 3302 657 3357; x_wconf 83' lang='lat' dir='ltr'><strong>dici</strong></span> <span class='ocrx_word' id='word_1_515' title='bbox 712 3310 979 3372; x_wconf 87' lang='lat' dir='ltr'><strong>poterant,</strong></span> <span class='ocrx_word' id='word_1_516' title='bbox 1028 3303 1075 3358; x_wconf 92' lang='lat' dir='ltr'><strong>si</strong></span> <span class='ocrx_word' id='word_1_517' title='bbox 1121 3302 1379 3370; x_wconf 86' lang='lat' dir='ltr'><strong>brevitas,</strong></span> <span class='ocrx_word' id='word_1_518' title='bbox 1416 3302 1503 3358; x_wconf 89' lang='lat' dir='ltr'><strong>cui</strong></span> <span class='ocrx_word' id='word_1_519' title='bbox 1566 3302 1864 3369; x_wconf 89' lang='lat' dir='ltr'><strong>studemus,</strong></span> <span class='ocrx_word' id='word_1_520' title='bbox 1905 3300 2129 3371; x_wconf 88' lang='lat' dir='ltr'><strong>permit-</strong></span> 
     </span>
    </p>
   </div>
   <div class='ocr_carea' id='block_1_66' title="bbox 550 3402 711 3452">
    <p class='ocr_par' dir='ltr' id='par_1_66' title="bbox 550 3402 711 3452">
     <span class='ocr_line' id='line_1_66' title="bbox 550 3402 711 3452; baseline -0.012 -3"><span class='ocrx_word' id='word_1_521' title='bbox 550 3402 711 3452; x_wconf 70' lang='lat' dir='ltr'><strong>teret.</strong></span> 
     </span>
    </p>
   </div>
   <div class='ocr_carea' id='block_1_67' title="bbox 1118 3509 1568 3567">
    <p class='ocr_par' dir='ltr' id='par_1_67' title="bbox 1118 3509 1568 3567">
     <span class='ocr_line' id='line_1_67' title="bbox 1118 3509 1568 3567; baseline -0.002 -1"><span class='ocrx_word' id='word_1_522' title='bbox 1118 3509 1345 3567; x_wconf 74' lang='lat' dir='ltr'><strong>CAPUT</strong></span> <span class='ocrx_word' id='word_1_523' title='bbox 1382 3511 1568 3567; x_wconf 77' lang='lat' dir='ltr'><strong>XXIII.</strong></span> 
     </span>
    </p>
   </div>
   <div class='ocr_carea' id='block_1_68' title="bbox 556 3621 2127 3694">
    <p class='ocr_par' dir='ltr' id='par_1_68' title="bbox 556 3621 2127 3694">
     <span class='ocr_line' id='line_1_68' title="bbox 556 3621 2127 3694; baseline 0 -18"><span class='ocrx_word' id='word_1_524' title='bbox 556 3623 709 3689; x_wconf 80' lang='lat' dir='ltr'><strong>Quod</strong></span> <span class='ocrx_word' id='word_1_525' title='bbox 736 3634 916 3678; x_wconf 87' lang='lat' dir='ltr'><strong>contra</strong></span> <span class='ocrx_word' id='word_1_526' title='bbox 943 3623 1075 3677; x_wconf 83' lang='lat' dir='ltr'><strong>beati</strong></span> <span class='ocrx_word' id='word_1_527' title='bbox 1115 3622 1353 3694; x_wconf 82' lang='lat' dir='ltr'><strong>Gregorii</strong></span> <span class='ocrx_word' id='word_1_528' title='bbox 1400 3621 1655 3677; x_wconf 72' lang='lat' dir='ltr'><strong>Romana!</strong></span> <span class='ocrx_word' id='word_1_529' title='bbox 1692 3622 1837 3694; x_wconf 82' lang='lat' dir='ltr'><strong>urbis</strong></span> <span class='ocrx_word' id='word_1_530' title='bbox 1877 3622 2127 3694; x_wconf 86' lang='lat' dir='ltr'><strong>antistitis</strong></span> 
     </span>
    </p>
   </div>
   <div class='ocr_carea' id='block_1_69' title="bbox 622 3692 2128 3763">
    <p class='ocr_par' dir='ltr' id='par_1_69' title="bbox 622 3692 2128 3763">
     <span class='ocr_line' id='line_1_69' title="bbox 622 3692 2128 3763; baseline -0.001 -17"><span class='ocrx_word' id='word_1_531' title='bbox 622 3695 930 3749; x_wconf 77' lang='lat' dir='ltr'><strong>sententiam</strong></span> <span class='ocrx_word' id='word_1_532' title='bbox 954 3692 1248 3748; x_wconf 80' lang='lat' dir='ltr'><strong>institutum</strong></span> <span class='ocrx_word' id='word_1_533' title='bbox 1268 3695 1336 3748; x_wconf 89' lang='lat' dir='ltr'><strong>sit</strong></span> <span class='ocrx_word' id='word_1_534' title='bbox 1356 3693 1608 3763; x_wconf 89' lang='lat' dir='ltr'><strong>imagines</strong></span> <span class='ocrx_word' id='word_1_535' title='bbox 1632 3693 1857 3748; x_wconf 85' lang='lat' dir='ltr'><strong>adorare</strong></span> <span class='ocrx_word' id='word_1_536' title='bbox 1869 3710 1958 3747; x_wconf 85' lang='lat' dir='ltr'><strong>seu</strong></span> <span class='ocrx_word' id='word_1_537' title='bbox 1980 3692 2128 3763; x_wconf 76' lang='lat' dir='ltr'><strong>[ran-</strong></span> 
     </span>
    </p>
   </div>
   <div class='ocr_carea' id='block_1_70' title="bbox 624 3780 764 3834">
    <p class='ocr_par' dir='ltr' id='par_1_70' title="bbox 624 3780 764 3834">
     <span class='ocr_line' id='line_1_70' title="bbox 624 3780 764 3834; baseline -0.007 -16"><span class='ocrx_word' id='word_1_538' title='bbox 624 3780 764 3834; x_wconf 83' lang='lat' dir='ltr'><strong>gere.</strong></span> 
     </span>
    </p>
   </div>
   <div class='ocr_carea' id='block_1_71' title="bbox 625 3895 2132 3969">
    <p class='ocr_par' dir='ltr' id='par_1_71' title="bbox 625 3895 2132 3969">
     <span class='ocr_line' id='line_1_71' title="bbox 625 3895 2132 3969; baseline 0.001 -17"><span class='ocrx_word' id='word_1_539' title='bbox 625 3896 888 3969; x_wconf 67' lang='lat' dir='ltr'><strong>lmagincs</strong></span> <span class='ocrx_word' id='word_1_540' title='bbox 913 3913 1042 3953; x_wconf 89' lang='lat' dir='ltr'><strong>sane</strong></span> <span class='ocrx_word' id='word_1_541' title='bbox 1064 3915 1288 3968; x_wconf 88' lang='lat' dir='ltr'><strong>quarum</strong></span> <span class='ocrx_word' id='word_1_542' title='bbox 1333 3900 1760 3956; x_wconf 68' lang='lat' dir='ltr'><strong>insolentissimte</strong></span> <span class='ocrx_word' id='word_1_543' title='bbox 1803 3895 2132 3954; x_wconf 85' lang='lat' dir='ltr'><strong>adorationis</strong></span> 
     </span>
    </p>
   </div>
   <div class='ocr_carea' id='block_1_72' title="bbox 556 3990 2135 4062">
    <p class='ocr_par' dir='ltr' id='par_1_72' title="bbox 556 3990 2135 4062">
     <span class='ocr_line' id='line_1_72' title="bbox 556 3990 2135 4062; baseline 0 -17"><span class='ocrx_word' id='word_1_544' title='bbox 556 4005 710 4045; x_wconf 86' lang='lat' dir='ltr'><strong>amor</strong></span> <span class='ocrx_word' id='word_1_545' title='bbox 732 3990 1083 4046; x_wconf 88' lang='lat' dir='ltr'><strong>Constantino</strong></span> <span class='ocrx_word' id='word_1_546' title='bbox 1125 3999 1179 4046; x_wconf 92' lang='lat' dir='ltr'><strong>et</strong></span> <span class='ocrx_word' id='word_1_547' title='bbox 1203 3991 1361 4046; x_wconf 90' lang='lat' dir='ltr'><strong>matri</strong></span> <span class='ocrx_word' id='word_1_548' title='bbox 1399 3992 1515 4062; x_wconf 89' lang='lat' dir='ltr'><strong>ejus</strong></span> <span class='ocrx_word' id='word_1_549' title='bbox 1542 3992 1780 4048; x_wconf 67' lang='lat' dir='ltr'><strong>“serena:</strong></span> <span class='ocrx_word' id='word_1_550' title='bbox 1826 4007 2034 4048; x_wconf 88' lang='lat' dir='ltr'><strong>necnon</strong></span> <span class='ocrx_word' id='word_1_551' title='bbox 2079 4000 2135 4048; x_wconf 92' lang='lat' dir='ltr'><strong>et</strong></span> 
     </span>
    </p>
   </div>
   <div class='ocr_carea' id='block_1_73' title="bbox 557 4079 2134 4155">
    <p class='ocr_par' dir='ltr' id='par_1_73' title="bbox 557 4079 2134 4155">
     <span class='ocr_line' id='line_1_73' title="bbox 557 4079 2134 4155; baseline 0.003 -21"><span class='ocrx_word' id='word_1_552' title='bbox 557 4079 782 4136; x_wconf 86' lang='lat' dir='ltr'><strong>Tarasio</strong></span> <span class='ocrx_word' id='word_1_553' title='bbox 803 4080 1392 4151; x_wconf 89' lang='lat' dir='ltr'><strong>Constantinopolitano</strong></span> <span class='ocrx_word' id='word_1_554' title='bbox 1413 4083 1662 4153; x_wconf 90' lang='lat' dir='ltr'><strong>episcopo</strong></span> <span class='ocrx_word' id='word_1_555' title='bbox 1682 4085 1995 4139; x_wconf 69' lang='lat' dir='ltr'><strong>exercendm</strong></span> <span class='ocrx_word' id='word_1_556' title='bbox 2009 4099 2134 4155; x_wconf 86' lang='lat' dir='ltr'><strong>syn-</strong></span> 
     </span>
    </p>
   </div>
   <div class='ocr_carea' id='block_1_74' title="bbox 556 4172 2135 4243">
    <p class='ocr_par' dir='ltr' id='par_1_74' title="bbox 556 4172 2135 4243">
     <span class='ocr_line' id='line_1_74' title="bbox 556 4172 2135 4243; baseline 0.001 -15"><span class='ocrx_word' id='word_1_557' title='bbox 556 4172 646 4228; x_wconf 87' lang='lat' dir='ltr'><strong>odi</strong></span> <span class='ocrx_word' id='word_1_558' title='bbox 672 4188 832 4228; x_wconf 83' lang='lat' dir='ltr'><strong>causa</strong></span> <span class='ocrx_word' id='word_1_559' title='bbox 859 4175 1085 4239; x_wconf 78' lang='lat' dir='ltr'><strong>exstitit,</strong></span> <span class='ocrx_word' id='word_1_560' title='bbox 1100 4189 1327 4243; x_wconf 86' lang='lat' dir='ltr'><strong>quorum</strong></span> <span class='ocrx_word' id='word_1_561' title='bbox 1348 4175 1712 4230; x_wconf 89' lang='lat' dir='ltr'><strong>discutiendus</strong></span> <span class='ocrx_word' id='word_1_562' title='bbox 1731 4188 1885 4229; x_wconf 89' lang='lat' dir='ltr'><strong>error</strong></span> <span class='ocrx_word' id='word_1_563' title='bbox 1899 4190 2135 4243; x_wconf 59' lang='lat' dir='ltr'><strong>p&#39;tesen-</strong></span> 
     </span>
    </p>
   </div>
   <div class='ocr_carea' id='block_1_75' title="bbox 563 4254 2134 4333">
    <p class='ocr_par' dir='ltr' id='par_1_75' title="bbox 563 4254 2134 4333">
     <span class='ocr_line' id='line_1_75' title="bbox 563 4254 2134 4333; baseline 0.003 -18"><span class='ocrx_word' id='word_1_564' title='bbox 563 4262 633 4318; x_wconf 86' lang='lat' dir='ltr'><strong>tis</strong></span> <span class='ocrx_word' id='word_1_565' title='bbox 664 4263 817 4318; x_wconf 91' lang='lat' dir='ltr'><strong>nobis</strong></span> <span class='ocrx_word' id='word_1_566' title='bbox 853 4254 1231 4332; x_wconf 74' lang='lat' dir='ltr'><strong>disputatiunis</strong></span> <span class='ocrx_word' id='word_1_567' title='bbox 1276 4264 1555 4318; x_wconf 89' lang='lat' dir='ltr'><strong>materiam</strong></span> <span class='ocrx_word' id='word_1_568' title='bbox 1607 4264 1853 4333; x_wconf 63' lang='lat' dir='ltr'><strong>praebuit,</strong></span> <span class='ocrx_word' id='word_1_569' title='bbox 1895 4279 1925 4319; x_wconf 88' lang='lat' dir='ltr'><strong>a</strong></span> <span class='ocrx_word' id='word_1_570' title='bbox 1976 4265 2134 4320; x_wconf 84' lang='lat' dir='ltr'><strong>beato</strong></span> 
     </span>
    </p>
   </div>
   <div class='ocr_carea' id='block_1_76' title="bbox 560 4354 2133 4428">
    <p class='ocr_par' dir='ltr' id='par_1_76' title="bbox 560 4354 2133 4428">
     <span class='ocr_line' id='line_1_76' title="bbox 560 4354 2133 4428; baseline 0.002 -19"><span class='ocrx_word' id='word_1_571' title='bbox 560 4354 822 4426; x_wconf 88' lang='lat' dir='ltr'><strong>Gregorio</strong></span> <span class='ocrx_word' id='word_1_572' title='bbox 848 4355 1103 4411; x_wconf 68' lang='lat' dir='ltr'><strong>Romana:</strong></span> <span class='ocrx_word' id='word_1_573' title='bbox 1149 4357 1300 4411; x_wconf 83' lang='lat' dir='ltr'><strong>urbis</strong></span> <span class='ocrx_word' id='word_1_574' title='bbox 1338 4357 1578 4411; x_wconf 86' lang='lat' dir='ltr'><strong>antistite</strong></span> <span class='ocrx_word' id='word_1_575' title='bbox 1615 4366 1669 4412; x_wconf 89' lang='lat' dir='ltr'><strong>et</strong></span> <span class='ocrx_word' id='word_1_576' title='bbox 1696 4358 1908 4413; x_wconf 89' lang='lat' dir='ltr'><strong>adorari</strong></span> <span class='ocrx_word' id='word_1_577' title='bbox 1947 4358 2133 4428; x_wconf 88' lang='lat' dir='ltr'><strong>probi-</strong></span> 
     </span>
    </p>
   </div>
   <div class='ocr_carea' id='block_1_77' title="bbox 2227 3204 3761 3278">
    <p class='ocr_par' dir='ltr' id='par_1_77' title="bbox 2227 3204 3761 3278">
     <span class='ocr_line' id='line_1_77' title="bbox 2227 3204 3761 3278; baseline -0.005 -16"><span class='ocrx_word' id='word_1_578' title='bbox 2227 3206 2638 3273; x_wconf 88' lang='lat' dir='ltr'><strong>ostendendum,</strong></span> <span class='ocrx_word' id='word_1_579' title='bbox 2677 3209 2804 3278; x_wconf 89' lang='lat' dir='ltr'><strong>quia</strong></span> <span class='ocrx_word' id='word_1_580' title='bbox 2827 3224 2987 3264; x_wconf 90' lang='lat' dir='ltr'><strong>omne</strong></span> <span class='ocrx_word' id='word_1_581' title='bbox 3011 3226 3169 3265; x_wconf 87' lang='lat' dir='ltr'><strong>manu</strong></span> <span class='ocrx_word' id='word_1_582' title='bbox 3211 3209 3417 3266; x_wconf 88' lang='lat' dir='ltr'><strong>factum</strong></span> <span class='ocrx_word' id='word_1_583' title='bbox 3453 3204 3651 3263; x_wconf 86' lang='lat' dir='ltr'><strong>adorari</strong></span> <span class='ocrx_word' id='word_1_584' title='bbox 3676 3216 3761 3255; x_wconf 86' lang='lat' dir='ltr'><strong>non</strong></span> 
     </span>
    </p>
   </div>
   <div class='ocr_carea' id='block_1_78' title="bbox 2193 3298 3761 3377">
    <p class='ocr_par' dir='ltr' id='par_1_78' title="bbox 2193 3298 3761 3377">
     <span class='ocr_line' id='line_1_78' title="bbox 2193 3298 3761 3377; baseline -0.005 -25"><span class='ocrx_word' id='word_1_585' title='bbox 2193 3373 2197 3377; x_wconf 16' lang='grc' dir='ltr'><strong><em>ν</em></strong></span> <span class='ocrx_word' id='word_1_586' title='bbox 2225 3298 2402 3364; x_wconf 90' lang='lat' dir='ltr'><strong>liceat,</strong></span> <span class='ocrx_word' id='word_1_587' title='bbox 2442 3300 2695 3368; x_wconf 86' lang='lat' dir='ltr'><strong>quoniam</strong></span> <span class='ocrx_word' id='word_1_588' title='bbox 2727 3301 2987 3370; x_wconf 87' lang='lat' dir='ltr'><strong>scriptum</strong></span> <span class='ocrx_word' id='word_1_589' title='bbox 3012 3311 3121 3359; x_wconf 88' lang='lat' dir='ltr'><strong>est:</strong></span> <span class='ocrx_word' id='word_1_590' title='bbox 3163 3301 3449 3357; x_wconf 86' lang='lat' dir='ltr'><strong>Dominum</strong></span> <span class='ocrx_word' id='word_1_591' title='bbox 3475 3299 3761 3354; x_wconf 72' lang='lat' dir='ltr'><strong>Deumtuazs</strong></span> 
     </span>
    </p>
   </div>
   <div class='ocr_carea' id='block_1_79' title="bbox 2227 3383 3758 3458">
    <p class='ocr_par' dir='ltr' id='par_1_79' title="bbox 2227 3383 3758 3458">
     <span class='ocr_line' id='line_1_79' title="bbox 2227 3383 3758 3458; baseline 0.001 -18"><span class='ocrx_word' id='word_1_592' title='bbox 2227 3386 2473 3442; x_wconf 84' lang='lat' dir='ltr'><strong>adorabis</strong></span> <span class='ocrx_word' id='word_1_593' title='bbox 2503 3397 2551 3443; x_wconf 84' lang='lat' dir='ltr'><strong>et</strong></span> <span class='ocrx_word' id='word_1_594' title='bbox 2583 3387 2662 3442; x_wconf 88' lang='lat' dir='ltr'><strong>illi</strong></span> <span class='ocrx_word' id='word_1_595' title='bbox 2683 3388 2781 3444; x_wconf 90' lang='lat' dir='ltr'><strong>soli</strong></span> <span class='ocrx_word' id='word_1_596' title='bbox 2805 3390 3019 3445; x_wconf 83' lang='lat' dir='ltr'><strong>servies:</strong></span> <span class='ocrx_word' id='word_1_597' title='bbox 3052 3407 3115 3446; x_wconf 86' lang='lat' dir='ltr'><strong>ac</strong></span> <span class='ocrx_word' id='word_1_598' title='bbox 3134 3391 3331 3449; x_wconf 79' lang='lat' dir='ltr'><strong>deinde</strong></span> <span class='ocrx_word' id='word_1_599' title='bbox 3358 3383 3758 3458; x_wconf 69' lang='lat' dir='ltr'><strong>subiungendum,</strong></span> 
     </span>
    </p>
   </div>
   <div class='ocr_carea' id='block_1_80' title="bbox 2227 3475 3759 3552">
    <p class='ocr_par' dir='ltr' id='par_1_80' title="bbox 2227 3475 3759 3552">
     <span class='ocr_line' id='line_1_80' title="bbox 2227 3475 3759 3552; baseline -0.003 -20"><span class='ocrx_word' id='word_1_600' title='bbox 2227 3476 2362 3545; x_wconf 83' lang='lat' dir='ltr'><strong>Quia</strong></span> <span class='ocrx_word' id='word_1_601' title='bbox 2392 3480 2618 3549; x_wconf 71' lang='lat' dir='ltr'><strong>pictura:</strong></span> <span class='ocrx_word' id='word_1_602' title='bbox 2645 3480 2939 3551; x_wconf 88' lang='lat' dir='ltr'><strong>imaginum</strong></span> <span class='ocrx_word' id='word_1_603' title='bbox 2960 3498 3080 3552; x_wconf 67' lang='lat' dir='ltr'><strong>qua:</strong></span> <span class='ocrx_word' id='word_1_604' title='bbox 3107 3484 3176 3539; x_wconf 88' lang='lat' dir='ltr'><strong>ad</strong></span> <span class='ocrx_word' id='word_1_605' title='bbox 3194 3482 3597 3539; x_wconf 74' lang='lat' dir='ltr'><strong>:editicationem</strong></span> <span class='ocrx_word' id='word_1_606' title='bbox 3623 3475 3759 3540; x_wconf 82' lang='lat' dir='ltr'><strong>impe-</strong></span> 
     </span>
    </p>
   </div>
   <div class='ocr_carea' id='block_1_81' title="bbox 2228 3566 3757 3641">
    <p class='ocr_par' dir='ltr' id='par_1_81' title="bbox 2228 3566 3757 3641">
     <span class='ocr_line' id='line_1_81' title="bbox 2228 3566 3757 3641; baseline -0.003 -16"><span class='ocrx_word' id='word_1_607' title='bbox 2228 3570 2318 3625; x_wconf 90' lang='lat' dir='ltr'><strong>riti</strong></span> <span class='ocrx_word' id='word_1_608' title='bbox 2338 3570 2518 3641; x_wconf 88' lang='lat' dir='ltr'><strong>populi</strong></span> <span class='ocrx_word' id='word_1_609' title='bbox 2545 3570 2701 3627; x_wconf 74' lang='lat' dir='ltr'><strong>facta:</strong></span> <span class='ocrx_word' id='word_1_610' title='bbox 2725 3572 2957 3638; x_wconf 87' lang='lat' dir='ltr'><strong>fuerant,</strong></span> <span class='ocrx_word' id='word_1_611' title='bbox 2998 3582 3059 3627; x_wconf 92' lang='lat' dir='ltr'><strong>ut</strong></span> <span class='ocrx_word' id='word_1_612' title='bbox 3082 3574 3389 3630; x_wconf 87' lang='lat' dir='ltr'><strong>nescientes</strong></span> <span class='ocrx_word' id='word_1_613' title='bbox 3411 3573 3604 3627; x_wconf 86' lang='lat' dir='ltr'><strong>litteras</strong></span> <span class='ocrx_word' id='word_1_614' title='bbox 3623 3566 3757 3633; x_wconf 78' lang='lat' dir='ltr'><strong>ipsam</strong></span> 
     </span>
    </p>
   </div>
   <div class='ocr_carea' id='block_1_82' title="bbox 2228 3659 3756 3736">
    <p class='ocr_par' dir='ltr' id='par_1_82' title="bbox 2228 3659 3756 3736">
     <span class='ocr_line' id='line_1_82' title="bbox 2228 3659 3756 3736; baseline -0.003 -17"><span class='ocrx_word' id='word_1_615' title='bbox 2228 3662 2512 3721; x_wconf 88' lang='lat' dir='ltr'><strong>historiam</strong></span> <span class='ocrx_word' id='word_1_616' title='bbox 2571 3664 2915 3722; x_wconf 89' lang='lat' dir='ltr'><strong>intendentes</strong></span> <span class='ocrx_word' id='word_1_617' title='bbox 2950 3665 3107 3736; x_wconf 39' lang='lat' dir='ltr'><strong>quod,</strong></span> <span class='ocrx_word' id='word_1_618' title='bbox 3143 3667 3350 3722; x_wconf 86' lang='lat' dir='ltr'><strong>dictum</strong></span> <span class='ocrx_word' id='word_1_619' title='bbox 3406 3665 3476 3719; x_wconf 90' lang='lat' dir='ltr'><strong>sit</strong></span> <span class='ocrx_word' id='word_1_620' title='bbox 3518 3659 3756 3716; x_wconf 51' lang='lat' dir='ltr'><strong>discerent.</strong></span> 
     </span>
    </p>
   </div>
   <div class='ocr_carea' id='block_1_83' title="bbox 2230 3752 3754 3819">
    <p class='ocr_par' dir='ltr' id='par_1_83' title="bbox 2230 3752 3754 3819">
     <span class='ocr_line' id='line_1_83' title="bbox 2230 3752 3754 3819; baseline -0.001 -10"><span class='ocrx_word' id='word_1_621' title='bbox 2230 3754 2491 3809; x_wconf 88' lang='lat' dir='ltr'><strong>transisse</strong></span> <span class='ocrx_word' id='word_1_622' title='bbox 2520 3754 2575 3808; x_wconf 90' lang='lat' dir='ltr'><strong>in</strong></span> <span class='ocrx_word' id='word_1_623' title='bbox 2602 3755 2971 3812; x_wconf 86' lang='lat' dir='ltr'><strong>adorationem</strong></span> <span class='ocrx_word' id='word_1_624' title='bbox 3011 3757 3242 3819; x_wconf 87' lang='lat' dir='ltr'><strong>videras,</strong></span> <span class='ocrx_word' id='word_1_625' title='bbox 3285 3757 3487 3813; x_wconf 87' lang='lat' dir='ltr'><strong>idcirco</strong></span> <span class='ocrx_word' id='word_1_626' title='bbox 3506 3752 3754 3806; x_wconf 69' lang='grc' dir='ltr'><strong>οοωιηοωε</strong></span> 
     </span>
    </p>
   </div>
   <div class='ocr_carea' id='block_1_84' title="bbox 2227 3830 3756 3918">
    <p class='ocr_par' dir='ltr' id='par_1_84' title="bbox 2227 3830 3756 3918">
     <span class='ocr_line' id='line_1_84' title="bbox 2227 3830 3756 3918; baseline -0.009 -14"><span class='ocrx_word' id='word_1_627' title='bbox 2227 3859 2291 3904; x_wconf 84' lang='lat' dir='ltr'><strong>es</strong></span> <span class='ocrx_word' id='word_1_628' title='bbox 2314 3852 2373 3899; x_wconf 89' lang='lat' dir='ltr'><strong>ut</strong></span> <span class='ocrx_word' id='word_1_629' title='bbox 2399 3859 2494 3900; x_wconf 88' lang='lat' dir='ltr'><strong>eas</strong></span> <span class='ocrx_word' id='word_1_630' title='bbox 2519 3845 2779 3915; x_wconf 90' lang='lat' dir='ltr'><strong>imagines</strong></span> <span class='ocrx_word' id='word_1_631' title='bbox 2819 3844 2993 3918; x_wconf 87' lang='lat' dir='ltr'><strong>frangi</strong></span> <span class='ocrx_word' id='word_1_632' title='bbox 3038 3847 3393 3918; x_wconf 68' lang='lat' dir='ltr'><strong>praeeiperes:</strong></span> <span class='ocrx_word' id='word_1_633' title='bbox 3427 3852 3574 3912; x_wconf 89' lang='lat' dir='ltr'><strong>atque</strong></span> <span class='ocrx_word' id='word_1_634' title='bbox 3613 3835 3679 3888; x_wconf 83' lang='lat' dir='ltr'><strong>eis</strong></span> <span class='ocrx_word' id='word_1_635' title='bbox 3695 3830 3756 3885; x_wconf 74' lang='lat' dir='ltr'><strong>di—</strong></span> 
     </span>
    </p>
   </div>
   <div class='ocr_carea' id='block_1_85' title="bbox 2231 3918 3746 4003">
    <p class='ocr_par' dir='ltr' id='par_1_85' title="bbox 2231 3918 3746 4003">
     <span class='ocr_line' id='line_1_85' title="bbox 2231 3918 3746 4003; baseline -0.01 -13"><span class='ocrx_word' id='word_1_636' title='bbox 2231 3934 2482 4001; x_wconf 89' lang='lat' dir='ltr'><strong>cendum,</strong></span> <span class='ocrx_word' id='word_1_637' title='bbox 2506 3933 2579 3990; x_wconf 89' lang='lat' dir='ltr'><strong>&#39;Si</strong></span> <span class='ocrx_word' id='word_1_638' title='bbox 2604 3934 2673 3990; x_wconf 87' lang='lat' dir='ltr'><strong>ad</strong></span> <span class='ocrx_word' id='word_1_639' title='bbox 2702 3935 2841 3992; x_wconf 88' lang='lat' dir='ltr'><strong>hanc</strong></span> <span class='ocrx_word' id='word_1_640' title='bbox 2880 3936 3290 3993; x_wconf 88' lang='lat' dir='ltr'><strong>instructionem</strong></span> <span class='ocrx_word' id='word_1_641' title='bbox 3319 3937 3385 3991; x_wconf 87' lang='lat' dir='ltr'><strong>ad</strong></span> <span class='ocrx_word' id='word_1_642' title='bbox 3427 3944 3577 4003; x_wconf 84' lang='lat' dir='ltr'><strong>quam</strong></span> <span class='ocrx_word' id='word_1_643' title='bbox 3600 3918 3746 3989; x_wconf 78' lang='lat' dir='ltr'><strong>imagi-</strong></span> 
     </span>
    </p>
   </div>
   <div class='ocr_carea' id='block_1_86' title="bbox 2232 4009 3753 4097">
    <p class='ocr_par' dir='ltr' id='par_1_86' title="bbox 2232 4009 3753 4097">
     <span class='ocr_line' id='line_1_86' title="bbox 2232 4009 3753 4097; baseline -0.007 -16"><span class='ocrx_word' id='word_1_644' title='bbox 2232 4041 2331 4081; x_wconf 90' lang='lat' dir='ltr'><strong>nes</strong></span> <span class='ocrx_word' id='word_1_645' title='bbox 2365 4028 2659 4097; x_wconf 87' lang='lat' dir='ltr'><strong>antiquitus</strong></span> <span class='ocrx_word' id='word_1_646' title='bbox 2690 4026 2844 4083; x_wconf 79' lang='lat' dir='ltr'><strong>factae</strong></span> <span class='ocrx_word' id='word_1_647' title='bbox 2884 4036 3011 4083; x_wconf 90' lang='lat' dir='ltr'><strong>sunt</strong></span> <span class='ocrx_word' id='word_1_648' title='bbox 3032 4029 3232 4085; x_wconf 87' lang='lat' dir='ltr'><strong>habere</strong></span> <span class='ocrx_word' id='word_1_649' title='bbox 3260 4027 3442 4091; x_wconf 85' lang='lat' dir='ltr'><strong>vultis,</strong></span> <span class='ocrx_word' id='word_1_650' title='bbox 3478 4024 3529 4077; x_wconf 88' lang='lat' dir='ltr'><strong>in</strong></span> <span class='ocrx_word' id='word_1_651' title='bbox 3559 4009 3753 4073; x_wconf 67' lang='lat' dir='ltr'><strong>ccclesiis</strong></span> 
     </span>
    </p>
   </div>
   <div class='ocr_carea' id='block_1_87' title="bbox 2233 4106 3748 4193">
    <p class='ocr_par' dir='ltr' id='par_1_87' title="bbox 2233 4106 3748 4193">
     <span class='ocr_line' id='line_1_87' title="bbox 2233 4106 3748 4193; baseline -0.01 -21"><span class='ocrx_word' id='word_1_652' title='bbox 2233 4132 2327 4175; x_wconf 90' lang='lat' dir='ltr'><strong>eas</strong></span> <span class='ocrx_word' id='word_1_653' title='bbox 2352 4119 2527 4174; x_wconf 90' lang='lat' dir='ltr'><strong>modis</strong></span> <span class='ocrx_word' id='word_1_654' title='bbox 2554 4118 2806 4173; x_wconf 87' lang='lat' dir='ltr'><strong>omnibus</strong></span> <span class='ocrx_word' id='word_1_655' title='bbox 2830 4125 2885 4172; x_wconf 86' lang='lat' dir='ltr'><strong>et</strong></span> <span class='ocrx_word' id='word_1_656' title='bbox 2900 4116 3084 4174; x_wconf 89' lang='lat' dir='ltr'><strong>offerri</strong></span> <span class='ocrx_word' id='word_1_657' title='bbox 3106 4126 3161 4174; x_wconf 91' lang='lat' dir='ltr'><strong>et</strong></span> <span class='ocrx_word' id='word_1_658' title='bbox 3184 4119 3374 4173; x_wconf 89' lang='lat' dir='ltr'><strong>haberi</strong></span> <span class='ocrx_word' id='word_1_659' title='bbox 3402 4109 3670 4186; x_wconf 75' lang='lat' dir='ltr'><strong>permittas,</strong></span> <span class='ocrx_word' id='word_1_660' title='bbox 3687 4106 3748 4193; x_wconf 60' lang='lat' dir='ltr'><strong>at-</strong></span> 
     </span>
    </p>
   </div>
   <div class='ocr_carea' id='block_1_88' title="bbox 2235 4199 3751 4283">
    <p class='ocr_par' dir='ltr' id='par_1_88' title="bbox 2235 4199 3751 4283">
     <span class='ocr_line' id='line_1_88' title="bbox 2235 4199 3751 4283; baseline -0.006 -21"><span class='ocrx_word' id='word_1_661' title='bbox 2235 4223 2339 4278; x_wconf 87' lang='lat' dir='ltr'><strong>que</strong></span> <span class='ocrx_word' id='word_1_662' title='bbox 2373 4207 2548 4263; x_wconf 90' lang='lat' dir='ltr'><strong>indica</strong></span> <span class='ocrx_word' id='word_1_663' title='bbox 2575 4206 2720 4277; x_wconf 86' lang='lat' dir='ltr'><strong>quod</strong></span> <span class='ocrx_word' id='word_1_664' title='bbox 2744 4222 2851 4261; x_wconf 91' lang='lat' dir='ltr'><strong>non</strong></span> <span class='ocrx_word' id='word_1_665' title='bbox 2881 4206 2979 4261; x_wconf 90' lang='lat' dir='ltr'><strong>tibi</strong></span> <span class='ocrx_word' id='word_1_666' title='bbox 3003 4207 3117 4276; x_wconf 87' lang='lat' dir='ltr'><strong>ipsa</strong></span> <span class='ocrx_word' id='word_1_667' title='bbox 3142 4206 3279 4262; x_wconf 90' lang='lat' dir='ltr'><strong>visio</strong></span> <span class='ocrx_word' id='word_1_668' title='bbox 3305 4200 3554 4260; x_wconf 61' lang='lat' dir='ltr'><strong>historiae,</strong></span> <span class='ocrx_word' id='word_1_669' title='bbox 3577 4205 3675 4262; x_wconf 55' lang='lat' dir='ltr'><strong>qua?</strong></span> <span class='ocrx_word' id='word_1_670' title='bbox 3691 4199 3751 4283; x_wconf 32' lang='lat' dir='ltr'><strong>Pl&quot;</strong></span> 
     </span>
    </p>
   </div>
   <div class='ocr_carea' id='block_1_89' title="bbox 2236 4284 3748 4374">
    <p class='ocr_par' dir='ltr' id='par_1_89' title="bbox 2236 4284 3748 4374">
     <span class='ocr_line' id='line_1_89' title="bbox 2236 4284 3748 4374; baseline -0.014 -18"><span class='ocrx_word' id='word_1_671' title='bbox 2236 4308 2389 4356; x_wconf 90' lang='lat' dir='ltr'><strong>ctura</strong></span> <span class='ocrx_word' id='word_1_672' title='bbox 2413 4308 2548 4355; x_wconf 86' lang='lat' dir='ltr'><strong>teste</strong></span> <span class='ocrx_word' id='word_1_673' title='bbox 2577 4297 2910 4368; x_wconf 86' lang='lat' dir='ltr'><strong>pandebatur</strong></span> <span class='ocrx_word' id='word_1_674' title='bbox 2938 4298 3289 4367; x_wconf 85' lang='lat' dir='ltr'><strong>displicuerit,</strong></span> <span class='ocrx_word' id='word_1_675' title='bbox 3338 4296 3433 4352; x_wconf 85' lang='lat' dir='ltr'><strong>sed</strong></span> <span class='ocrx_word' id='word_1_676' title='bbox 3457 4290 3539 4345; x_wconf 86' lang='lat' dir='ltr'><strong>illa</strong></span> <span class='ocrx_word' id='word_1_677' title='bbox 3556 4284 3748 4374; x_wconf 57' lang='lat' dir='ltr'><strong>ademto</strong></span> 
     </span>
    </p>
   </div>
   <div class='ocr_carea' id='block_1_90' title="bbox 2237 4375 3748 4457">
    <p class='ocr_par' dir='ltr' id='par_1_90' title="bbox 2237 4375 3748 4457">
     <span class='ocr_line' id='line_1_90' title="bbox 2237 4375 3748 4457; baseline -0.011 -13"><span class='ocrx_word' id='word_1_678' title='bbox 2237 4404 2356 4457; x_wconf 75' lang='lat' dir='ltr'><strong>qua:</strong></span> <span class='ocrx_word' id='word_1_679' title='bbox 2375 4388 2604 4457; x_wconf 90' lang='lat' dir='ltr'><strong>picturis</strong></span> <span class='ocrx_word' id='word_1_680' title='bbox 2628 4386 2807 4442; x_wconf 88' lang='lat' dir='ltr'><strong>fuerat</strong></span> <span class='ocrx_word' id='word_1_681' title='bbox 2831 4387 3252 4457; x_wconf 89' lang='lat' dir='ltr'><strong>incompetenter</strong></span> <span class='ocrx_word' id='word_1_682' title='bbox 3279 4383 3530 4442; x_wconf 72' lang='lat' dir='ltr'><strong>exhibita.</strong></span> <span class='ocrx_word' id='word_1_683' title='bbox 3552 4375 3695 4440; x_wconf 78' lang='lat' dir='ltr'><strong>Atqu</strong></span> <span class='ocrx_word' id='word_1_684' title='bbox 3710 4377 3748 4418; x_wconf 78' lang='grc' dir='ltr'><strong>ιιι</strong></span> 
     </span>
    </p>
   </div>
   <div class='ocr_carea' id='block_1_91' title="bbox 561 4443 3747 4533">
    <p class='ocr_par' dir='ltr' id='par_1_91' title="bbox 561 4443 3747 4533">
     <span class='ocr_line' id='line_1_91' title="bbox 561 4443 3747 4533; baseline 0.002 -32"><span class='ocrx_word' id='word_1_685' title='bbox 561 4446 757 4501; x_wconf 89' lang='lat' dir='ltr'><strong>bentur</strong></span> <span class='ocrx_word' id='word_1_686' title='bbox 777 4452 832 4499; x_wconf 90' lang='lat' dir='ltr'><strong>et</strong></span> <span class='ocrx_word' id='word_1_687' title='bbox 853 4443 1045 4516; x_wconf 88' lang='lat' dir='ltr'><strong>frangi,</strong></span> <span class='ocrx_word' id='word_1_688' title='bbox 1095 4447 1187 4515; x_wconf 89' lang='lat' dir='ltr'><strong>qui</strong></span> <span class='ocrx_word' id='word_1_689' title='bbox 1219 4463 1324 4503; x_wconf 89' lang='lat' dir='ltr'><strong>non</strong></span> <span class='ocrx_word' id='word_1_690' title='bbox 1347 4447 1500 4517; x_wconf 83' lang='lat' dir='ltr'><strong>longe</strong></span> <span class='ocrx_word' id='word_1_691' title='bbox 1544 4464 1577 4502; x_wconf 89' lang='lat' dir='ltr'><strong>a</strong></span> <span class='ocrx_word' id='word_1_692' title='bbox 1632 4463 1795 4503; x_wconf 88' lang='lat' dir='ltr'><strong>causa</strong></span> <span class='ocrx_word' id='word_1_693' title='bbox 1818 4449 2134 4517; x_wconf 88' lang='lat' dir='ltr'><strong>vagantibus</strong></span> <span class='ocrx_word' id='word_1_694' title='bbox 2167 4472 2211 4532; x_wconf 78' lang='grc' dir='ltr'>ο</span> <span class='ocrx_word' id='word_1_695' title='bbox 2340 4443 2520 4532; x_wconf 50' lang='lat' dir='ltr'><strong>vgrbis</strong></span> <span class='ocrx_word' id='word_1_696' title='bbox 2530 4492 2717 4532; x_wconf 59' lang='lat' dir='ltr'><strong>eorum</strong></span> <span class='ocrx_word' id='word_1_697' title='bbox 2742 4484 2947 4532; x_wconf 53' lang='lat' dir='ltr'><strong>mentes</strong></span> <span class='ocrx_word' id='word_1_698' title='bbox 2961 4443 3266 4533; x_wconf 55' lang='lat' dir='ltr'><strong>démulcens</strong></span> <span class='ocrx_word' id='word_1_699' title='bbox 3285 4492 3380 4533; x_wconf 69' lang='lat' dir='ltr'><strong>eos</strong></span> <span class='ocrx_word' id='word_1_700' title='bbox 3392 4472 3456 4529; x_wconf 65' lang='lat' dir='ltr'><strong>ad</strong></span> <span class='ocrx_word' id='word_1_701' title='bbox 3469 4458 3747 4526; x_wconf 62' lang='lat' dir='ltr'><strong>concordiam</strong></span> 
     </span>
    </p>
   </div>
   <div class='ocr_carea' id='block_1_92' title="bbox 561 4535 2135 4608">
    <p class='ocr_par' dir='ltr' id='par_1_92' title="bbox 561 4535 2135 4608">
     <span class='ocr_line' id='line_1_92' title="bbox 561 4535 2135 4608; baseline 0.002 -16"><span class='ocrx_word' id='word_1_702' title='bbox 561 4537 741 4592; x_wconf 89' lang='lat' dir='ltr'><strong>verbis</strong></span> <span class='ocrx_word' id='word_1_703' title='bbox 768 4535 1036 4606; x_wconf 87' lang='lat' dir='ltr'><strong>nullisque</strong></span> <span class='ocrx_word' id='word_1_704' title='bbox 1062 4538 1347 4593; x_wconf 83' lang='lat' dir='ltr'><strong>dubietatis</strong></span> <span class='ocrx_word' id='word_1_705' title='bbox 1384 4538 1701 4608; x_wconf 81' lang='lat' dir='ltr'><strong>ambagibus</strong></span> <span class='ocrx_word' id='word_1_706' title='bbox 1726 4537 1979 4595; x_wconf 89' lang='lat' dir='ltr'><strong>involutis</strong></span> <span class='ocrx_word' id='word_1_707' title='bbox 2021 4556 2135 4595; x_wconf 91' lang='lat' dir='ltr'><strong>ser-</strong></span> 
     </span>
    </p>
   </div>
   <div class='ocr_carea' id='block_1_93' title="bbox 563 4627 2137 4699">
    <p class='ocr_par' dir='ltr' id='par_1_93' title="bbox 563 4627 2137 4699">
     <span class='ocr_line' id='line_1_93' title="bbox 563 4627 2137 4699; baseline 0.001 -16"><span class='ocrx_word' id='word_1_708' title='bbox 563 4627 832 4691; x_wconf 87' lang='lat' dir='ltr'><strong>monibus,</strong></span> <span class='ocrx_word' id='word_1_709' title='bbox 869 4628 961 4682; x_wconf 87' lang='lat' dir='ltr'><strong>sed</strong></span> <span class='ocrx_word' id='word_1_710' title='bbox 1001 4627 1217 4697; x_wconf 89' lang='lat' dir='ltr'><strong>proprie</strong></span> <span class='ocrx_word' id='word_1_711' title='bbox 1262 4643 1325 4682; x_wconf 90' lang='lat' dir='ltr'><strong>ac</strong></span> <span class='ocrx_word' id='word_1_712' title='bbox 1354 4641 1504 4697; x_wconf 87' lang='lat' dir='ltr'><strong>pure,</strong></span> <span class='ocrx_word' id='word_1_713' title='bbox 1562 4629 1690 4699; x_wconf 86' lang='lat' dir='ltr'><strong>quid</strong></span> <span class='ocrx_word' id='word_1_714' title='bbox 1744 4629 1799 4684; x_wconf 90' lang='lat' dir='ltr'><strong>in</strong></span> <span class='ocrx_word' id='word_1_715' title='bbox 1841 4629 1943 4684; x_wconf 89' lang='lat' dir='ltr'><strong>hac</strong></span> <span class='ocrx_word' id='word_1_716' title='bbox 1983 4637 2137 4699; x_wconf 88' lang='lat' dir='ltr'><strong>parte</strong></span> 
     </span>
    </p>
   </div>
   <div class='ocr_carea' id='block_1_94' title="bbox 563 4719 2139 4789">
    <p class='ocr_par' dir='ltr' id='par_1_94' title="bbox 563 4719 2139 4789">
     <span class='ocr_line' id='line_1_94' title="bbox 563 4719 2139 4789; baseline 0.001 -11"><span class='ocrx_word' id='word_1_717' title='bbox 563 4719 955 4778; x_wconf 89' lang='lat' dir='ltr'><strong>observandum</strong></span> <span class='ocrx_word' id='word_1_718' title='bbox 982 4719 1175 4789; x_wconf 88' lang='lat' dir='ltr'><strong>quidve</strong></span> <span class='ocrx_word' id='word_1_719' title='bbox 1198 4719 1481 4777; x_wconf 86' lang='lat' dir='ltr'><strong>tenendum</strong></span> <span class='ocrx_word' id='word_1_720' title='bbox 1511 4722 1581 4778; x_wconf 93' lang='lat' dir='ltr'><strong>sit</strong></span> <span class='ocrx_word' id='word_1_721' title='bbox 1608 4723 1811 4779; x_wconf 90' lang='lat' dir='ltr'><strong>Sereno</strong></span> <span class='ocrx_word' id='word_1_722' title='bbox 1823 4721 2139 4780; x_wconf 83' lang='lat' dir='ltr'><strong>Massiliensi</strong></span> 
     </span>
    </p>
   </div>
   <div class='ocr_carea' id='block_1_95' title="bbox 562 4810 2140 4886">
    <p class='ocr_par' dir='ltr' id='par_1_95' title="bbox 562 4810 2140 4886">
     <span class='ocr_line' id='line_1_95' title="bbox 562 4810 2140 4886; baseline 0.003 -19"><span class='ocrx_word' id='word_1_723' title='bbox 562 4812 817 4883; x_wconf 90' lang='lat' dir='ltr'><strong>episcopo</strong></span> <span class='ocrx_word' id='word_1_724' title='bbox 841 4810 953 4867; x_wconf 91' lang='lat' dir='ltr'><strong>suis</strong></span> <span class='ocrx_word' id='word_1_725' title='bbox 985 4812 1260 4867; x_wconf 84' lang='lat' dir='ltr'><strong>mandavit</strong></span> <span class='ocrx_word' id='word_1_726' title='bbox 1283 4813 1543 4885; x_wconf 90' lang='lat' dir='ltr'><strong>apicibus.</strong></span> <span class='ocrx_word' id='word_1_727' title='bbox 1568 4814 1699 4870; x_wconf 84' lang='lat' dir='ltr'><strong>Nam</strong></span> <span class='ocrx_word' id='word_1_728' title='bbox 1733 4817 1858 4870; x_wconf 91' lang='lat' dir='ltr'><strong>dum</strong></span> <span class='ocrx_word' id='word_1_729' title='bbox 1896 4818 1980 4871; x_wconf 89' lang='lat' dir='ltr'><strong>isti</strong></span> <span class='ocrx_word' id='word_1_730' title='bbox 2002 4832 2140 4886; x_wconf 68' lang='lat' dir='ltr'><strong>prte-</strong></span> 
     </span>
    </p>
   </div>
   <div class='ocr_carea' id='block_1_96' title="bbox 565 4902 2143 4976">
    <p class='ocr_par' dir='ltr' id='par_1_96' title="bbox 565 4902 2143 4976">
     <span class='ocr_line' id='line_1_96' title="bbox 565 4902 2143 4976; baseline 0.001 -16"><span class='ocrx_word' id='word_1_731' title='bbox 565 4903 876 4960; x_wconf 88' lang='lat' dir='ltr'><strong>decessorcs</strong></span> <span class='ocrx_word' id='word_1_732' title='bbox 910 4902 1023 4958; x_wconf 90' lang='lat' dir='ltr'><strong>sive</strong></span> <span class='ocrx_word' id='word_1_733' title='bbox 1048 4910 1297 4971; x_wconf 82' lang='lat' dir='ltr'><strong>parentes</strong></span> <span class='ocrx_word' id='word_1_734' title='bbox 1332 4918 1458 4959; x_wconf 88' lang='lat' dir='ltr'><strong>suos</strong></span> <span class='ocrx_word' id='word_1_735' title='bbox 1494 4904 1584 4973; x_wconf 88' lang='lat' dir='ltr'><strong>qui</strong></span> <span class='ocrx_word' id='word_1_736' title='bbox 1632 4920 1725 4960; x_wconf 90' lang='lat' dir='ltr'><strong>eas</strong></span> <span class='ocrx_word' id='word_1_737' title='bbox 1747 4904 1955 4976; x_wconf 82' lang='lat' dir='ltr'><strong>fregere</strong></span> <span class='ocrx_word' id='word_1_738' title='bbox 1988 4919 2143 4962; x_wconf 83' lang='lat' dir='ltr'><strong>exse-</strong></span> 
     </span>
    </p>
   </div>
   <div class='ocr_carea' id='block_1_97' title="bbox 565 4993 2158 5065">
    <p class='ocr_par' dir='ltr' id='par_1_97' title="bbox 565 4993 2158 5065">
     <span class='ocr_line' id='line_1_97' title="bbox 565 4993 2158 5065; baseline 0.001 -14"><span class='ocrx_word' id='word_1_739' title='bbox 565 4994 840 5051; x_wconf 89' lang='lat' dir='ltr'><strong>crabiliter</strong></span> <span class='ocrx_word' id='word_1_740' title='bbox 890 4993 1146 5049; x_wconf 89' lang='lat' dir='ltr'><strong>damnare</strong></span> <span class='ocrx_word' id='word_1_741' title='bbox 1201 4993 1619 5064; x_wconf 87' lang='lat' dir='ltr'><strong>perhibeantur,</strong></span> <span class='ocrx_word' id='word_1_742' title='bbox 1659 5003 1714 5051; x_wconf 89' lang='lat' dir='ltr'><strong>et</strong></span> <span class='ocrx_word' id='word_1_743' title='bbox 1754 4994 1830 5050; x_wconf 93' lang='lat' dir='ltr'><strong>illi</strong></span> <span class='ocrx_word' id='word_1_744' title='bbox 1883 4995 2015 5050; x_wconf 89' lang='lat' dir='ltr'><strong>istos</strong></span> <span class='ocrx_word' id='word_1_745' title='bbox 2049 4995 2158 5065; x_wconf 89' lang='lat' dir='ltr'><strong>qui:</strong></span> 
     </span>
    </p>
   </div>
   <div class='ocr_carea' id='block_1_98' title="bbox 565 5084 2146 5142">
    <p class='ocr_par' dir='ltr' id='par_1_98' title="bbox 565 5084 2146 5142">
     <span class='ocr_line' id='line_1_98' title="bbox 565 5084 2146 5142; baseline 0 -1"><span class='ocrx_word' id='word_1_746' title='bbox 565 5101 658 5142; x_wconf 90' lang='lat' dir='ltr'><strong>cas</strong></span> <span class='ocrx_word' id='word_1_747' title='bbox 693 5084 968 5140; x_wconf 85' lang='lat' dir='ltr'><strong>adoraturi</strong></span> <span class='ocrx_word' id='word_1_748' title='bbox 989 5093 1143 5140; x_wconf 87' lang='lat' dir='ltr'><strong>erant</strong></span> <span class='ocrx_word' id='word_1_749' title='bbox 1157 5086 1588 5142; x_wconf 89' lang='lat' dir='ltr'><strong>abominabiliter</strong></span> <span class='ocrx_word' id='word_1_750' title='bbox 1616 5087 1898 5142; x_wconf 88' lang='lat' dir='ltr'><strong>damnasse</strong></span> <span class='ocrx_word' id='word_1_751' title='bbox 1921 5087 2146 5142; x_wconf 79' lang='lat' dir='ltr'><strong>credan-</strong></span> 
     </span>
    </p>
   </div>
   <div class='ocr_carea' id='block_1_99' title="bbox 569 5174 2144 5246">
    <p class='ocr_par' dir='ltr' id='par_1_99' title="bbox 569 5174 2144 5246">
     <span class='ocr_line' id='line_1_99' title="bbox 569 5174 2144 5246; baseline 0.001 -15"><span class='ocrx_word' id='word_1_752' title='bbox 569 5186 671 5240; x_wconf 83' lang='lat' dir='ltr'><strong>tur,</strong></span> <span class='ocrx_word' id='word_1_753' title='bbox 713 5175 854 5230; x_wconf 86' lang='lat' dir='ltr'><strong>inter</strong></span> <span class='ocrx_word' id='word_1_754' title='bbox 894 5176 993 5232; x_wconf 91' lang='lat' dir='ltr'><strong>bas</strong></span> <span class='ocrx_word' id='word_1_755' title='bbox 1017 5174 1216 5231; x_wconf 89' lang='lat' dir='ltr'><strong>diversi</strong></span> <span class='ocrx_word' id='word_1_756' title='bbox 1262 5176 1463 5246; x_wconf 83' lang='lat' dir='ltr'><strong>erroris</strong></span> <span class='ocrx_word' id='word_1_757' title='bbox 1487 5176 1631 5232; x_wconf 84' lang='lat' dir='ltr'><strong>acies</strong></span> <span class='ocrx_word' id='word_1_758' title='bbox 1662 5177 1729 5233; x_wconf 89' lang='lat' dir='ltr'><strong>ad</strong></span> <span class='ocrx_word' id='word_1_759' title='bbox 1766 5178 1925 5232; x_wconf 89' lang='lat' dir='ltr'><strong>unius</strong></span> <span class='ocrx_word' id='word_1_760' title='bbox 1957 5191 2144 5233; x_wconf 91' lang='lat' dir='ltr'><strong>socor-</strong></span> 
     </span>
    </p>
   </div>
   <div class='ocr_carea' id='block_1_100' title="bbox 572 5266 2149 5338">
    <p class='ocr_par' dir='ltr' id='par_1_100' title="bbox 572 5266 2149 5338">
     <span class='ocr_line' id='line_1_100' title="bbox 572 5266 2149 5338; baseline 0.003 -17"><span class='ocrx_word' id='word_1_761' title='bbox 572 5266 671 5321; x_wconf 72' lang='lat' dir='ltr'><strong>dia:</strong></span> <span class='ocrx_word' id='word_1_762' title='bbox 697 5267 898 5322; x_wconf 89' lang='lat' dir='ltr'><strong>bivium</strong></span> <span class='ocrx_word' id='word_1_763' title='bbox 921 5275 1167 5322; x_wconf 86' lang='lat' dir='ltr'><strong>tenentes</strong></span> <span class='ocrx_word' id='word_1_764' title='bbox 1200 5266 1454 5333; x_wconf 89' lang='lat' dir='ltr'><strong>medium,</strong></span> <span class='ocrx_word' id='word_1_765' title='bbox 1488 5278 1513 5307; x_wconf 68' lang='grc' dir='ltr'>α</span> <span class='ocrx_word' id='word_1_766' title='bbox 1544 5282 1602 5323; x_wconf 87' lang='lat' dir='ltr'><strong>se</strong></span> <span class='ocrx_word' id='word_1_767' title='bbox 1628 5267 1883 5338; x_wconf 75' lang='lat' dir='ltr'><strong>praefatus</strong></span> <span class='ocrx_word' id='word_1_768' title='bbox 1912 5268 2149 5338; x_wconf 89' lang='lat' dir='ltr'><strong>interpo-</strong></span> 
     </span>
    </p>
   </div>
   <div class='ocr_carea' id='block_1_101' title="bbox 645 5526 2147 5600">
    <p class='ocr_par' dir='ltr' id='par_1_101' title="bbox 645 5526 2147 5600">
     <span class='ocr_line' id='line_1_101' title="bbox 645 5526 2147 5600; baseline 0.001 -17"><span class='ocrx_word' id='word_1_769' title='bbox 645 5537 677 5568; x_wconf 78' lang='grc' dir='ltr'>ι</span> <span class='ocrx_word' id='word_1_770' title='bbox 705 5527 774 5583; x_wconf 86' lang='lat' dir='ltr'><strong>Se</strong></span> <span class='ocrx_word' id='word_1_771' title='bbox 797 5529 1048 5600; x_wconf 71' lang='lat' dir='ltr'><strong>prwfatas</strong></span> <span class='ocrx_word' id='word_1_772' title='bbox 1069 5528 1346 5600; x_wconf 75' lang='lat' dir='ltr'><strong>interponit</strong></span> <span class='ocrx_word' id='word_1_773' title='bbox 1374 5526 1766 5600; x_wconf 36' lang='lat' dir='ltr'><strong>Aulestieron</strong></span> <span class='ocrx_word' id='word_1_774' title='bbox 1794 5535 1941 5600; x_wconf 84' lang='lat' dir='ltr'><strong>recte</strong></span> <span class='ocrx_word' id='word_1_775' title='bbox 1968 5544 2147 5586; x_wconf 88' lang='lat' dir='ltr'><strong>emen-</strong></span> 
     </span>
    </p>
   </div>
   <div class='ocr_carea' id='block_1_102' title="bbox 577 5597 2020 5662">
    <p class='ocr_par' dir='ltr' id='par_1_102' title="bbox 577 5597 2020 5662">
     <span class='ocr_line' id='line_1_102' title="bbox 577 5597 2020 5662; baseline 0.001 -10"><span class='ocrx_word' id='word_1_776' title='bbox 577 5597 734 5652; x_wconf 77' lang='lat' dir='ltr'><strong>dator</strong></span> <span class='ocrx_word' id='word_1_777' title='bbox 769 5597 1023 5662; x_wconf 73' lang='lat' dir='ltr'><strong>c0rréxit,</strong></span> <span class='ocrx_word' id='word_1_778' title='bbox 1055 5597 1288 5661; x_wconf 81' lang='lat' dir='ltr'><strong>antistes,</strong></span> <span class='ocrx_word' id='word_1_779' title='bbox 1313 5614 1438 5653; x_wconf 90' lang='lat' dir='ltr'><strong>cum</strong></span> <span class='ocrx_word' id='word_1_780' title='bbox 1465 5598 1595 5653; x_wconf 85' lang='lat' dir='ltr'><strong>illud</strong></span> <span class='ocrx_word' id='word_1_781' title='bbox 1625 5598 1679 5653; x_wconf 92' lang='lat' dir='ltr'><strong>in</strong></span> <span class='ocrx_word' id='word_1_782' title='bbox 1718 5607 1831 5654; x_wconf 92' lang='lat' dir='ltr'><strong>toto</strong></span> <span class='ocrx_word' id='word_1_783' title='bbox 1861 5599 1965 5654; x_wconf 90' lang='lat' dir='ltr'><strong>hoc</strong></span> <span class='ocrx_word' id='word_1_784' title='bbox 1985 5614 2020 5655; x_wconf 89' lang='grc' dir='ltr'><strong>ο</strong></span> 
     </span>
    </p>
   </div>
   <div class='ocr_carea' id='block_1_103' title="bbox 583 5667 2149 5741">
    <p class='ocr_par' dir='ltr' id='par_1_103' title="bbox 583 5667 2149 5741">
     <span class='ocr_line' id='line_1_103' title="bbox 583 5667 2149 5741; baseline 0.005 -21"><span class='ocrx_word' id='word_1_785' title='bbox 583 5667 651 5720; x_wconf 74' lang='lat' dir='ltr'><strong>ad</strong></span> <span class='ocrx_word' id='word_1_786' title='bbox 671 5681 786 5722; x_wconf 84' lang='lat' dir='ltr'><strong>eam</strong></span> <span class='ocrx_word' id='word_1_787' title='bbox 811 5667 1002 5724; x_wconf 87' lang='lat' dir='ltr'><strong>faciem</strong></span> <span class='ocrx_word' id='word_1_788' title='bbox 1030 5669 1460 5724; x_wconf 86' lang='lat' dir='ltr'><strong>constantissime</strong></span> <span class='ocrx_word' id='word_1_789' title='bbox 1482 5669 1769 5725; x_wconf 85' lang='lat' dir='ltr'><strong>scribatur.</strong></span> <span class='ocrx_word' id='word_1_790' title='bbox 1811 5667 2066 5741; x_wconf 77' lang='lat' dir='ltr'><strong>lluguitio</strong></span> <span class='ocrx_word' id='word_1_791' title='bbox 2091 5670 2149 5727; x_wconf 80' lang='lat' dir='ltr'><strong>in</strong></span> 
     </span>
    </p>
   </div>
   <div class='ocr_carea' id='block_1_104' title="bbox 2238 4542 3745 4643">
    <p class='ocr_par' dir='ltr' id='par_1_104' title="bbox 2238 4542 3745 4643">
     <span class='ocr_line' id='line_1_104' title="bbox 2238 4542 3745 4643; baseline -0.005 -20"><span class='ocrx_word' id='word_1_792' title='bbox 2238 4578 2385 4623; x_wconf 87' lang='lat' dir='ltr'><strong>tuam</strong></span> <span class='ocrx_word' id='word_1_793' title='bbox 2408 4583 2631 4623; x_wconf 86' lang='lat' dir='ltr'><strong>revoca:</strong></span> <span class='ocrx_word' id='word_1_794' title='bbox 2665 4576 2722 4623; x_wconf 87' lang='lat' dir='ltr'><strong>et</strong></span> <span class='ocrx_word' id='word_1_795' title='bbox 2743 4566 2789 4622; x_wconf 90' lang='lat' dir='ltr'><strong>si</strong></span> <span class='ocrx_word' id='word_1_796' title='bbox 2811 4567 2933 4637; x_wconf 90' lang='lat' dir='ltr'><strong>quis</strong></span> <span class='ocrx_word' id='word_1_797' title='bbox 2954 4567 3215 4639; x_wconf 79' lang='lat' dir='ltr'><strong>imagines</strong></span> <span class='ocrx_word' id='word_1_798' title='bbox 3243 4564 3419 4624; x_wconf 87' lang='lat' dir='ltr'><strong>facere</strong></span> <span class='ocrx_word' id='word_1_799' title='bbox 3441 4554 3657 4615; x_wconf 58' lang='lat' dir='ltr'><strong>voluerit,</strong></span> 
     </span>
    </p>
   </div>
   <div class='ocr_carea' id='block_1_105' title="bbox 2239 4636 3753 4730">
    <p class='ocr_par' dir='ltr' id='par_1_105' title="bbox 2239 4636 3753 4730">
     <span class='ocr_line' id='line_1_105' title="bbox 2239 4636 3753 4730; baseline -0.013 -11"><span class='ocrx_word' id='word_1_800' title='bbox 2239 4662 2383 4719; x_wconf 88' lang='lat' dir='ltr'><strong>nime</strong></span> <span class='ocrx_word' id='word_1_801' title='bbox 2408 4660 2655 4730; x_wconf 86' lang='lat' dir='ltr'><strong>prohibe,</strong></span> <span class='ocrx_word' id='word_1_802' title='bbox 2686 4659 2913 4716; x_wconf 89' lang='lat' dir='ltr'><strong>adorare</strong></span> <span class='ocrx_word' id='word_1_803' title='bbox 2939 4675 3065 4717; x_wconf 89' lang='lat' dir='ltr'><strong>vero</strong></span> <span class='ocrx_word' id='word_1_804' title='bbox 3079 4659 3342 4730; x_wconf 86' lang='lat' dir='ltr'><strong>imagines</strong></span> <span class='ocrx_word' id='word_1_805' title='bbox 3374 4636 3753 4715; x_wconf 54' lang='lat' dir='ltr'><strong>omnibusmodli</strong></span> 
     </span>
    </p>
   </div>
   <div class='ocr_carea' id='block_1_106' title="bbox 2241 4736 3747 4824">
    <p class='ocr_par' dir='ltr' id='par_1_106' title="bbox 2241 4736 3747 4824">
     <span class='ocr_line' id='line_1_106' title="bbox 2241 4736 3747 4824; baseline -0.016 -13"><span class='ocrx_word' id='word_1_806' title='bbox 2241 4754 2438 4811; x_wconf 83' lang='lat' dir='ltr'><strong>devita.</strong></span> <span class='ocrx_word' id='word_1_807' title='bbox 2471 4771 2489 4804; x_wconf 72' lang='grc' dir='ltr'><strong><em>ι</em></strong></span> <span class='ocrx_word' id='word_1_808' title='bbox 2533 4751 2672 4807; x_wconf 82' lang='lat' dir='ltr'><strong>Ecce</strong></span> <span class='ocrx_word' id='word_1_809' title='bbox 2695 4762 2802 4821; x_wconf 87' lang='lat' dir='ltr'><strong>quo</strong></span> <span class='ocrx_word' id='word_1_810' title='bbox 2822 4753 3134 4824; x_wconf 86' lang='lat' dir='ltr'><strong>magisterio</strong></span> <span class='ocrx_word' id='word_1_811' title='bbox 3177 4766 3350 4823; x_wconf 83' lang='lat' dir='ltr'><strong>quove</strong></span> <span class='ocrx_word' id='word_1_812' title='bbox 3378 4739 3659 4824; x_wconf 76' lang='lat' dir='ltr'><strong>documento</strong></span> <span class='ocrx_word' id='word_1_813' title='bbox 3680 4736 3747 4824; x_wconf 62' lang='grc' dir='ltr'><strong>ξε·</strong></span> 
     </span>
    </p>
   </div>
   <div class='ocr_carea' id='block_1_107' title="bbox 2241 4814 3749 4915">
    <p class='ocr_par' dir='ltr' id='par_1_107' title="bbox 2241 4814 3749 4915">
     <span class='ocr_line' id='line_1_107' title="bbox 2241 4814 3749 4915; baseline -0.02 -14"><span class='ocrx_word' id='word_1_814' title='bbox 2241 4846 2464 4901; x_wconf 83' lang='lat' dir='ltr'><strong>nerandi</strong></span> <span class='ocrx_word' id='word_1_815' title='bbox 2504 4814 2773 4915; x_wconf 72' lang='lat' dir='ltr'><strong>pontificis</strong></span> <span class='ocrx_word' id='word_1_816' title='bbox 2801 4814 2991 4899; x_wconf 70' lang='lat' dir='ltr'><strong>imbuti</strong></span> <span class='ocrx_word' id='word_1_817' title='bbox 3036 4814 3298 4914; x_wconf 68' lang='lat' dir='ltr'><strong>imagines</strong></span> <span class='ocrx_word' id='word_1_818' title='bbox 3340 4841 3397 4895; x_wconf 89' lang='lat' dir='ltr'><strong>in</strong></span> <span class='ocrx_word' id='word_1_819' title='bbox 3438 4822 3649 4890; x_wconf 86' lang='lat' dir='ltr'><strong>ecclesiis</strong></span> <span class='ocrx_word' id='word_1_820' title='bbox 3678 4814 3749 4915; x_wconf 31' lang='lat' dir='ltr'><strong>ha:</strong></span> 
     </span>
    </p>
   </div>
   <div class='ocr_carea' id='block_1_108' title="bbox 2242 4912 3747 5002">
    <p class='ocr_par' dir='ltr' id='par_1_108' title="bbox 2242 4912 3747 5002">
     <span class='ocr_line' id='line_1_108' title="bbox 2242 4912 3747 5002; baseline -0.012 -10"><span class='ocrx_word' id='word_1_821' title='bbox 2242 4937 2372 4992; x_wconf 90' lang='lat' dir='ltr'><strong>bere</strong></span> <span class='ocrx_word' id='word_1_822' title='bbox 2406 4912 2814 4992; x_wconf 47' lang='lat' dir='ltr'><strong>non—renuimus</strong></span> <span class='ocrx_word' id='word_1_823' title='bbox 2839 4974 2855 5000; x_wconf 94' lang='lat'><strong>,</strong></span> <span class='ocrx_word' id='word_1_824' title='bbox 2897 4935 2993 4990; x_wconf 91' lang='lat' dir='ltr'><strong>sed</strong></span> <span class='ocrx_word' id='word_1_825' title='bbox 3028 4912 3216 4989; x_wconf 81' lang='lat' dir='ltr'><strong>earum</strong></span> <span class='ocrx_word' id='word_1_826' title='bbox 3260 4925 3601 4986; x_wconf 79' lang='lat' dir='ltr'><strong>adorationcm</strong></span> <span class='ocrx_word' id='word_1_827' title='bbox 3631 4912 3747 5002; x_wconf 64' lang='lat' dir='ltr'><strong>Pﬂf“</strong></span> 
     </span>
    </p>
   </div>
   <div class='ocr_carea' id='block_1_109' title="bbox 2241 5002 3750 5094">
    <p class='ocr_par' dir='ltr' id='par_1_109' title="bbox 2241 5002 3750 5094">
     <span class='ocr_line' id='line_1_109' title="bbox 2241 5002 3750 5094; baseline -0.009 -12"><span class='ocrx_word' id='word_1_828' title='bbox 2241 5042 2334 5082; x_wconf 91' lang='lat' dir='ltr'><strong>sus</strong></span> <span class='ocrx_word' id='word_1_829' title='bbox 2358 5027 2697 5092; x_wconf 88' lang='lat' dir='ltr'><strong>abdicamus;</strong></span> <span class='ocrx_word' id='word_1_830' title='bbox 2750 5025 2903 5094; x_wconf 82' lang='lat' dir='ltr'><strong>cujus</strong></span> <span class='ocrx_word' id='word_1_831' title='bbox 2950 5024 3212 5080; x_wconf 87' lang='lat' dir='ltr'><strong>institutis</strong></span> <span class='ocrx_word' id='word_1_832' title='bbox 3241 5018 3502 5078; x_wconf 88' lang='lat' dir='ltr'><strong>contraire</strong></span> <span class='ocrx_word' id='word_1_833' title='bbox 3526 5021 3591 5067; x_wconf 66' lang='lat' dir='ltr'><strong>sc.</strong></span> <span class='ocrx_word' id='word_1_834' title='bbox 3635 5002 3750 5065; x_wconf 62' lang='grc' dir='ltr'><strong>(μηδ’</strong></span> 
     </span>
    </p>
   </div>
   <div class='ocr_carea' id='block_1_110' title="bbox 2244 5095 3746 5190">
    <p class='ocr_par' dir='ltr' id='par_1_110' title="bbox 2244 5095 3746 5190">
     <span class='ocr_line' id='line_1_110' title="bbox 2244 5095 3746 5190; baseline -0.017 -15"><span class='ocrx_word' id='word_1_835' title='bbox 2244 5119 2366 5189; x_wconf 90' lang='lat' dir='ltr'><strong>quis</strong></span> <span class='ocrx_word' id='word_1_836' title='bbox 2393 5134 2487 5174; x_wconf 88' lang='lat' dir='ltr'><strong>eas</strong></span> <span class='ocrx_word' id='word_1_837' title='bbox 2509 5118 2593 5174; x_wconf 88' lang='lat' dir='ltr'><strong>vel</strong></span> <span class='ocrx_word' id='word_1_838' title='bbox 2626 5117 2825 5190; x_wconf 89' lang='lat' dir='ltr'><strong>frangit</strong></span> <span class='ocrx_word' id='word_1_839' title='bbox 2844 5117 2928 5173; x_wconf 88' lang='lat' dir='ltr'><strong>vel</strong></span> <span class='ocrx_word' id='word_1_840' title='bbox 2966 5117 3169 5183; x_wconf 88' lang='lat' dir='ltr'><strong>adorat,</strong></span> <span class='ocrx_word' id='word_1_841' title='bbox 3187 5115 3363 5173; x_wconf 87' lang='lat' dir='ltr'><strong>modis</strong></span> <span class='ocrx_word' id='word_1_842' title='bbox 3394 5103 3614 5169; x_wconf 84' lang='lat' dir='ltr'><strong>omnibus</strong></span> <span class='ocrx_word' id='word_1_843' title='bbox 3636 5095 3746 5144; x_wconf 68' lang='grc' dir='ltr'><strong>τωο-</strong></span> 
     </span>
    </p>
   </div>
   <div class='ocr_carea' id='block_1_111' title="bbox 2232 5202 2487 5283">
    <p class='ocr_par' dir='ltr' id='par_1_111' title="bbox 2232 5202 2487 5283">
     <span class='ocr_line' id='line_1_111' title="bbox 2232 5202 2487 5283; baseline -0.004 -18"><span class='ocrx_word' id='word_1_844' title='bbox 2232 5202 2235 5205; x_wconf 69' lang='grc'><em>’</em></span> <span class='ocrx_word' id='word_1_845' title='bbox 2246 5219 2487 5283; x_wconf 87' lang='lat' dir='ltr'><strong>gnoscat.</strong></span> 
     </span>
    </p>
   </div>
   <div class='ocr_carea' id='block_1_112' title="bbox 2251 5492 3735 5600">
    <p class='ocr_par' dir='ltr' id='par_1_112' title="bbox 2251 5492 3735 5600">
     <span class='ocr_line' id='line_1_112' title="bbox 2251 5492 3735 5600; baseline -0.02 -12"><span class='ocrx_word' id='word_1_846' title='bbox 2251 5533 2538 5588; x_wconf 75' lang='lat' dir='ltr'><strong>Vocabul.:</strong></span> <span class='ocrx_word' id='word_1_847' title='bbox 2571 5552 2590 5583; x_wconf 71' lang='grc' dir='ltr'>ι</span> <span class='ocrx_word' id='word_1_848' title='bbox 2616 5531 2893 5598; x_wconf 78' lang='lat' dir='ltr'><strong>Antestor,</strong></span> <span class='ocrx_word' id='word_1_849' title='bbox 2920 5530 3178 5589; x_wconf 84' lang='lat' dir='ltr'><strong>scribitur</strong></span> <span class='ocrx_word' id='word_1_850' title='bbox 3200 5529 3394 5600; x_wconf 84' lang='lat' dir='ltr'><strong>ubique</strong></span> <span class='ocrx_word' id='word_1_851' title='bbox 3413 5535 3499 5595; x_wconf 82' lang='lat' dir='ltr'><strong>per</strong></span> <span class='ocrx_word' id='word_1_852' title='bbox 3511 5522 3571 5577; x_wconf 76' lang='lat' dir='ltr'><strong>te,</strong></span> <span class='ocrx_word' id='word_1_853' title='bbox 3590 5492 3735 5562; x_wconf 70' lang='grc' dir='ltr'><strong>ποιείί</strong></span> 
     </span>
    </p>
   </div>
   <div class='ocr_carea' id='block_1_113' title="bbox 2254 5603 2711 5660">
    <p class='ocr_par' dir='ltr' id='par_1_113' title="bbox 2254 5603 2711 5660">
     <span class='ocr_line' id='line_1_113' title="bbox 2254 5603 2711 5660; baseline -0.013 0"><span class='ocrx_word' id='word_1_854' title='bbox 2254 5603 2396 5660; x_wconf 79' lang='lat' dir='ltr'><strong>unde</strong></span> <span class='ocrx_word' id='word_1_855' title='bbox 2421 5604 2654 5659; x_wconf 83' lang='lat' dir='ltr'><strong>antestis.</strong></span> <span class='ocrx_word' id='word_1_856' title='bbox 2692 5619 2711 5654; x_wconf 71' lang='grc' dir='ltr'><strong><em>ι</em></strong></span> 
     </span>
    </p>
   </div>
   <div class='ocr_carea' id='block_1_114' title="bbox 3956 2182 3965 3091">
    <p class='ocr_par' dir='ltr' id='par_1_114' title="bbox 3958 2772 3961 2945">
     <span class='ocr_line' id='line_1_114' title="bbox 3958 2772 3961 2945; baseline 0 0"><span class='ocrx_word' id='word_1_857' title='bbox 3958 2772 3961 2945; x_wconf 56' lang='grc' dir='ltr'>ι</span> 
     </span>
    </p>
   </div>
  </div>
