4070 6186
334 273 474 328 1689

892 371 1069 431 CAPU
1084 376 1123 431 Τ
1142 366 1314 433 XXIV

324 488 458 559 Cum
479 484 862 559 praetergDeugm
896 486 1077 559 solum
1100 487 1230 543 nihil
1276 488 1423 544 aliud
1463 490 1643 556 debeat
1666 491 1903 553 adorari,

393 557 541 613 aliud
569 567 643 611 est
668 557 929 611 hominem
961 558 1185 612 adorare
1203 560 1475 622 citaritatis
1496 569 1544 614 et
1573 559 1908 614 salutationis

394 625 733 699 oﬂiciomliud
763 627 1017 695 imagines
1055 628 1406 703 mqnufaetas.

394 738 545 795 Adeo
576 753 747 809 genus
779 737 1072 793 humanum
1126 738 1269 795 Deus
1305 739 1558 796 dilexisse
1605 739 1906 795 credendus

320 837 426 895 est,
453 838 513 884 ut
532 830 584 884 in
602 829 722 899 ipso
741 827 1068 883 conditionis
1086 827 1205 897 ejus
1215 830 1435 884 exordio
1461 844 1567 883 non
1597 838 1869 899 utcunque
1886 868 1902 894 ,

320 921 418 978 sed
444 921 514 975 ad
540 936 693 976 suam
720 920 1008 990 imaginem
1029 928 1087 974 et
1116 920 1523 976 similitudinem
1555 920 1610 975 id
1653 921 1907 976 condide-

316 1013 412 1078 ‘rit,
454 1021 508 1068 et
528 1011 794 1067 creaturis
814 1013 1025 1066 caeteris
1046 1011 1364 1082 praetulerit,
1402 1021 1456 1068 et
1482 1029 1514 1067 a
1535 1008 1798 1083 ﬂorigcra:
1822 1028 1907 1067 se-

322 1101 407 1157 dis
422 1099 678 1155 felicitate
700 1114 797 1170 per
813 1110 1035 1169 peccata
1053 1099 1121 1154 ad
1149 1098 1309 1168 hujus
1334 1100 1678 1155 mortalitatis
1708 1115 1906 1154 mrum-

321 1208 422 1248 nas
458 1191 837 1246 transmissum
890 1191 1167 1259 stupendis
1220 1191 1495 1246 miraculis
1524 1203 1578 1245 et
1616 1192 1906 1247 luculentis

322 1291 503 1338 vatum
531 1281 765 1337 oraculis
789 1281 1006 1336 erudire
1035 1296 1133 1351 per
1154 1290 1425 1337 momenta
1465 1289 1765 1349 temporum
1795 1296 1903 1335 non

322 1374 568 1429 desierit:
606 1382 662 1428 et
688 1372 893 1443 angelis
913 1372 1005 1441 qui
1031 1373 1218 1441 utique
1243 1373 1387 1426 abeo
1412 1372 1687 1440 peccando
1698 1372 1903 1426 disces-

321 1474 525 1532 serant,
547 1474 805 1538 perpetua
830 1463 1174 1519 damnatione
1196 1463 1452 1528 multatis,
1478 1472 1536 1518 ut
1560 1463 1612 1518 id
1635 1464 1811 1518 denuo
1832 1463 1906 1518 ci-

320 1561 476 1615 vibus
500 1558 752 1614 aethereis
770 1572 870 1627 pro
906 1571 1134 1626 quorum
1166 1556 1421 1611 societate
1455 1556 1788 1619 condiderat,
1818 1570 1906 1610 so-

322 1653 515 1714 ciaret,
563 1649 835 1705 hominem
866 1664 1143 1703 assumere
1174 1663 1281 1702 non
1321 1646 1647 1716 despexerit,
1694 1647 1905 1701 dicente

1148 265 1325 329 LIBRI
1363 266 1704 325 CAROLINI.
1747 296 1816 309 ——
1847 265 2067 323 CAPIT.
2105 267 2192 324 DE
2229 267 2417 327 NAG.
2459 301 2528 311 —
2564 269 2692 326 LIB.
2732 269 2796 326 11.

3449 278 3586 334 η)θύ

1934 386 1983 442 Α
2010 388 2319 436 sanctorum
2372 382 2594 440 Patrum
2644 385 2982 441 solummodo
3027 384 3289 444 institutis
3347 398 3584 448 contenti

2008 468 2135 523 sint.

2580 561 2809 620 CAPUT
2851 564 3014 621 XXV.
3080 622 3085 627 .

2008 643 2443 727 Quot-{nusquam
2462 650 2528 705 ab
2548 652 2851 727 apostolicis
2880 655 3128 727 exemplis
3151 667 3242 712 aut
3280 659 3445 714 verbis
3466 699 3483 725 ,
3523 670 3580 713 ut

2108 716 2189 770 illi
2226 716 2504 788 garriunt,
2541 716 2794 793 imagines
2825 716 3050 778 adorare
3082 728 3377 782 institutum
3404 716 3490 784 sit:

2076 804 2467 865 Ecclesiasticze
2501 826 2688 866 norma
2713 812 3064 870 institutionis
3108 819 3492 888 prophetarum
3535 831 3586 878 et

2004 896 2366 965 apostolorum
2390 900 2473 955 vel
2503 900 2672 972 ipsius
2709 904 2920 959 Domini
2950 906 3241 977 aliquando
3268 911 3422 965 nobis
3444 926 3588 966 com-

2004 987 2292 1042 mendatur
2302 990 2501 1056 verbis,
2514 991 2800 1062 aliquando
2811 997 3087 1066 exemplis,
3104 998 3391 1059 aliquando
3401 1002 3564 1056 obum

2002 1074 2212 1139 bratis,
2265 1077 2554 1147 aliquando
2612 1082 2897 1151 patefactis
2946 1094 3279 1142 monstratur
3328 1091 3585 1157 oraculis,

2003 1182 2386 1238 nonnunquam
2426 1171 2588 1226 etiam
2617 1173 2878 1243 ﬁguratis,
2913 1192 3295 1250 nonnunquam
3325 1181 3587 1253 simplici-

2002 1256 2104 1312 bus
2123 1259 2445 1328 perdocetur
2482 1262 2745 1332 eloquiis,
2791 1265 2934 1321 inter
2976 1284 3095 1339 qua:
3129 1272 3310 1327 omnia
3344 1274 3587 1329 omnium

2002 1362 2186 1402 rerum
2213 1349 2527 1406 adoratione
2554 1352 2798 1420 inhibita,
2828 1357 2973 1411 salva
3000 1358 3312 1415 adoratione
3353 1377 3459 1432 qua
3488 1379 3588 1419 nos

2002 1447 2189 1495 mutuo
2205 1439 2503 1497 salutantes
2526 1455 2832 1512 adoramus,
2854 1448 3020 1502 solius
3045 1450 3138 1505 Dei
3166 1451 3411 1508 adoratio
3432 1454 3590 1511 insti-

2003 1529 2191 1584 tuitur.
2261 1530 2397 1586 Nam
2428 1533 2553 1587 dum
2585 1534 2722 1590 hanc
2769 1535 3097 1607 imaginibus
3131 1541 3185 1595 hi
3232 1543 3322 1611 qui
3374 1543 3584 1599 illatum

2002 1630 2313 1676 cremantur
2335 1638 2521 1679 amore
2557 1626 2914 1683 exhibendam
2939 1631 3007 1686 ab
3033 1632 3291 1701 apostolis
3316 1632 3587 1690 fateantur

319 1739 577 1810 Ap“in
606 1753 621 1792 ε
659 1738 936 1810 Nusquam
986 1739 1145 1793 enim.
1165 1737 1375 1808 “ge,”
1413 1713 1773 1808 ἀρρηιιεηάη,
1810 1736 1901 1790 sed
1936 1720 1981 1780 Β
2005 1727 2125 1810 esse
2141 1713 2415 1810 traditam,
2439 1715 2621 1770 dicant
2642 1733 2860 1810 necesse
2886 1724 3257 1791 estquibusab
3276 1724 3380 1780 illis
3407 1741 3580 1780 exem—

319 1847 493 1885 senien
538 1829 763 1900 Abralue
815 1828 1151 1900 apprehendit
1185 1826 1371 1899 (Hebr.
1420 1826 1502 1897 ιι).
1567 1825 1718 1881 [Inde
1748 1827 1906 1882 datur

320 1920 547 1991 intelligi
573 1920 720 1977 aliud
758 1928 815 1974 et
840 1920 998 1990 longe
1042 1918 1185 1974 aliud
1207 1934 1327 1974 esse
1374 1918 1646 1972 hominem
1676 1917 1904 1972 adorare

319 2008 659 2065 salutationis
681 2008 875 2078 gratia,
899 2007 1005 2077 qui
1043 2015 1120 2061 tot
1164 2006 1483 2062 meritorum
1529 2003 1903 2075 pnerogativis

317 2102 499 2173 pollet,
523 2102 668 2157 aliud
689 2101 953 2173 imagines
971 2116 1090 2170 qua:
1121 2101 1207 2155 his
1220 2100 1472 2157 omnibus
1499 2106 1716 2162 carent;
1758 2094 1903 2150 aliud

315 2202 401 2248 est
428 2194 531 2249 hoe
558 2193 762 2248 homini
789 2192 1111 2249 humilitatis
1140 2190 1312 2261 gratia
1353 2189 1609 2245 exhibere
1635 2189 1729 2257 qui
1767 2202 1905 2256 opus

318 2284 416 2341 Dei
440 2292 542 2349 est,
580 2299 741 2354 quam
771 2283 993 2355 imagini
1030 2298 1151 2352 qua:
1178 2296 1313 2353 opus
1349 2280 1574 2337 artiﬁcis
1599 2289 1717 2347 est;
1756 2280 1903 2336 aliud

315 2385 402 2432 est
424 2375 570 2430 illam
592 2384 840 2431 naturam
875 2375 1197 2431 humilitatis
1239 2373 1415 2429 cilicio
1438 2375 1667 2429 adorare
1689 2389 1821 2442 qua:
1843 2372 1901 2428 in

316 2463 440 2519 cudi
471 2478 597 2534 rege
608 2465 676 2519 ab
704 2463 908 2535 angelis
934 2463 1344 2534 etarchangelis
1367 2463 1639 2526 adoratur,
1667 2462 1811 2516 aliud
1832 2462 1899 2517 il-

317 2553 426 2607 lam
446 2567 567 2622 quae
605 2553 791 2608 usibus
814 2568 920 2610 non
959 2553 1132 2610 solum
1161 2545 1458 2617 hominum,
1493 2553 1587 2609 sed
1611 2560 1666 2606 et
1679 2560 1901 2607 extero-

319 2659 439 2711 rum
462 2644 774 2700 animalium
800 2645 1046 2699 adhibita
1092 2644 1401 2704 famulatur.
1476 2645 1747 2711 Quantum
1772 2658 1900 2715 ergo

315 2748 482 2803 opera
508 2733 602 2788 Dei
629 2733 867 2788 eminent
890 2734 1142 2788 humanis
1159 2735 1433 2804 operibus,
1465 2734 1751 2790 ellicientia
1771 2734 1900 2789 ell‘e-

316 2823 441 2899 etis,
459 2822 794 2878 rationabilia
812 2822 1288 2898 irrationabilibus,
1310 2823 1585 2879 sensibilia
1612 2823 1899 2879 insensibi-

316 2911 473 2977 libus,
500 2914 735 2971 viventia
759 2929 865 2970 non
894 2914 1216 2978 viventibus,
1251 2921 1458 2971 tantum
1484 2914 1729 2970 adoratio
1755 2931 1892 2985 qum,

315 3011 377 3057 ut
396 3004 759 3075 praedicimus,
787 3003 1102 3059 humilitatis
1128 3014 1182 3060 et
1209 3006 1548 3061 salutationis
1568 3003 1742 3060 otiicio
1770 3020 1895 3076 erga

317 3092 563 3149 homines
584 3094 780 3163 agitur,
813 3094 1113 3150 adorationi
1137 3110 1257 3164 qua:
1280 3094 1606 3167 imaginibus
1639 3096 1897 3166 supersti-

317 3181 453 3237 tiose
486 3190 541 3236 et
567 3182 836 3255 superﬂue
855 3184 1158 3241 exhibetur.

387 3272 651 3339 Quoniam
678 3275 894 3343 quidem
918 3275 1162 3332 homines
1184 3277 1325 3334 Deus
1345 3292 1453 3333 non
1483 3278 1745 3349 imagines
1771 3279 1897 3336 dili-

313 3379 445 3434 gere
483 3363 670 3434 jussit,
709 3377 933 3437 propter
965 3366 1212 3424 homines
1236 3369 1433 3429 Filium
1468 3378 1624 3425 suum
1663 3372 1717 3428 in
1744 3372 1907 3426 mun-'

314 3457 467 3522 dum,
498 3472 603 3513 non
625 3467 852 3529 propter
883 3460 1142 3531 imagines
1168 3461 1344 3527 misit;
1373 3463 1441 3516 ab
1467 3463 1775 3518 hominibus
1802 3463 1898 3518 Pa-

319 3555 400 3601 ter
420 3548 623 3615 vocari,
659 3565 766 3604 non
800 3551 867 3605 ab
904 3551 1227 3623 imaginibus
1249 3553 1435 3619 voluit,
1476 3561 1530 3608 ct
1553 3553 1813 3609 Dominus
1841 3555 1894 3610 in

317 3640 604 3711 Evangelio
624 3658 733 3698 non
756 3641 833 3697 ait
859 3660 871 3695 :
901 3641 1078 3697 Nolite
1096 3643 1460 3700 scandalizare
1486 3660 1647 3699 unam
1674 3645 1739 3700 de
1764 3644 1897 3699 ima-

312 3734 528 3805 ginibus
560 3735 697 3799 istis,
749 3734 863 3801 sed,
912 3752 1073 3789 unum
1101 3736 1167 3790 de
1200 3737 1405 3808 pusillis
1451 3739 1596 3792 istis:
1646 3739 1896 3810 quoniam

313 3821 485 3894 angeli
511 3841 690 3881 eorum
713 3841 913 3895 semper
936 3827 1106 3881 rident
1151 3827 1343 3897 faciem
1371 3826 1551 3883 Patris
1590 3831 1692 3883 mei
1717 3830 1807 3899 qui
1840 3831 1896 3883 in

312 3916 454 3970 ctelis
476 3926 549 3971 est
577 3915 792 3988 (Matth.
820 3917 1008 3990 xviii);
1039 3927 1094 3973 et
1120 3918 1412 3990 Apostolus
1429 3919 1657 3976 invicem
1679 3936 1777 3974 nos
1801 3920 1895 3973 Ito-

312 4024 437 4060 nore
456 4024 739 4078 prwvemre
758 4008 811 4079 (1
826 4008 944 4063 Pet.
961 4009 1045 4079 ιι),
1072 4026 1178 4065 non
1201 4011 1464 4081 imagines
1482 4011 1751 4066 honorare
1775 4011 1895 4066 hor-

315 4106 474 4152 tatur.
541 4098 677 4163 Quia
700 4113 830 4169 ergo
864 4100 1054 4154 melior
1088 4101 1159 4155 sit
1182 4101 1363 4171 opifex
1386 4116 1546 4171 opere
1567 4109 1621 4156 et
1656 4100 1894 4156 elliciens

310 4188 534 4250 ell‘ectis.
578 4188 715 4244 liber
754 4190 1046 4262 Sapientia:
1092 4199 1339 4254 testatur,
1391 4193 1468 4245 ait
1509 4192 1682 4247 enim:
1719 4192 1890 4247 Nemo

311 4283 445 4338 enim
465 4281 564 4340 sibi
590 4282 812 4337 similem
835 4285 990 4337 homo
1014 4286 1201 4355 poterit
1222 4284 1389 4338 Deum
1416 4284 1645 4355 ﬁngere:
1671 4303 1789 4339 cum
1823 4288 1892 4340 sit

309 4371 444 4427 enim
456 4372 692 4429 mortalis
706 4383 966 4429 mortuum
978 4375 1128 4444 ﬁngit
1148 4375 1388 4429 manibus
1402 4376 1593 4442 iniquis
1607 4377 1759 4449 (Sap.
1779 4384 1888 4450 xv).
1924 4401 1969 4461 ο

311 4459 497 4517 Melior
516 4470 600 4517 est
627 4464 769 4520 enim
798 4463 911 4533 ipse
936 4463 1020 4518 his
1045 4480 1181 4533 quos
1210 4464 1355 4529 colit,
1386 4467 1511 4535 quia
1542 4465 1655 4535 ipse
1672 4466 1891 4536 quidem

312 4559 463 4623 vixit,
489 4574 613 4614 cum
649 4568 793 4615 esset
826 4559 1089 4623 mortalis,
1130 4559 1207 4615 illi
1255 4567 1431 4615 autem
1480 4575 1788 4630 nunquam;
1839 4571 1895 4616 ct

310 4651 501 4706 beatus
516 4649 847 4720 Augustinus
872 4649 975 4705 ait:
1020 4667 1038 4700 ι
1072 4649 1271 4704 Fateor
1295 4657 1472 4704 tamen
1496 4649 1659 4704 altius
1682 4649 1895 4705 demer-

308 4756 399 4805 sos
412 4755 535 4796 esse
578 4741 671 4809 qui
707 4755 867 4809 opera
904 4740 1182 4797 hominum
1205 4739 1333 4794 deos
1350 4748 1560 4808 putant,
1600 4755 1761 4811 quam
1798 4742 1891 4810 qui

307 4848 473 4903 opera
499 4830 617 4887 Dei.
655 4852 674 4884 ι
725 4832 838 4887 lloc
865 4833 1080 4901 quidem
1125 4831 1192 4887 de
1217 4832 1375 4888 idolis
1393 4847 1688 4905 eorumque
1724 4833 1891 4887 culto-

310 4925 479 4979 ribus.
538 4920 802 4977 Cteterum
831 4922 906 4977 illi
952 4923 1043 4992 qui
1073 4923 1212 4978 intra
1239 4930 1482 4979 sanctam
1513 4922 1807 4979 Ecclesiam
1835 4923 1891 4980 in

308 5028 466 5070 sacro
484 5011 699 5082 eloquio
720 5011 894 5067 solum
932 5012 1100 5068 Deum
1121 5012 1452 5083 adorandum
1492 5012 1772 5083 solumque
1800 5028 1891 5069 co-

310 5105 528 5161 tendum
561 5080 877 5173 praedicant,
903 5112 960 5158 et
977 5113 1035 5159 ut
1060 5104 1322 5177 imagines
1342 5080 1637 5160 adorentur
1658 5080 1892 5177 svuodos

306 5201 621 5265 aggregant,
644 5193 861 5249 videant
888 5209 954 5250 ne
979 5192 1118 5249 forte
1140 5194 1495 5252 domesticam
1522 5211 1711 5265 pacem
1745 5196 1888 5252 intc-

308 5287 454 5343 stino
473 5285 613 5342 bello
630 5287 944 5356 perturbent
970 5295 1024 5341 et
1038 5288 1451 5358 prosperitatem
1480 5303 1659 5344 rerum
1677 5298 1891 5345 nostra-

309 5392 430 5434 rum
451 5378 559 5433 isto
582 5392 769 5433 errore
792 5378 947 5446 quasi
972 5378 1202 5447 quodam
1231 5379 1374 5435 civili
1400 5379 1542 5435 bello
1582 5394 1891 5436 commacu-

309 5466 438 5525 lent.
497 5466 654 5535 Quod
704 5466 958 5539 facillime
984 5467 1156 5522 vitare
1175 5477 1426 5539 poterunt
1457 5471 1501 5524 si
1545 5471 1685 5525 intra
1717 5479 1892 5528 metas

307 5557 631 5626 prophetica:
649 5566 705 5612 et
730 5555 1051 5629 evangelicae
1078 5555 1193 5612 sive
1213 5558 1519 5629 apostolicae
1552 5560 1891 5631 prredicatio-

307 5649 394 5708 uis
451 5648 866 5718 contineantur,
920 5655 975 5704 et
1019 5647 1253 5703 exclusis
1308 5663 1502 5705 vocum
1558 5652 1889 5712 novitatibus

2003 1802 2190 1872 plissit
2213 1803 2539 1871 institutum,
2571 1807 2834 1876 quibusve
2870 1810 3209 1867 documentis
3229 1822 3438 1869 constet
3468 1830 3594 1871 esse

2003 1896 2418 1967 promulgatum.
2486 1896 2569 1952 An
2596 1898 2732 1954 forte
2756 1902 2951 1958 Petrus
2973 1903 3115 1959 hanc
3136 1906 3461 1978 imaginibus
3494 1924 3587 1965 ex—

2003 1988 2291 2042 hibendam
2331 1989 2604 2055 instituit,
2664 1991 2757 2061 qui
2797 1991 3104 2048 Cornelium
3139 2009 3208 2049 ne
3236 2011 3294 2051 se
3336 1998 3587 2055 adoraret

2002 2079 2196 2134 blande
2228 2081 2591 2150 compescuit?
2654 2083 2737 2135 An
2766 2080 3022 2148 Joannes,
3061 2087 3152 2154 qni
3197 2087 3448 2156 angelum
3492 2089 3587 2143 ad-

2001 2184 2159 2225 orare
2207 2171 2449 2240 cupiens,
2476 2188 2542 2225 ne
2564 2172 2617 2226 id
2646 2172 2866 2239 faceret,
2896 2176 2989 2228 sed
3018 2185 3075 2228 ut
3117 2177 3284 2231 Deum
3334 2179 3585 2241 adorarct

2001 2261 2242 2316 audivit?
2268 2264 2353 2315 An
2386 2260 2605 2328 Paulus,
2631 2264 2721 2333 qui
2750 2264 2890 2318 hanc
2918 2267 3294 2335 superstitiose
3326 2269 3590 2340 Lycaoni--

2000 2354 2102 2408 bus
2135 2354 2238 2409 sibi
2286 2353 2486 2408 inferre
2521 2356 2860 2425 cupientibus
2904 2359 3153 2427 expavit?
3203 2361 3287 2414 An
3310 2361 3587 2418 Barnabas

2000 2446 2093 2516 qui
2123 2446 2261 2502 hanc
2281 2447 2488 2515 pariter
2512 2464 2634 2503 cum
2662 2447 2829 2503 Paulo
2865 2449 3114 2521 refugiit?
3166 2452 3299 2507 Cum
3327 2469 3457 2524 ergo
3485 2470 3584 2508 an-

2000 2535 2153 2607 gelus
2205 2544 2260 2590 et
2311 2537 2539 2608 apostoli
2573 2553 2633 2593 se
2676 2537 2890 2592 adorari
2934 2541 3274 2610 prohibeant,
3314 2544 3439 2614 quis
3476 2552 3585 2598 tam

1999 2642 2190 2684 vecors
2214 2635 2433 2697 tamque
2455 2643 2685 2683 vesanus
2696 2639 2779 2683 est
2807 2645 2897 2699 qui
2926 2630 3106 2685 dicere
3121 2631 3318 2687 audeat
3341 2649 3434 2689 eos
3457 2649 3588 2687 ima-

1999 2722 2152 2791 gines
2177 2720 2392 2777 adorari
2425 2722 2724 2777 instituisse
2755 2742 2766 2776 :
2805 2725 3104 2793 prmsertim
3136 2728 3229 2793 qui
3254 2726 3354 2781 etsi
3400 2741 3458 2781 se
3485 2728 3583 2783 ad-

1998 2815 2142 2872 orari
2155 2814 2432 2878 deberent,
2448 2830 2572 2869 cum
2588 2814 2836 2871 videlicet
2857 2815 3079 2870 alterius
3093 2816 3270 2870 meriti
3289 2816 3581 2871 alteriusve

1999 2906 2325 2961 deﬁnitionis
2350 2906 2457 2960 sint
2475 2905 2669 2975 angeli,
2701 2906 2813 2961 sive
2830 2906 3096 2970 homines,
3111 2914 3167 2962 et
3191 2906 3414 2961 alterius
3444 2907 3580 2961 ima-

1998 2998 2172 3070 gines.
2233 2995 2291 3052 Si
2334 2997 2501 3067 igitur
2536 2997 2710 3067 angeli
2742 2997 2857 3052 sive
2904 2997 3169 3062 homines,
3200 3006 3259 3052 ut
3297 2998 3584 3067 praesentis

2000 3087 2230 3157 exempli
2252 3091 2390 3143 ratio
2408 3090 2585 3153 docet,
2621 3087 2843 3145 minime
2868 3089 3123 3144 adorandi
3152 3096 3295 3150 sunt,
3324 3088 3467 3142 salva
3493 3090 3587 3142 a-J-

1998 3180 2245 3236 oratione
2271 3195 2392 3250 qua:
2420 3180 2699 3236 charitatis
2721 3188 2775 3232 et
2805 3180 3146 3235 salutationis
3169 3178 3343 3234 ollicio
3368 3179 3585 3234 exhibe.

1996 3280 2087 3328 tur
2124 3314 2138 3339 ,
2174 3271 2345 3329 multo
2398 3272 2577 3327 minus
2623 3270 2885 3342 imagines
2929 3287 3048 3343 quze
3082 3271 3305 3327 rationis
3340 3277 3591 3341 expertes

1995 3374 2142 3431 sunt,
2181 3380 2282 3421 nec
2317 3365 2641 3419 salutatione
2675 3377 2774 3418 nec
2809 3364 3123 3419 adoratione
3148 3362 3321 3434 dignae
3346 3379 3412 3419 eo
3442 3363 3585 3437 quod

1997 3456 2284 3511 insensata:
2296 3456 2423 3519 sint,
2452 3455 2740 3510 adorandae
2767 3462 2919 3509 sunt:
2954 3469 3075 3523 qua:
3100 3453 3146 3507 si
3167 3454 3454 3510 adorandae
3476 3469 3583 3511 non

1994 3554 2138 3609 sunt,
2174 3546 2282 3599 imo
2309 3546 2432 3615 quia
2469 3560 2571 3599 non
2600 3552 2746 3609 sunt,
2778 3544 2971 3613 duplex
2997 3542 3072 3598 illi
3102 3544 3154 3598 in
3177 3542 3278 3597 hac
3304 3551 3456 3612 parte
3484 3546 3579 3601 de-

1996 3635 2221 3705 liquium
2242 3641 2459 3704 patrare
2484 3633 2837 3702 perhibentur
2885 3634 2998 3688 sive
3038 3632 3165 3702 quia
3195 3649 3288 3688 cas
3330 3635 3578 3697 adorant,

1996 3724 2109 3780 sive
2121 3724 2247 3793 quia
2268 3732 2327 3778 ut
2342 3724 2444 3778 hoc
2469 3723 2710 3778 lacerent
2725 3723 2792 3777 ab
2806 3724 3064 3792 apostolis
3078 3724 3177 3778 sibi
3196 3723 3451 3778 traditum
3463 3736 3585 3779 esse

1996 3813 2345 3868 mentiuntur.
2412 3811 2700 3880 Apostolus
2737 3812 2966 3881 denique
3008 3811 3205 3867 Paulus
3240 3812 3583 3883 evangelicus

1994 3906 2085 3961 ille
2128 3903 2474 3968 stabularius,
2517 3902 2665 3972 quia
2707 3902 2911 3957 visione
2932 3902 3120 3971 patriae
3146 3901 3382 3956 cmlcslis
3416 3916 3584 3972 genus

1994 4003 2287 4057 humanum
2328 4000 2652 4070 digressum,
2679 4007 2731 4054 et
2762 3997 2829 4052 ad
2851 3996 3011 4066 huius
3037 3996 3353 4053 defectionis
3378 4012 3577 4053 terum-

1993 4111 2093 4150 nas
2113 4093 2398 4166 dilapsum,
2430 4100 2484 4147 et
2514 4107 2542 4145 a
2567 4091 2817 4160 malignis
2845 4086 3125 4161 spiritibus
3164 4090 3525 4154 vulneratum,
3550 4104 3579 4142 a

1993 4183 2216 4240 custode
2246 4183 2484 4240 omnium
2515 4182 2582 4237 ad
2612 4183 2909 4237 sanandum
2959 4182 3360 4252 prmdicationis
3399 4180 3582 4239 verbis

1994 4276 2205 4332 lenibus
2232 4284 2286 4330 et
2315 4273 2549 4332 austeris
2589 4273 2816 4344 accepit,
2856 4273 2942 4327 cui
2993 4273 3322 4343 Redemptor
3350 4271 3580 4343 duplicis

1994 4367 2234 4423 scientia:
2257 4365 2367 4420 sive
2389 4365 2616 4420 duorum
2640 4363 3107 4417 'l‘estamcntorum
3137 4363 3419 4434 pecuniam
3454 4377 3583 4420 con-

1997 4457 2156 4522 cedit,
2185 4464 2239 4511 et
2267 4456 2311 4510 si
2330 4455 2457 4528 quid
2486 4456 2553 4509 ad
2580 4455 2929 4508 erudiendum
2959 4453 3296 4523 redemptum
3324 4452 3578 4522 populum

1994 4548 2278 4607 consilium
2304 4548 2436 4604 dans
2454 4546 2933 4620 supererogaverit,
2962 4544 3294 4600 redditurum
3318 4561 3374 4599 se
3400 4544 3450 4599 ei
3462 4559 3582 4599 esse

1993 4638 2278 4710 promittit,
2329 4653 2430 4692 nec
2456 4637 2510 4690 in
2540 4637 2628 4691 his
2660 4635 2726 4691 de
2749 4637 2943 4706 quibus
2970 4635 3138 4690 libere
3174 4644 3444 4707 pnecepta
3468 4636 3579 4701 dat,

1994 4743 2094 4782 nec
2119 4729 2171 4782 in
2197 4728 2282 4782 his
2296 4727 2363 4781 de
2381 4727 2576 4799 quibus
2591 4741 2979 4797 supererugans
2998 4725 3281 4781 consilium
3305 4726 3413 4790 dat,
3441 4725 3584 4781 sicut

1993 4821 2059 4877 de
2085 4820 2383 4890 virginibus
2410 4819 2601 4873 fecisse
2634 4819 2971 4890 perhibetur,
2997 4819 3130 4875 nihil
3160 4819 3266 4873 tale
3300 4819 3366 4872 de
3396 4818 3578 4889 imagi—

1994 4928 2121 4967 num
2142 4911 2476 4976 adoratione,
2519 4918 2578 4964 ut
2608 4910 2682 4963 illi
2721 4910 3011 4975 somniant,
3040 4910 3250 4982 uspiam
3283 4908 3583 4962 instituisse

1992 5002 2078 5058 vel
2101 5002 2424 5072 prmeepisse
2447 4999 2734 5068 reperitur.
2803 4996 2938 5055 Nam
2960 5006 3016 5052 et
3063 4998 3203 5053 idem
3234 4997 3424 5053 doctor
3447 5011 3578 5065 gen-

1993 5095 2128 5148 tium
2155 5108 2280 5148 cum
2323 5089 2602 5160 discipulis
2626 5088 2912 5144 Timotheo
2940 5097 2995 5143 et
3027 5088 3150 5143 Tito
3177 5088 3461 5151 scriberet,
3498 5086 3579 5139 in-

1991 5194 2206 5239 struens
2227 5197 2322 5237 eos
2333 5188 2386 5235 et
2398 5180 2598 5235 docens
2614 5178 2680 5235 de
2691 5178 3030 5234 ordinatione
3049 5181 3407 5249 episcopatus,
3428 5191 3587 5247 pres—

1990 5274 2187 5345 byterii
2209 5282 2264 5328 et
2294 5269 2527 5328 diaconii
2552 5278 2608 5325 et
2643 5270 2821 5325 omnis
2849 5270 3231 5326 ecclesiastica:
3259 5268 3575 5338 disciplina},

1990 5368 2106 5421 sive
2132 5365 2198 5421 de
2223 5363 2450 5434 spiritali
2484 5362 2894 5419 conversatione
2921 5369 2977 5416 et
3011 5360 3279 5417 haereticis
3320 5358 3574 5422 vitandis,

1991 5461 2113 5519 ideo
2129 5459 2421 5527 imaginum
2467 5455 2836 5512 adorationem
2885 5453 3106 5508 minime
3149 5451 3404 5520 instituit,
3450 5452 3573 5522 quia

1991 5555 2133 5612 hanc
2170 5567 2201 5606 a
2238 5549 2497 5621 religione
2540 5546 2846 5603 Ghristiana
2871 5544 3101 5601 alienam
3145 5558 3265 5601 esse
3292 5544 3571 5612 cognovit:

1942 5664 1947 5669 λ
1992 5646 2154 5719 quiet
2176 5644 2234 5700 in
2259 5641 2473 5699 caeteris
2500 5637 2741 5712 epistolis
2770 5651 2904 5709 quas
2927 5636 3178 5692 universo
3202 5636 3319 5692 orbi
3336 5633 3569 5706 scripsit,
