4070 6186
464 295 593 348 "illi

1340 294 1401 348 Β.
1441 284 1695 352 CAROLI
1730 288 1947 349 MAGNI
1982 287 2134 348 OPP.
2174 289 2354 349 PARS
2391 292 2455 352 ii.
2498 294 2743 357 SECTIO
2777 297 2840 355 Il.
2904 292 2913 297 ’

3594 301 3749 358 «ωε

462 420 584 476 qua:
607 404 822 460 vitanda
855 412 1040 461 essent
1059 420 1247 476 quave
1284 395 1858 475 sequenda'~fedocens,
1907 404 2048 459 hanc
2076 408 2123 465 Α
2152 404 2231 458 rei
2269 418 2391 474 quae
2433 409 2651 464 condita
2696 419 2780 466 est
2829 406 3122 466 Dominid'n
3158 411 3309 468 vocis
3361 412 3594 485 imperio
3647 432 3749 471 res

460 495 678 567 penitus
704 512 816 551 rem
846 496 1205 566 parvipcudit,
1242 511 1405 566 quam
1438 509 1540 551 nec
1585 496 1825 550 abnuere
1858 508 2053 563 quem-
2109 503 2115 508 '
2151 494 2453 554 assimilare
2488 514 2611 575 qua
2640 499 2928 569 cujuslibet
2968 500 3194 558 artiﬁcis
3232 502 3540 561 conduntur
3580 504 3745 559 ubi-

462 589 589 643 datu
615 603 877 651 errorem,
927 603 1028 642 nec
1051 596 1291 642 statuere
1336 589 1627 657 quamdam
1655 586 1883 645 credidit
1930 600 2050 641 esse

460 678 741 733 virtutem.
789 677 889 744 Qui
911 693 1041 747 ergo
1066 679 1166 732 has
1187 695 1295 732 non
1323 678 1552 735 adorare
1581 677 1782 744 scelus,
1830 678 1931 733 has
1954 684 2051 731 au-

462 775 571 823 tem
601 768 825 825 adorare
851 769 991 823 inter
1025 769 1197 837 prima
1228 769 1345 824 ﬁdei
1389 776 1726 823 sacramenta
1748 769 1816 823 ab
1835 776 2050 840 aposto-

460 858 528 914 lis
550 858 856 916 iustitutum
874 875 994 915 esse
1007 859 1256 923 delirant,
1280 860 1614 930 perpendant
1637 859 1889 931 quoniam
1905 860 2046 914 idem

461 952 572 1009 Vas
590 952 867 1008 electionis
896 966 996 1007 nec
1017 966 1110 1006 eas
1140 965 1394 1021 aperuere
1431 951 1573 1007 inter
1596 951 1801 1007 scelera
1828 966 2049 1007 enume—

458 1050 712 1108 rat,cum
738 1042 900 1096 dicit:
946 1039 1233 1111 Manifesta
1278 1049 1397 1095 sunt
1454 1050 1625 1096 autem
1672 1042 1826 1113 o'pera
1871 1042 2047 1096 carnis

457 1150 575 1204 qua:
602 1144 721 1191 sunt
745 1133 1043 1202 fornicatio,
1067 1133 1421 1199 immunditia,
1438 1134 1785 1204 impudicitia,
1811 1133 2044 1201 luxuria,

457 1225 719 1283 idolorum
746 1226 984 1289 servitus,
1014 1225 1278 1295 veneﬁcia,
1310 1226 1619 1287 inimicitiae,
1669 1225 2043 1289 contentiones,

456 1317 835 1382 temulationes,
874 1318 988 1381 ine,
1021 1317 1168 1380 rixat,
1200 1316 1567 1379 dissensiones,
1599 1325 1769 1379 sectte,
1800 1314 2043 1380 htcreses,

453 1410 675 1476 invidia,
723 1409 1028 1472 homicidia,
1074 1409 1369 1473 ebrietates,
1414 1409 1836 1472 comessationes,
1882 1417 1930 1460 et
1960 1407 2043 1460 his

453 1503 652 1559 similia
674 1520 791 1574 quae
815 1503 1043 1575 praedico
1072 1500 1213 1556 vobis
1235 1502 1368 1554 sicut
1408 1501 1631 1571 pra'dixi
1649 1541 1663 1564 ,
1686 1500 1930 1570 quoniam
1954 1499 2044 1569 qui

453 1596 586 1651 talia
632 1605 795 1667 agunt
823 1611 1035 1666 regnum
1080 1593 1178 1647 Dei
1229 1610 1333 1647 non
1371 1601 1749 1664 consequentur
1787 1588 1933 1663 (Gal.
1963 1589 2040 1662 v).

453 1687 567 1741 Nec
619 1701 713 1741 eas
738 1685 962 1740 adorare
996 1684 1138 1739 inter
1182 1682 1453 1753 spiritales
1486 1667 1695 1736 fructus
1739 1687 2040 1745 enumerat,

2151 585 2279 639 trio.
2320 585 2597 658 Siquidem
2644 588 2733 644 illa
2778 590 2995 646 condita
3025 599 3113 647 est
3150 592 3380 648 Domino
3405 593 3742 662 imperante,

2149 673 2270 730 ista:
2288 678 2595 733 conduntur
2616 680 2749 735 artis
2780 679 3048 735 industria
3067 681 3327 750 iuvante;
3376 682 3463 737 illa
3485 698 3517 736 a
3540 691 3747 738 sancto

2148 767 2267 823 viro
2298 768 2500 841 Moyse,
2525 772 2645 827 ista:
2682 788 2712 827 a
2738 774 2980 844 quolibet
3002 775 3229 844 opiﬁce;
3266 775 3357 830 illa
3383 791 3415 830 s
3445 776 3738 847 legislatu-

2148 871 2228 924 re,
2253 859 2368 914 isne
2390 875 2421 914 a
2441 861 2645 931 pictore
2668 879 2683 929 ;
2712 863 2801 918 illa
2824 865 3087 919 redundet
3110 866 3404 936 mysteriis,
3446 866 3561 920 ista
3582 866 3745 922 colo-

2149 968 2269 1006 rum
2315 945 2684 1032 tantummodo
2741 956 2916 1024 fucis;
2948 958 3037 1013 illa
3064 968 3120 1014 et
3161 961 3518 1030 praesentibus
3565 960 3742 1019 fuerit

2148 1039 2203 1094 in
2257 1042 2638 1099 miraculorum
2693 1052 2964 1116 stuporem
2990 1088 3007 1113 ,
3055 1056 3112 1103 et
3168 1050 3235 1103 de
3263 1049 3459 1105 futuris
3501 1052 3739 1121 mystice

2147 1136 2397 1204 quaedam
2425 1145 2480 1193 et
2519 1154 2715 1194 arcana
2753 1128 3106 1210 signiﬁcarit;
3159 1143 3274 1198 istac
3295 1152 3353 1199 et
3372 1145 3740 1213 praesentibus

2148 1226 2443 1294 miraculis,
2471 1238 2525 1284 et
2577 1229 2880 1286 futurorum
2917 1232 3399 1303 signiﬁcationibus
3439 1235 3599 1290 nudas
3648 1251 3736 1292 res

2147 1313 2299 1383 cujus
2339 1326 2467 1373 sunt
2511 1327 2717 1374 tantum
2774 1324 3092 1377 memoriam
3137 1324 3403 1393 ingerunt.
3444 1325 3530 1379 De
3566 1324 3736 1394 cujus

2149 1408 2340 1478 typieis
2355 1410 2880 1481 prteﬁguratiouibus
2911 1415 3023 1470 sive
3048 1417 3241 1471 horum
3296 1433 3416 1488 qua:
3439 1418 3579 1472 intra
3598 1433 3732 1473 eam

2146 1498 2351 1553 suntin
2399 1506 2678 1569 superiore
2704 1504 2843 1559 libro
2884 1515 3241 1561 monstratum
3271 1516 3372 1571 est,
3400 1523 3547 1563 nunc
3592 1525 3735 1566 vero

2145 1594 2405 1655 quantum
2430 1603 2461 1642 a
2488 1604 2651 1645 manu
2673 1590 2828 1648 factis
2849 1593 3174 1665 imaginibus
3202 1595 3431 1661 diﬁ‘erat,
3483 1599 3737 1653 breviter

2144 1679 2544 1745 exsequendum
2582 1690 2683 1737 est.
2739 1682 2841 1750 Qui
2888 1685 3053 1756 igitur
3110 1689 3418 1743 materiales
3460 1691 3736 1761 imagines

455 1795 578 1833 cum
609 1776 762 1842 dicit,
794 1773 1025 1828 Fructus
1054 1782 1228 1828 autem
1249 1772 1465 1844 spiritus
1490 1780 1584 1835 est,
1624 1770 1876 1835 charitas,
1913 1786 2042 1842 gau°
2076 1768 2122 1831 Β
2147 1784 2177 1823 a
2201 1772 2531 1840 quibuslibet
2561 1778 2845 1848 opiﬁcibus
2880 1782 3150 1848 conditas,
3210 1797 3353 1838 arca:
3416 1782 3732 1838 testamenti

452 1870 619 1933 dium,
647 1885 771 1939 pax,
794 1866 1047 1937 patientia
1066 1905 1081 1932 ,
1116 1862 1507 1935 longanimitas,
1533 1860 1757 1923 bonitas,
1812 1861 2045 1932 benigni-

452 1969 555 2028 tas,
578 1961 730 2032 ﬁdes,
753 1959 1029 2023 modestia,
1055 1956 1373 2011 continentia
1396 1971 1414 2008 :
1465 1954 1713 2008 adversus
1739 1951 2043 2024 Itujusmodi

453 2070 558 2108 non
569 2062 645 2106 est
670 2051 786 2105 lex:
817 2050 907 2121 qui
942 2058 1115 2102 autem
1139 2057 1259 2101 sunt
1280 2045 1496 2110 Christi,
1522 2061 1731 2100 carnem
1746 2060 1895 2097 suam
1920 2061 2044 2099 cru-

450 2146 728 2215 ciﬁxerunt
751 2160 865 2197 cum
890 2142 1028 2197 vitiis
1052 2150 1101 2195 et
1121 2138 1553 2209 concupiscentiis
1581 2136 1791 2209 (Ibid.).
1821 2136 1932 2191 Sed
1948 2152 2044 2192 ne-

451 2252 556 2307 que
584 2236 639 2290 in
667 2236 855 2291 eadem
882 2231 1203 2302 eloquentia:
1237 2237 1541 2294 venustate,
1562 2243 1668 2298 qua
1696 2241 1888 2282 sensus
1915 2241 2042 2283 suos

451 2327 773 2400 quibusdam
806 2323 994 2380 rivulis
1025 2337 1121 2395 per
1154 2322 1395 2377 membra
1429 2329 1484 2374 et
1527 2334 1667 2374 crcsa
1711 2324 1766 2375 et
1788 2317 2043 2375 decentes

450 2416 713 2472 circuitus
737 2412 1008 2471 rhetorico
1050 2411 1119 2467 de
1141 2409 1362 2465 ﬂumine
1401 2408 1652 2464 derivans
1674 2407 1742 2462 ab
1768 2406 2041 2475 anaphora

452 2508 663 2579 incipit,
690 2514 746 2561 et
766 2520 863 2576 per
889 2505 1105 2575 σχίσας
1128 2502 1384 2572 ὀνομάτων
1410 2498 1666 2561 decurrit,
1693 2505 1748 2553 et
1768 2496 2040 2553 contraria

450 2598 741 2656 contrariis
762 2612 859 2668 per
885 2590 1715 2665 topicorumargumentationcm
1741 2604 1901 2659 quam
1916 2588 2038 2657 phi-

449 2686 660 2758 losophi
689 2702 719 2741 a
756 2685 1046 2741 contrariis
1067 2683 1347 2739 nominant
1391 2695 1689 2753 opponens,
1740 2679 2041 2751 pulcherri-

449 2778 555 2833 mis
586 2776 887 2841 antithetis,
909 2776 1210 2831 orationem
1245 2789 1398 2829 suam
1426 2774 1705 2839 honestat;
1748 2771 1838 2827 ubi
1883 2769 2039 2839 hujus

447 2869 571 2925 vitae
593 2878 805 2940 tempus
827 2865 1175 2936 acccptahile,
1200 2863 1535 2937 pmniteutia:
1557 2862 1806 2918 videlicet
1831 2870 2035 2933 aptum,

447 2971 504 3017 et
523 2963 640 3017 dies
657 2961 846 3015 salutis
878 2959 928 3014 id
950 2967 1035 3014 est
1068 2959 1139 3013 ad
1156 2958 1295 3013 bene
1324 2957 1589 3027 agendum
1612 2962 1783 3026 aptos,
1832 2956 2040 3010 denun-

448 3055 570 3118 tiat,
603 3054 744 3108 inter
772 3060 1000 3108 catteras
1040 3065 1177 3121 quas
1223 3058 1506 3107 enumerat
1558 3049 1787 3105 virtutes
1812 3046 2037 3116 hujusce

2144 1858 2375 1929 Domini,
2414 1879 2535 1934 qua:
2564 1867 2792 1925 Domino
2814 1871 3132 1941 imperante,
3173 1872 3354 1943 Moyse
3410 1873 3725 1938 obediente,

2140 1951 2357 2007 condita
2389 1964 2490 2020 est,
2551 1959 2885 2028 aequiparare
2914 1962 3282 2027 contendunt,
3319 1962 3615 2027 inveniant,
3667 1963 3721 2017 si

2140 2051 2382 2115 queunt,
2427 2044 2677 2114 opiﬁcem
2734 2050 2826 2119 qui
2892 2052 3061 2123 Moysi
3119 2054 3327 2109 meritis
3392 2054 3725 2124 arquiparari

2139 2142 2322 2202 queat,
2349 2136 2442 2205 qui
2485 2136 2752 2195 ﬁumineis
2798 2142 2871 2196 sit
2913 2140 3163 2200 ﬂuctibus
3212 2145 3511 2215 expositus,
3561 2144 3725 2213 cujus

2141 2223 2287 2278 salus
2312 2224 2453 2281 inter
2495 2226 2850 2299 lymphaticus
2876 2247 3068 2288 cursus
3090 2234 3199 2289 Deo
3235 2235 3335 2290 soli
3362 2236 3723 2306 relinquatur,

2139 2330 2170 2369 a
2210 2317 2407 2386 quibus
2458 2330 2716 2391 exceptus
2734 2330 2790 2378 et
2819 2326 2980 2379 matri
3035 2326 3368 2393 restituatur,
3417 2334 3476 2381 et
3522 2327 3591 2381 ab
3636 2327 3730 2381 lib

2139 2408 2336 2476 quibus
2357 2411 2550 2479 perimi
2570 2410 2754 2481 jussus
2780 2413 2975 2482 fuerat,
3001 2414 3410 2473 deliclosissime
3429 2417 3499 2472 aii
3525 2417 3722 2487 jubea-

2141 2506 2266 2554 tur:
2308 2503 2400 2571 qui
2431 2505 2578 2559 omni
2628 2507 2890 2576 sapientis
2919 2506 3302 2580 Egyptiorum
3342 2509 3585 2565 eruditus
3624 2510 3721 2576 sit,

2139 2591 2232 2661 qui
2252 2592 2431 2648 videat
2450 2596 2708 2652 arboreos
2745 2613 2926 2654 ramos
2951 2600 3196 2655 incendia
3221 2601 3332 2670 pati
3360 2609 3417 2656 et
3458 2616 3564 2656 non
3610 2601 3722 2665 uri,

2138 2683 2231 2752 qui
2277 2686 2505 2740 m'retur
2543 2686 2790 2758 fragilem
2817 2690 3099 2745 materiam
3120 2692 3425 2747 admirabili
3448 2692 3588 2763 igne,
3619 2707 3728 2748 nec

2140 2778 2413 2833 modicum
2453 2780 2598 2836 nulla
2639 2782 2689 2836 ei
2725 2781 2900 2839 dando
2926 2784 3180 2839 alimenta
3223 2785 3335 2857 pati
3363 2784 3725 2854 dispendium,

2139 2869 2222 2924 vel
2248 2871 2427 2941 potius
2481 2871 2607 2927 inde
2638 2888 2770 2928 voce
2810 2875 3006 2930 emissa
3043 2890 3102 2931 se
3148 2890 3216 2930 ex
3266 2874 3484 2930 nomine
3514 2875 3725 2953 vocari,

2138 2968 2195 3014 et
2221 2962 2447 3031 mystica
2468 2963 2572 3017 siLi
2599 2979 2797 3035 praeco,
2823 2973 2873 3019 ta
2897 2974 2953 3020 et
2976 2981 3128 3035 spem
3155 2966 3449 3021 liberanda
3473 2966 3650 3036 gentis
3669 2974 3727 3021 et

2140 3051 2498 3119 adipiscenda:
2526 3063 2762 3126 paterna:
2805 3057 3182 3126 promissionis
3226 3056 3495 3127 dari;qui
3538 3059 3726 3113 obstu-

448 3143 782 3199 adorationis
802 3142 1092 3211 quamdam
1112 3142 1197 3195 vel
1220 3140 1391 3195 levem
1409 3140 1603 3198 fecisse
1620 3139 1863 3195 noscitur
1884 3155 2035 3195 men-
2058 3115 2106 3178 θ
2136 3148 2322 3210 pescat
2345 3156 2457 3197 sua:
2502 3143 2667 3215 virga:
2705 3146 2937 3216 rigorem
3000 3147 3054 3201 in
3096 3146 3373 3201 sinuosum
3403 3115 3726 3201 conversum

449 3234 673 3288 tionem.
706 3231 798 3286 Ait
816 3233 992 3287 enim:
1021 3229 1159 3284 Ecce
1179 3248 1316 3286 nunc
1337 3240 1537 3302 tempus
1559 3229 1892 3301 acceptabile,
1919 3245 2035 3285 ecce

450 3341 589 3381 nunc
614 3324 724 3378 dies
770 3322 988 3378 salutis:
1015 3323 1208 3379 nemini
1247 3322 1428 3377 dantes
1470 3320 1632 3376 ullam
1674 3323 2033 3391 offensionem,

449 3426 504 3470 ut
532 3432 637 3470 non
673 3416 991 3487 vituperetur
1014 3413 1359 3467 ministerium
1382 3423 1638 3477 nostrum,
1666 3414 1758 3468 sed
1778 3414 1833 3469 in
1870 3415 2038 3469 omni-

449 3508 543 3563 bus
568 3505 903 3561 exhibeamus
948 3504 1288 3575 nosmetipsos
1324 3506 1457 3559 sicut
1503 3504 1601 3558 Dei
1637 3505 1924 3570 ministros,
1980 3507 2036 3561 in

449 3593 614 3649 multa
654 3594 930 3665 patientia,
967 3593 1024 3647 in
1074 3591 1515 3655 tribulationibus,
1553 3592 2034 3660 innecessizatibus,

449 3691 503 3743 in
524 3688 800 3760 angustiis,
826 3687 881 3741 in
898 3685 1090 3758 plagis,
1114 3686 1170 3740 in
1185 3683 1499 3750 carceribus,
1528 3687 1584 3743 in
1597 3687 1953 3754 seditionibus,
1980 3689 2037 3744 in

448 3778 734 3843 laboribus,
758 3779 813 3832 in
837 3776 1046 3849 vigiliis,
1074 3777 1131 3831 in
1145 3777 1393 3848 jejuniis,
1424 3778 1479 3831 in
1498 3779 1760 3843 castitate,
1789 3779 1845 3831 in
1869 3781 2038 3834 scien—

447 3875 541 3939 tia,
570 3876 626 3930 in
650 3873 1061 3945 longanimitate,
1112 3872 1165 3925 in
1194 3872 1469 3938 suavitate,
1506 3872 1560 3926 in
1580 3870 1788 3943 'Spiritu
1832 3883 2034 3939 sancto,

448 3969 502 4022 in
519 3970 774 4026 charitate
789 3988 893 4025 non
919 3970 1064 4043 ﬁcta,
1097 3971 1153 4028 in
1182 3969 1332 4025 verbo
1354 3969 1608 4037 veritatis,
1630 3969 1686 4022 in
1708 3969 1893 4023 virtute
1916 3968 2034 4035 Dei,

448 4076 539 4130 per
562 4077 711 4116 arma
728 4061 955 4130 justitio:
986 4078 1017 4116 τι
1040 4060 1235 4116 dextris
1269 4069 1316 4125 et
1340 4077 1371 4117 a
1393 4061 1641 4122 sinistris,
1689 4077 1783 4132 per
1812 4059 2036 4131 gloriam

448 4159 496 4202 et
516 4148 912 4220 ignobilitatem,
936 4166 1029 4221 per
1049 4149 1323 4220 infamiam
1343 4158 1389 4203 et
1413 4149 1602 4203 bonam
1623 4150 1841 4220 famam,
1870 4158 1926 4203 ut
1950 4166 2035 4204 sc-

449 4237 709 4303 dnctores,
758 4249 807 4293 et
861 4256 1066 4294 veraces
1103 4255 1121 4293 :
1162 4241 1295 4293 sicut
1321 4241 1504 4311 ignoti,
1535 4248 1583 4294 et
1613 4241 1838 4311 cogniti:
1884 4242 2038 4312 quasi

450 4330 745 4396 morientes,
769 4340 815 4383 et
831 4347 945 4384 ecce
980 4331 1195 4384 vivimus
1221 4346 1239 4384 :
1266 4340 1322 4384 ut
1358 4330 1616 4401 castigati,
1654 4338 1704 4384 et
1733 4347 1836 4384 non
1854 4321 2036 4386 mortié

2134 3246 2255 3288 esse
2274 3232 2563 3290 draconem
2577 3277 2592 3302 ,
2616 3252 2768 3306 enjus
2792 3238 3257 3293 administratione
3272 3235 3514 3293 Nilicolas
3536 3237 3725 3294 decem

2133 3325 2457 3398 prodigiosis
2503 3326 2766 3384 feriantur
2806 3330 3009 3401 plagis,
3067 3330 3160 3400 qui
3214 3327 3485 3400 Egyptiis
3531 3330 3726 3399 opibus

2136 3418 2320 3474 ditatis
2355 3420 2560 3486 cuneis,
2582 3427 2638 3475 et
2666 3433 2945 3491 aequoreos
2969 3419 3159 3476 ﬂuetus
3194 3421 3332 3490 pede
3353 3420 3500 3475 sicco
3545 3428 3727 3475 trans-

2137 3511 2472 3578 meantibus,
2519 3512 2630 3567 dux
2672 3511 2788 3565 ﬁeri
2824 3511 3028 3577 valeat;
3061 3512 3153 3581 qui
3193 3525 3408 3565 amaras
3438 3521 3604 3579 aquas
3664 3505 3721 3560 in

2135 3602 2348 3658 dulcem
2378 3612 2658 3660 convertat
2705 3620 2985 3675 saporem,
3013 3614 3069 3659 et
3090 3603 3328 3674 jejunum
3359 3604 3567 3659 silicem
3610 3600 3723 3657 ictu

2139 3694 2303 3764 virgae
2335 3692 2629 3749 undiﬁuum
2656 3703 2809 3767 cogat
2853 3710 3102 3751 evomere
3154 3695 3457 3767 liquorem;
3502 3691 3593 3762 qui
3621 3705 3724 3745 ex-

2137 3783 2382 3838 tensione
2406 3800 2660 3839 manuum
2707 3786 2927 3841 hostiles
2950 3786 3212 3840 tumultus
3236 3786 3377 3840 vinci
3400 3782 3721 3853 compellat,

2137 3881 2192 3927 et
2213 3889 2339 3929 suos
2358 3874 2585 3929 victoria
2626 3875 2789 3945 potiri
2827 3878 3126 3942 concedat;
3161 3876 3253 3945 qui
3288 3877 3430 3931 inter
3458 3873 3723 3929 terriﬁcos

2138 3964 2389 4018 tubamm
2432 3964 2707 4036 strepitus,
2757 3973 2812 4020 et
2858 3965 3143 4020 fulminum
3182 3965 3615 4029 coruscationes,
3664 3971 3723 4017 et

2136 4056 2297 4111 nubis
2343 4057 2677 4113 densissima:
2707 4057 3200 4124 obumbrationem,
3236 4064 3291 4112 et
3338 4056 3720 4126 crepitantium

2137 4146 2341 4218 ignium
2386 4161 2546 4217 rogos
2592 4147 2880 4202 exterritus
2930 4156 2985 4202 et
3038 4146 3423 4202 tremebundus
3481 4153 3721 4200 montem

2095 4308 2104 4319 ο
2137 4238 2483 4301 conscendat,
2510 4236 2681 4308 legem
2721 4238 2978 4307 accipiat,
3005 4245 3059 4292 et
3086 4237 3228 4294 inter
3266 4238 3438 4294 Deum
3467 4246 3523 4294 et
3547 4237 3724 4292 homi-

2137 4343 2235 4383 nes
2257 4343 2419 4383 verus
2458 4328 2722 4399 interpres
2743 4344 2772 4383 a
2799 4328 3026 4385 Domino
3069 4328 3403 4401 promulgata
3449 4336 3721 4399 νεωτέρω

450 4421 630 4489 ﬁcati:
661 4422 813 4492 quasi
855 4423 1048 4487 tristes,
1087 4438 1287 4493 semper
1333 4434 1507 4479 autem
1539 4422 1854 4492 gaudentes:
1898 4424 2033 4477 sicut
2064 4461 2120 4523 Β
2140 4421 2351 4490 populis
2371 4421 2703 4476 observanda
2728 4421 3059 4476 demonstret
3080 4423 3202 4491 ;qui
3228 4421 3521 4476 secundum
3537 4434 3723 4474 exem—

451 4522 674 4582 egentes,
706 4511 898 4565 multos
952 4523 1127 4567 autem
1156 4512 1565 4585 locupletantes:
1612 4524 1862 4584 tanquam
1909 4514 2040 4569 nihil

452 4601 717 4665 habentes,
740 4611 788 4654 et
812 4604 987 4656 omnia
1012 4604 1434 4677 possidentes(ll
1447 4604 1570 4659 Cor.
1597 4605 1695 4675 vt).
1726 4606 1784 4660 in
1804 4621 1911 4677 quo
1931 4608 2043 4662 vir—

454 4699 630 4747 tutum
676 4694 941 4763 catalogo,
978 4703 1038 4750 ut
1090 4696 1300 4766 praefati
1346 4713 1552 4764 sumus,
1600 4698 1740 4753 idem
1795 4701 2041 4770 egregius

453 4786 776 4856 przedicator
795 4787 1085 4858 imaginum
1112 4789 1477 4843 adorationem
1504 4789 1783 4854 insereret,
1824 4790 1869 4844 si
1902 4791 2042 4846 hanc

454 4880 646 4936 harum
671 4880 872 4937 sociam
897 4871 1256 4951 Ecclesircque
1288 4880 1584 4955 proﬁcuum
1619 4897 1739 4937 esse
1786 4882 2042 4937 decerne—

453 4978 557 5032 ret,
607 4985 769 5040 quam
806 4970 1153 5029 dinumerare
1197 4972 1319 5028 ideo
1367 4971 1579 5030 distulit
1614 4973 1738 5044 quia
1768 4974 1907 5029 hanc
1938 4973 2041 5030 uti-

454 5061 561 5116 lem
590 5061 812 5117 minime
842 5078 965 5123 esse
983 5063 1272 5135 persensit.

1021 5193 1251 5251 CAPUT
1282 5195 1471 5251 XXVI.

457 5279 611 5348 Quod
651 5298 755 5338 non
775 5285 923 5358 porgi
951 5285 1019 5358 sit
1047 5286 1241 5358 erroris
1263 5285 1595 5356 manufactas
1617 5287 1871 5358 imagines
1899 5304 2040 5344 arca:

521 5353 819 5425 testamenti
863 5353 1077 5410 Domini
1128 5371 1398 5425 coa'quare
1425 5353 1630 5423 conari,
1670 5353 1834 5417 utvilli
1865 5359 1920 5414 in
1939 5375 2038 5418 sua

521 5423 722 5491 synodo
750 5422 923 5493 facere
949 5425 1122 5479 conati
1150 5422 1291 5478 sunt.

524 5508 729 5581 Magna:
771 5513 1119 5569 absurditatis
1150 5513 1258 5570 imo
1285 5514 1607 5587 temeritatis
1648 5524 1733 5576 est
1775 5532 1915 5574 arcte
1960 5526 2040 5574 te-

458 5604 712 5659 stamenti
738 5604 949 5660 Domini
976 5604 1242 5675 imagines
1270 5622 1551 5680 coaequare
1584 5600 1791 5674 conari,
1813 5625 1933 5665 cum
1959 5616 2040 5665 tot

460 5695 838 5764 mysteriorum
869 5696 1083 5753 indiciis
1113 5698 1183 5754 ab
1230 5699 1319 5754 illa
1355 5708 1652 5757 noscantur
1676 5700 1936 5771 dill’crrc;
1984 5712 2040 5758 et

2142 4513 2260 4581 plar
2282 4512 2426 4582 quod
2467 4512 2518 4566 ei
2546 4512 2600 4567 in
2622 4520 2804 4567 monte
2820 4520 3189 4568 monstratum
3247 4512 3431 4576 fuerit,
3465 4512 3720 4566 taberna-

2140 4603 2321 4658 culum
2387 4601 2567 4668 faciat,
2628 4603 2771 4672 quod
2816 4618 2940 4657 cum
2987 4601 3263 4673 ingressus
3320 4600 3484 4657 fuerit
3547 4602 3720 4673 gioris

2140 4695 2351 4750 Domini
2399 4694 2648 4765 aperiat;
2704 4694 2796 4764 qui
2842 4694 2912 4749 sit
2959 4694 3281 4749 mitissimus
3328 4707 3496 4764 super
3528 4707 3723 4749 omnes

2114 4786 2228 4856 _qui
2255 4793 2534 4845 morantur
2553 4786 2605 4839 in
2629 4794 2790 4849 terra,
2821 4785 2889 4838 ad
2908 4800 3067 4854 quem
3091 4785 3342 4855 loquatur
3383 4785 3524 4839 Deus
3580 4781 3721 4837 fsch

2139 4877 2208 4932 ad
2230 4876 2442 4941 faciem,
2482 4875 2624 4931 sicut
2651 4875 2796 4945 loqui
2826 4872 2962 4930 solet
2988 4876 3153 4930 homo
3174 4876 3244 4931 ad
3263 4874 3497 4930 amicum
3520 4886 3682 4928 suum
3700 4914 3717 4937 ,

2137 4971 2228 5039 qui
2252 4969 2418 5024 donec
2440 4968 2521 5024 sol
2548 4977 2741 5038 quater
2784 4966 2966 5023 decies
2989 4974 3165 5022 ortum
3195 4976 3555 5036 occasumque
3589 4978 3722 5035 per-

2138 5062 2301 5126 ﬁciat,
2333 5061 2481 5116 omni
2502 5060 2624 5117 cibo
2644 5059 2858 5135 penitus
2880 5069 3119 5128 potuq-te
3136 5064 3341 5124 careat,
3374 5054 3524 5124 cujus
3546 5053 3719 5110 facies

2144 5155 2315 5208 nimio
2354 5151 2641 5222 splendore
2667 5150 2757 5205 vix
2807 5150 3004 5204 intueri
3047 5155 3251 5219 queat;
3289 5147 3383 5216 qui
3417 5146 3720 5203 deduohu

2138 5245 2355 5317 regibus
2409 5242 2727 5299 mirabiliter
2773 5242 3084 5313 triumphet,
3141 5241 3233 5313 qui
3269 5248 3464 5311 quater
3490 5239 3717 5295 tricenis

2136 5353 2402 5394 annorum
2426 5336 2675 5393 cursibus
2697 5335 2962 5404 exemptis
2978 5349 3077 5389 nec
3099 5334 3379 5390 oculorum
3404 5332 3716 5404 caliginem,

2140 5446 2239 5488 nec
2264 5430 2503 5487 dentium
2551 5427 2844 5484 motionem
2874 5426 3142 5496 patiatur;
3175 5428 3266 5503 qui
3299 5424 3548 5483 faciatcx
3582 5442 3721 5496 qua-

2140 5522 2270 5578 libet
2300 5518 2530 5575 materia
2575 5517 2863 5587 imaginem
2894 5530 3016 5589 quae
3040 5523 3122 5572 tot
3153 5515 3415 5573 redundet
3440 5515 3720 5586 mysteriis

2139 5618 2195 5667 et
2233 5609 2491 5664 exuberet
2521 5605 2897 5670 sacramentis,
2947 5613 3009 5661 ut
3054 5605 3109 5660 in
3135 5603 3251 5675 ejus
3292 5603 3580 5675 superﬁcie
3608 5612 3723 5660 tre-

2142 5701 2333 5757 menda
2382 5698 2674 5754 audiantur
2707 5695 2967 5767 oracula;
3021 5704 3148 5755 ante
3186 5695 3340 5768 cujus
3368 5703 3719 5768 conspectu
