4070 6186
350 305 508 366 1093’

1161 299 1338 359 LIBRI
1377 300 1721 358 CAROLINI.
1765 331 1832 340 —
1867 294 2088 357 CAPIT.
2134 301 2219 356 DE
2254 300 2444 356 lMAG.
2485 329 2552 340 ——-
2593 297 2718 353 LIB.
2764 298 2824 351 ll.

3478 303 3496 354 l
3507 304 3612 359 09ιὶ

343 426 553 483 hostica
586 431 794 476 terrore
838 418 1152 488 quatiantur
1201 418 1516 487 agmina,et
1561 431 1657 484 per
1691 413 1924 468 medium
1957 417 2003 474 Α
2031 413 2218 476 siunis,
2279 420 2333 464 et
2370 411 2438 465 ab
2483 409 2669 464 inferis
2715 408 3153 469 resurrectionis,
3203 423 3416 464 necnon
3452 421 3510 465 et
3559 413 3612 468 in

343 516 430 571 sui
448 521 691 568 arentem
727 517 986 580 prmstent
1029 510 1431 563 transeuntibus
1457 507 1727 561 tramitem
1751 504 1928 558 ﬂuuii-

345 622 436 670 na,
463 614 517 659 et
567 603 804 668 antiqua:
851 599 1000 654 urbis
1057 599 1110 652 in
1156 608 1430 654 momento
1459 598 1699 652 funditus
1741 611 1928 650 eversa

342 695 680 766 pugnacibus
724 692 1023 760 legionibus
1065 691 1365 760 ingressum
1394 689 1629 758 undique
1654 688 1930 758 prtebeant

350 786 566 844 muenia,
596 799 716 853 quze
752 790 976 836 vocetur
1018 780 1312 836 scabellum
1351 779 1544 848 pedum
1573 777 1665 831 Dei
1712 777 1880 830 nostri
1909 792 1924 841 ;

349 877 419 930 ad
446 874 600 942 cujus
647 873 926 927 introitum
949 871 1210 940 pavendis
1249 870 1482 924 hostium
1506 869 1656 939 regio
1707 867 1931 923 feriatur

349 965 602 1038 ﬂagellis,
652 980 815 1034 quam
873 963 1149 1017 indomitte
1199 971 1387 1016 contra
1449 968 1697 1014 naturam
1753 975 1931 1014 vacca:

350 1057 534 1112 vitulis
578 1064 702 1124 post
759 1063 910 1124 terga
960 1039 1166 1107 relictis
1223 1051 1292 1105 ad
1336 1051 1684 1105 lsraeliticam
1731 1058 1931 1104 terram

351 1146 577 1217 plaustri
609 1145 730 1198 novi
755 1143 1053 1214 gestamine
1077 1144 1314 1206 trahant,
1346 1141 1411 1196 ad
1436 1139 1588 1209 cujus
1626 1157 1932 1212 regressum

353 1236 631 1306 stupendis
662 1233 925 1302 indigeam
953 1243 1259 1288 terreantur
1311 1233 1603 1297 miraculis,
1647 1241 1934 1303 antequam

352 1325 600 1394 egregius
621 1323 882 1392 propheta
911 1330 966 1376 et
993 1337 1087 1375 rex
1109 1320 1369 1375 infulatus
1393 1336 1586 1391 magna
1610 1336 1734 1375 eum
1755 1321 1936 1375 exsul-

355 1418 558 1472 tatione
583 1415 766 1468 ludere
807 1428 915 1468 non
945 1413 1252 1474 erubescat,
1276 1419 1331 1466 et
1359 1427 1478 1466 eam
1525 1411 1590 1465 ad
1621 1411 1796 1466 locum
1844 1411 1938 1466 de-

353 1508 614 1563 stinatum
640 1506 694 1558 in
716 1503 934 1557 musicis
967 1503 1320 1557 concentibus
1352 1503 1783 1572 hymnorumque
1810 1518 1936 1556 sua-

353 1598 558 1654 visonis
618 1594 1069 1650 modulaminibus
1125 1593 1467 1647 introducat:
1527 1607 1646 1660 ηιιίθ
1709 1593 1836 1646 dum
1885 1600 1941 1646 et

356 1693 470 1746 suis
488 1699 544 1745 et
567 1686 777 1756 opiﬁcis
798 1693 877 1738 tot
912 1685 1189 1754 signorum
1225 1685 1509 1737 emicuerit
1545 1682 1933 1751 prmrogativis,

2027 504 2192 558 caelos
2263 503 2662 574 gloriosissima:
2718 501 3074 564 ascensionis,
3111 510 3167 556 et
3227 502 3343 556 luec
3386 504 3613 570 perferri

2026 611 2125 666 per
2149 611 2339 648 manus
2397 595 2574 665 angeli
2629 595 2682 648 in
2713 594 2944 648 sublime
2994 594 3167 648 altare
3199 594 3294 648 Dei
3322 603 3381 650 et
3404 595 3458 650 in
3484 611 3614 651 con-

2029 693 2269 754 spectum
2297 683 2595 752 majestatis
2636 684 2891 753 deposcat
2935 699 2950 737 :
2997 685 3174 754 pictor
3193 700 3322 740 vero
3364 687 3615 755 patrandi

2028 774 2208 844 operis
2251 775 2365 829 loca
2391 789 2626 845 congrua
2669 785 2948 844 appetens,
2994 775 3045 828 in
3074 776 3264 830 harum
3291 777 3616 834 formatione

2031 867 2272 920 colorum
2325 873 2532 919 tantum
2563 873 2901 920 venustatem
2952 872 3006 918 et
3042 867 3224 936 Operis
3272 869 3617 936 supplemen-

2031 965 2147 1010 tum
2171 963 2395 1024 qmerat.
2434 955 2668 1009 Nimium
2719 955 2884 1024 igitur
2909 956 3244 1025 nimiumque
3271 973 3301 1011 a
3350 959 3618 1023 veritatis,

2034 1049 2258 1102 rationis
2293 1056 2347 1101 et
2369 1047 2709 1101 discretionis
2733 1047 2948 1101 tramite
2974 1048 3159 1112 distat,
3188 1049 3280 1117 qui
3320 1049 3537 1118 corpori
3559 1059 3616 1104 et

2034 1140 2280 1209 sanguini
2330 1139 2610 1194 Dominico
2664 1139 2925 1208 imagines
2975 1140 3312 1208 :eqniparare
3363 1149 3613 1196 conatur.

2033 1230 2169 1284 Nam
2202 1229 2592 1285 Melchisedech
2629 1244 2722 1283 rex
2757 1228 2956 1293 Salem,
2985 1231 3235 1284 sacerdos
3275 1230 3370 1284 Dei
3399 1234 3619 1299 summi,
3652 1235 3661 1244 '

2037 1324 2089 1376 in
2115 1330 2242 1392 typo
2279 1321 2544 1375 Dominici
2586 1321 2832 1389 corporis
2858 1327 2913 1375 et
2959 1321 3256 1389 sanguinis,
3286 1337 3396 1375 non
3431 1322 3621 1394 imagi-

2036 1425 2161 1463 nem
2200 1410 2511 1478 quamdam,
2544 1410 2637 1462 sed
2667 1423 2860 1478 panem
2896 1417 2950 1462 et
3003 1410 3188 1462 vinum
3215 1410 3413 1479 legitur
3461 1413 3624 1466 obtu-

2040 1503 2184 1557 lisse.
2228 1501 2361 1555 Nam
2407 1510 2462 1556 et
2491 1501 2724 1555 Mosaico
2752 1514 2847 1554 ore
2893 1501 2946 1554 in
2990 1503 3425 1571 prmtiguratione
3452 1505 3623 1558 nostri

2040 1592 2430 1661 Redemptoris,
2496 1590 2648 1659 cujus
2698 1606 2915 1644 carnem
2964 1591 3016 1643 in
3074 1592 3446 1646 remissionem
3501 1608 3625 1662 pee-

2040 1693 2284 1739 catorum
2335 1683 2599 1738 sumimus
2628 1691 2723 1746 ,et
2781 1683 3058 1752 sanguinis
3110 1685 3370 1740 tinctione
3435 1701 3627 1756 percu-

359 1795 466 1836 non
493 1779 762 1834 immerito
803 1792 945 1832 arcae
993 1775 1303 1830 testamenti
1355 1775 1564 1828 Domini
1605 1775 1802 1844 poterit
1850 1789 1941 1828 co-
1974 1765 2017 1824 Β
2045 1776 2232 1830 tientis
2257 1775 2433 1845 angeli
2481 1776 2740 1844 impetum
2771 1775 3070 1839 evadimus,
3133 1792 3305 1846 agnus
3346 1792 3444 1846 per
3470 1777 3628 1832 fami-

357 1870 579 1940 :cquari.
604 1869 739 1924 Cum
766 1883 895 1938 ergo
920 1882 1020 1922 nec
1055 1865 1188 1920 tanti
1223 1866 1402 1919 meriti
1427 1864 1628 1934 epifex,
1655 1879 1753 1918 nec
1777 1873 1939 1917 tante

358 1961 542 2032 gloria:
561 1957 834 2028 opificium
870 1955 1110 2025 reperire
1136 1954 1419 2018 valuerint,
1443 1962 1610 2008 restat
1634 1961 1694 2005 ut
1721 1951 1939 2022 legisla-

359 2061 533 2105 torem
559 2057 758 2102 nostra:
781 2047 957 2100 aetatis
991 2045 1318 2107 hominibus,
1335 2052 1390 2097 et
1420 2058 1600 2096 arcam
1633 2041 1940 2096 testamenti

365 2139 579 2196 Domini
609 2137 932 2192 manufactis
959 2135 1285 2206 imaginibus
1312 2133 1487 2188 modis
1525 2133 1778 2188 omnibus
1798 2140 1944 2186 ante-

360 2239 601 2303 ponant;
631 2245 730 2284 nec
775 2244 862 2284 res
883 2237 991 2282 tam
1035 2228 1169 2282 viles
1205 2237 1421 2296 tamque
1449 2225 1719 2296 mysteriis
1770 2225 1944 2279 nudas

363 2324 440 2378 rei
479 2330 588 2376 tam
618 2321 833 2376 sublimi
870 2322 1055 2390 totque
1098 2321 1478 2390 mysteriorum
1520 2319 1817 2388 insignibus
1850 2335 1945 2372 ex-

364 2413 612 2468 uberanti
649 2412 986 2480 aequiparare
1025 2418 1308 2465 conentur.
1338 2408 1470 2462 Nam
1515 2408 1582 2470 si,
1615 2415 1671 2461 ut
1709 2407 1783 2460 illi
1815 2406 1946 2460 deli-

341 2502 506 2569 rant,
541 2504 806 2573 imagines
855 2518 997 2557 arca:
1035 2501 1341 2556 testamenti
1386 2501 1598 2555 Domini
1655 2499 1944 2553 assimilari

361 2604 586 2666 queunt,
648 2611 867 2652 necesse
907 2605 992 2651 est
1021 2605 1081 2651 ut
1108 2595 1361 2665 quiddam
1395 2595 1466 2647 sit
1496 2594 1642 2648 circa
1668 2607 1760 2646 eas
1803 2593 1947 2660 quod

361 2685 733 2755 propitiatorio
783 2685 1068 2740 assimilari
1098 2693 1303 2754 queat,
1337 2697 1553 2738 necesse
1582 2690 1666 2737 est
1713 2690 1773 2735 ut
1829 2696 1946 2734 me-

365 2776 562 2830 tuenda
591 2777 713 2832 inde
735 2777 953 2831 oracula
979 2777 1192 2831 dentur.
1212 2775 1327 2830 Non
1353 2784 1532 2829 autem
1563 2774 1682 2828 inde
1703 2772 1948 2841 quaedam

362 2867 583 2922 oracula
615 2869 852 2922 dantur:
892 2881 998 2921 non
1033 2867 1215 2936 igitur,
1261 2873 1322 2920 ut
1365 2865 1441 2919 illi
1481 2865 1771 2933 desipiunt,
1817 2863 1951 2916 ima-

364 2960 516 3030 gines
540 2974 680 3015 arar
706 2961 1010 3016 testamenti
1039 2960 1248 3015 Domini
1272 2958 1559 3014 assimilari
1582 2965 1805 3026 queunt.

927 3049 1157 3106 CAPUT
1178 3050 1388 3104 XXVII.

368 3118 521 3185 Quod
555 3137 760 3190 magna:
797 3123 864 3175 sit
893 3119 1198 3175 temeritatis
1233 3121 1554 3191 ingentisque
1607 3119 1949 3191 absurditgtis
1978 3108 2024 3169 C

436 3207 571 3260 sirpe
606 3188 924 3246 memoratas
953 3192 1206 3261 imagines
1252 3188 1455 3261 corpori
1469 3188 1522 3243 et
1565 3191 1811 3261 sanguini
1835 3188 1948 3261 Do-

437 3259 627 3313 minico
659 3262 983 3331 a'qitiparai'e
1023 3259 1176 3331 velle,
1233 3261 1368 3314 sicut
1395 3260 1449 3314 in
1496 3260 1677 3315 eadem
1726 3259 1952 3314 vanitate

435 3346 553 3397 qum
579 3347 673 3399 pro
695 3329 802 3382 illis
834 3332 1026 3399 scripta
1059 3339 1133 3382 est
1161 3329 1367 3400 legitur.

439 3419 571 3474 Cum
601 3420 858 3474 Dominus
889 3421 941 3474 in
982 3421 1270 3489 Evangelio
1303 3421 1486 3474 dicat:
1531 3419 1650 3473 Veri
1705 3419 1953 3472 adorato-

369 3527 448 3564 res
491 3511 783 3565 adorabunt
814 3510 1022 3566 Patrem
1049 3513 1104 3565 in
1130 3512 1314 3582 spiritu
1338 3521 1385 3564 et
1411 3513 1622 3565 veritate
1644 3510 1824 3581 (Joan.
1854 3508 1950 3578 ιν),

370 3603 630 3657 miramur
671 3619 857 3658 eorum
890 3604 1162 3658 vesaniam
1189 3603 1358 3672 quiin
1392 3602 1787 3656 adorandarnm
1814 3598 1955 3654 ima-

368 3693 553 3763 ginum
580 3701 783 3748 tantam
816 3707 1068 3747 exarsere
1109 3692 1440 3753 socordiam,
1475 3698 1532 3744 ut
1558 3705 1682 3745 cum
1729 3705 1825 3744 eas
1854 3703 1955 3743 nec

370 3787 621 3856 spiritum
671 3802 769 3840 nec
817 3786 1101 3839 veritatem
1149 3801 1269 3839 esse
1324 3791 1576 3848 constet,
1622 3798 1728 3836 non
1777 3781 1952 3836 solum

369 3875 622 3938 adorare,
670 3877 763 3929 sed
789 3877 950 3930 etiam
1000 3877 1211 3944 corpori
1269 3884 1323 3930 et
1373 3874 1620 3946 sanguini
1673 3873 1954 3929 Dominico

369 3971 705 4038 mquiparare
739 3984 830 4023 eas
856 3977 1184 4038 praesumant
1204 3969 1481 4024 dicentes:
1531 3986 1548 4017 ε
1581 3964 1735 4021 Sicut
1760 3982 1954 4035 corpus

374 4060 710 4114 Dominicum
733 4068 786 4117 et
831 4059 1050 4129 sanguis
1095 4074 1125 4112 a
1163 4057 1425 4113 fructibus
1458 4065 1617 4111 terrae
1649 4058 1716 4111 ad
1742 4056 1953 4124 insigne

375 4153 692 4222 mysterium
723 4153 935 4219 transit,
973 4153 1047 4206 ita
1089 4161 1143 4206 et
1188 4152 1448 4222 imagines
1497 4149 1763 4205 artificum
1803 4150 1958 4203 indu-

371 4241 503 4294 stria
527 4241 915 4312 compaginata:
948 4241 1016 4296 ad
1043 4257 1228 4296 earum
1254 4256 1608 4312 personarum
1636 4244 1689 4294 in
1723 4254 1954 4309 quarum

372 4332 778 4388 similitudinem
841 4335 1329 4405 compaginantur,
1389 4341 1666 4388 transeant
1728 4346 1955 4387 venera-

376 4424 594 4477 tionem.
634 4445 650 4476 ι
679 4424 813 4479 Cum
859 4427 1067 4481 scilicet
1110 4426 1356 4496 corporis
1389 4434 1444 4479 et
1471 4425 1748 4496 sanguinis
1771 4425 1954 4480 Domi—
1988 4459 2038 4519 υ

375 4516 484 4569 nici
531 4527 928 4573 sacramentum
983 4520 1049 4573 ad
1075 4519 1643 4573 commemorationem
1689 4533 1800 4572 suze
1834 4531 1960 4586 pas-

375 4605 546 4660 sionis
569 4616 622 4660 et
678 4618 877 4665 nostra:
927 4609 1117 4664 salutis
1146 4610 1301 4664 nobis
1329 4624 1646 4680 concessum
1677 4609 1744 4661 ab
1769 4606 1958 4663 eodem

379 4697 679 4753 mediatore
717 4699 812 4753 Dei
839 4709 895 4754 et
935 4692 1212 4754 hominum
1240 4742 1255 4765 ,
1295 4715 1392 4770 per
1416 4715 1633 4754 manum
1665 4698 1961 4754 sacerdotis

374 4795 429 4841 et
456 4787 849 4844 invocationem
877 4791 1041 4846 divini
1083 4791 1318 4846 nominis
1339 4791 1676 4858 conficiatur,
1703 4793 1962 4860 imagines

379 4889 508 4927 vero
557 4877 754 4932 nullius
789 4894 981 4933 manus
1022 4880 1381 4948 impositionis
1407 4881 1489 4934 vel
1539 4880 1963 4935 consecrationis

375 4967 631 5036 mysterio
676 4968 1000 5038 indigentes,
1053 4986 1159 5024 non
1194 4973 1261 5024 ab
1311 4971 1433 5025 aliis
1479 4971 1583 5024 nisi
1623 4972 1691 5025 ab
1739 4971 1824 5025 his
1871 4971 1963 5039 qui

374 5057 615 5126 pictorize
638 5059 772 5112 artis
800 5061 1133 5129 experientia
1165 5062 1356 5116 imbuti
1380 5070 1504 5121 sunt
1531 5061 1963 5116 etconliciendo—

375 5166 495 5204 rum
517 5150 760 5204 colorum
798 5152 1049 5220 peritiam
1079 5153 1299 5214 habent,
1327 5152 1408 5206 vel
1438 5154 1506 5207 ab
1547 5153 1631 5207 his
1671 5152 1763 5223 qui
1791 5151 1963 5206 fabri-

375 5241 440 5295 lis
469 5241 548 5295 vel
573 5241 845 5297 caelaturte
901 5241 985 5296 vel
1016 5251 1179 5299 certae
1225 5243 1452 5313 alicujus
1504 5244 1640 5298 artis
1689 5253 1965 5313 comperta

377 5333 716 5389 institutione
737 5343 790 5389 et
813 5335 1030 5405 cognita
1057 5335 1109 5390 vi
1133 5336 1377 5391 materia:
1408 5337 1588 5390 vultus
1614 5344 1962 5404 componunt,

374 5421 594 5478 formari
644 5431 699 5479 et
741 5425 1110 5496 compaginari
1144 5434 1458 5481 noscantur.
1493 5425 1560 5480 Et
1606 5425 1863 5480 nimirum
1897 5425 1965 5480 ad

377 5530 571 5570 norum
597 5518 1059 5572 consecrationem
1101 5519 1358 5573 sacerdos
1397 5517 1685 5584 infulatus,
1733 5517 1966 5572 circum-

379 5607 573 5662 stantis
610 5607 789 5678 populi
814 5609 1222 5678 deprecationes
1267 5608 1382 5664 suis
1425 5609 1677 5680 precibus
1706 5609 1960 5676 miscens,

301 5739 341 5772 κ
377 5713 502 5755 eum
525 5698 737 5757 interno
767 5699 947 5770 rugitu
971 5699 1289 5756 memoriam
1321 5699 1482 5756 faciat
1515 5701 1811 5758 Dominica:
1841 5716 1963 5770 pas-

2043 1867 2140 1921 lias
2169 1867 2377 1922 comedi
2397 1864 2638 1933 jubetur,
2669 1874 2722 1918 et
2746 1864 3093 1919 colendarum
3121 1865 3203 1919 vel
3231 1865 3627 1920 adorandarum

2043 1957 2335 2028 imaginum
2381 1972 2512 2011 usus
2558 1956 2780 2012 omnino
2811 1956 3114 2010 abdicatur.
3172 1956 3630 2028 Psalmographus

2042 2062 2253 2117 quoque
2278 2055 2333 2101 et
2369 2061 2562 2115 panem
2621 2045 2954 2112 angelorum,
3019 2045 3297 2100 Christum
3353 2046 3622 2111 videlicet,

2043 2141 2110 2195 ab
2133 2139 2440 2194 hominibus
2479 2137 2932 2202 manducandum,
2957 2147 3012 2191 et
3051 2137 3348 2206 imaginum
3379 2136 3628 2191 condito-

2043 2247 2131 2286 res
2153 2231 2356 2287 similes
2390 2231 2476 2286 his
2520 2245 2639 2298 qua:
2672 2229 2982 2284 conduntur
3007 2229 3332 2297 imaginibus
3360 2229 3476 2283 fieri
3503 2245 3628 2284 sua-

2045 2325 2232 2378 visona
2268 2323 2632 2378 modulatione
2675 2322 2933 2376 cantavit.
2987 2321 3106 2391 lpsc
3156 2337 3390 2391 namque
3441 2330 3631 2375 auctor

2046 2416 2265 2469 humani
2296 2413 2528 2482 generis,
2557 2413 2646 2481 qui
2668 2426 2768 2480 pro
2791 2411 2961 2465 salute
2988 2422 3173 2465 nostra
3209 2426 3432 2466 carnem
3455 2409 3629 2466 nostri

2047 2521 2210 2560 causa
2245 2520 2352 2558 non
2374 2512 2456 2558 est
2495 2503 2818 2573 dedignatus
2865 2501 3132 2570 accipere,
3167 2515 3288 2554 cum
3320 2509 3375 2554 et
3422 2499 3636 2554 Veteris

2051 2595 2381 2652 Testamenti
2454 2595 2744 2650 terminum
2811 2605 2865 2650 et
2930 2592 3101 2659 Novi,
3164 2593 3630 2665 appropinquante

2050 2705 2160 2745 suze
2191 2689 2571 2744 sacratis-simtu
2593 2687 2860 2758 passionis
2904 2686 3020 2750 die,
3069 2685 3404 2740 salutiferam
3435 2682 3638 2738 consti-

2052 2789 2227 2836 tueret
2259 2780 2491 2843 initium,
2541 2788 2595 2833 et
2638 2780 2691 2832 in
2719 2795 2776 2832 se
2805 2778 2980 2848 lapide
3007 2777 3251 2848 angulari
3286 2777 3420 2830 duos
3445 2791 3510 2830 ex
3537 2774 3636 2830 ad-

2051 2888 2207 2947 verso
2232 2873 2465 2941 parietes
2501 2881 2848 2935 connectens,
2875 2877 2928 2923 et
2988 2869 3283 2923 secundum
3311 2864 3630 2935 Apostolutn

2052 2961 2256 3018 faciens
2302 2969 2529 3032 utraque
2573 2977 2758 3024 unum,
2789 2969 3011 3029 accepto
3038 2974 3196 3029 pane,
3243 2958 3527 3012 henedicto
3571 2973 3637 3013 ac

2053 3057 2245 3122 fracto,
2306 3057 2410 3111 hoc
2462 3055 2698 3110 salutare
2746 3050 3024 3119 discipulis
3073 3049 3220 3104 dedit
3273 3056 3634 3118 praeceptum:

2053 3150 2304 3219 Accipite,
2334 3147 2527 3218 inquit,
2555 3155 2603 3200 et
2626 3144 2963 3205 manducate,
2993 3143 3090 3195 hoc
3129 3150 3203 3195 est
3222 3157 3410 3210 corpus
3434 3156 3639 3195 meum:

2049 3239 2291 3293 similiter
2318 3247 2366 3291 et
2397 3234 2611 3291 calicem
2649 3243 2924 3304 postquam
2953 3229 3168 3285 coenavit
3199 3229 3477 3298 accipiens,
3499 3228 3640 3283 dedit

2052 3328 2320 3400 discipulis
2347 3328 2456 3381 suis
2494 3326 2693 3387 dicens,
2732 3323 2962 3393 Accipite
2983 3329 3032 3374 et
3063 3319 3218 3373 bibite
3241 3335 3259 3372 :
3284 3319 3367 3372 hic
3401 3328 3478 3372 est
3504 3320 3641 3372 enim

2051 3418 2198 3473 calix
2221 3417 2493 3488 sanguinis
2515 3415 2615 3468 mei
2640 3412 2777 3466 Novi
2805 3421 2854 3465 et
2889 3411 3071 3464 (ειενηὶ
3097 3408 3409 3462 Testamenti
3433 3409 3521 3478 qui
3547 3424 3643 3478 pro

2051 3507 2192 3560 vobis
2213 3515 2259 3558 et
2282 3521 2374 3574 pro
2399 3502 2575 3556 multis
2601 3501 2902 3570 effundatur
2933 3501 2988 3552 in
3012 3499 3366 3551 remissionem
3396 3506 3638 3568 peccato-

2051 3610 2188 3647 rum.
2219 3593 2348 3647 Ilcec
2386 3593 2792 3662 quotiescunque
2819 3589 3066 3657 feceritis,
3092 3589 3146 3640 in
3184 3589 3286 3641 mei
3327 3590 3634 3643 memoriam

2052 3684 2256 3754 facietis
2313 3681 2365 3753 (1
2413 3681 2535 3736 Cor.
2567 3682 2666 3751 xi).
2699 3680 2834 3734 Cum
2865 3694 2995 3750 ergo
3046 3679 3202 3732 istius
3245 3679 3634 3734 evidentissimi

2052 3782 2108 3830 et
2137 3771 2472 3828 sacrosancti
2523 3771 2768 3842 mysterii
2825 3777 2880 3824 et
2931 3785 3030 3839 per
3064 3769 3275 3823 Veteris
3305 3769 3638 3825 Testamenti

2054 3861 2310 3931 mysticus
2337 3861 2536 3928 tiguras
2560 3899 2573 3922 ,
2605 3867 2660 3912 et
2685 3873 2782 3927 per
2817 3857 2951 3911 Novi
2977 3856 3371 3910 mstitutionem
3399 3856 3640 3911 salutife-

2054 3969 2174 4008 rum
2203 3962 2259 4008 et
2311 3952 2430 4006 luce
2467 3951 2666 4006 clarius
2725 3957 2910 4004 teneat
2947 3947 3186 4003 Ecclesia
3232 3948 3634 4012 documentum,

2055 4043 2452 4099 adorandarum
2481 4042 2776 4111 imaginum
2837 4039 2962 4094 huic
3009 4055 3117 4094 non
3173 4047 3256 4093 est
3283 4040 3644 4108 comqnandus

2056 4133 2506 4188 insolentissimus
2541 4147 2700 4194 usus,
2751 4131 2841 4201 qui
2891 4129 3272 4185 videlicctnon
3323 4129 3496 4183 solum
3527 4130 3645 4184 ﬂeri

2055 4245 2164 4284 non
2187 4227 2428 4297 jubetur,
2481 4243 2668 4282 verum
2698 4228 2863 4281 etiam
2907 4235 2963 4282 et
2991 4241 3088 4295 per
3129 4226 3378 4295 paginam
3431 4225 3642 4282 Veteris

2057 4319 2409 4374 lnstrumenti
2449 4319 2810 4383 interdicitur,
2841 4325 2896 4372 et
2927 4318 2982 4371 in
3008 4316 3142 4370 Novi
3170 4316 3308 4370 serie
3330 4315 3646 4373 Testamen-

2062 4413 2103 4466 ti
2135 4428 2241 4468 non
2292 4413 2464 4467 solum
2489 4428 2595 4467 non
2635 4410 2969 4473 conceditur,
3007 4425 3194 4462 verum
3240 4407 3405 4461 etiam
3460 4422 3641 4477 repre-

2061 4504 2333 4559 henditur.
2366 4502 2466 4569 Qui
2504 4501 2646 4556 enim
2677 4501 2812 4556 dixit
2836 4515 2851 4553 :
2876 4499 3012 4553 Caro
3048 4516 3162 4552 mea
3182 4516 3296 4553 vere
3322 4507 3396 4552 est
3424 4499 3568 4554 cibus
3593 4507 3642 4553 et

2059 4595 2270 4666 sanguis
2284 4611 2426 4648 meus
2450 4610 2563 4648 vere
2578 4601 2652 4646 est
2669 4601 2821 4662 potus
2837 4590 3018 4663 (Joan.
3036 4589 3132 4660 v1);
3151 4600 3204 4644 et
3221 4604 3234 4642 :
3257 4590 3346 4661 qui
3360 4590 3643 4644 manducat

2060 4702 2228 4738 meam
2263 4701 2471 4738 carnem
2500 4693 2546 4736 et
2572 4682 2693 4735 bibit
2726 4697 2896 4735 meum
2931 4683 3256 4751 sanguinem,
3281 4683 3334 4734 in
3361 4699 3441 4735 mc
3470 4690 3645 4735 manet

2061 4785 2106 4828 et
2130 4790 2222 4842 ego
2244 4774 2298 4825 in
2329 4770 2419 4824 illo
2450 4771 2660 4841 (Ibid),
2688 4788 2793 4824 non
2823 4771 2954 4825 dixit
2981 4785 2995 4823 :
3049 4770 3228 4840 Imago
3257 4787 3374 4825 mea
3416 4787 3540 4825 vere
3566 4779 3649 4824 est

2061 4866 2191 4928 vita,
2217 4872 2270 4918 et
2299 4864 2508 4932 pictura
2540 4862 2741 4915 nomini
2782 4876 2902 4915 meo
2929 4861 3162 4928 ascripta
3205 4875 3331 4916 vere
3353 4869 3436 4915 est
3477 4860 3642 4926 salus,

2063 4964 2119 5010 et
2189 4956 2280 5025 qui
2362 4953 2536 5024 pingit
2614 4968 2789 5006 meam
2847 4952 3274 5017 similitudinem,
3334 4961 3386 5006 et
3452 4953 3645 5006 adorat

2064 5065 2239 5104 meam
2276 5046 2563 5116 imaginem
2608 5041 2990 5105 mannfactam,
3051 5042 3105 5095 in
3129 5058 3214 5096 mc
3258 5050 3440 5096 manet
3464 5051 3518 5096 et
3547 5057 3646 5112 ego

2066 5143 2120 5196 in
2163 5140 2272 5194 illo.
2323 5138 2391 5192 Et
2449 5135 2540 5205 qui
2583 5133 2736 5196 dixit,
2784 5131 2903 5184 Nisi
2959 5131 3398 5186 manducavcritis
3437 5148 3646 5184 carnem

2065 5233 2164 5304 filii
2182 5229 2428 5292 hominis,
2453 5237 2499 5281 et
2522 5225 2752 5280 biberitis
2778 5223 2894 5292 ejus
2913 5223 3241 5293 sanguinem,
3269 5239 3372 5274 non
3396 5221 3650 5275 habebitis

2067 5325 2224 5379 vitam
2239 5323 2292 5376 in
2310 5319 2449 5376 vobis
2463 5317 2514 5390 (1
2519 5315 2607 5370 bid
2614 5315 2674 5384 .),
2689 5331 2796 5371 non
2813 5315 2966 5378 dixit,
2982 5313 3093 5368 Nisi
3108 5313 3457 5382 depinxcrltis
3475 5327 3650 5366 meam

2068 5413 2376 5484 imaginem,
2411 5417 2465 5462 et
2497 5405 2849 5462 adoraveritis
2890 5419 3064 5458 meam
3093 5403 3319 5472 pictoria
3364 5411 3478 5456 arte
3517 5418 3645 5457 con-

2068 5512 2328 5562 structam
2348 5497 2772 5561 similitudinem,
2798 5511 2906 5550 non
2922 5494 3188 5548 [rubebitis
3207 5494 3370 5548 vitam
3399 5494 3453 5548 in
3477 5494 3652 5548 vobis.

2067 5597 2166 5666 Qui
2193 5595 2357 5664 igitur
2381 5591 2520 5646 dixit
2557 5607 2569 5642 :
2604 5587 2718 5658 Ego
2754 5602 2870 5640 sum
2922 5584 3074 5656 panis
3108 5585 3248 5638 vivus
3281 5585 3370 5654 qui
3415 5583 3480 5638 de
3528 5582 3655 5638 mlo

2068 5687 2331 5755 descendi,
2361 5685 2404 5740 si
2429 5683 2546 5754 quis
2571 5697 2635 5738 ex
2664 5671 2776 5750 ipso
2812 5677 3202 5732 manducavcrit
3244 5694 3346 5733 non
3379 5677 3655 5744 morietur,
