4070 6186
444 300 578 356 "illi

1325 288 1386 343 Β.
1414 286 1666 344 CAROLI
1704 283 1919 341 MAGNI
1954 280 2108 339 OPP.
2147 279 2330 335 PARS
2366 276 2428 333 ll.
2467 274 2711 334 SEC'I‘IO
2748 273 2815 331 ll.

3564 276 3703 337 1096

433 410 524 466 sed
549 406 755 463 habebit
784 405 939 460 vitam
970 412 1239 465 intentam,
1268 408 1318 455 et
1348 416 1441 471 ego
1486 398 1746 454 suscitabo
1793 413 1911 451 eum
1954 397 2012 449 in
2043 401 2091 456 Α
2118 391 2264 446 tione
2289 404 2479 445 omnes
2504 389 2596 458 qui
2631 398 2792 444 rectae
2824 390 2949 445 ﬁalei
2984 398 3109 464 sunt
3158 391 3452 456 saiventur,
3493 405 3714 452 constat

436 497 714 554 novissimo
742 494 827 549 die
847 494 1028 565 (Joan.
1046 491 1122 562 vi)
1141 509 1157 558 ;
1174 500 1230 546 et
1251 491 1479 545 itertnn:
1510 488 1659 544 Sicut
1680 488 1820 541 misit
1843 502 1921 540 me
1946 487 2018 539 ri-

440 603 557 641 vens
585 585 768 649 Pater,
791 592 839 636 et
867 598 962 652 ego
981 581 1090 635 viro
1113 588 1324 650 propter
1360 579 1593 641 Patrem,
1621 585 1669 629 et
1687 576 1776 646 qui
1798 574 2022 629 mandu-

439 684 647 741 catme,
683 673 793 743 ipse
820 671 939 724 civit
962 678 1172 740 propter
1207 684 1289 720 me
1317 665 1541 738 (Ibid.);
1568 673 1624 720 et
1648 665 1842 728 iterum
1874 676 1889 715 :
1918 661 2021 714 llic

439 778 513 822 est
538 783 687 823 verus
706 765 858 837 panis
884 762 981 817 Dei
1000 762 1090 833 qui
1107 761 1171 815 de
1193 760 1322 814 ctelo
1369 757 1654 822 descendit,
1678 765 1727 810 et
1747 756 1905 811 ritum
1928 754 2024 806 tri-

441 860 552 914 buit
598 856 793 911 mundo
827 872 845 909 :
873 855 961 926 qui
1000 851 1393 908 manducauerit
1441 867 1507 905 ea:
1547 865 1608 906 eo
1657 855 1928 919 permanet
1966 845 2023 899 in

441 959 715 1012 internum,
741 954 793 999 et
813 945 963 1015 panis
982 958 1133 1013 quem
1175 958 1270 1011 ego
1294 940 1429 995 dabo
1453 941 1501 995 ei
1528 954 1651 993 caro
1674 954 1790 996 mea
1816 945 1891 990 est
1930 950 2025 1004 pro

443 1037 626 1091 mundi
660 1037 783 1091 rita.
807 1033 909 1099 Qui
941 1032 1101 1087 credit
1128 1032 1183 1085 in
1214 1045 1297 1085 me
1337 1046 1441 1085 non
1465 1029 1651 1083 esuriet
1692 1041 1854 1096 neque
1888 1023 2024 1078 sitiet

444 1142 673 1196 unquam
700 1124 913 1196 (Ibid.),
945 1123 1083 1178 nihil
1113 1121 1217 1177 tale
1235 1121 1445 1190 uspiam
1476 1120 1541 1175 de
1567 1117 1802 1187 imagine
1834 1115 2029 1185 legitur

445 1217 662 1281 dixisse,
690 1231 814 1283 cum
842 1214 1109 1280 videlicet,
1134 1220 1195 1266 ut
1217 1210 1427 1282 praefati
1464 1224 1670 1275 sumus,
1701 1218 2029 1262 commemo-

446 1309 708 1363 rationem
723 1323 834 1363 sute
858 1305 1240 1362 sacratissima;
1251 1300 1523 1372 passionis
1534 1316 1638 1357 non
1661 1300 1717 1353 in
1736 1297 2026 1361 artiﬁcum,

444 1415 555 1455 non
582 1400 638 1454 in
673 1401 1069 1455 mundanorum
1100 1395 1301 1451 artium
1327 1392 1578 1462 opiﬁciis,
1605 1392 1701 1447 sed
1757 1391 1812 1444 in
1838 1404 2031 1446 conse-

445 1490 687 1546 cratione
717 1488 800 1544 sui
847 1487 1094 1555 corporis
1114 1493 1171 1543 et
1216 1484 1497 1555 sanguinis
1549 1481 1908 1544 constituerit,
1932 1494 2033 1535 nec

446 1577 608 1635 ﬁdem
638 1585 695 1631 et
712 1574 1106 1631 confessionem
1132 1588 1284 1628 suam
1314 1572 1367 1625 in
1394 1571 1642 1642 picturis,
1670 1570 1763 1626 sed
1783 1570 1838 1623 in
1863 1584 1958 1623 ore
1979 1577 2036 1623 et

446 1666 611 1724 corde
655 1665 773 1724 ﬁeri
814 1665 1135 1729 decreverit,
1184 1663 1398 1719 dicente
1449 1661 1729 1730 Scriptura
1792 1678 1804 1712 :
1865 1658 2033 1714 Corde

2122 498 2215 536 eas
2238 498 2269 536 a
2303 481 2451 536 nullo
2476 495 2665 536 eorum
2706 482 2799 550 qui
2854 496 3000 537 sana:
3042 482 3243 537 mentis
3297 483 3709 556 inteiiigentiann

2123 573 2343 637 habent,
2374 579 2526 627 tanto
2551 572 2813 643 mysterio
2849 573 3280 643 miriparandas.
3310 573 3413 641 Qui
3460 590 3591 646 ergo
3615 579 3688 634 ab

2125 665 2500 722 soluteomnes
2526 663 2820 734 imaginum
2850 665 3167 720 adcretione
3208 674 3459 721 carentes
3485 668 3701 725 anathe-

2125 754 2288 809 matis
2310 752 2523 811 vinculo
2544 752 2794 808 nituntur
2829 753 3102 824 obligare,
3146 755 3499 823 quaerendum
3520 755 3591 811 ab
3630 754 3719 807 eis

2126 855 2212 904 est
2232 847 2364 916 quid
2384 847 2452 901 de
2464 847 2722 916 apostolis
2742 847 2999 911 sentiant,
3022 862 3158 917 quos
3177 847 3326 906 nulla
3355 847 3514 903 docet
3531 850 3733 904 catho-

2126 936 2245 995 licae
2272 937 2569 1005 Scriptune
2605 937 2775 992 series
2802 935 3066 1007 imagines
3109 936 3320 1006 uspiam
3342 937 3636 993 adorasse?
3661 948 3728 996 et

2129 1036 2310 1083 tamen
2336 1026 2512 1082 nullus
2544 1026 2783 1086 ﬁdelium
2826 1027 3070 1097 ambigit.
3100 1043 3207 1081 non
3252 1027 3428 1083 solum
3468 1043 3583 1093 eos,
3620 1026 3721 1084 sed

2128 1118 2294 1173 etiam
2323 1132 2511 1171 eorum
2539 1116 2863 1187 sequipedas
2889 1117 3130 1175 caelestia
3168 1132 3332 1188 regna
3358 1125 3669 1186 penetrasse
3698 1133 3716 1172 :

2129 1210 2328 1280 quidve
2351 1209 2421 1265 de
2441 1210 2790 1281 martyribus,
2821 1209 2913 1278 qui
2947 1224 2976 1262 a
3014 1207 3165 1267 fonte
3213 1208 3556 1278 baptismatis
3585 1224 3710 1264 con-

2130 1299 2311 1354 festim
2341 1314 2438 1370 per
2453 1299 2704 1355 ﬁctorem
2730 1313 2922 1354 manus
2942 1298 3060 1355 sine
3084 1298 3402 1353 adoratione
3422 1298 3727 1369 imaginum

2132 1393 2200 1447 ad
2217 1391 2460 1447 coelestia
2488 1405 2655 1462 regna
2693 1390 3030 1460 migrabant?
3053 1390 3252 1458 quidve
3294 1389 3363 1445 de
3400 1387 3731 1452 infantibus,

2132 1484 2225 1554 qui
2247 1482 2498 1554 originali
2516 1497 2655 1537 noxa
2677 1496 2774 1555 per
2792 1479 3066 1537 lavacrum
3090 1478 3516 1550 regenerationis
3525 1478 3696 1535 abluti
3711 1522 3730 1544 ,

2132 1586 2187 1631 et
2228 1575 2458 1630 necdum
2506 1588 2602 1644 per
2645 1572 2955 1643 corporales
3005 1585 3196 1629 sensus
3237 1570 3440 1640 aliquid
3478 1566 3735 1638 hujusce-

2136 1667 2281 1724 modi
2315 1681 2475 1737 agere
2493 1665 2751 1731 valentes,
2775 1679 2914 1734 pene
2936 1672 3062 1718 ante
3096 1662 3337 1719 cauestia
3364 1676 3529 1733 regna
3557 1678 3728 1733 quant

447 1755 681 1810 creditur
704 1754 773 1808 ad
784 1755 1073 1825 justiiiam,
1101 1770 1191 1807 ore
1210 1762 1383 1807 autem
1429 1751 1687 1821 confessio
1706 1751 1765 1820 ﬁt
1787 1749 1856 1803 ad
1877 1749 2028 1804 salu-
2062 1747 2107 1807 Β
2133 1766 2471 1817 terrenorum
2491 1772 2771 1827 gressuutn
2794 1754 3088 1811 efﬁcaciam
3104 1762 3358 1825 appetere
3367 1770 3688 1810 meruerunt
3707 1756 3734 1803 ζ’

448 1855 554 1901 tem
580 1845 757 1918 (Rom.
787 1844 865 1916 ι).
894 1844 1029 1899 Cum
1054 1844 1197 1898 enim
1233 1842 1365 1898 dicit
1389 1861 1401 1896 :
1440 1841 1500 1897 Si
1526 1842 1823 1897 manseritis
1870 1842 1925 1894 in
1952 1856 2045 1895 me‘

448 1948 498 1994 et
521 1937 674 1993 verba
694 1954 810 1991 mea
839 1939 895 1991 in
918 1936 1056 1990 vobis
1078 1937 1363 1991 manserint
1391 1933 1573 2005 (Joan.
1598 1934 1708 2005 xv),
1745 1932 2034 1991 evidentis-

448 2025 587 2080 sima
606 2025 843 2081 ostendit
864 2040 970 2079 non
1003 2023 1267 2093 imagines
1304 2022 1359 2079 in
1385 2022 1541 2077 nobis
1560 2030 1614 2076 et
1634 2036 1733 2076 nos
1763 2021 1818 2078 in
1844 2020 2034 2091 imagi-

450 2116 610 2173 nibus
633 2130 952 2186 permanere
979 2115 1193 2181 debere,
1228 2113 1326 2168 sed
1352 2127 1451 2167 nos
1473 2113 1528 2166 in
1552 2127 1610 2167 se
1650 2126 1749 2182 per
1772 2110 1953 2175 ﬁdem,
1982 2118 2047 2165 et

451 2207 616 2263 verba
651 2221 747 2261 sua
774 2205 830 2263 in
866 2205 1022 2259 nobis
1048 2218 1145 2274 per
1191 2203 1437 2259 lectionis
1470 2203 1704 2258 studium
1753 2210 1809 2256 et
1853 2201 2036 2275 operis

451 2297 902 2368 complementum
921 2294 1230 2350 necessario
1252 2309 1507 2349 mansura
1536 2292 1800 2363 designat.
1838 2291 2038 2349 Paulus

451 2387 649 2458 quippe
676 2384 970 2455 apostolus,
998 2385 1105 2439 Vas
1128 2383 1431 2448 electionis,
1469 2382 1712 2453 corporis
1733 2389 1789 2435 et
1820 2381 2039 2451 sangui-

453 2477 538 2531 nis
570 2475 837 2531 Dominici
891 2482 1292 2529 sacramentum
1354 2488 1461 2527 non
1504 2472 1653 2529 omni
1697 2479 2037 2530 sacramento

452 2565 916 2637 :equiparandum,
954 2566 1047 2620 sed
1069 2581 1206 2635 pene
1226 2565 1478 2622 omnibus
1497 2562 1893 2635 praeferendum
1918 2576 2040 2617 esse

452 2661 794 2736 conspiciens
814 2660 965 2725 dicit,
991 2657 1181 2711 Probet
1214 2657 1351 2710 enim
1370 2673 1424 2710 se
1444 2655 1621 2721 homo,
1643 2663 1690 2708 et
1715 2654 1790 2708 sic
1814 2652 1879 2707 de
1902 2670 2039 2724 pane

452 2750 544 2805 illo
572 2749 870 2814 manducet,
899 2759 948 2802 et
969 2748 1037 2803 de
1071 2746 1232 2801 calice
1264 2746 1422 2800 bibat.
1459 2744 1563 2810 Qui
1607 2756 1779 2799 autem
1807 2744 2038 2800 mandu—

451 2853 536 2898 cat
560 2853 608 2897 et
631 2842 755 2897 bibit
782 2842 1013 2913 indigne,
1043 2840 1313 2912 judicium
1353 2839 1451 2895 sibi
1497 2838 1778 2893 manducet
1825 2847 1874 2893 et
1912 2837 2039 2892 bibit

452 2932 507 3004 (I
534 2932 657 2987 Cor.
685 2930 786 3003 xi).
840 2930 978 2985 Cum
1028 2946 1157 3001 ergo
1196 2937 1357 2984 taline
1414 2926 1795 2984 sollicitudinis
1858 2926 2039 2981 studio

454 3021 757 3093 probandos
783 3035 877 3075 eos
905 3019 999 3088 qui
1047 3020 1114 3074 ad
1143 3019 1261 3074 bzec
1290 3020 1548 3073 sumenda
1564 3018 1836 3073 accedunt
1857 3023 2040 3071 osten-

2135 1850 2194 1903 Si
2232 1864 2421 1904 omnes
2452 1849 2745 1916 imaginum
2777 1846 3093 1902 adoratione
3129 1854 3378 1901 carentes
3425 1846 3733 1901 secundum

2135 1941 2350 1996 illorum
2369 1939 2712 1995 falsissimam
2735 1938 3046 2009 Opinionem
3089 1945 3339 2006 pereunt,
3362 1936 3597 1991 infantes
3622 1938 3723 1991 ba-

2133 2030 2403 2100 ptismatis
2423 2029 2674 2085 undaloti
2689 2038 2744 2083 et
2768 2028 3013 2097 corporis
3040 2027 3304 2083 Dominiei
3327 2026 3504 2082 edulio
3522 2035 3578 2081 et
3603 2042 3739 2081 san-

2134 2120 2314 2190 guinis
2334 2120 2532 2174 haustu
2557 2119 2759 2183 satiati,
2788 2118 2880 2187 qui
2909 2118 3137 2172 necdum
3176 2116 3441 2188 imagines
3492 2117 3733 2171 adorare

2135 2209 2418 2263 valuerunt
2443 2217 2498 2264 et
2551 2210 2630 2264 sic
2651 2224 2682 2263 e
2724 2208 2922 2263 saeculo
2952 2208 3342 2275 migraverunt,
3372 2219 3603 2278 pereunt
3630 2226 3643 2259 :
3672 2218 3733 2262 et

2135 2298 2179 2353 si
2233 2305 2487 2366 pereunt,
2542 2296 2800 2353 Veritatis
2857 2296 3082 2351 verbum
3148 2304 3398 2350 cassatur
3434 2296 3669 2350 dicentis
3712 2314 3727 2347 :

2137 2387 2308 2443 Sinite
2342 2387 2586 2457 parvulos
2609 2387 2781 2441 venire
2806 2387 2876 2441 ad
2898 2403 2981 2440 me
3005 2401 3023 2441 .'
3051 2385 3237 2439 talium
3248 2394 3323 2439 est
3345 2386 3482 2440 enim
3504 2402 3729 2456 regnum

2136 2475 2381 2531 etzlomm
2409 2476 2624 2548 (Matth.
2650 2493 2806 2542 xvnt,
2832 2476 3003 2533 Marc.
3032 2475 3110 2547 ι).
3154 2475 3271 2530 Non
3310 2485 3491 2531 autem
3518 2476 3739 2532 Veritz.

2139 2565 2211 2620 tis
2232 2567 2453 2621 verbum
2479 2565 2778 2622 infantibus
2806 2581 3032 2637 regnum
3065 2565 3324 2621 cwlorum
3355 2566 3724 2635 promittentis

2137 2664 2402 2721 cessatur,
2440 2672 2548 2713 non
2591 2657 2756 2729 igitur
2791 2664 3020 2726 pereunt
3065 2670 3257 2711 Omnes
3305 2654 3602 2726 imaginum
3628 2655 3745 2712 adv

2139 2745 2388 2803 oratione
2442 2757 2708 2801 carentes.

2590 2866 2593 2869 π
2683 2835 2911 2894 CAPUT
2950 2835 3185 2895 XXVIII.

2142 2952 2355 3019 Quanta
2396 2954 2597 3008 ratione
2627 2951 2950 3023 mysterium
2972 2949 3272 3023 Dominicis
3305 2949 3478 3003 crucis
3499 2949 3564 3023 ab
3592 2949 3738 3002 ima-

2210 3023 2417 3093 ginibus
2458 3023 2633 3088 distet,
2665 3019 2794 3093 quas
2824 3020 3035 3091 quidem
3076 3021 3156 3077 illi
3188 3019 3356 3074 eidem
3402 3021 3738 3090 tequiparare

453 3088 562 3177 dat,
587 3119 641 3164 et
667 3110 760 3181 qui
789 3110 1120 3180 negligenter
1145 3116 1201 3163 et
1225 3108 1440 3178 indigne
1462 3107 1531 3162 ad
1557 3108 1672 3163 haec
1692 3107 2035 3177 percipienda
2062 3088 2110 3150 ο
2210 3088 2546 3150 latitandi”!!-

454 3199 801 3264 conveniunt,
841 3206 1001 3253 tantm
1043 3197 1525 3252 animadversionis
1568 3196 1674 3251 telo
1703 3195 1880 3259 feriat,
1909 3195 2042 3251 nihil

457 3292 583 3351 huic
603 3289 781 3347 simile
807 3289 876 3345 de
900 3289 985 3342 his
1014 3288 1106 3357 qui
1158 3288 1449 3359 imaginum
1505 3286 1872 3341 adorationem
1899 3287 2043 3342 refu-

456 3382 613 3456 giunt
635 3379 858 3453 profert,
883 3379 977 3433 sed
1003 3378 1337 3455 cicontrario
1359 3377 1426 3432 de
1453 3378 1539 3431 bis
1573 3376 1664 3446 qui
1690 3377 1829 3431 male
1855 3377 2043 3447 imagi-

457 3472 616 3529 nibus
641 3478 868 3525 utuntur
899 3467 1030 3523 dicit
1062 3485 1075 3521 :
1106 3466 1174 3520 Et
1238 3475 1564 3521 mutaverunt
1613 3466 1834 3537 gloriam
1872 3468 2043 3522 incor-

455 3561 715 3637 ruptibilis
743 3560 838 3613 Dei
885 3560 942 3612 in
985 3556 1380 3612 similitudinem
1437 3557 1788 3629 corruptibilis
1818 3559 2042 3616 hominis

455 3650 637 3724 (Rom.
661 3650 725 3723 ι),
755 3658 812 3705 et
834 3658 1048 3706 cetera.
1099 3649 1322 3705 Multum
1374 3651 1559 3722 igitur,
1588 3660 1643 3708 et
1694 3652 1833 3706 ultra
1868 3658 2043 3721 quam

456 3741 654 3799 mentis
683 3740 839 3795 oculo
887 3740 1177 3811 perstringi
1202 3749 1392 3811 queat,
1420 3742 1585 3801 distat
1644 3751 2043 3799 sacramentum

457 3831 722 3886 Dominici
750 3832 994 3902 corporis
1019 3838 1073 3886 et
1109 3831 1391 3900 sanguinis
1432 3831 1500 3886 ab
1523 3831 1851 3902 imaginibus
1874 3831 2045 3903 picto-

458 3935 577 3974 rum
605 3930 720 3976 arte
744 3920 1014 3990 depictis:
1044 3936 1169 3976 cum
1186 3920 1439 3975 videlicet
1466 3920 1596 3978 illud
1629 3919 1895 3976 efﬁciatur
1917 3936 2046 3990 ope-

458 4019 611 4068 rante
640 4010 987 4065 invisibiliter
1046 4010 1237 4081 spiritu
1280 4010 1396 4075 Dei,
1423 4010 1506 4065 ha:
1543 4010 1830 4066 visibiliter
1883 4026 2045 4065 manu

456 4101 719 4168 artiﬁcis;
759 4101 891 4156 illud
914 4107 1263 4156 consecretur
1283 4115 1314 4154 a
1345 4101 1625 4156 sacerdote
1681 4100 1849 4156 divini
1867 4101 2046 4155 nomi-

461 4191 545 4256 nis
568 4190 928 4253 invocatione,
965 4191 1049 4246 lue
1094 4191 1385 4261 pingantur
1405 4206 1435 4244 a
1458 4192 1663 4265 pictore
1690 4192 1939 4250 humanae
1959 4208 2047 4246 ar-

458 4279 529 4334 tis
566 4281 901 4344 eruditione;
952 4279 1084 4334 illud
1118 4281 1378 4348 angelicis
1425 4281 1678 4337 manibus
1722 4282 1780 4338 in
1817 4281 2047 4338 sublime

458 4372 551 4427 Dei
574 4370 845 4427 deferatur
870 4371 1060 4436 altare,
1092 4370 1174 4425 hil)
1198 4370 1450 4426 humanis
1479 4372 1727 4428 manibus
1751 4388 1850 4443 per
1870 4381 2044 4427 artem

457 4471 677 4517 structa:
708 4462 773 4515 ad
810 4461 1123 4515 mirantium
1158 4461 1384 4517 intuitus
1427 4470 1696 4531 ponantur
1729 4463 1782 4517 in
1804 4462 2040 4533 pariete;

458 4567 555 4622 per
595 4551 725 4605 illud
763 4559 986 4621 peccata
1030 4552 1374 4605 remittuntur
1400 4592 1414 4606 .
1446 4567 1543 4620 per
1585 4550 1683 4607 bas
1727 4552 1774 4608 si
1832 4553 2046 4609 incaute

458 4641 751 4701 abutantur
781 4639 1138 4707 adjiciuntur;
1181 4640 1312 4696 illud
1343 4642 1396 4695 in
1448 4643 1650 4698 virtute
1674 4659 1774 4700 nec
1795 4659 1903 4714 quo
1929 4661 2046 4701 cre-

458 4738 574 4789 scat
600 4729 781 4793 habet.
822 4744 923 4785 nec
948 4728 1058 4785 ullo
1086 4731 1245 4789 modo
1276 4732 1555 4798 minuitur,
1585 4734 1670 4790 ha
1698 4751 1797 4806 pro
1819 4736 2045 4791 artiﬁcis

460 4821 676 4892 ingenio
698 4822 751 4875 in
780 4822 1175 4893 pulchritudine
1200 4833 1255 4883 et
1289 4835 1542 4882 crescunt
1567 4833 1622 4881 et
1651 4828 2047 4897 quodammodo

462 4910 811 4983 minuuntur;
862 4915 992 4971 illud
1035 4918 1318 4975 conﬁrmat
1352 4935 1488 4977 nova
1536 4920 1834 4991 antiquitas
1859 4928 1916 4975 et
1951 4936 2046 4975 an—

461 5006 607 5076 tiqua
633 5007 862 5073 novitas,
905 5008 1004 5063 has
1030 5008 1347 5080 plerumque
1376 5011 1646 5085 corrumpi
1716 5011 1928 5067 cariosa
1954 5028 2047 5068 ve-

460 5104 658 5163 tustas;
688 5097 820 5154 illud
851 5099 1064 5155 estvita
1089 5108 1144 5155 et
1170 5099 1397 5156 refectio
1437 5101 1761 5166 animarum,
1787 5102 1869 5157 ha:
1892 5102 2047 5159 cibus

456 5187 827 5247 tantummodo
857 5189 1174 5256 oculorum;
1212 5191 1343 5247 illud
1371 5191 1518 5249 ducit
1550 5207 1647 5263 per
1669 5207 1822 5249 esum
1844 5194 1913 5248 ad
1937 5209 2048 5248 cm.

460 5279 612 5336 lastis
637 5280 787 5352 regni
819 5280 1123 5347 introitum,
1151 5283 1234 5336 hae
1278 5295 1462 5339 rerum
1502 5291 1774 5355 gestarum
1798 5282 2048 5341 deferunt

464 5372 781 5428 memoriam
808 5386 910 5442 per
951 5371 1243 5438 intuitum;
1275 5372 1408 5429 illud
1457 5372 1657 5429 aboleri
1711 5374 1778 5429 ab
1805 5373 2047 5430 Ecclesia

463 5477 561 5517 nec
583 5462 637 5517 in
666 5463 1131 5533 persecutionibus
1157 5464 1351 5533 potuit,
1380 5464 1572 5519 barum
1611 5465 1881 5521 interdum
1906 5465 2050 5522 colo-

464 5568 578 5610 rem
602 5563 876 5624 guttarum
901 5554 1129 5611 inluvies
1150 5555 1356 5623 abluit;
1385 5565 1439 5610 et
1464 5571 1587 5611 cum
1613 5556 1729 5611 sine
1762 5556 1906 5611 illius
1928 5572 2049 5627 per~

464 5646 707 5704 contione
735 5662 892 5704 nemo
922 5648 1180 5719 salvetur,
1215 5648 1332 5703 sine
1373 5649 1597 5707 istarum
1626 5664 1758 5705 vero
1795 5650 2049 5707 obsona-

2210 3185 2356 3259 Quot
2379 3183 2709 3240 excellentia:
2729 3182 3101 3253 praerogativis
3140 3191 3337 3251 quotve
3360 3182 3619 3236 virtutum
3646 3181 3721 3235 in-

2142 3278 2386 3349 signibus
2447 3274 2764 3346 mysterium
2808 3273 3104 3331 Dominica:
3166 3274 3347 3329 crucis
3402 3272 3732 3329 manufactis

2141 3368 2486 3438 imaginibus,
2521 3383 2656 3437 quas
2682 3366 2759 3421 illi
2793 3376 2996 3423 temere
3021 3367 3070 3421 ei
3090 3368 3428 3438 aequiparare
3454 3364 3730 3431 aﬁ‘ectant,

2141 3460 2397 3524 emineat,
2425 3472 2605 3528 operte
2628 3457 2862 3528 pretium
2892 3467 2974 3513 est
3002 3457 3241 3513 breviter
3266 3459 3522 3526 pandere,
3553 3472 3724 3526 quan-

2142 3565 2306 3624 quam
2335 3557 2520 3604 nostra
2541 3546 2917 3618 prosecutione
2949 3562 3173 3618 prorsus
3193 3546 3451 3618 explicari
3480 3553 3731 3614 nequeat.

2146 3638 2259 3694 Hoc
2292 3638 2438 3693 enim
2478 3636 2673 3693 vexillo
2718 3637 2977 3706 antiquus
3008 3636 3201 3701 hostis,
3247 3652 3354 3695 non
3382 3635 3733 3707 imaginibus,

2144 3730 2320 3784 victus
2348 3736 2467 3782 est:
2511 3727 2597 3782 his
2635 3726 2823 3791 armis,
2867 3742 2973 3781 non
3013 3726 3255 3783 colorum
3299 3725 3456 3790 fucis,
3488 3725 3735 3780 diabolus

2143 3826 2480 3890 expugnatus
2506 3825 2627 3881 est;
2670 3832 2767 3887 per
2791 3816 2951 3880 hanc,
2992 3830 3100 3872 non
3141 3830 3239 3886 per
3271 3816 3530 3886 picturas,
3566 3813 3734 3868 infer-

2144 3911 2200 3965 ni
2230 3909 2464 3964 claustra
2511 3906 2771 3965 destituta
2801 3912 2965 3970 sunt;
3008 3919 3105 3979 per
3133 3905 3292 3971 hanc,
3344 3920 3453 3958 non
3480 3919 3577 3974 per
3612 3902 3736 3958 illas

2146 4002 2442 4056 humanum
2469 3982 2645 4067 genus
2683 3996 3021 4067 redemptum
3044 4002 3147 4049 est.
3188 3993 3244 4048 In
3275 4008 3436 4049 cruce
3480 4008 3736 4063 namque,

2147 4106 2254 4145 non
2304 4089 2361 4143 in
2416 4086 2762 4158 imaginibus,
2803 4086 3038 4159 pretium
3095 4086 3280 4139 mundi
3326 4084 3600 4155 pependit.
3643 4083 3737 4138 Illa

2147 4184 2330 4255 itaque
2378 4180 2446 4235 ad
2471 4178 2666 4237 servile
2715 4177 3056 4252 supplicium,
3086 4192 3195 4232 non
3220 4174 3490 4245 quaedam
3534 4174 3737 4245 imago,

2148 4271 2399 4327 ministra
2427 4267 2670 4334 exstitit;
2713 4267 2816 4321 hoc
2845 4274 2929 4321 est
2979 4265 3151 4321 nostri
3202 4265 3343 4334 regis
3369 4264 3597 4335 insigne,
3627 4281 3739 4321 non

2149 4362 2396 4435 quaedam
2439 4360 2671 4434 pictura,
2720 4357 2862 4425 quod
2891 4356 3061 4411 nostri
3105 4355 3378 4410 exercitus
3427 4354 3738 4411 indesinen-

2149 4463 2232 4509 ter
2276 4452 2547 4523 aspiciunt
2592 4449 2869 4523 legiones:
2916 4448 3020 4502 hoc
3048 4457 3131 4502 est
3159 4447 3368 4516 signum
3418 4446 3589 4500 nostri
3634 4446 3728 4501 im-

2145 4544 2430 4618 peratoris,
2498 4558 2604 4598 non
2683 4540 3079 4613 compaginatio
3140 4538 3403 4603 colorum,
3472 4538 3614 4611 quod
3667 4539 3736 4594 ad

2145 4638 2395 4710 praelium
2455 4644 2654 4692 nostra:
2721 4641 3021 4710 sequuntur
3084 4633 3354 4691 cohortes.
3394 4631 3512 4687 Non
3567 4633 3734 4704 igitur

2145 4732 2390 4804 quaedam
2441 4728 2739 4789 materialis
2792 4727 2989 4798 imago,
3050 4726 3145 4782 sed
3210 4724 3507 4781 Dominicae
3557 4726 3738 4782 crucis

2145 4823 2465 4896 mysterium
2512 4829 2597 4877 est
2644 4819 2918 4884 vexillum,
2960 4818 3103 4888 quod
3132 4816 3189 4872 in
3220 4830 3410 4886 campo
3445 4815 3632 4879 duelli,
3677 4825 3735 4870 ut

2147 4913 2342 4970 fortius
2372 4911 2744 4982 conﬁigamus,
2794 4909 2946 4981 sequi
2995 4909 3293 4972 debemus;
3334 4921 3506 4971 arma,
3539 4907 3737 4975 quibus

2145 5003 2449 5057 libertatem
2482 5001 2621 5055 tueri
2664 4999 2980 5064 valeamus;
3020 4995 3267 5062 munitio,
3321 5011 3429 5066 qua
3478 4994 3739 5051 infestan-

2147 5094 2280 5149 tium
2337 5093 2572 5151 hostium
2609 5092 2859 5151 incursus
2915 5089 3199 5145 evitemus.
3238 5087 3336 5144 Est
3382 5087 3524 5142 enim
3563 5087 3738 5143 cassis

2146 5199 2253 5256 qua
2284 5182 2555 5243 _diabolici
2607 5180 2753 5237 ensis
2782 5178 3033 5253 impulsio
3070 5180 3344 5253 quatitur;
3385 5187 3471 5234 est
3491 5177 3738 5248 clypeus,

2147 5280 2239 5351 qui
2269 5280 2337 5336 ad
2365 5278 2724 5335 resistendum
2757 5275 2900 5332 illius
2929 5275 3223 5332 missilibus
3249 5275 3374 5330 telis
3401 5273 3731 5344 opponitur;

2146 5379 2231 5426 est
2278 5370 2492 5434 thorax,
2523 5383 2630 5439 quo
2660 5368 2809 5423 illius
2844 5368 3173 5438 spiculorum
3220 5367 3333 5421 sive
3368 5366 3601 5437 pilorum
3629 5364 3737 5419 illi-

2147 5463 2229 5520 sio
2266 5461 2434 5535 ignita
2478 5458 2793 5516 frustratur.
2832 5460 2944 5515 Hoc
2973 5467 3057 5515 est
3104 5457 3400 5522 munimen,
3448 5472 3558 5525 quo
3586 5455 3735 5512 illius

2147 5559 2399 5615 ﬂexuosa
2427 5555 2634 5614 fraudis
2659 5555 2961 5613 maeandros
2996 5563 3050 5610 et
3078 5551 3271 5610 callida
3299 5550 3735 5610 machinamenta

2150 5647 2503 5712 devincimus,
2543 5646 2860 5718 nevincere
2889 5643 3067 5703 valeat
3118 5648 3373 5708 tentatas,
3405 5653 3543 5712 quos
3570 5637 3734 5714 primi
