4070 6186
418 283 555 338 1097

1228 285 1403 351 LIBRI
1441 283 1783 342 CAROLiNl.’
1824 315 1891 327 —-
1929 285 2149 341 CAPIT.
2191 285 2277 340 DE
2315 285 2502 340 NAG.
2538 316 2597 328 --
2640 286 2769 341 LIB.
2810 286 2872 351 Π.

3529 293 3549 345 ί
3562 294 3664 349 098

415 394 650 453 hominis
678 396 849 451 tenuit
872 397 1121 453 suasione
1145 400 1404 467 captivos.
1444 400 1545 452 Per
1566 400 1741 463 crucis
1763 398 2331 480 lignum,’A.ganimes
2382 412 2828 469 permancamus:
2861 399 3001 454 unde
3047 400 3389 468 longanimes
3416 402 3669 461 dicuntur

415 502 522 542 non
566 500 664 555 per
702 478 982 555 imagines,
1027 488 1234 557 antiqui
1291 488 1436 547 illius
1497 488 1717 543 sceleris
1779 487 2016 553 facinus.

414 576 654 638 diluitur,
686 576 828 645 quod
858 575 911 628 in
938 576 1273 645 protoplasto
1297 592 1395 646 per
1420 577 1549 648 ligni
1575 593 1726 641 esum
1775 585 2013 645 contra:

413 677 562 724 ctum
603 674 705 722 est.
746 667 805 721 In
835 666 1011 721 crucis
1047 667 1226 733 hamo,
1258 684 1366 739 non
1394 667 1452 733 in
1497 669 1726 737 quadam
1755 654 2019 737 pictura”

415 759 701 814 criminum
733 764 926 811 auctor
978 766 1167 826 captus
1224 765 1327 822 est,
1381 772 1507 811 cum
1556 758 1764 829 ratione
1814 759 2017 828 potius1

414 863 577 920 quam
605 846 988 911 dominatione,
1018 852 1074 902 et
1113 845 1327 915 justitia
1344 836 1535 915 potius
1559 863 1723 917 quam
1747 849 1992 919 potentia

415 938 759 1004 constrictus,
791 939 1029 1007 praedam
1057 937 1368 1007 compulsus
1391 946 1476 992 est
1508 952 1777 1004 evomere,
1829 954 1994 1008 quam

417 1030 749 1101 absorptam'
786 1027 903 1098 jam
977 1029 1180 1084 dudum
1233 1032 1557 1086 noscebatur
1633 1038 1836 1086 tenere.
1876 1029 1994 1085 Non

416 1135 547 1194 ergo
570 1136 669 1191 per
696 1120 1003 1177 materiales
1029 1123 1099 1177 ab
1127 1122 1410 1192 opiﬁcibus
1438 1122 1682 1178 conditas
1710 1122 1987 1192 imagines,

418 1214 513 1268 sed
539 1228 637 1282 per
660 1212 839 1268 crucis
903 1214 1241 1284 mysterium,
1303 1229 1426 1284 qua:
1450 1230 1482 1268 a
1523 1212 1725 1268 Judazis
1774 1221 1996 1283 putatur

419 1305 755 1370 scandalum,
783 1321 814 1360 a
855 1306 1108 1376 gentibus
1152 1307 1399 1372 stultitia,
1455 1308 1686 1376 superba
1734 1306 1917 1362 saaculi
1942 1313 1998 1361 et

420 1400 604 1453 inﬂata
633 1398 899 1467 sapientia
927 1399 1151 1453 corruit.
1191 1397 1306 1454 Nec
1353 1414 1450 1469 per
1495 1398 1760 1468 picturam
1810 1413 1998 1467 quam-

423 1492 567 1556 dam,
600 1491 695 1546 sed
719 1506 817 1561 per
863 1506 1081 1547 crucem
1131 1481 1325 1561 patuit',
1356 1491 1499 1561 quod
1544 1493 1764 1547 stultum
1792 1492 1886 1547 Dei
1913 1499 1998 1547 est

423 1590 627 1652 quanto
652 1582 723 1636 sit
760 1582 1068 1637 hominibus
1118 1583 1432 1651 sapientius,
1472 1591 1527 1637 et
1553 1582 1695 1651 quod
1724 1582 1996 1636 inﬁrmum

421 1672 516 1727 Dei
546 1682 649 1736 est,
681 1679 884 1741 quanto
912 1672 984 1727 sit
1010 1671 1204 1728 fortius
1231 1672 1558 1728 hominibus.
1598 1672 1994 1742 lnterrogemus

2094 488 2189 555 qui
2232 488 2481 553 tolerant.
2525 489 2796 547 Profuudo
2844 500 3044 557 autem,
3091 493 3195 548 hoc
3243 500 3366 562 est,
3395 506 3549 564 parte
3578 499 3666 552 illa

2095 577 2225 645 ligni
2264 579 2485 646 quierit)
2537 589 2696 645 terra:
2747 566 2939 641 abdito
2983 580 3141 638 allisa
3192 583 3342 651 latet,
3393 587 3490 642 sed
3544 588 3669 644 inde

2093 667 2370 737 consurgit
2393 681 2552 749 omne
2577 669 2733 736 quod‘
2760 669 2981 736 eminet,
3023 670 3390 728 inscrutabilia
3429 674 3669 731 indican-

2096 762 2183 821 tur
2210 754 2426 826 judicia
2446 758 2579 842 ‘Dei,
2610 759 2684 841 de
2722 760 2919 829 quibus
2969 762 3179 817 occulta
3228 762 3347 833 ejus
3392 767 3668 822 voluntate

2094 851 2317 898 vocatur
2336 842 2509 905 homo
2531 846 2599 899 ad
2621 846 3087 915 participationem
3112 859 3274 907 tanta:
3296 854 3502 923 gratiae,
3533 854 3670 909 alius

2094 934 2193 998 sic,
2222 933 2360 988 alius
2388 945 2569 989 autem
2599 937 2703 989 sic.
2752 937 2857 991 Sed
2882 939 3012 1006 quid
3039 947 3247 996 tantum
3275 942 3331 997 in
3360 946 3670 1007 annuatim

2095 1023 2433 1080 sermonibus
2460 1025 2845 1080 immoramur?
2881 1027 3023 1091 Quid
3053 1034 3257 1082 tantum
3287 1043 3383 1097 per
3411 1026 3527 1096 ejus
3546 1044 3669 1084 sen-

2095 1129 2188 1168 sus
2234 1113 2526 1169 latissimos
2579 1130 2800 1185 campos
2856 1117 3192 1187 evagamur?
3256 1117 3544 1173 Veniamus
3603 1119 3671 1173 ad

2094 1205 2398 1271 Dominum,
2443 1206 2725 1262 sedeamus
2753 1222 2874 1262 cum
2905 1207 3071 1262 Maria
3112 1209 3179 1264 ad
3207 1209 3371 1279 pedes
3412 1208 3545 1278 eius,
3576 1229 3672 1266 au-

2096 1294 2305 1350 diamus
2330 1297 2553 1352 verbum
2579 1312 2643 1352 ex
2671 1312 2769 1353 ore
2796 1296 2930 1366 ejus,
2953 1299 3237 1355 audiamus
3258 1315 3381 1356 eum
3399 1301 3452 1356 in
3470 1302 3668 1373 seipse,

2096 1400 2256 1453 quem
2314 1387 2575 1442 hactenus
2604 1387 2658 1441 in
2687 1384 2945 1456 Apostolo
2982 1388 3294 1458 loquentem
3346 1392 3669 1447 audivimus.

2095 1475 2414 1529 Audivimus
2460 1490 2592 1545 ergo
2617 1478 2747 1545 quid
2769 1478 2836 1532 de
2861 1492 3021 1533 cruce
3071 1479 3268 1532 dixerit
3323 1481 3511 1536 doctor
3538 1496 3670 1552 gen-

2097 1565 2250 1630 tium,
2281 1564 2563 1622 audiamus
2587 1568 2716 1635 quid
2756 1566 2902 1622 dicat
2930 1566 3154 1623 Creator
3190 1570 3426 1640 gentium
3455 1588 3471 1637 ;
3522 1573 3676 1627 audi-

2097 1657 2272 1711 vimus
2318 1657 2596 1727 egregium
2651 1658 3082 1727 prazdicatorem,
3157 1661 3438 1717 audiamus
3492 1677 3674 1717 rerum

424 1763 589 1834 igitur
627 1736 904 1818 doctorem
968 1763 1230 1833 gentium,
1281 1764 1673 1834 interrogemus
1717 1736 1994 1833 egregium

2104 1747 2338 1803 omnium
2385 1748 2728 1805 Conditorem
2753 1767 2773 1803 :—
2807 1749 2868 1804 Si
2911 1752 3048 1821 quis,
3080 1751 3273 1821 inquit,
3317 1752 3423 1807 vult
3449 1763 3563 1825 post
3594 1771 3676 1808 me

424 1852 837 1922 praedicatorem
882 1869 896 1905 :
939 1852 1085 1908 dicat
1139 1853 1295 1907 nobis
1342 1860 1525 1907 utrum
1571 1853 1628 1908 in
1673 1854 2000 1922 imaginibus

424 1959 493 1999 an
539 1943 593 1996 in
625 1958 786 1998 cruce
839 1941 1041 1997 Christi
1090 1942 1367 2013 glorietur.
1433 1942 1587 2009 Mihi,
1624 1944 1819 2013 inquit,
1867 1944 2000 1998 absit

425 2035 644 2106 gloriari
682 2036 782 2090 nisi
810 2035 866 2089 in
896 2051 1047 2089 cruce
1073 2034 1287 2088 Domini
1313 2035 1477 2089 nostri
1505 2034 1635 2089 Iesu
1664 2033 1881 2101 Christi,
1909 2051 2002 2105 per

425 2142 577 2196 quem
613 2125 741 2179 mihi
768 2125 994 2179 mundus
1025 2124 1312 2194 cruciﬁxus
1336 2133 1412 2179 est
1435 2134 1484 2179 et
1518 2141 1611 2195 ego
1639 2125 1832 2178 mundo
1855 2122 1997 2195 (Gal.

426 2218 526 2289 vi).
568 2217 721 2272 Dicat
761 2217 925 2272 etiam
970 2225 1153 2272 utrum
1197 2225 1258 2272 ut
1294 2217 1405 2273 Deo
1431 2217 1650 2282 viveret,
1684 2218 2002 2289 imaginibus

427 2327 496 2366 an
524 2310 673 2365 cruci
701 2308 946 2365 conﬁxus
991 2311 1081 2365 sit.
1127 2309 1264 2381 Ego,
1296 2310 1490 2379 inquit,
1542 2326 1634 2381 per
1684 2309 1849 2381 legem
1900 2310 2001 2382 legi

429 2413 665 2457 mortuus
691 2418 828 2468 sum,
886 2410 944 2456 ut
968 2400 1078 2456 Deo
1137 2401 1321 2468 vivam,
1373 2400 1577 2456 Christo
1624 2401 1863 2471 conﬁxus
1885 2418 2003 2456 sum

428 2492 614 2545 cruci:
654 2492 763 2545 vivo
815 2500 988 2545 autem
1028 2491 1148 2561 jam
1208 2507 1312 2545 non
1347 2507 1460 2562 ego,
1505 2491 1623 2548 vivit
1670 2507 1787 2545 vero
1833 2492 1890 2545 in
1923 2508 2004 2545 me

428 2585 665 2640 Christus
693 2581 836 2656 (Gal.
868 2583 954 2655 ιι).
1007 2584 1162 2640 Dicat
1189 2584 1354 2639 etiam
1397 2592 1579 2639 utrum
1603 2587 1658 2639 in
1700 2584 2001 2654 intelligen-

430 2676 513 2731 dis
537 2674 780 2753 colorum
827 2671 986 2739 fucis,
1014 2682 1070 2753 et
1106 2673 1401 2743 imaginum
1448 2672 1655 2739 formis,
1709 2680 1803 2727 aut
1830 2679 2005 2726 mate-

431 2748 636 2822 riarum
679 2748 1070 2835 qualitatibus,
1102 2780 1170 2819 an
1226 2765 1295 2819 ad
1332 2763 1739 2834 intelligendum
1792 2777 1912 2832 quas
1935 2762 2007 2817 sit

431 2857 661 2913 latitudo
703 2856 880 2913 crucis
921 2864 979 2910 et
1006 2855 1302 2925 longitudo,
1334 2854 1660 2919 sublimitas,
1705 2862 1759 2908 et
1786 2851 2008 2922 profun-

431 2951 581 3017 dum,
611 2950 940 3006 illuminatos
986 2948 1394 3006 cordis‘oculos
1440 2948 1641 3003 habere
1691 2948 2003 3004 debeamus.

433 3036 503 3096 Ut
527 3043 754 3114 possitis,
788 3041 982 3130 inquit,
1010 3039 1438 3130 comprehendere
1458 3055 1576 3130 cuin
1594 3038 1864 3130 “omnibus
1883 3054 2008 3095 san-
2035 3069 2083 3130 ε

433 3132 527 3186 ctis
545 3147 663 3202 qua:
686 3132 754 3185 sit
777 3129 1022 3195 latitudo,
1036 3138 1084 3183 et
1108 3128 1399 3200 longitudo,
1419 3136 1468 3182 et
1488 3127 1799 3194 sublimitas,
1818 3139 1866 3185 et
1888 3146 2010 3190 nro-

434 3220 655 3290 {undum
673 3220 886 3293 (Ephes.
901 3217 1010 3292 ιιι).
1027 3218 1085 3273 In
1096 3220 1427 3289 exponendis
1441 3219 1606 3289 igitur
1624 3219 1709 3274 his
1723 3220 1857 3275 tanti
1869 3234 2010 3290 pra:-

435 3310 692 3367 dicatoris
702 3310 880 3365 verbis
912 3325 1013 3365 nec
1035 3320 1249 3364 nostros
1273 3324 1466 3365 sensus
1488 3318 1689 3365 temere
1712 3318 2006 3373 ostentare,

436 3415 537 3455 nec
572 3401 780 3456 alienos
806 3398 977 3454 furari
1004 3399 1281 3464 debemus,
1310 3399 1404 3455 sed
1458 3402 1557 3456 hos
1608 3418 1744 3471 quos
1774 3418 1807 3457 a
1852 3402 2010 3457 beato

436 3490 736 3562 Augustino
765 3492 822 3546 in
860 3490 1015 3547 libris
1041 3491 1106 3547 de
1151 3491 1407 3546 Doctrina
1454 3492 1759 3547 Christiana
1805 3492 2010 3562 positos

438 3582 755 3652 reperimus,
805 3596 903 3636 nos
932 3595 1146 3651 quoque
1180 3595 1464 3651 ponamus.
1503 3579 1755 3635 Latitudo
1780 3594 1908 3649 ergo
1925 3586 2010 3633 est

438 3678 809 3726 transversum
837 3670 1044 3741 lignum
1090 3687 1198 3741 quo
1219 3671 1580 3726 extenduntur
1626 3685 1857 3736 manus;
1889 3670 2008 3723 alti-

441 3760 585 3824 tudo,
633 3776 754 3830 qua:
808 3775 840 3813 a
888 3770 1196 3814 transverso
1250 3760 1396 3831 ligno
1449 3759 1713 3828 incipiens
1762 3758 2011 3827 superius

437 3851 660 3911 eminet,
711 3849 807 3911 ubi,
841 3849 939 3905 fuit
986 3857 1183 3918 caput;
1225 3849 1502 3920 longitudo
1547 3863 1675 3904 vero
1704 3858 1788 3904 est
1824 3864 1942 3918 quae
1978 3864 2009 3902 a

440 3945 751 3992 transverso
810 3937 955 4008 ligno
1008 3939 1270 4007 incipiens
1308 3953 1478 4007 usque
1505 3940 1574 3994 ad
1619 3948 1819 3994 terram
1873 3940 2011 3995 desi-

439 4029 554 4092 nit;
595 4025 917 4096 profundum
942 4042 1088 4093 vero,
1142 4029 1284 4097 quod
1333 4037 1491 4084 terrae
1517 4028 1741 4083 inﬁxum
1785 4028 2010 4084 abscon-

439 4120 602 4185 ditur,
659 4134 725 4174 ex
755 4134 862 4189 quo
890 4118 1036 4189 ligno
1083 4120 1260 4174 crucis
1309 4120 1487 4175 omnis
1539 4120 1648 4174 vita
1701 4128 2010 4175 sanctorum

440 4211 780 4275 describitur,
814 4210 906 4280 qui
952 4210 1197 4266 tollentes
1242 4225 1457 4267 crucem
1509 4226 1659 4266 suam
1694 4220 1745 4266 et
1789 4213 2012 4267 mortiﬁ~

440 4310 626 4357 cantes
654 4303 895 4357 membra
932 4318 1029 4357 sua
1065 4318 1184 4372 qua:
1229 4289 1361 4357 sunt.
1384 4318 1545 4373 super
1590 4312 1809 4371 terram,
1859 4305 2013 4360 Chri-

441 4403 583 4447 stum
642 4402 979 4463 sequuntur:
1020 4409 1250 4463 quorum
1307 4400 1509 4463 quanto
1554 4396 1792 4449 exterior
1842 4396 2005 4450 homo
2040 4407 2088 4464 ῐ)

439 4485 820 4554 corrumpitur,
882 4490 1031 4538 tanto
1092 4484 1317 4538 interior
1382 4493 1670 4538 renovatur
1705 4486 1771 4539 de
1840 4486 1926 4540 die
1952 4487 2008 4541 in

439 4573 600 4639 diem,
628 4582 683 4627 et
708 4587 801 4642 spe
836 4580 1052 4627 aiterna:
1090 4573 1294 4642 requiei
1346 4574 1637 4643 gaudentes
1672 4590 1794 4630 cum
1826 4573 2010 4629 hilari-

440 4672 549 4717 tate
573 4664 730 4719 bonis
774 4664 1028 4732 operibus
1079 4664 1354 4719 insistunt.
1396 4664 1545 4720 llanc
1573 4665 1905 4722 hilaritatem
1937 4668 2012 4722 si—

439 4756 657 4827 gniﬁcat
683 4755 1095 4811 crucislatitudo
1124 4757 1176 4811 iu
1206 4766 1510 4813 transverso
1535 4760 1699 4829 ligno,
1730 4760 1817 4815 ubi
1844 4761 2011 4832 ﬁgun-

440 4855 527 4900 tur
554 4861 763 4911 manus,
814 4860 911 4915 per
957 4863 1147 4901 manus
1175 4849 1318 4903 enim
1355 4865 1490 4919 opus
1518 4849 1874 4919 intelligitur;
1914 4868 2013 4923 per

438 4936 796 5002 latitudinem,
830 4938 1075 4992 hilaritas
1121 4941 1413 5008 operantis,
1467 4942 1592 5011 quia
1631 4942 1850 4997 tristitia
1880 4943 2011 4998 facit

439 5031 747 5100 angustias;
787 5045 949 5100 porro
989 5047 1086 5101 per
1122 5032 1459 5089 altitudinem
1497 5034 1691 5099 crucis,
1725 5036 1811 5089 cui
1852 5045 2012 5104 caput

440 5119 761 5192 adjungitur,
791 5123 1121 5190 exspectatio
1167 5124 1505 5194 sempiterna:
1544 5125 1914 5181 retributionis
1948 5128 2011 5181 dc

439 5213 655 5267 sublimi
711 5212 923 5281 justitia
986 5213 1081 5268 Dei
1112 5213 1460 5283 signilicatur,
1513 5222 1647 5269 utet
1708 5216 1823 5285 ipsa
1850 5230 2009 5285 opera

441 5302 577 5356 bona
604 5318 708 5356 non
756 5311 977 5372 propter
1008 5303 1267 5358 beneﬁcia
1313 5305 1404 5358 Dei
1445 5314 1658 5360 terrena
1710 5322 1774 5361 ac
1804 5315 2009 5378 tempo-

442 5392 570 5444 ralia
623 5390 864 5447 facienda
915 5393 1223 5459 credantur,
1270 5394 1361 5449 sed
1387 5395 1564 5465 potius
1623 5404 1841 5466 propter
1883 5395 2011 5450 illud

440 5480 581 5550 quod
609 5481 838 5552 desuper
860 5490 1042 5551 sperat
1068 5482 1201 5539 ﬁdes
1233 5499 1353 5552 quae
1385 5500 1481 5553 per
1518 5484 1859 5540 dilectionem
1887 5501 2013 5555 θρο-

443 5581 610 5627 ratur.
648 5570 768 5628 1am
795 5588 923 5628 vero
965 5588 1064 5643 per
1113 5574 1517 5646 longitudinem,
1562 5593 1668 5647 qua
1706 5586 1875 5634 totum
1900 5594 2013 5632 cor—

440 5677 540 5740 pus
564 5666 891 5730 extenditur,
942 5665 1055 5735 ipsa
1095 5667 1376 5722 tolerantia
1430 5670 1781 5740 signiﬁcatur,
1811 5678 1870 5726 ut
1895 5669 2012 5725 lon-

528 5738 537 5759 \
761 5756 1031 5815 PATBOI..
1078 5755 1359 5817 XCVllI.

2100 1837 2293 1903 venire,
2322 1837 2535 1909 abneget
2571 1840 2919 1911 sentetipsum,
2949 1850 2997 1895 et
3034 1840 3183 1895 tollat
3224 1859 3429 1897 crucem
3457 1861 3609 1899 suam
3628 1856 3677 1899 et

2099 1937 2347 1997 sequatur
2370 1945 2451 1982 me
2477 1928 2693 1998 (Matth.
2724 1946 2844 1997 xvi;
2872 1931 3002 1986 Luc.
3038 1933 3137 2006 ix).
3177 1934 3221 1990 Ο
3250 1936 3446 1990 mirum
3476 1951 3678 2006 pmice-

2101 2026 2274 2086 ptum,
2327 2034 2361 2077 0
2389 2019 2667 2076 salutifera
2716 2024 3042 2091 exhortatio,
3092 2041 3127 2080 ο
3152 2026 3314 2081 vitale
3341 2028 3673 2084 tonitruum!

2101 2107 2306 2173 dixisti,
2361 2124 2394 2164 ο
2421 2107 2543 2165 fons
2568 2110 2722 2177 lucis,
2771 2113 2974 2179 dixisti,
3028 2129 3063 2170 ο
3091 2114 3244 2185 origo
3284 2116 3561 2183 bonitatis,
3611 2133 3679 2174 eo

2102 2199 2248 2273 quod
2272 2199 2603 2269 deponentes
2653 2210 2887 2259 veterem
2940 2205 3214 2261 hominem
3254 2222 3376 2263 cum
3423 2210 3679 2279 operibus

2101 2288 2239 2358 ejus,
2294 2291 2620 2362 denegemus
2675 2295 3052 2365 nosmetipsos,
3110 2296 3467 2368 tollamusque
3514 2317 3679 2357 unus-

2102 2380 2331 2450 quisque
2388 2397 2603 2438 crucem
2663 2399 2838 2452 suam,
2895 2394 2950 2440 et
3020 2389 3221 2443 mundo
3280 2390 3677 2462 cruciﬁgamur,

2103 2471 2442 2545 mundusque
2478 2474 2635 2529 nobis
2681 2476 3045 2547 cruciﬁgatur,
3078 2485 3139 2531 ut
3165 2493 3262 2547 per
3293 2481 3539 2535 carnales
3555 2497 3679 2538 cru-

2104 2561 2277 2617 ciatus
2323 2570 2379 2616 et
2402 2577 2502 2633 per
2535 2563 3005 2621 mortiﬁcationem
3053 2568 3419 2623 membrorum
3463 2582 3678 2627 nostro-

2105 2665 2226 2704 rum
2251 2665 2371 2720 quze
2399 2661 2523 2708 sunt
2553 2668 2716 2724 super
2748 2663 2967 2720 terram,
3000 2657 3242 2711 vivamus
3273 2658 3369 2713 tibi
3398 2659 3482 2713 vel
3501 2662 3681 2729 potius

2107 2748 2165 2794 tu
2192 2740 2340 2796 vivas
2378 2741 2433 2796 in
2464 2743 2651 2798 nobis:
2691 2750 2746 2798 et
2775 2751 2925 2799 tanto
2954 2746 3269 2816 mysterium
3322 2748 3501 2803 crucis
3526 2758 3681 2806 extu-

2107 2828 2236 2893 listi,
2285 2838 2345 2884 ut
2370 2838 2427 2884 ct
2462 2838 2519 2884 tu
2547 2845 2645 2900 per
2686 2846 2807 2886 eam
2854 2833 3189 2903 principatus
3224 2842 3279 2888 et
3305 2843 3602 2903 potestates
3627 2851 3682 2896 et

2107 2933 2323 2974 omnem
2375 2918 2702 2976 inﬁalionem
2753 2922 2938 2976 mundi
2985 2938 3295 2992 evacuares,
3342 2929 3477 2984 etin
3505 2933 3682 2988 crucis

2109 3008 2348 3073 nomine,
2407 3024 2528 3079 qua;
2590 3010 2829 3079 quotidie
2872 3019 2925 3066 te
2961 3017 3227 3072 secuturis
3281 3023 3546 3090 portanda
3575 3033 3680 3089 est,

2111 3100 2358 3155 ardorem
2411 3108 2515 3155 tua:
2565 3101 2870 3158 dilectionis
2924 3104 3007 3158 vel
3054 3115 3375 3164 czetcrarum
3424 3112 3683 3167 virtutum

2109 3190 2472 3247 emolumenta
2501 3192 2833 3263 designares.
2877 3195 2973 3251 Dic
3000 3196 3164 3252 etiam
3214 3201 3358 3269 quod
3382 3203 3450 3258 de
3496 3203 3685 3275 imagi-

2111 3283 2269 3337 nibus
2294 3284 2640 3352 prteeeptum,
2679 3298 2815 3353 quas
2842 3286 3061 3356 quidam
3088 3298 3313 3346 sacrata:
3346 3294 3493 3347 cruci
3518 3295 3684 3364 atqui—

2109 3386 2302 3438 parare
2347 3372 2611 3438 nituntur,
2646 3374 2965 3430 constituas.
3009 3374 3248 3444 Reddite,
3283 3379 3523 3450 inquam,
3569 3400 3686 3454 qua:

2109 3471 2230 3515 sunt
2256 3459 2479 3516 C(rsaris
2504 3461 2718 3530 Cwsari,
2771 3472 2819 3517 et
2846 3481 2963 3534 qute
3004 3466 3101 3520 Dei
3129 3467 3240 3522 Deo
3269 3470 3481 3542 (Matth.
3535 3490 3684 3540 xxu;

2110 3551 2240 3605 Luc.
2301 3552 2419 3625 xu).
2481 3552 2539 3606 Si
2575 3569 2703 3624 ergo
2763 3570 2981 3610 erucem
3030 3557 3218 3614 tollere
3254 3568 3310 3615 et
3339 3568 3412 3628 te,
3471 3565 3560 3634 qui
3592 3580 3687 3639 per

2110 3658 2326 3698 crucem
2389 3645 2725 3713 triumphans
2791 3652 3003 3702 terrena
3071 3650 3383 3708 caelestibus
3447 3656 3686 3722 sociasti,

2109 3737 2284 3807 sequi,
2321 3747 2376 3793 ct
2408 3739 2696 3809 imaginem
2744 3740 2973 3796 Caesaris
3024 3741 3227 3797 Caesari
3281 3747 3506 3802 reddere
3530 3747 3690 3804 debe-

2112 3843 2252 3893 mus,
2286 3844 2393 3883 non
2445 3837 2571 3883 sunt
2615 3828 2876 3899 imagines
2931 3829 3078 3884 cruci
3124 3831 3540 3901 :equiparandie,
3582 3854 3688 3893 non

2111 3918 2416 3986 adorandae,
2455 3933 2561 3973 non
2590 3918 2846 3983 colendae,
2877 3919 2971 3973 sed
2997 3919 3122 3973 huic
3148 3921 3347 3976 mundo
3385 3938 3507 3977 eum
3530 3933 3690 3981 emto-

2112 4010 2188 4064 ris
2243 4025 2364 4080 quae
2402 4009 2585 4065 mundi
2625 4017 2753 4064 sunt
2802 4008 3188 4079 relinquendze,
3228 4019 3285 4065 et
3312 4021 3369 4066 tu
3417 4015 3565 4070 solus
3592 4018 3688 4071 ad-

2110 4103 2367 4167 orandus,
2410 4111 2465 4156 tu
2504 4102 2653 4158 solus
2692 4102 3017 4172 sequendus,
3049 4112 3108 4156 tu
3137 4103 3285 4159 solus
3325 4104 3579 4165 colendus
3606 4123 3685 4175 es,

2112 4194 2203 4262 qui
2253 4193 2308 4246 in
2359 4193 2566 4248 unitate
2628 4192 2946 4249 substantiae
3002 4208 3122 4247 cum
3189 4191 3349 4249 Patre
3383 4205 3435 4251 et
3483 4195 3687 4266 Spiritu

2113 4291 2300 4340 sancto
2327 4284 2590 4355 perpetim
2618 4300 2833 4356 regnas.

2671 4416 2897 4473 CAPUT
2934 4417 3124 4473 XXIX.

2114 4509 2265 4585 Quod
2286 4510 2716 4585 prazsumptiveet
2743 4510 2950 4585 indocte
2969 4527 3059 4585 eas
3088 4509 3340 4567 Tarasius
3365 4529 3481 4585 cum
3501 4530 3689 4585 sequa-

2162 4580 2306 4632 cibus
2335 4580 2444 4633 suis
2468 4582 2690 4635 sacratis
2726 4580 2864 4635 uasis
2893 4583 3217 4651 trguiparare
3244 4599 3347 4636 non
3369 4580 3635 4653 formidet.

2180 4670 2358 4725 Facile
2405 4670 2635 4740 quisque
2675 4669 2892 4725 falletur
2919 4670 2975 4725 in
3030 4670 3267 4726 minimis
3310 4673 3401 4741 qui
3432 4670 3685 4729 facillime

2111 4760 2315 4815 fallitur
2360 4760 2414 4815 in
2468 4761 2694 4832 magnis,
2758 4777 2861 4817 nec
2926 4760 3229 4816 mirandum
3284 4763 3329 4816 si
3358 4763 3599 4818 brevium
3632 4773 3688 4819 et

2112 4868 2247 4922 pene
2299 4853 2646 4909 invisibilium
2703 4852 2906 4909 erroris
2953 4851 3254 4922 jaculorum
3305 4853 3688 4925 inevitabiliter

2110 4940 2344 5011 perferat
2370 4942 2507 4998 ictus
2537 4943 2627 5011 qui
2667 4942 2871 4995 evitare
2893 4940 3080 5008 nequit
3105 4940 3369 4994 immanes
3393 4948 3447 4994 et
3478 4941 3545 4994 ad
3572 4943 3685 4996 evi-

2113 5032 2333 5086 tandum
2375 5031 2561 5086 faciles
2601 5029 2833 5099 pilorum
2883 5027 3162 5097 impulsus.
3201 5027 3339 5094 Quid
3372 5028 3552 5098 itaque
3584 5031 3687 5084 mi-

2114 5125 2337 5179 randum
2364 5132 2446 5178 cst
2487 5122 2533 5177 si
2579 5122 2749 5177 sacris
2777 5121 2920 5176 vasis
2950 5119 3202 5175 Tarasius
3223 5127 3295 5184 et,
3342 5120 3426 5175 cui
3449 5122 3680 5189 prmfuit,

2113 5215 2365 5286 synodus,
2425 5213 2685 5284 imagines
2739 5213 3071 5282 aequiparare
3123 5211 3347 5279 nitatur,
3383 5226 3507 5266 cum
3546 5228 3686 5265 arca:

2114 5305 2420 5359 testamenti
2492 5304 2703 5359 Domini
2733 5311 2787 5359 ct
2830 5304 3080 5358 omnibus
3117 5316 3237 5371 qua:
3286 5302 3340 5356 in
3380 5318 3440 5356 ea
3469 5310 3524 5358 et
3566 5319 3686 5372 qua:

2113 5396 2256 5450 circa
2287 5410 2405 5451 eam
2437 5393 2601 5449 fuisse
2623 5403 2933 5457 noscuntur,
2970 5393 3083 5448 sive
3113 5392 3371 5461 mysterio
3396 5392 3687 5447 Dominiete

2112 5486 2310 5550 crucis,
2350 5501 2559 5541 necnon
2589 5485 2832 5555 corporis
2857 5492 2911 5538 et
2964 5482 3242 5552 sanguinis
3283 5481 3546 5537 Dominici
3574 5483 3687 5537 evi-

2112 5577 2428 5633 dcntissimo
2455 5586 2511 5632 et
2541 5587 2741 5632 nostrae
2776 5574 2966 5630 salutis
2997 5573 3277 5644 aptissimo
3326 5581 3682 5645 sacramento,

2110 5685 2205 5726 eas
2248 5668 2578 5738 aequiparare
2638 5676 2880 5723 conetur.
2948 5666 3112 5737 Cujus
3177 5664 3419 5721 videlicet
3473 5665 3524 5719 iu
3589 5681 3683 5720 co-

3176 5760 3252 5821 35
