4070 6186
1709 98 1742 105 ιν

421 327 556 386 ιῡειο

1286 307 1347 360 Β.
1389 300 1639 358 CAROLI
1680 296 1894 353 MAGNI
1931 291 2084 351 OPP.
2127 289 2306 344 PARS
2341 287 2405 343 ll.
2447 282 2690 341 SECTIO
2729 282 2790 337 ll.

3562 276 3700 334 “00

425 434 698 510 nquandis
731 431 818 486 his
854 425 1025 483 sacris
1067 419 1210 475 vasis
1235 433 1390 472 error
1417 430 1538 470 cum
1566 424 1759 481 magno
1795 411 2006 476 poterat
2034 401 2406 465 A‘destinatm,
2433 406 2487 452 et
2511 412 2609 467 per
2631 399 2902 449 momenta
2946 388 3267 446 saeculorum
3318 389 3386 443 ad
3450 386 3707 442 humanae

1585 501 1597 510 .
1671 507 1678 510 Α
1963 509 1974 510 γ
2118 492 2298 510 ηιηη-
2338 489 2691 510 ----ι--........-
2729 482 2974 510 ,δάκνω-..ς
3024 479 3356 510 Λνιιῖιιῖθῖηηυ
3405 489 3688 510 ηΛιὶηΔεεω

424 501 678 582 admirari
721 529 962 588 stupore,
1016 511 1119 566 nisi
1167 514 1320 563 tanto
1364 501 1752 575 praeveniretur
1798 509 2001 551 errore.

427 617 635 686 Quanta
697 587 826 678 ergo
887 598 1203 659 excellentia
1261 610 1387 649 vasa
1433 592 1616 648 divino
1661 587 1830 644 cultui
1857 599 2010 639 man-

428 678 604 774 cipata
633 698 954 768 imaginibus
980 691 1275 751 emineant,
1305 683 1500 740 divinae
1522 680 1658 751 legis
1684 678 2012 732 instrumen-

431 765 496 850 ta.
520 765 935 849 demonstrant:
975 796 1100 838 eum
1124 778 1310 847 utique
1349 774 1460 839 illa,
1509 769 1856 842 praecipiente
1905 765 2010 818 Do-

435 888 604 951 mino,
631 897 728 954 per
752 879 970 949 Moysen
998 875 1052 927 in
1081 866 1372 926 testimonii
1401 859 1748 918 tabernaculo
1774 855 2010 915 condita,

431 976 486 1021 et
524 941 857 1021 instituenti;
898 972 1082 1018 vatum
1135 955 1476 1012 sanctissimo
1511 949 1678 1002 David
1724 959 1823 1015 per
1857 941 2015 997 Salo-

436 1070 649 1111 monem
683 1055 736 1108 in
767 1049 966 1120 templo
979 1043 1366 1115 Hierosolymis
1396 1039 1612 1095 condita
1634 1045 1794 1105 atque
1817 1034 2013 1097 dicata,

435 1157 490 1202 et
519 1146 821 1217 typicorum
867 1151 1123 1194 sensuum
1175 1148 1372 1188 arcana
1417 1128 1858 1201 significaverint,
1883 1133 1937 1181 et
1961 1124 2015 1178 in
2061 1183 2063 1185 ,

437 1237 522 1292 his
543 1212 671 1304 quae
695 1232 762 1286 ad
788 1228 883 1284 Dei
910 1228 1115 1282 cultum
1155 1222 1425 1294 pertinent
1459 1217 1699 1275 diuturni
1732 1212 2018 1270 ministerii

436 1327 671 1383 officium
714 1319 1063 1393 gestaverint.
1126 1315 1220 1370 Hae
1253 1323 1432 1368 autem
1465 1311 1612 1366 salva
1648 1309 1853 1364 ratione
1880 1305 2023 1362 Che—

439 1417 641 1483 mbim,
669 1413 784 1469 sive
809 1413 974 1466 boum
1000 1415 1057 1463 et
1081 1407 1316 1470 leonum,
1345 1402 1437 1472 qui
1463 1417 1568 1455 non
1593 1400 1661 1455 ad
1690 1396 2024 1453 adorandum

440 1513 536 1568 sed
574 1509 644 1564 ad
700 1519 881 1562 rerum
944 1502 1247 1555 futurarum
1314 1493 1762 1565 signiﬁcationem
1823 1486 2025 1544 conditi

442 1612 590 1669 sunt,
620 1616 728 1656 non
751 1598 922 1654 solum
955 1610 984 1648 a
1021 1605 1292 1664 quoquam
1333 1596 1642 1644 sanctorum
1669 1599 1776 1639 non
1799 1580 2028 1638 conditae

444 1694 529 1749 vel
555 1691 835 1753 dedicatae,
881 1685 974 1740 sed
1000 1698 1138 1754 pene
1165 1689 1485 1735 cunctorum
1515 1675 1709 1731 divinae
1743 1672 1880 1741 legis
1908 1684 2030 1724 ora-

2111 492 2301 547 salutis
2332 489 2696 545 emolumenta
2725 482 2976 539 clementi
3023 479 3356 534 exhibitione
3404 489 3707 541 concessae,

2111 583 2454 650 habeantque
2496 585 2747 632 auctores
2791 582 3006 628 sanctos
3055 586 3121 626 ac
3171 568 3519 624 venerabiles
3566 569 3713 623 viros

2111 675 2374 728 virtutum
2409 667 2744 737 lampadibus
2767 676 2821 720 et
2855 661 3243 717 miraculorum
3280 659 3599 730 insignibus
3627 674 3717 713 co-

2115 771 2430 843 ruscantes,
2460 759 2544 814 vel
2573 766 2722 814 certe
2762 755 2940 825 ipsum
2982 752 3292 815 Dominum,
3321 751 3417 819 qui
3470 749 3717 817 corporis

2114 862 2170 910 et
2191 853 2468 924 sanguinis
2489 851 2571 904 sui
2607 847 2923 924 mysterium
2953 843 3070 899 sive
3097 843 3277 898 crucis
3304 847 3720 896 sacramentum

2116 956 2316 1003 nostra:
2339 944 2496 1000 saluti
2527 955 2826 1012 congruum
2855 919 3124 993 concessit
3149 951 3164 990 :
3194 936 3314 990 istae
3342 949 3482 988 vero
3510 941 3566 987 et
3593 947 3721 1003 gen-

2118 1039 2293 1094 tilium
2327 1044 2606 1091 auctorum
2626 1032 2865 1086 vanitate
2883 1028 3108 1099 prolata:
3138 1027 3267 1091 sint,
3297 1036 3351 1081 et
3385 1024 3602 1080 nullam
3638 1038 3724 1078 sa-

2118 1131 2246 1185 lutis
2283 1127 2694 1190 exhibitionem,
2719 1123 2922 1178 nullam
2948 1119 3280 1176 sacramenti
3306 1115 3548 1185 alicujus
3576 1130 3698 1169 mor

2121 1221 2320 1276 talibus
2345 1216 2762 1290 praerogativam
2807 1212 3099 1276 adducant,
3135 1210 3230 1265 sed
3275 1207 3454 1264 oculis
3484 1214 3727 1260 tantum-

2122 1312 2284 1368 modo
2322 1309 2556 1374 faveant,
2590 1320 2688 1377 per
2719 1319 2856 1375 quos
2883 1302 3038 1372 quasi
3075 1315 3174 1370 per
3215 1300 3484 1370 quosdam
3521 1297 3726 1366 legatos

2124 1413 2399 1474 gestarum
2431 1414 2614 1455 rerum
2648 1396 2967 1477 memoriam
3016 1393 3270 1449 cordibus
3316 1390 3604 1445 mandent.
3650 1388 3729 1442 Eo

2124 1495 2324 1551 etenim
2353 1501 2592 1561 tempore
2611 1504 2718 1560 quo
2739 1488 2949 1558 Moyses
2963 1500 3087 1541 cum
3111 1482 3308 1554 populo
3327 1482 3423 1536 Dei
3456 1481 3514 1534 in
3541 1494 3723 1534 eremo

2127 1585 2470 1649 morabatur,
2503 1589 2559 1636 et
2603 1578 2950 1651 praecipiente
2997 1574 3226 1632 Domino
3259 1588 3431 1628 sacra:
3460 1570 3600 1640 legis
3633 1569 3726 1624 do-

2132 1678 2359 1733 ctrinam
2389 1682 2443 1730 et
2471 1671 2915 1730 caeremoniarum
2939 1664 3336 1722 sacratissimos
3365 1663 3510 1717 ritus
3528 1659 3725 1731 populo

449 1784 696 1840 culorum
751 1774 1077 1833 testimoniis
1129 1782 1516 1841 usquequaque
1562 1771 1689 1821 sunt
1741 1761 2025 1816 abdicatae.
2062 1750 2108 1811 Β
2137 1771 2401 1833 tradebat,
2425 1776 2479 1824 ει
2499 1781 2668 1838 genus
2695 1766 2992 1819 humanum
3023 1760 3091 1815 ad
3124 1746 3288 1816 divini
3323 1756 3510 1812 curtus
3551 1754 3728 1809 erud}.

451 1879 576 1932 time
607 1885 823 1944 quoque
864 1880 994 1922 vasa
1021 1879 1142 1936 qua:
1166 1861 1235 1916 ad
1264 1857 1565 1932 peragenda
1592 1862 1790 1910 nostrae
1822 1852 2032 1906 redem-

449 1965 650 2037 ptionis
676 1958 933 2032 mysteria
961 1961 1148 2010 sancta
1171 1953 1333 2007 habet
1358 1947 1621 2012 Ecclesia,
1673 1957 1885 2013 semper
1907 1946 2034 1995 sunt

451 2057 698 2112 fidelibus
736 2031 1096 2112 necessaria,
1155 2055 1475 2112 semperque
1537 2039 1592 2093 in
1663 2035 1845 2091 divino
1887 2031 2034 2087 cultu

450 2147 713 2205 ofﬁciosa.
747 2143 806 2198 ln
855 2142 999 2196 vasis
1051 2137 1217 2210 igitur
1266 2135 1378 2188 Deo
1427 2129 1772 2192 sacrificium,
1820 2140 1928 2180 non
1979 2123 2035 2176 in

452 2237 778 2307 imaginibus
802 2232 1062 2288 offertur:
1103 2228 1158 2282 in
1205 2224 1349 2280 vasis
1381 2222 1751 2294 thymiamata,
1803 2216 2037 2271 lumina-

452 2333 534 2387 ria
561 2329 648 2384 vel
679 2337 876 2383 caet'cra
915 2322 1112 2378 divinis
1139 2318 1378 2375 cultibus
1414 2323 1558 2385 apta,
1605 2327 1713 2366 non
1759 2310 1812 2364 in
1840 2307 2038 2376 imagi-

453 2423 614 2478 nibus
656 2417 1016 2478 dedieantur;
1061 2412 1117 2466 in
1169 2409 1368 2480 quibus
1414 2413 1597 2459 tamen
1625 2409 1682 2457 et
1703 2401 1749 2456 si
1792 2398 2039 2470 quaedam

455 2512 718 2583 imagines
771 2514 916 2572 sunt,
956 2519 1063 2558 non
1118 2501 1242 2556 ideo
1292 2505 1418 2553 sunt
1469 2502 1532 2550 ut
1583 2494 1898 2556 adorentur,
1948 2495 2042 2542 aut

456 2581 613 2676 quasi
641 2601 760 2659 sine
796 2599 884 2654 his
923 2609 1200 2653 sacrorum
1235 2590 1622 2648 charismatum
1650 2597 1847 2640 munus
1882 2581 2044 2636 viles-

456 2671 583 2751 cere
610 2699 791 2764 queat,
822 2688 917 2743 sed
941 2694 1001 2742 ut
1029 2683 1303 2756 pulchrior
1345 2680 1429 2736 his
1461 2676 1740 2748 impressis
1791 2671 2043 2729 materia-

456 2800 579 2841 rum
624 2759 858 2852 qualitas
899 2778 1030 2831 ﬁat:
1068 2774 1300 2843 denique
1351 2771 1468 2826 sine
1513 2766 1836 2837 imaginibus
1878 2769 1933 2817 et
1966 2759 2046 2815 la-

458 2878 609 2936 vaeri
672 2875 838 2940 unda,
869 2879 925 2926 et
966 2869 1107 2926 sacri
1170 2865 1395 2936 liquoris
1458 2861 1644 2917 unctio
1705 2856 1930 2928 percipi,
1991 2861 2045 2909 et

457 2966 813 3041 thymiamata
875 2959 1099 3024 adoleri,
1148 2965 1204 3013 et
1276 2953 1636 3009 luminaribus
1691 2950 1806 3004 loca
1855 2954 2044 3002 sancta

458 3037 799 3130 perlustrari,
855 3061 910 3108 et
955 3046 1198 3118 corporis
1223 3053 1277 3100 et
1307 3041 1584 3114 sanguinis
1625 3037 1889 3094 Dominici
1915 3051 2045 3091 con—

460 3128 694 3205 secratio
720 3144 862 3200 effici
891 3147 1089 3213 potest,
1119 3139 1238 3193 sine
1264 3136 1408 3193 vasis
1434 3146 1564 3187 vero
1586 3144 1882 3200 nunquam.
1909 3128 2044 3182 Nam

463 3250 520 3297 et
545 3245 746 3294 nostrae
774 3233 969 3291 salutis
1005 3238 1194 3285 auctor
1241 3241 1364 3283 cum
1402 3234 1458 3280 et
1487 3223 1670 3280 Veteri
1701 3223 2049 3276 Testamento

463 3331 756 3389 terminum
795 3334 851 3382 et
874 3324 1025 3380 Novo
1069 3321 1284 3376 initium
1328 3324 1575 3390 poneret,
1603 3329 1710 3370 non
1741 3311 2050 3382 imaginem,

463 3423 560 3480 sed
599 3420 826 3477 calicem
852 3414 1128 3484 accepisse
1161 3409 1497 3482 perhibetur,
1528 3413 1582 3460 et
1609 3420 1708 3475 per
1734 3403 2052 3474 prophetam

463 3515 727 3571 Dominus
769 3527 876 3567 non
906 3509 1004 3573 ait,
1035 3502 1394 3568 Mundamini,
1431 3501 1523 3570 qui
1556 3499 1714 3554 fertis
1767 3497 2050 3568 imagines,

466 3607 583 3672 sed,
633 3599 971 3656 Mundamini
1028 3596 1121 3668 qui
1169 3594 1316 3666 fertis
1368 3608 1493 3646 vasa
1523 3589 1735 3645 Domini
1764 3586 1899 3660 (Isa.
1929 3584 2049 3658 LII).

464 3693 826 3768 Babylonicus
892 3704 1024 3761 ergo
1093 3702 1187 3742 rex
1252 3699 1360 3739 non
1387 3684 1456 3738 oh
1517 3679 1743 3749 alicujus
1800 3674 2053 3744 injuriam

465 3766 720 3857 imaginis
776 3779 1086 3851 corripitur,
1146 3773 1242 3832 sed
1263 3774 1388 3844 quia
1417 3785 1546 3825 vasa
1591 3767 1789 3824 divinis
1818 3766 2053 3821 cultibus

465 3852 733 3940 officiosa,
761 3886 882 3942 quae
932 3869 1137 3924 abavus
1186 3865 1253 3920 de
1299 3861 1485 3918 Judana
1516 3858 1678 3912 allata
1714 3857 1769 3910 in
1813 3852 2055 3910 delubris

467 3981 689 4024 suorum
722 3969 980 4034 posuerat
1030 3957 1316 4022 idolorum,
1369 3950 1648 4024 religionis
1709 3946 1976 4017 siquidem
2003 3952 2059 3998 et

468 4057 793 4115 reverentiae
841 4067 1005 4110 causa
1035 4091 1052 4118 ,
1124 4049 1268 4104 inter
1323 4042 1746 4101 comessationes
1817 4035 2056 4093 delubris

466 4149 660 4215 eximi,
709 4154 765 4204 et
787 4146 978 4201 usibus
1006 4140 1256 4197 humanis
1282 4135 1523 4193 exhibita
1566 4128 1902 4203 peregrinari
1931 4142 2061 4181 cen-

468 4240 660 4304 suerit,
705 4247 762 4294 et
789 4249 1035 4307 praesago
1066 4229 1314 4287 miraculi
1356 4236 1576 4297 stupore
1624 4222 1904 4285 attonitus,
1935 4233 2059 4290 qua:

470 4331 577 4388 sibi
607 4339 836 4384 ventura
864 4334 1052 4383 essent
1082 4323 1308 4388 audivit,
1359 4328 1416 4374 et
1443 4320 1583 4374 inter
1609 4313 1834 4370 hostiles
1857 4325 2062 4368 cuneos

2071 3096 2120 3162 (Ξ

2133 1863 2334 1918 tionem
2376 1859 2721 1920 infamabat,
2750 1855 2988 1925 Cecrops
3024 1851 3244 1923 quidam
3289 1864 3383 1904 rex
3431 1846 3728 1902 Athenien-

2133 1955 2274 2010 sium
2327 1951 2627 2007 daamonieo
2681 1947 2893 2002 illectus
2945 1957 3189 2009 veneno,
3233 1941 3398 1995 rudes
3447 1936 3730 2009 gentilium

2136 2045 2348 2100 mentes
2375 2045 2443 2099 ad
2477 2041 2771 2112 imaginum
2799 2037 3326 2103 simulacrorumque
3358 2039 3416 2087 et
3461 2030 3533 2085 ad
3572 2043 3732 2083 vano-

2137 2153 2258 2193 rum
2285 2137 2506 2192 deorum
2528 2132 2769 2188 culturas
2791 2127 3076 2191 excitavit;
3119 2132 3174 2178 et
3207 2137 3316 2192 quo
3355 2128 3610 2189 tempore
3644 2132 3731 2186 po-

2136 2229 2297 2300 pulus
2322 2227 2418 2282 Dei
2447 2223 2703 2280 mandata
2723 2223 2849 2277 vitae
2877 2218 3140 2290 percepit,
3171 2217 3276 2272 hoc
3320 2215 3413 2269 ille
3453 2210 3732 2268 illiciendis

2140 2319 2424 2374 animabus
2445 2323 2718 2387 perpetua:
2740 2312 2930 2367 mortis
2948 2309 3142 2380 poeula
3173 2315 3228 2362 et
3254 2305 3503 2362 diuturni
3533 2300 3731 2356 erroris

2142 2408 2434 2465 seminaria
2457 2403 2810 2476 praeparavit:
2830 2402 2895 2457 de
2917 2416 3026 2471 quo
3047 2406 3130 2455 est
3151 2396 3282 2452 illud
3310 2395 3522 2452 Sedulii
3543 2412 3557 2449 :

2297 2520 2430 2579 Quos
2453 2516 2634 2568 Iethale
2658 2515 2832 2566 malum
2859 2527 2982 2579 quos
3004 2516 3142 2579 vanis
3161 2509 3488 2579 dcdita_curis

2296 2576 2456 2632 A'ttica
2477 2580 2721 2642 CecrOpei
2739 2581 2895 2640 serpit
2929 2577 3145 2626 doctrina
3166 2576 3365 2624 veneni.

2146 2683 2299 2741 Unde
2337 2681 2630 2752 imaginum
2657 2693 2811 2744 usus,
2832 2677 2925 2747 qui
2964 2691 2994 2730 a
3026 2674 3307 2746 gentilium
3348 2671 3726 2728 traditionibus

2146 2772 2391 2838 inolevit,
2419 2785 2586 2825 sacrae
2622 2769 2756 2839 legis
2785 2767 2939 2822 libris
2961 2763 3282 2835 :equiparari
3307 2779 3411 2818 nec
3447 2765 3607 2818 debet
3633 2775 3725 2813 nec

2146 2862 2310 2926 valet,
2335 2859 2461 2931 quia
2487 2859 2540 2913 in
2567 2856 2738 2923 libris,
2764 2871 2871 2910 non
2895 2855 2949 2909 in
2979 2853 3324 2924 imaginibus,
3339 2851 3602 2908 doctrinae
3624 2847 3726 2917 spi-

2148 2951 2324 3008 ritalis
2348 2949 2706 3005 eruditionem
2745 2945 3022 3002 discimus.
3067 2942 3185 2998 Non
3219 2943 3366 2998 enim
3417 2943 3498 2997 ait
3545 2938 3729 2995 Paulus

2149 3041 2424 3108 apostolus
2475 3057 2489 3093 :
2553 3038 2899 3106 Quaecunque
2951 3035 3094 3104 picta
3147 3042 3314 3098 sunt,
3365 3035 3437 3088 ad
3496 3040 3723 3087 nostram

2153 3135 2453 3188 doctrinam
2489 3130 2635 3200 picta
2673 3136 2819 3193 sunt,
2855 3126 2949 3182 sed
2991 3125 3069 3180 ait
3107 3141 3121 3179 :
3165 3124 3507 3196 Quwcunque
3546 3122 3726 3192 scripta

2151 3233 2294 3287 sunt,
2318 3223 2386 3275 ad
2414 3229 2645 3274 n‘bstram
2679 3219 2976 3272 doctrinam
3010 3217 3203 3288 scripta
3236 3225 3358 3270 sunt
3407 3215 3587 3287 (Rom.
3619 3208 3722 3280 xv),

2152 3320 2212 3368 ut
2255 3325 2353 3382 per
2390 3311 2710 3381 patientiam
2759 3318 2814 3364 et
2864 3307 3290 3364 consolationem
3331 3305 3727 3375 Scripturarum

2154 3423 2304 3478 spem
2330 3407 2626 3460 habeamus
2650 3404 2719 3458 ad
2745 3404 2936 3458 Deum.
2982 3401 3093 3456 Nec
3138 3401 3237 3466 ait,
3277 3399 3470 3456 Omnis
3511 3397 3725 3468 pictura,

2155 3500 2268 3564 sed,
2299 3497 2482 3552 Omnis
2512 3494 2790 3566 Scriptura
2821 3493 3068 3547 divinitus
3108 3491 3366 3562 inspirata
3402 3488 3548 3543 utilis
3572 3493 3642 3540 est
3668 3480 3729 3534 ad

2155 3586 2469 3650 docendum,
2504 3585 2572 3639 ad
2605 3582 2953 3655 urguendum,
2982 3581 3052 3635 ad
3097 3579 3468 3646 erudiendum,
3495 3587 3550 3631 ut
3577 3573 3728 3648 perfe-

2157 3688 2271 3734 ctus
2298 3680 2365 3733 sit
2398 3679 2551 3732 homo
2587 3675 2684 3730 Dei
2727 3673 2796 3729 ad
2842 3689 2994 3728 omne
3039 3689 3168 3745 opus
3221 3672 3412 3726 bonum
3463 3672 3728 3725 instructus

2159 3771 2245 3843 (II
2279 3770 2412 3824 Tim.
2443 3766 2550 3841 ιιι).
2577 3765 3037 3836 Quinquagesimo
3059 3763 3291 3833 denique
3332 3763 3418 3817 die
3470 3769 3590 3832 post
3618 3754 3727 3824 agni

2160 3859 2585 3916 immolationem
2612 3867 2668 3912 et
2698 3857 2863 3913 maris
2893 3855 3046 3910 rubri
3072 3855 3382 3921 transitum,
3409 3852 3659 3909 Dominus
3681 3847 3728 3899 in

2160 3964 2401 4010 montem
2455 3953 2606 4008 Sinai
2650 3951 3004 4016 descendens,
3034 3950 3229 4021 legem,
3256 3965 3364 4004 non
3401 3949 3622 4020 pictam,
3648 3939 3728 3997 sed

2163 4046 2418 4114 scriptam
2444 4043 2615 4114 Moysi
2639 4043 2805 4107 dedit,
2829 4050 2884 4096 et
2908 4042 2962 4096 in
2994 4042 3192 4097 tabulis
3223 4041 3452 4112 lapideis
3481 4055 3582 4095 non
3609 4037 3728 4090 ima-

2163 4140 2336 4211 gines,
2359 4139 2454 4194 sed
2478 4136 2658 4207 apices
2686 4136 2779 4206 qui
2808 4136 3014 4190 indices
3037 4149 3219 4189 rerum
3245 4135 3358 4189 sive
3384 4135 3538 4205 signa
3564 4127 3730 4183 verbo-

2164 4247 2285 4287 rum
2309 4245 2430 4286 esse
2456 4229 2805 4299 perhibentur
2822 4267 2838 4294 ,
2867 4227 3106 4282 tradidit.
3133 4225 3278 4280 Idem
3303 4239 3520 4294 quoque
3543 4220 3728 4289 Moyses

2165 4323 2428 4394 originem
2457 4321 2641 4376 mundi
2666 4335 2772 4375 non
2792 4319 3082 4390 pingendo,
3097 4318 3190 4373 sed
3210 4315 3498 4372 scribendo
3517 4307 3726 4368 edocuit.

471 4423 600 4479 vitae
625 4420 832 4515 pariter
856 4417 1119 4515 regnique
1145 4413 1420 4484 jacturam
1445 4407 1635 4511 sensit.
1676 4404 1778 4473 Qui
1828 4403 2062 4474 prophe-
2086 4451 2144 4515 Β
2169 4427 2223 4474 ει
2251 4417 2428 4472 omnia
2457 4430 2576 4484 qua3
2599 4429 2698 4484 per
2722 4413 2970 4484 spiritum
2993 4410 3439 4484 ρτορδειίωρίνθ
3454 4410 3517 4464 de
3533 4410 3728 4476 praeter.

1501 4510 1512 4515 -
2174 4513 2183 4515 μ
2219 4513 2229 4515 _
2522 4509 2532 4515 .
3033 4505 3048 4515 .
3287 4503 3321 4515 ..
3446 4503 3459 4514 .
3676 4491 3728 4515 λη

474 4523 561 4572 tas
583 4513 706 4576 scit,
738 4525 802 4566 ea
836 4523 958 4580 qua:
983 4505 1215 4564 dicimus
1239 4501 1539 4575 cognoscit.

1047 4620 1274 4679 CAPUT
1322 4615 1494 4675 XXX.

478 4742 674 4800 Contra
697 4755 784 4796 eos
809 4739 901 4813 qui
926 4737 1128 4813 dicunt,
1153 4735 1306 4813 Sicut
1339 4733 1536 4813 divinae
1559 4729 2065 4813 scripturae-libros,

549 4814 624 4869 ita
663 4801 922 4882 imagines
949 4809 1020 4865 ob
1049 4801 1376 4882 memoriam
1397 4803 1762 4859 venerationis
1787 4801 2066 4867 habemus,

547 4893 748 4940 nostrae
777 4878 908 4938 lidei
943 4879 1236 4952 puritatem
1264 4878 1634 4933 observantes.

550 4998 606 5053 Si
639 4996 727 5053 hic
749 5010 904 5051 error
927 5007 1036 5063 quo
1065 4991 1258 5048 divinae
1285 4987 1581 5060 Scripturze
1612 4985 1764 5043 libris
1809 4983 2071 5056 imagines

477 5090 816 5162 aequiparare
845 5087 1111 5152 nituntur,
1136 5084 1349 5141 caeteris
1374 5097 1563 5139 eorum
1607 5080 1888 5136 erroribus
1925 5092 2073 5133 com-

477 5192 717 5254 paretur,
744 5193 1052 5251 quanquam
1083 5191 1213 5250 erga
1249 5192 1308 5231 sc
1337 5176 1408 5231 sit
1451 5189 1660 5245 magnae
1707 5168 2071 5236 enormitatis,

479 5274 604 5328 aliis
621 5288 751 5328 vero
775 5277 1138 5341 comparatus,
1166 5268 1360 5336 quibus
1383 5281 1476 5321 eas
1502 5272 1556 5319 et
1588 5279 1729 5320 arcae
1757 5261 1990 5328 Domini,
2017 5269 2073 5315 et

482 5363 726 5432 corporis
747 5370 801 5418 et
821 5360 1097 5433 sanguinis
1123 5357 1390 5414 Dominici
1421 5362 1780 5419 sacramento,
1807 5361 1862 5408 et
1895 5350 2074 5408 crucis

487 5454 742 5526 mysterio
766 5455 1102 5526 aequiparare
1127 5451 1232 5508 nisi
1265 5459 1425 5516 sunt,
1454 5450 1631 5505 minor
1674 5446 1861 5518 procul
1911 5445 2074 5502 dubio

489 5544 774 5613 reperitur,
789 5546 1088 5616 praesertim
1111 5559 1234 5601 cum
1258 5557 1360 5598 nec
1378 5541 1504 5607 iliis,
1519 5556 1620 5595 nec
1642 5540 1760 5594 istis
1782 5540 1884 5594 rite
1905 5536 2075 5608 aequi-

485 5638 664 5708 parari
692 5639 900 5706 possint
930 5654 1086 5693 :cum
1111 5637 1358 5693 videlicet
1373 5636 1477 5691 illae
1497 5635 1664 5690 solius
1688 5634 1784 5688 Dei
1809 5632 2074 5689 altissimo

487 5745 795 5800 arcanoqnc
817 5747 880 5786 ac
904 5746 1148 5803 praesago
1170 5729 1374 5799 judicio
1408 5731 1516 5784 sint
1539 5735 1662 5783 ante
1687 5725 1882 5782 saecula
1929 5741 2072 5796 pra:-

2171 4513 2263 4566 itis
2310 4509 2588 4580 cognovit,
2625 4515 2686 4562 ut
2741 4523 2808 4562 ea
2850 4521 2971 4576 quae
3016 4505 3082 4560 de
3137 4503 3323 4559 mundi
3376 4499 3650 4572 principio,
3672 4491 3728 4545 de

2169 4603 2444 4660 creatione
2465 4600 2723 4665 hominis,
2748 4599 2812 4656 de
2833 4598 3054 4664 diluvio,
3073 4597 3186 4652 sive
3211 4597 3276 4652 de
3301 4597 3513 4650 caeteris
3525 4588 3728 4663 patriar-

2170 4697 2395 4753 charum
2420 4708 2518 4763 per
2537 4692 2784 4747 ordinem
2811 4689 3056 4746 historiis
3076 4686 3459 4758 promulgavit,
3487 4685 3592 4741 sive
3623 4688 3728 4747 quin

2169 4788 2424 4862 praesenti
2446 4786 2550 4844 sibi
2576 4794 2818 4855 tempore
2841 4784 3058 4846 ﬁebant,
3085 4789 3146 4836 ut
3175 4797 3237 4836 ea
3272 4795 3392 4850 quae
3410 4794 3509 4848 per
3535 4771 3724 4830 Balaam

2169 4882 2285 4936 sive
2318 4877 2530 4942 Balaac,
2558 4877 2672 4932 sive
2701 4890 2800 4946 per
2822 4881 3048 4929 caeteros
3070 4871 3162 4941 qui
3194 4869 3271 4925 illi
3302 4870 3551 4924 absentes
3573 4863 3724 4918 erant.

2171 4972 2486 5044 agebantur,
2511 4966 2792 5037 comperit,
2819 4965 2930 5020 sive
2959 4979 3023 5018 ea
3058 4977 3179 5032 quae
3207 4960 3274 5014 de
3300 4958 3496 5014 futuris
3521 4949 3724 5023 Spiritus

2172 5037 2342 5121 sancti
2365 5061 2579 5116 ﬂamine
2613 5057 2821 5113 aﬂlatus
2850 5054 3128 5118 intellexit,
3161 5059 3219 5107 ut
3242 5059 3326 5106 est
3349 5051 3480 5106 illud
3507 5042 3637 5118 quod
3668 5037 3724 5092 de

2170 5153 2613 5227 praevaricatione
2632 5148 2815 5220 populi
2837 5145 3144 5202 Judaeorum
3163 5145 3279 5200 sive
3292 5144 3360 5199 de
3378 5155 3558 5198 eorum
3578 5129 3700 5202 capti

2173 5249 2340 5304 vitate
2368 5245 2452 5311 vel
2477 5244 2641 5300 etiam
2668 5243 2733 5296 de
2764 5239 2998 5295 adventu
3026 5236 3230 5293 Christi
3274 5234 3476 5290 dixisse
3511 5228 3722 5311 legitur.

2176 5340 2230 5394 in
2267 5309 2504 5410 quinque
2529 5334 2680 5390 libris
2728 5332 2997 5388 adnotans
3041 5344 3149 5384 non
3193 5327 3478 5398 pingendo,
3501 5319 3585 5378 sed
3606 5309 3714 5369 seri.

2173 5432 2350 5490 bendo
2386 5428 2597 5485 saeculis
2624 5433 2746 5496 post
2782 5423 2978 5479 futuris
3018 5420 3245 5476 Domino
3281 5421 3570 5486 imperante
3595 5417 3721 5496 matt-

2176 5523 2351 5589 davit;
2402 5535 2504 5576 nec
2549 5490 2725 5574 de-eo
2774 5515 3062 5570 scribitur:
3089 5510 3310 5580 Accepit
3343 5509 3589 5579 picturas,
3625 5490 3720 5589 sed.

2176 5583 2384 5686 Accepit
2399 5612 2586 5666 librum
2609 5609 2816 5680 Moyses
2836 5615 2884 5661 et
2908 5606 3136 5660 recitavit
3163 5605 3218 5657 in
3239 5618 3392 5656 aures
3411 5593 3578 5671 popu‘i
3596 5583 3724 5686 rem

2176 5678 2517 5776 libri'(Deut.
2543 5678 2727 5772 xxxn).
2766 5698 2919 5754 Unde
2946 5705 3002 5752 et
3030 5693 3317 5766 Apostolus
3345 5690 3527 5748 scribit
3559 5700 3571 5736 :
3597 5678 3722 5733 ιεειο
