4070 6186
475 303 599 358 HOI

1252 295 1430 352 LIBRI
1470 291 1812 352 CAROLINI.
1860 325 1924 334 -—
1964 289 2184 348 CAPIT.
2229 293 2316 348 DE
2353 289 2541 346 lMAG.
2583 323 2650 332 —-
2692 291 2821 347 LIB.
2863 290 2923 344 ll.

3587 294 3724 351 H02

465 419 602 473 enim
629 414 770 469 omni
797 412 1044 468 mandato
1087 410 1214 483 legis
1261 427 1293 463 a
1347 409 1528 480 Moyse
1576 409 1815 462 universo
1859 405 2048 478 populo
2079 408 2122 463 Δ
2153 412 2325 458 torum
2358 421 2459 458 non
2488 404 2686 458 stetisse
2713 402 2926 476 (Ibid.),
2953 402 3004 457 id
3029 411 3111 457 est
3131 444 3144 468 ,
3176 411 3329 458 actus
3364 404 3570 462 vitiosae
3603 424 3732 464 con--

468 507 660 580 (Hebr.
701 505 813 576 1x);
853 511 907 558 et
927 511 1049 574 post
1069 516 1279 573 pauca:
1315 499 1494 571 Ipsum
1528 516 1730 572 quoque
1767 497 1956 552 librum
2003 506 2052 552 et

469 612 676 653 omnem
711 593 962 666 pupulum
998 593 1216 664 aspersit
1245 589 1454 663 (Ibid.),
1483 600 1542 644 ιιι
1581 602 1740 644 nosse
1787 588 2055 658 possimus

470 688 832 761 legislatorem
874 701 980 740 non
1021 685 1218 741 l'ucatis
1263 683 1522 752 picturis,
1548 682 1641 736 sed
1689 679 2056 735 saluberrimis

473 776 769 847 Scripturis
783 791 940 830 usum
955 774 1140 830 fuisse.
1159 772 1322 828 Josue
1341 773 1502 827 etiam
1519 785 1800 826 successor
1817 768 2056 837 ejusdem

475 866 665 937 Moysi,
698 865 790 934 qui
843 880 964 919 eum
1011 863 1208 933 populo
1255 862 1350 916 Dei
1395 859 1685 915 Iordanem
1731 859 1874 914 sicco
1922 857 2058 926 pede

479 958 726 1023 transiit,
761 965 815 1012 et
861 954 1233 1012 Chananitidis
1281 953 1456 1024 gentis
1509 950 1805 1022 prostratis
1843 949 2059 1019 regibus

479 1049 913 1121 repromissionis
937 1054 1138 1100 terram
1176 1044 1301 1098 ﬁliis
1342 1042 1508 1098 lsrael
1553 1050 1698 1097 sorte
1747 1039 1947 1102 divisit,
1981 1047 2062 1109 ty—

479 1157 716 1214 pumque
735 1138 1046 1196 mediatoris
1062 1137 1158 1191 Dei
1181 1143 1236 1191 et
1251 1136 1529 1191 hominum
1544 1132 1712 1203 gessit
1735 1149 1749 1185 :
1773 1131 1863 1200 qui
1887 1138 2064 1184 trans-

482 1231 619 1286 actis
645 1229 842 1286 veteris
867 1227 1004 1298 legis
1028 1226 1224 1281 ritibus
1248 1239 1345 1294 per
1371 1223 1637 1292 baptisma
1673 1220 1925 1291 populum
1966 1218 2061 1273 Dei

481 1321 552 1375 ad
580 1328 778 1374 terram
814 1313 1246 1387 repromissionis
1294 1312 1531 1377 adducit,
1573 1320 1629 1365 et
1672 1309 1956 1380 prostratis
1984 1307 2064 1360 vi-

482 1412 681 1466 tiorum
726 1409 840 1463 sive
889 1406 1160 1461 aeriarum
1207 1410 1537 1486 potestatum
1586 1401 1849 1472 tyrannis,
1873 1399 2064 1470 patri'n

480 1500 717 1558 ctelestis
738 1498 984 1554 ﬁdelibus
1008 1496 1208 1566 praedia
1229 1493 1440 1550 confert
1460 1503 1674 1558 cuncta,
1691 1507 1810 1562 qua:
1827 1499 2066 1559 tempore

483 1606 586 1647 suo
607 1589 732 1646 sibi
777 1589 864 1644 vel
898 1587 1095 1659 populo
1128 1585 1213 1641 cui
1252 1593 1512 1657 praeerat,
1541 1584 1907 1654 contigerunt,
1933 1581 2067 1636 scri-

2156 495 2476 550 versationis
2493 495 2709 564 penitus
2731 496 2982 562 evitasse,
2999 495 3092 550 sed
3123 496 3178 550 in
3202 497 3400 552 mundo
3428 499 3730 556 venientem

2154 585 2338 640 mundi
2361 585 2489 640 vitia
2512 585 2856 640 immaculata
2883 586 3294 641 conversatione
3320 588 3579 643 transisse
3602 604 3738 659 prm-

2155 678 2335 734 dicat:
2362 691 2461 732 nec
2496 692 2622 732 eum
2663 678 2717 732 in
2766 679 3022 733 cathedra
3067 677 3387 747 pestilentiae
3423 679 3643 743 sedisse,
3681 680 3735 735 id

2154 777 2256 833 est,
2282 769 2556 827 doctrinas
2588 768 2995 834 abominabiles,
3019 785 3140 840 quae
3182 769 3483 838 pestilentis
3519 770 3739 841 dogma-

2158 861 2228 914 tis
2255 875 2457 916 venena
2489 859 2862 923 disseminant,
2886 859 2979 913 sed
3007 860 3194 914 mundi
3237 861 3460 916 vulnera
3502 862 3740 916 medica-

2157 951 2249 1007 bili
2287 951 2670 1021 praedicatione
2708 963 2930 1006 sanasse
2969 949 3210 1005 declarat
3242 969 3255 1004 :
3293 963 3524 1019 eumque
3567 950 3741 1004 tribus

2161 1042 2266 1098 illis
2292 1044 2465 1098 modis
2499 1043 2694 1112 quibus
2722 1043 2987 1097 humanos
3013 1049 3225 1096 constat
3265 1043 3550 1111 provenire
3591 1057 3744 1096 erro-

2162 1152 2267 1200 res,
2295 1137 2648 1207 cogitatione,
2678 1135 2822 1190 l‘acto
2861 1134 3110 1190 videlicet
3146 1143 3201 1189 et
3231 1136 3404 1200 dicto,
3427 1136 3603 1190 modis
3627 1151 3744 1190 om-

2163 1227 2323 1282 nibus
2364 1226 2604 1282 caruisse
2655 1233 3062 1290 commemorat,
3095 1225 3439 1296 declaratquc
3479 1242 3602 1281 eum
3645 1242 3745 1281 nec

2163 1317 2387 1387 impium
2414 1317 2578 1372 fuisse
2604 1317 2697 1385 qui
2735 1318 2786 1371 in
2828 1317 2995 1371 Deum
3033 1325 3332 1386 peccasset,
3359 1333 3425 1372 eo
3461 1318 3603 1386 quod
3647 1333 3746 1372 ne-

2164 1423 2435 1477 quaquam
2478 1408 2532 1461 in
2587 1407 2756 1461 Deum
2797 1407 3106 1475 peccaverit
3158 1408 3248 1476 qui
3303 1422 3514 1478 semper
3561 1408 3748 1478 utique

2165 1497 2496 1553 voluntatem
2519 1497 2699 1552 Patris
2723 1496 2944 1562 fecerit;
2975 1513 3078 1552 nec
3103 1507 3446 1567 peccatorem
3475 1501 3565 1569 qui
3595 1500 3648 1554 in
3693 1515 3750 1554 se

2167 1590 2471 1660 deliquerit,
2496 1590 2588 1660 qui
2609 1590 2794 1660 utique
2817 1591 2894 1644 ait
2923 1604 2937 1642 :
2976 1587 3125 1642 Venit
3152 1591 3288 1644 enim
3311 1592 3548 1662 princeps
3569 1592 3751 1644 mundi

483 1682 660 1739 bendo
689 1681 870 1752 potius
906 1694 1068 1750 quam
1097 1679 1366 1748 pingendo
1414 1674 1689 1731 memoria:
1731 1672 2068 1743 posteritatis

2181 1680 2327 1751 ltujus
2345 1690 2393 1736 et
2414 1682 2470 1735 in
2499 1697 2581 1736 me
2615 1697 2718 1736 non
2742 1682 2933 1736 invenit
2961 1679 3243 1750 quidquam
3274 1681 3453 1751 (Joan.
3482 1680 3625 1752 xxv);
3653 1695 3754 1735 nec

485 1750 779 1831 mandavit.
810 1771 1029 1828 Samuel
1051 1783 1287 1840 quoque,
1327 1783 1533 1839 magna:
1563 1765 1864 1822 sanctitatis
1887 1772 1941 1819 ει
1969 1779 2067 1818 εἰ·
2103 1750 2142 1809 Β
2170 1750 2508 1842 pestilentem
2539 1772 2629 1841 qui
2659 1787 2931 1841 nunquam
2963 1750 3651 1841 proximumdepopulatus
3685 1773 3755 1825 sit

486 1865 749 1922 cellentiae
777 1864 880 1928 vir,
906 1862 1000 1933 qui
1032 1861 1195 1917 matri
1224 1859 1428 1930 petenti
1456 1865 1578 1928 post
1601 1871 1852 1927 magnam
1877 1855 2070 1911 oratio-

486 1958 573 2013 nis
617 1954 930 2012 instantiam
970 1952 1157 2008 divino
1209 1964 1437 2007 munere
1491 1949 1719 2004 collatus
1769 1955 1872 2012 est,
1905 1954 1961 2002 et
2003 1947 2071 2001 ab

489 2048 620 2118 ipsis
643 2045 921 2102 cunabulis
941 2045 994 2098 in
1020 2042 1231 2098 Domini
1260 2039 1606 2096 tabernaculo
1629 2037 1819 2094 militia
1840 2037 2071 2107 prophe-

490 2139 584 2195 tali
612 2138 882 2203 militavit,
913 2144 968 2190 et
992 2136 1048 2190 in
1079 2133 1398 2192 deliniendis
1430 2131 1650 2201 regibus
1676 2127 1952 2198 exemplar
1975 2142 2071 2181 ex-

490 2231 649 2298 stitit,
676 2229 933 2286 historias
955 2225 1228 2291 Iudicum,
1250 2225 1366 2279 sive
1381 2222 1550 2287 Ruth,
1567 2221 1648 2276 vel
1674 2219 1839 2277 etiam
1865 2217 2075 2289 Regum

491 2341 664 2397 usque
687 2325 756 2379 ad
781 2322 949 2378 David
972 2335 1080 2376 non
1101 2317 1450 2388 imaginibus,
1482 2316 1577 2370 sed
1601 2313 1844 2383 apicibus
1866 2325 2078 2383 pramo-

493 2415 649 2470 tavit.
673 2413 741 2468 Et
767 2419 891 2482 post
917 2411 1062 2466 hunc
1090 2422 1190 2478 per
1219 2405 1388 2462 David
1410 2419 1500 2460 res
1525 2417 1624 2460 suo
1650 2410 1892 2471 tempore
1914 2406 2079 2470 gesta:

493 2505 844 2574 conscriptae,
874 2501 988 2557 sive
1016 2507 1335 2556 cancrorum
1364 2511 1551 2567 regum
1580 2493 1819 2550 historia:
1849 2500 1942 2547 aut
1982 2506 2081 2562 per

495 2614 682 2672 reges,
710 2604 805 2652 aut
835 2609 933 2664 per
960 2592 1251 2663 prophetas
1292 2589 1384 2659 qui
1429 2596 1560 2644 tunc
1600 2586 1860 2656 temporis
1907 2585 2078 2650 fuere,

496 2691 837 2760 coumriptaa,
863 2701 1034 2757 usque
1064 2684 1133 2740 ad
1176 2682 1489 2747 Jeremiam,
1522 2682 1614 2750 qui
1657 2695 1848 2736 omnes
1894 2693 2082 2748 regum

497 2783 756 2839 historias
787 2780 843 2834 in
879 2792 1048 2833 unum
1083 2775 1358 2842 colligens,
1385 2771 1669 2828 Malacbim
1703 2779 1877 2826 totum
1917 2768 2085 2825 edidit

497 2876 566 2931 ad
591 2881 832 2929 nostram
863 2885 1031 2938 usque
1065 2867 1401 2930 memoriam,
1429 2879 1536 2920 non
1563 2879 1661 2933 per
1678 2863 1964 2933 picturam,
1992 2861 2086 2917 sed

497 2983 596 3038 per
631 2965 983 3035 scripturam,
1004 2961 1194 3018 delata:
1221 2967 1366 3014 sunt.
1390 2957 1677 3027 Propheta:
1699 2956 1862 3010 etiam
1892 2954 2086 3024 singuli

497 3059 590 3130 qui
618 3059 786 3114 libros
813 3057 1032 3119 habent,
1065 3053 1376 3126 prophetias
1402 3065 1528 3106 suas
1553 3056 1676 3119 post
1697 3047 1896 3104 futuris
1913 3063 2084 3103 saecu-

499 3151 570 3205 lis
602 3148 941 3220 prol'uturas,
972 3161 1078 3201 non
1130 3144 1185 3198 in
1239 3142 1494 3214 picturis,
1540 3142 1635 3197 sed
1692 3139 1748 3196 in
1799 3139 2084 3209 scripturis

500 3240 851 3297 constituere.
885 3237 1034 3294 Unde
1067 3244 1122 3290 et
1143 3234 1332 3290 Daniel
1358 3249 1465 3290 non
1493 3233 1550 3289 in
1585 3232 1840 3288 coloratis
1868 3230 2082 3300 ﬁguris,

500 3331 596 3386 sed
622 3330 675 3384 in
705 3327 859 3384 libris
882 3325 1147 3382 intellexit
1171 3338 1457 3379 numerum
1483 3337 1750 3378 annorum
1790 3336 1898 3391 quo
1917 3336 2087 3391 popu-

501 3422 586 3477 lus
603 3421 701 3475 Dei
727 3420 782 3474 in
805 3417 1119 3488 captivitate
1138 3415 1463 3485 Babylonica
1485 3413 1713 3469 detineri
1734 3411 1974 3467 deberet.
1998 3408 2088 3464 Ait

501 3512 648 3566 enim
677 3525 692 3565 :
722 3509 836 3580 Ego
860 3506 1051 3562 Daniel
1078 3505 1308 3560 intellexi
1339 3505 1394 3558 in
1420 3503 1568 3558 libris
1606 3517 1882 3558 numerum
1922 3516 2088 3556 anno—

504 3621 621 3659 rum
653 3605 709 3658 in
733 3619 836 3673 quo
859 3601 1030 3671 factus
1055 3608 1130 3654 est
1156 3614 1325 3653 sermo
1353 3595 1563 3649 Domini
1593 3593 1756 3664 (Dan.
1794 3590 1892 3664 ix).
1921 3590 2088 3646 David

503 3708 720 3764 quoque
745 3690 1123 3747 sanctissimus
1164 3687 1571 3758 prophetarum,
1622 3681 1715 3752 qui
1762 3681 1829 3737 de
1885 3678 2088 3736 Christi

506 3782 906 3845 incamatioue,
950 3779 1259 3841 nativitate,
1303 3776 1585 3846 passione,
1612 3780 1816 3838 morte,
1845 3773 2090 3827 resurre-

505 3873 706 3934 ctione,
739 3868 930 3939 gloria,
961 3882 1145 3938 regno,
1173 3867 1313 3921 sicut
1337 3864 1550 3920 caeteris
1574 3863 1829 3920 Patribus
1863 3861 1918 3916 in
1946 3859 2088 3931 ejus-

506 3963 628 4018 dem
649 3959 862 4015 Domini
882 3957 1178 4014 secundum
1201 3955 1590 4011 humanitatem
1619 3953 1932 4024 genealogia
1951 3967 2091 4021 pra:-

507 4053 648 4107 latus
691 4058 793 4116 est,
827 4057 888 4105 ut
932 4049 1182 4104 videlicet
1233 4049 1374 4104 idem
1427 4046 1688 4102 Dominus
1728 4045 1871 4102 ﬁlius
1923 4044 2091 4099 David

505 4151 863 4213 nuncupetur,
896 4142 972 4196 ita
1013 4141 1178 4195 etiam
1221 4137 1432 4195 ckteris
1481 4139 1699 4195 uberius
1747 4135 2091 4207 apertiusque

506 4234 784 4290 cantavit:
815 4233 889 4286 ita
913 4233 968 4286 in
992 4245 1226 4300 persona
1265 4230 1468 4286 Christi
1519 4229 1721 4284 dixisse
1764 4226 1980 4297 legitur,
2023 4224 2093 4279 In

505 4327 674 4397 capite
701 4325 821 4380 libri
853 4326 1102 4396 scriptum
1129 4333 1206 4380 est
1239 4324 1304 4379 de
1331 4340 1413 4379 me
1441 4323 1614 4398 (Psal.
1647 4322 1759 4396 χιι).
1787 4321 1906 4378 Νοιι
1945 4322 2089 4376 enim

2168 1874 2332 1934 atque
2367 1863 2584 1928 laeserit,
2608 1865 2700 1933 qui
2729 1863 2783 1918 in
2809 1864 2911 1918 hoc
2931 1863 3079 1918 venit
3103 1873 3161 1917 ut
3181 1862 3380 1917 salvum
3404 1863 3596 1932 faceret
3616 1863 3754 1933 quod

2170 1956 2394 2025 perierat
2422 1953 2573 2027 (Luc.
2603 1952 2740 2026 xxx).
2775 1954 2902 2010 Haec
2940 1954 3083 2009 enim
3123 1954 3295 2025 ﬁgura
3322 1954 3460 2022 apud
3487 1969 3756 2024 gramma-

2175 2046 2310 2101 ticos
2331 2060 2431 2115 pro
2459 2060 2524 2100 eo
2563 2046 2706 2115 quod
2738 2045 2948 2116 singula
2988 2046 3153 2100 verba
3200 2044 3427 2115 singulis
3456 2045 3758 2115 quibusque

2173 2145 2298 2207 apte
2321 2136 2577 2192 clausulis
2611 2136 2682 2192 ibi
2715 2135 3130 2207 subjunguntur,
3163 2137 3462 2202 ὖπὸζευξις,
3489 2145 3543 2192 et
3569 2152 3664 2206 pro
3693 2152 3759 2191 co

2175 2227 2318 2295 quod
2342 2226 2606 2281 dictiones
2627 2226 2811 2294 plures
2836 2225 3000 2280 simili
3020 2225 3181 2280 modo
3207 2225 3481 2289 ﬁniuntur,
3506 2234 3584 2290 ut,
3610 2224 3757 2288 abiit,

2176 2317 2334 2381 stetit,
2365 2315 2518 2382 sedit,
2547 2315 2920 2389 ὁμοιοτέλευτον
2956 2325 3315 2387 nuncupatur.
3363 2316 3554 2373 Merito
3602 2318 3764 2388 igitur

2177 2409 2268 2463 hic
2293 2408 2534 2479 psalmus
2553 2408 2645 2479 qui
2669 2418 2754 2464 est
2779 2417 2941 2480 caput
2964 2409 3108 2477 libri,
3137 2417 3190 2464 et
3223 2410 3275 2464 in
3304 2409 3456 2481 cujus
3491 2410 3665 2480 capite
3698 2411 3766 2465 de

2177 2499 2395 2556 Christo
2423 2501 2684 2571 scriptum
2710 2508 2813 2567 est,
2857 2501 3016 2556 titulo
3060 2509 3210 2557 caret
3249 2519 3263 2555 :
3303 2502 3417 2557 sive
3447 2501 3572 2573 quia
3602 2501 3766 2572 capiti

2182 2601 2388 2660 nostro,
2401 2595 2544 2664 quod
2567 2603 2651 2649 est
2671 2593 2942 2659 Christus,
2958 2595 3088 2650 nihil
3116 2596 3354 2665 praeponi
3383 2595 3558 2660 debet,
3574 2595 3663 2665 qui
3687 2603 3770 2650 est

2186 2687 2440 2751 Verbum,
2467 2686 2822 2756 principium;
2859 2687 2973 2742 sive
3009 2689 3134 2756 quia
3163 2687 3253 2742 hic
3277 2687 3520 2758 psalmus
3547 2698 3770 2743 caetero-

2185 2794 2306 2833 rum
2331 2779 2660 2850 psalmorum
2699 2779 2838 2834 tituli
2863 2788 2935 2847 et,
2974 2790 3033 2835 ut
3060 2782 3133 2836 ita
3163 2781 3413 2846 dixerim,
3438 2781 3771 2854 przelationis

2187 2871 2365 2927 locum
2418 2880 2565 2927 tenet
2603 2889 2616 2926 :
2655 2872 2935 2942 quoniam,
2983 2888 3292 2944 quanquam
3320 2873 3410 2927 alii
3460 2873 3652 2943 psalmi
3705 2876 3772 2927 de

2187 2961 2404 3017 Christo
2435 2960 2603 3017 multa
2634 2962 2833 3027 dicant,
2868 2962 3046 3018 nullus
3072 2970 3251 3017 tamen
3276 2963 3342 3018 de
3368 2961 3483 3030 ejus
3523 2979 3641 3032 qum
3675 2963 3775 3017 fuit

2192 3055 2243 3108 in
2273 3053 2434 3108 terris
2467 3052 2874 3109 conversatione
2903 3061 3013 3108 tam
3045 3053 3325 3109 evidenter
3356 3053 3596 3122 loquitur
3627 3070 3641 3107 :
3683 3053 3773 3122 qui

2187 3161 2310 3202 cum
2339 3161 2462 3202 eum
2491 3161 2588 3216 per
2610 3152 2856 3200 octavam
2903 3145 3138 3214 speciem
3193 3143 3541 3210 deﬁnitionis,
3571 3159 3668 3216 per
3710 3160 3772 3199 ca

2183 3253 2305 3309 quin
2325 3252 2433 3292 non
2455 3235 2642 3292 fecerit
2662 3237 2878 3292 beatum
2901 3235 3188 3299 deﬁnierit,
3219 3236 3466 3304 protinus
3492 3237 3559 3290 ad
3585 3250 3774 3292 secun-

2186 3331 2310 3386 dam
2339 3328 2690 3384 nihilominus
2718 3327 3048 3387 deﬁnitionis
3081 3327 3315 3396 speciem
3364 3343 3484 3396 qua:
3528 3327 3595 3380 ab
3645 3326 3776 3380 arti-

2185 3419 2404 3490 graphis
2433 3421 2782 3492 ἐννοηματική,
2809 3418 2862 3473 id
2899 3425 2981 3473 est
3005 3417 3176 3480 notio,
3209 3417 3423 3480 dicitbr,
3451 3417 3775 3480 convolavit,

2185 3518 2240 3564 et
2267 3525 2364 3580 per
2383 3525 2446 3565 ea
2480 3524 2599 3578 qua:
2625 3510 2735 3579 egit
2761 3509 2914 3577 quasi
2940 3523 3037 3578 per
3061 3507 3307 3578 quaedam
3351 3507 3504 3576 signa
3550 3508 3603 3561 in
3638 3508 3776 3561 noti-

2188 3601 2318 3653 tiam
2346 3599 2622 3663 devocata,
2652 3614 2757 3653 non
2785 3598 2915 3668 quid
2949 3599 3051 3663 sit,
3075 3598 3169 3653 sed
3195 3597 3324 3668 quid
3355 3599 3498 3668 egit,
3528 3596 3778 3670 speciali-

2187 3698 2272 3745 ter
2296 3688 2554 3744 indicavit
2582 3688 2787 3753 dicens,
2813 3687 2920 3743 Sed
2948 3689 3003 3741 in
3037 3688 3147 3758 lege
3172 3687 3384 3742 Domini
3408 3688 3508 3758 fuit
3540 3687 3777 3742 t'oluntas

2187 3781 2323 3852 ejus,
2360 3791 2414 3836 et
2440 3789 2637 3836 ctetera
2681 3778 2854 3852 (Psal.
2884 3778 2949 3852 ι).
3004 3779 3138 3847 Quia
3189 3795 3319 3834 vero
3364 3779 3525 3849 paulo
3570 3779 3778 3849 longius

2189 3873 2382 3944 capitis
2407 3873 2530 3928 libri
2562 3872 2842 3929 dulcedine
2869 3872 3014 3943 capti
3042 3887 3073 3926 a
3101 3887 3265 3927 causa
3294 3869 3608 3926 scccdcntcs
3654 3887 3779 3926 eva-

2190 3967 2297 4039 gati
2325 3979 2531 4030 sumus,
2566 3972 2737 4019 restat
2766 3973 2826 4018 ut
2868 3966 2936 4019 ad
2964 3963 3298 4034 propositum
3329 3963 3633 4017 redeamus.
3677 3963 3781 4017 Vc-

2191 4058 2404 4113 niamus
2429 4070 2574 4111 nunc
2603 4055 2672 4110 ad
2717 4055 3028 4126 Evangelia,
3069 4054 3344 4108 videamus
3388 4065 3569 4108 utrum
3616 4068 3782 4108 evan-

2191 4148 2412 4221 gelistte,
2430 4163 2498 4202 an
2527 4145 2640 4218 ipse
2671 4147 2949 4211 Dominus,
2967 4146 3263 4217 imaginum
3284 4162 3352 4200 an
3375 4144 3779 4214 Scripturarum

2193 4239 2419 4296 fecerint
2478 4238 2830 4294 mentionem.
2885 4236 2976 4292 Ait
3015 4237 3158 4292 enim
3208 4235 3550 4306 Evangelista
3600 4250 3614 4288 :
3667 4234 3784 4290 Sic-

2193 4345 2249 4388 ut
2293 4334 2542 4405 scriptum
2580 4340 2654 4386 est
2703 4333 2758 4384 in
2799 4329 2932 4383 libro
2976 4344 3274 4383 sermonum
3316 4326 3477 4381 Isaia:
3520 4327 3784 4398 propheta:

507 4416 585 4469 ait
619 4416 856 4486 pictum,
893 4417 990 4470 sed
1034 4415 1337 4484 scriptum:
1370 4428 1472 4468 nec
1511 4411 1566 4466 in
1622 4412 1800 4481 capite
1823 4410 2087 4480 parietum

2198 4425 2350 4498 (Luc.
2387 4422 2484 4495 tv).
2531 4421 2802 4491 Scriptum
2842 4421 3009 4485 dixit,
3032 4436 3139 4475 non
3167 4419 3391 4490 pictum,
3421 4427 3474 4474 et
3519 4419 3574 4472 in
3621 4417 3781 4480 libro,

507 4509 621 4563 sive
647 4509 970 4573 tabularum,
996 4508 1090 4562 sed
1132 4507 1186 4560 in
1217 4506 1393 4578 capite
1436 4505 1579 4559 libri.
1610 4503 1667 4558 lu
1696 4503 1870 4574 capite
1909 4502 2090 4572 itaque

508 4599 631 4655 libri
657 4599 948 4665 Geneseos,
973 4599 1065 4668 qui
1091 4599 1277 4668 utique
1297 4603 1614 4653 cunctorum
1642 4595 1903 4651 librorum
1929 4600 2092 4662 caput

507 4699 611 4757 est,
639 4693 714 4745 ita
759 4691 1040 4757 scribitur,
1068 4689 1137 4743 In
1168 4691 1425 4761 principio
1445 4689 1637 4743 creauit
1659 4686 1800 4741 Deus
1825 4685 2010 4741 cwlum
2045 4693 2094 4738 et

507 4791 702 4835 terram
737 4780 893 4854 (Gen.
928 4782 1001 4854 ι);
1053 4782 1109 4836 ἱιι
1149 4782 1435 4851 principio,
1469 4781 1522 4836 id
1558 4787 1671 4845 est,
1697 4779 1754 4833 in
1796 4777 1954 4844 Filio,
1981 4778 2094 4846 ipse

507 4877 652 4931 enim
679 4875 882 4932 Judaeis
915 4878 1373 4949 interrogantibus
1410 4878 1532 4948 quis
1566 4883 1739 4942 esset,
1767 4875 2044 4945 respondit
2075 4890 2090 4930 :

513 4968 624 5039 Ego
649 4984 767 5023 sum
795 4969 1128 5040 principium,
1147 4970 1272 5040 quia
1292 4979 1338 5023 et
1363 4969 1550 5040 loquor
1574 4967 1716 5022 vobis
1747 4965 1930 5039 (Joan.
1948 4965 2092 5037 vm).

511 5060 696 5115 Potest
723 5063 885 5116 etiam
913 5071 972 5116 et
1006 5063 1060 5116 in
1092 5063 1196 5118 hoc
1244 5078 1403 5118 versu
1438 5060 1598 5132 primi
1649 5060 1842 5130 psalmi
1889 5059 2093 5130 princi-

511 5154 658 5224 pium
688 5155 932 5227 intelligi,
966 5157 1058 5226 qui
1099 5157 1165 5211 de
1200 5155 1402 5212 Christi
1431 5155 1800 5211 incarnatione
1829 5155 2092 5219 adoritur,

511 5256 565 5300 et
605 5261 704 5315 per
728 5256 973 5301 octavam
1004 5248 1236 5317 speciem
1265 5246 1591 5302 deﬁnitionis
1622 5261 1782 5316 quam
1827 5245 2094 5301 dialectici

512 5336 626 5390 κατ’
649 5338 913 5412 ἀφαίρεσιν
934 5343 1024 5391 τοῦ
1055 5338 1300 5401 iactv—rion,
1317 5336 1371 5391 id
1395 5346 1477 5391 est
1494 5351 1592 5406 per
1618 5337 1942 5406 privantiam
1965 5353 2096 5391 con-

513 5427 662 5481 trarii
691 5425 806 5494 ejus
842 5428 984 5496 quod
1029 5427 1303 5492 deﬁnitur,
1357 5428 1634 5482 Christum
1687 5445 1788 5482 non
1841 5428 2008 5482 abisse
2043 5429 2096 5480 in

512 5520 732 5574 concilio
767 5522 1047 5592 impiorum
1085 5521 1258 5595 (Psal.
1301 5520 1364 5592 ι),
1394 5522 1444 5576 id
1483 5529 1585 5587 est,
1617 5522 1960 5577 detestabiles
2006 5536 2098 5576 co-

512 5611 800 5678 gitationes
848 5627 985 5682 quas
1037 5612 1138 5667 sibi
1195 5628 1364 5684 genus
1409 5613 1703 5667 humanum
1752 5613 2097 5682 peculiariter

515 5703 771 5771 vindicat,
797 5719 903 5760 non
935 5703 1184 5760 habuisse
1219 5705 1584 5772 demonstrat;
1624 5714 1671 5760 et
1703 5705 1758 5759 in
1795 5707 1876 5760 eia
1913 5721 2094 5772 perca-

2195 4534 2302 4571 nou
2327 4517 2380 4570 in
2405 4515 2638 4586 quadam
2665 4513 2917 4580 materia;
2943 4519 2997 4568 et
3021 4512 3162 4567 idem
3179 4511 3440 4566 Dominus
3469 4525 3532 4565 ac
3559 4507 3785 4563 Redem-

2194 4617 2316 4680 ptor
2350 4615 2533 4663 noster
2567 4607 2694 4663 dum
2741 4605 2948 4676 antiqui
2991 4605 3165 4660 hostis
3209 4604 3642 4660 machinamenta
3685 4601 3777 4655 de-

2196 4707 2451 4765 strueret,
2479 4699 2593 4754 sive
2632 4698 2685 4752 in
2728 4697 2978 4768 plurimis
3007 4713 3118 4754 suae
3172 4694 3576 4768 prtedicationis
3619 4693 3781 4757 locis,

2198 4792 2631 4860 Scripturarum,
2665 4801 2773 4845 non
2819 4790 3182 4860 picturarum,
3206 4785 3448 4856 exempla
3493 4785 3785 4854 protulisse

2196 4884 2628 4954 perhibeturzet
2658 4883 2784 4937 dum
2818 4880 3012 4935 mulier
3033 4879 3086 4932 in
3131 4877 3380 4932 adulterii
3430 4883 3581 4929 reatu
3632 4889 3780 4929 com-

2195 4976 2484 5044 prehensa,
2511 4974 2669 5042 eique
2723 4971 2957 5040 stipante
2998 4976 3213 5023 caterva
3263 4965 3441 5021 oblata
3473 4966 3696 5028 fuisset,
3730 4972 3785 5018 ct

2197 5065 2453 5122 Pharisaei
2482 5063 2627 5118 illius
2653 5059 2967 5134 deceptione
2987 5057 3132 5131 pleni
3167 5057 3464 5128 syllogismi
3497 5055 3590 5126 qui
3624 5070 3654 5108 a
3681 5069 3784 5109 sm-

2198 5158 2463 5214 cularium
2487 5156 2786 5211 litterarum
2813 5151 3088 5221 magistris
3107 5147 3344 5224 ἆφυκθος,
3373 5149 3426 5204 id
3444 5155 3546 5213 est,
3567 5149 3784 5201 inevita-

2197 5246 2335 5312 bilis,
2363 5251 2718 5314 nuncupatur,
2745 5257 2947 5299 cornua
2992 5242 3232 5305 evitans,
3262 5239 3353 5309 qui
3404 5253 3504 5293 nec
3552 5237 3785 5292 crudelis

2197 5346 2343 5395 esset
2392 5335 2773 5408 sanguinisque
2805 5332 3118 5389 effusionem
3146 5331 3514 5395 consentiens,
3549 5331 3640 5400 qui
3689 5346 3786 5400 per

2199 5431 2540 5486 severitatem
2565 5428 2753 5498 legalis
2779 5427 2972 5499 rigoris
2994 5427 3291 5481 adulteram
3327 5425 3566 5493 lapidare
3592 5422 3783 5492 jussis-

2200 5531 2301 5586 set,
2329 5536 2427 5576 nec
2448 5521 2580 5592 legis
2609 5529 2974 5589 transgressor
2994 5525 3447 5586 peccatorumque
3472 5512 3668 5574 fautor,
3688 5515 3781 5583 qui

2198 5621 2384 5667 contra
2411 5611 2544 5681 legis
2569 5609 2891 5665 sententiam
2917 5607 3161 5662 eamdem
3186 5605 3488 5660 indemnem
3512 5604 3786 5658 dimittere

2189 5702 2476 5770 jussissct,
2513 5701 2606 5756 sed
2647 5698 2827 5768 justus
2868 5706 2922 5751 et
2965 5704 3278 5752 mansuetus
3319 5696 3648 5764 gravissima:
3688 5709 3784 5748 eos
