4070 6186
284 321 421 373 ’1ἲῦῗῖ

1163 305 1220 357 n.
1249 299 1499 358 canon
1531 287 1752 354 suam
1776 257 1939 347 ore.
1981 286 2159 344 rans
2199 284 2263 339 ιι.
2304 279 2542 339 SECTIO
2578 275 2640 332 ιι.

3399 258 3533 314 “0-5

286 427 662 504 propositionis
689 424 813 487 telo,
843 430 901 474 ut
925 426 1050 489 pote
1085 417 1322 473 cmlestis
1355 388 1715 482 philosophus,
1740 421 1861 476 per-
1889 407 1938 466 Α
1963 401 2197 458 caelestis
2221 397 2370 467 regni
2385 390 2670 454 desiderio,
2687 384 2826 456 quod
2848 397 2953 438 non
2978 377 3080 434 nisi
3107 375 3402 432 concordes
3426 375 3540 429 adi-

1434 502 1463 504 _,
1573 501 1583 504 _
1744 497 1774 504 ..
1999 492 2012 504 .
2158 500 2167 504 _
2342 502 2364 504 Α
2387 502 2397 504 _
2412 493 2558 504 _-.___
2573 499 2585 504 -
2613 480 2802 504 -..ειη-η
2824 477 2899 504 ἒ-..
2918 470 3324 504 ωηιιωιῖαοίπιω
3337 465 3540 504 notion.

288 497 521 583 culi—sset,
537 517 639 570 illis
664 529 759 568 sua
777 512 1073 581 quibusque
1089 506 1325 560 facinora
1348 502 1530 556 audire
1549 497 1861 552 timentibus

288 610 458 664 altero
501 613 623 674 post
662 602 888 656 alterum
929 595 1269 656 abeuntibus,
1301 590 1470 660 digito
1498 589 1551 640 in
1587 593 1728 639 terra
1755 597 1860 635 non

289 671 543 769 pinxisse,
574 693 668 748 sed
704 689 983 759 scripsisse
1025 684 1359 754 perhibetur,
1389 685 1448 732 ut
1498 673 1652 742 cujus
1695 671 1864 741 digito

291 763 418 844 olim
447 788 501 840 in
541 783 715 853 lapide
748 787 964 849 propter
1003 770 1410 844 signiﬁcandam
1458 763 1712 819 duritiam
1755 775 1867 813 cor-

293 879 374 931 dis
422 846 860 930 Iudaeorum—leaf
909 863 1112 931 scripta
1152 867 1256 922 est,
1308 855 1476 925 ipsius
1520 846 1869 904 nihilominus

295 965 465 1033 digito
493 962 549 1016 in
603 967 749 1013 terra
790 954 968 1010 cordis
1012 950 1308 1022 gentilium,
1339 961 1458 1014 qua:
1509 939 1675 995 divini
1706 935 1868 992 Verbi

297 1052 500 1107 semina
523 1047 789 1116 accipiens
812 1044 1020 1097 fructus
1045 1039 1234 1108 dignos
1264 1051 1361 1090 suo
1391 1032 1668 1090 Conditori
1694 1027 1868 1100 quoti-

297 1145 383 1198 die
431 1139 604 1203 aﬂ‘ert,
651 1135 958 1204 evangelica
1008 1131 1096 1184 lex
1143 1127 1490 1190 scriberetur,
1521 1123 1785 1193 quatenus
1817 1123 1873 1170 et

296 1247 392 1304 per
427 1229 667 1299 lapideas
699 1223 907 1278 tabulas
938 1221 1084 1288 rigor
1110 1215 1308 1271 veteris
1339 1211 1647 1268 testamenti
1689 1215 1743 1262 et
1776 1206 1874 1259 du-

301 1298 419 1376 ritia
443 1298 751 1375 lsracliticae
776 1312 970 1383 gentis,
998 1317 1054 1363 et
1078 1323 1176 1377 per
1203 1314 1404 1360 terram
1433 1318 1552 1372 qua:
1574 1299 1741 1370 digito
1773 1298 1876 1350 Do-

300 1413 429 1467 mini
454 1410 655 1478 scripta
685 1414 769 1459 est
804 1401 1081 1473 gentilium
1108 1397 1175 1452 ad
1206 1394 1532 1450 credendum
1559 1400 1615 1445 et
1651 1389 1718 1444 ad
1766 1387 1878 1440 fru-

301 1513 420 1557 ctus
447 1495 748 1554 afferendas
771 1491 952 1546 mollia
975 1488 1136 1542 corda
1174 1486 1286 1539 sive
1311 1481 1550 1538 suavitas
1575 1473 1878 1534 testamenti

303 1590 428 1646 novi
459 1589 792 1641 innucretnr.
837 1576 1079 1648 Apostoli
1129 1574 1386 1642 denique,
1431 1571 1496 1626 de
1542 1568 1736 1636 quibus
1784 1578 1882 1632 per

304 1680 622 1752 prophetam
661 1673 861 1727 dictum
886 1675 1002 1723 est:
1038 1666 1208 1731 Quam
1237 1661 1441 1733 pulchri
1463 1665 1583 1713 sunt
1616 1655 1768 1726 pedes
1789 1652 1880 1722 qui

1962 492 2257 561 piscuntur,
2275 493 2587 555 superetur;
2609 480 2805 549 quibus
2824 477 2902 529 ira
2918 470 3325 528 modestissimus
3337 465 3540 536 patiem

1963 555 2050 636 tia:
2071 580 2333 651 gravitate
2348 582 2402 629 et
2416 571 2660 627 acumine
2675 565 2901 620 rationis
2921 569 2975 618 et
2995 555 3416 629 mquanimitatis
3430 569 3543 607 mn-

1963 685 2091 725 nere
2114 669 2420 737 frangatur;
2471 660 2666 730 quibus
2705 653 2932 709 avaritia
2967 646 3327 717 eleemosynis
3358 652 3413 697 et
3448 656 3544 711 spe

1964 767 2180 815 aeterna:
2207 734 2578 811 retributionis
2598 747 2856 808 calcetur,
2883 742 3080 812 quibus
3100 737 3320 792 tristitia
3354 734 3546 787 frater-

1967 851 2050 906 nis
2070 847 2334 917 alloquiis,
2353 841 2582 899 assiduis
2597 835 2917 893 lectionibus
2929 831 3013 886 vel
3029 827 3365 885 orationibus
3381 821 3546 892 pella-

1969 952 2075 1007 tur,
2102 940 2296 1010 quibus
2317 932 2624 1005 arrogantia
2647 935 2795 983 metu
2824 921 3239 979 amittendarnm
3265 917 3542 979 virtutum,

1969 1048 2091 1088 cum
2115 1045 2219 1100 qua
2247 1028 2350 1082 illae
2387 1023 2577 1080 haberi
2613 1034 2717 1074 non
2759 1022 2999 1087 possunt,
3033 1019 3090 1067 et
3114 1023 3367 1065 accessus
3397 1021 3550 1060 vanas

1970 1095 2178 1192 glorise;
2226 1117 2317 1187 qui
2359 1124 2442 1169 est
2485 1113 2746 1165 virtutum
2793 1104 3057 1165 inimicus,
3129 1097 3449 1160 secluditur;
3496 1095 3554 1148 in

1972 1184 2166 1282 quibus
2211 1184 2457 1276 superbia
2493 1207 2643 1257 metu
2677 1195 2958 1252 diabolica:
3003 1191 3172 1246 ruina:
3211 1195 3266 1243 et
3311 1184 3558 1254 exemplo

1977 1278 2296 1358 humilitatis
2341 1295 2544 1352 Christi
2588 1289 2905 1347 conteritur.
2957 1285 3014 1339 In
3065 1283 3170 1337 illis
3211 1278 3562 1334 inveniuntur

1977 1395 2331 1448 instrumenta
2370 1385 2579 1440 fructus
2613 1381 2854 1451 justitize,
2899 1377 2954 1432 id
2983 1382 3084 1439 est,
3132 1372 3388 1433 charitas,
3425 1376 3557 1438 gau-

1979 1485 2144 1548 dium,
2172 1496 2297 1551 pax,
2323 1476 2602 1550 patientia,
2634 1469 3028 1542 longanimitas,
3063 1465 3297 1527 bonitas,
3326 1458 3562 1527 benigni-

1981 1585 2084 1639 tas,
2111 1574 2263 1636 fides,
2300 1567 2582 1631 modestia,
2635 1560 2984 1620 continentia.
3035 1557 3091 1612 ln
3138 1555 3244 1610 illis
3293 1551 3565 1607 invenitur

1985 1663 2213 1726 medela,
2261 1675 2366 1730 qua
2402 1671 2504 1712 nec
2539 1655 2808 1724 sapientes
2832 1651 2886 1704 in
2915 1663 3009 1703 sua
3037 1643 3300 1716 sapientia
3334 1640 3567 1711 glorian-

307 1734 618 1822 unn‘untiant
643 1774 821 1830 pacem
847 1765 892 1810 et
917 1754 1202 1827 pradicant
1229 1749 1450 1804 salutem
1475 1746 1610 1818 (Isa.
1636 1741 1764 1813 tu)!
1791 1739 1880 1809 qui

2011 1772 2087 1820 es,
2114 1770 2212 1810 nec
2234 1752 2399 1807 fortes
2422 1751 2475 1804 in
2503 1763 2599 1803 sua
2626 1742 2938 1800 fortitudine
2960 1739 3148 1795 confisi
3176 1734 3565 1806 periclitentur,

307 1864 500 1913 euntes
531 1852 677 1906 ibant
713 1856 768 1902 et
816 1845 1014 1901 flebant
1065 1843 1342 1896 mittentes
1382 1838 1589 1893 semina
1637 1849 1764 1899 sua,
1794 1831 1882 1901 qui

308 1963 406 2018 per
438 1942 630 1997 multas
653 1937 900 1992 videlicet
935 1933 1256 2004 temporales
1298 1929 1669 1985 tribulationes
1722 1922 1887 1980 divini

313 2036 462 2090 verbi
490 2030 695 2088 semina
727 2026 1018 2096 iaciebant,
1045 2031 1242 2079 etcum
1273 2019 1631 2076 exsultatione
1676 2012 1888 2068 venturi

313 2134 440 2182 sunt
462 2125 531 2179 ad
556 2120 688 2177 illud
715 2115 966 2190 generale
999 2116 1540 2180 examen,portantes
1568 2104 1888 2174 manipulos,

315 2208 540 2281 populos
575 2185 821 2260 videlicet
851 2215 947 2270 per
983 2212 1132 2252 suam
1185 2192 1622 2265 praedicationem
1654 2189 1721 2243 ad
1768 2185 1892 2242 ﬁdei

315 2303 635 2356 documenta
681 2304 998 2353 conversos,
1031 2302 1138 2341 non
1184 2284 1475 2354 imagines,
1505 2282 1597 2336 sed
1639 2276 1895 2348 epistolas

317 2393 385 2447 ad
406 2389 646 2444 diversas
667 2382 851 2439 mundi
876 2386 1058 2450 partes
1072 2375 1370 2432 destinasse
1382 2372 1660 2442 leguntur:
1680 2383 1780 2422 nec
1800 2380 1897 2436 per

319 2486 557 2554 picturas
585 2492 752 2550 genus
788 2475 1086 2528 humanum
1127 2467 1195 2522 ab
1240 2465 1502 2520 idolorum
1548 2461 1782 2521 cultibus
1829 2455 1899 2510 ad

319 2588 459 2626 verm
489 2549 614 2623 fidei
633 2565 923 2636 puritatem
951 2569 1294 2620 revocavere,
1319 2553 1412 2608 sed
1446 2566 1543 2622 per
1570 2549 1896 2618 Scripturas,

323 2662 518 2731 quibus
553 2657 881 2724 Redemptor
915 2664 1130 2705 sensum
1160 2645 1392 2716 aperuit,
1422 2659 1529 2698 non
1553 2649 1612 2695 ut
1641 2639 1903 2708 intellige-

325 2730 444 2806 rent
469 2749 728 2820 picturas,
759 2743 850 2798 sed
889 2739 1215 2810 Scripturas.
1267 2735 1539 2804 Scriptum
1585 2740 1668 2786 est
1712 2730 1897 2785 enim:

325 2845 469 2899 Tunc
507 2840 706 2912 aperuit
744 2835 850 2890 illis
881 2849 1110 2896 sensum,
1144 2839 1198 2884 ut
1236 2827 1577 2898 intelligerent
1604 2825 1903 2894 Scripturas

326 2931 477 3002 (Luc.
522 2910 692 2998 inv).
733 2924 792 2978 ln
837 2921 1128 2991 Evangelio
1175 2931 1389 2988 quoque
1436 2914 1630 2985 legitur
1673 2929 1686 2964 :
1737 2910 1906 2964 Multa

325 3020 532 3092 quidem
556 3027 602 3072 et
629 3015 735 3069 alia
761 3015 910 3084 signa
940 3012 1060 3082 fecit
1097 3009 1250 3063 Iesus
1285 3008 1339 3060 in
1367 3013 1639 3074 conspectu
1675 3003 1907 3071 discipu-

1993 1863 2088 1904 ncc
2116 1843 2384 1913 simplices
2420 1840 2534 1894 sive
2565 1835 2762 1891 inﬁmi
2814 1848 2910 1888 sua
2954 1826 3388 1898 impossibilitate
3437 1820 3570 1889 deji-

1989 1941 2230 2000 ciantur;
2278 1948 2382 2003 qua
2427 1943 2526 1984 nec
2564 1928 2714 1981 laetos
2760 1924 2924 1977 nimia
2961 1919 3143 1974 laetitia
3185 1914 3423 1978 extollat,
3469 1924 3571 1965 nec

1990 2030 2170 2083 tristes
2197 2000 2361 2079 nimia
2385 2018 2549 2075 animi
2569 2013 2820 2072 contritio
2847 2009 3076 2073 efficiat;
3112 2020 3218 2076 qua
3246 2017 3346 2058 nec
3380 2000 3573 2056 divites

1992 2132 2174 2173 rerum
2208 2110 2479 2183 opulentia
2510 2107 2678 2162 elatos
2706 2102 2920 2165 efﬁciat,
2959 2113 3061 2152 nec
3087 2109 3355 2166 pauperes
3389 2097 3573 2146 rerum

1995 2205 2286 2276 indigentia
2314 2201 2546 2270 frangat.
2576 2197 2634 2250 ln
2659 2194 2766 2248 illis
2792 2189 3062 2246 invenitur
3085 2200 3272 2241 norma
3293 2197 3391 2253 per
3412 2195 3572 2250 quam

1995 2268 2278 2352 instruitur
2306 2268 2536 2360 qualiter
2567 2281 2776 2354 prsclati
2805 2294 2933 2350 erga
2965 2276 3226 2339 subditos,
3277 2279 3333 2326 et
3375 2268 3575 2324 subditi

1997 2402 2121 2457 erga
2161 2357 2413 2454 praelatos
2455 2390 2614 2448 agere
2645 2374 2895 2436 debeant,
2931 2367 3159 2438 qualiter
3188 2360 3435 2431 coniugia
3455 2357 3579 2412 dili-

1998 2450 2210 2551 gantur,
2241 2472 2469 2544 qualiter
2508 2464 2788 2523 saecularia
2825 2458 3048 2516 consilia
3099 2452 3350 2526 prudenti
3379 2450 3581 2505 delibe.

1999 2543 2207 2625 ratione
2233 2543 2548 2627 tractentur,
2578 2557 2808 2627 qualiter
2832 2551 3008 2622 patria
3035 2547 3371 2609 defendatur,
3394 2543 3579 2596 hostes

2000 2660 2266 2732 pellantur
2287 2696 2301 2717 ,
2364 2661 2744 2708 extranearum
2811 2640 3337 2705 domesticarumque
3395 2647 3578 2688 rerum

2003 2729 2394 2807 administratio
2437 2743 2722 2804 habeatur,
2766 2744 2822 2792 et
2846 2743 2906 2790 ut
2933 2741 3124 2787 cuncta
3155 2729 3392 2784 breviter
3433 2737 3580 2779 com-

2003 2846 2229 2916 plectar,
2277 2841 2331 2895 in
2375 2837 2485 2892 illis
2513 2842 2568 2889 et
2598 2832 2792 2886 animm
2825 2833 3117 2897 perpetuus
3147 2821 3318 2882 cibus,
3353 2825 3410 2871 et
3443 2829 3581 2885 pra:-

2005 2908 2174 2994 sentis
2198 2935 2322 2988 vitae
2347 2928 2587 2986 doctrina
2609 2932 2664 2980 et
2691 2919 2952 2992 sapientia
2984 2931 3105 2986 quae
3140 2913 3304 2968 decor
3330 2917 3414 2963 est
3437 2908 3579 2968 vitae,

2009 3037 2064 3083 et
2098 3028 2218 3081 vitm
2251 3029 2520 3094 perpetuae
2563 3017 2879 3072 documenta
2933 3008 3291 3064 continentur.
3324 3002 3420 3056 Est
3439 2999 3584 3054 enim

327 3113 499 3166 forum
524 3120 891 3174 suorum,qua.’
914 3119 1016 3156 non
1041 3109 1161 3155 sunt
1186 3099 1374 3168 scripta
1398 3097 1452 3149 in
1479 3095 1610 3149 libro
1633 3095 1749 3148 hac.
1781 3091 1908 3144 [hec
1937 3087 1978 3144 Ο
2015 3087 2296 3174 thesauris
2317 3087 2464 3168 n'uno
2495 3111 2637 3165 bono
2665 3117 2873 3168 carens,
2904 3098 3154 3155 omnibus
3195 3092 3350 3150 bonis
3394 3089 3588 3144 redun.

331 3213 506 3258 autem
533 3200 725 3268 scripta
754 3205 894 3260 sunt,
916 3204 970 3246 ut
1004 3192 1228 3246 credatis
1252 3188 1502 3260 quoniam
1531 3185 1686 3239 Iesus
1716 3192 1789 3236 est
1818 3180 1913 3233 Fi-

335 3295 438 3348 lius
461 3291 580 3356 Dei,
605 3298 651 3343 et
680 3297 735 3340 ut
769 3285 1034 3338 credentes
1056 3283 1210 3335 vitam
1237 3277 1470 3332 habeatis
1492 3277 1546 3328 in
1572 3273 1777 3327 nomine
1799 3271 1912 3340 ejus

337 3383 522 3455 (Joan.
553 3376 689 3449 xm).
718 3374 952 3430 Joannes
983 3384 1193 3440 quoque
1219 3367 1308 3438 qui
1335 3366 1400 3421 de
1424 3378 1623 3418 arcano
1652 3359 1917 3427 Dominici

339 3473 575 3546 pectoris
597 3477 850 3524 nectarea
887 3463 1143 3520 hauriens
1190 3458 1409 3522 fluenta,
1435 3455 1676 3511 cmlestia
1729 3451 1918 3522 pocula

340 3562 616 3620 arentibus
642 3558 894 3615 cordibus
915 3550 1238 3624 propinavit,
1255 3551 1380 3603 dum
1407 3541 1920 3611 Cmsareisjussibus

340 3658 394 3711 in
420 3653 678 3708 Pathmos
707 3647 881 3703 insula
914 3644 1179 3714 relegatus
1203 3638 1466 3695 Dominici
1501 3635 1682 3690 calicis
1707 3640 1920 3704 gustum

340 3761 468 3804 ante
490 3746 592 3802 sibi
618 3743 943 3815 promissum
978 3738 1264 3806 acciperet,
1292 3740 1346 3785 et
1386 3729 1694 3785 cmlestibus
1732 3725 1922 3794 plenus

342 3838 616 3912 mysteriis
640 3843 847 3891 secreta
865 3829 1132 3900 quaedam,
1149 3824 1376 3878 Domino
1395 3820 1692 3883 revelante,
1714 3814 1924 3870 audiret

347 3949 442 3989 seu
474 3924 994 3992 cerneret,scribere
1022 3935 1082 3975 ea
1111 3918 1163 3972 in
1186 3916 1342 3981 libro,
1373 3928 1477 3968 non
1500 3912 1718 3982 pingere
1741 3905 1926 3974 jussus

346 4033 449 4079 est.
483 4023 550 4077 Et
577 4022 632 4076 in
669 4027 872 4087 septem
915 4011 1173 4070 Ecclesiis
1201 4023 1366 4065 unam
1401 4013 1642 4061 sanctam
1690 3998 1924 4056 catholi-

348 4132 467 4171 cam
507 4113 618 4168 sive
656 4108 1002 4179 apostolicam
1031 4100 1327 4157 Ecclesiam
1368 4094 1696 4166 septiformis
1743 4089 1928 4161 gratia;

351 4205 555 4276 Spiritu
579 4202 792 4271 anam
825 4211 930 4251 non
960 4190 1256 4263 pingendo,
1288 4187 1381 4242 sed
1420 4183 1704 4240 scribendo
1746 4181 1930 4234 admo—

353 4298 486 4353 nuit.
519 4296 730 4349 Dictum
758 4291 901 4346 enim
925 4286 1002 4341 illi
1050 4296 1296 4352 superna:
1341 4278 1488 4333 vocis
1528 4273 1766 4330 tonitruo
1803 4277 1927 4325 est:

355 4388 507 4456 Quod
531 4385 669 4439 vides
710 4381 873 4436 scribe
913 4379 968 4430 in
1011 4375 1165 4438 libro,
1193 4383 1239 4426 et
1284 4371 1425 4425 mitte
1469 4375 1658 4436 septem
1702 4359 1930 4416 ecclesiis

356 4425 553 4550 ἴΑροσ.
591 4473 662 4543 ι).
707 4470 855 4526 Unde
901 4468 1059 4522 datur
1102 4461 1346 4530 intelligi,
1376 4473 1484 4512 non
1523 4425 1796 4524 'picturas,
1838 4450 1932 4505 sed
1957 4425 2008 4487 ί)

360 4567 668 4636 Scripturas
689 4560 756 4613 ad
779 4565 975 4612 nostra:
1003 4553 1124 4608 fidei
1150 4549 1507 4606 eruditionem
1550 4559 1670 4599 esse
1717 4554 1935 4595 conces-

360 4674 468 4713 sas.
499 4655 670 4722 Quam
707 4666 836 4720 ergo
864 4648 936 4703 sit
962 4647 1238 4700 incautum
1268 4651 1538 4709 quamque
1564 4653 1589 4688 a
1621 4632 1826 4687 ratione
1853 4644 1938 4684 re-

365 4719 566 4804 motum
595 4719 816 4799 dicere:
853 4757 871 4790 ι
909 4737 1062 4792 Sicut
1091 4733 1284 4787 divina:
1311 4729 1600 4810 Scriptura:
1642 4726 1827 4785 libros,
1861 4719 1938 4774 ita

363 4838 623 4909 imagines
649 4833 716 4888 ob
751 4827 1063 4885 memoriam
1100 4820 1458 4878 venerationis
1493 4818 1773 4878 habemus,
1806 4831 1823 4863 ι
1853 4810 1934 4864 fa-

365 4905 791 4995 t-ilevintelligere
816 4926 993 4992 potest
1019 4915 1265 4986 quisquis
1301 4912 1602 4967 divinarum
1635 4905 1939 4974 Scriptura-

366 5036 484 5074 rum
529 5013 891 5086 cognitionem
938 5009 1118 5062 habet.
1163 5006 1220 5059 ln
1262 5003 1368 5057 illis
1406 4997 1749 5054 inveniuntur
1792 5005 1942 5046 arma

367 5111 563 5180 quibus
589 5114 776 5162 contra
805 5100 1029 5154 adversa
1045 5094 1381 5165 confligatur,
1406 5089 1601 5159 quibus
1621 5084 1751 5139 vitia
1773 5080 1945 5151 repri-

371 5174 607 5260 mautur,
637 5193 832 5264 quibus
860 5189 1088 5242 virtutes
1113 5185 1409 5253 erigantur,
1439 5178 1634 5248 quibus
1661 5174 1797 5246 gulae
1824 5186 1949 5227 con-

371 5296 699 5369 cupiscentia
715 5289 910 5361 vigiliis
923 5296 976 5342 et
989 5282 1398 5353 compunctioue
1411 5277 1587 5334 cordis
1599 5275 1943 5344 rcprimatur,

375 5399 568 5467 quibus
597 5392 878 5448 foruicatio
906 5385 1225 5444 contritione
1260 5379 1441 5434 cordis
1471 5385 1524 5432 et
1559 5372 1798 5443 corporis
1823 5369 1951 5424 affli-

375 5497 574 5560 ctione,
622 5479 938 5547 orationum
967 5483 1250 5546 instantia,
1285 5477 1481 5534 laboris
1528 5471 1808 5533 exercitio,
1837 5483 1949 5522 mc-

381 5607 546 5664 tnque
567 5592 947 5662 suppliciorum
977 5585 1059 5640 vel
1085 5595 1268 5637 amore
1291 5586 1506 5634 alterna:
1553 5571 1739 5642 patria:
1786 5567 1952 5622 refre-

383 5702 570 5757 netur;
599 5691 790 5760 quibus
818 5685 1012 5740 invidia
1039 5696 1221 5736 amore
1260 5679 1510 5733 fraternae
1550 5667 1852 5729 dilectionis
1899 5671 1953 5718 et

2013 3211 2164 3272 dans,
2216 3205 2283 3261 ad
2326 3218 2486 3273 quem
2529 3197 2770 3270 quisquis
2819 3194 3044 3248 devotus
3072 3185 3298 3248 accedit,
3331 3178 3589 3252 quidquid

2014 3269 2241 3356 ﬁdeliter
2282 3269 2490 3365 quaerit,
2544 3269 2771 3344 feliciter
2807 3299 2864 3338 se
2893 3279 3187 3350 acquisisse
3221 3273 3436 3346 gaudet.
3461 3269 3591 3323 Esto

2016 3389 2300 3446 mundana:
2327 3381 2602 3453 sapientiae
2636 3385 2690 3433 et
2722 3372 2995 3431 saecularis
3030 3367 3229 3424 schola:
3268 3373 3593 3432 quemquam

2019 3495 2171 3536 amor
2195 3452 2448 3538 oblectat,
2480 3469 2699 3527 accedat
2723 3467 2790 3521 ad
2813 3462 3006 3519 divinae
3035 3457 3170 3529 legis
3194 3452 3448 3516 armaria,
3473 3463 3595 3518 qua:

2021 3573 2292 3642 sapientes
2337 3565 2524 3620 mundi
2577 3561 2718 3616 sicut
2759 3554 3077 3611 meritorum
3120 3542 3467 3603 celsitudine,
3521 3539 3596 3592 ita

2020 3631 2183 3719 etiam
2229 3668 2470 3725 tempore
2515 3647 2802 3722 praecedit,
2854 3653 2910 3698 et
2949 3637 3250 3696 liberalium
3297 3631 3596 3688 studiorum

2021 3718 2430 3822 profunditates,
2463 3718 2598 3811 quas
2630 3737 2733 3793 scit
2768 3731 3101 3803 cognovisse,
3147 3734 3203 3780 et
3248 3737 3384 3792 quas
3427 3718 3599 3774 nescit

2025 3841 2295 3898 invenisse
2321 3851 2378 3891 se
2403 3831 2650 3905 gaudeat.
2685 3828 2798 3882 Illic
2827 3821 3065 3879 inveniet
3093 3825 3149 3874 et
3185 3823 3347 3870 rectae
3375 3808 3600 3866 locutio-

2026 3933 2112 3989 nis
2143 3930 2412 3987 decorem,
2441 3917 2791 3992 etymologias
2821 3911 3118 3974 nominum,
3151 3906 3485 3961 schematum
3510 3912 3604 3950 va-

2027 4023 2268 4083 rietates,
2301 3991 2532 4083 tropicas
2550 4007 2944 4080 perplexiones,
2966 4002 3032 4057 de
3065 3998 3261 4068 quibus
3285 3996 3480 4049 beatus
3498 3991 3601 4043 Au-

2029 4112 2277 4186 gustinus
2311 4082 2406 4170 ait,
2448 4123 2466 4156 ο
2497 4101 2685 4157 Sciant
2711 4097 2890 4152 autem
2918 4089 3142 4148 litterati
3168 4087 3341 4142 modis
3362 4082 3601 4138 omnium

2031 4178 2383 4261 locutionum,
2414 4208 2550 4265 quos
2582 4185 2922 4262 grammatici
2951 4181 3141 4238 Graeco
3179 4178 3396 4232 nomine
3421 4182 3606 4241 tropos

2033 4299 2246 4355 vocant,
2277 4295 2526 4342 auctores
2558 4286 2772 4336 nostros
2805 4288 2934 4330 usos
2980 4270 3178 4334 fuisse;
3206 4287 3222 4320 ι
3265 4278 3399 4335 quos
3427 4271 3607 4315 tamen

2037 4397 2246 4454 tropos,
2299 4381 2354 4436 id
2403 4385 2488 4432 est
2533 4373 2720 4429 modos
2771 4365 3120 4426 locutionum,
3168 4359 3263 4429 qui
3309 4359 3608 4416 noverunt,

2034 4442 2332 4549 agnoscunt
2357 4471 2412 4524 in
2437 4465 2657 4523 Litteris
2697 4459 2918 4524 sanctis,
2965 4465 3260 4520 eorumque
3284 4445 3508 4504 scientia
3541 4442 3611 4496 ad

2033 4535 2126 4626 eas
2161 4560 2536 4633 intelligendas
2563 4551 2951 4625 aliquantulum
2985 4545 3336 4615 adjuvantur;
3379 4535 3614 4592 inveniet

2034 4659 2200 4717 etiam
2247 4627 2532 4714 historias,
2584 4655 2791 4708 metra,
2836 4655 2956 4710 qua:
2994 4637 3176 4692 omnia
3215 4631 3432 4702 proprie
3478 4627 3611 4680 artis

2040 4748 2406 4826 grammatica
2443 4750 2587 4800 sunt.
2617 4739 2727 4794 Sed
2768 4737 2912 4792 dicet
2954 4728 3198 4785 fortassis
3246 4723 3458 4795 aliquis,
3494 4719 3613 4773 Non

2040 4808 2156 4900 illic
2197 4846 2491 4894 metrorum
2534 4830 2844 4886 scansiones
2881 4833 2937 4878 et
2971 4831 3272 4888 temporum
3313 4819 3492 4868 certas
3536 4808 3616 4862 di-

2046 4933 2353 4991 mensiones
2375 4923 2619 4988 invenio;
2659 4923 2950 4989 cognoscat
2972 4911 3139 4967 multa
3173 4909 3228 4962 in
3251 4903 3448 4961 divinis
3469 4899 3614 4956 Scri-

2049 5023 2222 5096 pturis
2264 5027 2456 5082 metra,
2484 5013 2666 5083 plures
2701 5006 2983 5077 rhythmos
3007 5016 3148 5064 esse,
3198 4997 3292 5051 sed
3337 4989 3617 5047 translatio

2046 5080 2240 5184 lingua:
2268 5127 2375 5166 non
2401 5080 2589 5164 eadem
2621 5101 2750 5157 sinit
2775 5098 2974 5153 habere
3002 5102 3302 5160 temporum
3339 5080 3618 5139 intervalla

2047 5211 2102 5264 in
2131 5182 2443 5277 “peregrina,
2486 5212 2605 5267 quae
2647 5195 2916 5249 habentur
2940 5188 2994 5241 in
3021 5182 3252 5256 propria,
3286 5193 3407 5234 cum
3442 5184 3620 5228 tamen

2048 5301 2261 5358 eosdem
2295 5307 2488 5350 sensus
2533 5287 2855 5352 easdemque
2902 5292 3080 5333 rerum
3124 5271 3478 5343 proprietates
3522 5264 3621 5318 ha-

2055 5396 2180 5449 beat
2197 5409 2209 5443 :
2226 5388 2353 5458 quia
2373 5393 2428 5439 et
2448 5384 2494 5438 si
2521 5381 2641 5450 quis
2666 5377 2820 5432 nobis
2843 5373 3268 5427 debitoraurum
3291 5361 3622 5421 reddat,non

2053 5483 2279 5537 multum
2313 5477 2475 5532 distat
2501 5487 2626 5528 cum
2660 5483 2764 5522 non
2794 5465 2956 5520 unius
3000 5460 3070 5516 sit
3105 5462 3335 5511 monetze
3374 5463 3496 5505 cum
3533 5445 3624 5500 illo

2053 5572 2194 5643 quod
2232 5573 2530 5640 acceperat,
2562 5561 2607 5616 si
2631 5568 2813 5613 tamen
2849 5554 3007 5611 unius
3040 5551 3110 5605 sit
3143 5543 3396 5616 ponderis
3441 5539 3629 5593 unius-

2055 5629 2156 5732 que
2181 5629 2420 5731 fulgoris.
2450 5655 2582 5708 Nam
2606 5658 2664 5704 ut
2683 5649 2842 5702 beato
2864 5644 3187 5710 Hieronymo
3217 5634 3493 5690 licbraicte
3522 5629 3624 5682 lin-
