4028 6180
511 383 645 437 H05

1282 375 1459 434 LIBRI
1497 376 1839 434 CAROLINI.
1881 405 1950 413 —
1989 371 2213 429 CAPIT.
2254 373 2340 428 DE
2379 373 2569 429 IMAG.
2607 404 2678 414 —-
2716 374 2843 428 LIB.
2885 374 2946 428 II.

3634 377 3776 432 “06

506 511 622 569 gua:
649 496 977 566 peritissimo
1010 498 1235 552 docente
1265 497 1569 562 didicimus,
1605 497 1852 567 quaedam
1891 495 2084 550 divina:
2111 491 2161 548 Δ
2188 500 2306 546 est:
2340 489 2530 545 Omnia
2560 493 2614 545 in
2651 491 3055 562 Scripturarum
3081 499 3402 546 sanctarum
3421 493 3772 564 amplissimis

506 587 801 656 Scriptura:
851 586 1077 640 Hebraeo
1123 586 1334 656 dactylo
1385 588 1743 655 spondaeoque
1765 625 1782 650 ,
1842 585 2088 654 quaedam

503 685 798 746 anapaesto,
850 677 1097 746 quaedam
1141 693 1270 732 vero
1304 679 1482 735 iambo
1503 678 1657 746 juxta
1689 678 1822 732 artis
1852 677 2085 747 rigorem

505 769 819 821 decurrunt.
863 767 976 822 Illic
1020 769 1181 821 etiam
1229 769 1464 823 inveniet
1511 770 1742 825 nitorem
1785 779 1840 823 et
1876 769 2086 838 copiam

504 857 844 925 eloquentiae,
891 872 1089 926 genera
1123 873 1410 913 causarum
1449 866 1504 912 et
1541 868 1746 925 status;
1784 859 1895 914 illic
1922 875 2085 914 exor-

505 947 593 1002 dia
627 949 823 1016 quibus
866 949 1149 1013 benevoli,
1195 949 1396 1004 dociles
1444 950 1526 1004 vel
1577 951 1770 1004 attenti
1815 951 2088 1006 auditores

505 1038 673 1103 ﬁunt;
710 1037 834 1103 illic
879 1039 1218 1094 narrationes
1262 1048 1476 1108 apertas
1521 1048 1575 1093 et
1617 1041 1838 1104 breves,
1895 1055 2088 1095 causas

503 1129 672 1183 etiam
704 1138 759 1184 et
797 1130 1004 1199 longas,
1035 1144 1154 1197 quae
1182 1143 1288 1182 nou
1317 1128 1420 1182 nisi
1456 1129 1662 1197 Spiritu
1709 1138 1895 1184 sancto
1942 1145 2089 1184 rese-

506 1231 660 1278 rante
688 1222 1022 1292 panduntur;
1065 1222 1176 1276 illic
1214 1221 1587 1277 conclusiones
1624 1222 1819 1290 quibus
1844 1220 2088 1291 proprie-

503 1322 591 1368 tas
653 1327 834 1367 rerum
895 1322 1263 1379 monstratur;
1332 1314 1826 1384 argumentationes
1891 1312 2088 1380 quibus

502 1406 670 1460 animi
713 1404 1043 1460 audientium
1079 1408 1416 1462 concitantur
1463 1405 1532 1460 ad
1581 1405 1846 1474 implenda
1876 1419 1938 1458 ea
1967 1409 2088 1473 quae

504 1496 788 1561 dicuntur;
835 1496 944 1550 illic
993 1497 1138 1566 leges
1187 1497 1299 1551 sive
1353 1497 1671 1562 sententias,
1728 1496 1841 1551 illic
1892 1510 2086 1566 magna

499 1588 804 1658 granditer,
863 1603 1028 1657 parva
1083 1589 1348 1644 submisse
1372 1631 1386 1655 ,
1443 1588 1734 1644 mediocria
1789 1595 2087 1656 temperate

501 1689 850 1750 promuntur;
885 1681 996 1736 illic
1024 1681 1476 1750 prosopopteiam,
1505 1680 1831 1750 ethopoeiam
1861 1679 1945 1733 vel
1972 1694 2087 1733 om-

503 1784 600 1824 nes
626 1768 828 1839 ﬁguras
852 1769 1182 1824 locutionum
1219 1785 1340 1838 qua:
1379 1785 1410 1823 a
1450 1769 1758 1824 rhetoribus
1800 1767 2085 1822 traduntur

2186 586 2356 654 pratis
2399 600 2494 655 per
2537 595 2717 655 partes
2763 585 2989 639 inveniri
3027 600 3184 654 posse
3219 601 3338 655 quze
3377 587 3672 658 artigraphi
3716 589 3769 644 in
3839 608 3842 610 ‘

2187 689 2407 729 suorum
2451 675 2726 730 hortorum
2771 675 2968 730 areolis
3006 692 3269 746 posuere:
3297 677 3662 742 inveniuntur,
3693 679 3763 732 in-

2186 781 2369 834 quam,
2409 766 2606 820 virtute
2635 781 2908 832 sensuum,
2954 782 3061 821 non
3097 769 3151 822 in
3189 768 3618 838 promulgatione
3646 784 3768 823 ver-

2187 857 2416 922 borum;
2473 857 2528 910 in
2587 859 2828 912 radicum
2874 857 3346 927 profunditatibus,
3398 875 3504 913 non
3535 860 3588 914 in
3622 858 3774 914 folio-

2189 961 2308 999 rum
2351 946 2606 1016 lapsibus.
2654 947 2745 1001 Sic
2787 948 2932 1003 enim
2972 948 3026 1002 in
3061 948 3426 1018 profunditate
3467 951 3771 1005 divinarum

2190 1037 2592 1106 Scripturarum
2633 1040 2884 1094 liberales
2915 1048 3060 1095 artes
3088 1041 3155 1095 ab
3183 1042 3436 1096 studiosis
3469 1043 3772 1112 quibusque

2188 1141 2504 1197 cernuntur,
2553 1132 2692 1186 sicut
2725 1131 2849 1186 vina
2885 1133 2939 1186 in
2967 1133 3185 1198 vitibus,
3223 1143 3433 1204 segetes
3461 1134 3515 1188 in
3546 1134 3770 1189 semini-

2188 1221 2306 1287 bus,
2335 1220 2551 1276 frondes
2573 1223 2629 1277 in
2655 1223 2945 1287 radicibus,
2978 1223 3184 1278 fructus
3207 1225 3258 1278 in
3284 1225 3467 1289 ramis,
3493 1226 3774 1280 arborum~

2189 1327 2295 1380 que
2342 1312 2739 1383 magnitudines
2786 1328 2948 1368 sensu
3003 1315 3434 1383 contemplantur
3459 1316 3513 1368 in
3545 1315 3768 1370 nucleis.

2188 1403 2285 1456 Est
2310 1403 2468 1472 plane
2497 1403 2678 1458 divina
2711 1402 2991 1472 Scriptura
3020 1420 3206 1468 verax,
3233 1413 3318 1459 est
3342 1405 3467 1471 ﬁxa,
3494 1415 3577 1460 est
3597 1417 3770 1470 casta,

2186 1498 2271 1545 est
2311 1491 2551 1546 caelestis
2601 1492 2897 1560 magisterii
2949 1493 3364 1548 instrumentum
3388 1535 3402 1560 ,
3463 1503 3518 1548 et
3569 1502 3771 1549 aeterna

2187 1581 2500 1649 praedicatio
2533 1581 2824 1651 purissimo
2863 1582 3044 1638 nitens
3081 1584 3312 1653 eloquio,
3342 1592 3424 1639 est
3446 1584 3536 1638 lux
3570 1592 3773 1639 morta-

2188 1671 2396 1737 talium,
2436 1672 2647 1728 dicente
2669 1672 2938 1741 Propheta
2962 1691 2973 1725 :
3004 1672 3243 1727 Lucerna
3265 1674 3482 1743 pedibus
3507 1674 3635 1727 meis
3663 1690 3773 1728 ver-

2190 1762 2310 1816 bum
2357 1773 2526 1828 tuum,
2561 1762 2802 1830 Domine,
2861 1772 2908 1817 et
2947 1763 3122 1817 lumen
3172 1765 3372 1818 semitis
3421 1764 3549 1818 meis
3597 1763 3768 1836 (Psal.

504 1860 758 1926 inveniet,
799 1870 854 1916 et
877 1861 1058 1931 plures
1097 1863 1204 1917 illis
1241 1863 1597 1933 angustiores,
1629 1877 1750 1931 quae
1778 1861 2081 1932 percepisse
2111 1843 2157 1901 Β
2183 1853 2352 1926 CXIX);
2388 1861 2471 1909 est
2494 1854 2653 1908 vivax
2681 1865 2736 1909 et
2766 1856 2902 1910 mori
2927 1856 3193 1921 nesciens,
3235 1857 3447 1911 dicente
3477 1855 3768 1925 Apostolo:

500 1964 560 2005 se
587 1952 858 2021 gaudebit,
903 1955 970 2009 ad
1013 1969 1150 2023 quas
1184 1969 1284 2010 nec
1323 1955 1800 2023 grammaticorum
1829 1969 1930 2009 nec
1961 1956 2083 2010 rhe-

501 2050 679 2098 torum
724 2045 906 2100 schola
936 2046 1242 2116 pertingere
1278 2047 1482 2114 potuit;
1527 2045 1635 2100 illic
1672 2061 1888 2114 quoque
1933 2046 2080 2101 inve-

501 2137 612 2190 niet
655 2137 919 2208 isagogas,
947 2153 1068 2206 quae
1091 2138 1159 2192 ad
1184 2138 1531 2206 inquirendas
1568 2153 1656 2193 res
1689 2138 1944 2192 lectorem
1981 2138 2085 2192 uti-

501 2225 623 2280 liter
666 2227 1049 2294 introducunt;
1103 2228 1416 2298 categorias,
1473 2243 1594 2296 qute
1637 2228 2083 2298 przedicamento-

501 2333 620 2372 rum
649 2318 879 2373 utilitate
906 2320 974 2373 ad
998 2319 1399 2389 investigandas
1437 2333 1525 2373 res
1559 2319 1866 2383 excellunt;
1897 2317 2084 2373 deﬁni-

502 2409 677 2464 tiones
701 2409 783 2463 vel
810 2410 998 2465 modos
1023 2411 1480 2480 syllogismorum,
1512 2426 1631 2480 qua:
1657 2410 1838 2465 subtili
1866 2411 2085 2480 indaga-

500 2502 651 2557 tione
685 2516 749 2555 ea
775 2502 842 2556 de
871 2503 1067 2571 quibus
1105 2504 1379 2559 dubitatur
1420 2502 1727 2569 afﬁrmant;
1764 2504 1938 2572 topica
1964 2519 2083 2572 quae

503 2592 630 2646 dum
658 2593 769 2646 sint
798 2591 973 2648 fontes
997 2605 1251 2649 sensuum
1283 2603 1335 2650 et
1360 2596 1596 2669 origines
1622 2596 1938 2660 dictionum,
1967 2611 2084 2650 om-

501 2683 660 2738 nibus
709 2685 1086 2752 communiter,
1137 2688 1506 2754 grammaticis
1558 2687 1823 2751 videlicet,
1876 2687 2080 2756 poetis,

501 2774 810 2830 oratoribus
855 2775 941 2829 vel
992 2776 1156 2829 etiam
1183 2775 1532 2850 {philosophis
1583 2783 1897 2846 argumenta
1946 2791 2084 2844 pra:-

499 2869 662 2922 stant.
695 2879 816 2933 quae
858 2880 965 2920 non
995 2865 1168 2920 solum
1215 2866 1557 2931 scholastico,
1606 2868 1700 2922 sed
1751 2867 1914 2922 etiam
1962 2867 2082 2922 vul-

498 2951 617 3018 gari
647 2960 704 3006 et
733 2955 1061 3009 tumultuoso
1085 2956 1322 3010 sermoni
1345 2965 1604 3026 perpetuo
1631 2957 1922 3011 cohaerent.
1947 2957 2081 3011 Nam

502 3055 810 3110 quanquam
879 3045 1239 3100 tumultuosus
1267 3086 1288 3111 ,η
1348 3061 1656 3116 quanquam
1719 3045 1955 3114 vulgaris
2012 3046 2084 3100 sit

500 3146 696 3194 sermo,
727 3133 772 3188 si
799 3149 899 3203 pro
933 3136 1261 3204 quibuslibet
1287 3136 1410 3192 vitae
1441 3136 1764 3191 utilitatibus
1789 3135 2078 3205 profertur,

498 3220 567 3274 ad
593 3223 766 3292 topica
798 3225 1006 3290 veniet;
1041 3240 1137 3296 per
1161 3241 1226 3281 ea
1265 3227 1418 3297 quasi
1441 3242 1538 3297 per
1561 3227 1808 3298 quaedam
1833 3227 2087 3298 magiste-

500 3310 580 3364 ria
607 3311 805 3368 locales
831 3315 1042 3383 regulas
1070 3317 1266 3385 quibus
1297 3319 1511 3388 evagari
1544 3325 1637 3372 aut
1663 3333 1769 3372 non
1798 3319 1968 3386 possit
1993 3326 2087 3371 aut

499 3417 605 3457 non
638 3405 846 3468 debeat,
880 3405 1152 3472 inveniet;
1203 3408 1258 3462 in
1300 3409 1408 3463 illis
1451 3410 1613 3464 etiam
1645 3409 1956 3474 terminum,
1993 3411 2084 3478 qui

498 3493 614 3548 sine
653 3510 843 3550 sensus
881 3496 1164 3565 dispendio
1199 3499 1502 3568 transgredi
1547 3497 1766 3553 difﬁcile
1793 3500 1881 3565 sit,
1915 3513 1972 3553 se
2000 3515 2086 3553 re-

497 3583 702 3653 perisse
727 3595 1034 3654 cognoscet.
1063 3588 1131 3642 Et
1156 3596 1214 3642 ut
1237 3597 1431 3643 cuncta
1472 3589 1709 3643 breviter
1743 3588 1940 3653 dicam,
1970 3603 2086 3642 om-

497 3673 584 3726 nis
607 3689 806 3740 sermo,
843 3675 947 3729 nisi
977 3676 1043 3730 ad
1073 3678 1247 3746 topica
1293 3677 1519 3739 venerit,
1565 3677 1874 3731 indeﬁnitus
1897 3677 2085 3745 procul

497 3764 663 3819 dubio
697 3767 1016 3821 remanebit.
1045 3767 1155 3823 Illic
1180 3772 1300 3844 περὶ
1328 3769 1641 3841 ἐρμηνείας,
1670 3783 1900 3837 quarum
1935 3783 2084 3822 scru-

497 3855 704 3924 pulosis
746 3857 952 3912 semitis
977 3865 1032 3912 et
1058 3859 1334 3915 laciniosis
1374 3860 1706 3915 diverticulis
1748 3859 2084 3930 profunditas

500 3945 942 4001 inveniendorum
973 3964 1229 4004 sensuum
1264 3950 1656 4018 dubiorumque
1681 3950 1971 4006 afﬁrmatio
2003 3952 2084 4006 in-

500 4038 744 4103 venitur,
795 4041 1096 4111 quibusque
1154 4044 1584 4114 syllogismorum
1635 4045 1717 4098 vel
1765 4053 2081 4100 exterarum

498 4131 1026 4198 argumentationum
1059 4133 1193 4188 silva
1224 4135 1486 4198 exoritur,
1516 4149 1635 4203 qua:
1657 4136 1836 4190 omnia
1862 4137 2083 4205 proprie

497 4219 632 4274 artis
674 4229 801 4276 sunt
832 4223 1144 4280 dialecticae.
1177 4225 1288 4280 Illic
1313 4227 1367 4280 in
1395 4228 1634 4281 numeris
1658 4243 1754 4296 per
1780 4228 2081 4284 arithmeti-

497 4325 616 4365 cam
649 4323 822 4368 artem
857 4331 1054 4372 arcana
1095 4333 1350 4373 sensuum
1392 4317 1888 4389 profunditatesque
1930 4336 2082 4390 repe-

499 4401 621 4467 riet,
657 4406 931 4473 quoniam,
960 4408 1169 4463 dicente
1213 4408 1400 4464 eadem
1447 4409 1748 4478 Scriptura,
1801 4409 1992 4464 Omnia
2026 4412 2082 4466 in

2195 1942 2350 1999 Vivus
2379 1953 2453 2000 est
2482 1945 2580 1999 Dei
2611 1963 2779 2000 sermo
2817 1956 2867 2000 et
2892 1946 3108 2015 efﬁcax,
3147 1957 3196 2002 et
3221 1947 3594 2019 penetrabilior
3631 1949 3772 2001 omni

2184 2035 2360 2106 gladio
2409 2038 2642 2106 ancipiti,
2699 2047 2746 2091 et
2790 2039 3088 2108 pertingens
3139 2055 3299 2109 usque
3345 2038 3414 2092 ad
3466 2039 3772 2093 divisionem

2184 2126 2374 2180 anima:
2404 2141 2466 2178 ac
2493 2126 2707 2195 spiritus
2736 2125 2922 2196 (Hebr.
2950 2126 3056 2197 iv);
3085 2138 3168 2183 est
3193 2130 3536 2183 tenebrarum
3567 2129 3772 2184 discus-

2184 2219 2286 2283 sio,
2316 2217 2604 2273 Salomone
2627 2225 2916 2272 attestante
2939 2219 3029 2287 qui
3054 2219 3130 2273 ait
3157 2237 3169 2272 :
3195 2219 3432 2274 Lucerna
3461 2229 3533 2274 est
3553 2221 3774 2274 manda-

2184 2316 2293 2361 tum
2316 2306 2466 2378 legis,
2483 2316 2531 2362 et
2555 2307 2649 2362 lux
2676 2309 2814 2374 vitaz,
2832 2319 2877 2362 et
2894 2310 3206 2380 increpatio,
3223 2320 3271 2363 et
3292 2309 3569 2380 disciplina
3585 2310 3766 2382 (Prov.

2184 2397 2294 2467 v1);
2339 2399 2406 2453 de
2453 2413 2560 2467 quo
2600 2413 2700 2468 per
2739 2398 2934 2453 Isaiam
2981 2399 3316 2454 diciturzbe
3367 2409 3514 2454 nocte
3555 2400 3768 2471 spiritus

2185 2503 2328 2540 meus
2353 2485 2531 2557 vigilat
2566 2487 2635 2540 ad
2659 2498 2730 2553 te,
2755 2487 2916 2554 Deus,
2959 2489 3084 2559 quia
3109 2487 3202 2543 lua:
3242 2500 3497 2561 pra’cepta
3529 2500 3619 2545 tua
3648 2502 3769 2546 sunt

2183 2595 2340 2648 super
2358 2590 2556 2635 terram
2592 2580 2727 2652 (lsa.
2751 2582 2923 2652 xxvr).
2960 2581 3185 2651 Semper
3222 2583 3364 2638 enim
3391 2582 3768 2652 vitalia.jubet,

2185 2671 2345 2725 noxia
2372 2672 2642 2740 prohibet,
2668 2683 2882 2728 terrena
2906 2683 3164 2738 removet,
3193 2674 3432 2730 caelestia
3460 2677 3767 2744 persuadet.

2185 2765 2298 2830 Est,
2338 2765 2578 2834 inquam,
2605 2766 2725 2821 fons
2766 2769 3004 2823 :ethereo
3046 2769 3113 2822 de
3157 2768 3401 2838 margine
3446 2768 3764 2830 scaturiens,

2187 2855 2253 2910 de
2277 2871 2384 2924 quo
2424 2865 2629 2925 quanto
2672 2857 2903 2927 amplius
2945 2858 3207 2921 hauritur,
3254 2865 3405 2912 tanto
3454 2858 3634 2913 minus
3677 2873 3771 2911 ex-

2185 2948 2456 3016 penditur,
2487 2957 2540 3002 et
2570 2956 2769 3017 quanto
2805 2949 2858 3002 in
2885 2949 3068 3017 plures
3092 2957 3272 3020 partes
3295 2950 3584 3013 derivatur,
3617 2957 3769 3005 tanto

2184 3037 2414 3107 amplius
2445 3038 2500 3092 in
2527 3040 2776 3094 sensibus
2807 3048 3212 3109 augmentatur;
3250 3049 3333 3095 est
3360 3041 3601 3109 pecunia:
3625 3056 3771 3094 mar-

2187 3128 2419 3198 supium,
2451 3129 2516 3184 de
2543 3145 2650 3200 quo
2681 3145 2780 3184 nec
2807 3145 2868 3183 ea
2897 3145 3018 3200 quze
3053 3131 3251 3184 dantur
3283 3131 3621 3195 amittuntur,
3671 3147 3771 3186 nec

2187 3220 2598 3276 diminutionem
2623 3223 2870 3278 assiduus
2893 3223 3052 3278 dandi
3091 3239 3220 3277 usus
3245 3222 3422 3288 affert,
3450 3223 3545 3278 sed
3566 3231 3770 3292 quanto

2188 3311 2311 3367 inde
2349 3312 2578 3381 amplius
2619 3311 2782 3368 dandi
2829 3312 3116 3368 devotione
3161 3310 3394 3378 ejicitur,
3445 3319 3596 3367 tanto
3637 3313 3766 3366 illud

2189 3404 2370 3474 magis
2404 3405 2681 3474 magisque
2715 3405 3032 3473 completur.
3062 3404 3207 3458 Nihil
3237 3404 3400 3474 igitur
3426 3403 3617 3457 horum
3648 3419 3769 3473 qua:

2186 3493 2632 3562 perstrinximus,
2693 3495 2808 3549 sive
2861 3495 2946 3548 his
2989 3494 3264 3557 similium,
3320 3509 3440 3563 quae
3485 3494 3768 3550 brevitatis

2187 3580 2365 3636 studio
2405 3583 2865 3650 praetermisimus,
2912 3583 2967 3636 in
3011 3583 3351 3652 imaginibus,
3397 3598 3431 3638 ο
3473 3583 3766 3653 imaginum

2185 3671 2468 3735 adorator,
2517 3686 2550 3725 ο
2596 3686 2776 3725 rerum
2803 3671 3202 3726 insensatarum
3254 3672 3465 3738 cultor,
3521 3672 3766 3727 invenire

2184 3774 2342 3828 posse
2372 3767 2424 3814 te
2452 3766 2684 3825 constat,
2722 3775 2842 3829 quze
2882 3761 3008 3815 dum
3039 3761 3123 3814 his
3152 3762 3404 3816 omnibus
3447 3763 3765 3818 meritorum

2182 3852 2556 3921 prmrogativis
2589 3860 2828 3918 careant,
2869 3853 3125 3908 dolendus
3158 3854 3336 3924 potius
3361 3870 3524 3925 quam
3558 3858 3765 3912 miran-

2184 3943 2285 3997 dus
2311 3957 2370 3997 es
2405 3959 2503 3996 cur
2523 3958 2616 3998 eas
2638 3944 2834 3999 divinae
2862 3944 3156 4014 Scriptum:
3184 3946 3355 4013 libris,
3384 3947 3437 4002 in
3467 3949 3662 4016 quibus
3687 3955 3771 4003 tot

2181 4033 2323 4086 bona
2361 4032 2720 4100 reperiuntur,
2761 4034 3094 4103 aequiparare
3122 4035 3373 4092 all‘ectes?
3404 4038 3482 4095 Tu
3509 4041 3601 4110 qui
3643 4042 3766 4098 ﬁdei

2184 4131 2289 4178 tuae
2331 4123 2622 4193 puritatem
2675 4127 2730 4178 in
2779 4125 3103 4197 imaginibus
3147 4144 3469 4186 conservare
3510 4140 3561 4187 te
3607 4135 3762 4199 dicis,

2182 4217 2405 4286 supplex
2431 4217 2510 4272 eis
2536 4225 2714 4273 astare
2735 4227 3007 4274 memento
3028 4235 3148 4274 cum
3174 4222 3635 4292 thymiamatibus,
3669 4243 3765 4282 nos

2181 4317 2448 4378 praecepta
2477 4309 2688 4363 Domini
2720 4310 2904 4366 solerti
2937 4312 3278 4382 indagatione
3305 4317 3678 4386 perquiramus
3710 4319 3765 4372 in

2185 4399 2379 4455 divina:
2421 4401 2555 4470 legis
2603 4403 2900 4458 codicibus.
2955 4404 3036 4457 Tu
3083 4406 3440 4464 luminaribus
3495 4411 3763 4480 perlustra

498 4509 742 4550 mensura
786 4507 833 4550 et
879 4515 1093 4554 numero
1131 4509 1178 4553 et
1222 4501 1450 4570 pondere
1493 4501 1634 4556 Deus
1689 4503 1807 4572 fecit
1837 4501 1890 4573 (I
1913 4501 2074 4556 Esdr.
2104 4520 2155 4578 Β
2182 4492 2449 4560 picturas,
2487 4507 2586 4548 nos
2620 4493 3024 4563 frequentemus
3071 4497 3280 4554 divinas
3323 4499 3648 4571 Scripturas.
3684 4503 3763 4558 Tu

499 4587 640 4656 vni).
686 4585 798 4643 Illic
838 4590 1002 4644 etiam
1049 4593 1268 4647 musica:
1319 4608 1426 4648 non
1477 4593 1651 4648 solum
1696 4595 2076 4650 consonantias

499 4673 961 4748 instrumentaque
1001 4681 1196 4750 quibus
1221 4683 1463 4753 plerique
1505 4693 1812 4740 sanctorum
1853 4685 2075 4740 Patrum

498 4765 580 4818 usi
606 4775 748 4832 sunt,
778 4770 874 4824 sed
896 4771 1057 4825 etiam
1087 4782 1416 4843 repertorem
1441 4777 1694 4832 inveniet.

565 4855 807 4914 Inveniet
841 4877 1057 4931 quoque
1107 4872 1373 4920 terrarum
1415 4868 1552 4923 situs
1585 4869 2073 4940 dimensionesquc,

497 4963 614 5014 qua:
636 4950 852 5018 proprie
876 4953 1010 5007 artis
1041 4962 1168 5008 sunt
1201 4959 1560 5025 geometriae.
1597 4959 1707 5015 Nec
1736 4977 1842 5015 non
1866 4970 1921 5015 et
1946 4977 2078 5030 quo-

497 5033 743 5088 rumdam
790 5036 1026 5092 siderum
1067 5055 1261 5094 cursus
1285 5049 1338 5096 et
1363 5044 1674 5111 positiones,
1700 5056 1755 5099 et
1775 5053 2076 5114 temporum

498 5122 828 5192 varietates,
889 5129 1154 5192 mensium
1211 5147 1584 5202 annorumque
1647 5136 1760 5190 sive
1820 5137 2076 5191 horarum

495 5213 785 5280 curricula,
836 5217 976 5272 diem
1024 5221 1187 5273 etiam
1239 5227 1295 5275 et
1336 5238 1554 5278 causam
1587 5227 1914 5281 conditionis
1937 5228 2079 5283 side-

498 5317 637 5366 rum,
668 5319 788 5372 qua:
822 5308 1041 5377 proprie
1075 5309 1208 5364 artis
1234 5321 1360 5366 sunt
1387 5317 1746 5382 astronomia),
1785 5319 1893 5373 illic
1929 5334 2079 5388 repe-

497 5395 630 5448 risse
665 5410 721 5450 se
751 5399 1021 5454 studiosus
1057 5401 1283 5471 quisque
1315 5415 1622 5474 cognoscet.
1659 5408 1770 5464 Sed
1788 5410 1917 5465 dicit
1941 5411 2079 5467 forte

494 5487 709 5554 aliquis,
741 5487 851 5544 Nec
880 5491 1094 5546 nomina
1123 5494 1493 5566 principaliter
1525 5500 1947 5570 disciplinarum,
1979 5519 2080 5560 nec

495 5579 920 5652 uniuscujusque
979 5585 1272 5656 disciplinae
1329 5590 1641 5658 singillatim
1703 5602 1921 5663 partes,
1978 5610 2078 5651 nec

495 5669 914 5742 uniuscujusque
961 5676 1129 5742 partis
1172 5679 1412 5733 membra
1465 5680 1774 5751 singillatim
1810 5682 1864 5738 in
1908 5687 2078 5741 sacris

495 5766 715 5823 Litteris
746 5767 1118 5838 inveniuntur;
1151 5770 1345 5841 quibus
1371 5773 1608 5830 breviter
1646 5779 2072 5848 respondendum

2181 4580 2486 4636 fucatorum
2528 4591 2812 4639 venerator
2847 4595 2964 4640 esto
2993 4586 3254 4655 colorum,
3285 4607 3384 4646 nos
3417 4602 3764 4650 veneratorcs

2179 4688 2234 4733 et
2261 4695 2484 4748 capaces
2533 4683 2702 4737 simus
2735 4698 2990 4738 sensuum
3028 4701 3370 4742 arcanorum.
3427 4689 3505 4744 Tu
3537 4690 3764 4760 depictis

2180 4771 2484 4827 demulcere
2525 4773 2741 4839 tabulis,
2773 4791 2871 4830 nos
2899 4777 3097 4831 divinis
3127 4780 3459 4834 muleeamur
3486 4782 3758 4851 alloquiis.

2181 4861 2258 4918 Tu
2308 4864 2501 4935 ﬁguris
2541 4880 2721 4919 rerum
2764 4866 2904 4920 insta
2951 4867 3002 4920 in
3055 4869 3249 4936 quibus
3296 4886 3394 4924 nec
3444 4871 3606 4935 visus,
3663 4887 3769 4926 nco

2180 4955 2414 5018 auditus,
2448 4971 2545 5009 nec
2583 4965 2794 5025 gustus,
2843 4972 2942 5010 nec
2979 4957 3255 5024 odoratus,
3303 4976 3401 5013 nec
3437 4969 3613 5017 tactus
3641 4973 3755 5027 est;

2180 5063 2286 5102 nos.
2321 5047 2585 5101 instemus
2631 5045 2826 5100 divina:
2862 5047 2964 5116 legi
2991 5063 3110 5116 qua:
3143 5058 3224 5103 est
3251 5050 3757 5121 irreprehensibilis,

2183 5135 2234 5188 in
2258 5151 2364 5203 qua
2402 5136 2767 5191 testimonium
2807 5138 3016 5191 Domini
3057 5137 3284 5207 justitiae
3322 5143 3435 5196 sive
3471 5153 3766 5214 praecepta,

2182 5231 2342 5284 timor
2387 5229 2500 5283 sive
2534 5227 2736 5297 judicia
2792 5227 2910 5298 ejus
2958 5231 3322 5286 inveniuntur.
3374 5232 3504 5299 Quae
3551 5235 3762 5305 singula-

2180 5321 2400 5391 pulchre
2450 5322 2903 5392 Psalmographus
2953 5339 3049 5393 per
3100 5326 3379 5394 septimam
3434 5326 3760 5385 deﬁnitionis

2181 5413 2412 5483 speciem
2448 5429 2612 5482 quam
2651 5415 2917 5469 dialectici
2951 5419 3081 5472 κατά
3118 5423 3417 5494 μεταφορὰν,
3457 5419 3509 5473 id
3549 5428 3632 5474 est
3667 5438 3760 5491 per

2179 5503 2592 5568 translationem,
2643 5516 2857 5572 vocant,
2903 5521 2968 5562 eo
3009 5511 3150 5576 quod
3190 5525 3303 5563 rem
3347 5511 3580 5580 aliquam
3608 5513 3756 5569 brevi

2178 5596 2449 5666 praeconio
2477 5613 2597 5665 quae
2621 5599 2692 5652 sit
2711 5599 2963 5664 ostendit,
2992 5602 3088 5655 sub
3114 5603 3309 5657 senarii
3335 5605 3544 5660 numeri
3576 5605 3756 5674 perfe-

2179 5690 2383 5755 ctione,
2437 5693 2528 5762 qui
2563 5691 2718 5761 juxta
2765 5694 3118 5752 arithmetica:
3165 5701 3551 5770 experientiam
3598 5702 3757 5757 disci—

2177 5782 2336 5852 plina:
2376 5783 2649 5854 perfectus
2693 5786 2940 5855 habetur,
2993 5804 3058 5844 eo
3099 5792 3240 5860 quod
3271 5793 3384 5847 suis
3405 5795 3653 5866 partibus
3673 5793 3752 5846 di»
