4070 6186
353 367 488 422 “07

1221 371 1282 428 Β.
1323 371 1575 429 CAROLI
1614 372 1828 428 MACNI
1867 371 2019 428 OPP.
2062 371 2242 429 PARS
2281 374 2343 430 ιι.
2389 373 2633 435 SECTIO
2673 378 2735 433 ll.

3483 370 3618 432 “03

349 491 589 534 mensus.
614 485 668 531 et
692 477 776 532 his
801 479 995 532 iterum
1033 479 1086 533 in
1114 493 1278 534 unum
1317 482 1569 547 redactis,
1596 483 1800 552 absque
1823 479 1930 536 ullo
1961 485 2006 540 Α
2035 480 2204 536 culari
2244 487 2550 542 reverentia
2597 496 2958 557 nuncupatur.
2987 489 3046 542 in
3071 489 3219 545 omni
3261 504 3391 559 ergo
3419 491 3618 544 sancti-

349 567 677 622 detrimento
715 577 806 622 aut
847 567 1183 624 incremento
1210 570 1293 624 sui
1319 571 1373 624 in
1407 586 1467 626 se
1496 571 1665 637 redit;
1692 572 1764 625 ita
1795 569 1930 626 deti-

351 657 484 711 nivit
515 657 737 712 dicens:
765 657 874 712 Lex
924 657 1140 713 Domini
1185 661 1670 732 irreprehensibilis,
1721 679 1933 716 conver-

348 759 462 804 tens
508 750 732 813 animas,
775 751 1126 806 testimonium
1161 751 1373 807 Domini
1410 753 1582 822 ﬁdele,
1622 755 1931 824 sapientiam

347 851 602 912 pra'stans
631 840 882 912 parvulis.
913 841 1146 897 Justitia:
1181 842 1392 897 Domini
1428 854 1563 898 recte
1602 843 1931 912 laetiﬁcantes

348 932 530 994 corda,
561 940 876 1001 pra’ceptum
903 932 1113 986 Domini
1141 931 1374 986 lucidum
1400 932 1706 987 illuminans
1729 931 1928 987 oculos.

352 1021 532 1076 Timor
567 1020 780 1076 Domini
826 1032 1039 1076 sanctus
1083 1040 1394 1093 permanens
1440 1025 1497 1078 in
1539 1023 1791 1078 swculum
1832 1040 1931 1078 ste-

349 1112 474 1176 culi,
503 1113 701 1180 iudicia
727 1113 942 1168 Domini
966 1130 1082 1168 uera
1097 1113 1396 1184 justiﬁcata
1435 1116 1490 1170 in
1514 1117 1810 1186 semetipsa,
1841 1116 1935 1170 de-

347 1208 650 1262 siderabilia
700 1225 856 1278 super
894 1226 1085 1262 aurum
1118 1219 1169 1262 et
1207 1208 1434 1280 lapidem
1473 1210 1756 1280 pretiosum
1797 1207 1934 1262 mul-

349 1310 479 1363 tum,
528 1309 576 1352 et
613 1297 854 1352 dulciora
898 1315 1055 1370 super
1103 1298 1205 1353 mel
1249 1309 1300 1354 et
1343 1301 1520 1370 favum
1565 1299 1738 1372 (Psal.
1789 1300 1926 1371 xu).

348 1389 479 1455 Qua:
519 1389 699 1444 omnia
743 1388 865 1443 ideo
912 1390 1110 1443 senarii
1160 1391 1371 1445 numeri
1407 1389 1737 1459 perfectione
1776 1391 1936 1446 deco-

347 1489 556 1542 rantur,
592 1480 716 1548 quia
749 1495 1056 1548 quanquam
1097 1481 1329 1549 quodam
1373 1481 1534 1538 modo
1587 1482 1729 1537 inter
1769 1497 1828 1537 se
1857 1482 1937 1537 di-

350 1579 497 1624 stare
523 1570 824 1636 videantur,
849 1571 1057 1640 singula
1079 1579 1258 1625 tamen
1281 1573 1348 1626 ad
1369 1571 1760 1642 perfectionem
1783 1574 1935 1644 legis,

349 1675 456 1729 qua
486 1660 584 1714 viri
617 1659 788 1714 sancti
822 1660 1048 1730 perfecti
1079 1660 1402 1728 ciliciuntur,
1431 1664 1725 1733 pertinent.
1752 1665 1796 1719 E
1818 1666 1940 1735 qui—

352 1754 456 1807 bus
492 1753 629 1807 sicut
659 1769 765 1814 uno
792 1753 1073 1808 subtracto
1099 1763 1286 1809 sextus
1315 1770 1574 1810 numerus
1597 1756 1818 1810 minime
1843 1757 1939 1810 ad-

2038 581 2146 628 tate
2173 584 2420 631 versatur
2447 578 2539 646 qui
2579 594 2735 633 suum
2754 577 2994 647 iudicem
3025 589 3080 634 et
3115 580 3308 634 timere
3335 581 3617 650 cognosci-

2037 672 2125 717 tur
2147 672 2202 719 et
2231 681 2434 722 amare.
2471 668 2618 724 later
2648 670 2897 725 timorem
2932 685 3163 740 namque
3196 671 3410 724 Domini
3432 680 3488 725 et
3508 670 3619 726 for-

2036 754 2292 810 midinem
2323 755 2612 812 humanam
2643 760 2747 814 hoc
2788 760 3011 814 interest
3053 761 3197 829 quod
3242 759 3476 814 formido
3518 761 3620 815 hu-

2035 865 2193 904 mana
2239 866 2362 905 cum
2409 861 2652 922 tempore
2699 861 3100 918 commutatur;
3155 855 3220 909 de
3245 868 3327 917 ea,
3358 854 3410 908 ni
3442 853 3622 918 fallor,

2033 939 2237 994 dictum
2282 950 2403 996 est:
2436 941 2679 1012 Perfecta
2733 943 2966 997 charitos
3007 943 3153 1012 foras
3185 945 3342 996 mittit
3377 944 3621 996 timerent

2034 1031 2090 1103 (1
2117 1033 2278 1087 Joan.
2311 1033 2408 1104 iv).
2444 1034 2630 1090 Timor
2653 1043 2835 1090 autem
2866 1035 3078 1091 Domini
3125 1051 3156 1091 a
3202 1037 3421 1106 proprio
3471 1046 3619 1092 statu

2036 1120 2182 1175 nulla
2215 1123 2497 1192 temporali
2521 1126 2876 1181 conversione
2895 1134 3156 1192 mutatur,
3190 1127 3282 1181 sed
3307 1128 3360 1180 in
3383 1128 3620 1196 idipsum

2036 1214 2346 1270 sinceritate
2379 1218 2532 1272 bonze
2555 1218 2900 1274 conscientiae
2922 1228 3250 1289 perseverat.
3283 1218 3456 1274 Porro
3476 1217 3627 1286 iudi-

2035 1305 2122 1360 cia
2167 1305 2284 1372 Dei,
2339 1321 2459 1376 qua
2492 1315 2547 1362 et
2575 1324 2703 1364 vera
2725 1309 3099 1378 etiustiﬂcata
3146 1311 3202 1366 in
3250 1311 3540 1380 semetipsa
3590 1325 3626 1364 a

2034 1396 2298 1465 propheta
2337 1397 2738 1465 describuntur,
2779 1401 3032 1456 mandata
3075 1410 3201 1456 sunt
3229 1403 3366 1472 eius,
3414 1417 3536 1471 quae
3569 1402 3629 1456 in

2037 1488 2221 1543 Veteri
2270 1495 2324 1544 et
2374 1488 2522 1545 Novo
2577 1490 2928 1547 Testamento
2973 1493 3278 1562 conscripta
3327 1493 3626 1555 habentur,

2038 1580 2164 1649 quia
2209 1594 2396 1635 revera
2417 1595 2486 1634 ex
2520 1579 2725 1649 iudicio
2761 1591 2886 1637 sunt
2922 1584 3154 1652 prolata.
3191 1584 3350 1649 Vera,
3381 1584 3630 1652 inquam,

2041 1671 2401 1742 metonymice
2435 1681 2494 1727 et
2525 1671 2842 1740 iustiﬁcata,
2873 1675 2998 1744 quia
3028 1689 3251 1730 veraces
3281 1683 3334 1730 et
3356 1673 3633 1743 iustiﬁca-

2040 1770 2127 1815 tos
2144 1762 2526 1818 observatores
2549 1778 2677 1820 suos
2703 1763 2964 1819 efficiunt.
2992 1765 3138 1820 Inter
3155 1765 3421 1834 judicium
3447 1775 3635 1819 tamen

352 1843 624 1914 impletur,
656 1844 728 1899 ita
757 1845 802 1899 si
835 1845 1038 1914 aliquid
1064 1847 1399 1912 detrahatur,
1426 1847 1776 1928 perfectionis
1803 1849 1940 1904 inte-
1972 1825 2014 1886 Β
2044 1852 2139 1907 Dei
2190 1861 2245 1907 et
2287 1851 2487 1922 iudicia
2535 1853 2652 1924 eius
2708 1856 2812 1910 hoc
2864 1856 3112 1920 interest,
3155 1825 3306 1926 quod
3362 1855 3635 1925 judicium

351 1938 522 2006 gritas
567 1937 870 1991 mutilatur.
921 1938 1032 1993 Lex
1079 1939 1224 1994 enim
1274 1927 1769 2011 irreprehensibilis
1819 1952 1938 2012 est,

350 2028 477 2096 quia
500 2027 744 2098 perfecta
772 2028 998 2083 veritate
1028 2031 1300 2096 consistit,
1338 2048 1458 2100 quae
1483 2047 1580 2101 per
1605 2032 1938 2088 Salvatorem

353 2134 456 2173 non
492 2120 838 2187 reprehensa,
872 2121 967 2174 sed
993 2121 1175 2189 potius
1218 2124 1479 2191 probatur
1523 2125 1782 2194 impleta:
1814 2126 1942 2179 Non

351 2211 482 2275 reni,
513 2211 707 2281 inquit,
740 2210 903 2282 legem
940 2211 1154 2279 soluere,
1182 2215 1273 2268 sed
1299 2216 1584 2287 adimplere
1613 2217 1826 2289 (Matth.
1852 2217 1935 2290 ιι).

354 2303 418 2357 Et
463 2311 523 2357 ut
568 2319 728 2358 nosse
772 2317 1057 2372 possemus
1104 2305 1454 2378 Evangelium
1501 2324 1716 2378 quoque
1768 2309 1938 2380 legem

352 2394 564 2450 Dotniui
607 2409 746 2457 esse,
773 2403 828 2448 ct
859 2395 1070 2451 duobus
1101 2396 1481 2462 Testamentis,
1517 2399 1664 2454 Novo
1690 2401 1940 2455 videlicet

350 2495 407 2541 et
453 2486 657 2550 Veteri,
715 2486 887 2556 legem
943 2488 1261 2553 consistere,
1318 2489 1583 2557 adiunxit,
1627 2490 1940 2546 Conversens

351 2578 556 2632 animus
585 2577 756 2650 (Psal.
783 2578 918 2649 xui),
945 2579 1200 2648 quoniam
1238 2581 1448 2636 Veteris
1487 2582 1820 2637 Tcstamenti
1847 2599 1940 2653 pa-

352 2670 477 2740 gina
503 2667 735 2739 rigorem
761 2669 920 2725 habet
941 2671 1428 2742 irrcprehensibilis
1450 2674 1784 2741 severitatis;
1805 2670 1938 2732 Novi

351 2773 482 2815 vero
507 2759 950 2816 convocationem
994 2769 1048 2816 et
1095 2765 1584 2828 mansuetudinem,
1635 2780 1732 2834 per
1773 2781 1938 2836 quam

351 2859 595 2906 errantes
632 2852 994 2922 corrigantur,
1040 2861 1095 2909 et
1121 2855 1190 2911 ad
1232 2854 1435 2911 Christi
1469 2857 1700 2926 gratiam
1733 2859 1940 2913 anima-

354 2957 474 2995 rum
502 2944 782 2998 conversio
809 2943 923 2997 fiat.
953 2944 1342 3000 Testimonium
1369 2962 1498 3017 ergo
1521 2947 1730 3001 Domini
1759 2947 1936 3015 ﬁdele,

355 3031 610 3099 quoniam
649 3048 982 3103 quaecunque
1015 3035 1298 3103 pollicetur
1332 3037 1472 3091 Deus
1495 3037 1806 3107 plenissima
1843 3055 1937 3094 ve-

356 3124 516 3177 ritate
575 3123 931 3193 complentur.
993 3123 1146 3191 Quod
1191 3127 1562 3182 testimonium
1617 3130 1934 3198 sapientiam

354 3223 576 3284 praestat
615 3214 872 3282 parvulis,
938 3230 1049 3270 non
1093 3217 1284 3286 utique
1327 3220 1574 3289 superbis
1603 3235 1702 3276 nec
1735 3224 1941 3277 tumida

355 3323 414 3362 se
450 3306 684 3362 elatione
716 3305 1068 3374 iactantibus,
1117 3309 1210 3364 sed
1257 3311 1343 3365 his
1388 3314 1626 3380 parvulis
1650 3317 1718 3370 de
1747 3318 1944 3385 quibus

354 3398 644 3466 Apostolus
670 3399 820 3463 dicit,
856 3398 1036 3453 Nolite
1068 3402 1218 3470 pueri
1254 3403 1384 3473 eﬁici
1427 3405 1682 3472 sensibus,
1711 3409 1801 3461 sed
1832 3425 1944 3462 ma-

354 3489 472 3542 litia
507 3489 710 3558 parvuli
750 3501 910 3544 estote
941 3489 994 3560 (Ι
1019 3489 1146 3544 Cor.
1171 3496 1305 3562 xw).
1359 3495 1460 3548 Dat
1491 3496 1669 3566 itaque
1702 3500 1944 3553 testimo-

358 3579 507 3634 nium
551 3578 732 3646 Pater,
777 3581 868 3635 dat
899 3580 1096 3648 Filius,
1118 3583 1209 3638 dat
1233 3593 1289 3639 et
1313 3585 1548 3656 Spiritus
1586 3599 1840 3657 sanctus;
1889 3602 1943 3647 et

355 3671 497 3727 sicut
541 3679 665 3726 sunt
713 3673 872 3727 unius
919 3675 1166 3730 essentia:
1201 3684 1257 3731 et
1291 3687 1518 3743 naturae,
1568 3681 1640 3734 ita
1681 3683 1846 3736 etiam
1889 3683 1942 3737 in

359 3762 630 3818 reddendo
657 3763 966 3820 testimonio
987 3766 1264 3822 sublimes.
1294 3769 1370 3822 De
1390 3768 1553 3824 Patre
1575 3771 1628 3824 in
1652 3771 1944 3843 Evangelio

357 3853 552 3922 legitur
582 3853 723 3922 quod
765 3856 1134 3911 testimonium
1181 3859 1247 3913 de
1297 3859 1432 3914 Filio
1477 3861 1843 3930 perhibuerit;
1876 3863 1944 3918 de

356 3946 492 4002 Filio
517 3957 699 4003 autem
733 3948 1035 4017 Apostolus.
1054 3950 1122 4004 ad
1152 3949 1492 4007 Timotheum
1533 3953 1720 4008 scribit
1747 3969 1760 4007 :
1793 3953 1943 4008 Prte-

356 4039 491 4108 cipio
543 4040 636 4093 tibi
680 4057 857 4094 coram
902 4040 1010 4096 Deo
1045 4043 1133 4112 qui
1165 4043 1386 4111 eieiﬁcat
1431 4047 1626 4111 omnia,
1658 4054 1706 4099 et
1734 4045 1948 4100 Christo

354 4131 482 4184 Jesu
525 4131 616 4202 qui
653 4133 1006 4186 testimonium
1051 4133 1276 4187 reddidit
1313 4135 1410 4188 sub
1457 4133 1644 4188 Pontio
1683 4134 1861 4190 Pilato
1889 4137 1944 4208 (l

359 4223 493 4276 Tim.
520 4223 628 4293 vi);
670 4224 738 4278 de
775 4223 979 4294 Spiritu
1003 4239 1218 4294 quoque
1241 4235 1430 4282 sancto
1468 4228 1609 4282 idem
1656 4228 1944 4297 Apostolus

356 4313 490 4368 dicit
532 4329 547 4368 :
593 4313 734 4368 Nam
773 4324 821 4368 et
867 4315 976 4385 ipse
1026 4316 1257 4386 Spiritus
1305 4319 1656 4372 testimonium
1713 4320 1942 4389 perhibet

354 4406 564 4475 spiritui
612 4415 790 4460 nostro
829 4405 1003 4477 (I’sal.
1041 4406 1435 4480 xax).Justiti:c
1492 4409 1672 4478 itaque
1731 4411 1943 4465 Domini

1965 3171 2013 3233 ϐ

2044 1957 2272 1998 numero
2327 1943 2588 2014 singulari
2636 1945 2769 2000 illud
2803 1947 3055 2016 generale
3104 1963 3332 2003 examen
3379 1957 3504 2012 est,
3544 1947 3636 2018 iu-

2043 2033 2184 2088 dicia
2219 2049 2347 2089 vero
2368 2032 2486 2103 eius
2506 2051 2732 2090 numero
2754 2037 2951 2106 plurali
2972 2045 3309 2092 sacramenta
3333 2048 3478 2101 sunt,
3508 2053 3634 2107 qua:

2038 2124 2096 2178 in
2147 2126 2356 2181 duobus
2402 2127 2783 2192 Testamentis,
2830 2144 2939 2183 non
2987 2129 3040 2182 in
3089 2128 3413 2198 imaginibus
3448 2144 3548 2184 nec
3576 2131 3634 2183 in

2041 2215 2269 2284 picturis
2311 2217 2680 2283 inveniuntur,
2731 2234 2850 2287 quae
2875 2219 3016 2273 idem
3047 2218 3498 2289 Psalmographus
3534 2235 3635 2289 per

2041 2306 2258 2362 schema
2288 2308 2433 2378 quod
2459 2307 2646 2364 Graece
2683 2309 2919 2378 αὔξησις,
2963 2311 3016 2364 id
3055 2320 3140 2365 est
3180 2320 3542 2381 augmentum,
3567 2326 3634 2367 eo

2041 2396 2186 2464 quod
2210 2397 2473 2465 paulatim
2500 2399 2568 2453 ad
2589 2400 2868 2469 superiora
2891 2409 3226 2467 concrescat,
3258 2402 3330 2455 ita
3357 2403 3631 2470 expressit

2041 2487 2229 2542 dicens
2263 2505 2276 2541 :
2307 2487 2692 2543 Desiderabilia
2713 2505 2868 2560 super
2891 2506 3079 2543 aurum
3109 2500 3157 2544 et
3180 2489 3408 2560 lapidem
3431 2492 3636 2561 pretio-

2040 2595 2156 2633 sum
2199 2579 2442 2645 multum,
2466 2590 2514 2634 et
2541 2580 2780 2635 dulciora
2815 2598 2971 2651 super
3010 2581 3112 2636 mel
3138 2591 3187 2636 et
3227 2582 3406 2651 favum
3445 2581 3638 2648 (Psal..

2042 2670 2183 2742 nx).
2210 2669 2362 2726 Sicut
2382 2671 2525 2726 enim
2551 2671 2756 2742 lapides
2785 2672 3006 2741 pretiosi
3032 2687 3166 2726 auro
3185 2671 3551 2741 prazferuntur
3572 2673 3638 2728 in

2041 2760 2238 2830 pretio,
2261 2760 2338 2814 ita
2385 2761 2642 2814 nimirum
2683 2776 2819 2817 auro
2849 2773 2903 2817 et
2939 2762 3207 2832 lapidibus
3240 2763 3495 2832 pretiosis
3523 2764 3642 2818 mel”

2042 2859 2097 2905 et
2124 2848 2307 2904 favum
2341 2849 2622 2906 dulcedine
2646 2851 2948 2920 praefertur.
3001 2852 3104 2908 Per
3140 2855 3279 2908 hanc
3307 2855 3452 2909 enim
3499 2855 3640 2926 ligu~

2043 2956 2160 2995 ram
2210 2941 2352 2996 idem
2397 2941 2682 2996 Psalmista
2735 2955 3102 3014 susceptorem
3163 2960 3352 3012 suum,
3403 2946 3643 3017 gloriam

2042 3032 2206 3087 etiam
2231 3041 2287 3087 et
2319 3033 2643 3088 exultantem
2673 3043 2837 3104 caput
2879 3050 3035 3090 suum
3064 3036 3347 3092 Dominum
3376 3052 3498 3093 esse
3543 3039 3638 3094 de-

2043 3130 2228 3178 cantat
2247 3123 2432 3179 dicens
2450 3165 2464 3190 ,
2505 3123 2582 3177 Tu
2622 3136 2816 3192 autem,
2833 3126 3072 3193 Domine,
3100 3139 3368 3200 susceptor
3387 3147 3535 3186 meus
3557 3147 3636 3198 es,

2043 3214 2221 3284 gloria
2263 3233 2402 3282 mea,
2429 3226 2478 3272 et
2525 3217 2762 3273 exultans
2807 3231 2961 3289 caput
2997 3236 3168 3275 meum
3215 3221 3389 3292 (Psal.
3424 3224 3531 3294 ιιι).
3567 3225 3637 3280 Et

2043 3307 2332 3375 Apostolus
2357 3307 2433 3362 ait
2459 3324 2473 3362 :
2505 3307 2634 3373 Quis
2661 3325 2754 3362 nos
2778 3310 3038 3380 separabit
3060 3329 3092 3364 α
3113 3311 3370 3366 charitate
3387 3311 3590 3367 Christi
3611 3315 3638 3368 .’

2042 3396 2311 3450 tribulatio
2331 3413 2401 3451 an
2417 3399 2659 3468 angustia
2676 3399 2700 3451 Ρ
2714 3415 2782 3452 an
2796 3400 3084 3468 persecutio
3097 3401 3123 3453 ?
3135 3418 3204 3455 an
3220 3401 3386 3471 fames
3400 3402 3426 3455 .’
3451 3420 3521 3456 an
3545 3422 3638 3458 nu-

2041 3484 2220 3539 ditas?
2247 3502 2317 3540 an
2349 3487 2638 3556 periculum
2657 3489 2682 3540 .9
2702 3505 2774 3541 an
2806 3487 3016 3558 gladius
3043 3488 3223 3560 (Rom.
3250 3493 3412 3564 vni)?
3446 3494 3500 3548 in
3524 3511 3633 3565 qua

2043 3589 2140 3644 per
2165 3585 2453 3646 augmenta
2487 3579 2768 3634 nominum
2812 3581 2891 3634 rei
2921 3582 3235 3651 magnitudo
3263 3586 3461 3640 sensim
3509 3603 3636 3642 suc-

2043 3671 2258 3724 crescit.
2291 3669 2389 3725 Cui
2415 3687 2726 3742 quanquam
2752 3673 2927 3728 vicina
2963 3674 3033 3728 sit
3059 3673 3262 3745 ﬁgura,
3302 3691 3422 3744 quae
3446 3675 3638 3734 Graeco

2043 3761 2256 3830 κλίμαξ,
2330 3761 2523 3818 Latine
2582 3763 2826 3833 gradatio
2889 3765 3102 3831 dicitur,
3155 3768 3372 3838 quando
3443 3772 3636 3838 positis

2043 3849 2366 3918 quibusdam
2391 3852 2647 3921 gradibus
2679 3853 2794 3908 sive
2822 3855 2877 3908 in
2906 3855 3084 3920 laude,
3126 3858 3240 3913 sive
3281 3859 3333 3912 in
3357 3860 3636 3930 vitupera-

2047 3943 2230 4010 tione,
2282 3959 2497 4014 semper
2545 3947 2828 4012 accrescit,
2883 3948 2952 4004 ab
3005 3964 3072 4003 ea
3121 3957 3304 4004 tamen
3336 3951 3633 4020 plurimum

2043 4029 2384 4104 distat'quod
2436 4035 2648 4102 αὔξησις
2690 4037 2806 4093 sine
2855 4038 2962 4094 ulla
3011 4040 3296 4096 iteratione
3355 4044 3634 4099 nominum

2045 4141 2226 4181 rerum
2273 4138 2530 4196 procurat
2569 4138 2888 4200 augmenta,
2917 4132 3100 4204 κλίμαξ
3125 4147 3254 4187 vero
3299 4141 3633 4202 postremum

2042 4217 2266 4271 verbum
2297 4218 2442 4286 quod
2472 4227 2556 4274 est
2586 4219 2638 4274 in
2687 4221 2866 4289 primo
2890 4230 3156 4277 commate
3182 4223 3415 4292 positum
3457 4225 3511 4278 in
3551 4241 3637 4280 sev

2043 4311 2226 4378 quenti
2254 4312 2498 4367 membro
2525 4313 2698 4367 modis
2739 4315 2992 4370 omnibus
3015 4316 3226 4384 repetit,
3256 4317 3444 4386 sicque
3487 4319 3634 4372 velut

2043 4409 2232 4455 catena
2267 4402 2411 4458 aliud
2450 4419 2665 4474 semper
2717 4405 2771 4458 in
2824 4406 2930 4460 alio
2975 4406 3229 4471 nectitur,
3266 4415 3324 4461 ut
3365 4415 3451 4461 est
3501 4407 3633 4463 illud

358 4506 525 4551 recta:
569 4497 690 4549 ideo
739 4496 1016 4563 dicuntur,
1055 4500 1181 4568 quia
1222 4515 1328 4554 non
1383 4500 1542 4554 aliter
1600 4502 1944 4572 cognoscitur
1975 4515 2021 4573 υ
2048 4495 2286 4563 Αροειοιὶ
2321 4513 2333 4548 ε
2368 4495 2601 4551 Scicntcs
2622 4498 2759 4568 quod
2795 4499 3067 4552 tribulatio
3109 4501 3414 4570 patientiam
3455 4517 3634 4570 opera-

358 4583 550 4638 fecisse
584 4599 748 4652 quam
797 4585 999 4649 docuit,
1044 4602 1145 4641 nec
1179 4589 1324 4642 aliud
1363 4589 1437 4644 illi
1489 4591 1543 4644 in
1571 4606 1688 4656 ore,
1711 4593 1854 4648 aliud
1887 4595 1941 4648 in

356 4689 521 4743 apere
569 4683 676 4728 est.
708 4672 1058 4743 Laeti/icantes
1107 4688 1226 4731 sunt
1279 4679 1461 4744 corda,
1512 4681 1636 4750 quia
1672 4681 1940 4751 justorum

356 4777 549 4820 mentes
585 4774 900 4825 aeternorum
925 4769 1261 4838 prwmiorum
1309 4769 1586 4825 collatione
1612 4771 1941 4841 demulcent;

356 4871 584 4924 «litorum
623 4855 969 4925 pucmiorum
1016 4859 1361 4929 perceptione
1407 4860 1643 4916 conlisus
1692 4872 1811 4918 erat
1855 4866 1942 4921 ille

357 4947 450 5017 qui
475 4949 714 5014 diccbat,
738 4948 811 5002 De
842 4949 1047 5020 reliqud
1069 4951 1293 5020 reposita
1317 4961 1390 5006 est
1416 4953 1543 5006 mihi
1570 4970 1763 5008 corona
1779 4955 1944 5025 justi—

356 5044 463 5108 (iw,
500 5057 660 5113 quam
705 5040 880 5095 reddet
927 5041 1055 5094 mihi
1107 5041 1364 5098 Dominus
1399 5044 1454 5097 in
1499 5043 1594 5098 illa
1641 5045 1725 5099 die
1761 5045 1941 5115 justus

353 5133 518 5208 iudex
565 5131 651 5202 (ΙΙ
679 5131 814 5185 Tim.
853 5129 958 5202 iv).
984 5131 1120 5186 Nam
1167 5143 1496 5203 praiceptum
1548 5135 1758 5190 Domini
1795 5145 1942 5192 recte

355 5223 586 5277 lucidum
614 5224 831 5289 dicitur,
859 5224 973 5279 sive
997 5223 1121 5293 quia
1146 5242 1176 5278 a
1202 5223 1362 5280 Patre
1392 5225 1654 5282 luminum
1675 5229 1942 5296 procedit,

357 5313 471 5368 sive
512 5314 894 5385 metonymice,
945 5314 1091 5384 quod
1141 5314 1348 5372 lucidos
1395 5315 1616 5371 efliciat.
1670 5317 1945 5374 llluminat

356 5405 520 5457 etiam
542 5404 748 5470 oculos,
779 5421 886 5460 non
913 5405 1180 5472 carnales,
1226 5421 1362 5475 quos
1387 5408 1670 5463 nobiscum
1697 5410 1944 5464 animan-

361 5495 435 5552 tia
462 5511 777 5550 communes
801 5496 1002 5552 habere
1031 5507 1347 5565 noscuntur,
1375 5499 1469 5554 sed
1507 5500 1813 5566 interiores,
1847 5504 1943 5572 qui

359 5587 525 5642 divini
582 5588 825 5643 muneris
871 5589 1065 5657 iubare
1113 5589 1466 5660 spiritualitcr
1522 5591 1938 5660 perlustrantur.

361 5679 540 5733 Timor
571 5688 751 5734 autem
790 5679 1001 5736 Domini
1031 5693 1246 5738 sanctus
1267 5699 1575 5755 permanens
1605 5683 1660 5736 in
1692 5682 1943 5740 sa'culum

358 5770 539 5826 turali
571 5785 586 5826 .‘
615 5769 772 5824 mista
821 5780 900 5826 cst
939 5790 1057 5828 cum
1088 5789 1285 5842 pavore
1312 5773 1547 5839 dilectio,
1577 5789 1693 5841 qua)
1718 5789 1815 5829 usu
1843 5791 1944 5831 sur--

2048 4592 2154 4646 tur,
2182 4585 2434 4652 patientia
2457 4585 2833 4654 probationem,
2863 4589 3100 4657 probatio
3125 4605 3286 4658 spem,
3319 4606 3434 4659 spes
3459 4603 3630 4644 autem

2049 4691 2150 4728 non
2166 4675 2439 4744 confundit
2463 4675 2702 4750 (Rom.v)
2719 4697 2733 4744 ;
2753 4680 2881 4734 item
2899 4680 3054 4734 illud:
3079 4681 3216 4734 Nam
3228 4699 3359 4752 quos
3375 4684 3630 4752 pra'scirit

2049 4773 2093 4818 et
2109 4765 2516 4834 prwdestinavit,
2532 4784 2618 4822 eos
2641 4778 2686 4822 et
2710 4771 2903 4823 vocavit
2924 4788 2940 4834 ,°
2964 4779 3010 4825 et
3035 4788 3164 4840 quos
3186 4774 3399 4836 vocavit,
3431 4773 3549 4827 illos
3583 4783 3629 4827 et

2039 4857 2348 4926 justiﬁcavit
2377 4873 2394 4910 :
2429 4874 2559 4928 quos
2581 4869 2755 4913 autem
2773 4861 3103 4929 justi/ienuit,
3129 4861 3246 4917 illos
3285 4872 3334 4916 et
3361 4862 3626 4932 glori/ica-

2048 4949 2116 5001 vit
2140 4948 2319 5018 (Rom.
2361 4951 2502 5020 vnn).
2540 4948 2676 5005 Nam
2705 4952 2749 5005 si
2785 4950 2927 5006 forte
2971 4959 3050 5015 tu,
3098 4963 3309 5008 amator
3332 4953 3411 5008 vel
3449 4955 3628 5022 potius

2047 5039 2301 5093 adorator
2335 5038 2653 5109 imaginum,
2679 5039 2937 5094 interiore
2960 5042 3198 5109 pectoris
3240 5058 3469 5098 rancore
3503 5043 3629 5097 sub-

2047 5143 2353 5184 murmures
2399 5130 2584 5185 dicens
2631 5145 2646 5184 :
2691 5129 2830 5196 Quid
2882 5147 3106 5187 necesse
3151 5141 3236 5187 est
3279 5140 3491 5187 tantum
3533 5146 3629 5202 per

2046 5221 2324 5274 schemata
2372 5221 2628 5290 evagari?
2675 5237 2970 5291 cognosces
3018 5239 3081 5278 ea
3123 5225 3278 5279 nobis
3312 5223 3626 5280 amabiliora

2047 5312 2370 5380 imaginibus
2415 5312 2528 5367 sive
2566 5313 2722 5382 pictis
2743 5313 2944 5368 tabulis
2980 5315 3084 5369 tuis
3111 5329 3252 5381 esse,
3283 5324 3339 5370 et
3362 5315 3483 5370 ideo
3513 5323 3627 5369 tan-

2048 5409 2161 5456 tum
2201 5402 2256 5454 in
2277 5401 2382 5456 illis
2437 5410 2689 5473 evagatos
2715 5418 2856 5457 esse.
2906 5403 3015 5459 llas
3057 5405 3258 5459 etenim
3297 5404 3621 5467 dulcedines,

2047 5494 2147 5548 has
2187 5492 2512 5549 refectiones
2553 5494 2607 5548 in
2659 5493 2956 5565 Scripturis
2987 5497 3101 5552 sive
3129 5497 3181 5551 in
3224 5495 3625 5565 Scripturarum

2047 5586 2431 5651 schematibus,
2471 5603 2572 5641 nos
2614 5587 2728 5642 sive
2773 5596 3000 5644 caeteros
3050 5588 3453 5658 Scripturarum
3486 5602 3627 5639 ama-

2046 5686 2192 5732 tores
2241 5678 2476 5748 repcrire
2513 5693 2798 5747 cognosce,
2849 5695 2983 5749 quas
3015 5689 3074 5734 tu
3119 5680 3232 5736 sive
3281 5679 3412 5735 socii
3464 5677 3538 5732 tui
3561 5677 3624 5742 in

2053 5771 2255 5841 figuris,
2301 5788 2470 5840 neque
2509 5774 2559 5827 in
2606 5773 2819 5839 tabulis,
2860 5775 2912 5828 in
2940 5775 3132 5844 quibus
3177 5773 3354 5830 cordis
3399 5772 3472 5826 tui
3531 5785 3622 5840 [δυο
