4070 6186
464 350 601 431 rice

1241 349 1419 407 LIBRI
1457 351 1800 409 CAROLINI.
1840 379 1909 390 -—
1946 347 2169 405 CAPIT.
2213 351 2300 407 DE
2338 353 2529 412 lMAG.
2565 386 2637 399 -—
2676 358 2806 415 LIB.
2849 358 2913 413 ll.

3594 358 3741 416 “£0

462 460 673 519 ritatem
734 474 952 516 servare
1015 466 1068 516 te
1119 460 1254 518 dicis
1278 503 1293 529 ,
1334 463 1548 532 penitus
1584 478 1720 529 ,non
1783 461 2038 532 reperies.
2072 460 2120 521 Α
2147 464 2317 531 clusa,
2356 468 2499 524 hanc
2528 469 2775 526 videntur
2815 470 3105 540 protulisse
3149 471 3513 526 sententiam:
3548 490 3567 523 ι
3604 472 3735 539 Qui.

1022 613 1250 672 CAPUT
1300 615 1496 670 XXXI.

462 743 616 815 Quod
655 754 838 798 contra
884 743 1176 800 Dominica:
1223 746 1361 801 vocis
1405 746 1679 814 imperium
1737 745 1937 815 faciunt
1996 746 2051 801 hi

528 814 619 884 qui
643 823 883 884 parentes
921 832 1044 869 suos
1073 815 1524 869 anathematizant
1544 832 1562 879 ;
1597 824 1645 869 et
1682 816 1727 869 si
1739 814 2051 869 secundum

530 899 712 938 eorum
724 954 729 955 ί
742 884 1034 955 opinionem
1049 885 1453 955 praedecessor“
1472 901 1652 940 eorum
1682 885 1915 940 heretici
1937 886 2051 955 fue-

534 971 614 1018 re,
645 954 732 1025 isti
758 953 823 1007 ab
850 953 1107 1009 haereticis
1134 956 1314 1025 geniti,
1340 954 1479 1008 docti
1509 965 1557 1008 et
1579 956 1867 1025 consecrati
1889 953 2048 1009 sunt:

531 1025 637 1078 sive
663 1023 726 1078 de
755 1040 858 1095 non
901 1023 1154 1094 judican".
1167 1026 1211 1079 is
1252 1024 1335 1079 his
1372 1026 1463 1095 qui
1496 1026 1561 1078 de
1596 1024 1790 1079 saxqu
1834 1041 2055 1080 recesse—

537 1103 688 1158 runt;
728 1092 804 1148 uel
836 1092 1089 1163 quantum
1112 1095 1332 1164 istorum
1364 1092 1512 1148 error
1529 1113 1561 1148 a
1582 1103 1856 1164 parentum
1878 1110 2055 1148 errore

534 1163 823 1235 dissentiat,
847 1162 966 1217 eum
1004 1162 1238 1235 videlicet
1268 1162 1346 1218 illi
1374 1162 1627 1234 imagines
1665 1164 1940 1235 frangere,
1967 1164 2054 1217 isti

536 1234 764 1288 adorare
796 1234 1117 1288 censuerint.

462 1418 465 1421 -
536 1384 778 1453 Denique
820 1383 894 1438 illi
928 1384 1018 1454 qui
1040 1399 1134 1440 eas
1157 1385 1373 1455 corpori
1399 1393 1454 1440 et
1496 1384 1741 1455 sanguini
1771 1382 2052 1441 Dominico

463 1490 748 1545 coaequare
797 1483 1176 1544 praesumunt,
1249 1484 1401 1531 tanto
1451 1477 1664 1531 illarum
1730 1476 2057 1546 instigantur

467 1582 673 1630 amore,
718 1574 776 1620 ut
827 1567 991 1621 etiam
1049 1574 1306 1637 parentes
1350 1582 1478 1623 suos
1522 1566 1615 1638 qui
1657 1582 1751 1623 eas
1786 1568 2057 1637 sprevisse

467 1667 781 1727 noscuntur,
826 1660 1288 1716 anathematizare
1340 1676 1449 1716 non
1498 1660 1762 1726 dubitent,
1812 1676 2056 1718 errorem

466 1748 641 1803 errori
677 1758 983 1817 nectentes;
1029 1765 1152 1805 cum
1174 1751 1426 1808 videlicet
1470 1761 1528 1808 et
1568 1753 1673 1809 illis
1703 1755 2055 1826 incongruam

466 1848 523 1893 et
550 1839 910 1895 inordinatam
936 1842 1229 1899 exhibeant
1275 1842 1667 1910 adorationem,
1712 1854 1769 1905 et
1802 1847 1886 1902 his
1914 1847 2056 1903 vela

468 1932 663 2001 quibus
686 1947 784 2003 per
813 1933 995 1990 carnis
1019 1934 1304 1989 materiam
1342 1935 1625 2006 propagati
1656 1945 1803 2003 sunt,
1828 1937 1912 1993 vel
1958 1938 2058 1994 hos

466 2038 565 2092 per
593 2038 823 2092 quorum
851 2024 1317 2080 consecrationem
1359 2033 1415 2081 ct
1447 2026 1703 2095 baptismi
1749 2043 2057 2085 sacramen-

462 2102 583 2171 tum
608 2124 664 2171 et
696 2126 891 2172 cratera
939 2117 1267 2173 charismata
1301 2133 1605 2188 sumpsere,
1642 2120 2056 2191 in0pportunam

468 2208 716 2279 ingerant
760 2194 1209 2266 exsecrationem.
1242 2209 1376 2265 Nam
1413 2211 1459 2266 si
1502 2215 1795 2270 secundum
1843 2215 2057 2271 illorum

467 2299 743 2355 vesaniam
766 2315 956 2355 omnes
985 2301 1282 2370 imaginum
1319 2300 1636 2359 adoratione
1667 2313 1918 2362 carentes
1941 2308 2057 2362 hae-

466 2391 620 2444 retici
661 2396 805 2455 sunt,
839 2398 1053 2445 constat
1082 2391 1320 2462 majores
1342 2407 1529 2447 eorum
1558 2396 1651 2464 qui
1683 2411 1777 2452 eas
1816 2413 1923 2454 non
1963 2399 2058 2453 ad—

464 2496 690 2537 oravere
712 2482 996 2537 haereticos
1017 2480 1186 2537 fuisse
1212 2498 1227 2537 :
1253 2485 1343 2553 qui
1366 2485 1411 2539 si
1435 2487 1677 2542 haeretici
1695 2487 1864 2556 fuere,
1882 2506 2058 2561 neque

465 2573 900 2645 consecrationes
956 2573 1208 2638 faciendi,
1272 2592 1449 2646 neque
1506 2595 1697 2635 manus
1748 2581 2057 2651 imponendi

460 2671 784 2733 potestatem
818 2666 1151 2732 habuerunt;
1193 2669 1285 2737 qui
1330 2669 1377 2724 si
1412 2670 1550 2726 hanc
1574 2688 1682 2727 non
1729 2674 2052 2740 habuerunt,

465 2756 521 2811 hi
556 2757 649 2826 qui
672 2759 742 2812 ab
764 2758 846 2814 eis
871 2759 1014 2814 hanc
1038 2774 1099 2815 se
1130 2761 1404 2831 accepisse
1447 2770 1655 2832 putant,
1707 2781 1883 2836 neque
1929 2782 2057 2823 con-

464 2846 824 2903 secrationem
882 2861 1062 2917 neque
1117 2863 1311 2905 manus
1379 2850 1781 2921 impositionem
1834 2856 2053 2911 habent.

462 2935 596 2992 Item
633 2938 681 2992 si
713 2938 1129 3008 prodecessores
1165 2954 1354 2995 eorum
1374 2980 1388 3005 ,
1434 2949 1494 2996 ut
1528 2941 1602 2997 illi
1632 2944 1802 3009 aiunt,
1834 2946 2057 3001 anathe-

466 3029 665 3085 mathis
694 3029 1043 3102 colligatione
1081 3031 1228 3101 digni
1268 3032 1508 3101 fuerunt,
1555 3037 1756 3107 ligandi
1782 3039 2054 3095 solvendi-

465 3138 570 3192 que
602 3130 923 3224 potestatem
944 3138 1052 3178 non
1074 3124 1381 3224 habuerunt
1410 3145 1433 3224 ε.
1449 3143 1611 3224 quam
1637 3131 1685 3185 si
1714 3146 1822 3186 non
1854 3130 2055 3186 habue—
2084 3166 2128 3224 Ο

468 3220 594 3268 runt
638 3214 819 3268 omnia
879 3227 1216 3283 quaecunque
1261 3218 1333 3272 ab
1385 3218 1469 3273 eis
1526 3219 1581 3274 in
1626 3220 1867 3277 Ecclesia
1904 3231 2052 3293 gesta

470 3309 598 3358 sunt
642 3304 905 3359 cassanda
934 3312 1089 3370 sunt;
1127 3304 1176 3359 si
1208 3306 1391 3361 omnia
1415 3309 1699 3365 abnuenda
1745 3320 1890 3376 sunt,
1926 3327 2054 3383 gra-

466 3394 572 3449 dus
607 3401 663 3448 et
703 3394 1071 3452 ordinationes
1116 3396 1401 3453 abnuenda
1432 3408 1559 3455 sunt
1590 3414 1605 3455 :
1642 3402 1689 3457 si
1732 3402 1897 3472 igitur
1930 3418 2057 3472 pro—

468 3487 782 3545 decessores
829 3487 1045 3545 illorum
1105 3490 1468 3546 anathematis
1522 3492 1864 3563 colligatione
1909 3495 2053 3565 digni

466 3578 705 3644 fuerunt,
757 3579 982 3636 istorum
1028 3580 1228 3652 gradus
1278 3589 1334 3637 et
1378 3583 1749 3641 ordinationes
1794 3589 2056 3643 cassanda

467 3682 615 3729 sunt.
640 3673 758 3729 Non
780 3674 927 3728 enim
961 3674 1329 3731 schismaticis
1369 3683 1424 3732 et
1456 3678 1819 3734 anathematis
1840 3678 2056 3736 vinculo

469 3765 734 3834 colligatis
754 3765 954 3836 ligandi
980 3764 1350 3836 solvendique,
1378 3769 1474 3823 sed
1502 3768 1713 3824 idoneis
1736 3776 1792 3824 et
1828 3769 2058 3826 catholi-

470 3855 550 3910 cis
583 3863 907 3924 potestatem
934 3871 967 3911 a
1016 3856 1244 3911 Domino
1278 3856 1507 3929 legimus
1549 3873 1672 3915 esse
1714 3874 2053 3915 concessam.

472 3944 791 4001 Parentibus
826 3945 1032 4002 interea
1077 3948 1338 4005 honorem
1367 3947 1803 4017 impendendum,
1834 3965 1941 4005 non
1969 3966 2060 4005 ευ·

472 4038 583 4092 lum
612 4035 817 4107 legalis,
850 4037 1165 4108 prophetica
1205 4046 1261 4095 et
1307 4039 1622 4108 apostolica,
1668 4055 1856 4095 verum
1893 4041 2058 4096 etiam

472 4128 781 4199 evangelica
828 4131 1126 4189 admonitio
1174 4133 1355 4197 docet,
1400 4133 1615 4189 dicente
1666 4134 1913 4199 Domino,
1944 4133 2059 4189 Ho-

473 4236 603 4274 nora
630 4229 828 4290 patrem
856 4231 1004 4276 tuum
1026 4232 1075 4277 et
1101 4233 1323 4279 matrem
1360 4234 1506 4278 tuam
1554 4224 1769 4297 (Matth.
1813 4226 1925 4299 xv).
1953 4226 2058 4295 Qui

470 4310 617 4363 enim
639 4316 695 4363 et
712 4324 811 4379 per
832 4311 1084 4382 paginam
1113 4314 1323 4369 Veteris
1361 4313 1731 4381 lnstrumenti,
1761 4325 1816 4373 et
1847 4330 1945 4387 per
1976 4320 2059 4375 sui

470 4401 716 4468 corporis
738 4403 1081 4472 praesentiam
1105 4404 1208 4460 hoc
1235 4404 1471 4460 salutare
1510 4415 1839 4479 praeceptum
1872 4420 2061 4465 contu-

2152 572 2362 628 cunque
2394 559 2487 614 lilii
2511 575 2542 615 a
2565 562 2878 630 parentibus
2909 563 3011 617 sub
3053 571 3319 632 praetextu
3348 562 3518 619 divini
3558 573 3737 623 cultus

2152 651 2467 719 abscedunt,
2493 668 2594 708 nec
2614 652 2850 708 debitam
2887 655 3247 709 reverentiam
3270 655 3582 725 dependunt
3607 656 3733 717 illis.

2152 743 2438 797 anathema
2461 742 2588 798 sint.
2616 762 2636 796 ι
2664 742 2723 799 Si
2747 759 2876 800 vero
2898 744 2956 800 hi
2985 745 3077 814 qui
3117 745 3199 801 eis
3222 746 3461 802 debitam
3484 760 3737 802 reveren-

2153 832 2287 888 tiam
2334 848 2442 889 non
2487 834 2824 904 impendunt,
2857 836 3408 904 anathematizantur,
3448 852 3556 908 quo
3582 846 3740 907 putas

2153 926 2517 984 damnationis
2548 928 2764 985 vinculo
2800 929 2893 998 qui
2948 944 3045 984 eos
3096 931 3558 986 anathematizant
3604 945 3739 985 con-

2154 1021 2477 1074 nectantur?
2513 1019 2916 1075 Saluberrimus
2957 1035 3191 1090 namque
3240 1037 3272 1075 a
3322 1022 3527 1076 sanctis
3574 1020 3743 1076 Patri~

2153 1109 2256 1164 bus
2294 1108 2551 1166 Ecclesiis
2611 1108 2844 1166 traditus
2901 1126 3031 1166 usus
3079 1121 3163 1166 est
3210 1126 3311 1181 pro
3366 1110 3742 1167 defunctorum

2156 1199 2435 1268 spiritibus
2454 1201 2740 1257 Dominum
2765 1201 3067 1271 deprecari,
3094 1216 3256 1271 quem
3285 1216 3385 1257 nos
3405 1217 3530 1257 eum
3554 1209 3742 1257 saneta

2155 1291 2303 1347 omni
2344 1291 2608 1348 catholica
2631 1299 2690 1345 et
2714 1291 3010 1347 universali
3060 1291 3301 1347 Ecclesia
3331 1289 3735 1361 amplectentcs.

2156 1397 2264 1437 non
2303 1381 2477 1436 solum
2504 1397 2604 1451 pro
2638 1390 2948 1437 nostrorum
2986 1390 3300 1451 parentum,
3344 1396 3532 1436 verum
3577 1382 3742 1439 etiam

2156 1485 2257 1541 pro
2304 1471 2604 1526 amicorum
2659 1470 2896 1526 ﬁdelium
2940 1471 3034 1541 qui
3073 1485 3173 1526 nos
3208 1472 3264 1525 in
3294 1485 3427 1541 pace
3464 1471 3744 1527 Dominica

2156 1571 2551 1632 praecesserunt
2574 1561 2854 1631 spiritibus
2883 1560 3369 1617 clementissimam
3397 1561 3611 1616 Domini
3632 1562 3746 1635 pie~

2160 1659 2326 1707 tatem
2371 1651 2733 1721 exposcimus.
2767 1651 2868 1707 Cui
2909 1652 3232 1729 veneranda:
3270 1660 3326 1708 et
3364 1652 3744 1708 ecclesiastica:

2160 1743 2533 1800 constitutioni
2561 1758 2668 1799 non
2692 1744 3037 1801 mediocriter
3061 1744 3336 1801 contraire
3362 1745 3615 1800 videntur
3651 1746 3746 1816 qui

2089 1810 2131 1869 Β
2159 1833 2530 1890 defuncth
2559 1842 2843 1904 parentum
2886 1834 3111 1905 spiritus
3151 1849 3261 1889 non
3296 1834 3634 1890 orationibus
3659 1810 3747 1891 ad—

2150 1924 2364 1994 jnvare,
2395 1925 2489 1981 sed
2535 1926 2906 1982 anathematis
2926 1926 3138 1982 vinculo
3163 1926 3419 1996 colligare
3456 1927 3741 1993 nituntur;

2157 2026 2212 2071 et
2233 2017 2325 2088 qui
2351 2033 2509 2074 orare
2530 2018 2693 2073 etiam
2723 2032 2823 2087 pro
2857 2018 3091 2074 inimicis
3135 2019 3445 2090 apostolica:
3486 2019 3745 2075 eruditio-

2158 2110 2244 2165 nis
2266 2110 2589 2165 documento
2614 2107 2895 2178 iubentur,
2927 2124 3027 2179 pro
3048 2110 3162 2164 suis
3186 2111 3288 2165 hoc
3328 2109 3507 2165 facere
3550 2124 3746 2173 paren-

2159 2202 2304 2257 tibus
2334 2202 2688 2258 reluctantur.
2721 2202 2832 2258 Nos
2865 2203 3064 2258 nostris
3089 2203 3385 2258 sccundum
3421 2203 3746 2258 ecclesiasti-

2157 2307 2281 2347 cum
2305 2307 2461 2348 usum
2490 2308 2587 2363 per
2614 2293 2922 2348 orationum
2945 2302 3000 2350 et
3038 2294 3502 2366 eleemosynarum
3532 2295 3741 2350 instan-

2159 2381 2286 2436 tiam
2316 2383 2656 2453 deposcimus
2681 2383 2913 2449 veniam,
2947 2384 3023 2438 illi
3072 2384 3186 2439 suis
3221 2400 3316 2455 per
3342 2384 3582 2439 inanium
3611 2400 3742 2441 con-

2156 2473 2404 2529 ciliorum
2446 2484 2745 2531 conventus
2797 2484 3057 2547 emptam
3097 2491 3335 2547 poenam.
3382 2477 3491 2532 Nos
3541 2478 3745 2533 nostris

2157 2568 2394 2637 quietem
2439 2568 2781 2639 exposcimus
2834 2581 2931 2639 per
2979 2568 3268 2624 nissarum
3317 2568 3613 2634 solemnia,
3665 2568 3741 2622 illi

2156 2660 2268 2716 suis
2296 2661 2546 2730 ingerunt
2588 2661 2828 2716 convicia
2858 2675 2954 2731 per
3007 2662 3311 2717 inordinata
3337 2662 3586 2717 concilia.
3636 2660 3745 2715 Nos

2158 2759 2466 2806 nostrorum
2497 2752 2816 2807 memoriam
2853 2750 3083 2809 facimus
3126 2752 3183 2807 in
3228 2753 3494 2816 oratione,
3523 2752 3599 2808 illi
3629 2752 3745 2808 suis

2157 2843 2445 2898 anathema
2482 2842 2694 2912 jaciunt
2739 2857 2861 2898 cum
2929 2845 3160 2914 quadam
3212 2844 3571 2901 abdicatione.
3634 2843 3745 2900 Nos

2156 2942 2466 2989 nostrorum
2511 2934 2738 3005 spiritus
2782 2936 2969 3005 requie
3021 2936 3186 3006 potiri
3238 2952 3461 2993 oramus
3508 2937 3563 2992 in
3621 2938 3743 2993 sinu

2154 3024 2406 3091 Abrahae,
2445 3026 2521 3081 illi
2570 3042 2790 3083 suorum
2832 3036 3022 3098 optant
3066 3030 3312 3086 damnari
3361 3031 3572 3086 animas
3619 3046 3747 3086 cum

2158 3118 2306 3184 Ario,
2339 3120 2594 3188 Sabellio,
2621 3122 2898 3189 Dioscoro,
2928 3122 3180 3180 Nestorio
3213 3133 3268 3180 et
3294 3124 3615 3196 Eutychcte.
3636 3123 3748 3180 Nos

2162 3221 2379 3270 nostros
2408 3213 2663 3270 collocari
2704 3216 3040 3285 postulamus
3084 3226 3338 3289 parentes
3363 3219 3506 3273 inter
3529 3218 3746 3288 agmina

2160 3303 2463 3370 beatorum,
2498 3305 2575 3360 illi
2603 3320 2730 3361 suos
2752 3306 2894 3363 inter
2920 3308 3222 3364 obstinatas
3250 3309 3440 3367 turbas
3466 3309 3748 3364 lneretico-

2159 3410 2301 3449 rum.
2318 3393 2449 3462 Quae
2461 3411 2585 3455 cum
2598 3396 2675 3451 ita
2689 3410 2750 3453 se
2761 3397 3015 3463 habeant,
3031 3405 3240 3455 constat
3255 3413 3350 3454 eos
3366 3396 3563 3467 duplex
3577 3399 3631 3455 in
3647 3401 3748 3456 hac

2158 3492 2311 3555 parte
2330 3496 2549 3554 patrare
2572 3486 2889 3556 deliquium,
2914 3504 3040 3544 cum
3060 3496 3115 3543 et
3144 3489 3462 3560 parentibus
3487 3489 3748 3545 honorem

2160 3576 2421 3646 derogent
2460 3586 2650 3634 contra
2680 3580 2973 3636 Dominica:
2995 3581 3144 3637 vocis
3179 3581 3484 3652 imperium,
3515 3590 3589 3647 et,
3618 3597 3749 3637 con-
3852 3614 3857 3617 -

2160 3674 2244 3723 tra
2277 3667 2521 3738 Apostoli
2558 3671 2907 3737 sententiam,
2945 3671 3033 3727 his
3054 3673 3148 3743 qui
3179 3690 3209 3727 a
3238 3674 3436 3730 smculo
3484 3676 3749 3746 migrave-

2160 3765 2287 3812 runt
2328 3760 2679 3815 temerarium
2722 3769 2988 3819 emetitur
3036 3762 3236 3819 inferre
3266 3763 3553 3832 judicium.
3592 3766 3748 3834 Quod

2159 3865 2267 3904 non
2291 3850 2362 3905 sit
2380 3865 2512 3922 ergo
2547 3851 3113 3924 temerejudicandum
3139 3856 3205 3912 de
3228 3857 3314 3912 his
3332 3859 3423 3927 qui
3442 3856 3555 3926 jam
3586 3876 3618 3915 e
3641 3875 3747 3915 su:-

2158 3942 2280 3997 culo
2303 3943 2689 4014 migraverunt,
2720 3946 2804 4002 vel
2820 3947 2888 4003 de
2916 3949 3077 4005 rebus
3097 3950 3164 4004 ad
3187 3949 3355 4005 Deum
3383 3951 3558 4006 solum
3579 3953 3747 4023 perti-

2159 4037 2430 4102 nentibus,
2461 4038 2578 4095 haec
2601 4048 2686 4094 est
2715 4040 2857 4095 beati
2891 4040 3046 4095 Pauli
3091 4043 3355 4097 sententia
3384 4062 3395 4095 :
3444 4042 3612 4099 Nemo
3655 4060 3751 4100 no-

2159 4136 2326 4181 strum
2373 4128 2474 4182 sibi
2515 4130 2655 4194 civit,
2711 4140 2758 4185 et
2806 4147 2955 4185 nemo
3004 4132 3104 4186 sibi
3151 4133 3409 4200 moritur;
3458 4134 3564 4189 sive
3609 4134 3747 4189 enim

2160 4219 2398 4283 vicimus,
2414 4218 2639 4274 Domino
2662 4222 2909 4286 vivimus;
2926 4222 3031 4277 sire
3046 4224 3325 4289 morimur,
3341 4222 3567 4277 Domino
3581 4226 3747 4279 mori-

2162 4327 2282 4365 mur
2310 4327 2331 4367 :
2370 4313 2476 4367 sive
2512 4315 2651 4367 enim
2700 4315 2936 4379 uiuimus,
2972 4316 3077 4370 sive
3116 4318 3392 4382 morimur,
3419 4317 3633 4373 Domini
3659 4334 3750 4373 su-

2162 4421 2298 4459 mus.
2332 4403 2400 4460 In
2426 4406 2524 4460 hoc
2562 4406 2702 4460 enim
2745 4405 2984 4462 Christus
3007 4410 3289 4463 resurrexit
3336 4426 3370 4463 a
3401 4410 3641 4475 mortuis,
3691 4419 3749 4463 ut

472 4488 555 4555 lit,
582 4490 724 4548 idem
768 4493 1002 4550 Mosaico
1035 4510 1131 4550 ore
1180 4497 1544 4566 promulgavit
1593 4498 1797 4565 dicens,
1838 4499 2062 4556 Benedi-
2089 4528 2141 4587 υ
2162 4510 2211 4554 et
2238 4500 2470 4555 vivorum
2498 4509 2547 4554 et
2581 4508 2906 4555 mortuorum
2951 4500 3268 4556 dominetur.
3310 4501 3387 4555 Tu
3423 4509 3597 4555 autem
3621 4502 3748 4572 quid

471 4589 585 4636 ctus
636 4582 727 4651 qui
785 4583 1009 4639 honorat
1071 4598 1270 4654 patrem
1321 4583 1577 4643 suamet
1633 4599 1854 4645 matrem
1905 4609 2058 4647 suam
2089 4582 2129 4587 ⁷
2156 4592 2371 4663 judicas
2414 4593 2633 4663 fratrem
2681 4603 2828 4648 tuum
2852 4634 2866 4659 ,
2915 4603 3005 4648 aut
3063 4611 3227 4666 quare
3280 4596 3480 4667 spernis
3529 4596 3748 4665 fratrem

473 4671 670 4743 (Exod.
696 4690 797 4741 xx;
827 4676 985 4731 Deut.
1015 4677 1109 4748 v);
1149 4687 1205 4734 et
1227 4694 1259 4734 e
1278 4680 1557 4737 contrario
1582 4695 1598 4734 :
1624 4680 1938 4740 Maledictus
1970 4686 2060 4758 qui

471 4782 577 4819 non
612 4767 840 4822 honorat
885 4778 1087 4839 patrem
1133 4789 1287 4827 suum
1315 4783 1363 4828 et
1394 4784 1616 4830 matrem
1664 4794 1814 4832 suam
1860 4777 2056 4851 (Exod.

470 4868 559 4909 χχι
578 4871 593 4922 ;
612 4854 805 4910 Matth.
835 4873 932 4922 xv;
978 4857 1148 4914 Mare.
1178 4858 1297 4933 vn).
1335 4862 1487 4919 Unde
1517 4867 1955 4934 perpendendum
1977 4877 2062 4925 est

469 4960 527 5002 et
559 4964 883 5021 magnopere
928 4951 1465 5011 animadvertendum
1518 4966 1739 5026 quantae
1790 4958 1861 5014 sit
1903 4976 2059 5016 arro-

472 5040 1029 5113 gantire,quant:eque
1052 5046 1377 5103 temeritatis
1403 5055 1478 5112 et,
1501 5057 1563 5103 ut
1589 5049 1661 5103 ita
1679 5049 1929 5116 dixerim,
1946 5067 2058 5107 sce-

450 5132 617 5199 leris,
648 5141 902 5202 parentes
939 5139 1432 5209 anathematizare,
1466 5144 1512 5198 si
1566 5143 1654 5199 ille
1691 5145 2057 5202 maledictioni

468 5222 717 5293 subiacet
758 5226 852 5297 qui
884 5243 982 5284 eos
1027 5232 1367 5288 convincitur
1408 5250 1516 5290 non
1582 5237 1872 5292 honorare.
1920 5236 2055 5291 Nam

469 5332 593 5372 curn
619 5319 706 5374 lex
749 5321 936 5377 dicat:
971 5322 1095 5377 Non
1134 5325 1324 5381 reveles
1351 5329 1730 5399 turpitudinem
1774 5330 1942 5400 patris
1979 5332 2057 5384 tui

470 5406 654 5477 (Leuit.
686 5412 844 5484 svnt)
863 5453 877 5477 ,
904 5420 961 5468 et
983 5414 1311 5485 Apostolus:
1340 5416 1490 5485 Filii,
1537 5419 1737 5474 obedite
1757 5422 2057 5492 parentibus

468 5501 650 5555 vestris
681 5501 899 5573 (Ephes.
928 5504 1006 5576 v1)
1031 5545 1047 5570 ,
1088 5505 1178 5561 isti
1220 5509 1437 5578 utrique
1488 5519 1756 5580 praecepto
1802 5512 2056 5568 reluctari

470 5591 740 5661 videntur,
772 5611 896 5652 cum
936 5612 1039 5652 nec
1072 5599 1460 5668 turpitudinem
1508 5602 1705 5668 celare,
1745 5618 1844 5660 ncc
1887 5606 2057 5661 hono-

470 5696 585 5737 rem
627 5685 873 5741 nituntur
924 5688 1252 5757 impendere.
1307 5690 1456 5746 Sacri
1507 5693 1668 5763 igitur
1709 5711 1943 5754 canones
1992 5698 2058 5753 de

469 5787 578 5828 non
630 5777 1039 5833 contemnendis
1081 5780 1400 5849 parentibus
1452 5782 1598 5838 omni
1641 5785 1924 5843 occasione
1972 5803 2057 5844 se-

2162 4684 2354 4737 tuum?
2387 4699 2563 4738 omnes
2584 4684 2723 4739 enim
2755 4685 3009 4740 stabimus
3036 4695 3157 4740 ante
3186 4685 3418 4741 tribunal
3446 4686 3562 4741 Dei.
3595 4685 3747 4742 Scri-

2160 4784 2305 4844 ptum
2354 4786 2430 4830 est
2469 4777 2627 4841 enim,
2689 4774 2811 4831 Viro
2841 4794 2956 4848 ego,
2995 4777 3121 4831 dicit
3152 4776 3411 4832 Dominus
3434 4819 3448 4843 ,
3497 4778 3749 4848 quoniam

2160 4863 2288 4917 mihi
2317 4866 2486 4934 ﬂectet
2535 4881 2686 4920 omne
2728 4883 2883 4937 genu,
2932 4877 2980 4921 et
3012 4868 3180 4921 omnis
3208 4867 3389 4937 lingua
3419 4865 3751 4937 conﬁtebitur

2160 4961 2291 5016 Deo.
2313 4956 2502 5034 Itaque
2523 4964 2874 5034 unusquisque
2896 4956 3131 5018 nostrum
3156 4981 3250 5034 pro
3272 4979 3327 5018 se
3351 4963 3603 5016 rationem
3631 4960 3751 5015 red-

2159 5056 2244 5109 det
2271 5055 2400 5109 Deo.
2449 5055 2574 5109 Non
2599 5071 2722 5125 ergo
2745 5054 2971 5125 amplius
2990 5055 3288 5125 judicemus
3304 5071 3324 5119 ;
3352 5053 3444 5109 sed
3474 5054 3571 5107 hoc
3587 5051 3745 5123 judi—

2160 5153 2273 5196 cate
2295 5144 2483 5212 magis,
2511 5159 2575 5197 ne
2602 5144 2809 5213 ponatis
2833 5144 3206 5214 oﬂ'endiculum
3238 5145 3394 5216 fratri
3419 5142 3497 5199 vel
3521 5144 3747 5198 scanda-

2159 5231 2268 5286 lum
2297 5232 2474 5303 (Rom.
2510 5232 2643 5298 xrv).
2673 5233 2749 5289 De
2786 5249 2893 5304 qua
2940 5249 2998 5290 re
3045 5235 3211 5290 etiam
3259 5243 3461 5290 sanctae
3491 5233 3745 5290 Ecclesia:

2161 5323 2419 5378 Romana:
2451 5322 2683 5382 antistes
2721 5324 3041 5381 Anastasius
3090 5324 3379 5380 Anastasio
3432 5325 3744 5394 imperatori

2159 5414 2239 5470 sic
2268 5415 2584 5483 perhibetur
2609 5416 2931 5487 scripsisse:
2963 5436 2982 5468 ι
3013 5415 3090 5472 Ne
3113 5416 3259 5486 quod
3303 5416 3375 5471 sit
3421 5416 3478 5470 in
3524 5415 3626 5471 hoc
3663 5414 3746 5470 ol-

2160 5506 2485 5563 l'endiculum
2534 5508 2589 5562 in
2616 5507 2877 5573 Ecclesia,
2911 5508 3057 5574 dum,
3087 5507 3229 5579 quod
3268 5507 3448 5563 facere
3479 5522 3587 5562 non
3620 5522 3745 5577 pos—

2159 5616 2364 5665 sumus,
2396 5600 2463 5655 de
2507 5600 2594 5655 his
2625 5600 2716 5670 qui
2757 5599 2870 5669 jam
2919 5599 3249 5654 transierunt
3287 5598 3532 5668 judicare
3584 5612 3746 5653 cone-

2159 5707 2282 5747 mur
2304 5731 2318 5754 ,
2371 5691 2771 5747 observandum
2821 5705 2943 5746 esse
2995 5690 3361 5761 tranquillitas
3403 5700 3495 5746 tua
3545 5703 3743 5760 cogno—

2159 5792 2293 5841 scat.
2340 5803 2359 5839 ι
2391 5782 2528 5851 Quia
2571 5799 2702 5855 ergo
2730 5798 2829 5841 nec
2857 5800 2888 5839 a
2916 5782 3041 5841 tiliis
3082 5782 3734 5855 parentcsinhonoramli.
