4070 6186
471 359 596 413 ιιιι

1348 364 1408 420 Β.
1448 365 1701 425 CAROLI
1733 365 1947 425 MACNI
1986 368 2134 425 OPP.
2176 368 2356 425 PARS
2391 369 2454 427 II.
2498 372 2740 431 SECTIO
2775 371 2841 430 II.

3590 386 3711 443 Ill!

460 487 559 527 nec
586 487 617 526 a
654 471 958 528 viventibus
1003 477 1201 532 mortui
1237 485 1440 532 temere
1466 479 1526 550 ju
1549 482 1742 537 licandi
1783 492 1928 546 sunt,
1957 484 2038 538 di-
2069 488 2115 545 Α
2140 482 2272 547 sint,
2312 493 2368 538 et
2392 502 2421 539 a
2453 494 2600 541 recto
2635 491 2854 543 tramite
2881 498 3108 558 remota,
3136 501 3305 549 restat
3325 497 3485 553 nobis
3503 508 3561 553 ut
3582 501 3711 559 viam

461 564 707 618 vinarum
753 563 1158 636 Scripturarum
1204 571 1415 640 paginis
1452 573 1720 642 prolatum
1758 583 1862 631 est.
1889 574 2042 630 Nunc

460 653 657 708 mentis
673 654 829 710 oculo
853 656 1080 714 sollicite
1112 659 1431 715 intuendum
1470 671 1553 719 est
1581 675 1843 734 quantum
1870 668 1922 721 in
1949 683 2041 722 su-

459 755 556 810 pra
591 752 1010 799 memoratarum
1044 746 1334 820 imaginum
1374 751 1667 808 abolitione
1706 754 1791 809 vcl
1820 769 2042 811 venera-

461 841 606 886 tione
646 832 876 890 filiorum
918 852 1075 895 error
1103 856 1135 894 a
1187 851 1470 910 parentum
1509 859 1694 899 errore
1736 847 2040 914 dissentiat,

460 936 583 976 cum
615 924 868 994 utrinque
902 927 1004 981 sibi
1050 936 1106 982 et
1146 929 1374 984 istorum
1416 941 1473 987 et
1515 933 1727 989 illorum
1771 950 1927 991 error
1953 952 2041 991 re-

461 1022 700 1077 pugnare
740 1026 848 1066 non
875 1013 1102 1068 desinat.
1142 1015 1221 1070 Illi
1242 1018 1386 1071 enim
1423 1034 1521 1074 eas
1545 1022 1924 1079 convellendas
1962 1033 2044 1078 at-

460 1115 566 1169 que
588 1090 1008 1161 contemnendas
1032 1122 1155 1162 esse
1175 1118 1502 1164 censuerunt
1540 1113 1609 1166 ab
1640 1113 1878 1168 Ecclesia
1925 1129 2044 1183 per-

459 1196 619 1257 petua
660 1192 1027 1262 abdicatione,
1080 1198 1169 1254 isti
1217 1213 1315 1255 eas
1356 1216 1466 1256 non
1520 1203 1692 1257 solum
1742 1206 2037 1272 habendas,

461 1294 646 1337 verum
701 1286 866 1340 etiam
916 1292 1253 1346 venerandus
1302 1294 1520 1347 student
1573 1295 1800 1364 supplici
1851 1298 2042 1351 adora—

461 1371 626 1430 tione.
680 1378 762 1432 llli
805 1395 900 1436 eas
944 1383 1323 1453 mancipavere
1364 1387 1755 1456 crepitantibus
1804 1390 2037 1459 ignibus,

458 1462 551 1521 isti
580 1468 851 1525 honorant
886 1470 1176 1527 odoriferis
1195 1474 1655 1544 thymiamatihus.
1689 1478 1766 1533 Illi
1795 1495 1888 1535 eas
1909 1480 2042 1537 eﬂ‘u-

459 1556 682 1625 giebant
726 1560 892 1615 etiam
931 1556 1172 1629 cernere,
1209 1564 1297 1619 isti
1347 1582 1455 1621 non
1501 1578 1716 1623 cessant
1767 1570 2037 1639 amplecti.

458 1643 540 1699 Illi
576 1645 810 1704 effodere
862 1650 931 1705 ad
977 1664 1358 1710 ornamentum
1402 1657 1647 1714 ecclesia;
1695 1660 1764 1715 ab
1802 1662 2039 1732 antiquis

460 1735 782 1793 constitutas
804 1737 859 1793 in
892 1741 1208 1809 parietibus,
1238 1745 1325 1800 isti
1361 1761 1532 1817 nuper
1558 1749 1803 1805 conditas
1843 1750 2037 1807 oblatis

2145 574 2348 643 regiam
2392 579 2684 655 secundum
2728 577 3044 648 Apostolum
3090 583 3429 653 gradientes,
3463 601 3630 658 neque
3651 593 3710 646 ad

2145 663 2420 720 dexteram
2466 683 2643 737 neque
2689 671 2759 724 ad
2806 671 3083 726 sinistram
3134 674 3586 733 declinemusmt
3621 699 3710 738 nec

2145 767 2266 807 cum
2294 754 2398 810 illis
2440 771 2662 826 prorsus
2702 758 2995 816 abolendas
3048 761 3426 830 dijudicemus,
3465 781 3562 823 nec
3600 786 3708 825 cum

2144 844 2263 898 istis
2300 846 2602 904 adorandus
2648 850 3004 908 decernamus
3042 871 3056 906 :
3086 855 3183 910 sed
3227 856 3401 912 solum
3437 859 3602 915 Deum
3629 863 3711 916 ad-

2142 943 2381 1000 orantes,
2422 946 2477 992 et
2505 937 2624 1005 ejus
2650 950 2869 997 sanctos
2897 952 3219 1001 venerantes
3244 950 3541 1004 secundum
3580 954 3711 1006 anti-

2143 1041 2303 1095 quam
2353 1027 2577 1084 Patrum
2612 1039 2667 1086 et
2710 1034 3134 1091 ecclesiasticam
3180 1040 3529 1096 traditionem
3549 1058 3637 1099 eas
3664 1046 3710 1098 in

2142 1121 2370 1176 ecclesia
2405 1123 2457 1177 in
2487 1135 2807 1183 ornamento
2832 1137 2886 1183 et
2908 1131 3170 1186 memoria
3198 1148 3380 1187 rerum
3426 1145 3707 1205 gestarum,

2142 1213 2189 1265 si
2216 1212 2364 1278 libet,
2402 1215 2719 1283 habeamus,
2747 1226 2802 1273 et
2821 1235 2945 1274 cum
2964 1220 3177 1291 justitia
3205 1224 3331 1279 hinc
3361 1226 3709 1291 severitatem,

2142 1303 2292 1360 illinc
2342 1307 2703 1364 adulationem
2763 1319 3204 1379 contemnentes;
3262 1331 3387 1370 cum
3447 1317 3707 1386 prudentia

2139 1395 2267 1451 hinc
2311 1399 2638 1463 versutiam,
2690 1400 2841 1456 illinc
2900 1402 3273 1459 hebitudinem
3347 1406 3707 1473 declinantes;

2139 1500 2263 1541 cum
2302 1488 2658 1556 temperantia
2701 1490 2826 1547 hinc
2881 1491 3179 1562 libidinem,
3237 1496 3389 1552 illinc
3442 1498 3709 1553 insensibi-

2139 1575 2341 1630 litatem
2388 1588 2735 1646 spernentes;
2777 1597 2901 1636 cum
2932 1582 3266 1653 fortitudine,
3304 1587 3433 1643 hinc
3472 1588 3707 1642 timidita-

2140 1674 2279 1732 tem,
2314 1667 2460 1723 illinc
2481 1670 2759 1726 audaciam
2791 1672 3126 1741 abjicientes,
3158 1691 3281 1731 cum
3321 1677 3525 1733 sanctis
3553 1677 3707 1733 Patri-

2138 1756 2241 1811 bus
2263 1758 2355 1826 qui
2377 1771 2471 1813 eas
2498 1759 2554 1813 in
2595 1772 2914 1819 ornamento
2952 1765 3291 1822 solummodo
3317 1782 3442 1823 esse
3484 1768 3707 1824 ecclesia:

460 1825 789 1894 perlustrant
821 1830 1196 1889 Iuminaribus.
1227 1833 1306 1890 Illi
1353 1852 1448 1893 eas
1494 1840 1782 1896 studebant
1817 1858 2040 1911 prorsus
2072 1832 2118 1893 Β
2142 1825 2401 1917 siverunt,
2431 1851 2551 1907 istis
2570 1852 2697 1908 hinc
2721 1855 3090 1924 adorantibus,
3119 1859 3224 1915 illis
3256 1862 3387 1915 hinc
3412 1860 3707 1917 abominan-

459 1916 779 1983 abominari,
820 1918 910 1975 isti
961 1924 1208 1980 sanciunt
1244 1929 1466 1985 omnino
1508 1931 1761 1986 osculari.
1802 1933 1878 1987 Illi
1905 1950 2038 1989 ana-

461 2003 882 2063 thematizabaut
903 2010 1177 2079 habentes,
1202 2016 1292 2071 isti
1321 2033 1354 2072 e
1376 2020 1649 2085 contrario
1674 2037 1781 2076 non
1816 2023 2039 2078 adoran.

461 2100 561 2147 tes.
606 2092 735 2162 Quae
764 2098 870 2154 duo
899 2101 1038 2157 mala
1085 2119 1207 2160 cum
1240 2106 1560 2163 alterutrum
1607 2110 1709 2165 sibi
1764 2115 2037 2169 contraria

489 2267 2069 2313 -----..-........-.....-,---,-,-,,,...η-⁸

2144 1939 2289 1995 tibus
2336 1944 2680 2013 postpositis,
2739 1947 2883 2002 viam
2935 1951 3315 2008 mandatorum
3382 1954 3590 2008 Domini
3638 1962 3708 2007 tc-

2142 2046 2387 2101 neamus,
2411 2037 2644 2105 qualiter
2665 2039 2731 2094 ad
2754 2056 2877 2094 eum
2899 2042 2991 2110 qui
3015 2050 3098 2098 est
3119 2044 3225 2110 via,
3254 2046 3461 2101 veritas
3492 2055 3547 2100 et
3586 2045 3704 2102 vita.

2144 2123 2261 2192 ipso
2280 2126 2576 2195 opitulante
2603 2130 2885 2199 pervenire
2908 2132 3202 2188 valeamus.

2077 2299 3697 2341 ’.Ἣ

1658 2396 1963 2474 LIBER
2033 2400 2510 2482 TERTIUS.

1055 2616 1442 2679 PREFATIO.

492 2782 495 2787 ι
528 2749 755 2808 Constat
772 2752 938 2829 hujus
956 2757 1129 2812 nostri
1155 2759 1337 2827 operis
1359 2761 1556 2831 stylum
1583 2767 1699 2822 sive
1721 2767 1775 2821 in
1804 2770 2041 2839 superio«

460 2839 610 2897 ribus
645 2842 866 2913 quijam
894 2845 1005 2901 Deo
1026 2857 1299 2905 annuente
1329 2851 1527 2919 digesti
1562 2865 1691 2909 sunt
1716 2855 1899 2923 libris,
1928 2857 2043 2912 sive

457 2934 514 2989 in
538 2937 791 3004 praesenti
822 2938 877 2992 in
934 2938 1089 3009 cujus
1136 2942 1457 3014 inceptionis
1481 2949 1756 3004 adorimur
1790 2950 2039 3019 articulo,

457 3025 572 3082 sive
596 3028 757 3082 etiam
786 3029 841 3083 in
861 3045 931 3086 eo
951 3046 1109 3102 quem
1128 3039 1471 3104 postmodum
1497 3040 1726 3097 Domino
1746 3042 2043 3112 opitulante

2141 2656 2200 2696 se
2227 2643 2522 2701 domestica
2544 2662 2695 2703 arma
2719 2651 2952 2720 territat,
2993 2662 3050 2710 et
3076 2657 3412 2727 spiculorum
3448 2663 3580 2719 ictus
3598 2666 3705 2734 qui-

2141 2734 2244 2790 bus
2276 2744 2332 2790 et
2360 2736 2584 2795 libertas
2603 2740 2790 2798 debuit
2818 2745 2957 2800 tueri
2987 2755 3042 2801 et
3069 2748 3252 2805 hostili
3287 2751 3451 2822 globo
3474 2756 3633 2810 obniti
3656 2757 3701 2810 in

2144 2826 2441 2898 indigenas.
2469 2833 2603 2902 proh
2619 2834 2801 2890 dolori
2829 2839 3104 2908 compellit
3126 2841 3451 2913 intorqueri.
3470 2845 3610 2901 Hanc
3622 2847 3705 2917 igi—

2144 2924 2233 2973 tur
2250 2935 2356 2976 non
2370 2924 2610 2980 versutis
2630 2927 3082 2995 cavillationibus,
3108 2947 3218 2987 non
3232 2932 3439 2990 forensi
3459 2935 3700 3003 facundia,

2145 3027 2255 3067 non
2278 3016 2519 3083 procula
2551 3032 2712 3073 causa
2750 3022 3072 3096 vagantibus
3102 3023 3439 3081 locutionum
3472 3027 3698 3099 phaleris

458 3119 718 3189 cligesturi
741 3136 947 3188 sumus,
975 3126 1233 3184 adversus
1257 3144 1445 3185 eorum
1475 3133 1742 3188 insaniam
1780 3104 2036 3205 vigilare,
2067 3118 2116 3180 Ο
2145 3118 2276 3205 ῗθη,
2296 3104 2478 3205 lepore
2500 3107 2815 3205 ξθηθθωίθδί
2840 3113 3110 3205 WWTP“,
3144 3130 3251 3205 ΠΨ
3273 3118 3485 3173 callida:
3506 3132 3704 3173 em-

460 3211 551 3279 qui
591 3225 905 3281 quanquam
940 3214 1169 3272 diversis
1204 3221 1535 3290 temporibus
1582 3224 1915 3294 diversisque
1951 3241 2044 3280 vo-

460 3301 758 3359 luntatibus
788 3306 1026 3374 synodos
1073 3315 1168 3362 aut
1197 3316 1257 3363 ut
1305 3311 1566 3379 abdicari,
1617 3321 1709 3368 aut
1738 3321 1795 3368 ut
1830 3315 2046 3369 adorari

462 3391 727 3463 imagines
756 3394 812 3448 in
846 3394 1089 3450 Ecclesia
1124 3406 1406 3465 censeant,
1446 3402 1684 3457 assolent
1732 3417 2044 3474 aggregare.

460 3483 529 3538 Et
553 3485 810 3553 quoniam
834 3484 981 3542 illius
1003 3486 1226 3544 insanize
1251 3491 1517 3560 scriptura
1538 3534 1553 3559 ,
1582 3509 1743 3563 quam
1782 3494 1929 3548 inani
1955 3494 2050 3549 de-

461 3573 665 3630 siderio
701 3576 945 3646 septima:
971 3579 1161 3649 synodi
1206 3582 1472 3638 vocabulo
1524 3585 1734 3640 censeri
1781 3585 2048 3647 ambiunt,

461 3666 805 3735 propriorum
844 3683 1100 3725 sensuum
1121 3673 1401 3729 erroribus
1430 3676 1583 3744 quasi
1616 3676 1878 3732 membris
1919 3691 2052 3733 con-

464 3766 613 3811 creta
637 3796 653 3823 ,
690 3765 746 3813 et
775 3758 971 3815 divince
1008 3760 1144 3831 legis
1168 3764 1598 3820 testimoniorum
1620 3767 2050 3836 incompetenter

464 3852 567 3907 sibi
600 3852 961 3909 adhibitorum
989 3857 1347 3913 commatibus
1390 3850 1546 3928 quasi
1583 3860 1905 3929 quibusdam
1929 3859 2048 3928 pin-

465 3945 551 4000 nis
568 3947 811 4001 cernitur
832 3963 955 4025 esse
987 3947 1204 4005 suffulta
1235 3968 1249 4004 :
1277 3951 1436 4007 libuit
1473 3954 1631 4009 nobis
1657 3954 1711 4008 in
1734 3954 2048 4024 preceden-

465 4036 613 4092 tibus
641 4037 795 4094 libris
819 4039 1105 4109 pinnarum
1134 4043 1373 4098 subsidia
1423 4044 1496 4110 ei,
1534 4044 1730 4113 quibus
1774 4044 2046 4099 incassum

465 4125 642 4182 fulciri
676 4128 995 4197 arbitratur,
1016 4130 1264 4197 demere;
1304 4132 1357 4185 in
1380 4132 1731 4201 sequentibus
1772 4147 1903 4187 vero
1926 4146 2048 4186 eam

464 4232 727 4272 vanorum
744 4232 1006 4291 compage
1037 4222 1425 4286 membrorum,
1456 4223 1652 4291 quibus
1670 4223 1968 4277 subsistere
1989 4236 2049 4276 se

464 4322 623 4376 posse
663 4310 988 4379 suspicatur,
1012 4310 1326 4377 destituere,
1362 4321 1423 4366 ut
1456 4313 1822 4381 pracedentes
1866 4312 1936 4366 ab
1984 4326 2048 4366 ea

464 4399 755 4468 pinnarum
773 4401 999 4472 remigia
1025 4401 1296 4469 auferant,
1326 4411 1616 4472 sequentes
1636 4401 1755 4470 ejus
1772 4409 1925 4456 artus
1938 4400 2051 4455 fru-

2146 3191 2310 3247 tionis
2328 3195 2547 3250 nodosis
2569 3201 3149 3268 argumentationibus,
3173 3202 3452 3272 iactanter
3471 3220 3701 3261 enervare

2147 3282 2506 3350 decrevimus,
2536 3287 2631 3341 sed
2654 3303 2805 3357 pura:
2825 3305 2892 3345 ac
2917 3292 3180 3361 simplicis
3214 3297 3482 3352 orationis
3519 3296 3697 3351 ambitu

2147 3371 2451 3427 divinorum
2475 3374 2811 3444 eloquiorum
2838 3381 3119 3436 tenacibus
3144 3385 3331 3440 nervis
3365 3392 3631 3449 concreto,
3654 3391 3700 3438 et

2148 3479 2293 3520 sana:
2333 3468 2634 3538 sobriasque
2675 3471 2934 3529 doctrina:
2969 3475 3282 3544 eloquentia
3330 3479 3580 3545 colorate,
3623 3474 3699 3546 qui

2130 3553 2398 3631 elationis
2417 3560 2780 3616 ostentatione
2799 3578 2994 3619 carens
3024 3565 3286 3624 Ecclesiae
3315 3578 3513 3625 sanctae
3544 3567 3701 3639 potius

2147 3645 2420 3717 profectus
2449 3657 2681 3718 amator,
2718 3669 2880 3723 quam
2903 3660 3015 3711 suae
3046 3658 3132 3712 vel
3156 3667 3362 3717 nostra:
3397 3662 3468 3716 sit
3493 3668 3701 3715 ventosa

2147 3738 2324 3795 laudis
2365 3749 2619 3798 sectator.
2667 3745 2932 3811 Quoniam
2983 3749 3148 3820 igitur
3202 3752 3258 3806 in
3298 3754 3573 3821 praesentis
3590 3748 3700 3805 libri

2134 3837 2322 3903 textu,
2345 3833 2399 3887 in
2423 3849 2531 3906 quo
2558 3851 2702 3891 nunc
2752 3838 2956 3894 adoriri
3000 3856 3101 3897 nos
3124 3842 3332 3912 liquet,
3373 3845 3575 3899 illorum
3598 3856 3701 3897 sen-

2150 3924 2349 3979 tentias
2369 3925 2721 3984 discutientes
2741 3930 2834 3999 qui
2850 3931 3007 3987 aliter
3028 3935 3275 4002 quaedam
3292 3940 3454 4007 quam
3478 3951 3507 3989 a
3526 3932 3701 3990 sanctis

2150 4014 2403 4071 Patribus
2434 4018 2632 4073 tradita
2662 4027 2790 4075 sunt
2815 4020 2869 4095 in
2898 4036 2997 4076 sua
3022 4023 3231 4092 synodo
3260 4039 3509 4093 posuere,
3535 4022 3700 4079 deﬁde

2150 4106 2545 4174 quodammodo
2594 4110 2919 4181 disputaturi
2959 4129 3174 4181 sumus,
3214 4117 3354 4172 ordo
3396 4114 3621 4184 exposcit
3649 4118 3700 4164 ut

2149 4197 2388 4267 primum
2447 4207 2646 4256 nostra:
2704 4203 2828 4260 ﬁdei
2861 4203 3275 4263 fundamentum
3312 4207 3585 4278 iaciamus,
3615 4205 3701 4258 hoc

2150 4286 2400 4345 videlicet
2436 4289 2504 4345 de
2526 4306 2635 4362 quo
2662 4292 2738 4348 ait
2785 4293 3094 4364 Apostolus,
3141 4294 3564 4352 Fundamentum
3584 4292 3699 4346 enim

2152 4375 2299 4431 aliud
2323 4395 2515 4449 ponere
2540 4398 2691 4439 nemo
2713 4393 2879 4452 potest
2906 4394 3098 4455 preter
3118 4386 3174 4440 id
3200 4388 3345 4458 quod
3376 4388 3588 4458 positum
3609 4391 3695 4443 est.

464 4467 679 4544 stratim
704 4467 994 4556 dirimant;
1032 4467 1558 4561 przecedcntes-eam
1584 4492 1786 4557 volatu,
1824 4506 2046 4562 sequen-

2151 4467 2292 4535 quod
2319 4479 2394 4523 est
2423 4469 2664 4526 Christus
2683 4472 2839 4528 Jews
2861 4473 2914 4546 (ι
2940 4475 3064 4530 Cor.
3094 4474 3203 4548 ni).
3229 4476 3397 4547 Cujus
3416 4471 3698 4531 veneranda:

466 4589 549 4636 tes
569 4580 784 4651 privent
811 4596 1000 4652 gressu
1030 4600 1046 4639 :
1094 4592 1155 4638 ut
1181 4585 1430 4640 videlicet
1458 4585 1714 4655 spiritalis
1750 4585 2051 4657 intelligen-

466 4671 555 4725 tia:
575 4677 633 4724 et
657 4669 824 4724 divini
852 4669 1053 4740 eloquii
1100 4672 1301 4742 pinnis,
1355 4675 1554 4744 quibus
1588 4675 1889 4731 enormiter
1926 4676 2049 4729 vehi

465 4762 776 4831 putabatur,
809 4761 1037 4819 abscisis
1062 4804 1078 4829 ,
1128 4771 1185 4819 et
1218 4766 1456 4836 propriis
1511 4766 1758 4822 sensibus
1786 4782 1818 4819 a
1856 4766 2052 4836 quibus

428 4898 433 4901 .
464 4853 729 4908 violenter
746 4853 800 4907 in
821 4853 943 4910 aliis
964 4856 1299 4926 peregrinari
1317 4857 1745 4928 compellebatur
1764 4859 2047 4921 restitutis,

465 4954 520 5000 et
546 4945 831 5002 catholicae
870 4947 993 5003 fidei
1023 4947 1181 5005 fortis
1220 4958 1274 5006 et
1304 4950 1735 5022 inexpugnabilis
1768 4952 1937 5023 pugni
1972 4952 2054 5006 in-

466 5036 749 5105 pulsione,
775 5052 881 5107 qua
935 5040 1069 5095 satis
1101 5055 1398 5096 vacuarum
1423 5049 1479 5097 et
1508 5042 1718 5098 ratione
1751 5042 2053 5098 carentium

466 5127 827 5181 assertionum
872 5129 1103 5195 acervis,
1142 5137 1198 5185 et
1246 5132 1505 5201 congruis
1532 5132 1802 5198 sensibus,
1840 5140 1894 5188 et
1919 5131 2056 5187 divi-

470 5233 662 5272 norum
693 5218 908 5287 apicum
934 5211 1257 5277 testimoniis
1285 5232 1503 5288 carens,
1527 5224 1778 5280 omnibus
1800 5233 2057 5294 appareat

468 5318 764 5378 enervata,
828 5329 951 5384 qua:
1008 5331 1116 5371 non
1156 5316 1226 5371 ab
1256 5316 1511 5372 omnibus
1547 5316 1787 5372 creditur
1828 5331 1951 5372 esse
1970 5316 2057 5371 di-

469 5408 621 5468 gesta
647 5419 660 5454 :
688 5405 945 5472 quoniam
971 5405 1189 5476 quidem
1213 5406 1340 5461 dum
1367 5420 1586 5461 suorum
1612 5407 1845 5462 intentat
1872 5414 2059 5461 aucto-

475 5505 589 5543 rum
618 5491 672 5545 in
697 5494 930 5551 sublime
957 5495 1131 5552 laudis
1168 5496 1379 5567 insigne
1403 5494 1614 5562 efferre,
1642 5496 2055 5568 prosperitatcm

475 5595 655 5634 rerum
679 5583 1100 5642 domesticarum
1125 5587 1271 5643 civili
1320 5603 1428 5644 non
1459 5587 1713 5643 formidat
1763 5590 2059 5643 certamine

475 5674 823 5743 perturbare;
865 5679 1100 5750 dumque
1120 5694 1339 5749 pessum
1372 5679 1441 5734 ad
1481 5679 1837 5748 quarumdam
1874 5694 2057 5734 rerum

476 5763 821 5824 interdictam
851 5770 996 5826 cives
1039 5772 1405 5828 adorationcm
1462 5780 1738 5842 provocat,
1766 5771 1974 5841 pcivium
2003 5771 2055 5825 in

2150 4558 2275 4614 ﬁdei
2301 4559 2688 4628 sinceritatem,
2720 4579 2849 4619 mox
2873 4573 2934 4620 ut
2964 4566 3106 4622 sicut
3138 4567 3305 4623 corde
3328 4567 3698 4627 credimus,ore

2148 4652 2571 4721 protulerimus,
2620 4664 2676 4710 et
2717 4657 2853 4712 tanti
2896 4657 3227 4715 fundaminis
3280 4656 3530 4713 firmitate
3557 4647 3695 4706 futuri

2150 4746 2331 4815 operis
2382 4747 2677 4815 primordia
2728 4750 3116 4816 munierimus,
3173 4750 3398 4806 liberius
3435 4753 3603 4803 nostra
3634 4739 3711 4815 fa;

2151 4839 2301 4895 brica
2326 4855 2553 4910 surgens
2577 4842 2776 4897 rectius
2798 4841 3129 4912 solidiusque
3153 4849 3415 4904 struatur,
3437 4845 3491 4894 et
3514 4835 3693 4890 illorum

2153 4934 2326 4990 sicubi
2348 4935 2528 4991 minus
2556 4916 2703 4992 recte
2727 4936 2974 4991 minusve
2994 4936 3165 4992 solide
3184 4932 3495 5002 surrexerit,
3515 4924 3695 4983 facilia!

2153 5022 2455 5092 deiiciatur.
2484 5024 2620 5092 Quia
2641 5040 2771 5096 ergo
2798 5026 3034 5096 primum
3065 5042 3164 5081 nos
3205 5025 3416 5080 munire
3441 5026 3697 5082 nostraan

2157 5115 2393 5181 firmare,
2426 5124 2482 5172 et
2508 5125 2633 5186 post
2657 5125 2848 5172 contra
2878 5117 3104 5173 adversa
3153 5115 3458 5186 conﬂigere,
3484 5119 3535 5166 et
3559 5118 3698 5176 οι)Ρο-

2157 5207 2279 5263 sitis
2306 5208 2559 5263 resistere
2591 5207 2869 5273 debemus,
2895 5224 3003 5263 non
3024 5206 3200 5263 solum
3227 5216 3498 5261 sacrarum
3522 5198 3699 5251 littera'

2158 5314 2277 5353 rum
2301 5300 2658 5368 perducemur
2686 5298 3044 5364 documentis,
3090 5298 3184 5353 sed
3209 5298 3371 5353 etiam
3419 5291 3585 5384 ipsius
3608 5283 3697 5384 Ito-

2159 5390 2305 5443 mani
2329 5391 2568 5446 auctoris
2591 5389 2727 5462 (Sc.,
2744 5389 3042 5460 Ciceronis)
3065 5389 3265 5459 eloquii
3288 5395 3555 5443 monemur
3572 5378 3697 5470 insi?

2162 5481 2319 5545 tutis,
2368 5481 2460 5550 qui
2483 5482 2600 5546 ait,
2666 5501 2684 5532 ι
2716 5481 3219 5553 Argumentandum
3277 5485 3359 5541 est
3417 5476 3485 5529 ita
3517 5476 3692 5562 ut

2164 5588 2311 5627 mum
2371 5582 2557 5627 nostra
2604 5573 2915 5639 firmemus,
2978 5572 3173 5627 dehinc
3231 5570 3446 5627 adversa
3491 5553 3687 5616 eoum”

2161 5676 2370 5732 gamus.
2402 5682 2420 5715 ι
