4028 6180
579 374 714 429 1115
1452 360 1509 421 Β.
1546 360 1800 420 CAROLI
1836 353 2054 412 MAGNI
2090 352 2241 410 OPP.

568 496 810 540 errorem
829 482 922 552 qui
951 494 1045 535 eas
1065 487 1189 533 ante
1215 490 1474 546 peccasse
1498 475 1579 530 vel
1607 475 1661 528 in
1686 471 1839 528 caelis
1865 481 2150 526 conversa—
2179 470 2225 529 Α

571 584 654 629 tas
682 573 850 630 fuisse
871 572 1055 633 dicunt
1078 583 1240 639 quam
1268 568 1323 622 in
1351 581 1577 635 corpora
1608 566 1970 620 mitterentur.

2283 350 2464 406 PARS
2500 351 2562 405 11.
2602 346 2843 405 εεοτιο
2879 346 2943 402 ll.
3697 348 3810 406 lilii

2256 470 2403 517 tanto
2470 476 2528 516 se
2578 459 2871 527 majoribus
2921 472 3167 527 errorum
3214 457 3446 515 nexibus
3503 461 3812 528 praepedivit.

2254 550 2390 606 Nam
2426 551 2471 606 si
2517 550 2873 620 inopportuna
2904 548 3201 620 imaginum
3232 548 3551 603 adoratione
3588 548 3814 621 inoppor-

643 665 1003 720 Εςεεεηιωω
1028 662 1193 716 etiam
1221 674 1411 715 eorum
1437 657 1827 729 blasphemiam
1850 657 1944 728 qui
1970 655 2156 711 dicunt
2255 652 2386 699 tuna
2414 643 2688 699 ordinatio
2721 640 2950 697 stabiliri
2978 648 3177 711 potest,
3208 640 3366 696 facile
3403 656 3496 695 res
3530 640 3721 697 illicita:
3746 659 3818 698 reo

573 754 904 825 impossibile
930 750 1134 822 aliquid
1160 749 1367 805 homini
1395 765 1423 803 a
1462 749 1573 805 Deo
1623 763 1746 804 esse
1800 754 2150 816 praeceptum,

2255 735 2358 791 bus
2388 742 2645 805 poterunt
2668 731 2871 787 ﬁrmari
2913 731 3138 797 illicitis,
3166 740 3221 786 et
3248 731 3293 785 si
3332 746 3425 786 res
3442 730 3654 786 illicita:
3680 732 3818 788 Iebus

570 853 628 898 et
650 823 912 898 mandata
944 842 1038 897 Dei
1066 856 1172 896 non
1219 857 1250 895 a
1292 839 1549 910 singulis,
1580 840 1678 895 sed
1710 840 1789 907 ab
1822 837 2156 895 omnibusin
2255 837 2511 900 poterunt
2544 827 2751 891 ﬁrmari
2790 825 3020 892 illicitis.
3067 823 3322 880 facillime
3362 826 3578 895 impura
3620 840 3820 897 qumque

569 950 859 991 commune
885 949 1043 1005 posse
1065 933 1295 997 servari,
1324 932 1415 997 vel
1443 933 1535 1002 qui
1557 932 1763 1003 primas
1791 931 2005 1002 nuptias
2027 945 2155 985 cum

574 1028 890 1092 Manicluec,
919 1036 1012 1082 aut
1033 1027 1300 1083 secundas
1320 1041 1457 1081 cum
1481 1024 1839 1095 Cataphrygis
1872 1024 2154 1078 damnant.

570 1121 1111 1176 Anathematizamus
1134 1119 1301 1176 etiam
1331 1120 1454 1175 illos
1489 1119 1580 1188 qui
1613 1119 1706 1174 Dei
1748 1117 1945 1172 Filium
1971 1130 2160 1172 neces-

573 1215 737 1270 sitate
755 1216 939 1271 carnis
962 1214 1246 1270 mentitum
1268 1230 1392 1270 esse
1419 1214 1627 1279 dicunt,
1674 1222 1731 1269 et
1765 1227 1891 1268 eum
1938 1220 2162 1283 propter

572 1313 910 1375 assumptum
933 1306 1210 1361 hominem
1238 1321 1348 1361 non
1370 1306 1552 1361 omnia
1574 1303 1756 1360 facere
1779 1304 2018 1375 potuisse
2041 1318 2163 1372 quae

574 1398 764 1453 voluit.
794 1396 1064 1453 Joviniani
1091 1412 1305 1467 quoque
1326 1397 1647 1452 damnamus
1669 1396 1923 1461 haeresin,
1955 1394 2050 1465 qui
2080 1393 2163 1449 di-

573 1492 653 1545 cit
676 1490 877 1545 nullam
899 1491 955 1544 in
972 1489 1155 1544 futuro
1176 1489 1495 1544 meritorum
1522 1503 1643 1543 esse
1671 1487 2004 1552 distantiam,
2036 1501 2162 1542 nos-

575 1598 685 1653 que
731 1598 827 1638 eas
858 1583 935 1639 ibi
968 1582 1252 1639 habituros
1283 1582 1515 1637 virtutes
1546 1597 1682 1651 quas
1708 1580 1799 1636 hic
1836 1581 2038 1635 habere
2066 1593 2161 1635 ne-

578 1673 926 1744 glexerimus.
971 1672 1225 1728 Liberum
1275 1672 1355 1727 sic
1404 1671 1727 1728 conﬁtemur
1774 1669 2059 1724 arbitrium
2105 1676 2167 1723 ut

579 1765 829 1820 dicamus
844 1779 946 1819 nos
974 1777 1189 1832 semper
1214 1762 1310 1816 Dei
1332 1762 1573 1832 indigere
1599 1759 1821 1825 auxilio,
1843 1768 1899 1815 et
1920 1768 2029 1814 tam
2046 1759 2165 1814 illos

576 1869 766 1911 errare
786 1855 1022 1924 quicum
1044 1853 1338 1909 Manichaao
1377 1852 1564 1907 dicunt
1583 1852 1855 1907 hominem
1880 1859 2163 1921 peccatum
2200 1836 2242 1896 Β

580 1947 754 2001 vitare
775 1960 882 1999 non
904 1959 1084 2016 posse,
1108 1958 1271 2013 quam
1301 1942 1422 1998 illos
1442 1942 1539 2011 qui
1569 1956 1691 1996 cum
1709 1940 1996 1997 Joviaiano
2022 1953 2169 1994 asse-

581 2046 712 2093 runt
739 2037 1015 2091 hominem
1038 2051 1145 2090 non
1177 2050 1336 2106 posse
1360 2048 1589 2104 peccare
1613 2048 1629 2088 :
1654 2043 1883 2103 uterque
1898 2032 2042 2087 enim
2069 2032 2172 2087 tol—

581 2126 645 2181 lit
675 2126 887 2181 arbitrii
916 2126 1240 2180 libertatem.
1291 2123 1402 2179 Nos
1447 2138 1578 2179 vero
1633 2124 1864 2179 dicimus
1894 2123 2168 2179 hominem

583 2231 798 2286 semper
819 2225 874 2271 et
894 2232 1122 2286 peccare
1148 2224 1204 2271 et
1228 2232 1336 2270 non
1365 2230 1594 2284 peccare
1637 2230 1812 2285 posse,
1847 2222 1911 2269 ut
1954 2229 2172 2285 semper

583 2324 685 2364 nos
720 2309 871 2364 liberi
905 2308 1261 2363 conﬁteamur
1283 2322 1404 2362 esse
1428 2308 1661 2362 arbitrii.
1690 2306 1816 2362 Haec
1839 2313 1925 2361 est
1945 2306 2172 2361 catholi-

585 2414 663 2455 cae
703 2397 1013 2453 traditionis
1054 2397 1177 2452 ﬁdei
1216 2411 1343 2452 vera
1374 2396 1688 2466 integritas,
1747 2410 1908 2464 quam
1955 2394 2172 2448 sincero

580 2491 751 2547 corde
784 2488 1058 2565 credimus
1098 2495 1153 2543 et
1178 2486 1437 2551 fatemur,
1479 2493 1536 2541 et
1578 2487 1634 2540 in
1681 2486 1785 2540 hoc
1816 2500 1980 2555 opere
2025 2484 2171 2539 beati

590 2578 905 2650 Hieronymi
923 2578 1105 2633 verbis
1120 2592 1432 2647 expressam
1457 2576 1782 2631 taxavimus.
1800 2575 1927 2630 llaec
1941 2582 2025 2629 est
2047 2588 2172 2629 vera

590 2674 750 2738 ﬁdes,
809 2674 949 2727 lmine
975 2670 1371 2727 confessionem
1409 2683 1794 2725 conservamus
1821 2676 1984 2736 atque
2017 2673 2171 2720 tene-

588 2779 732 2830 mus,
769 2778 933 2833 quam
957 2762 1187 2832 quisque
1215 2760 1532 2816 inconvulse
1569 2766 1625 2813 et
1647 2759 1971 2813 intemerate
1993 2762 2175 2810 custo—

590 2855 770 2922 dierit,
804 2862 1116 2926 perpetuam
1152 2852 1380 2909 salutem
1413 2852 1653 2908 habebit.

1217 2965 1448 3023 CAPUT
1482 2965 1547 3021 11.

590 3058 745 3124 Quod
767 3058 1019 3113 Tarasius
1047 3059 1111 3113 ab
1140 3075 1316 3113 errore
1341 3075 1569 3112 errorem
1590 3056 1743 3111 linire
1769 3065 1988 3111 conatus
2015 3057 2100 3120 sit,
2127 3065 2175 3109 et

656 3130 794 3199 quod
815 3130 879 3183 ab
903 3129 1213 3199 wgritudinc
1230 3128 1303 3199 ad
1325 3129 1688 3199 cegritudiuem
1700 3128 1936 3199 dilapsus
1958 3128 2044 3190 sit,
2059 3142 2175 3179 cum

661 3187 891 3254 uidelicet
919 3187 1124 3269 rEpcnte
1141 3215 1205 3254 ea:
1218 3198 1355 3252 laico
1373 3187 1654 3269 Eonversus
1674 3208 1721 3252 et
1742 3187 2177 3269 att-episcopatum
2207 3187 2252 3249 C

659 3278 928 3340 promotus
974 3265 1290 3340 nititur-lico
1325 3268 1602 3340 emendare
1646 3269 1699 3340 in
1738 3265 2177 3340 imaginumad-

662 3335 901 3392 omtione
939 3338 1077 3409 quod
1117 3338 1329 3393 admisit
1376 3339 1431 3391 in
1469 3338 1736 3408 repentina
1775 3335 2178 3391 consecrationis

661 3411 1005 3479 susceptione.
1100 3457 1111 3468 ,

661 3500 965 3555 Peritornm
988 3508 1143 3556 vetus
1162 3500 1269 3555 iste
1296 3499 1630 3556 medicorum
1656 3513 1774 3555 mos
1793 3506 1897 3564 est,
1919 3499 2000 3553 sic
2019 3498 2180 3554 unius

589 3591 924 3663 aegritudinis
951 3592 1212 3648 molestiis
1236 3592 1685 3648 medicaminibus
1709 3590 1919 3647 crebris
1939 3591 2179 3647 curando

592 3684 817 3747 instare,
848 3691 907 3737 ut
931 3691 1110 3739 tamen
1137 3683 1361 3739 alterius
1384 3682 1556 3754 pestis
1579 3683 1836 3752 nequitia:
1860 3698 1970 3737 non
1997 3681 2179 3737 videa-

595 3783 684 3828 tur
711 3774 1035 3830 adminicula
1066 3785 1344 3845 praestare,
1365 3776 1623 3845 quoniam
1649 3775 1898 3845 quaedam
1925 3789 2013 3829 res
2039 3774 2180 3829 sicut

593 3868 751 3922 unius
785 3867 926 3923 vires
957 3874 1283 3931 extenuant,
1317 3867 1394 3922 ita
1432 3867 1695 3924 adhibitze
1715 3867 1942 3922 alterius
1975 3866 2181 3921 vitibus

592 3957 847 4011 alimenta
888 3957 1197 4012 ministrant
1239 3975 1253 4011 :
1292 3963 1347 4011 et
1389 3956 1648 4026 spiritalis
1696 3956 1868 4012 vineas
1913 3955 2179 4012 cultorum

592 4057 696 4113 est,
746 4048 826 4104 sic
871 4049 1227 4118 quorumdam
1280 4049 1588 4104 convellere
1644 4049 1904 4104 vitiorum
1960 4048 2177 4118 stirpes,

593 4148 654 4195 ut
692 4148 870 4195 tamen
915 4139 1146 4194 aliorum
1192 4139 1354 4195 nullis
1397 4139 1778 4195 convalescant
1830 4139 2180 4195 incrementis

594 4233 841 4297 radices,
893 4233 1147 4302 quoniam
1203 4233 1559 4302 quorumdam
1617 4232 1872 4289 vitiorum
1922 4231 2181 4301 pestifera

594 4321 858 4392 plantatio
885 4321 1113 4377 aliorum
1157 4321 1446 4377 abolitione
1475 4321 1734 4376 vitiorum
1785 4321 2054 4385 inolescit,
2086 4320 2184 4375 sic-

595 4428 699 4483 que
737 4413 826 4467 alii
850 4413 992 4482 pesti
1023 4412 1265 4468 subsidia
1310 4413 1558 4484 praebens
1601 4427 1734 4482 agro
1763 4413 1962 4467 mentis
1993 4411 2179 4475 ofﬁcit,

597 4519 718 4573 quze
739 4518 838 4572 per
863 4517 922 4557 se
942 4502 1158 4557 ollicere
1186 4518 1293 4557 non
1312 4502 1499 4557 valens
1522 4501 1636 4557 suis
1654 4501 1862 4559 viribus
1883 4502 2178 4571 exstirpata
2211 4533 2260 4595 υ

599 4591 834 4646 fatescit.
858 4590 1103 4657 Quorum
1130 4599 1486 4664 utrorumque
1512 4593 1897 4662 praestantibus
1916 4594 2178 4659 moribus,

600 4684 715 4739 sive
760 4683 1056 4753 peritorum
1111 4684 1468 4748 medicorum,
1511 4684 1625 4739 sive
1656 4685 1976 4754 spiritalium
2010 4687 2184 4742 culto-

590 4789 745 4838 Γιτυιιι,
796 4788 903 4827 non
949 4772 1297 4829 niediocritcr
1324 4773 1581 4829 Tarasius
1630 4775 1948 4844 perhibetur
1988 4775 2181 4840 obniti,

594 4864 692 4934 qui
728 4879 828 4935 per
861 4879 975 4918 rem
1004 4863 1221 4934 penitus
1260 4865 1603 4920 interdictam
1638 4872 1693 4919 et
1725 4865 2033 4921 nullatenus
2060 4880 2188 4935 pro-

601 4955 875 5010 ﬁcientem
916 4953 1109 5008 nititur
1132 4954 1423 5010 emendare
1454 4970 1571 5010 rem
1601 4955 1816 5026 penitus
1844 4955 2186 5010 interdictam

601 5055 657 5101 et
683 5060 906 5115 prorsus
931 5044 1275 5100 clﬁcientem.
1325 5044 1393 5099 Et
1433 5046 1597 5100 veluti
1630 5046 1675 5100 si
1701 5046 1824 5116 quis
1862 5045 2186 5101 lutulentum

598 5136 733 5204 quid
770 5136 976 5206 ingesta
1025 5135 1342 5205 impuritate
1384 5135 1567 5191 eluere
1608 5136 1851 5206 cupiens,
1888 5136 2017 5192 dum
2047 5137 2189 5191 lutu-

597 5228 766 5282 lentis
815 5226 1168 5281 nihilominus
1214 5226 1394 5281 eluere
1431 5227 1627 5282 nititur
1663 5229 1838 5296 aquis,
1880 5242 1988 5297 quo
2019 5228 2190 5299 magis

600 5319 823 5373 abluere
855 5318 1078 5388 appetit,
1107 5331 1171 5373 eo
1195 5318 1368 5389 magis
1407 5316 1612 5373 eisdem
1663 5318 2065 5387 impuritatibus
2112 5319 2192 5373 in-

600 5408 721 5464 ﬁcit
752 5427 767 5466 :
797 5410 871 5464 ita
903 5410 1046 5465 idem
1075 5425 1140 5464 ex
1172 5409 1310 5465 laico
1338 5417 1559 5480 repente
1593 5411 1660 5464 ad
1686 5410 2086 5479 episcopatum,
2132 5417 2193 5463 ut

601 5500 798 5563 fertur,
826 5507 1125 5568 promotus,
1159 5500 1283 5554 dum
1322 5500 1660 5568 repentinam
1695 5499 1830 5554 tanti
1854 5500 2053 5570 gradus
2075 5514 2194 5554 sus-

601 5590 911 5659 ceptionem
944 5605 1040 5660 per
1066 5591 1384 5646 insolentem
1443 5590 1596 5645 nisus
1622 5597 1705 5646 est
1728 5590 2019 5645 emendare
2058 5590 2193 5645 ima-

602 5680 797 5746 ginum
850 5680 1250 5746 adorationem,
1292 5680 1538 5736 illicitum
1595 5680 1784 5737 illicito
1819 5681 2086 5750 apposuit,
2138 5690 2194 5736 ct

605 5774 815 5836 quanto
852 5784 1017 5823 unum
1057 5783 1290 5825 errorem
1327 5771 1497 5833 altero
1541 5786 1725 5849 errore
1766 5770 2185 5854 linire‘putavit,

2258 921 2577 991 quibusdam
2610 918 2839 989 impuris
2876 918 3023 974 ablui
3064 924 3338 987 poterunt.
3372 915 3497 972 Non
3523 926 3697 973 autem
3733 918 3820 973 im-

2259 1010 2393 1083 pura
2432 1024 2660 1081 qumque
2698 1008 3019 1079 quibusdam
3065 1007 3297 1077 impuris
3358 1007 3511 1062 ablui
3563 1016 3819 1077 poterunt:

2261 1120 2368 1160 non
2409 1105 2575 1174 igitur
2615 1102 2970 1173 inopportuna
3005 1100 3275 1158 ordinatio
3320 1101 3641 1158 adoratione
3694 1103 3823 1174 inop-

2261 1204 2491 1266 portuna
2531 1192 2884 1248 nihilominus
2918 1191 3215 1262 imaginum
3241 1190 3632 1261 quoquomodo
3654 1192 3825 1261 poterit

2262 1286 2513 1342 stabiliri.
2560 1285 2627 1340 Et
2670 1284 2716 1339 si
2759 1282 3150 1340 ecclesiasticas
3198 1281 3565 1338 ordinationis
3609 1281 3821 1352 regula:

2263 1378 2468 1436 sanctis
2519 1376 2774 1433 Patribus
2814 1375 3012 1431 tradita
3072 1374 3396 1430 intemerata
3438 1370 3699 1428 servanda
3738 1380 3821 1435 est,

2266 1472 2377 1526 imo
2399 1470 2528 1540 quia
2551 1469 2818 1524 servanda
2839 1475 2944 1532 est,
2976 1467 3201 1522 omnino
3220 1464 3504 1535 corrumpi
3526 1480 3633 1520 non
3652 1464 3820 1520 debet:

2265 1570 2323 1619 et
2353 1561 2400 1618 si
2427 1560 2649 1617 omnino
2672 1558 2947 1628 corrumpi
2976 1572 3087 1613 non
3115 1557 3294 1623 debet,
3320 1572 3425 1612 nec
3452 1572 3556 1627 pro
3578 1556 3691 1611 utili
3715 1572 3824 1626 qua-

2268 1654 2391 1710 dam
2418 1666 2478 1706 re
2502 1649 2778 1719 corrumpi
2808 1647 3026 1718 quidem
3064 1648 3263 1703 debet:
3297 1654 3354 1703 et
3377 1647 3427 1706 si
3458 1661 3560 1716 pro
3582 1646 3697 1702 utili
3717 1662 3826 1717 qua-

2267 1744 2393 1799 dam
2426 1757 2490 1798 re
2520 1740 2827 1797 nullatenus
2862 1739 3138 1808 corrumpi
3165 1738 3327 1794 debet
3346 1778 3366 1805 ,
3394 1737 3572 1793 multo
3598 1753 3718 1810 ergo
3740 1738 3822 1793 mi-

2268 1849 2371 1889 nus
2390 1847 2490 1905 pro
2516 1830 2689 1886 inutili
2717 1829 2991 1899 corrumpi
3017 1829 3206 1895 debet;
3224 1844 3349 1884 cum
3370 1828 3630 1885 videlicet
3649 1837 3824 1884 ulmu-

2270 1940 2376 1996 que
2411 1931 2468 1979 et
2504 1923 2767 1994 imagines
2810 1921 3038 1977 adorare
3059 1961 3073 1985 ,
3107 1928 3163 1975 et
3205 1919 3323 1974 sine
3356 1918 3558 1974 ordine
3598 1918 3826 1989 graduum

2271 2013 2633 2086 pontiﬁcalem
2665 2012 2978 2068 cathedram
3003 2010 3188 2068 subire
3220 2010 3416 2066 inutile
3450 2011 3542 2067 sit.
3571 2009 3673 2068 Sed
3695 2026 3824 2081 quor-

2272 2121 2393 2162 sum
2433 2106 2573 2161 ista?
2607 2104 2946 2160 decedamus
2986 2101 3055 2157 ad
3098 2101 3420 2172 Apostolum
3440 2142 3461 2169 ,
3490 2101 3748 2158 veniamus
3770 2102 3823 2156 ad

2273 2197 2382 2252 Vas
2422 2195 2729 2260 electionis,
2780 2194 3177 2264 interrogemus
3224 2195 3506 2265 egregium
3549 2195 3823 2265 praedicato-

2275 2301 2388 2342 rem
2415 2326 2430 2352 ,
2476 2286 2688 2341 intonet
2738 2283 2895 2339 nobis
2941 2285 3073 2353 quid
3121 2283 3192 2340 de
3235 2286 3582 2341 ordinatione
3624 2283 3820 2355 episcopi

2273 2385 2522 2443 censeat;
2557 2376 2649 2446 qui
2677 2375 2867 2446 procul
2898 2375 3065 2431 dubio
3101 2377 3457 2447 respondebit
3485 2392 3501 2431 :
3537 2375 3715 2432 Hann
3739 2376 3820 2428 cito

2276 2467 2470 2522 nemini
2501 2467 2811 2537 imposuerit
2842 2464 2894 2539 (Ι
2927 2464 3064 2520 Tim.
3102 2465 3181 2538 v).
3209 2466 3278 2523 Et
3320 2480 3556 2523 rursus:
3582 2464 3695 2521 Non
3725 2480 3819 2518 neo-

2275 2559 2521 2628 pliytum,
2559 2573 2623 2611 ne
2670 2557 2727 2610 in
2767 2556 3010 2627 superbia
3054 2555 3224 2613 elatus
3268 2558 3327 2612 in
3360 2557 3631 2628 judicium
3662 2553 3818 2608 incidat

2276 2644 2474 2700 diaboli
2511 2644 2567 2715 (Ι
2592 2645 2725 2700 Tim.
2762 2645 2878 2718 ut);
2924 2660 2994 2701 ne
3030 2645 3281 2702 videlicet
3313 2648 3448 2703 dum
3480 2656 3629 2717 putat
3658 2659 3710 2701 se
3735 2658 3817 2699 non

2280 2743 2388 2789 tam
2410 2734 2771 2789 ministerium
2802 2736 3125 2792 humilitatis
3151 2752 3314 2807 quam
3340 2737 3815 2796 administrationem

2277 2825 2555 2882 szecularis
2595 2828 2880 2896 potestatis
2935 2828 3229 2897 adeptum,
3282 2827 3715 2884 condemnatione
3750 2840 3817 2879 su-

2277 2918 2478 2988 perbia:
2531 2918 2673 2973 sicut
2718 2917 2964 2975 diabolus
3029 2933 3127 2988 per
3178 2917 3503 2987 iactantiam
3560 2914 3813 2985 deiiciatur.

2285 3010 2434 3067 Unde
2458 3011 2915 3080 periculosissima
2938 3020 3026 3067 est
3055 3011 3179 3072 talis
3205 3013 3501 3079 ordinatio,
3539 3012 3592 3067 in
3618 3026 3709 3083 qua
3730 3008 3817 3063 tia-

2280 3101 2390 3157 boli
2414 3101 2680 3170 judicium
2720 3102 3063 3172 suspicatur:
3087 3112 3145 3159 et
3176 3102 3719 3160 formidolosissimnm
3752 3103 3817 3153 est

2282 3191 2399 3262 ejus
2425 3192 2694 3259 doctrina,
2727 3208 2836 3262 qua
2867 3192 3132 3265 imagines
3174 3193 3408 3250 adorare
3443 3199 3637 3258 censet,
3666 3189 3746 3252 uti,
3774 3187 3815 3243 in

2282 3299 2389 3354 quo
2441 3293 2553 3339 tam
2600 3284 2802 3341 atrocis
2841 3283 3078 3354 exempli
3117 3283 3274 3339 ruina
3327 3282 3673 3346 formidatur;
3721 3290 3814 3332 cum

2279 3377 2615 3447 prohibitum
2654 3377 2728 3432 sit
2764 3376 3081 3448 popularem
3117 3376 3400 3431 hominem
3438 3371 3702 3431 sacerdotii
3729 3383 3816 3424 tua-

2281 3470 2566 3541 gisterium
2620 3470 2916 3542 adimplere
2990 3472 3218 3538 debere,
3292 3469 3454 3540 cujus
3498 3485 3593 3526 nec
3626 3465 3813 3524 cilicium

2281 3561 2540 3627 tenuisse,
2577 3576 2679 3617 nec
2702 3561 3040 3632 disciplinam
3071 3562 3313 3617 creditur
3334 3561 3636 3631 agnovim,
3655 3564 3813 3612 αωιιι

2280 3666 2346 3706 ea
2372 3651 2567 3707 docere
2596 3667 2756 3722 posse
2783 3668 2905 3722 qua
2933 3660 3149 3708 constat
3178 3667 3305 3707 eum
3337 3663 3665 3722 nequaquam
3690 3651 3810 3701 asta

2281 3741 2555 3798 didicisse.
2604 3743 2682 3798 De
2720 3742 2814 3798 tali
2851 3747 3038 3813 itaque
3072 3742 3418 3799 ordinatione
3453 3743 3566 3797 hac
3601 3746 3677 3794 est
3701 3730 3809 3790 belli

2280 3834 2531 3906 Gregorii
2563 3835 2821 3891 Romanae
2854 3835 3006 3890 urbis
3044 3834 3306 3890 antistitis
3338 3830 3604 3889 sententia
3622 3846 3646 3883 γε
3674 3844 3691 3877 ί
3713 3821 3811 3891 Qui.

2281 3928 2409 3984 dam
2459 3929 2731 3984 desiderio
2782 3928 3005 3984 honoris
3056 3925 3226 3982 inﬂati
3282 3925 3552 3982 defunctis
3598 3912 3808 3990 episcopis

2285 4026 2657 4083 tonsurantur,
2693 4026 2751 4073 et
2798 4024 3020 4087 repente
3059 4016 3197 4070 ﬁunt
3231 4030 3301 4070 ex
3344 4014 3500 4070 laicis
3538 4007 3803 4066 secem.

2282 4117 2446 4180 atque
2488 4110 2851 4165 inverecunde
2886 4108 3125 4180 religiosi
3153 4108 3418 4177 propositi
3452 4106 3683 4162 ducatum
3702 4092 3806 4151 arfi-

2282 4201 2456 4271 piunt,
2488 4201 2581 4270 qui
2620 4216 2722 4256 nec
2756 4213 2878 4256 esse
2917 4200 3096 4255 adhuc
3134 4198 3334 4255 milites
3372 4197 3678 4255 didicerunt.

2283 4302 2556 4363 putamus,
2606 4293 2737 4363 quid
2779 4291 2871 4348 isti
2916 4290 3175 4360 subjectis
3217 4287 3528 4359 pramtaturi
3565 4289 3698 4346 sunt,
3726 4286 3804 4344 (1⁸³

2286 4394 2576 4456 antequam
2613 4384 2968 4454 discipulatus
3006 4384 3172 4439 limen
3210 4381 3505 4451 attingant,
3556 4384 3713 4431 tenere
3743 4364 3802 4419 Ιο-

2287 4494 2410 4534 cum
2445 4477 2746 4550 magisterii
2785 4491 2894 4531 non
2931 4473 3261 4531 formidant?
3298 4472 3419 4539 Qua
3457 4472 3522 4529 de
3550 4481 3606 4522 re
3634 4466 3805 4517 ιιωεεκ

2284 4577 2373 4625 est
2400 4577 2462 4624 ut
2488 4576 2546 4623 et
2576 4568 2624 4623 si
2664 4565 2920 4636 inculpati
2947 4564 3178 4634 quisque
3205 4561 3276 4617 sit
3301 4559 3498 4625 meriti,
3532 4562 3643 4610 ante
3667 4555 3801 4636 ωηιξη

2285 4676 2384 4731 per
2423 4661 2707 4717 distinctos
2737 4632 3372 4715 ordines—ecclesiasticis
3405 4651 3695 4706 exerceatur

2285 4751 2387 4807 ciis
2414 4767 2428 4804 :
2460 4750 2638 4806 videat
2669 4748 2816 4820 quod
2852 4747 3112 4811 imitetur,
3157 4743 3332 4799 discat
3370 4741 3511 4812 quod

2285 4842 2553 4898 formetur
2587 4841 2657 4896 ad
2687 4817 2743 4895 id
2774 4838 2921 4908 quod
2952 4843 3169 4902 teneat,
3213 4842 3274 4889 ut
3308 4841 3490 4903 postea
3525 4840 3622 4883 non
3655 4817 3803 4875 dellﬂl

2286 4950 2471 4990 errare
2512 4933 2605 5003 qui
2659 4930 2875 5002 cligitur
2927 4929 3073 4983 viam
3119 4926 3427 4983 errantibus
3473 4917 3800 4977 demunslﬂfe'

2272 5027 2392 5082 .Diu
2426 5002 2559 5097 ergo
2596 5023 2848 5093 religiosa
2900 5018 3251 5075 meditatione
3283 5017 3511 5087 poliatur
3540 5002 3798 5097 utplacealf

2287 5127 2340 5174 ct
2382 5119 2461 5173 sic
2492 5090 2722 5172 lucerna
2747 5128 2912 5183 super
2946 5111 3329 5169 candelabrum
3371 5105 3535 5178 posita
3569 5099 3735 5188 lucent.
3759 5090 3803 5188 tl

2289 5212 2516 5266 adversa
2543 5216 2829 5264 ventorum
2858 5205 2941 5261 vis
2964 5205 3177 5259 irruens
3199 5207 3507 5270 conceptam
3540 5184 3799 5248 eruditio“is

2290 5305 2564 5360 ﬂammam
2609 5316 2719 5356 non
2758 5298 3103 5369 exstinguat,
3153 5298 3250 5352 sed
3283 5298 3473 5364 augeat
3503 5305 3524 5381 Δε

2292 5395 2554 5463 scriptum
2594 5392 2693 5456 sit,
2729 5390 2889 5445 Prius
2917 5362 3033 5460 quis
3076 5362 3432 5458 probatum—ct
3469 5378 3541 5433 εἰσ

2293 5459 2462 5542 multo
2490 5483 2723 5554 amplius
2754 5488 2880 5538 ante
2907 5477 3220 5551 probandus
3244 5485 3347 5543 est,
3369 5472 3456 5544 qui
3487 5459 3646 5539 ρορυιί

2294 5591 2479 5633 cessor
2518 5544 2835 5639 assumitur,
2879 5587 2948 5627 ne
2987 5570 3122 5626 ﬁant
3165 5582 3328 5626 causa
3362 5563 3522 5623 ruina!

2294 5670 2540 5725 cerdotes
2577 5666 2727 5722 mali.
2784 5664 2938 5719 Nulla
2984 5663 3152 5734 igitur
3196 5665 3385 5716 contra
3424 5654 3521 5709 hoc
3561 5639 3790 5734 διψῇ

2295 5762 2438 5820 nulla
2483 5769 2660 5833 potest
2725 5774 2846 5817 esse
2894 5753 3170 5821 defensio,
3234 5753 3361 5825 quia
3412 5740 3602 5807 cunctis
3641 5717 3789 5798 litimdo
