4028 6180
548 303 686 360 1123

1447 294 1504 350 Β.
1543 292 1791 350 εληοιι
1832 293 2044 348 MiGNl
2084 293 2234 349 OPP.
2277 293 2457 348 PARS
2496 293 2556 348 ll.
2601 292 2842 348 SECTlO
2884 294 2950 348 ll.

3686 295 3838 350 ΗΞᾶ

543 422 691 484 facit,
718 419 814 474 sed
845 417 1008 472 etiam
1029 415 1076 471 ei
1107 429 1268 485 quam
1307 414 1419 476 dat,
1451 413 1539 468 ubi
1583 421 1638 468 et
1681 411 1810 467 illud
1852 411 2128 476 elucescit,
2159 415 2206 474 Α
2236 427 2374 466 unus
2399 425 2554 481 apex,
2579 423 2762 464 rerum
2793 408 3066 479 singulare
3105 423 3382 475 cacumen,
3411 426 3554 466 unus
3602 411 3656 465 in
3705 412 3848 468 sub-

543 522 604 565 ut
620 519 742 581 pote
765 509 909 577 quod
932 507 1066 562 solet
1091 506 1288 561 multos
1323 500 1558 568 movere,
1591 520 1689 559 cur
1712 520 1817 559 non
1861 505 1929 558 sit
1965 503 2134 558 Filius

541 600 706 654 etiam
735 598 969 669 Spiritus
997 605 1246 659 sanctus,
1293 611 1414 651 eum
1464 604 1518 650 et
1558 596 1670 665 ipse
1712 611 1742 648 a
1783 595 1942 649 Patre
1980 605 2136 649 exeat

541 691 684 751 sicut
727 690 780 744 in
812 689 1101 758 Evangelio
1135 688 1353 758 legitur.
1394 688 1517 741 Exit
1555 687 1698 741 enim
1733 703 1839 740 non
1866 686 2136 756 quomodo

545 790 719 846 natus,
751 783 843 842 sed
867 781 1137 850 quomodo
1163 780 1349 844 datus;
1375 787 1429 833 et
1455 778 1572 832 ideo
1595 793 1701 832 non
1725 778 1923 832 dicitur
1944 778 2132 842 Filius,

544 873 669 942 quia
699 886 871 942 neque
903 879 1059 925 natus
1094 877 1179 923 est
1203 869 1343 923 sicut
1388 868 1714 938 unigenitus,
1740 882 1915 936 neque
1963 866 2138 922 factus

544 971 606 1016 ut
632 977 729 1032 per
762 962 990 1032 gratiam
1019 968 1336 1014 nasceretur
1371 958 1509 1012 sicut
1555 973 1673 1012 nos.
1707 956 1860 1024 Quod
1890 957 2033 1012 enim
2073 958 2139 1012 de

547 1056 703 1110 Patre
729 1063 912 1109 natum
937 1063 1020 1110 est
1044 1054 1110 1109 ad
1141 1053 1356 1108 Patrem
1386 1052 1559 1108 solum
1584 1051 1838 1116 refertur,
1863 1068 1983 1106 cum
2009 1051 2140 1108 dici-

548 1154 635 1199 tur
661 1144 850 1208 Filius,
885 1153 940 1200 et
967 1157 993 1184 δ
1023 1144 1144 1198 ideo
1169 1143 1340 1198 Filius
1360 1143 1540 1198 Patris
1575 1151 1658 1198 est
1686 1159 1794 1198 non
1827 1151 1881 1196 et
1906 1152 2092 1198 noster
2120 1163 2133 1198 :

543 1236 685 1304 quod
715 1242 893 1289 autem
921 1235 1106 1288 datum
1133 1242 1216 1289 est
1245 1242 1298 1288 et
1328 1234 1396 1288 ad
1424 1248 1546 1287 eum
1576 1233 1668 1302 qui
1696 1233 1845 1288 dedit
1883 1232 2135 1301 refertur,

543 1335 598 1380 et
628 1325 694 1380 ad
739 1340 834 1380 eos
855 1325 1052 1393 quibus
1088 1324 1253 1379 dedit.
1279 1325 1466 1393 Itaque
1514 1322 1753 1392 Spiritus
1781 1333 2002 1379 sanctus
2031 1341 2137 1378 non

544 1429 751 1471 tantum
775 1416 952 1470 Patris
973 1425 1028 1470 et
1060 1416 1180 1470 Filii
1221 1416 1310 1484 qui
1337 1417 1614 1478 dederunt,
1645 1417 1739 1471 sed
1763 1417 1928 1470 etiam
1955 1425 2142 1472 noster

542 1509 744 1563 dicitur
785 1508 876 1577 qui
913 1507 1264 1576 accepimus;
1297 1509 1437 1562 sicut
1481 1507 1680 1563 dicitur
1728 1509 1940 1563 Domini
1993 1509 2140 1566 salus

545 1601 670 1669 quia
701 1601 794 1654 dat
828 1600 1076 1665 salutem,
1125 1601 1314 1655 eadem
1344 1600 1506 1654 etiam
1539 1609 1723 1655 nostra
1764 1601 1910 1656 salus
1937 1609 2019 1656 est
2045 1603 2138 1672 qui

545 1689 856 1760 accipimus.
889 1688 1055 1743 sltem
1083 1689 1221 1756 idem
1238 1699 1359 1759 post
1375 1705 1545 1760 pauca
1578 1708 1632 1743 ε(
1667 1691 1724 1746 Si
1751 1705 1881 1761 ergo
1906 1701 1961 1746 et
1994 1693 2138 1762 quod

2235 501 2454 564 stantia,
2479 499 2720 554 trinus'in
2745 497 3013 567 personis,
3037 514 3378 569 nequaquam
3408 502 3702 556 contributi
3728 518 3842 557 no-

2235 603 2358 642 men
2390 588 2616 642 inveniri
2663 597 2860 657 potest,
2889 589 3013 658 quia
3055 605 3161 643 non
3201 590 3330 644 alibi
3370 591 3712 646 contribulus
3753 593 3842 646 in-

2235 680 2405 734 veniri
2439 688 2636 751 potest,
2685 681 2788 735 nisi
2823 682 2912 736 ubi
2947 682 3219 736 invenitur
3258 691 3312 736 et
3353 683 3544 738 tribus.
3591 682 3848 754 Spiritus

2235 781 2416 826 autem
2449 779 2666 827 sanctus
2712 788 2820 826 non
2868 772 3012 827 Patri
3056 783 3111 828 et
3158 773 3296 829 Filio
3344 776 3682 830 contribulus
3736 776 3844 828 sed

2237 866 2708 920 consubsLantialis
2754 875 2856 921 est.
2908 867 3009 933 Qui
3055 867 3101 922 si
3146 868 3481 924 contribulus
3519 884 3622 930 εει,
3657 869 3845 922 tribus

2239 957 2608 1011 tantummodo
2631 966 2722 1010 aut
2743 956 3024 1012 aﬁinitatis
3069 959 3346 1022 societate,
3375 961 3522 1028 quod
3545 960 3845 1029 profanum

2236 1051 2548 1114 estdicere,
2595 1048 2873 1119 jungitur;
2928 1049 2996 1118 si,
3045 1053 3189 1120 quod
3231 1052 3451 1107 credere
3493 1068 3600 1106 non
3655 1053 3845 1110 solum

2239 1141 2548 1202 absurdum,
2574 1140 2668 1195 sed
2687 1141 2850 1196 etiam
2883 1141 3109 1211 imptum
3133 1151 3236 1207 est,
3264 1142 3435 1196 tribus
3460 1146 3847 1200 tantummodo

2238 1239 2334 1283 aut
2369 1229 2646 1284 afﬁnitatis
2671 1229 2931 1285 societate
2961 1215 3323 1300 conjungitnr,
3351 1248 3458 1286 non
3483 1240 3568 1287 est
3595 1235 3848 1288 consub-

2237 1321 2545 1376 stantialis:
2577 1329 2659 1376 est
2686 1329 2866 1375 autem
2903 1321 3050 1376 Patri
3073 1331 3128 1375 et
3165 1321 3301 1377 Filio
3334 1324 3844 1391 consubstantialis,

2239 1432 2347 1471 non
2371 1416 2534 1486 igitur
2556 1416 2634 1470 eis
2655 1415 2990 1471 contribulus
3007 1417 3306 1471 credendus
3326 1424 3410 1471 est
3433 1426 3526 1471 aut
3547 1419 3846 1474 dicendus.

2237 1507 2296 1560 In
2325 1505 2458 1559 tanti
2488 1505 2633 1560 enim
2659 1505 2903 1576 mysterii
2927 1504 3264 1560 confessione
3307 1506 3505 1575 spretis
3534 1507 3848 1564 diczionnm

2239 1597 2590 1664 novitatibus,
2621 1597 2904 1653 suﬁ‘ecerat
2929 1598 3110 1653 dicere
3130 1597 3387 1669 Spiritum
3409 1610 3660 1656 sanctum
3690 1603 3849 1659 Patri

2241 1699 2296 1744 et
2314 1690 2451 1746 Filio
2475 1689 2907 1756 cuessentialem,
2930 1697 3279 1756 coaeternum,
3302 1693 3654 1762 comqualem,
3673 1697 3848 1752 unius

545 1781 703 1835 datur
730 1779 1049 1849 principium
1097 1780 1260 1835 habet
1303 1759 1425 1835 eum
1454 1797 1485 1836 a
1518 1797 1624 1851 quo
1661 1759 1837 1846 datur,
1866 1784 1991 1852 quia
2011 1759 2136 1838 'non
2174 1759 2216 1818 Β
2240 1781 2524 1852 potestatis
2566 1789 2622 1836 et
2651 1781 2856 1852 glorise,
2903 1782 2976 1836 ita
3007 1790 3068 1836 ut
3093 1796 3147 1835 m
3178 1782 3354 1837 tribus
3378 1759 3849 1853 personisunitas

547 1871 760 1927 aliunde
785 1872 992 1940 accepit
1017 1871 1144 1925 illud
1166 1872 1308 1941 quod
1333 1873 1398 1927 ab
1424 1872 1541 1942 ipso
1566 1874 1829 1942 procedit,
1863 1872 2138 1928 fatendum

545 1973 630 2018 est
662 1962 880 2016 Patrem
910 1968 966 2015 et
1001 1961 1194 2016 Filium
1234 1963 1558 2032 principium
1590 1978 1711 2018 esse
1740 1964 1976 2034 Spiritus
2015 1980 2140 2020 san-

545 2054 636 2116 cti,
666 2068 779 2107 non
809 2053 914 2107 duo
941 2053 1224 2122 principia,
1257 2054 1351 2108 sed
1377 2053 1516 2108 sicut
1542 2054 1702 2108 Pater
1723 2064 1777 2108 et
1801 2055 1968 2109 Filius
2001 2071 2140 2110 unus

547 2148 687 2200 Deus
715 2163 727 2199 :
754 2153 808 2200 et
835 2145 904 2199 ad
926 2156 1231 2200 creaturam
1258 2145 1479 2200 relative
1506 2161 1644 2200 unus
1672 2145 1901 2201 Creator
1922 2155 1977 2201 et
2001 2162 2141 2202 unus

549 2236 822 2299 Dominus,
855 2235 933 2289 sic
970 2233 1192 2290 relative
1232 2237 1298 2290 ad
1350 2236 1610 2305 Spiritum
1671 2246 1918 2291 sanctum
1971 2252 2139 2291 unum

545 2331 890 2403 principium,
936 2330 1003 2384 ad
1048 2339 1352 2385 creaturam
1384 2347 1513 2386 vero
1563 2331 1724 2385 Pater
1771 2339 1826 2387 et
1871 2331 2040 2386 Filius
2085 2339 2138 2388 et

547 2424 783 2495 Spiritus
809 2431 1029 2476 sanctus
1055 2438 1218 2477 unum
1249 2423 1594 2494 principium,
1635 2425 1776 2480 sicut
1802 2439 1943 2480 unus
1971 2424 2139 2480 Crea-

547 2526 633 2570 tor
655 2523 709 2570 et
737 2528 876 2568 unus
900 2512 1179 2568 Dominus.
1216 2534 1234 2566 ι

1180 2602 1406 2660 CAPUT
1447 2605 1510 2660 V.

545 2701 702 2767 Quod
725 2699 974 2754 Tarasius
993 2715 1093 2753 non
1112 2707 1244 2751 recte
1258 2697 1509 2767 Spiritum
1535 2709 1770 2752 sanctum
1791 2698 2141 2754 contribulum

619 2771 771 2824 Patri
786 2780 832 2823 et
848 2770 987 2823 Filio
1001 2769 1346 2838 dixeﬁt,,cunt
1361 2770 1608 2838 sufﬁceret
1621 2770 1793 2823 dicere
1807 2781 2140 2838 coa'ternum,

614 2839 1129 2902 consubstantialem,
1167 2837 1502 2908 ejusdemque
1515 2840 1752 2893 assentire
1773 2849 1819 2893 et
1845 2849 2068 2893 natum.

620 2931 832 2985 Dixisse
861 2945 1075 2999 quoque
1102 2929 1154 2982 in
1186 2943 1298 2983 sua:
1337 2928 1458 2984 ﬁdei
1499 2929 1833 2998 professione
1880 2929 2142 3000 Spiritum

541 3030 793 3077 sanctum
842 3021 991 3074 Patri
1033 3029 1082 3073 et
1111 3018 1254 3073 Filio
1299 3019 1651 3073 contribulum
1682 3020 1937 3075 Tarasius
1962 3021 2143 3090 perhi-

2239 1873 2573 1937 substantite,
2603 1871 2888 1941 potestatis
2931 1878 2984 1926 et
3007 1870 3192 1940 glorise
3219 1871 3417 1927 summi
3451 1871 3547 1927 Dei
3575 1875 3847 1929 credatur

2237 1971 2293 2016 et
2315 1977 2345 2017 a
2369 1961 2652 2017 catholicis
2687 1960 3030 2027 conﬁteatur,
3059 1961 3150 2030 qui
3180 1967 3263 2015 est
3287 1976 3450 2030 super
3476 1963 3666 2018 omnia
3695 1964 3848 2019 Deus

2237 2051 2553 2106 benedictus
2581 2052 2633 2105 in
2657 2049 2874 2104 saacula.
2909 2049 3076 2119 Legat
3118 2051 3283 2118 igitur
3327 2052 3576 2122 quisquis
3606 2053 3715 2109 hoc
3746 2070 3846 2108 no-

2239 2159 2362 2200 men
2400 2144 2455 2198 in
2498 2152 2683 2198 sancta
2721 2142 2987 2196 Trinitate
3023 2151 3167 2198 recte
3211 2143 3600 2198 nominandum
3661 2154 3842 2213 putat,

2238 2241 2294 2288 et
2329 2231 2718 2287 assertionibus
2753 2229 2945 2285 fulcire
2978 2230 3211 2296 affectat,
3252 2232 3346 2285 lib.
3393 2249 3489 2288 xm
3518 2234 3667 2288 beati
3698 2234 3845 2290 Hila-

2239 2324 2326 2388 rii,
2380 2331 2435 2378 et
2478 2338 2548 2376 xv
2605 2320 2930 2376 sanctissimi
2974 2321 3258 2391 Augustini
3299 2322 3366 2376 de
3408 2323 3599 2376 eadem
3651 2334 3845 2380 sancta

2240 2423 2294 2470 et
2319 2412 2570 2469 ineffabili
2597 2412 2880 2476 Trinitate,
2903 2409 3254 2467 subtilissime
3280 2412 3621 2480 disputantes
3639 2425 3698 2469 et
3711 2417 3846 2469 viri-

2240 2506 2368 2562 liter
2413 2506 2740 2570 intonantes,
2782 2505 2836 2558 in
2871 2504 3068 2574 quibus
3102 2519 3222 2558 cum
3259 2504 3362 2558 hoc
3411 2519 3608 2558 nomen
3638 2515 3843 2561 sancta:

2242 2598 2496 2653 Trinitati
2546 2605 2789 2666 aptatum
2820 2597 3042 2651 minime
3085 2596 3369 2664 repererit,
3405 2595 3461 2650 id
3508 2597 3559 2651 ei
3613 2598 3844 2653 minime

2242 2697 2427 2760 aptare
2453 2694 2760 2757 przesumat,
2801 2686 3055 2756 quoniam
3083 2687 3127 2741 si
3151 2685 3420 2740 ullatenus
3459 2693 3668 2741 sancta:
3710 2687 3837 2743 ﬁdei

2242 2779 2567 2836 confessioni
2598 2779 2925 2841 conveniret,
2975 2785 3056 2832 tot
3079 2776 3504 2846 disputationum
3550 2779 3720 2833 silvas
3766 2780 3844 2833 ef-

2242 2869 2429 2940 fugere
2457 2869 2725 2938 nequiret,
2748 2884 2850 2923 nec
2882 2876 3026 2923 esset
3068 2877 3176 2922 tam
3209 2868 3587 2938 eloquentibus
3619 2880 3842 2939 tamque

2243 2962 2555 3017 Latinitatis
2598 2961 2790 3032 peritia
2825 2961 3052 3015 eruditis
3079 2960 3210 3015 viris
3263 2961 3318 3015 in
3362 2961 3692 3030 disputando
3719 2963 3844 3020 alie

2245 3068 2392 3116 num,
2444 3054 2489 3107 si
2527 3053 2698 3107 errori
2729 3061 2872 3106 esset
2899 3060 3235 3106 extraneum.
3273 3051 3440 3120 Legat
3477 3053 3651 3107 etiam
3683 3063 3844 3107 caete-

546 3113 814 3214 ξξθίω,²,¹ἶ
845 3113 987 3214 quo?
1023 3111 1467 3214 ψδυηιίδδίῖῄυω
1497 3123 1550 3167 ⁸⁸
1573 3113 1782 3214 ’(ηξωΨ
1809 3122 1864 3168 et
1897 3129 1927 3168 ³
1956 3114 2142 3168 cath
2166 3121 2215 3184 ε
2247 3111 2429 3202 rerum
2461 3145 2851 3200 catholicorum
2874 3144 3093 3198 Patrum
3114 3145 3181 3199 de
3206 3144 3310 3199 ﬁde
3335 3111 3615 3214 opuscula,
3641 3155 3698 3200 et
3717 3161 3842 3200 cum

547 3206 667 3260 liae
697 3203 818 3260 ﬁdei
847 3203 1185 3259 confessione
1218 3202 1433 3272 penitus
1458 3204 1885 3269 convellendum,
1915 3220 2020 3258 non
2049 3220 2142 3259 so-

547 3296 660 3350 lum
687 3296 754 3350 ab
781 3309 968 3349 eorum
997 3293 1246 3348 sensibus
1288 3293 1383 3362 qui
1408 3292 1688 3348 litterariae
1717 3293 1952 3348 solertiae
1984 3295 2146 3350 disci-

546 3387 753 3456 plinam
780 3400 888 3440 non
914 3384 1182 3446 nesciunt,
1211 3382 1307 3436 sed
1339 3382 1505 3436 etiam
1543 3383 1612 3437 ab
1656 3397 1845 3437 eorum
1881 3383 1973 3452 qui
2002 3398 2146 3438 com-

548 3477 802 3532 munibus
845 3484 1055 3528 tantum
1084 3482 1311 3528 utuntur
1355 3473 1550 3528 litteris
1589 3489 1814 3544 prorsus
1849 3476 2138 3544 respuitur,

546 3578 605 3625 et
649 3568 823 3623 modis
852 3567 1101 3620 omnibus
1135 3565 1437 3620 abdicatur.
1488 3566 1584 3620 Est
1633 3567 1779 3620 enim
1810 3567 1862 3620 in
1890 3577 2143 3637 promptu

546 3660 994 3722 animadvertere,
1023 3657 1166 3726 quod
1197 3656 1737 3727 sicutconsanguinei
1763 3657 2017 3712 dicuntur
2047 3659 2142 3728 qui

547 3759 676 3806 sunt
721 3750 880 3805 unius
928 3748 1227 3818 sanguinis,
1283 3756 1338 3803 et
1371 3760 1636 3803 consortes
1683 3749 1776 3818 qui
1823 3759 1949 3805 sunt
1983 3751 2144 3806 unius

547 3841 730 3906 sortis,
765 3849 821 3895 et
845 3841 1096 3895 cowtanei
1133 3840 1225 3908 qui
1267 3847 1393 3894 sunt
1420 3840 1580 3895 unius
1622 3841 1820 3907 aetatis,
1850 3842 1943 3912 qui
1979 3843 2142 3897 etiam

547 3935 706 3989 cocevi
733 3932 1004 3995 dicuntur,
1034 3942 1089 3988 et
1124 3930 1416 4001 conformes
1457 3932 1550 4001 qui
1576 3939 1702 3986 sunt
1735 3933 1894 3988 unius
1934 3933 2142 3998 fortuna,

549 4028 624 4081 ita
651 4026 930 4080 contributi
958 4025 1212 4080 dicuntur
1245 4023 1338 4093 qui
1373 4024 1439 4078 de
1478 4039 1583 4077 una
1628 4023 1771 4078 tribu
1809 4032 1955 4078 sunt.
1995 4024 2145 4090 Quo-

549 4116 696 4170 niam
729 4114 1022 4184 loquelaris
1049 4115 1151 4169 ista
1185 4113 1494 4183 praepositio
1531 4113 1672 4166 hanc
1697 4113 1807 4166 vim
1848 4111 2059 4167 obtinet
2087 4121 2147 4168 ut

551 4209 855 4277 ubicunque
873 4208 929 4262 in
951 4207 1342 4276 compositione
1363 4206 1650 4262 verborum
1673 4205 1911 4274 ponitur,
1935 4206 2143 4262 diversa

550 4317 780 4373 qumque
835 4303 1112 4357 cobazrere
1161 4301 1497 4356 demonstret
1544 4317 1558 4353 :
1614 4299 1756 4354 sicut
1813 4308 1869 4354 et
1935 4299 1991 4354 in
2044 4300 2149 4356 hac

549 4392 943 4462 compositione
998 4393 1135 4447 duos
1165 4399 1260 4446 aut
1285 4391 1468 4461 plures
1514 4389 1762 4444 homines
1797 4404 1921 4444 cum
1954 4392 2149 4444 contri-

550 4483 703 4537 bulas
730 4498 1007 4548 vocamus,
1040 4483 1319 4538 evidenter
1361 4497 1456 4537 eos
1484 4481 1550 4537 dc
1584 4495 1692 4535 una
1736 4479 1881 4535 tribu
1908 4495 2029 4535 esse
2057 4495 2146 4536 os-
2175 4489 2226 4548 ι)

552 4574 838 4628 tendimus.
871 4574 969 4628 Est
995 4575 1140 4627 enim
1167 4575 1334 4629 tribus
1388 4573 1676 4628 multitudo
1725 4573 2002 4627 hominum
2029 4588 2149 4642 qua:

551 4671 646 4716 aut
683 4664 750 4717 ab
776 4679 884 4718 una
914 4663 1082 4731 stirpe
1113 4679 1282 4733 genus
1327 4664 1493 4730 ducit,
1544 4664 1686 4719 sicut
1720 4665 1790 4719 ab
1825 4663 1992 4718 Jacob
2018 4662 2150 4717 duo-

552 4753 726 4808 decim
755 4753 928 4807 tribus
956 4754 1288 4822 processisse
1319 4762 1646 4821 noscuntur;
1696 4761 1791 4808 aut
1832 4767 1940 4808 uno
1990 4751 2150 4806 mini-

551 4843 721 4898 sterio
758 4841 1018 4912 fungitur,
1052 4843 1193 4898 sicut
1239 4845 1294 4898 in
1333 4845 1556 4900 exordio
1602 4844 1861 4898 Romanae
1907 4842 2059 4897 urbis
2093 4841 2148 4896 in

553 4944 666 4990 tres
701 4935 918 4990 ordines
955 4935 1022 4990 ab
1057 4937 1298 5004 ejusdem
1348 4935 1502 4992 urbis
1543 4934 1826 4990 conditore
1873 4933 2148 4987 Romanus

551 5027 783 5099 populus
832 5027 1150 5096 dispertitus
1201 5035 1312 5092 est,
1365 5029 1421 5083 in
1487 5025 1828 5081 senatoribus
1876 5023 2146 5088 videlicet,

554 5118 817 5172 militibus
843 5119 955 5172 sive
980 5119 1247 5188 plebibus.
1288 5119 1440 5175 Unde
1481 5118 1744 5173 hactenus
1787 5113 1947 5184 hujus
1977 5115 2151 5169 nomi-

553 5209 639 5263 nis
669 5209 987 5279 etymologia
1025 5220 1294 5274 servatur,
1337 5219 1393 5265 et
1436 5210 1528 5279 qui
1561 5210 1643 5264 eis
1672 5214 1913 5278 przesunt
1953 5206 2149 5260 tribuni

554 5309 845 5367 vocantur;
877 5303 931 5356 in
971 5302 1080 5356 Deo
1116 5312 1296 5357 autem
1339 5303 1432 5372 qui
1483 5312 1566 5358 est
1611 5315 1882 5358 summum
1924 5301 2145 5363 bonum,

629 5412 751 5484 δεῖ
777 5413 891 5484 ideo
922 5413 1155 5484 Spiritus
1182 5413 1359 5469 Patris
1387 5424 1436 5468 et
1466 5424 1659 5468 noster.
1705 5413 1872 5484 Recte
1905 5428 1984 5484 ex
2023 5411 2151 5465 Lin-

557 5483 876 5537 denbrucbii
914 5482 1296 5539 emendatione
1331 5485 1665 5539 restituimus
1692 5482 2009 5553 particulam
2058 5497 2151 5549 ne-

557 5553 815 5623 gativant,
839 5569 959 5621 quze
992 5555 1248 5623 perierat,
1296 5571 1398 5609 non
1428 5565 1477 5609 et
1508 5552 1704 5608 noster.
1741 5553 1912 5607 Filius
1949 5552 2152 5623 dicitur

560 5621 728 5675 solius
750 5621 927 5678 Patris
953 5621 1139 5688 Filius,
1166 5641 1269 5678 non
1300 5625 1463 5679 etiam
1501 5633 1686 5678 noster
1709 5623 1870 5687 ﬁlius,
1901 5621 1995 5675 sed
2023 5637 2150 5675 vero

560 5689 748 5759 frater.
799 5691 1032 5759 Spiritus
1077 5705 1297 5749 sanctus
1341 5704 1518 5748 autem
1568 5710 1674 5748 non
1721 5701 1930 5746 tantum
1971 5690 2150 5746 Patris

561 5767 618 5811 et
637 5757 757 5812 Filii
790 5757 1022 5828 Spiritus
1053 5774 1272 5820 sanctus
1297 5765 1513 5828 dicitur,
1551 5781 1578 5818 ει
1609 5764 1806 5833 quibus
1843 5763 2020 5826 datur,
2055 5762 2150 5816 sed

2242 3237 2468 3307 hujusce
2495 3237 2731 3292 nominis
2759 3237 3087 3292 mentionem
3127 3236 3182 3290 in
3225 3244 3333 3290 tam
3369 3237 3586 3291 sublimi
3620 3247 3840 3308 tamque

2241 3329 2504 3399 pmchro
2550 3328 2768 3399 negotio
2815 3343 2923 3382 non
2978 3327 3260 3396 repererit,
3312 3328 3454 3383 hanc
3501 3344 3841 3398 supervacue

2241 3421 2370 3476 alibi
2401 3435 2459 3475 se
2502 3419 2768 3474 invenisse
2813 3428 3122 3490 cognoscat.
3171 3420 3434 3486 Quoniam
3467 3421 3644 3477 sicubi
3683 3432 3837 3478 extra

2240 3513 2436 3567 horum
2462 3511 2856 3582 disputationes
2909 3510 2962 3564 in
3002 3518 3206 3566 sancta:
3231 3510 3353 3565 ﬁdei
3382 3511 3728 3568 confessione
3759 3516 3841 3569 in-

2241 3605 2472 3666 venitur,
2528 3612 2622 3658 aut
2671 3603 3069 3673 ineloquentiae,
3101 3618 3224 3672 quae
3268 3602 3551 3672 imperitia:
3594 3604 3665 3658 de
3694 3604 3841 3661 fonte

2242 3694 2506 3765 procedit,
2537 3701 2630 3747 aut
2658 3692 2881 3747 alterius
2910 3693 3105 3763 linguas
3134 3692 3447 3761 proprietati
3469 3692 3838 3760 deputandum

2243 3795 2345 3852 est,
2369 3803 2488 3856 quae
2522 3787 2838 3855 plerumque
2862 3785 2988 3840 dum
3028 3784 3098 3840 ad
3141 3783 3300 3838 aliam
3345 3784 3583 3855 linguam
3620 3786 3835 3850 transit,

2243 3883 2352 3936 vim
2379 3898 2532 3936 suam
2559 3881 2778 3935 amittit.

2861 3949 3089 4006 CAPUT
3130 3949 3215 4005 Vl.

2244 4043 2324 4098 De
2361 4059 2421 4097 eo
2457 4042 2596 4113 quod
2624 4040 2858 4113 Basilius
2903 4040 3146 4113 Anchira:
3188 4038 3539 4113 episcopgsin
3575 4040 3839 4113 διεωᾼῆἀά

2316 4107 2532 4167 lectione
2553 4121 2666 4182 post
2693 4111 3068 4182 confessionem
3101 4107 3279 4162 Patris
3307 4118 3354 4161 et
3378 4107 3510 4182 Filii
3533 4119 3581 4182 et
3611 4107 3840 4178 Spiritus

2315 4184 2482 4237 sancti
2528 4178 2818 4252 imaginum
2875 4190 2945 4252 et,
2981 4178 3304 4252 [insanorum
3359 4179 3738 4252 osculatiom
3793 4190 3839 4233 et

2317 4247 2672 4307 adorationem
2696 4251 2992 4313 inseruerit,
3017 4247 3176 4318 [idem
3201 4265 3257 4303 se
3280 4247 3470 4302 habere
3508 4249 3689 4303 dicens
3716 4266 3845 4317 par-

2316 4323 2533 4394 ticipare
2555 4323 2680 4394 ipsis
2707 4321 3121 4394 sanctiﬁcatione
3143 4335 3161 4372 :
3194 4319 3549 4394 remissionem
3576 4337 3695 4394 vero
3723 4335 3844 4394 pec-

2316 4388 2584 4455 catorum,
2606 4393 2709 4445 sive
2738 4388 2912 4444 carnis
2962 4389 3411 4452 resurrectionem,
3446 4405 3536 4441 seu
3567 4389 3725 4441 vitam
3757 4388 3844 4457 [a-

2317 4473 2493 4516 turant
2523 4463 2734 4515 omnino
2763 4461 3004 4514 tacuerit.

2318 4552 2586 4608 Remissio
2620 4560 2968 4622 peccatorum
2998 4565 3118 4619 quae
3147 4564 3178 4602 a
3211 4547 3414 4603 Basilio
3446 4547 3700 4601 Anchiraa
3729 4549 3841 4619 epi-

2249 4659 2411 4714 scopo
2441 4645 2496 4699 in
2523 4659 2635 4699 sua:
2659 4642 2785 4698 ﬁdei
2810 4641 3150 4698 confessione
3176 4650 3260 4695 est
3283 4638 3670 4708 praetermissa,
3699 4638 3845 4692 inter

2249 4751 2459 4792 summa
2499 4735 2878 4791 ecclesiasticae
2920 4733 3197 4802 dignitatis
3235 4741 3321 4787 est
3361 4730 3695 4785 charismata
3739 4747 3845 4784 nu-

2250 4826 2524 4881 meranda.
2553 4825 2704 4880 lianc
2730 4823 2999 4894 Propheta
3024 4822 3220 4892 insigni
3247 4820 3402 4876 laude
3433 4818 3685 4890 prafert,
3716 4836 3846 4874 cum

2247 4931 2342 4971 eos
2370 4916 2560 4971 beatos
2587 4915 2714 4971 dicit
2739 4915 2935 4984 quibus
2961 4914 3020 4968 ﬁt
3046 4932 3060 4966 :
3093 4913 3274 4978 Beati,
3305 4912 3586 4980 inquiens,
3616 4927 3846 4980 quorum

2248 5013 2478 5067 remissa:
2511 5023 2630 5066 sunt
2664 5011 2964 5082 iniquitates
2989 5019 3036 5064 et
3063 5025 3284 5081 quorum
3321 5017 3454 5061 tecta
3479 5016 3601 5059 sunt
3625 5017 3849 5075 peccata

2250 5104 2424 5177 (Psal.
2454 5105 2646 5176 xxxii).
2689 5105 2838 5158 Hanc
2863 5117 2968 5157 vox
2996 5102 3189 5163 Verbi,
3221 5115 3326 5153 vox
3354 5097 3676 5166 Sapientiae,
3705 5098 3847 5150 ami-

2249 5214 2346 5253 cus
2375 5197 2569 5268 Sponsi
2599 5197 2742 5251 inter
2769 5196 2944 5265 prima
2968 5193 3292 5263 evangelicae
3324 5191 3464 5245 tuba:
3491 5189 3731 5242 tonitrua
3762 5189 3848 5243 in-

2250 5290 2484 5354 tonavit,
2520 5290 2659 5344 sicut
2692 5288 2953 5356 scriptum
2986 5295 3071 5339 est
3109 5302 3122 5337 :
3156 5283 3226 5337 Et
3261 5283 3394 5336 venit
3427 5283 3483 5334 in
3518 5295 3726 5332 omnem
3765 5296 3846 5332 re-

2250 5407 2413 5464 etiam
2446 5411 2630 5458 noster
2653 5401 2888 5471 Spiritus
2918 5408 3136 5454 sanctus
3159 5397 3373 5471 dicitur,
3397 5396 3593 5465 quibus
3621 5396 3803 5471 datur.

2324 5479 2352 5518 ι)
2393 5474 2546 5541 Quod
2594 5467 3030 5526 absurdissimum
3079 5479 3126 5522 et
3167 5468 3371 5541 dictum
3405 5476 3452 5519 et
3502 5467 3841 5541 {catholica-

2250 5549 2374 5620 ﬁdei
2398 5535 2736 5620 confessione
2760 5542 2978 5620 penitus
3008 5555 3130 5620 non
3171 5537 3482 5620 vellendum.
3522 5535 3838 5620 Emendavi,

2251 5606 2676 5676 convellendum,
2723 5606 2784 5666 id'
2821 5621 2925 5675 est,
2975 5607 3353 5677 abjiciendnm,
3397 5606 3836 5677 segregandum,

2250 5686 2661 5744 eliminandnm.
2695 5681 2834 5738 Infra
2874 5695 2993 5749 cap.
3037 5675 3140 5731 i7:
3175 5696 3191 5727 ι
3223 5677 3347 5749 lico
3382 5675 3585 5730 Clu-isti
3633 5676 3839 5746 plebem

2252 5761 2320 5814 ab
2344 5756 2598 5813 Ecclesia:
2635 5754 2824 5808 matris
2861 5747 3120 5807 uberibus
3143 5747 3458 5805 convellere.
3501 5765 3520 5798 ι
