4028 6180
325 278 463 336 “25

1108 279 1286 336 LIBRI
1323 278 1667 336 CAROLINI.
1711 310 1781 320 —
1817 279 2038 336 CAPIT.
2083 281 2170 337 DE
2209 281 2398 338 IMAG.
2439 313 2507 325 --
2545 285 2672 342 LIB.
2715 287 2800 342 III.

3460 298 3596 355 “‘26

317 393 524 465 gionem
563 387 703 444 circa
734 391 1019 446 Iordanem
1060 394 1353 464 pradicans
1395 395 1704 466 baptismum
1744 396 1908 466 pmni-
1938 399 1982 455 Α
2011 406 2305 466 resurgunt,
2329 397 2422 452 alii
2442 399 2496 454 in
2519 401 2673 456 vitam
2697 410 2967 469 (rtemam,
2991 404 3082 459 alii
3107 406 3160 461 in
3187 410 3516 479 opprobrium
3541 425 3597 470 ut

319 485 497 538 tentias
537 484 592 537 in
638 485 991 539 remissionem
1034 497 1362 556 peccatorum
1411 488 1562 561 (Luc.
1605 488 1712 556 ιη).
1763 490 1914 545 Hanc

319 577 586 632 mediator
613 579 709 633 Dei
741 587 795 633 et
827 580 1104 634 hominum
1122 622 1136 646 ,
1168 580 1352 652 Agnus
1379 583 1475 637 Dei
1506 585 1595 654 qui
1624 583 1762 638 tollit
1789 599 1914 653 pec-

320 677 442 723 cata
480 668 698 734 mundi,
731 668 932 738 pietate
965 685 1070 739 qua
1104 673 1365 727 mundum
1398 673 1663 727 redimere
1690 680 1913 727 venerat

318 760 604 824 dedicavit,
637 775 758 815 cum
783 770 837 816 et
861 763 1182 831 quibusdam
1206 773 1330 818 ante
1357 767 1660 834 passionem
1690 776 1910 836 peccata

315 851 558 913 remisit,
592 859 646 906 et
679 859 737 905 ut
767 853 933 907 totius
960 855 1142 909 mundi
1174 864 1393 924 peccata
1423 857 1679 924 dilueret,
1713 874 1770 914 se
1801 860 1911 914 Deo

314 939 460 995 Patri
507 942 560 996 in
601 942 928 999 sacriﬁcium
969 945 1164 1001 obtulit
1206 961 1220 1000 :
1269 955 1324 1002 et
1362 955 1422 1002 ut
1460 949 1602 1003 hanc
1645 951 1909 1021 perpetim

311 1026 556 1088 Ecclesia
592 1035 850 1103 consequi
881 1036 1113 1103 valeret,
1156 1036 1392 1106 Spiritus
1429 1038 1478 1093 ei
1519 1037 1784 1094 ineffabile
1815 1041 1909 1094 do-

311 1140 441 1179 num
469 1132 524 1180 et
567 1126 650 1180 sui
692 1127 1022 1183 cbaracteris
1062 1129 1420 1198 insuperabile
1451 1130 1696 1201 signum,
1728 1141 1782 1187 et
1823 1149 1909 1188 sa-

312 1218 588 1272 crosancti
615 1218 957 1287 baptismatis
988 1219 1324 1275 salutiferum
1353 1231 1749 1277 sacramentum
1780 1239 1906 1278 con~

311 1308 496 1364 cessit.
542 1308 694 1363 Hanc
735 1310 961 1378 apostoli
1010 1309 1065 1364 in
1109 1311 1394 1366 collatione
1439 1311 1590 1377 ﬁdei,
1633 1328 1794 1382 quam
1838 1314 1906 1369 ab

311 1397 541 1452 invicem
591 1398 883 1453 discessuri
931 1399 1084 1468 quasi
1136 1399 1422 1469 quamdam
1470 1401 1806 1457 credulitatis
1853 1410 1906 1458 et

310 1489 714 1558 praedicationis
740 1505 985 1544 normam
1013 1498 1339 1555 statuerunt,
1364 1498 1487 1560 post.
1514 1490 1905 1548 confessionem

314 1579 513 1645 Patris,
542 1591 596 1635 et
618 1581 760 1647 Filii,
790 1591 844 1637 et
871 1581 1103 1650 Spiritus
1131 1583 1322 1648 sancti,
1351 1584 1596 1653 posuisse
1623 1585 1906 1654 perhiben-

312 1680 402 1726 tur
434 1690 448 1727 :
482 1681 537 1726 et
565 1673 619 1726 in
661 1674 796 1728 tanti
824 1675 974 1728 verbi
1014 1675 1282 1729 brevitate
1312 1677 1376 1730 de
1404 1691 1512 1745 quo
1552 1689 1647 1744 per
1675 1676 1904 1745 prophe-

313 1771 423 1816 tam
452 1762 654 1817 dictum
681 1771 798 1817 est:
834 1761 1056 1818 Verbum
1085 1764 1438 1819 abbreviatum
1464 1765 1616 1835 facie:
1645 1763 1900 1819 Dominus

308 1870 466 1925 super
491 1863 684 1907 terram
712 1854 846 1925 (Isa.
877 1872 941 1923 x;
974 1855 1127 1910 Rom.
1158 1857 1254 1928 Ix),
1290 1857 1428 1911 hanc
1453 1873 1653 1927 ponere
1680 1858 1901 1913 minime

308 1940 649 2008 distulerunt,
674 1943 800 2012 quia
828 1942 944 1999 siue
968 1944 1066 1999 hac
1093 1944 1215 1999 ﬁdei
1244 1945 1607 2001 sinceritatem
1636 1947 1897 2017 integram

307 2044 430 2086 esse
455 2033 676 2087 minime
704 2042 1111 2103 perspexeruut.
1157 2034 1269 2090 Nec
1298 2036 1539 2091 cohibuit
1569 2051 1662 2091 eos
1686 2038 1755 2091 ab
1783 2035 1900 2105 ejus

307 2121 644 2190 professione
687 2122 829 2178 illius
859 2124 1088 2194 symboli
1118 2125 1355 2180 brevitas
1381 2142 1542 2196 quam
1573 2128 1899 2196 exposeebat

307 2229 478 2269 sacrze
511 2213 635 2268 ﬁdei
676 2214 976 2285 integritas,
1021 2217 1262 2286 tantique
1303 2217 1430 2274 doni
1466 2219 1769 2273 veneranda
1809 2235 1899 2273 su-

306 2306 560 2361 blimitas.
593 2306 680 2360 Fit
703 2306 846 2361 enim
888 2322 986 2376 per
1027 2307 1286 2377 Spiritum
1329 2317 1572 2363 sanctum
1613 2323 1711 2378 per
1735 2323 1895 2379 quem

308 2397 656 2452 remittuntur
694 2407 934 2469 peccata,
978 2398 1091 2453 sive
1134 2400 1448 2470 sanguinem
1491 2399 1690 2455 Christi
1733 2402 1822 2470 qui
1865 2417 1896 2456 a

307 2488 464 2544 nobis
491 2489 544 2543 in
573 2496 912 2544 sacramento
937 2488 1188 2556 sumitur,
1211 2499 1267 2544 et
1291 2505 1389 2560 pro
1410 2490 1566 2545 nobis
1591 2489 1790 2546 eﬁusus
1815 2499 1898 2546 est

307 2578 360 2632 in
401 2578 773 2634 remissionem
806 2586 1170 2647 peccatorum.
1215 2579 1302 2634 Fit
1329 2587 1384 2634 et
1425 2596 1522 2650 per
1559 2596 1752 2650 aquam
1794 2581 1893 2636 ba-

305 2671 600 2743 ptismatis,
636 2671 688 2724 in
715 2686 822 2740 qua
851 2670 1130 2739 originalis
1157 2687 1312 2726 noxae
1343 2673 1621 2741 antiquum
1651 2679 1705 2726 et
1732 2671 1894 2726 obso-

305 2762 469 2816 letum
503 2763 695 2817 vulnus
720 2762 962 2817 diluitur.
995 2763 1147 2819 Unde
1173 2772 1226 2819 et
1256 2764 1527 2833 apostolus
1555 2763 1572 2834 (
1589 2763 1618 2817 Ι
1638 2763 1799 2818 Joan.
1830 2764 1893 2837 γ)

305 2859 419 2907 tres
449 2853 579 2908 dicit
608 2853 974 2908 testimonium
1008 2855 1326 2923 perhibere,
1359 2855 1608 2926 spiritum
1629 2896 1644 2921 ,
1677 2856 1895 2926 sangui-

304 2960 427 2999 nem
444 2986 459 3009 ,
488 2952 542 3000 et
571 2961 794 3014 aquam,
824 2954 878 3000 et
904 2953 1016 3001 tres
1041 2963 1206 3000 unum
1234 2963 1355 3002 esse
1382 2966 1394 3000 :
1426 2947 1552 3016 quia
1577 2955 1632 3002 et
1657 2963 1755 3018 per
1779 2949 1895 3020 Spi-

304 3034 468 3088 ritum
519 3044 765 3089 sanctum
818 3042 874 3089 et
920 3051 1020 3105 per
1069 3036 1386 3106 sanguinem
1438 3035 1638 3092 Christi
1691 3045 1746 3092 et
1794 3051 1895 3107 per

303 3139 498 3194 aquam
537 3126 878 3197 baptismatis
919 3127 986 3181 ad
1024 3143 1189 3182 unum
1217 3127 1543 3196 compitum,
1590 3127 1644 3182 id
1668 3135 1780 3194 est,
1824 3127 1892 3182 ad
1921 3112 1965 3174 C

279 3215 676 3272 remissionem
719 3226 1066 3287 peccatorum
1110 3219 1442 3288 pervenitur.
1491 3217 1641 3274 Hauc
1679 3219 1898 3288 quidam

304 3305 586 3361 doctorum
627 3323 750 3362 cum
779 3307 907 3376 quid
952 3307 1023 3361 sit
1061 3309 1322 3363 canticum
1366 3326 1555 3364 novum
1598 3310 1901 3366 luculenter

304 3396 624 3464 dissereret,
673 3400 815 3455 inter
857 3409 1082 3456 caeteras
1120 3401 1390 3458 novitates
1428 3420 1564 3474 quas
1604 3405 1658 3459 in
1696 3403 1898 3460 Christi

303 3488 678 3547 incarnatione
724 3491 862 3546 dixit
906 3508 1026 3547 esse
1070 3492 1393 3562 completas,
1439 3495 1776 3549 euumeravit
1822 3496 1899 3550 dio

303 3596 433 3638 ecus
460 3600 472 3635 :
508 3601 526 3634 ‹
559 3582 770 3639 Novum
796 3592 877 3638 est
901 3583 1097 3639 Filium
1124 3585 1219 3639 Dei
1243 3585 1515 3641 hominem
1540 3585 1674 3650 ﬁeri,
1699 3601 1895 3640 novum

304 3682 387 3726 est
410 3673 657 3728 eumdem
684 3675 752 3729 ab
781 3672 1090 3730 hominibus
1113 3676 1273 3730 morti
1302 3676 1461 3739 tradi,
1488 3691 1685 3730 novum
1708 3684 1791 3731 est
1812 3675 1898 3730 die

303 3765 461 3820 tertia
506 3782 744 3838 surgere,
791 3783 990 3823 novum
1034 3777 1119 3824 est
1160 3785 1284 3824 cum
1322 3784 1547 3839 corpore
1591 3769 1661 3824 ad
1700 3770 1894 3825 coelum

301 3857 612 3923 ascendere,
651 3873 849 3914 novum
893 3866 976 3912 est
1015 3859 1386 3914 remissionem
1422 3869 1767 3929 peccatorum
1806 3862 1898 3915 ho-

301 3947 539 4003 minibus
590 3949 725 4004 dari.
781 3968 799 4000 ι
854 3947 1064 4003 Novum
1113 3950 1295 4020 itaque
1323 3949 1475 4004 'dixit
1522 3952 1893 4008 remissionem

302 4047 647 4106 peccatorum
701 4039 1011 4095 hominibus
1061 4040 1219 4106 dari,
1276 4056 1395 4110 qua:
1447 4043 1586 4097 sicut
1637 4043 1692 4097 in
1746 4044 1894 4099 Novo

305 4126 655 4181 Testamento
697 4125 877 4194 datur,
922 4128 976 4182 in
1017 4127 1201 4184 Veteri
1246 4146 1352 4186 non
1398 4133 1645 4188 dabatur.
1690 4132 1892 4206 Pagina

303 4217 449 4269 enim
494 4216 844 4271 lustrumenti
887 4218 1098 4274 Veteris
1143 4230 1366 4288 peccata
1413 4238 1520 4276 non
1565 4222 1751 4289 diluit,
1800 4225 1894 4280 sed

304 4306 562 4361 ostendit.
591 4305 784 4362 Carnis
813 4324 1026 4379 quoque
1054 4311 1376 4367 resurrectio
1405 4327 1566 4383 quam
1595 4313 1816 4370 credere
1837 4323 1893 4370 et

303 4398 462 4454 fateri
485 4397 934 4466 Christianorum,
959 4416 1067 4455 non
1087 4402 1305 4458 credere
1323 4418 1452 4458 vero
1474 4403 1889 4459 Sadduczeorum

303 4499 407 4555 est,
431 4505 592 4559 quam
613 4489 869 4558 praefatus
889 4491 1172 4562 episcopus
1195 4493 1250 4547 in
1276 4509 1387 4549 sua:
1411 4493 1532 4549 ﬁdei
1557 4493 1891 4564 professione

303 4579 539 4644 reticuit,
572 4587 626 4634 et
658 4580 868 4636 Veteris
904 4581 1252 4637 lnstrumenti
1277 4583 1506 4638 lectione
1534 4592 1888 4652 monstratur,

304 4685 425 4725 cum
449 4679 502 4724 et
525 4684 622 4739 per
645 4669 746 4725 Job
768 4672 944 4726 virum
969 4673 1338 4744 evangelicum
1364 4675 1545 4745 potius
1566 4690 1727 4744 quam
1751 4674 1892 4746 lega-

303 4761 407 4815 lem
437 4762 635 4816 dicitur
662 4780 675 4816 :
712 4761 837 4818 Scio
871 4764 1010 4835 quod
1042 4764 1354 4837 Redemptor
1384 4782 1528 4820 meus
1555 4766 1717 4832 vivat,
1757 4776 1804 4820 et
1835 4766 1892 4820 in

305 4855 580 4909 novissimo
607 4856 670 4910 de
696 4865 836 4910 terra
857 4867 1188 4913 surrecturus
1208 4860 1329 4924 sim,
1360 4867 1408 4914 et
1443 4876 1626 4914 rursus
1662 4860 1889 4912 circum-

303 4943 469 4998 dabor
497 4945 628 5016 pelle
660 4963 773 5001 mea
807 4956 854 5000 et
883 4947 938 5001 in
963 4964 1119 5002 carne
1149 4965 1264 5003 mea
1297 4949 1476 5003 videbo
1499 4949 1706 5003 Deum:
1741 4964 1891 5019 quem

303 5037 508 5092 visurus
537 5055 652 5092 sum
680 5055 774 5109 ego
807 5039 938 5109 ipse,
963 5049 1010 5093 et
1034 5038 1171 5093 oculi
1202 5041 1303 5094 mei
1337 5041 1662 5112 conspecturi
1691 5048 1811 5093 sunt
1843 5048 1891 5092 et

307 5145 410 5182 non
434 5128 571 5184 alius
596 5129 736 5201 (Job.
761 5129 907 5198 xix);
933 5139 986 5186 et
1006 5146 1104 5200 per
1123 5132 1398 5188 Dauielem
1422 5133 1596 5187 virum
1621 5131 1895 5187 sanctissi-

308 5233 454 5271 mum
484 5227 539 5273 et
571 5235 890 5274 arcanorum
926 5221 1021 5276 Dei
1055 5231 1412 5278 scrutatorem
1450 5229 1786 5278 monstratur
1819 5222 1894 5278 di-

305 5318 554 5364 centem:
583 5309 739 5365 Multi
773 5312 838 5367 de
871 5314 953 5368 his
986 5315 1075 5386 qui.
1105 5315 1372 5369 dormiunt
1407 5316 1463 5368 in
1499 5325 1652 5369 terra:
1684 5313 1892 5386 pulvere

377 5519 403 5547 α
428 5506 682 5580 unquid
711 5507 918 5580 lignum
938 5510 1087 5564 habet
1114 5528 1256 5580 spem
1285 5513 1646 5577 revivesceudi,
1671 5522 1716 5566 et
1737 5514 1893 5566 homo

305 5592 410 5630 non
445 5577 596 5632 habet
638 5577 980 5650 resufrgendi?
1022 5577 1402 5648 Restituimus,
1441 5583 1802 5646 revirescendi,
1832 5591 1893 5636 ut

304 5650 636 5722 comparatio
664 5649 766 5702 sibi
794 5649 1041 5722 constet.
1075 5652 1476 5709 Consolationis
1518 5653 1676 5722 plena
1721 5654 1892 5708 medi-

306 5718 438 5773 tatio
475 5725 529 5772 et
565 5719 794 5776 fidentes
831 5720 887 5776 in
921 5737 1016 5793 spe
1043 5722 1348 5778 certissima
1387 5718 1735 5792 conﬁrmans,
1784 5738 1891 5792 qua

2013 485 2215 542 rideant
2243 503 2444 560 semper
2471 490 2630 561 (Dan.
2655 492 2785 564 xu);
2821 502 2874 547 et
2904 495 3020 566 ipsa
3057 499 3295 556 Veritale
3325 505 3392 558 ad
3426 514 3601 564 terras

2010 591 2110 645 pro
2132 578 2305 634 salute
2325 582 2535 650 generis
2559 583 2777 639 humani
2802 587 3178 655 descendente,
3205 595 3425 650 omnino
3451 614 3600 652 com-

2010 667 2297 722 mendatur
2324 671 2414 738 qui
2442 687 2560 726 eam
2586 683 2640 728 et
2668 677 3070 745 prmdicatiouis
3101 697 3210 738 sua:
3239 692 3598 746 sacrosanctis

2010 758 2244 814 oraculis
2266 760 2498 828 edocuit,
2520 772 2577 819 et
2595 780 2707 820 sua:
2733 771 3145 826 resurrectionis
3167 773 3388 830 salutari
3414 793 3598 834 exem-

2009 850 2097 920 plo
2123 855 2464 909 monstravit.
2494 856 2551 910 Si
2579 873 2706 914 vero
2734 860 2930 929 aliquis
2954 864 3112 927 dicat,
3143 865 3243 921 Job
3271 867 3320 921 in
3349 871 3450 925 hac
3476 887 3598 926 sen-

2009 943 2175 997 tentia
2199 941 2356 999 suam~
2381 948 2715 1006 solummodo
2741 957 3212 1022 resurrectionem,
3243 976 3348 1014 non
3373 977 3597 1032 genera-

2008 1035 2111 1088 lem
2139 1038 2379 1092 omuium
2425 1040 2702 1096 hominum
2745 1045 2963 1109 dixisse,
3007 1049 3188 1102 audiat
3228 1065 3350 1104 eum
3395 1053 3448 1106 iu
3490 1056 3596 1110 alio

2007 1127 2125 1182 loco
2153 1130 2456 1199 generalem
2490 1135 2726 1188 omnium
2759 1140 3206 1194 resurrectionem
3238 1139 3593 1199 afﬁrmantem

2005 1227 2061 1272 ct
2088 1219 2356 1276 dicentem
2386 1241 2399 1275 ε
2430 1223 2654 1294 Lignum
2685 1227 2838 1281 habet
2866 1247 3027 1300 spem,
3059 1233 3106 1284 si
3131 1235 3407 1302 prtecismn
3437 1237 3595 1305 fuerit

2008 1325 2215 1364 rursum
2244 1313 2467 1380 virescit,
2497 1325 2544 1368 et
2572 1318 2706 1370 rami
2735 1319 2849 1388 ejus
2873 1320 3135 1390 pullulant
3164 1339 3181 1378 :
3211 1326 3256 1378 si
3284 1329 3510 1380 senuerit
3540 1329 3596 1382 in

2005 1407 2143 1453 terra
2177 1402 2334 1456 radiat
2354 1405 2490 1473 ejus,
2519 1417 2567 1459 et
2603 1409 2658 1461 in
2687 1408 2895 1478 pulvere
2927 1421 3164 1467 mortuus
3193 1415 3348 1484 fuerit
3379 1427 3594 1472 truncus

2004 1489 2138 1560 ejus,
2187 1493 2258 1546 ad
2301 1494 2511 1549 odorem
2558 1515 2710 1568 aqum
2747 1501 3057 1570 germinabit
3106 1515 3154 1558 et
3194 1505 3349 1575 faciet
3392 1526 3595 1562 comam

2003 1582 2156 1651 quasi
2193 1599 2311 1637 cum
2352 1587 2578 1654 primum
2615 1589 2909 1660 plantatum
2954 1603 3028 1646 est
3067 1610 3086 1649 :
3130 1595 3284 1651 homo
3321 1615 3437 1652 vero
3476 1617 3594 1653 cum

2004 1684 2240 1730 mortuus
2288 1677 2447 1747 fuerit
2497 1689 2545 1733 et
2593 1683 2824 1737 nudatus
2878 1695 3033 1756 atque
3086 1700 3450 1761 consumptus,
3507 1693 3595 1745 ubi

2003 1786 2178 1839 qureso
2221 1773 2338 1825 est?
2374 1776 2635 1844 quomodo
2675 1778 2721 1831 si
2764 1780 3008 1835 recedant
3047 1800 3198 1854 aqua?
3237 1787 3301 1840 de
3343 1789 3500 1850 mari,
3547 1801 3594 1842 ct

2001 1862 2190 1930 ﬂuvius
2231 1865 2564 1934 vacuefactas
2598 1880 2828 1935 arescat,
2871 1873 2947 1926 sic
2984 1874 3137 1928 homo
3175 1894 3292 1930 cum
3323 1879 3593 1933 dormiet-it

2002 1966 2106 2006 non
2142 1966 2387 2025 resurget,
2433 1957 2597 2012 donec
2636 1970 2896 2016 atteratur
2930 1965 3133 2030 malum,
3180 1985 3271 2021 nec
3309 1969 3590 2039 evigilabit,

2003 2056 2094 2094 nec
2128 2046 2496 2114 consurgetgde
2529 2065 2710 2103 somno
2744 2068 2840 2105 suo
2877 2052 3018 2125 (Job.
3051 2056 3184 2127 xiv).
3229 2057 3380 2124 Quod
3419 2069 3591 2115 totum

2000 2133 2074 2187 ita
2119 2135 2519 2207 intelligendum
2549 2151 2661 2207 est,
2685 2153 2710 2181 ει
2736 2143 2987 2215 Nunquid
3020 2148 3220 2219 lignum
3254 2153 3415 2206 habet
3442 2169 3589 2223 spem

1999 2227 2360 2285 revirescendi
2385 2240 2438 2286 et
2460 2233 2622 2289 homo
2650 2251 2756 2290 non
2783 2238 2945 2294 habet
2971 2246 3325 2313 resurgeudi?
3351 2251 3590 2318 nunquid

1998 2321 2266 2389 quomodo
2298 2322 2344 2376 si
2378 2325 2630 2379 recedant
2656 2342 2810 2398 aquae
2837 2330 2902 2386 de
2926 2334 3061 2387 mari
3093 2343 3144 2389 et
3175 2333 3366 2392 ﬁuvius
3391 2355 3596 2394 vacuo--

1997 2411 2171 2468 factus
2193 2425 2426 2480 arescat,
2450 2417 2527 2471 sic
2548 2417 2708 2473 homo
2733 2435 2855 2474 cum
2878 2422 3158 2479 dormierit
3183 2443 3287 2480 non
3314 2431 3597 2500 resurget?

1998 2505 2238 2574 nunquid
2263 2506 2434 2563 donec
2464 2517 2728 2566 atteratur
2765 2513 2960 2568 cmlum
3000 2532 3106 2572 non
3147 2518 3440 2589 evigilabit,
3488 2537 3587 2576 nec

1997 2603 2284 2668 consurget
2323 2597 2389 2653 de
2433 2614 2623 2655 somno
2665 2603 2797 2658 suo?
2837 2607 3033 2674 quibus
3066 2610 3244 2664 verbis
3287 2627 3391 2665 non
3435 2629 3591 2668 suam

1996 2689 2354 2757 solummodo,
2389 2694 2481 2748 sed
2520 2695 2683 2749 totius
2725 2696 2942 2751 humani
2982 2701 3195 2768 generis
3235 2707 3588 2761 resurrectio-

1996 2797 2120 2836 nem
2165 2782 2470 2852 generalem
2513 2785 2864 2842 demoustrat.
2915 2787 3191 2859 Sequitur.
3235 2792 3385 2848 Hanc
3427 2796 3590 2850 etiam

1997 2873 2226 2941 apostoli
2270 2890 2393 2929 cum
2435 2875 2679 2932 diversas
2705 2877 2920 2948 quidem
2962 2881 3209 2938 nationes
3242 2901 3344 2938 non
3376 2887 3590 2943 diversa

1997 2961 2121 3028 ﬁde,
2150 2963 2379 3020 diversis
2413 2964 2612 3036 linguis
2643 2967 2865 3034 imbuti,
2902 2986 3008 3025 non
3049 2973 3289 3029 diversas
3330 2978 3592 3032 constitu-

1999 3051 2170 3109 tiones
2195 3054 2445 3110 tradituri
2471 3063 2735 3126 peterent,
2763 3062 3014 3116 omnibus
3037 3066 3288 3134 gentibus
3320 3066 3460 3123 inter
3488 3085 3594 3125 ca:-

2000 3150 2115 3198 tera
2145 3145 2526 3215 mysteriorum
2554 3148 2878 3218 spiritalium
2902 3167 3100 3208 arcana
3128 3157 3462 3212 tradiderunt
3489 3178 3502 3212 :
3536 3170 3590 3215 et

2000 3251 2067 3291 ne
2102 3237 2373 3293 oblivione
2411 3239 2708 3295 dilueretur
2746 3251 2839 3297 aut
2878 3243 3131 3301 hmretica
3169 3249 3435 3318 pravitate
3473 3269 3591 3308 cas-

1998 3338 2114 3384 sata
2140 3344 2238 3398 per
2267 3338 2571 3400 temporum
2602 3333 2936 3392 incrementa
2964 3337 3338 3407 frustraretur,
3369 3344 3422 3398 in
3446 3361 3591 3415 sym-

1997 3419 2120 3474 bolo
2146 3431 2462 3490 posuerunt,
2489 3433 2542 3478 et
2565 3425 2618 3479 in
2652 3434 2760 3480 tam
2791 3429 3104 3502 authentico
3131 3433 3252 3488 ﬁdei
3287 3434 3503 3502 iudicio,
3535 3439 3591 3492 in

1997 3527 2104 3581 quo
2140 3513 2303 3568 totius
2346 3516 2466 3570 ﬁdei
2508 3517 2787 3586 integritas
2825 3500 3130 3580 admirabili
3170 3527 3433 3584 brevitate
3461 3500 3590 3586 cou-

1995 3602 2265 3671 plectitur,
2307 3605 2638 3661 locaverunt.
2687 3609 2839 3666 Hanc
2885 3630 3024 3668 unus
3072 3615 3281 3671 illorum
3329 3620 3420 3688 qui
3475 3621 3588 3677 fera

1997 3694 2236 3764 gentium
2263 3697 2425 3750 corda
2457 3699 2597 3752 sacri
2635 3699 2760 3772 styli
2797 3703 3038 3758 doctrina
3077 3709 3414 3775 perdomuit,
3447 3712 3591 3767 inter

1997 3791 2192 3838 uetera
2222 3798 2343 3854 qua:
2373 3787 2438 3842 de
2469 3801 2533 3841 ea
2560 3788 2804 3858 profatus
2833 3800 2948 3858 est,
2981 3793 3036 3847 in
3066 3806 3358 3865 momento,
3389 3800 3441 3853 in
3477 3802 3587 3857 ictu

1995 3872 2138 3926 oculi
2178 3872 2293 3929 fore
2324 3876 2576 3944 prtedixit
2613 3879 2667 3951 (I
2693 3879 2817 3935 Cor.
2854 3882 2970 3953 xv).
3008 3885 3128 3940 Vita
3169 3901 3381 3957 quoque
3419 3889 3588 3947 futuri

1995 3965 2198 4031 sreculi,
2221 3983 2384 4037 quam
2410 3969 2553 4025 idem
2579 3969 2810 4029 Basilius
2835 3975 3168 4047 negligenter
3193 3980 3472 4038 reticuisse
3499 3985 3587 4038 di-

1996 4057 2294 4128 gnoscitur,
2309 4066 2364 4114 et
2389 4061 2456 4114 ab
2483 4059 2599 4130 ipso
2629 4063 2784 4119 nobis
2805 4065 3034 4122 Domino
3055 4068 3361 4137 pollicetur,
3378 4083 3431 4128 et
3449 4089 3588 4144 pene

1994 4148 2050 4203 in
2066 4149 2316 4206 omnibus
2333 4158 2639 4207 sanctarum
2657 4153 3061 4226 Scripturarum
3079 4161 3315 4216 oraculis
3333 4166 3590 4231 praedica-

1997 4244 2102 4304 tur,
2134 4239 2330 4309 quippe
2355 4256 2478 4296 cum
2505 4242 2622 4298 sine
2640 4258 2704 4299 ea
2725 4245 2906 4301 carnis
2927 4251 3255 4306 resurrectio
3283 4252 3358 4306 nil
3387 4254 3584 4322 valeat,

1994 4336 2049 4382 et
2067 4330 2136 4385 ob
2155 4345 2275 4384 eam
2299 4331 2699 4401 adipiscendam
2725 4338 2890 4392 totius
2911 4346 3110 4395 nostra:
3128 4341 3403 4412 religionis
3423 4343 3586 4399 desu-

1994 4418 2082 4473 det
2113 4421 2361 4476 intentio.
2391 4421 2542 4479 Unde
2571 4425 2731 4480 datur
2753 4427 2978 4498 intelligi
3008 4445 3113 4485 non
3144 4446 3268 4487 eum
3300 4434 3589 4489 mediocri-

1999 4517 2081 4564 ter
2108 4511 2384 4580 delirasse,
2408 4529 2531 4569 cum
2557 4517 2610 4570 in
2639 4532 2751 4572 suae
2781 4516 2906 4572 ﬁdei
2934 4519 3276 4578 confessione
3305 4538 3393 4579 res
3419 4525 3589 4580 tantis

1995 4604 2265 4673 mysteriis
2283 4604 2487 4674 plenas,
2512 4615 2567 4662 et
2589 4623 2780 4664 revera
2803 4611 3075 4681 mysteriis
3100 4611 3305 4681 plenas,
3333 4614 3451 4669 sine
3473 4615 3590 4684 qui-

1993 4693 2091 4748 bus
2103 4693 2408 4750 Christiana
2423 4696 2715 4753 credulitas
2728 4707 2873 4754 stare
2889 4716 2994 4754 non
3009 4708 3205 4769 potest,
3221 4701 3438 4757 silentio
3455 4719 3588 4772 pra:-

1993 4785 2203 4842 terierit
2244 4795 2298 4842 et
2334 4787 2388 4843 in
2418 4802 2604 4844 earum
2630 4790 2750 4846 loco
2777 4807 2866 4847 res
2891 4807 2997 4848 non
3024 4795 3358 4848 necessarias
3386 4802 3441 4847 et
3471 4795 3585 4849 risu

1994 4879 2180 4950 dignas
2203 4882 2509 4951 protulerit.
2537 4882 2652 4938 Non
2676 4883 2839 4956 igitur
2857 4885 2909 4940 ei
2932 4885 3049 4940 ideo
3071 4887 3446 4942 tantummodo
3469 4902 3590 4941 suc-

1993 4981 2246 5027 censetur
2264 4973 2390 5043 quia
2414 4988 2508 5028 eas
2526 4975 2770 5043 proﬁteri
2790 4975 3015 5040 distulit,
3039 4975 3082 5030 si
3107 4983 3288 5030 tamen
3310 4991 3403 5030 eas
3423 4977 3587 5030 corde

1993 5063 2184 5130 credit,
2210 5079 2331 5120 cum
2355 5065 2673 5134 plerumque
2696 5066 2941 5134 qumdam
2965 5075 3058 5119 aut
3083 5067 3362 5121 brevitatis
3383 5066 3582 5130 studio,

1993 5165 2085 5209 aut
2128 5155 2356 5225 quadam
2404 5155 2692 5210 occasione
2732 5156 2786 5210 in
2828 5155 3052 5210 dicendo
3095 5157 3585 5225 przetermittuntur

1993 5260 2113 5315 quae
2143 5245 2197 5301 in
2225 5246 2494 5302 credendo
2522 5244 2753 5302 ﬁrmiter
2780 5253 3059 5312 tenentur;
3105 5246 3198 5301 sed
3229 5245 3352 5316 quia
3393 5246 3448 5299 in
3488 5262 3582 5300 ea-

1993 5355 2113 5394 rum
2139 5339 2256 5395 Ioco
2293 5338 2348 5396 id
2385 5339 2567 5394 intulit
2597 5339 2739 5410 quod
2769 5355 2798 5395 a
2835 5339 2981 5394 nullo
3015 5347 3328 5394 sanctorum
3357 5338 3581 5393 Patrum

1993 5516 2182 5572 Patres
2223 5518 2396 5598 solent
2447 5527 2656 5588 tempus
2701 5533 2963 5598 vernum,
3011 5532 3132 5598 cum
3176 5517 3398 5598 arbores
3446 5516 3584 5573 inci-

1992 5590 2150 5658 piunt
2175 5590 2524 5658 revirescere,
2554 5589 2941 5645 resurrectioni
2972 5589 3153 5643 carnis
3201 5597 3402 5644 nostra:
3427 5603 3579 5645 coru-

1993 5675 2207 5729 parare.
