4028 6180
562 277 699 332 “27

1465 274 1523 329 Β.
1562 274 1809 330 CAROLI
1844 275 2058 330 MAGNI
2095 274 2246 331 OPP.
2288 276 2464 332 PARS
2502 277 2562 331 ll.
2606 277 2845 333 SECTIO
2881 279 2941 332 ll.

3675 285 3792 342 “‘28

557 389 613 444 in
653 388 775 443 ﬁdet
804 384 1158 458 promissione
1185 381 1391 438 illatum
1430 383 1592 439 fuisse
1628 385 1892 454 perlegit:
1928 401 2051 455 quia
2081 395 2137 440 et
2161 389 2214 448 Α
2243 387 2514 441 tummodo
2551 388 2856 443 somniavit.
2898 388 2973 442 Ita
3004 388 3147 442 enim
3182 404 3405 446 exorsus
3438 399 3523 446 est
3559 407 3573 446 :
3616 412 3632 444 ι
3675 394 3796 449 Con-

558 480 714 534 tuiles
737 477 829 549 qui
860 475 1128 547 quondam
1153 475 1436 544 pugnavit,
1465 483 1558 528 aut
1582 479 1900 544 quandoque
1933 490 2135 545 pugna-

557 582 714 626 turus
738 575 842 631 est.
891 578 1002 620 non
1035 565 1156 620 ideo
1193 566 1438 634 arguitur
1471 566 1517 620 si
1559 569 1625 621 ad
1657 575 1868 634 tempus
1907 581 2011 620 non
2039 581 2139 634 pu—

557 673 703 733 gnet,
729 659 822 716 sed
856 661 900 718 si
928 663 1052 731 fuga
1090 657 1270 727 lapsus
1299 665 1355 711 et
1388 672 1540 711 suam
1571 657 1906 711 nobilitatem
1932 657 2139 726 ignobi-

559 754 691 817 litet,
712 761 774 806 et
793 753 1065 808 sociorum
1085 750 1227 804 vires
1256 748 1433 802 inutili
1459 749 1702 818 exemplo
1723 758 1962 803 enervet.
1993 749 2140 802 Dixit

557 843 700 897 enim
743 840 1002 911 praefatus
1036 840 1339 910 episcopus,
1393 847 1678 908 postquam
1716 840 2006 909 imaginum
2045 839 2138 894 ad-

555 933 853 987 orationem
877 938 931 985 et
955 929 1340 985 osculationem
1369 928 1508 982 inter
1531 928 1705 996 prima
1730 944 1841 982 suae
1867 928 1988 982 fidei
2012 944 2133 982 mu-

555 1026 798 1079 nimenta
842 1023 1017 1078 fassus
1058 1029 1184 1076 est:
1225 1039 1242 1071 ‹
1278 1021 1438 1075 ﬁdem
1476 1035 1534 1075 se
1576 1021 1775 1074 habere
1814 1019 2138 1089 participare

558 1113 666 1168 illis
691 1111 1133 1167 sanctiﬁcatione.
1164 1129 1182 1160 ι
1215 1108 1324 1164 Nec
1346 1109 1613 1163 immerito
1638 1109 1800 1162 rebus
1827 1107 2135 1174 insensatis,

556 1211 611 1258 et
644 1217 750 1256 non
785 1202 959 1256 solum
988 1198 1414 1254 sanctiﬁcatione
1448 1199 1542 1253 sed
1573 1199 1739 1254 etiam
1775 1199 1882 1252 vita
1911 1198 2138 1253 carenti-

555 1293 676 1357 bus,
702 1291 1025 1360 participare
1045 1290 1255 1359 dignus,
1278 1287 1369 1357 qui
1392 1296 1509 1357 post
1527 1287 1917 1343 confessionem
1937 1297 2138 1342 sancta:

556 1392 611 1438 et
636 1383 807 1436 unica:
831 1381 1112 1434 Trinitatis
1139 1380 1193 1433 in
1221 1379 1417 1433 talibus
1445 1380 1633 1434 nzeniis
1667 1379 1824 1434 ﬁdem
1852 1395 1909 1434 se
1939 1381 2137 1434 habere

555 1473 710 1537 dixit,
753 1479 808 1527 et
847 1485 909 1524 ea
947 1485 1066 1538 qua:
1108 1470 1249 1522 inter
1287 1469 1459 1538 prima
1500 1469 1822 1524 Christiana:
1863 1469 2138 1538 religionis

557 1560 881 1614 charismata
910 1558 1274 1613 enumeranda
1302 1565 1456 1621 sunt,
1488 1558 1860 1613 remissionem
1891 1559 2139 1615 videlicet

554 1658 921 1722 peccatorum,
964 1649 1143 1704 carnis
1182 1649 1632 1704 resurrectionem
1671 1659 1724 1704 et
1764 1651 1930 1705 vitam
1971 1650 2136 1706 futuri

2241 475 2397 529 ﬁteor
2428 484 2481 529 ct
2513 477 2786 544 promitto,
2818 485 2873 531 ct
2909 477 3162 545 suscipio,
3201 486 3256 532 et
3292 479 3524 543 osculor,
3565 487 3618 532 et
3652 482 3798 537 adoro

2241 565 2518 634 imagines.
2551 585 2568 616 ι
2596 565 2640 620 Ο
2665 567 2798 619 mira
2825 565 3094 620 confessio
3121 567 3386 636 episcopi!
3420 566 3465 622 Ο
3493 569 3707 636 pulchra
3731 573 3799 626 di-

2240 653 2347 708 ctio
2373 655 2696 710 sacerdotis!
2729 655 2773 711 Ο
2803 656 3067 710 laudanda
3102 657 3313 712 devotio
3345 660 3616 726 prmsulis!
3653 660 3802 716 Tacet

2240 742 2629 798 confessionem
2679 744 3139 799 excellentissimce
3191 745 3517 813 majestatis,
3573 756 3625 802 et
3673 750 3800 804 inso-

2240 841 2333 886 nat
2367 833 2755 888 confessionem
2791 834 3223 889 insolentissimm
3261 837 3537 891 vanitatis.
3582 839 3660 892 Ab
3699 838 3802 906 ejus

2241 923 2576 979 confessione
2596 925 2784 993 pedem
2831 926 3058 979 retrahit
3086 927 3176 992 qui
3207 926 3358 988 dixit,
3390 926 3574 982 Omnis
3601 931 3687 999 qui
3730 948 3802 984 me

2239 1016 2503 1085 confessus
2542 1016 2696 1085 fuerit
2745 1033 2920 1069 coram
2956 1017 3272 1082 hominibus,
3313 1019 3598 1086 conﬁtebor
3632 1031 3676 1073 et
3719 1038 3803 1090 ego

2237 1125 2355 1161 eum
2397 1124 2573 1161 coram
2617 1106 2776 1160 Patre
2803 1123 2915 1160 meo
2937 1107 3026 1176 qui
3056 1116 3130 1160 est
3185 1108 3240 1159 in
3291 1105 3432 1160 cwlis
3477 1107 3688 1177 (Matth.
3739 1127 3798 1176 ις

2239 1197 2366 1250 Luc.
2398 1195 2497 1267 xu)
2545 1205 2600 1250 et
2626 1196 2677 1249 in
2712 1196 2997 1265 imaginum
3026 1196 3416 1251 confessionem
3441 1200 3568 1252 totis
3590 1215 3646 1254 se
3670 1217 3804 1271 gres-

2239 1286 2387 1339 sibus
2414 1285 2593 1339 infert.
2629 1284 2793 1338 Tacet
2821 1285 2961 1353 quod
2989 1293 3044 1339 et
3094 1285 3181 1341 ille
3228 1285 3382 1340 fateri
3406 1296 3462 1340 et
3506 1296 3722 1344 ueteres
3751 1299 3803 1344 ut

2240 1376 2536 1429 faterentur
2558 1375 2740 1429 debuit
2769 1375 3074 1440 hortari,-et
3118 1375 3292 1431 fassus
3315 1385 3395 1432 est
3419 1380 3564 1447 quod
3605 1395 3699 1434 nec
3727 1382 3803 1436 illo

2238 1465 2394 1521 fateri
2418 1474 2472 1521 et
2495 1482 2562 1522 ne
2589 1467 2770 1522 ueteri
2800 1467 3100 1522 faterentur
3119 1469 3303 1523 debuit
3329 1470 3615 1535 reluctari;
3646 1481 3696 1526 et
3718 1473 3800 1543 qui

2237 1571 2505 1626 opponere
2540 1573 2752 1611 murum
2779 1573 2878 1627 pro
2903 1559 3063 1614 domo
3104 1558 3268 1612 Israel
3293 1560 3478 1614 debuit
3497 1570 3551 1614 et
3580 1570 3717 1617 stare
3751 1563 3798 1617 in

2237 1646 2422 1714 praelio
2439 1646 2491 1699 in
2514 1645 2600 1699 die
2621 1646 2852 1710 Domini,
2882 1647 2994 1715 ipse
3015 1647 3082 1700 ad
3103 1646 3387 1702 deditionis
3409 1649 3657 1714 dedecus,
3678 1651 3796 1719 proh

555 1741 736 1796 szeculi
785 1740 1050 1794 desidiose
1094 1739 1461 1808 przetermisit.
1513 1740 1643 1795 Esto
1696 1741 1956 1811 denique,
2006 1743 2136 1798 utile
2170 1729 2212 1788 Β
2240 1737 2420 1792 dolor!
2453 1745 2641 1805 sponte
2673 1737 3117 1807 dilabitur;quia
3167 1739 3413 1793 videlicet
3443 1740 3534 1808 qui
3557 1740 3728 1795 debuit
3771 1757 3797 1794 a

556 1831 806 1900 quiddam
834 1837 918 1884 est
958 1829 1218 1899 imagines
1259 1829 1505 1894 adorare,
1545 1829 1669 1899 quid
1695 1831 1948 1885 adimitur
1979 1831 2136 1886 Chri-

556 1922 742 1976 stianae
791 1920 1034 1992 religioni
1085 1920 1130 1974 si
1176 1919 1318 1974 inter
1363 1919 1567 1988 primas
1609 1919 1730 1975 ﬁdei
1776 1921 2137 1990 professiones

555 2014 696 2068 illius
720 2028 932 2083 quoque
962 2013 1038 2066 rei
1075 2010 1339 2081 professio
1374 2027 1480 2064 non
1510 2011 1684 2077 detur,
1723 2028 1846 2067 cum
1882 2014 2136 2084 pleraque

553 2103 662 2156 sint
684 2118 804 2172 quae
830 2102 972 2156 inter
996 2110 1221 2156 caeteras
1249 2099 1627 2156 ecclesiasticae
1650 2102 2003 2158 institutionis
2028 2111 2139 2157 tra-

552 2193 784 2249 ditiones
810 2191 1054 2246 ﬁdelibus
1097 2189 1293 2244 tradita
1332 2200 1477 2256 sunt,
1521 2207 1750 2261 quorum
1772 2195 1874 2248 etsi
1916 2194 1971 2248 in
2015 2191 2136 2248 fidei

550 2275 888 2338 cenfessione
907 2283 1170 2352 professio
1193 2291 1416 2346 tacetur,
1439 2283 1572 2338 nihil
1596 2291 1773 2340 tamen
1797 2285 1917 2339 ideo
1937 2293 2136 2340 sanctae

556 2373 799 2444 religioni
823 2373 1112 2428 adimitur?
1147 2373 1254 2428 Aut
1285 2375 1340 2428 in
1365 2390 1471 2444 quo
1495 2374 1838 2444 prmjudicat,
1880 2377 1924 2432 si
1951 2393 2137 2432 earum

555 2463 796 2518 adoratio
820 2471 1078 2527 taceatur,
1106 2463 1226 2518 ﬁdei
1252 2465 1575 2534 integritati,
1603 2481 1722 2520 cum
1750 2482 1779 2520 a
1816 2468 2015 2522 sanctis
2036 2467 2138 2520 Pa-

553 2555 728 2608 tribus
757 2553 982 2608 inhibita
1011 2554 1188 2624 potius
1213 2571 1375 2624 quam
1408 2555 1650 2610 instituta
1691 2557 1963 2611 credatur.
2020 2556 2136 2611 Non

551 2643 696 2698 enim
735 2658 800 2698 eo
841 2645 1000 2699 modo
1047 2643 1359 2715 praeiudicat
1409 2645 1793 2714 pnetermissio
1843 2645 2134 2716 imaginum

552 2736 884 2791 adorationis
912 2752 1079 2792 sacra:
1110 2736 1232 2792 ﬁdei
1263 2737 1508 2808 puritati,
1550 2753 1670 2806 qua:
1714 2736 1998 2792 interdicta
2041 2751 2137 2807 po-

551 2826 659 2882 tius
699 2842 862 2895 quam
899 2826 1142 2881 instituta
1171 2834 1272 2892 est,
1318 2827 1457 2881 sicut
1497 2825 1848 2896 praejudicant
1889 2825 2136 2881 remissio

548 2926 916 2988 peccatorum,
948 2919 1129 2974 carnis
1165 2920 1493 2974 resurrectio
1518 2927 1573 2973 et
1607 2919 1716 2972 vita
1753 2917 1920 2973 futuri
1954 2917 2133 2975 sreculi

550 3007 594 3060 si
624 3007 676 3060 in
707 3007 1046 3062 confessione
1084 3007 1587 3076 praetermittantur,
1625 3023 1744 3076 qua:
1770 3008 1956 3077 utique
1989 3015 2045 3062 et
2078 3007 2130 3062 in

550 3095 788 3149 omnium
815 3095 1216 3165 Scripturarum
1247 3106 1553 3152 sanctarum
1582 3098 1721 3152 serie
1750 3099 2130 3167 pnedicantur,

550 3196 635 3250 et,
662 3195 720 3239 ut
745 3185 951 3256 praefati
980 3203 1185 3253 sumus,
1214 3189 1282 3242 ab
1313 3189 1568 3258 apostolis
1601 3189 1654 3242 in
1685 3191 1926 3260 symbolo
1956 3192 2137 3247 lauda-

550 3275 642 3330 bili
675 3277 938 3332 brevitate
964 3293 1220 3332 connexze
1251 3287 1519 3333 tenentur.

1155 3369 1382 3424 CAPUT
1425 3370 1530 3424 ΥΠ.

551 3453 728 3530 De_eo
777 3457 915 3526 quod
967 3455 1286 3530 Theodosius
1328 3459 1513 3530 :lmori
1567 3461 1833 3530 episcopus
1880 3461 2133 3516 desidiose

619 3525 773 3596 fidem
789 3525 993 3580 sanctte
1032 3537 1080 3580 et
1122 3529 1289 3582 unica:
1324 3525 1603 3582 Trinitatis
1626 3525 1878 3596 tacuerit,
1907 3531 1972 3584 de
2001 3533 2133 3586 ima-

619 3595 822 3664 ginibus
854 3613 970 3650 vero
997 3598 1204 3651 incaute
1230 3608 1277 3651 et
1303 3600 1721 3653 extraordinarie
1740 3600 1930 3654 dixerit
1957 3619 1968 3654 :
1993 3601 2132 3655 Con-

617 3663 774 3736 fiteor
798 3672 851 3719 et
871 3667 1146 3734 promitto,
1179 3677 1232 3722 et
1259 3667 1513 3736 suscipio,
1543 3677 1598 3722 et
1626 3670 1861 3732 osculor,
1887 3679 1939 3725 et
1966 3672 2130 3726 adoro

618 3734 905 3804 imagines;
943 3747 990 3788 et
1027 3746 1140 3806 post
1177 3754 1345 3806 pauca
1370 3734 1522 3804 {Qui
1563 3755 1668 3793 non
1709 3739 1981 3795 instruunt
2010 3741 2132 3794 dili-

618 3813 806 3871 genter
832 3805 1045 3878 omnem
1075 3805 1288 3860 Christo
1324 3807 1576 3862 dilectum
1612 3809 1865 3878 populum
1901 3811 2129 3866 adorare

615 3881 672 3925 et
691 3874 934 3929 venerari
959 3889 1140 3950 sacras
1161 3885 1216 3930 et
1238 3878 1578 3950 hornprandas
1605 3874 1865 3950 imagines
1887 3881 2126 3934 omnium

614 3951 922 3998 sanctorum
944 3945 1034 4014 qui
1061 3960 1092 3998 a
1114 3947 1308 4001 saeculo
1331 3947 1438 4001 Deo
1460 3945 1797 4016 placuerunt,
1817 3951 2121 4004 anathema.

619 4033 871 4088 Basilium
903 4034 1151 4090 Anchirze
1174 4037 1483 4108 episcopum
1511 4039 1565 4092 in
1591 4039 1868 4107 superiore
1893 4039 2125 4108 capitulo

543 4125 875 4192 arguendum
901 4136 1047 4183 recte
1068 4132 1420 4197 ostendimus,
1446 4148 1511 4188 eo
1529 4134 1672 4202 quod
1697 4149 1808 4188 sua:
1837 4133 1957 4188 ﬁdei
1976 4133 2122 4202 jacto

544 4213 850 4272 fundamine
889 4219 945 4272 in
983 4221 1210 4277 aadiﬁcio
1250 4231 1359 4277 tam
1398 4225 1709 4280 excellentis
1751 4227 1993 4296 mysterii
2035 4242 2122 4282 res

544 4304 697 4360 valde
732 4310 1068 4365 necessarias
1105 4312 1531 4380 supermdiﬁcare
1566 4314 1878 4384 neglexerit,
1915 4323 1969 4370 et
2003 4316 2119 4372 vice

542 4407 730 4447 earum
777 4409 864 4450 res
903 4397 972 4451 ab
1011 4401 1155 4453 omni
1206 4401 1418 4470 penitus
1463 4402 1733 4472 religionis
1773 4402 1978 4458 fabrica
2024 4406 2119 4460 ab-

541 4482 781 4536 nuendas
820 4487 1245 4554 superaediﬁeare
1281 4491 1429 4546 nisus
1463 4492 1532 4546 sit
1571 4509 1585 4545 :
1623 4491 1678 4545 in
1706 4493 1958 4561 praisenti
1993 4509 2120 4551 vero

540 4568 899 4626 Theodosium
932 4574 1116 4630 Amori
1146 4579 1453 4650 episcopum
1477 4583 1674 4638 rectius
1699 4587 2115 4654 competentius-

539 4674 646 4727 que
681 4664 1008 4729 arguendum
1043 4670 1398 4737 decernimus,
1423 4673 1537 4741 qui,
1577 4673 1722 4728 nullo
1760 4691 1870 4731 sua:
1905 4676 2027 4732 ﬁdei
2066 4679 2119 4732 in

539 4747 762 4818 praefata
793 4754 996 4821 synodo
1020 4757 1195 4824 posito
1224 4757 1589 4828 fundamento,
1633 4779 1720 4818 res
1757 4772 1962 4820 tantum
2002 4768 2117 4822 ina-

538 4855 636 4894 nes
683 4847 736 4894 et
779 4842 984 4898 ratione
1027 4847 1264 4904 seclusas
1309 4851 1537 4908 inaniter
1582 4861 1635 4908 et
1677 4855 2117 4913 irrationabiliter

531 4929 805 4986 aediﬁcare
849 4935 1030 5003 cmpit.
1062 4937 1118 4991 In
1164 4938 1305 4996 illius
1345 4943 1487 4998 enim
1525 4944 1750 5000 mdiﬁcio
1791 4948 1835 5002 si
1879 4947 1931 5003 id
1973 4950 2113 5018 quod

539 5019 772 5110 inaniter
815 5027 1048 5080 surrexit
1094 5029 1393 5099 dejiciatur,
1443 5036 1630 5091 saltem
1679 5038 1733 5094 id
1786 5041 1928 5110 quod
1978 5041 2114 5096 bene

537 5108 816 5166 fundatum
861 5123 942 5168 est
990 5122 1320 5189 remanebit;
1379 5125 1432 5179 in
1481 5127 1636 5184 istius
1678 5108 1818 5185 vero
1854 5132 1900 5186 si
1952 5147 2114 5187 omne

528 5201 676 5270 quod
709 5203 868 5258 inane
895 5215 950 5260 et
986 5207 1233 5264 frivolum
1262 5223 1346 5270 est
1373 5216 1704 5283 destituatur,
1739 5221 1814 5274 nil
1853 5223 1995 5291 quod
2029 5237 2113 5277 re-

532 5300 748 5345 maneat
772 5292 877 5346 erit
902 5312 914 5346 :
940 5295 984 5348 si
1009 5311 1137 5367 ergo
1161 5299 1235 5354 illi
1264 5311 1408 5358 recte
1429 5318 1774 5364 succensetur
1793 5313 1884 5380 qui
1910 5322 2110 5368 sancta:

528 5389 585 5434 et
625 5382 798 5437 unica:
827 5383 1107 5442 Trinitatis
1138 5389 1461 5448 confessioni
1504 5397 1794 5468 imaginum
1840 5403 2112 5457 adoratio-

530 5481 651 5561 ne‘m
683 5469 924 5536 inseruit,
967 5476 1135 5531 multo
1169 5481 1366 5535 rectius
1408 5483 1532 5539 huic
1567 5491 1973 5544 succensebitur
2015 5494 2106 5561 qui

528 5554 674 5648 illius
701 5563 894 5614 summi
929 5572 983 5617 et
1013 5566 1295 5622 ineﬁ‘abilis
1323 5573 1561 5640 mysterii
1591 5565 1926 5633 confessione
1953 5554 2106 5648 post—

531 5647 724 5715 posita,
753 5650 818 5704 de
844 5653 1052 5709 illarum
1079 5658 1392 5716 adoratioue
1422 5661 1608 5721 frivola
1637 5669 1817 5724 nescio
1841 5647 1969 5742 quin
1992 5679 2108 5726 tan-

2236 1841 2400 1895 prava
2447 1825 2787 1881 confessione
2839 1835 2893 1881 et
2940 1842 2970 1880 a
3017 1827 3307 1882 ridiculoso
3351 1843 3539 1883 errore
3588 1830 3794 1883 aliorum

2236 1926 2444 1970 mentes
2474 1931 2724 1971 coercere
2755 1916 3153 1986 prredicationis
3177 1917 3375 1984 studio,
3429 1919 3543 1988 ipse
3583 1919 3794 1988 primum

2237 2007 2342 2061 illis
2364 2009 2574 2062 errandi
2600 2009 2683 2062 via
2711 2006 2941 2062 eﬂicilur
2964 2025 3142 2078 prava:
3165 2010 3522 2066 confessionis
3547 2013 3790 2081 exemplo.

2237 2095 2388 2162 Quod
2414 2111 2540 2152 vero
2570 2098 2986 2152 anathematizat
3030 2113 3218 2153 omnes
3243 2100 3331 2168 qui
3383 2116 3493 2154 non
3539 2102 3792 2155 instruunt

2237 2201 2449 2240 omnem
2473 2186 2688 2241 Christo
2713 2187 2965 2242 dilectum
3003 2187 3261 2257 populum
3297 2189 3528 2243 adorare
3559 2198 3611 2243 et
3648 2205 3790 2243 venev

2238 2275 2347 2329 rari
2379 2275 2640 2346 imagines
2674 2277 2915 2332 omnium
2965 2287 3274 2331 sanctorum
3301 2279 3389 2347 qui
3423 2295 3455 2332 a
3482 2278 3670 2333 seculo
3695 2279 3791 2332 Deo

2234 2369 2579 2440 placuerunt,
2631 2385 2791 2438 quam
2831 2369 3063 2424 absurde
3101 2386 3370 2440 quamque
3412 2371 3625 2425 incaute
3649 2379 3782 2440 agat,

2235 2459 2472 2528 prudens
2517 2459 2689 2514 lector
2725 2461 2970 2514 advertat
2997 2500 3012 2525 ,
3057 2461 3359 2529 praesertim
3400 2462 3496 2530 qui
3531 2461 3785 2515 anathema

2237 2549 2379 2620 quod
2408 2549 2528 2604 aliis
2546 2551 2831 2604 temeraria
2855 2553 3272 2620 praesumptione
3293 2551 3494 2606 inferre
3519 2552 3782 2611 contendit,

2236 2640 2290 2694 in
2316 2655 2374 2696 se
2397 2655 2627 2710 suosque
2649 2641 3007 2696 irreverenter
3028 2641 3316 2711 intorquet,
3339 2650 3386 2695 et
3414 2641 3574 2695 telum
3601 2656 3698 2710 quo
3716 2638 3784 2693 sui

2235 2733 2438 2788 erroris
2463 2740 2770 2788 extraneam
2791 2734 2981 2788 nititur
3007 2733 3287 2804 perfodere
3309 2745 3546 2804 partem,
3578 2736 3628 2788 in
3654 2747 3782 2787 suam

2236 2824 2539 2893 civiumque
2589 2825 2821 2879 deflectit
2861 2839 3069 2879 necem.
3116 2825 3225 2879 Nec
3273 2826 3472 2879 liberat
3521 2824 3780 2894 imaginum

2236 2916 2476 2972 adoratio
2509 2917 2576 2971 ab
2603 2916 2956 2970 anathematis
2997 2916 3338 2986 colligatione
3371 2932 3520 2980 suos,
3557 2931 3667 2985 quin
3706 2929 3781 2967 ne-

2235 3020 2380 3067 ctere
2405 3011 2773 3065 tantummodo
2802 3011 3074 3065 nitebatur
3095 3019 3330 3064 exteros.
3375 3008 3779 3064 Anathematizat

2239 3103 2384 3157 enim
2409 3102 2499 3170 qui
2529 3117 2634 3155 non
2664 3101 2935 3154 instruunt
2960 3116 3174 3154 omnem
3203 3095 3421 3154 Christo
3442 3099 3679 3154 dilectum
3703 3111 3780 3165 p0-

2237 3193 2421 3260 pulum
2453 3191 2677 3246 adorare
2720 3191 3002 3260 imagines.
3055 3190 3458 3259 Nunquidnam,
3490 3198 3547 3243 ut
3587 3195 3780 3243 exteros

2236 3291 2464 3346 taceam,
2495 3283 2549 3336 in
2576 3282 2675 3337 sibi
2699 3283 2986 3337 commissa
3008 3282 3160 3350 plebe
3189 3297 3376 3336 omnes
3398 3282 3664 3335 instruunt
3686 3294 3778 3332 om-

2236 3387 2358 3426 nem
2396 3371 2613 3428 Christo
2653 3373 2910 3427 dilectum
2953 3374 3208 3442 populum
3249 3374 3513 3444 imagines
3552 3373 3776 3432 adorare,

2233 3462 2323 3532 qui
2348 3478 2445 3517 nec
2472 3462 2770 3517 instruendi
2793 3464 2989 3517 habent
3017 3463 3268 3525 ofﬁcium,
3291 3479 3391 3517 nec
3414 3460 3780 3532 praedicationis

2233 3553 2489 3621 gradum?
2519 3553 2758 3622 nunquid
2784 3561 2837 3607 et
2880 3553 2994 3622 ipse
3029 3569 3247 3607 omnem
3292 3553 3513 3607 Christo
3555 3552 3775 3606 dilectum

2230 3644 2482 3712 populum
2514 3644 2763 3697 instruit?
2800 3644 2933 3698 Cum
2961 3644 3208 3699 videlicet
3239 3659 3375 3713 pene
3407 3653 3551 3698 totus
3577 3641 3777 3696 mundus

2229 3734 2426 3788 Christi
2463 3735 2658 3804 populo
2689 3735 2881 3804 plenus
2909 3737 3019 3790 sit:
3063 3738 3316 3805 quoniam
3363 3737 3525 3792 desiit
3566 3745 3774 3789 tantum-

2229 3825 2388 3880 modo
2417 3825 2468 3879 in
2496 3823 2678 3880 Judma
2709 3834 2868 3881 notus
2897 3842 3016 3882 esse
3043 3827 3203 3891 Deus,
3232 3827 3325 3882 sed
3368 3828 3424 3881 in
3453 3843 3654 3882 omnem
3687 3835 3775 3879 ter-

2228 3931 2344 3968 ram
2371 3916 2537 3970 exivit
2559 3931 2722 3972 sonus
2749 3918 3150 3988 apostolorum,
3191 3930 3245 3974 et
3276 3919 3483 3988 repleta
3512 3928 3593 3973 est
3626 3915 3774 3970 omnis

2227 4012 2369 4058 terra
2403 4005 2573 4076 gloria
2601 4007 2831 4070 Domini,
2855 4015 2910 4062 et
2933 4024 3120 4063 omnes
3142 4017 3327 4079 gentes
3368 4010 3590 4065 veniunt
3615 4016 3663 4061 et
3701 4004 3772 4058 ad-

2224 4107 2383 4149 orant
2410 4099 2461 4150 in
2487 4105 2770 4165 conspectu
2789 4098 3021 4162 Domini,
3033 4097 3188 4166 juxta
3200 4099 3476 4154 Malachize
3493 4096 3772 4152 vaticinium

2224 4185 2278 4238 in
2300 4187 2462 4240 verbo
2477 4186 2686 4240 Domini
2713 4187 2961 4253 dicentis,
2987 4189 3063 4242 Ab
3087 4200 3206 4243 ortu
3226 4189 3352 4243 solis
3381 4206 3542 4260 usque
3563 4187 3628 4241 ad
3647 4200 3772 4239 occa-

2223 4291 2338 4328 sum
2364 4291 2610 4345 magnum
2641 4285 2714 4329 est
2744 4293 2928 4331 nomen
2954 4293 3124 4330 meum
3145 4279 3200 4331 in
3227 4279 3486 4348 gentibus,
3514 4287 3558 4330 et
3583 4278 3632 4328 in
3653 4271 3771 4327 omni

2151 4397 2200 4458 υ
2223 4361 2336 4415 loco
2355 4363 2684 4432 sacriﬁcatur
2696 4375 2742 4418 et
2759 4366 2976 4434 oﬂertur
2989 4367 3116 4419 mihi
3141 4366 3310 4419 hostia
3325 4367 3524 4419 munda
3540 4360 3765 4436 (Malach.

2225 4451 2310 4522 ιι),
2339 4458 2393 4506 et
2412 4460 2595 4521 pastor
2612 4454 2889 4520 Ecclesize,
2917 4456 3003 4509 cui
3026 4457 3079 4508 in
3106 4455 3275 4525 ﬁgura
3298 4456 3434 4510 disci
3467 4456 3767 4510 diversorum

2223 4542 2576 4596 animantium
2604 4544 2890 4614 generibus
2909 4545 3051 4614 pleni
3079 4554 3222 4600 totus
3243 4546 3392 4600 orbis
3421 4544 3641 4600 diversis
3661 4555 3766 4610 gen-

2223 4631 2367 4685 tibus
2404 4631 2593 4700 plenus
2629 4633 2697 4687 ad
2743 4633 2837 4688 Dei
2875 4634 3102 4704 gratiam
3143 4635 3415 4689 vocandus
3463 4632 3764 4689 ostenditur,

2220 4719 2349 4773 dicit
2373 4719 2469 4774 :In
2488 4723 2697 4775 veritate
2722 4724 2946 4793 comperi
2966 4739 3212 4792 quoniam
3235 4740 3338 4778 non
3361 4734 3437 4778 est
3454 4733 3764 4794 personarum

2219 4819 2457 4879 acceptor
2477 4809 2638 4875 Deus,
2667 4812 2755 4865 sed
2781 4812 2835 4864 in
2862 4813 3002 4865 omni
3017 4822 3164 4881 gente
3182 4815 3272 4882 qui
3298 4813 3440 4866 timet
3465 4827 3579 4864 eum
3599 4817 3641 4861 et
3663 4820 3764 4874 ope-

2221 4910 2368 4952 ratur
2392 4901 2678 4970 justitiam,
2707 4912 2944 4972 acceptus
2979 4911 3054 4955 est
3079 4901 3156 4955 illi
3183 4901 3320 4974 (Act.
3351 4903 3426 4972 ι).
3469 4901 3596 4955 Nam
3620 4898 3660 4951 si
3692 4910 3763 4948 se-

2217 4991 2448 5045 cundum
2475 4992 2590 5060 ejus
2611 4993 3018 5049 deliramentum
3045 4995 3350 5066 quicunque
3376 5012 3482 5050 non
3513 4995 3758 5048 instruunt

2217 5097 2430 5137 onmem
2453 5083 2666 5138 Christo
2695 5083 2946 5139 dilectum
2971 5087 3247 5155 populum,
3278 5089 3612 5142 anathemate
3631 5077 3756 5151 digni

2215 5182 2360 5239 sunt,
2389 5189 2563 5244 neque
2599 5176 2712 5244 ipse
2747 5176 2910 5243 idem,
2950 5192 3122 5246 neque
3151 5180 3452 5248 coepiscopi
3491 5177 3579 5247 qui
3613 5175 3661 5228 in
3682 5185 3755 5224 ea-

2213 5275 2334 5328 dem
2363 5275 2567 5344 synodo
2601 5273 2766 5329 fuisse
2794 5277 3165 5345 perhibentur,
3206 5291 3382 5349 neque
3414 5277 3517 5332 illis
3553 5272 3752 5329 subdita:

2211 5371 2396 5440 plebes
2423 5374 2782 5428 anathematis
2803 5375 3016 5430 vinculo
3038 5393 3227 5432 carere
3249 5379 3490 5446 quibunt,
3523 5375 3639 5444 quia
3664 5367 3747 5423 etsi

2213 5474 2486 5527 instruunt
2524 5473 2749 5527 duarum
2796 5484 2889 5528 aut
2925 5475 3086 5530 trium
3134 5477 3220 5530 vel
3260 5487 3405 5531 certe
3432 5474 3745 5544 plurimarum

2210 5571 2608 5639 provinciarum
2639 5582 2840 5640 gentes.
2882 5589 2986 5627 non
3026 5581 3206 5629 tamen
3233 5588 3442 5628 omnem
3465 5571 3663 5627 Christo
3682 5563 3743 5615 di-

2211 5673 2406 5728 lectum
2442 5669 2692 5742 populum
2745 5671 3044 5740 instruunt,
3099 5689 3222 5727 cum
3259 5689 3355 5745 per
3397 5683 3502 5728 tam
3537 5668 3741 5737 prolixus
