4030 6196
361 270 493 326 ιῖὶθ

1130 270 1306 326 LIBRI
1343 272 1680 331 CAROIJNI.
1724 302 1791 315 -ι-
1832 275 2048 330 CAPIT.
2090 276 2178 330 DE
2215 275 2400 331 IMAG.
2444 306 2510 315 -—
2546 276 2673 330 LIB.
2711 274 2793 332 III.

3455 276 3589 332 H50

355 397 573 455 tamque
597 392 774 439 vastas
810 383 986 438 mundi
1020 392 1200 453 partes
1229 385 1300 440 sit
1335 388 1598 443 catholica
1643 389 1881 445 Ecclesia
1901 429 1914 456 ,
1948 398 1995 453 Α
2024 397 2125 453 tur,
2167 391 2406 446 omnium
2433 400 2607 446 tamen
2633 404 2939 447 sermonum
2963 389 3077 445 sive
3101 388 3395 445 dictionum
3423 395 3591 449 series

352 493 473 548 qua:
510 475 693 546 utique
722 474 923 530 Christi
955 474 1181 531 dilectus
1204 477 1432 546 populus
1476 486 1579 543 est,
1616 478 1827 546 diﬁ‘usa,
1865 490 1920 535 et

355 576 465 621 tam
490 581 588 636 per
626 566 929 620 inaccessas
952 574 1007 619 et
1041 565 1254 637 ignotas
1290 570 1537 623 nationes
1568 569 1655 634 sit,
1694 569 1920 625 Domino

353 657 639 726 largiente,
659 656 898 710 dilatata.
915 654 1020 711 Aut
1035 672 1166 727 ergo
1178 673 1392 714 omnem
1405 659 1606 715 Christi
1627 660 1921 715 Ecclesium

353 753 422 808 ab
452 751 660 807 oriente
696 765 868 819 usque
898 751 966 805 ad
982 752 1338 819 occidentem,
1375 768 1406 807 a
1447 755 1809 824 septentrione
1832 771 1923 810 us-

354 860 458 916 que
493 844 559 898 ad
596 841 903 906 meridiem,
930 857 990 897 se
1032 857 1263 913 suosque
1292 844 1581 915 imaginum
1612 844 1925 899 adoratione

354 939 623 993 instruere
669 933 1013 1003 perdocebit,
1051 942 1142 988 aut
1185 934 1478 989 secundum
1517 950 1629 990 sure
1672 934 1925 988 vanitatis

353 1025 676 1084 sententiam
698 1038 821 1078 cum
858 1022 1019 1078 sociis
1044 1023 1155 1077 sive
1183 1023 1410 1078 subditis
1442 1016 1769 1077 anathemati
1802 1021 1927 1077 sub-

353 1116 553 1187 iacebit
569 1133 581 1167 :
600 1113 854 1184 quoniam
880 1113 980 1167 etsi
1007 1127 1219 1167 omnem
1241 1112 1495 1182 populum
1518 1114 1785 1168 instruere
1805 1128 1927 1184 pos-

355 1213 505 1271 sent,
539 1219 648 1259 non
686 1201 849 1273 igitur
892 1202 1132 1256 omnium
1179 1211 1486 1257 sanctorum
1525 1203 1615 1272 qui
1659 1217 1689 1255 a
1731 1203 1926 1258 szeculo

356 1295 469 1349 Deo
511 1293 829 1363 placuerunt
880 1290 1140 1360 imagines
1190 1291 1243 1346 in
1286 1306 1509 1360 quarum
1558 1291 1925 1347 adorationem

356 1382 763 1438 universitatem
806 1379 986 1449 populi
1038 1380 1394 1445 instruerent,
1424 1381 1623 1435 habere
1657 1391 1922 1450 poterant,

357 1489 586 1545 quorum
608 1471 892 1527 multitudo
915 1478 1064 1525 tanta
1086 1478 1189 1535 est,
1212 1477 1270 1524 ut
1293 1471 1356 1525 de
1378 1469 1462 1525 his
1487 1485 1586 1538 per
1605 1469 1926 1540 Prophetam

357 1579 425 1619 ex
451 1578 677 1634 persona
702 1561 825 1615 Filii
864 1559 931 1615 ad
957 1560 1172 1614 Patrem
1195 1560 1442 1615 dicatur:
1476 1559 1649 1614 Nimis
1687 1561 1928 1615 honorati

357 1665 477 1711 sunt
498 1655 653 1708 amici
665 1654 760 1719 tui,
788 1650 945 1716 Deus,
978 1652 1131 1706 nimis
1150 1651 1474 1720 confortatus
1503 1661 1577 1706 est
1603 1653 1928 1723 principatus

2027 478 2413 552 quadripertita
2440 482 2645 536 ratione
2667 480 2942 535 dividitur.
2980 478 3169 535 Omnis
3196 489 3375 535 autem
3415 494 3593 538 sermo

2027 580 2121 625 aut
2163 572 2377 639 sapiens
2400 580 2482 626 est
2512 579 2566 625 et
2591 570 2839 634 disertus,
2868 570 3195 638 autsapiens
3215 577 3269 624 et
3294 586 3401 626 non
3432 571 3586 628 diser

2029 667 2134 724 tus,
2162 668 2256 714 aut
2280 661 2515 714 disertus
2545 670 2599 715 et
2627 676 2734 714 non
2757 660 2990 728 sapiens,
3018 668 3110 713 aut
3132 675 3233 714 nec
3258 659 3470 729 sapiens
3495 676 3593 716 nec

2029 749 2280 804 disertus.
2315 750 2544 819 Sapiens
2591 766 2721 820 ergo
2748 759 2829 805 est
2858 758 2913 805 et
2931 750 3182 815 disertus,
3218 752 3356 807 sicut
3376 751 3592 822 plurimi

2030 840 2331 895 divinarum
2358 840 2758 910 Scripturarum
2783 841 2926 907 libri,
2953 851 3086 897 etut
3113 852 3337 899 cmtcros
3364 853 3592 911 taceam,

2028 940 2089 984 ut
2108 938 2193 985 est
2215 930 2351 985 liber
2378 930 2527 987 Isaia:
2560 932 2853 1002 prophetae,
2877 931 3031 1001 cujus
3063 948 3240 988 sermo
3291 942 3344 988 et
3377 936 3593 1004 sapiens

2028 1029 2129 1087 est,
2156 1030 2341 1092 utpote
2367 1039 2525 1094 quem
2550 1023 2782 1093 Spiritus
2827 1033 3046 1079 sanctus
3086 1026 3399 1091 dictaverit,
3438 1035 3494 1082 et
3518 1028 3597 1085 di-

2028 1120 2226 1175 sertus,
2250 1113 2376 1181 quia
2419 1113 2487 1167 ab
2512 1112 2706 1167 illustri
2744 1122 2798 1166 et
2824 1115 3028 1168 urbano
3064 1116 3182 1170 viro
3217 1116 3455 1185 prolatus
3491 1128 3595 1173 est.

2031 1199 2258 1270 Sapiens
2279 1210 2459 1256 autem
2503 1211 2558 1257 et
2606 1218 2711 1256 non
2755 1204 3005 1267 disertus,
3055 1215 3109 1257 ut
3143 1205 3356 1275 quidam
3385 1207 3438 1261 in
3469 1208 3599 1277 ipsis

2029 1288 2194 1341 etiam
2231 1289 2426 1345 divinis
2456 1289 2752 1359 Scripturis
2783 1292 3067 1347 habentur.
3089 1294 3315 1364 Sapiens
3349 1298 3599 1352 videlicet

2031 1376 2086 1430 in
2114 1379 2499 1433 sententiarum
2530 1380 2936 1437 celsitudinibus
2957 1383 3367 1442 divinillaminis
3382 1396 3600 1443 nectare

2029 1466 2403 1536 promulgatis,
2433 1468 2726 1523 indisertus
2754 1484 2878 1524 vero
2899 1479 2994 1525 aut
3025 1473 3365 1543 simplicitate
3389 1487 3598 1532 saneto-

2032 1570 2152 1609 rum
2175 1557 2433 1624 virorum,
2472 1574 2503 1612 a
2548 1559 2744 1627 quibus
2768 1561 3008 1629 prolatus
3059 1574 3160 1629 est,
3197 1567 3289 1635 qui
3346 1583 3599 1624 sensuum

2031 1646 2209 1714 potius
2241 1663 2404 1716 quam
2432 1649 2721 1705 verborum
2761 1655 3133 1711 venustazibus
3168 1658 3249 1711 uti
3277 1659 3596 1728 maluerunt,

360 1760 540 1800 eorum
576 1760 595 1798 :
615 1742 954 1797 dinumeratio
983 1758 1090 1806 eos,
1122 1750 1170 1794 et
1195 1757 1352 1812 super
1374 1757 1588 1795 arenam
1616 1740 1931 1813 multiplica—
1961 1753 2007 1813 Β
2035 1738 2128 1784 aut
2149 1732 2519 1801 indigenarum
2551 1733 2800 1803 loquendi
2822 1752 2941 1803 usu,
2970 1739 3110 1795 inter
3133 1757 3269 1811 quos
3305 1745 3474 1799 sancti
3501 1748 3602 1802 viri

362 1832 556 1887 buntur
596 1828 766 1902 (Psal.
823 1839 1065 1893 cxxxtx).
1116 1828 1268 1895 Quod
1324 1829 1424 1884 etsi
1470 1829 1810 1900 hyperbolice
1853 1830 1933 1885 di-

361 1931 508 1978 ctum
556 1920 647 1984 sit,
683 1906 828 1974 tanta
844 1909 1033 1974 eorum
1061 1919 1152 1988 qui
1180 1919 1247 1973 ab
1293 1918 1444 1973 initio
1473 1919 1583 1973 Deo
1617 1919 1933 1988 placuerunt

362 2017 488 2065 sunt
518 2009 752 2080 agmina,
782 2015 840 2062 ut
871 2024 973 2063 nec
994 2007 1140 2078 pingi
1164 2022 1262 2063 nec
1287 2008 1611 2063 dinumerari
1631 2009 1839 2078 possint
1866 2010 1934 2065 ab

361 2097 488 2164 alio,
517 2097 622 2152 nisi
643 2098 709 2151 ah
742 2112 806 2152 co
829 2096 881 2150 in
903 2093 1055 2163 cujus
1077 2095 1215 2150 libro
1236 2111 1420 2150 eorum
1450 2097 1646 2166 scripta
1670 2098 1936 2171 habentur

362 2189 600 2243 nomina.
630 2186 763 2242 Nam
788 2187 885 2241 sia
912 2200 970 2241 se
994 2186 1187 2256 prolati
1214 2185 1353 2240 idem
1388 2187 1670 2257 episcopus
1706 2188 1933 2242 anathe-

363 2278 525 2331 matis
551 2276 816 2345 jacturam
846 2275 1016 2330 vitare
1055 2275 1220 2345 cupit,
1251 2291 1470 2331 necesse
1495 2286 1578 2331 est
1608 2285 1665 2331 ut
1693 2278 1935 2341 omnium

363 2375 674 2422 sanctorum
700 2366 791 2436 qui
814 2381 912 2436 per
939 2365 1179 2420 diversas
1217 2364 1402 2421 mundi
1450 2375 1633 2435 partes
1671 2368 1738 2423 ab
1783 2368 1937 2422 initio

364 2459 476 2513 Deo
516 2458 849 2528 placuerunt,
885 2457 1142 2528 imagines
1189 2464 1244 2512 et
1290 2457 1487 2512 habeat
1530 2466 1585 2512 et
1630 2459 1845 2524 adoret;
1883 2467 1937 2513 et

365 2548 410 2604 si
451 2562 544 2602 eas
582 2562 693 2617 prae
724 2546 1062 2602 multitudine
1092 2546 1173 2602 sui
1216 2547 1416 2603 habere
1462 2547 1782 2618 nequiverit,
1831 2549 1937 2603 imo

365 2638 493 2706 quia
551 2637 811 2704 nequibit,
858 2650 888 2690 a
915 2651 974 2691 se
1016 2650 1145 2707 ergo
1180 2636 1391 2706 prolato
1435 2639 1761 2693 anathemati
1801 2638 1935 2694 colla

368 2728 665 2782 submittat.

958 2796 1184 2854 CAPUT
1222 2796 1354 2854 VIII.

369 2888 526 2954 Quod
557 2905 686 2958 pene
713 2888 785 2959 de
805 2888 1037 2959 omnium
1055 2888 1160 2958 ﬁde
1199 2889 1498 2958 ambigitur,
1540 2905 1658 2959 cum
1682 2888 1938 2959 Spiritum

437 2957 676 3029 sanetum
701 2957 913 3028 quidam
943 2974 974 3010 a
1006 2957 1166 3029 Plura
1192 2957 1415 3029 tantum,
1465 2957 1678 3029 quidam
1706 2957 1823 3013 uero
1852 2976 1941 3013 ne-

436 3044 534 3098 que
553 3045 584 3080 a
607 3026 766 3080 Patre
792 3043 952 3097 neque
971 3045 1004 3081 a
1026 3026 1167 3080 Filio
1192 3026 1547 3097 procedentem
1568 3029 1789 3099 confessi
1814 3030 1936 3084 sint.

2034 1820 2200 1875 divini
2237 1822 2384 1878 verbi
2430 1822 2629 1879 latores
2660 1826 2770 1879 nati
2819 1835 2909 1881 aut
2952 1831 3253 1887 conversati
3298 1830 3465 1890 fuisse
3509 1852 3605 1892 no-

2032 1918 2276 1976 scuntur,
2300 1912 2440 1966 sicut
2483 1913 2550 1967 de
2587 1914 2747 1970 beato
2777 1914 3013 1972 Ieremia
3051 1917 3410 1992 Hieronymus
3453 1926 3603 1991 dicit,

2031 2002 2173 2071 quo-J
2199 2001 2514 2072 simplicitas
2540 2008 2806 2062 sermonis
2833 2008 2900 2063 de
2922 2008 3039 2065 loco
3063 2012 3112 2066 ei
3146 2011 3382 2070 Anatotb
3422 2018 3477 2071 in
3497 2034 3605 2088 quo

2033 2102 2191 2146 natus
2217 2100 2299 2147 est
2332 2096 2639 2150 accesserit.
2682 2095 2925 2173 Disertus
2970 2116 3096 2172 ergo
3135 2110 3189 2157 et
3224 2120 3330 2161 non
3371 2109 3604 2178 sapiens,

2033 2180 2172 2235 sicut
2196 2182 2474 2252 gentilium
2514 2185 2835 2255 scriptorum
2860 2197 2961 2253 est,
2991 2192 3082 2259 qui
3113 2194 3215 2249 etsi
3236 2206 3495 2253 venustus
3521 2209 3606 2255 est

2032 2268 2388 2327 humanarum
2409 2274 2605 2329 artium
2629 2276 2947 2348 eruditione,
2986 2280 3243 2354 insipiens
3276 2294 3453 2346 tamen
3486 2298 3602 2360 est,

2033 2359 2159 2426 quia
2188 2368 2243 2414 et
2262 2361 2378 2416 veri
2418 2362 2512 2417 Dei
2547 2366 2736 2421 notitia
2759 2376 2815 2423 et
2840 2368 3115 2428 salutifera
3155 2385 3303 2431 caret
3352 2359 3607 2438 exbortaé

2034 2448 2200 2504 tione.
2228 2450 2322 2506 Est
2344 2460 2398 2507 et
2420 2458 2773 2525 quorumdam
2801 2460 3177 2520 haereticorum
3217 2483 3397 2525 sermo
3438 2471 3608 2528 diser-

2035 2546 2140 2604 tus,
2169 2556 2268 2597 ncc
2294 2551 2472 2599 tamen
2500 2548 2732 2617 sapiens,
2761 2552 2852 2620 qui
2900 2554 3004 2608 etsi
3047 2556 3406 2616 humanorum
3455 2562 3607 2635 iuge-

2035 2632 2248 2687 niorum
2283 2633 2547 2690 industria
2577 2646 2661 2692 est
2684 2641 2970 2710 expolitus,
2994 2645 3270 2714 sapientiae
3295 2632 3537 2708 veritate
3556 2665 3610 2711 et

2039 2723 2297 2777 virtutum
2320 2724 2657 2783 documentis
2679 2738 2763 2784 est
2787 2733 3006 2788 omnino
3028 2737 3279 2793 nudatus.
3305 2741 3381 2797 De
3395 2743 3610 2802 disertis

2034 2827 2163 2868 vero
2191 2829 2292 2869 nec
2324 2822 2505 2870 tamen
2555 2819 2888 2888 sapientibus
2924 2838 3022 2893 per
3064 2826 3258 2884 Isaiam
3292 2834 3607 2902 prophetam

2038 2903 2234 2998 dicitur
2258 2919 2292 2998 εΔ
2316 2903 2576 2977 Populum
2600 2911 2736 2963 enim
2760 2912 3135 2983 imprudentem
3163 2935 3267 2975 non
3285 2923 3500 2992 uidebis,
3520 2944 3611 2998 po-

2037 2993 2217 3063 pulum
2238 2994 2333 3050 alti
2358 3000 2631 3063 sermonis,
2655 3001 2727 3055 ita
2752 3012 2807 3056 ut
2833 3020 2935 3058 non
2960 3009 3126 3076 possis
3142 3010 3428 3083 intelligere
3452 2993 3613 3072 diser-

441 3083 521 3171 ἐκ
557 3116 717 3171 patre
745 3123 795 3169 ει
846 3083 984 3170 ﬁmo
1026 3083 1285 3184 Spirit'um
1332 3125 1577 3173 sanctum
1605 3083 1898 3187 pr'ocedére
1921 3158 1935 3183 ’
1960 3096 2010 3159 ο
2039 3083 2533 3187 titudinen‘t'lingum
2576 3090 2691 3158 ejus
2717 3094 2772 3145 in
2800 3094 3073 3187 qua‘nulla
3101 3106 3176 3152 est
3191 3101 3371 3171 sapicn
3395 3104 3447 3157 ia
3475 3104 3611 3174 (lca.

367 3213 630 3278 quantum
656 3205 845 3259 attinet
880 3205 947 3260 ad
968 3205 1281 3260 brevitatem
1308 3204 1466 3274 hujus
1490 3206 1616 3279 styli
1646 3207 1732 3262 cui
1759 3206 1940 3263 stude-

370 3312 513 3360 mus,
544 3295 770 3349 Domiuo
795 3304 1081 3359 annuente,
1117 3294 1171 3348 in
1196 3296 1561 3363 superioribus
1581 3304 1939 3352 monstratum

369 3395 475 3443 cst.
504 3386 637 3441 Nam
680 3402 803 3441 cum
845 3401 981 3456 pene
1010 3400 1199 3441 omnes
1242 3388 1296 3442 in
1333 3388 1552 3458 pncl‘ata
1599 3392 1803 3459 synojo
1839 3392 1943 3445 hoc

370 3484 467 3531 aut
489 3477 703 3546 penitus
728 3481 1015 3541 tacuerint,
1052 3484 1144 3532 aut
1185 3477 1434 3548 ambigue
1480 3480 1819 3547 protulerint,
1845 3495 1943 3536 nos

370 3568 531 3638 quasi
575 3567 820 3622 homines
859 3568 1093 3622 humana
1128 3567 1496 3623 imbecillitate
1536 3569 1939 3638 cogitationum,

368 3668 426 3713 et
458 3673 644 3712 eorum
682 3672 800 3726 qua:
826 3671 925 3718 nec
951 3657 1200 3712 audimus
1227 3670 1329 3711 nec
1357 3657 1582 3728 legimus
1606 3658 1797 3727 ignari,
1843 3671 1943 3712 nec

369 3763 559 3804 eorum
575 3746 699 3802 fidei
728 3746 1092 3802 testimonium
1113 3747 1461 3818 perhibemus
1485 3750 1574 3817 qui
1599 3749 1702 3803 hoc
1728 3748 1942 3804 silentio

367 3836 769 3908 prmterierunt,
803 3850 903 3893 nec
941 3850 1126 3889 eorum
1152 3837 1245 3905 qui
1286 3837 1533 3906 ambigue
1573 3837 1941 3906 protulerunt,

366 3910 473 3982 nec
514 3926 634 3980 ideo
682 3939 866 3981 corum
912 3926 1283 3981 credulitatem
1323 3926 1637 3990 abnuimus,
1679 3928 1803 3996 quia
1841 3928 1945 3984 hoc

369 4024 659 4071 tacuerunt
693 4016 776 4070 vel
815 4016 1063 4085 ambigue
1085 4017 1442 4086 protulerunt.
1489 4018 1747 4084 Quoniam
1775 4018 1944 4087 quali-

370 4114 456 4160 ter
484 4113 699 4160 teneant
730 4105 1018 4170 nescimus,
1050 4107 1144 4161 sed
1168 4107 1307 4161 hanc
1342 4122 1454 4162 rem
1490 4116 1546 4161 et
1591 4108 1942 4165 indiscussam

369 4199 671 4268 praeterire,
720 4213 788 4253 ne
817 4199 894 4252 eis
930 4197 1153 4254 tacendo
1191 4214 1468 4255 assensum
1504 4201 1747 4269 praebere
1774 4203 1944 4257 vilca-

372 4304 515 4353 mur,
540 4296 595 4342 et
623 4289 747 4357 quia
783 4304 887 4342 non
934 4296 1178 4359 patenter
1205 4289 1379 4344 elucet
1407 4291 1535 4360 quid
1560 4293 1705 4356 velit,
1746 4294 1943 4363 impro-

370 4380 502 4434 bare
541 4380 812 4443 timentes,
856 4379 999 4435 illius
1030 4379 1262 4434 examini
1303 4394 1639 4437 reservamus
1663 4398 1822 4451 quem
1851 4399 1943 4440 oc—

2043 3177 2256 3243 xum).
2283 3175 2391 3229 Nec
2412 3177 2784 3251 discrtusergo
2806 3198 2905 3238 nec
2926 3186 3139 3254 sapiens
3158 3198 3259 3254 est,
3288 3191 3427 3247 sicut
3450 3195 3614 3263 pluri-

2042 3278 2252 3319 morum
2300 3266 2391 3335 qui
2436 3275 2636 3324 temere
2671 3270 2738 3325 ad
2774 3273 3025 3340 qua-libet
3072 3276 3309 3333 docenda
3356 3285 3616 3340 accedunt

2040 3361 2327 3424 antequam
2348 3357 2834 3415 sacratissimorum
2850 3378 3103 3418 sensuum
3127 3367 3351 3437 dapibus
3375 3371 3617 3429 reﬁcian-

2040 3451 2130 3496 tur
2154 3453 2209 3497 et
2236 3445 2553 3515 eloquentia:
2580 3451 2915 3506 ornamentis
2952 3452 3290 3522 imbuuntur,
3314 3460 3398 3514 vel
3448 3463 3614 3519 etiam

2041 3544 2100 3590 ut
2132 3537 2288 3591 istius
2312 3539 2500 3607 synoJi
2548 3540 2811 3609 scriptura
2845 3550 2946 3607 est,
2992 3540 3145 3612 cujus
3183 3562 3396 3606 errores
3438 3551 3616 3610 discu-

2041 3634 2155 3680 tere
2183 3625 2426 3690 nitimur,
2459 3627 2513 3681 in
2543 3627 2696 3697 cujus
2717 3634 3000 3687 sententiis
3040 3652 3141 3691 nec
3178 3653 3430 3694 sensuum
3464 3644 3617 3712 repe-

2041 3717 2180 3771 ritur
2212 3726 2465 3782 ornatus,
2524 3733 2626 3774 nec
2667 3736 2732 3774 ex
2779 3723 3099 3792 eloquentia:
3140 3725 3357 3784 ﬂumine
3400 3734 3615 3801 quidam

2041 3804 2322 3860 deducitur
2349 3806 2570 3864 rivulus.
2600 3808 2809 3865 Etcum
2840 3813 3017 3868 omnis
3039 3817 3303 3886 scriptura
3338 3831 3431 3875 aut
3469 3824 3614 3878 culta

2041 3894 2112 3950 sit
2135 3903 2189 3949 et
2213 3904 2415 3963 aperta,
2448 3904 2542 3951 aut
2574 3897 2717 3953 culta
2744 3909 2797 3955 et
2825 3916 2931 3955 non
2969 3911 3177 3971 aperta,
3208 3914 3302 3961 aut
3323 3909 3526 3967 inculta
3562 3925 3617 3970 ct

2041 3994 2246 4057 aperta,
2276 3995 2370 4042 aut
2402 4002 2502 4044 nec
2541 3991 2685 4045 culta
2737 4009 2836 4048 nec
2872 4003 3081 4064 aperta,
3133 4005 3188 4052 et
3244 4000 3360 4057 hmc
3410 4004 3618 4062 duabus

2039 4077 2231 4144 primis
2290 4079 2411 4133 istis
2448 4081 2732 4148 speciebus
2779 4092 2862 4138 est
2912 4085 3118 4153 aliena,
3167 4097 3222 4143 et
3274 4091 3483 4150 duabus
3531 4114 3617 4152 se-

2040 4169 2331 4237 quentibus
2354 4172 2856 4239 omnino'conserta,
2872 4177 2997 4244 quia
3022 4193 3122 4233 nec
3136 4194 3444 4238 sermonum
3468 4186 3616 4243 cultu

2043 4267 2135 4313 aut
2163 4260 2480 4330 eloquentiae
2500 4263 2765 4318 cothurno
2784 4265 3064 4333 attollitur,
3098 4284 3195 4323 nec
3216 4273 3451 4339 puritate
3468 4292 3619 4345 aper-

2045 4362 2112 4409 ta:
2135 4354 2421 4412 locutionis
2441 4356 2661 4423 texitur,
2692 4358 2835 4428 quod
2865 4359 2916 4412 in
2940 4359 3108 4415 altero
3132 4363 3200 4416 ob
3222 4363 3300 4418 sui
3326 4366 3615 4433 puritatem

543 4482 651 4522 non
678 4432 885 4522 fallunt.
927 4467 1139 4524 Scimus
1174 4470 1403 4539 denique
1450 4486 1544 4529 eos
1584 4432 1726 4528 haml
1758 4476 1945 4543 procul
1977 4432 2026 4493 Β
2049 4444 2115 4499 ad
2158 4444 2555 4543 ἰηιθηίῧξῖηίίυω
2586 4456 2924 4543 ,βτθφθνθθβ
2953 4450 3081 4543 ,δίκε
3119 4452 3260 4507 cum
3297 4463 3380 4510 εει
3422 4465 3474 4509 εί
3516 4475 3616 4512 ¹¹⁰¹¹

369 4560 439 4613 ab
475 4573 660 4613 errore
687 4575 828 4626 esse,
854 4561 944 4630 qui
976 4561 1022 4614 si
1065 4562 1132 4616 ab
1175 4576 1241 4616 co
1273 4561 1391 4616 ideo
1432 4563 1779 4635 elongantur,
1819 4568 1945 4637 quia

371 4650 508 4703 bene
558 4648 626 4702 de
666 4649 769 4704 hac
812 4666 871 4704 re
904 4650 1171 4716 sentiunt,
1208 4651 1328 4706 ideo
1359 4660 1537 4708 tamen
1562 4654 1612 4709 ei
1660 4657 1947 4725 appropin-

369 4747 562 4808 quant,
612 4740 734 4808 quia
772 4741 916 4810 quod
953 4749 1100 4797 recte
1164 4742 1403 4796 sentiunt
1442 4753 1588 4798 recte
1651 4744 1806 4799 fateri
1851 4761 1946 4800 ne-

370 4828 676 4897 glexerunt,
702 4826 845 4897 quod
883 4837 1064 4884 autem
1087 4839 1232 4884 recte
1259 4830 1418 4885 corde
1441 4831 1680 4886 creditur
1704 4835 1772 4887 ad
1786 4831 1947 4900 justi-

374 4921 526 4987 tiam,
554 4929 699 4975 recte
722 4934 817 4977 ore
843 4919 1002 4976 debet
1027 4922 1264 4993 protiteri
1286 4922 1354 4977 ad
1379 4922 1626 4977 salutem.

984 5009 1208 5067 CAPUT
1247 5010 1335 5066 IX.

378 5101 451 5163 De
470 5119 530 5157 eo
549 5102 689 5173 quod
714 5104 762 5157 si
788 5103 921 5185 forte
949 5102 1139 5185 aliquis
1166 5120 1314 5185 error
1352 5104 1408 5185 in
1432 5103 1793 5185 praefatorum
1836 5106 1944 5174 epi-

438 5171 719 5242 scoporum
762 5171 1122 5228 sententiis'de
1154 5172 1259 5243 [ide
1273 5171 1490 5243 prolatis
1514 5171 1838 5231 indiscussns
1864 5171 1942 5226 re-

440 5241 725 5313 inaruerit,
740 5250 949 5313 propter
982 5241 1338 5313 difﬁcultatem
1360 5253 1409 5313 et
1438 5244 1793 5313 enormitatem
1833 5260 1943 5296 ser-

443 5313 614 5383 monis
666 5311 878 5383 illorum
934 5311 1271 5383 remanebit,
1308 5312 1398 5382 qui
1448 5311 1749 5383 plerumque
1795 5322 1943 5366 tanta

442 5382 669 5453 ignavia,
697 5381 894 5453 obsitus
935 5393 1008 5453 est
1033 5422 1048 5447 ,
1071 5382 1272 5453 utquid
1299 5380 1598 5452 signiﬁcare
1632 5380 1748 5436 velit
1795 5382 1943 5453 quive

441 5450 625 5505 sensus
654 5452 708 5505 in
734 5467 794 5505 eo
821 5450 1185 5522 intelligendus
1214 5452 1301 5517 sit,
1332 5450 1542 5506 minime
1559 5461 1755 5521 pateat.

442 5536 579 5593 Cum
611 5540 778 5594 multa
804 5540 1163 5596 elocutionum
1190 5543 1299 5595 sint
1334 5557 1550 5613 genera,
1581 5557 1746 5612 quam
1773 5557 1948 5613 gram-

374 5630 586 5685 maticis
612 5631 725 5684 sive
760 5645 787 5683 a
834 5631 1144 5686 rhetoribus
1178 5633 1391 5700 copiose
1443 5649 1505 5688 ac
1552 5636 1697 5689 varie
1725 5634 1946 5689 tradun—

662 5744 933 5803 Ρηιωι.
980 5742 1257 5804 XCVIII.
1351 5776 1358 5784 -

2051 4545 2255 4607 aperta,
2292 4538 2418 4607 quia
2444 4553 2550 4593 non
2586 4538 2759 4610 longis
2781 4541 3019 4609 periodis
3055 4542 3361 4609 involvitur,
3398 4563 3502 4601 non
3528 4564 3617 4602 va-

2052 4630 2149 4683 riis
2181 4630 2478 4699 topicorum
2502 4632 2948 4702 perplexitatihus
2981 4646 3290 4702 exornatur,
3331 4655 3428 4695 nec
3455 4640 3619 4696 lubri-

2051 4721 2131 4777 cis
2159 4721 2587 4793 syllogismorum
2626 4726 3060 4783 conclusionibus
3083 4743 3148 4783 ex
3197 4729 3456 4786 industria
3509 4734 3621 4787 dia-

2052 4813 2257 4869 lecticae
2300 4814 2433 4871 artis
2456 4816 2794 4873 venientibus
2818 4826 3137 4873 catcuatur:
3182 4837 3303 4890 quae
3348 4823 3525 4877 omnia
3568 4836 3622 4879 ct
3692 4824 3693 4827 “

2051 4906 2195 4959 culta
2218 4914 2362 4970 sunt,
2394 4913 2577 4976 utpote
2596 4922 2717 4977 quae
2744 4909 3038 4977 sophistica
3060 4909 3331 4979 poliuntur
3343 4912 3615 4981 cylindro;

2050 5003 2101 5049 ct
2124 5011 2228 5049 non
2251 5004 2454 5064 aperta,
2476 4996 2599 5066 quia
2627 5012 2656 5050 a
2680 4997 2999 5066 simplicium
3022 4997 3279 5053 lectorum
3309 5015 3466 5054 sensa
3491 5016 3609 5068 pm-

2047 5086 2133 5139 cul
2169 5095 2372 5141 remota
2398 5087 3270 5145 eruditissimorumtanzummolu
3300 5107 3360 5146 se
3383 5091 3620 5149 inierunt

2050 5172 2280 5241 ingenio.
2319 5174 2423 5228 Sed
2460 5182 2554 5227 aut
2585 5183 2769 5243 aperta
2812 5184 2914 5240 est,
2952 5194 3070 5246 qmc
3102 5180 3400 5234 eruditione
3428 5198 3620 5238 carens

2047 5265 2296 5320 omnibus
2323 5265 2620 5334 legentibus
2648 5267 2758 5320 sive
2780 5267 3120 5324 audientibus
3145 5278 3315 5338 patet;
3349 5280 3438 5326 aut
3471 5272 3616 5325 inor-

2051 5354 2231 5408 dinate
2249 5362 2301 5407 et
2327 5354 2594 5422 incompte
2629 5354 2856 5425 digesta,
2880 5364 2936 5411 et
2980 5354 3297 5413 solmcismis
3339 5359 3613 5430 nutilata,

2050 5443 2400 5498 barbarismis
2421 5455 2693 5514 corrupta,
2735 5446 2946 5501 czeteris
2985 5445 3236 5501 vitiorum
3277 5448 3473 5503 nubilis
3518 5452 3619 5505 ob-

2054 5537 2231 5600 ducta,
2257 5542 2311 5590 et
2339 5535 2603 5591 luculenta
2628 5537 2871 5592 oratione
2897 5552 3107 5602 carens,
3130 5547 3184 5593 et
3216 5538 3403 5594 ordine
3434 5550 3622 5594 texen-

2052 5629 2241 5685 dorum
2278 5643 2528 5683 sensuum
2588 5627 2822 5696 exploso,
2855 5643 2951 5683 nec
2981 5628 3122 5683 culta
3149 5638 3229 5682 est
3259 5645 3357 5683 nec
3412 5638 3619 5700 aptrta.

3154 5742 3273 5804 36‘
