4028 6180
483 311 615 366 “Si

1376 305 1436 358 Β.
1478 302 1725 360 CAROLI
1767 299 1985 356 MAGNI
2021 300 2169 357 OPP.
2209 301 2388 357 PARS
2424 301 2486 357 ll.
2530 300 2772 359 SECTIO
2810 303 2872 356 ll.

3594 309 3721 362 “5‘3

476 424 712 492 'ldeoque
744 423 787 476 si
818 420 954 475 forte
1001 419 1196 489 aliquis
1228 434 1381 474 error
1418 419 1473 474 in
1515 418 1795 473 sententiis
1832 416 1899 471 de
1951 414 2054 469 ﬁde
2083 421 2125 476 Α
2156 428 2386 487 sequens
2419 426 2473 473 ct
2502 391 2717 473 vitanda
2744 417 2936 482 vitans,
2972 435 3079 474 non
3106 435 3228 475 eam
3255 424 3592 490 postmodum
3620 442 3724 496 pm-

485 513 705 586 proiatis
743 511 1075 566 iudiscussus
1112 509 1462 574 remanserit,
1489 508 1576 563 his
1609 523 1639 562 a
1663 505 1816 561 nobis
1845 520 1903 561 se
1940 513 2060 559 tue-

487 602 633 657 bitur
658 600 843 665 armis,
877 600 1003 668 quia
1042 614 1101 653 se
1136 598 1332 653 talibus
1366 596 1842 666 incompositarum
1869 595 2061 650 dictio—

488 706 615 747 num
654 690 860 746 abdidit
892 689 1211 754 involucris;
1249 693 1304 742 et
1331 701 1362 741 a
1397 686 1554 741 nobis
1591 685 1713 740 ideo
1731 682 2058 753 deprehendi

486 782 747 852 nequivit,
764 780 891 851 quia
916 780 985 834 ad
997 794 1095 834 nos
1120 774 1428 833 difﬁcultate
1453 774 1721 831 sermonis
1739 773 1896 844 quasi
1917 785 2058 843 quo-

488 873 610 927 dam
646 872 810 942 pallio
830 869 1038 926 obsitus
1062 868 1298 924 advenit.

1105 955 1334 1012 CAPUT
1380 954 1448 1010 Χ.

496 1047 801 1122 Rirliculose
812 1057 858 1103 et
877 1040 1145 1122 pueriliter
1160 1047 1363 1122 dictum
1386 1047 1443 1100 in
1460 1044 1717 1122 sententia
1741 1042 1865 1122 ﬁdei
1894 1040 2061 1122 Theo-‘-

556 1120 675 1174 dari
721 1113 1282 1189 episcopirMirabilis
1326 1113 1471 1170 Deus'
1497 1115 1554 1168 in
1598 1113 1974 1189 sanctissuis;
2006 1117 2062 1189 et

557 1180 820 1251 continuo,
849 1180 1050 1242 sanctis
1076 1187 1166 1256 qui
1196 1187 1251 1240 in
1275 1193 1423 1239 terra
1447 1192 1573 1256 sunt
1614 1183 1732 1252 ejus
1757 1180 2063 1256 mirificavit

555 1273 742 1313 omnes
778 1249 1079 1310 voluntates
1093 1249 1258 1310 .meas
1307 1256 1445 1309 inter
1496 1249 1657 1317 illos,'
1683 1262 1932 1323 tanquam
1976 1249 2061 1304 hic

556 1328 839 1381 versiculus
877 1325 1025 1379 illum
1062 1326 1286 1394 priorem
1323 1325 1686 1395 subsequatur.

555 1417 614 1472 ld
632 1431 761 1471 vero
788 1414 933 1484 quod
956 1411 1268 1468 Theodorus
1315 1414 1596 1482 episcopus
1619 1413 1720 1467 hos
1751 1410 1887 1466 duos
1915 1406 2064 1463 Psal-

484 1507 658 1562 mistac
702 1502 999 1560 versiculos
1051 1503 1125 1556 ita
1170 1500 1449 1571 interiecta
1509 1500 1773 1572 particula
1823 1499 2061 1554 adverbii

482 1599 750 1662 continuo,
778 1597 832 1651 in
861 1612 1025 1652 unum
1050 1593 1288 1666 protulit,
1318 1594 1472 1663 quasi
1500 1594 1638 1649 alter
1666 1594 1892 1649 alterum
1918 1592 2064 1648 nulla

487 1685 887 1756 intercapedine
901 1685 1132 1740 aliorum
1156 1698 1409 1740 versuum
1433 1683 1750 1754 interposita
1772 1683 2066 1751 subsequa-

2156 507 2329 571 nitere
2354 515 2644 572 constaret,
2684 508 2775 562 sed
2806 508 3063 579 quidquid
3090 509 3158 565 de
3201 512 3305 567 hac
3345 529 3400 567 re
3437 510 3622 584 plures
3647 530 3724 571 se-

2158 596 2392 651 cundum
2448 597 2793 666 apostolicam
2862 598 3250 655 institutionem
3303 609 3487 657 tenere
3536 603 3726 659 vellent

2156 686 2431 751 Ecclesue,
2458 688 2570 756 ipsa
2596 703 2807 757 quoque
2835 694 3078 756 teneret;
3118 701 3172 745 et
3199 707 3320 762 quae
3348 691 3589 762 pluribus
3607 710 3728 752 eou-

2157 775 2510 832 sentientibus
2545 779 2780 847 antiquis
2824 780 3251 836 institutionibus
3286 784 3453 838 obniti
3501 793 3728 843 tentaret

2157 869 2212 916 et
2240 862 2507 918 obstinata
2531 875 2709 920 mente
2739 866 2808 922 ab
2830 868 3179 924 universitate
3215 870 3566 928 ecclesiastici
3609 889 3725 931 cor-

2159 950 2305 1019 poris
2331 966 2389 1006 se
2416 952 2669 1009 dirimere
2692 953 2869 1021 vellet,
2909 956 3050 1012 hanc
3078 956 3421 1014 detestationi
3463 963 3727 1021 multaret.

2160 1037 2293 1094 Nam
2319 1038 2441 1109 quis
2464 1038 2616 1095 furor
2634 1050 2737 1108 est,
2766 1058 2953 1112 quaeve
2981 1045 3249 1103 dementia
3279 1057 3336 1105 ut
3377 1052 3540 1107 unius
3568 1057 3731 1125 partis

2159 1131 2401 1188 Ecclesia
2424 1149 2538 1188 rem
2559 1150 2678 1204 qua:
2697 1148 2870 1206 neque
2890 1137 2957 1192 ab
2979 1141 3256 1208 apostolis,
3270 1158 3443 1212 neque
3462 1146 3531 1201 ab
3550 1162 3729 1202 eorum

2160 1224 2563 1279 successoribus
2615 1235 2815 1283 Statuta
2865 1237 2982 1294 est,
3031 1229 3210 1287 nitens
3261 1241 3498 1289 statuere
3520 1275 3536 1298 ,
3577 1238 3734 1291 totius

2160 1311 2347 1367 mundi
2377 1313 2647 1371 Eccleslas
2695 1325 2920 1372 conetur
2970 1321 3452 1388 anathenzatizare,
3506 1334 3560 1381 et
3593 1343 3731 1383 eoru-

2159 1402 2428 1472 pellantur
2458 1413 2551 1459 aut
2573 1407 2884 1476 apostolicis
2908 1408 3170 1466 institutis
3216 1414 3508 1482 contraire,
3541 1426 3633 1471 aut
3668 1417 3730 1473 ab

2160 1492 2271 1548 illis
2306 1494 2515 1564 prolato
2550 1497 2840 1552 vanissimo
2885 1500 3215 1557 anathemati
3263 1502 3585 1574 subiacere?
3634 1506 3731 1564 Sed

2163 1595 2287 1637 cum
2329 1583 2542 1639 illorum
2586 1587 3044 1646 dementissimum
3092 1595 3377 1649 anazhcma
3414 1594 3519 1652 illis
3568 1599 3733 1668 potius

2165 1685 2325 1741 quam
2364 1674 2521 1729 nobis
2547 1673 2816 1743 jacturam
2862 1677 3165 1748 impertiat,
3212 1682 3424 1739 dicente
3465 1683 3730 1756 Apostolo,

484 1786 594 1843 tur,
626 1792 747 1832 cum
773 1775 1021 1832 videlicet
1044 1775 1134 1830 hic
1154 1775 1452 1831 versiculus
1468 1789 1628 1844 quem
1649 1772 1796 1827 illum
1820 1771 2064 1826 continuo
2099 1760 2142 1821 Β
2170 1760 2352 1832 Neque
2386 1763 2630 1819 maledici
2670 1781 2883 1838 regnum
2913 1767 3009 1823 Dei
3026 1771 3356 1839 possidebunt
3399 1773 3456 1847 (Ι
3489 1775 3609 1831 Cor.
3640 1776 3731 1850 vi),

481 1870 740 1941 subsequi
760 1871 905 1935 dicit,
923 1885 1031 1925 non
1054 1870 1227 1925 solum
1246 1868 1529 1925 confestim
1555 1884 1662 1922 non
1684 1867 2062 1935 subsequatur,

485 1960 580 2014 sed
605 1961 767 2015 etiam
796 1958 965 2015 fcrme
986 1966 1111 2015 ante
1135 1959 1519 2030 quinquaginta
1544 1957 1798 2027 psalmos,
1814 1954 1900 2010 cui
1922 1960 2066 2024 post-

480 2053 704 2123 ponitur
720 2052 1030 2122 praecedere
1065 2056 1336 2116 noscatur,
1374 2066 1480 2105 non
1530 2050 1648 2104 ideo
1681 2049 1835 2104 nobis
1884 2058 2065 2117 repre-

486 2142 721 2197 hendere
751 2140 903 2197 libuit
928 2142 1071 2212 quod
1097 2140 1218 2197 fidei
1249 2138 1515 2212 quoddam
1540 2136 1906 2211 praejudieium
1937 2135 2066 2191 affe-

481 2241 588 2297 rat,
620 2230 717 2288 sed
736 2233 860 2301 quia
900 2232 1125 2287 ridiculo
1160 2233 1243 2287 sui
1277 2228 1674 2301 reprehensioni
1711 2225 1982 2295 subiaceat
2010 2235 2065 2281 et

483 2318 997 2390 reprehendentibus
1034 2319 1309 2375 deridendi
1355 2318 1638 2374 materiam
1678 2315 1937 2379 conferat,
1971 2330 2065 2385 pa-

481 2419 699 2482 tcatque
729 2408 888 2467 talem
932 2412 1252 2481 scripturam
1285 2427 1392 2466 non
1418 2424 1536 2465 cs-te
1566 2409 1835 2474 idoneam,
1862 2417 1922 2463 ut
1951 2422 2065 2462 ma-

482 2518 584 2572 gna
612 2502 814 2571 absque
838 2512 1021 2555 errore
1046 2501 1294 2566 instruat,
1321 2516 1441 2571 qua:
1469 2500 1522 2554 in
1546 2498 1730 2568 parvis
1756 2498 1961 2568 absque
1986 2495 2064 2551 vi-

480 2610 611 2666 gore
641 2595 854 2656 titubat,
889 2607 987 2647 nec
1028 2593 1226 2647 habere
1266 2607 1385 2646 eam
1413 2591 1521 2644 vim
1555 2605 1642 2644 res
1675 2589 1866 2643 dubias
1914 2586 2061 2641 aiIir-

482 2685 663 2740 mandi
690 2693 745 2740 et
781 2683 1081 2754 incognitas
1119 2682 1365 2748 docendi,
1393 2696 1511 2750 qua:
1558 2696 1662 2735 non
1709 2678 1873 2733 habet
1916 2677 2065 2748 inge-

480 2774 630 2829 nium
660 2788 749 2830 res
797 2788 903 2828 non
941 2772 1131 2828 dubias
1175 2768 1429 2827 narrandi
1459 2778 1514 2826 et
1545 2778 1701 2826 notas
1734 2768 2060 2839 proferendi.
2122 2828 2127 2833 ,

477 2865 758 2934 Quomodo
786 2880 917 2937 ergo
942 2865 1085 2920 illius
1128 2864 1316 2937 synodi
1351 2863 1548 2934 poterit
1588 2860 1756 2931 recipi
1794 2859 2058 2924 doctrina,

477 2955 631 3025 cujus
659 2955 714 3010 in
743 2962 823 3010 tot
852 2954 984 3010 locis
1019 2952 1431 3023 reprehenditur
1455 2950 1721 3021 scriptura
1745 2949 1769 3003 ?
1793 2958 1885 3003 aut
1923 2961 2059 3017 quo-

479 3048 639 3103 modo
664 3062 784 3101 cum
813 3045 1024 3101 caneris
1047 3043 1391 3115 synodalibus
1426 3059 1456 3097 a
1483 3042 1685 3098 sanctis
1710 3040 1954 3110 patribus
1983 3037 2061 3093 di-

479 3139 647 3211 gestis
670 3138 753 3192 vel
784 3136 1049 3206 susceptis
1070 3134 1287 3205 scriptis
1314 3133 1589 3189 societatis
1617 3130 1815 3203 poterit
1837 3127 2061 3198 adipisci

479 3227 816 3300 dignitatem,
863 3241 984 3295 quae
1021 3241 1209 3279 earum
1241 3239 1493 3278 sensuum
1538 3232 1593 3279 et
1615 3223 1901 3277 verborum
1928 3216 2064 3289 fugit

477 3317 834 3375 societatem?
871 3317 980 3373 illa:
1022 3316 1166 3370 enim
1210 3315 1263 3369 in
1302 3313 1446 3371 nullo
1478 3311 1969 3385 reprehenduntur,
2010 3319 2066 3367 et

481 3411 603 3467 ideo
644 3411 698 3465 in
743 3410 991 3464 omnibus
1043 3406 1450 3477 suscipiuntur:
1502 3407 1620 3463 haec
1661 3420 1790 3460 vero
1835 3404 1961 3475 quia
2005 3403 2063 3461 in

478 3500 664 3556 multis
694 3498 1123 3570 reprehenditur,
1152 3513 1259 3552 non
1278 3495 1550 3552 immerito
1566 3510 1702 3566 pene
1732 3494 1786 3550 in
1814 3495 2063 3552 omnibus

478 3589 811 3659 repudiatur.

1083 3675 1311 3733 CAPUT
1359 3676 1433 3731 XI

478 3767 632 3836 Quod
658 3766 912 3822 inutiliter
931 3775 978 3820 et
1008 3766 1216 3820 incaute
1240 3764 1412 3820 Graeci
1436 3762 1726 3819 Ecclesium
1751 3762 2060 3836 catholicam

545 3839 993 3893 anathematizare
1037 3836 1214 3889 conati
1247 3835 1351 3889 sint
1393 3836 1452 3889 in
1498 3850 1678 3889 eorum
1727 3834 1946 3904 synodo,
2000 3850 2062 3888 eo

541 3908 683 3980 quod
705 3907 957 3980 imagines
977 3922 1083 3961 non
1113 3904 1318 3980 adoret,
1359 3920 1480 3980 cum
1502 3905 1678 3980 utique
1697 3907 1844 3975 prius
1869 3904 2059 3980 debate-

547 3973 650 4033 rint
678 3973 889 4046 omnino
919 3975 1144 4030 scrutari
1173 3974 1299 4046 quid
1326 3973 1738 4046 uniuscujusque
1758 3974 1928 4045 partis
1958 3973 2061 4028 Ec-

543 4049 701 4102 clesia
730 4047 794 4100 de
826 4044 924 4100 hac
947 4062 1108 4099 causa
1135 4041 1327 4099 sentire
1351 4041 1517 4098 vellet.

542 4136 937 4193 Ecclesiastica:
975 4136 1118 4192 tubae
1154 4133 1465 4204 praedicatio
1497 4130 1727 4199 intonat,
1746 4142 2059 4203 peccantem

475 4230 698 4285 fratrem
732 4230 908 4301 primo
933 4227 1074 4282 clam
1098 4224 1525 4295 corripiendum;
1558 4223 1649 4294 qui
1672 4224 1717 4278 si
1748 4225 1933 4280 audire
1962 4239 2059 4279 no-

474 4322 670 4387 luerit,
719 4333 964 4375 seorsum
1012 4314 1268 4371 adhibitis
1320 4312 1575 4372 fratribus
1617 4310 1700 4368 vel
1749 4312 2057 4386 corrigendi

472 4412 669 4475 studio,
694 4409 776 4464 vel
808 4405 1158 4463 conveniendi
1194 4403 1501 4459 testimonio
1528 4403 1898 4459 admonendus
1928 4411 2009 4458 est
2034 4420 2050 4469 ;

475 4503 566 4572 qui
602 4502 648 4557 si
674 4510 729 4556 et
755 4499 876 4554 illos
901 4498 1088 4553 audire
1120 4498 1531 4568 contempserit,
1580 4506 1710 4553 tunc
1754 4497 1937 4553 multis
1967 4512 2055 4554 res

470 4591 800 4649 notescenda
825 4597 927 4655 est,
961 4598 1020 4643 ut
1048 4590 1389 4643 detestationi
1417 4604 1538 4643 eum
1578 4590 1828 4656 habeant,
1873 4600 1928 4646 et
1961 4590 2055 4661 qui

474 4681 716 4753 nequivit
756 4680 953 4735 salvari
981 4678 1203 4749 pudore,
1246 4677 1424 4734 saltim
1452 4680 1754 4750 opprobriis
1776 4682 2049 4750 salvetur;

471 4774 563 4845 qui
595 4774 640 4830 si
670 4768 1161 4843 ncque‘multorum
1198 4772 1551 4830 admonitioni
1591 4789 1874 4831 assensum
1909 4793 2051 4848 pra:-

470 4867 678 4933 buerit,
723 4865 1061 4921 ethnicorum
1106 4864 1221 4920 sive
1258 4860 1667 4936 publicanorum
1710 4883 1861 4924 more
1904 4870 2052 4926 dete-

468 4959 695 5016 standus
738 4962 842 5011 est.
877 4953 975 5011 Cui
1004 4953 1371 5025 praedicationi
1400 4970 1507 5010 non
1540 4956 1884 5013 mediocriter
1932 4959 2051 5013 illo-

473 5063 589 5105 rum
638 5045 880 5102 Ecclesia
923 5044 1194 5100 contraire
1237 5043 1449 5100 videtur
1491 5062 1611 5116 quae
1655 5049 1821 5104 totius
1863 5049 2049 5104 mundi

472 5139 738 5197 Ecclesias
755 5137 1064 5208 priusquam
1086 5153 1236 5193 more
1261 5138 1627 5195 ecclesiastico
1647 5156 1743 5210 per
1762 5143 2049 5212 epistulare

468 5231 740 5302 eloquium
771 5228 1097 5286 consulendo
1125 5229 1238 5285 sive
1259 5232 1552 5289 scrutando
1571 5233 1895 5305 alloquatur,
1916 5253 2049 5308 pra:-

471 5321 756 5394 sumptive,
784 5319 898 5376 sive
930 5320 1163 5386 incaute,
1183 5321 1643 5380 anathematizare
1673 5339 1919 5384 conatur.
1951 5330 2055 5387 De-

470 5416 661 5470 buerat
698 5414 843 5469 enim
879 5414 944 5468 ad
987 5409 1482 5482 circumiacentium
1516 5419 1912 5487 provinciarum
1947 5424 2052 5480 Ec-

468 5505 664 5561 clesias
703 5503 1025 5575 legationem
1057 5502 1443 5560 sciscitativam
1481 5506 1676 5574 facere,
1709 5522 1886 5567 utrum
1921 5515 2055 5569 ima-

471 5595 623 5663 gines
668 5595 882 5650 adorari
936 5602 1030 5649 aut
1073 5609 1178 5650 non
1226 5595 1441 5652 adorari
1478 5597 1757 5667 deberent,
1785 5610 1862 5671 ut,
1895 5601 2050 5671 juxta

475 5680 746 5753 cujusdam
770 5684 1024 5756 sapientis
1046 5700 1252 5753 vocem,
1272 5701 1373 5758 per
1403 5690 1682 5746 consilium
1704 5703 1757 5749 ct
1781 5697 2046 5760 sequenda

1912 5948 1939 5975 ἡ

2086 3102 2134 3163 C

2076 4449 2132 4516 Β

2171 1850 2331 1904 etiam
2359 1850 2403 1906 si
2430 1854 2822 1921 quodammodo
2849 1857 3042 1914 laedere
3071 1869 3272 1929 posset,
3301 1863 3633 1922 tolerabilius
3653 1882 3733 1924 no-

2166 1939 2250 1997 bis
2273 1952 2416 1999 esset
2441 1944 2568 2000 illud
2592 1949 2797 2017 perpeti
2823 1965 2985 2022 quam
3018 1950 3384 2021 apostolorum
3428 1956 3543 2013 sive
3586 1970 3731 2015 czete-

2167 2044 2351 2088 rerum
2379 2044 2687 2091 sanctorum
2719 2039 2940 2095 Patrum
2964 2043 3181 2098 monitis
3203 2044 3395 2112 obniti,
3427 2048 3621 2119 quippe
3651 2049 3731 2120 qui

2167 2136 2289 2178 cum
2315 2121 2560 2181 Susanna
2595 2127 2843 2193 dicimus,
2881 2128 3071 2193 Helius
3095 2146 3169 2187 est
3199 2132 3428 2190 incidere
3468 2138 3523 2190 in
3560 2156 3730 2194 manus

2166 2212 2451 2280 hominum,
2486 2232 2642 2289 quam
2668 2217 3020 2292 derelinquere
3047 2220 3207 2294 legem
3238 2220 3335 2279 Dei
3374 2228 3540 2281 nostri
3579 2227 3728 2300 (Dan.

2165 2305 2309 2378 xui),
2333 2315 2387 2360 et
2410 2309 2644 2376 pastoris
2672 2309 2927 2367 Ecclesiae
2949 2313 3128 2368 verbis
3168 2313 3520 2388 perdocemur
3542 2317 3731 2372 obedire

2166 2408 2400 2466 oportere
2423 2399 2530 2453 Deo
2564 2401 2732 2472 magis
2771 2418 2929 2474 quam
2971 2402 3264 2458 hominibus
3305 2406 3446 2476 (Act.
3483 2404 3556 2477 γ).
3595 2405 3731 2461 Sicut

2164 2489 2308 2544 enim
2346 2492 2564 2549 cuilibet
2591 2493 2790 2549 civium
2827 2495 2941 2550 sive
2972 2492 3231 2567 principis
3265 2496 3525 2554 societate
3551 2495 3729 2556 fruenti

2166 2596 2196 2634 a
2223 2581 2493 2637 seditiosis
2518 2582 2836 2652 quibusdam
2867 2584 2957 2654 qui
2981 2592 3167 2639 contra
3196 2586 3494 2657 principem
3522 2599 3575 2642 et
3601 2588 3732 2642 cives

2164 2678 2348 2742 agunt,
2396 2671 2728 2730 tolerabilius
2761 2683 2844 2729 est
2873 2676 2942 2731 ab
2982 2675 3089 2731 illis
3119 2675 3264 2732 illata
3293 2678 3539 2734 convicia
3580 2681 3727 2735 susti-

2163 2777 2315 2828 nere,
2364 2777 2526 2832 quam
2569 2779 2693 2820 cum
2730 2766 2811 2821 eis
2849 2766 2904 2821 in
2941 2766 3260 2823 seditionem
3301 2769 3631 2839 conspirare,
3664 2770 3728 2823 ita

2164 2855 2417 2910 nimirum
2448 2855 2780 2913 tolerabilius
2805 2859 2958 2915 nobis
2984 2853 3089 2925 est,
3129 2861 3198 2915 ab
3223 2860 3329 2916 illis
3352 2862 3622 2917 exsecrari
3644 2859 3723 2929 qui

2162 2944 2325 2999 etiam
2352 2959 2479 3001 suos
2501 2954 2755 3015 parentes
2784 2949 3054 3003 exsecrari
3088 2965 3195 3004 non
3238 2948 3546 3018 formidant,
3580 2965 3723 3021 quam

2164 3046 2286 3086 eum
2322 3032 2430 3089 illis
2463 3048 2552 3089 res
2574 3035 2874 3092 insensatas
2901 3045 3089 3092 contra
3115 3038 3418 3095 divinarum
3443 3041 3719 3111 Scriptum-

2166 3136 2288 3176 rum
2331 3122 2576 3179 instituta
2617 3125 2864 3180 adorare.
2898 3125 3212 3183 Exsecratio
3239 3144 3475 3200 namque
3509 3131 3619 3187 sine
3651 3146 3716 3184 ra

2164 3213 2329 3277 tione,
2360 3221 2413 3269 et
2434 3216 2513 3269 ira
2541 3215 2661 3271 sine
2688 3224 2974 3286 potestate,
2999 3226 3055 3274 et
3079 3219 3353 3277 damnatio
3381 3223 3499 3279 sine
3524 3223 3729 3279 auctori-

2166 3311 2296 3370 tate,
2324 3312 2584 3375 quantum
2613 3321 2706 3362 eos
2742 3316 2929 3364 contra
2966 3325 3102 3380 quos
3140 3311 3351 3368 inhiant
3398 3315 3611 3370 minime
3648 3312 3717 3368 Le

2162 3393 2317 3463 dunt,
2357 3404 2508 3451 tanto
2533 3405 2781 3453 auctores
2808 3413 2935 3455 suos
2961 3398 3256 3468 majoribus
3284 3403 3462 3458 tardiis
3488 3403 3724 3467 alliciunt,

2163 3495 2218 3541 et
2242 3488 2413 3558 magis
2450 3488 2660 3545 desides
2700 3497 2756 3544 et
2798 3489 3135 3561 impatientes
3180 3506 3300 3548 esse
3343 3494 3593 3563 produnt.
3625 3492 3723 3548 Nisi

2160 3590 2292 3649 ergo
2323 3593 2419 3634 eos
2441 3586 2651 3636 vetusta
2674 3580 2942 3651 pernicies
2968 3589 3023 3637 et
3047 3582 3267 3653 antiqua
3292 3582 3432 3652 lues,
3466 3586 3569 3642 dux
3601 3599 3726 3640 mor-

2161 3669 2252 3736 tis,
2287 3671 2441 3725 radix
2463 3671 2745 3739 malomm,
2776 3687 2896 3743 qute
2930 3670 2985 3729 et
3023 3668 3243 3745 angelos
3275 3674 3345 3731 ab
3389 3665 3722 3733 mtbtéreoruin

2160 3760 2359 3814 civium
2387 3762 2661 3825 societate,
2693 3771 2746 3818 et
2775 3762 3020 3818 homines
3047 3778 3076 3818 a
3110 3763 3372 3836 ilorigerm
3399 3766 3543 3823 sedis
3566 3764 3723 3837 digni-

2160 3857 2275 3905 tate
2304 3851 2526 3920 expuiit,
2554 3851 2786 3908 stimulis
2814 3867 2925 3908 sum
2955 3855 3211 3924 nequitiae
3239 3856 3612 3924 inflammaret,
3637 3870 3723 3911 nec

2158 3940 2424 4010 synodum
2468 3941 2538 3997 ob
2581 3941 2883 3999 adorandas
2934 3943 3197 4016 imagines
3242 3946 3362 4002 sine
3406 3946 3723 4005 conhibentia

2156 4031 2512 4102 plurimarum
2544 4032 2931 4090 catholicarum
2968 4042 3024 4091 et
3063 4035 3173 4093 Deo
3217 4035 3455 4094 ﬁdelium
3482 4038 3722 4095 Ecclesia-

2160 4136 2314 4187 rum,
2363 4131 2706 4193 aggregatam
2742 4124 3102 4180 universalem
3142 4126 3425 4186 nominare
3470 4135 3718 4191 curarent,

2160 4225 2261 4267 nec
2284 4218 2363 4265 tot
2388 4218 2671 4282 tantasque
2690 4211 2956 4268 Ecciesias
2979 4228 3098 4284 qua:
3119 4216 3304 4285 utique
3322 4230 3520 4288 corpus
3543 4215 3719 4274 Christi

2158 4309 2305 4367 sunt,
2341 4310 2453 4357 tam
2487 4302 2781 4358 insolenter
2813 4304 3275 4369 anathematizare
3320 4309 3595 4374 auderent,
3634 4321 3720 4362 nec

2158 4410 2343 4452 rerum
2366 4396 2763 4452 iuseusatarum
2788 4395 3058 4452 culturam
3082 4407 3137 4453 et
3163 4399 3532 4457 adorationem
3552 4408 3717 4455 contra

2157 4488 2464 4544 divinarum
2513 4487 2727 4558 apicum
2759 4487 3150 4545 institutionem
3177 4498 3418 4547 statuere
3450 4499 3713 4548 tentarent.

2162 4576 2329 4633 Nemo
2376 4579 2534 4643 enim,
2587 4577 2665 4632 ait
2709 4577 3029 4648 Apostolus,
3076 4579 3133 4634 in
3164 4581 3352 4650 spiritu
3386 4580 3484 4636 Dei
3526 4580 3715 4652 loquens

2156 4669 2284 4724 dicit
2309 4671 2588 4725 anathema
2610 4671 2737 4725 Jesu
2763 4669 2818 4745 (Ι
2842 4668 2964 4726 Cor.
2992 4671 3112 4741 xu).
3140 4669 3293 4729 Unde
3317 4674 3603 4728 cavendum
3623 4678 3712 4733 est,

2156 4775 2226 4817 ne
2254 4762 2381 4816 dum
2410 4762 2705 4818 Ecciesiam
2735 4777 2855 4831 qua:
2880 4769 2963 4817 est
2988 4774 3184 4832 corpus
3208 4761 3409 4818 Christi
3442 4760 3713 4817 inconsulte

2154 4864 2210 4910 et
2236 4855 2447 4910 incaute
2468 4854 2926 4910 anathematizare
2950 4854 3214 4919 nituntur,
3232 4854 3309 4910 illi
3331 4856 3421 4927 qui
3443 4854 3556 4925 ejus
3572 4859 3712 4921 caput

2159 4953 2244 5000 est
2288 4943 2539 5013 injuriam
2586 4944 2786 5000 inlbrre
2819 4944 3121 4999 videantur.
3167 4944 3341 5001 Tanta
3389 4948 3563 5015 itaque
3592 4943 3701 4997 dite

2159 5034 2337 5089 ctione
2360 5034 2462 5089 sibi
2489 5033 2734 5090 Christus
2757 5034 3053 5091 Ecclesium
3081 5035 3294 5102 ascivit,
3321 5044 3381 5092 ut
3409 5031 3708 5106 inseparabi~

2157 5125 2279 5180 liter
2303 5125 2371 5191 ei,
2416 5133 2601 5195 utpote
2629 5134 2790 5196 caput
2813 5127 3043 5195 corpori,
3082 5126 3449 5196 przeemiueat,
3480 5133 3532 5181 et
3554 5122 3638 5179 illa
3662 5119 3696 5175 ci

2155 5217 2438 5288 perpetim,
2474 5225 2657 5287 utpote
2685 5232 2881 5287 corpus
2911 5218 3075 5287 capiti
3105 5218 3402 5284 enim,
3437 5227 3495 5273 ut
3521 5228 3691 5284 neq"

2155 5324 2317 5379 quam
2345 5307 2556 5377 corpori
2586 5315 2681 5362 aut
2709 5305 2903 5376 iniuria
2936 5316 3030 5362 aut
3054 5304 3461 5364 honoriﬁcentia
3485 5304 3693 5360 exbibea

2157 5408 2246 5454 tur
2278 5399 2422 5469 quod
2464 5412 2573 5454 non
2605 5399 2671 5454 ad
2714 5406 2875 5469 caput
2920 5396 3209 5454 referatur.
3240 5396 3487 5453 Ecclesia:
3526 5390 3704 5449 etenim

2154 5489 2586 5559 persecutionem
2616 5505 2646 5542 a
2675 5485 2874 5544 Judaeis
2901 5486 3101 5543 illatam
3130 5503 3283 5544 suam
3313 5484 3553 5544 Christus
3575 5478 3705 5538 rele-

2154 5573 2327 5646 rebat,
2360 5598 2483 5638 cum
2526 5580 2706 5651 rapaci
2740 5581 2864 5652 lupo
2892 5578 3075 5646 Saulo,
3103 5581 3329 5636 necdum
3361 5577 3538 5643 Paulo,
3564 5581 3703 5628 mane

2152 5673 2388 5742 praedam
2417 5660 2469 5727 in
2499 5674 2851 5727 vastationem
2877 5671 3131 5727 Ecclesia:
3152 5669 3467 5736 comedenti,
3500 5670 3699 5735 vestiet!
