4028 6180
410 366 551 425 H35

1176 357 1355 417 LIBRI
1392 357 1733 417 CAROLINI.
1774 387 1844 396 —
1875 354 2096 411 CAPIT.
2138 356 2226 412 DE
2267 355 2455 414 NAG.
2496 389 2565 400 —-
2602 352 2731 413 LIB.
2772 358 2839 412 lll

3508 357 3651 413 ιιδι

402 479 574 552 spolia
599 476 653 534 in
678 475 1030 533 saluberrime
1056 474 1436 544 puriﬁcatione
1472 472 1585 527 sive
1628 467 1976 539 epistolarum
2002 470 2048 526 Α
2079 466 2346 522 suetudo?
2381 466 2466 522 vel
2505 474 2562 522 tu
2591 465 2880 523 fortissima
2901 465 3056 520 furiis
3080 465 3193 520 sive
3213 465 3423 521 eunetis
3449 466 3655 522 levibus

403 568 660 626 missione
684 566 940 628 divisum,
989 563 1239 620 dicebat:
1282 560 1466 625 Suule,
1498 558 1693 622 Saule,
1731 557 1859 628 quid
1899 571 1982 609 nte

402 656 722 728 persequeris
755 655 893 725 (Act.
925 652 1049 724 ut)?
1083 651 1200 706 Non
1248 650 1392 721 quod
1425 649 1514 703 ille
1543 648 1817 702 Christum
1860 659 1983 713 per-

399 758 722 819 sequeretur
744 748 799 801 in
832 744 1069 801 :etheriis
1089 744 1306 799 arcibus
1329 748 1663 812 regnantem,
1685 736 1778 793 sed
1800 735 1982 790 Eccle-

396 838 540 894 siam
564 837 677 908 jam
718 845 846 892 tunc
872 835 1221 906 pullulantcm
1244 834 1374 889 etin
1409 830 1566 899 hujus
1601 827 1782 884 stcculi
1806 825 1983 883 horri-

401 930 552 986 sonis
584 928 836 983 ﬂuetibus
870 929 1207 982 natitantem.
1238 924 1484 980 Christus
1510 936 1638 991 ergo
1675 921 1729 975 in
1756 932 1982 989 corpore

400 1034 522 1085 suo,
550 1019 693 1089 quod
735 1026 820 1073 est
863 1017 1122 1081 Ecclesia,
1169 1015 1328 1070 etiam
1369 1029 1510 1068 nunc
1554 1009 1981 1082 persecutionem

398 1110 651 1176 sustinet,
701 1124 809 1164 non
855 1108 1072 1178 quidem
1111 1107 1493 1176 corporaliter,
1544 1111 1602 1158 ut
1646 1103 1845 1158 dudum
1880 1115 1983 1172 pro

398 1200 587 1256 mundi
611 1200 803 1263 salute,
839 1198 934 1254 sed
970 1198 1201 1269 quadam
1231 1197 1447 1266 pietatis
1472 1194 1837 1259 miseratione,
1874 1207 1980 1262 qua

400 1307 624 1347 suorum
653 1291 1037 1354 membrorum,
1075 1288 1126 1344 id
1153 1296 1254 1351 est,
1281 1286 1517 1341 ﬁdelium
1543 1285 1598 1339 in
1628 1292 1831 1338 unitate
1855 1298 1981 1337 san-

399 1393 503 1439 etne
537 1382 792 1439 Ecclesia:
826 1380 1277 1437 commanentium
1323 1390 1536 1447 semper
1569 1376 1874 1440 miseretur,
1915 1374 1981 1429 de

396 1471 597 1542 quibus
629 1478 748 1525 erat
778 1470 868 1525 ille
890 1470 982 1540 qui
1017 1468 1270 1524 dicebat:
1310 1466 1524 1522 Gaudeo
1561 1466 1617 1519 in
1652 1463 1979 1534 passionibus

400 1564 551 1627 meis,
576 1563 701 1633 quia
724 1560 902 1632 erpleo
929 1579 991 1617 ea
1015 1577 1132 1633 qua:
1153 1560 1338 1616 desunt
1374 1559 1677 1631 passionum
1702 1556 1896 1611 Christi
1924 1556 1980 1610 in

396 1667 558 1705 eam
576 1667 692 1705 mea
718 1660 926 1721 propter
947 1666 1135 1721 corpus
1159 1650 1274 1721 ejus
1308 1647 1450 1719 quod
1471 1657 1546 1701 est
1575 1644 1810 1699 Ecclesia
1841 1640 1981 1716 (Co-

279 1812 291 1822 .
394 1740 527 1796 loss.
557 1742 630 1813 t).
664 1742 812 1798 lianc
836 1743 1162 1811 passionem,
1191 1757 1351 1812 quam
1395 1739 1641 1794 Christus
1677 1738 1731 1792 in
1777 1736 1978 1793 sanctis

2083 561 2445 617 incitamentis
2482 560 2695 616 inimica
2740 559 3041 632 patientia?
3073 557 3192 625 Quo
3230 558 3524 615 abieratis?
3549 576 3657 630 quo

2081 650 2477 715 diseesseratis,
2520 667 2642 705 cum
2683 659 2792 705 tam
2836 650 3077 705 incautas
3113 660 3330 719 tamque
3375 665 3658 719 perversas

2081 740 2546 795 constitutionesa
2596 747 2671 795 tot
2717 739 3085 795 sacerdOtibus
3124 739 3325 808 patrari
3371 739 3657 805 videretis,

2081 844 2203 883 eum
2240 828 2493 885 Eeclesite
2534 837 2614 886 tot
2641 830 3044 884 anathematum
3072 829 3284 884 vincula
3310 828 3511 885 inferre
3536 846 3655 885 cer-

2081 920 2324 975 neretis?
2357 918 2467 975 Cur
2486 935 2595 975 ιιυιι
2623 921 2804 975 saltim
2838 920 2894 975 in
2924 920 3133 975 duobus
3167 919 3252 974 vel
3278 920 3449 975 tribus
3477 920 3655 990 hospi-

2080 1012 2213 1067 tium
2252 1013 2558 1068 habuistis?
2593 1011 2702 1068 Cur
2730 1027 2918 1067 ornnes
2946 1012 3267 1082 sprevistis?
3302 1011 3413 1067 Cur
3447 1012 3658 1068 cunctis

2080 1110 2316 1159 vestram
2345 1104 2643 1159 absentiam
2679 1104 3088 1173 praesentastis?
3123 1102 3235 1159 Cur
3270 1119 3377 1159 non
3399 1118 3543 1158 cosa
3579 1112 3657 1159 tot

2078 1193 2236 1263 nugis
2259 1195 2421 1249 vestri
2448 1195 2831 1250 moderaminis
2869 1196 3273 1264 compescuistis
3308 1194 3526 1251 frmnis?
3549 1195 3658 1251 Cur

2076 1298 2187 1336 non
2231 1299 2260 1337 a
2291 1292 2371 1339 tot
2403 1284 2771 1339 deliramentis
2797 1291 2989 1340 vestra:
3026 1285 3303 1339 industria:
3342 1285 3659 1341 coercuistis

2079 1370 2345 1426 habenis?
2381 1372 2705 1428 Stimulante
2731 1387 2963 1441 namque
2986 1371 3242 1441 jactantia
3274 1373 3387 1428 sive
3422 1382 3659 1431 ventosa

2080 1459 2253 1516 lmdis
2278 1462 2533 1530 appetitu,
2559 1470 2614 1515 et
2639 1460 2940 1516 ministram
2963 1475 3136 1526 suam,
3164 1461 3275 1515 oris
3304 1462 3551 1519 videlicet
3574 1463 3659 1519 in-

2080 1553 2489 1616 continentiam,
2535 1562 2722 1609 mutra
2768 1567 2864 1608 nos
2906 1561 3263 1622 pugnaturam
3312 1553 3655 1623 impellente,

2079 1659 2199 1713 quae
2225 1646 2405 1698 omnia
2445 1652 2505 1698 ut
2529 1652 2723 1700 cetera
2746 1644 3013 1719 malorum
3051 1641 3285 1699 fomenta
3314 1660 3430 1699 non
3468 1643 3659 1701 incon-

2076 1747 2213 1804 grue
2250 1744 2448 1789 nostra:
2477 1732 2717 1804 legiones
2759 1741 3035 1801 respuunt,
3062 1733 3130 1787 ab
3155 1733 3235 1788 eis
3274 1734 3655 1801 absecssimus,

393 1832 514 1889 suis
531 1832 777 1897 sustinet,
794 1833 959 1888 David
980 1831 1356 1903 przeﬁgurabat
1377 1847 1501 1887 eum
1522 1830 1765 1886 dicebat:
1792 1828 1973 1882 Adhuc
2002 1816 2047 1873 Β
2076 1832 2130 1878 ct
2149 1825 2290 1894 apud
2310 1840 2403 1881 eos
2425 1826 2640 1881 tandem
2663 1825 2922 1896 hospitari
2945 1825 3301 1895 nequivimus,
3316 1841 3451 1895 quos
3470 1827 3656 1883 talium

394 1919 581 1976 ludam
609 1932 657 1976 et
684 1922 836 1978 vilior
857 1922 1114 1993 apparebo
1152 1920 1239 1994 (11
1266 1921 1394 1993 Reg.
1425 1921 1531 1991 vt),
1571 1921 1697 1990 quia
1743 1921 1871 1976 dum
1919 1934 1977 1974 se

400 2013 691 2068 humilians
735 2029 902 2083 usque
945 2015 1013 2068 ad
1061 2023 1288 2068 mortem
1335 2012 1404 2067 ad
1450 2012 1627 2067 crucis
1672 2009 1978 2082 perveniret

398 2104 736 2174 mysterium,
766 2112 818 2157 et
855 2119 885 2158 a
920 2118 1209 2174 synagoga,
1240 2118 1366 2172 qum
1404 2101 1605 2156 sterilis
1640 2115 1707 2155 ex
1735 2109 1863 2155 tunc
1891 2113 1978 2154 ιδε-

402 2192 617 2258 mansit,
646 2194 1033 2262 deSpiceretur,
1067 2191 1341 2247 in'sudore
1386 2189 1680 2260 sanguineo
1709 2190 1977 2245 membro-

394 2296 519 2336 rum
562 2298 783 2338 suorum
816 2284 1095 2353 passiones
1117 2283 1430 2340 ostendebat
1475 2296 1594 2337 esse
1635 2280 1863 2348 futuras,
1913 2298 1976 2337 ac

399 2381 588 2431 contra
648 2373 901 2430 Ecclesiae
949 2374 1247 2429 exhibitam
1299 2373 1761 2429 honoriﬁcentiam
1822 2389 1974 2430 suam

393 2478 517 2519 esse
552 2473 779 2520 testatur
801 2481 923 2521 cum
961 2467 1127 2522 dicit:
1170 2465 1275 2532 Qui
1302 2482 1390 2522 eos
1420 2467 1629 2537 recipit,
1675 2484 1757 2521 nte
1798 2469 1975 2539 recipit

399 2552 616 2623 (Matth.
639 2552 719 2624 ι).
751 2556 835 2620 Et,
869 2555 1118 2622 Quandiu
1150 2556 1345 2626 fecistis
1371 2557 1463 2611 uni
1493 2558 1558 2611 de
1581 2559 1809 2613 minimis
1837 2559 1971 2623 istis,

397 2643 527 2698 tui/ti
546 2644 740 2714 fecistis
764 2646 977 2718 (Matth.
992 2645 1142 2718 xxv).
1163 2646 1221 2703 Si
1241 2662 1371 2719 ergo
1396 2647 1468 2704 illi
1499 2647 1567 2705 de
1586 2648 1781 2719 quibus
1799 2664 1975 2704 sermo

398 2746 501 2805 est,
527 2742 804 2797 custodem
839 2743 1117 2811 virtutum,
1144 2745 1459 2816 magistram
1488 2748 1773 2820 bonorum,
1804 2750 1977 2805 humi-

392 2829 603 2887 litatem
625 2833 1094 2904 amplecterentur,
1129 2848 1231 2892 nec
1257 2848 1451 2906 corpus
1467 2836 1691 2904 Christi,
1721 2841 1864 2908 quod
1891 2850 1974 2897 est

399 2915 655 2981 Ecclesia,
691 2920 1151 2993 impudentissime
1190 2921 1645 2979 anathematizare
1682 2930 1971 2993 tentarent,

394 3023 499 3062 nec
525 3010 594 3062 ob
617 3024 727 3064 sua:
770 3010 880 3066 imo
907 3025 1060 3066 vanae
1090 3011 1263 3066 laudis
1306 3012 1596 3081 appetitum
1634 3027 1734 3084 pro
1770 3029 1829 3070 re
1865 3025 1973 3071 tam

396 3096 572 3152 inutili
612 3107 827 3170 tamque
856 3098 1148 3157 inolllciosa
1172 3102 1435 3173 synodum
1462 3112 1836 3176 aggregarent.

995 3231 1222 3292 CAPUT
1258 3236 1372 3293 XII.

398 3322 557 3401 Quod
581 3340 771 3401 magna
789 3342 877 3401 ea:
918 3335 1065 3396 parte
1107 3328 1558 3401 mansuetudinem
1589 3339 1639 3385 et
1665 3331 1971 3401 patientiam

466 3395 749 3518 fbjecezint
782 3397 841 3450 in
876 3395 980 3451 non
1005 3397 1313 3451 continendo
1340 3415 1400 3452 os
1422 3414 1579 3454 suum
1602 3408 1648 3454 st
1665 3395 1973 3455 inordinate

488 3481 652 3535 oquen
694 3482 744 3519 ο.

468 3556 765 3627 Aggregata
794 3555 957 3626 igitur
977 3556 1187 3629 synodo
1205 3555 1250 3615 si
1268 3556 1330 3613 iu
1351 3572 1417 3614 ea
1441 3558 1805 3614 ecclesiastico
1824 3573 1973 3613 more

392 3648 653 3718 egissent,
682 3663 769 3703 res
805 3648 1137 3704 necessarias
1161 3656 1219 3705 et
1244 3646 1492 3706 ﬁdelibus
1516 3646 1829 3718 profuturas
1850 3662 1973 3718 per-

394 3745 714 3803 ‘traetantes,
743 3753 931 3793 omnes
957 3753 1148 3794 vocum
1171 3738 1436 3794 novitates
1460 3747 1515 3794 et
1537 3738 1869 3795 inordinatus
1894 3738 1975 3794 lo-

392 3828 674 3884 cutionum
708 3827 914 3883 namias
954 3827 1239 3893 evitarent,
1270 3836 1327 3883 et
1367 3828 1756 3885 mediocritatis
1783 3827 1972 3885 callem

401 3925 646 3973 tenentes
677 3932 854 3987 neque
896 3916 970 3971 ab
1012 3916 1321 3986 apostolicis
1358 3916 1615 3973 doctrinis
1636 3958 1653 3983 ,
1697 3932 1872 3988 neque
1904 3918 1973 3974 ab

395 4006 743 4076 antiquarum
777 4004 1100 4076 synodorum
1132 4005 1558 4062 institutionibus
1600 4007 1972 4077 dissentirent,

399 4097 493 4151 sed
536 4096 807 4165 patientia:
853 4101 908 4150 et
948 4096 1373 4151 mansuetudinis
1414 4099 1745 4154 ornamentis
1773 4099 1972 4164 ornati,

398 4199 737 4254 nequaquam
757 4182 996 4240 dicentes
1018 4186 1215 4240 bonum
1237 4186 1439 4241 malum
1456 4195 1513 4242 et
1533 4188 1732 4244 malum
1752 4190 1973 4257 bonum,

394 4287 659 4349 ponentes
680 4293 927 4333 amarum
947 4277 1101 4334 dulce
1119 4286 1177 4332 et
1200 4279 1354 4335 dulce
1375 4295 1639 4345 amarum,
1656 4280 1975 4351 prophetico

400 4370 635 4426 sertiieni
659 4371 991 4427 contrairent
1012 4388 1032 4438 ;
1056 4379 1112 4428 et
1134 4386 1201 4426 ea
1221 4386 1341 4441 quae
1361 4372 1667 4427 necessario
1691 4373 1975 4430 statuenda

398 4471 551 4517 erant
568 4462 866 4531 prudenter
897 4469 1212 4525 statuerent,
1237 4469 1292 4516 et
1313 4476 1433 4531 qua:
1450 4461 1674 4518 dicenda
1694 4462 1976 4533 diligenter

399 4552 658 4616 dicerent,
687 4559 742 4605 et
768 4560 950 4620 spreto
971 4559 1375 4621 supervacuoet
1397 4553 1822 4609 extraordinario
1845 4570 1974 4609 ana-
1996 4540 2050 4607 ἶ)
2077 4559 2246 4615 brium
2268 4557 2450 4630 (Prov.
2484 4559 2662 4629 xvut),
2698 4570 2751 4615 te
2788 4569 3013 4631 urgente
3053 4561 3126 4615 ita
3152 4562 3369 4631 penitus
3408 4571 3655 4621 nostrum
3748 4590 3755 4595 τ

402 4643 655 4709 themate,
685 4656 772 4699 res
794 4642 952 4699 utiles
992 4644 1342 4713 perdocerent
1363 4683 1380 4708 ,
1410 4658 1500 4699 res
1534 4660 1662 4699 vero
1696 4645 1976 4716 ambiguas

400 4741 494 4786 aut
522 4744 669 4788 certe
696 4733 910 4788 inutiles
930 4733 1143 4789 silentio
1177 4734 1487 4799 multarent,
1511 4743 1565 4789 et
1588 4743 1787 4790 nostra:
1806 4736 1977 4806 partis

396 4825 516 4880 sive
538 4833 854 4880 cmterarum
883 4824 1066 4879 mundi
1097 4824 1328 4893 partium
1362 4825 1616 4881 Ecclesia:
1645 4841 1830 4880 eorum
1866 4834 1976 4881 sta-

402 4915 532 4970 tutis
550 4923 820 4984 parercnt.
845 4913 951 4968 Sed
978 4914 1229 4983 quoniam
1255 4913 1583 4982 impossibile
1599 4922 1683 4968 est
1705 4925 1760 4970 et
1787 4931 1974 4971 eorum

402 5004 616 5058 statutis
647 5017 926 5057 assensum
946 5004 1189 5071 praebere
1223 5010 1278 5056 et
1312 5002 1549 5072 antiquis
1570 5012 1788 5072 patrum
1818 5005 1973 5061 insti-

402 5093 698 5148 tutionibus
718 5107 929 5162 parere,
943 5108 1065 5147 cum
1091 5091 1338 5147 videlicet
1359 5092 1505 5146 inter
1525 5105 1584 5147 se
1605 5092 1816 5148 diversa
1844 5094 1973 5160 sint,

404 5195 456 5241 et
482 5194 741 5253 quantum
767 5184 857 5238 lux
893 5184 1149 5248 tenebris,
1177 5184 1286 5237 vita
1315 5193 1506 5248 morte,
1538 5184 1673 5238 visio
1713 5186 1973 5250 caecitate,

405 5275 643 5347 probitas
694 5273 1066 5344 improbitate,
1112 5273 1321 5343 paritas
1378 5274 1718 5343 impuritate,
1772 5275 1977 5330 sanitas

406 5368 736 5439 aegritudine,
769 5375 975 5420 tantum
1007 5380 1198 5421 eorum
1233 5364 1474 5421 instituta
1499 5380 1528 5418 a
1555 5373 1859 5420 sanctorum
1876 5380 1977 5434 pa-

405 5469 546 5514 trum
583 5459 842 5515 institutis
870 5458 1091 5524 distent,
1124 5459 1344 5523 ideirco,
1367 5458 1724 5513 deterioribus
1748 5459 1973 5528 spretis,

404 5551 699 5621 potioribus
730 5552 966 5606 contenti
1002 5564 1205 5614 sumus,
1239 5556 1294 5603 et
1334 5548 1658 5618 contemptis
1698 5547 1976 5603 fallaciLus

403 5640 733 5698 diverticulis
759 5649 965 5696 certum
999 5655 1065 5695 ac
1100 5639 1303 5711 regium
1333 5639 1603 5694 tramitem
1634 5648 1816 5694 tenere
1837 5639 1978 5694 desi-

400 5735 672 5789 deramus.
712 5732 834 5797 Uli,
874 5747 1087 5802 qumso,
1136 5730 1582 5802 pnestantissima
1622 5728 1793 5785 virtus
1826 5745 1978 5784 manv

2077 1930 2320 1969 errorum
2349 1915 2665 1971 tumultibus
2693 1916 2910 1972 invasos
2931 1930 3050 1972 esse
3082 1917 3460 1986 comperimus.
3500 1918 3656 1975 Nulla

2077 2008 2220 2062 enim
2259 2016 2341 2062 est
2367 2008 2596 2062 societas
2621 2008 2725 2062 luci
2754 2020 2809 2062 et
2836 2008 3091 2071 tenebris,
3121 2023 3219 2064 nec
3242 2007 3486 2078 quaedam
3510 2024 3657 2064 cotu-

2079 2101 2370 2156 municatio
2395 2099 2595 2156 Christi
2618 2109 2674 2155 et
2697 2098 2881 2164 Belial,
2905 2100 3179 2169 quoniam,
3199 2097 3354 2168 juxta
3380 2098 3656 2169 etiade

2076 2188 2333 2257 sapientis
2362 2189 2708 2253 sententiam,
2749 2188 2972 2257 spiritus
3011 2188 3126 2252 Dei,
3157 2189 3247 2258 qui
3273 2190 3459 2260 utique
3487 2191 3659 2253 nostri

2076 2282 2347 2337 exercitus
2387 2282 2490 2336 dux
2526 2289 2637 2345 est,
2678 2279 2897 2350 effugiet
2925 2278 3139 2344 (ictum,
3170 2296 3279 2337 non
3303 2281 3568 2338 habitabit
3598 2283 3657 2339 in

2076 2387 2300 2441 corpore
2328 2372 2542 2427 subdito
2583 2372 2839 2443 peccatis.
2883 2370 3000 2426 Non
3044 2373 3191 2427 enim
3235 2386 3335 2427 nos
3376 2373 3432 2428 in
3479 2374 3658 2431 medio

2075 2461 2211 2531 ejus,
2244 2478 2345 2518 nec
2375 2462 2461 2517 ille
2496 2463 2547 2517 in
2583 2461 2760 2518 medio
2794 2462 2964 2519 nostri
2992 2463 3254 2518 habitavit
3282 2465 3376 2534 qui
3402 2465 3530 2521 facit
3567 2482 3659 2522 su-

2074 2552 2337 2622 perbiam.
2364 2551 2649 2620 Quoniam,
2671 2560 2824 2622 juxta
2854 2552 3014 2609 verba
3030 2550 3161 2608 Jesu
3186 2553 3281 2608 [liii
3305 2553 3515 2619 Sirach,
3540 2555 3659 2610 otii-

2075 2645 2193 2700 bilis
2226 2662 2404 2700 coram
2434 2645 2542 2700 Deo
2575 2654 2625 2701 et
2663 2645 2957 2700 hominibus
2990 2645 3264 2715 superbia,
3300 2654 3349 2700 et
3378 2660 3657 2719 synagogas

2075 2738 2412 2808 superborum
2439 2754 2542 2793 non
2568 2738 2665 2792 erit
2694 2738 2894 2792 sanitas
2915 2753 2934 2792 :
2970 2737 3145 2807 frutex
3180 2738 3320 2791 enim
3344 2739 3539 2809 peccati
3569 2756 3657 2794 τσο

2075 2829 2336 2885 dicabitur
2367 2830 2421 2884 in
2452 2830 2559 2884 illis
2601 2827 2817 2899 (Eccli.,
2849 2827 2993 2900 ιιιι).
3023 2828 3197 2884 Tanto
3222 2830 3366 2884 enim
3390 2829 3446 2883 in
3466 2844 3653 2885 eorum

2074 2923 2280 2992 synodo
2301 2920 2558 2990 discipula
2582 2920 2863 2990 superbiae,
2885 2920 2998 2975 oris
3018 2919 3225 2975 scilicet
3245 2920 3653 2987 incontinentis,

2076 3013 2262 3083 viguit,
2290 3023 2494 3081 quanto
2513 3011 2775 3066 modestia
2798 3010 2912 3066 sive
2934 3010 3218 3080 prudentia
3246 3010 3426 3081 vigere
3448 3012 3655 3080 debuit.

2074 3114 2131 3159 et
2152 3104 2303 3174 cujus
2327 3119 2430 3161 nec
2450 3113 2691 3162 extrema
2703 3106 2926 3176 quidem
2954 3121 3148 3161 manus
3182 3106 3236 3161 in
3262 3106 3360 3161 tali
3385 3116 3510 3163 sctu
3531 3107 3657 3164 duci

1992 3181 2043 3244 C
2072 3193 2275 3261 debuit,
2324 3195 2716 3267 principatum,
2766 3196 2903 3266 proh
2947 3196 3129 3252 dolor!
3183 3198 3387 3264 tenuit;
3433 3208 3487 3254 et
3534 3210 3657 3269 quae

2065 3287 2430 3357 principatum
2469 3296 2650 3342 tenere
2674 3287 2873 3353 debuit.
2898 3301 2999 3343 nec
3027 3295 3270 3343 extrema
3294 3287 3513 3357 quidem
3537 3288 3663 3357 ejus

2074 3393 2266 3434 manus
2302 3379 2513 3435 illorum
2545 3380 2774 3435 emtibus
2805 3378 3068 3434 interfuit.
3113 3378 3229 3433 Tuo
3256 3378 3437 3447 itaque
3464 3361 3658 3434 instin-

2073 3477 2183 3535 ctu,
2213 3484 2248 3524 ο
2273 3469 2659 3525 incontinentia
2698 3470 2828 3533 oris,
2867 3484 2988 3537 qua:
3023 3482 3240 3539 gressus
3283 3468 3559 3523 hominum
3597 3468 3654 3522 in

2076 3567 2220 3614 terra
2256 3558 2550 3613 viventium
2595 3559 2753 3628 dirigi
2798 3559 3074 3627 prohibes,
3112 3560 3326 3615 dicente
3366 3558 3653 3629 Propheta,

2084 3643 2126 3699 γ
2127 3647 2177 3701 ir
2188 3646 2459 3718 linguosus
2473 3647 3005 3720 nondirigetursupcr
3013 3658 3209 3705 terrain
3222 3650 3395 3723 (Psal.
3408 3653 3655 3722 cxxxtx),

2073 3744 2130 3793 et
2159 3735 2313 3807 cujus
2337 3739 2465 3794 anni
2492 3739 2574 3794 sui
2598 3748 2877 3809 peccatum
2903 3755 3010 3795 non
3030 3740 3200 3806 deest,
3218 3740 3372 3810 juxta
3395 3741 3545 3809 illud,
3569 3741 3659 3798 Ea

2074 3826 2403 3898 multiloquio
2431 3844 2534 3882 non
2560 3830 2776 3901 effugies
2800 3839 3088 3901 peccatum,
3116 3844 3335 3900 parcens
3369 3841 3544 3885 autem
3570 3830 3656 3886 la-

2075 3914 2173 3969 biis
2195 3916 2400 3985 sapiens
2421 3916 2523 3971 eris
2545 3916 2728 3985 (Prov.
2756 3917 2832 3988 κ),
2856 3926 2912 3974 et
2927 3932 3031 3988 per
3045 3935 3206 3990 quam
3229 3921 3408 3974 anima
3425 3920 3652 3986 lmditur,

2071 4003 2220 4076 juxta
2244 4006 2501 4074 sapientis
2519 4020 2706 4062 vocem
2729 4008 2975 4074 dicentis,
3016 4010 3120 4077 Qui
3145 4010 3324 4065 multis
3351 4013 3517 4067 utitur
3537 4029 3652 4068 uer-

2075 4096 2174 4162 bis,
2201 4094 2347 4150 ltcdtt
2371 4096 2604 4151 animum
2624 4110 2777 4152 suam
2808 4097 3000 4170 (Eccli.
3027 4099 3144 4173 xx),
3183 4108 3242 4156 et
3276 4115 3397 4171 qua:
3425 4117 3532 4157 non
3560 4117 3651 4159 so«

2075 4189 2186 4244 lum
2217 4190 2540 4259 respondere
2564 4197 2851 4260 antequam
2886 4192 3095 4262 audias,
3123 4209 3311 4250 verum
3339 4195 3501 4251 etiam
3532 4211 3659 4251 san-

2075 4293 2217 4341 ctam
2239 4281 2532 4338 Ecclesium
2554 4282 3030 4350 anathematizam,
3049 4293 3335 4356 antequam
3356 4286 3658 4356 alloquatnr

2077 4384 2198 4433 tuos
2221 4388 2499 4445 sequaces,
2526 4374 2820 4445 compellis,
2852 4372 3006 4443 juxta
3037 4376 3199 4444 illud,
3251 4375 3355 4444 Qui
3386 4380 3657 4449 respondet

2076 4465 2285 4520 verbum
2315 4467 2621 4536 priusquam
2653 4466 2856 4530 audiat,
2886 4464 3110 4521 stultitia
3148 4477 3223 4522 est
3252 4468 3352 4533 illi,
3394 4476 3441 4522 et
3470 4485 3656 4541 appro-

2075 4651 2312 4706 abnuere
2353 4651 2682 4707 consortium
2701 4691 2717 4715 ,
2767 4659 2831 4706 ut
2872 4659 3057 4707 nostra
3084 4654 3317 4709 societas
3359 4654 3420 4708 in
3468 4668 3655 4711 eorum

2076 4738 2350 4793 mentibus
2383 4752 2486 4795 nec
2510 4738 2632 4794 leve
2667 4739 2886 4809 quidem
2924 4750 3109 4811 posset
3143 4742 3451 4811 imprimere
3491 4744 3656 4799 τοςιί-

2075 4829 2243 4899 gium.
2274 4828 2383 4886 Nos
2409 4830 2554 4886 enim
2580 4831 2730 4901 sequi
2751 4832 2916 4887 decor
2934 4833 3060 4888 vitae
3080 4840 3182 4896 est,
3209 4841 3265 4888 et
3280 4848 3380 4888 nos
3399 4847 3657 4909 spernere

2074 4933 2229 4976 error
2256 4920 2498 4984 insaniae,
2526 4930 2580 4977 et
2607 4922 2900 4976 secundum
2928 4922 3197 4992 magistra:
3216 4931 3419 4977 nostra:
3444 4923 3657 4991 sapien-

2077 5011 2166 5066 tia:
2178 5026 2386 5076 vocem,
2408 5009 2595 5065 Eastus
2621 5012 2785 5066 nostri
2806 5011 2975 5065 exitus
2995 5012 3112 5065 rita:
3128 5019 3250 5065 sunt
3266 5010 3456 5084 (Eccli.
3478 5015 3654 5078 xxtv).

2076 5101 2190 5156 Nisi
2213 5101 2357 5155 enim
2391 5099 2669 5171 legislator
2714 5108 3022 5155 nostrorum
3070 5101 3398 5155 monitorum
3449 5116 3655 5171 sequax

2075 5190 2286 5257 fuisset,
2305 5199 2361 5246 et
2382 5190 2554 5246 nostri
2575 5189 2960 5246 moderaminis
2980 5190 3290 5247 retinaculis
3310 5205 3525 5263 gressus
3544 5207 3657 5249 sua

2078 5281 2274 5336 mentis
2317 5294 2590 5337 connexos
2630 5281 2925 5347 habuisset,
2970 5282 3182 5338 dicente
3225 5281 3542 5353 Scriptura:
3582 5283 3656 5339 Et

2076 5380 2190 5426 erat
2234 5368 2441 5440 Moyses
2483 5379 2784 5425 mansuetus
2820 5384 2930 5443 pris
2957 5372 3194 5426 omnibus
3223 5370 3536 5436 hominibus,
3563 5371 3655 5442 qui

2077 5468 2199 5515 sunt
2236 5475 2394 5531 super
2428 5467 2640 5526 terram,
2671 5474 3009 5529 nequaquam
3036 5465 3288 5517 tantoties
3314 5461 3508 5515 divinis
3528 5460 3655 5516 allo-

2081 5548 2219 5617 quiis
2243 5547 2527 5612 l'rueretur,
2547 5563 2720 5618 neque
2741 5558 2820 5604 tot
2831 5549 3208 5619 mysteriorum
3229 5549 3461 5614 arcanis,
3476 5548 3661 5605 Domi-

2081 5655 2152 5694 no
2169 5639 2495 5704 insinuante,
2521 5639 2870 5703 imbueretur,
2892 5654 2989 5695 nec
3006 5639 3072 5695 de
3091 5655 3156 5695 eo
3177 5639 3247 5694 ab
3266 5640 3454 5695 eodem
3474 5653 3657 5694 renisu

2080 5729 2323 5785 omnium
2355 5729 2580 5785 Domino
2603 5729 2906 5785 dicarant:
2940 5730 3003 5784 At
3031 5747 3131 5787 non
3154 5732 3284 5785 sicut
3310 5746 3486 5785 servus
3509 5743 3657 5783 utens
