4028 6180
450 350 583 404 Ηῗιὸ

1313 349 1384 401 Β.
1427 346 1676 401 (ΣΛΒΟΙᾸ
1718 342 1931 398 ΜᾹΕΝΙ
1970 339 2121 396 ΟΡΡ.
2165 340 2345 395 PARS
2382 341 2447 396 il.
2490 341 2731 401 SECTIO
2774 343 2836 399 Il.

3575 347 3702 401 “36

410 460 675 531 Jlogses,
708 460 948 530 mquuem
984 458 1170 529 loquor
1201 456 1335 527 facie
1381 458 1449 511 ad
1478 457 1683 526 facient,
1722 455 1852 509 sicut
1882 451 2021 523 loqui
2054 453 2099 511 Λ
2128 450 2207 504 nsi
2234 462 2377 517 sunt,
2411 453 2495 507 his
2535 454 2713 510 verbis
2741 454 3023 511 Psalmista
3066 470 3123 512 se
3150 457 3447 513 coercitum
3472 474 3584 515 esse
3617 459 3705 514 de-

448 554 575 608 solet
616 553 770 606 homo
799 552 867 606 ad
909 552 1134 605 amicum
1172 566 1324 603 suum
1367 549 1565 619 (Num.
1593 548 1720 618 sn).
1750 548 2030 603 Patientia:

452 644 634 712 itaque
677 650 730 696 et
776 640 1203 695 mansuetudinis
1246 640 1416 692 virtus
1458 646 1513 692 et
1554 639 1622 693 ab
1668 638 1773 693 illis
1808 653 2030 707 prorsus

449 734 656 803 abjecta
687 747 805 788 esse
825 733 1175 802 “perhibetur,
1212 731 1301 800 qui
1333 744 1545 801 pessum
1577 738 1632 786 et
1659 730 2030 785 extraordina-

453 826 530 880 rie
551 826 617 880 ad
648 822 968 879 catholicam
992 822 1286 876 Ecclesiam
1311 820 1872 876 anathematizandam
1899 834 2027 891 syn-

449 915 613 971 odum
654 916 945 985 aggregare
974 912 1075 966 nisi
1114 919 1260 975 sunt,
1287 919 1341 965 et
1364 926 1481 966 eam
1512 927 1631 981 qua:
1662 911 2031 966 benedictione

382 1064 399 1083 ⁸
450 1010 705 1075 perpetua
746 1002 1026 1057 benedicta
1060 1008 1167 1061 est,
1201 999 1521 1054 maledicere
1569 999 1774 1053 insanis
1809 998 2031 1052 ausibus

448 1096 628 1151 conati
662 1101 808 1158 sunt,
844 1101 899 1148 et
946 1106 977 1146 a
1013 1090 1170 1146 nobis
1223 1088 1346 1144 ﬁdei
1377 1089 1596 1143 brachio
1646 1097 1700 1142 et
1727 1087 2030 1142 dilectionis

448 1204 610 1243 manu
628 1196 684 1241 et
709 1185 889 1241 cordis
911 1183 1160 1253 amplexu
1191 1181 1365 1236 modis
1392 1181 1646 1235 omnibus
1673 1188 1757 1234 est
1784 1178 2024 1233 adeunda

438 1287 502 1332 et
532 1278 796 1348 perpetim
845 1274 1148 1331 retinenda.
1187 1272 1278 1326 Ait
1307 1273 1453 1326 enim
1479 1271 1763 1326 Psalmista
1794 1285 1809 1324 :
1845 1269 2025 1323 Dulcis

439 1380 492 1423 et
520 1378 820 1422 mansuetus
852 1365 1138 1428 Dominus,
1167 1373 1376 1434 propter
1402 1363 1498 1416 hoc
1529 1362 1689 1432 legem
1721 1362 1901 1417 statuit
1938 1360 2029 1414 de-

445 1458 796 1530 linquentibus
827 1458 899 1510 .in
932 1456 1015 1510 ria
1041 1472 1053 1508 :
1082 1455 1261 1524 dirigit
1297 1454 1444 1506 utiles
1480 1454 1533 1506 in
1567 1452 1795 1523 judicio,
1828 1452 2027 1505 docebit

445 1558 741 1603 mansuetos
773 1548 882 1601 vias
911 1560 1035 1599 suos
1058 1542 1230 1615 (Psal.
1259 1542 1428 1614 utv).
1464 1542 1615 1597 Unde
1643 1544 1802 1597 datur
1833 1540 2031 1595 intelli-

443 1641 518 1710 gi,
549 1639 691 1709 quod
710 1638 801 1708 qui
828 1636 1092 1691 mansueti
1125 1635 1335 1690 Domini
1364 1648 1565 1704 sequax
1589 1647 1709 1687 esse
1738 1632 2025 1699 desiderat,

444 1729 911 1785 mansuetudinem
956 1743 1061 1782 non
1092 1726 1250 1782 debet
1296 1738 1572 1794 spernere,
1620 1723 1714 1778 sed
1743 1732 1802 1777 ut
1832 1724 1897 1778 de
1924 1724 2027 1779 viis

2128 550 2342 597 cantat:
2369 542 2511 606 Dia‘i,
2557 543 2862 599 Custodiam
2892 547 3000 600 rius
3027 556 3255 601 meastut
3281 563 3382 600 non
3414 547 3706 619 delinquant

2127 637 2185 690 in
2211 634 2391 707 lingua
2412 653 2547 702 mea,
2571 639 2721 708 posui
2742 639 2822 692 ori
2844 655 2956 692 meo
2973 639 3267 693 custodiam
3292 638 3462 709 (Psal.
3489 641 3703 711 xxxix);

2127 733 2184 781 et
2211 734 2272 781 ut
2290 727 2529 782 coerceri
2553 727 2659 781 rite
2688 726 2887 792 valeat,
2918 728 3002 782 bis
3029 728 3281 798 precibus
3305 729 3583 782 Dominum
3613 730 3710 782 im—

2126 819 2342 890 plorare
2374 819 2679 874 contendit:
2705 818 2872 885 Pone,
2897 820 3137 887 Domine,
3162 822 3453 876 custodiam
3478 838 3556 874 ori
3577 837 3709 884 meo,

2127 920 2178 966 et
2225 912 2415 967 ostium
2460 912 2869 966 circumstantia:
2900 911 3052 966 labiis
3083 913 3242 977 meis,
3272 922 3328 967 ut
3359 929 3461 967 non
3490 912 3713 966 declines

2127 1019 2220 1057 cor
2241 1018 2411 1056 meum
2440 1003 2493 1055 in
2520 1002 2671 1056 verba
2698 1000 2918 1056 malitia:
2945 1002 3116 1074 (Psal.
3144 1004 3312 1074 cxu).
3351 1003 3410 1057 Si
3443 1017 3576 1074 ergo
3599 1018 3711 1056 om-

2128 1094 2215 1147 nia
2246 1109 2365 1163 quac
2394 1108 2491 1162 per
2520 1094 2839 1163 patientiam
2873 1101 2926 1148 et
2956 1093 3420 1149 mansuetudinem
3456 1108 3486 1147 a
3513 1092 3715 1147 sanctis

2127 1185 2371 1254 patribus
2397 1185 2509 1238 sive
2531 1185 2582 1238 in
2597 1184 2799 1248 Veteri,
2818 1183 2932 1239 sive
2945 1183 2997 1237 in
3023 1182 3173 1238 Novo
3195 1184 3544 1237 Testamento
3565 1190 3713 1252 gesta

2128 1282 2253 1329 sunt
2294 1274 2715 1337 innumeremus,
2767 1281 2823 1328 et
2865 1289 2897 1327 e
2942 1274 3213 1328 contrario
3241 1289 3361 1343 qua:
3394 1288 3493 1342 per
3526 1288 3713 1341 snper-

2127 1365 2271 1420 biam
2312 1365 2423 1420 sive
2465 1367 2578 1420 oris
2608 1365 3056 1420 incontinentiam
3088 1381 3117 1419 a
3156 1366 3387 1435 perditis
3413 1365 3716 1435 quibusque

2128 1466 2433 1527 perpetrata
2470 1464 2614 1521 sunt,
2654 1456 2867 1512 edicere
2906 1470 3176 1520 curemus,
3224 1463 3279 1509 et
3328 1455 3527 1524 quibus
3565 1462 3717 1508 testu-

2129 1545 2325 1599 moniis
2355 1544 2458 1599 hoc
2482 1545 2671 1599 vitium
2698 1544 3068 1614 perhibeatur,
3098 1559 3203 1597 non
3238 1543 3412 1598 dicam
3437 1543 3600 1597 unius
3627 1558 3716 1596 ca-

2128 1632 2301 1702 pituli,
2330 1634 2424 1688 sed
2455 1648 2554 1689 nec
2597 1632 2813 1702 quidem
2858 1629 3016 1687 unibs
3043 1632 3165 1687 libri
3198 1639 3376 1686 textus
3401 1638 3597 1686 cuncta
3620 1645 3714 1700 po-

2131 1722 2252 1777 terit
2281 1722 2575 1777 continere.
2602 1722 2754 1777 Nunc
2779 1729 2961 1777 autem
2992 1721 3305 1775 monstratis
3330 1736 3397 1774 ex
3415 1729 3573 1791 parte
3595 1734 3712 1789 qum

444 1822 656 1877 Domini
687 1821 964 1885 doceatur,
993 1834 1112 1874 eam
1147 1818 1474 1873 eiconvenit
1498 1817 1768 1887 amplecti.
1809 1816 1865 1871 In
1894 1816 2026 1873 Pro-
2058 1792 2102 1852 Β
2131 1815 2360 1884 egerint,
2395 1829 2580 1884 quaeve
2610 1827 2770 1884 agere
2808 1812 3111 1875 debuerint,
3139 1820 3193 1865 et
3222 1811 3436 1865 illorum
3464 1811 3624 1878 nugis
3651 1825 3715 1863 ex

445 1912 646 1966 vet-hiis
692 1925 907 1981 quoque
940 1909 1236 1964 scribitur:
1271 1907 1577 1962 Mansuetus
1616 1907 1695 1961 vir
1722 1907 1895 1967 cordis
1921 1923 2027 1960 me-

446 2005 596 2059 dicus
624 2012 697 2057 est
728 2019 746 2056 :
775 2002 916 2055 tinea
955 2008 1128 2054 autem
1160 1999 1361 2053 ossibus
1405 2015 1497 2052 cor
1522 1997 1814 2068 intelligens
1843 1996 2024 2070 (Prov.

442 2095 577 2167 va).
607 2095 737 2150 Item
765 2094 839 2149 ibi
864 2109 878 2148 :
912 2092 1101 2147 Melior
1126 2102 1200 2148 est
1228 2102 1529 2147 mansuetus
1574 2109 1691 2146 cum
1716 2092 2027 2157 humilitate,

440 2200 597 2260 quam
621 2188 709 2259 qui
729 2185 914 2241 dividit
938 2185 1171 2252 pra-dam
1194 2200 1311 2238 cum
1340 2183 1744 2239 contumeliosis.
1769 2183 1825 2238 In
1850 2183 2033 2239 Eccle-

442 2281 662 2337 siastico
682 2276 897 2350 quoque
926 2277 1124 2348 legitur
1154 2295 1168 2331 :
1203 2276 1332 2341 Fili,
1363 2278 1420 2331 in
1449 2277 1850 2332 mansuetudine
1876 2293 2032 2349 opera

442 2381 536 2425 tua
559 2369 843 2440 perﬁce,'et
884 2367 949 2421 ab
983 2367 1125 2421 omni
1168 2367 1376 2421 homine
1407 2365 1621 2437 diligere
1649 2366 1838 2440 (Eccli.
1878 2366 2024 2439 xm).

442 2458 577 2515 Item
599 2457 692 2513 ubi
718 2458 930 2527 supra:
961 2454 1091 2510 Esto
1135 2466 1439 2510 mansuetus
1465 2456 1534 2510 ad
1570 2456 1891 2510 audiendum
1927 2473 2033 2511 uer-

445 2548 588 2613 bum,
612 2556 669 2601 ut
688 2544 971 2617 intelligas,
999 2555 1045 2599 et
1069 2560 1186 2598 cum
1216 2546 1472 2616 sapientia
1499 2545 1707 2615 loquere
1729 2563 2033 2618 responsum

443 2654 622 2695 verum
654 2637 856 2706 .(Eccli.
891 2637 969 2709 v).
1024 2636 1157 2691 Nam
1198 2646 1253 2692 et
1286 2637 1574 2708 prml'ectus
1595 2637 1755 2695 ‘Jesus
1784 2639 1926 2695 ﬁlius
1950 2640 2036 2695 Si-

445 2733 579 2788 rach
600 2732 675 2786 ita
699 2731 939 2786 intonat":
962 2728 1091 2795 Fili,
1122 2731 1177 2784 in
1201 2731 1600 2785 mansuetudine
1627 2749 1775 2787 serva
1800 2733 2033 2786 animum

444 2835 614 2887 tuam,
652 2832 699 2876 et
722 2821 791 2874 da
833 2821 915 2875 illi
943 2822 1193 2875 honorem
1229 2821 1514 2876 secundum
1532 2822 1851 2895 dignitatem
1882 2839 2033 2876 suum

445 2911 638 2984 (Eccli.
685 2910 762 2982 χ).
811 2911 1010 2966 Doctor
1051 2912 1232 2981 itaque
1276 2913 1516 2981 gentium
1567 2913 1641 2967 ita
1672 2915 1741 2969 ad
1774 2910 2036 2985 Ephesios

445 3006 633 3061 scribit
665 3047 676 3058 .
709 3003 935 3061 Obsecro
964 3021 1049 3059 vos
1078 3021 1170 3075 ego
1196 3006 1394 3059 vinctus
1434 3006 1491 3059 in
1519 3006 1763 3071 Domino,
1801 3017 1854 3059 ut
1880 3006 2035 3076 digne

445 3093 719 3150 arnbuletis
751 3094 1033 3158 vocatione,
1059 3111 1164 3164 qua
1189 3096 1356 3148 vocati
1383 3096 1525 3159 estis,
1551 3112 1668 3149 cum
1695 3096 1835 3150 omni
1860 3096 2034 3150 humi—

445 3183 591 3239 litate
632 3192 679 3239 et
720 3183 1139 3247 mansuetudine,
1191 3199 1309 3238 cum
1338 3186 1789 3255 magnanimitate,
1817 3204 2035 3258 suppor-

445 3286 616 3331 tanlcs
645 3275 864 3329 invicem
895 3275 949 3328 in
982 3276 1254 3340 cltaritate,
1286 3274 1497 3330 solliciti
1541 3294 1747 3331 servare
1787 3280 2037 3335 unitatem

446 3354 660 3437 spiritus
680 3365 735 3418 in
755 3362 960 3418 vinculo
976 3365 1123 3434 pacis
1138 3364 1356 3435 (Ephes.
1383 3366 1483 3437 tv).
1503 3366 1566 3420 Et
1584 3364 1816 3422 Jacobus
1829 3377 2038 3438 aposto-

449 3456 535 3511 lus
561 3456 696 3511 dicit
726 3472 739 3508 :
773 3453 903 3520 Quis
919 3455 1150 3525 prudens
1167 3465 1216 3509 et
1236 3457 1405 3511 sciens
1432 3466 1655 3512 vestrum
1702 3469 1951 3514 monstret
1973 3460 2039 3515 de

446 3548 580 3602 bona
609 3563 760 3617 opere
802 3546 1243 3600 conversationem
1287 3563 1436 3601 suam
1474 3548 1529 3601 in
1557 3550 1953 3604 mansuetudine
1990 3561 2037 3604 et

448 3636 730 3709 prudentia
760 3634 968 3706 (Jacob.
1000 3634 1107 3706 ιιι).
1145 3635 1353 3703 Quibus
1377 3638 1629 3693 omnibus
1652 3640 1933 3709 praeceptis
1962 3640 2039 3695 illi

447 3725 637 3799 procul
671 3725 835 3781 dubio
865 3726 1031 3781 renisi
1068 3736 1194 3782 sunt
1236 3728 1329 3797 qui
1362 3738 1587 3798 propter
1617 3730 1908 3800 imaginum
1947 3731 2038 3786 ad-

450 3816 754 3872 orationem
781 3814 1041 3871 Ecclesiae
1069 3817 1188 3871 ausi
1218 3826 1342 3871 sunt
1372 3819 1661 3874 anathema
1673 3817 1902 3883 inferre,
1921 3836 2044 3890 quae

447 3909 637 3979 utique
673 3915 823 3964 tanto
869 3915 957 3964 est
1005 3907 1265 3964 immunis
1308 3910 1377 3965 ab
1422 3924 1611 3965 eorum
1661 3911 2042 3968 maledictione

449 4015 571 4069 qua:
598 4000 791 4069 iniusta
819 4009 922 4067 est,
962 4008 1165 4071 quanto
1204 4016 1234 4055 a
1258 4002 1476 4057 Christo
1514 4003 1606 4073 qui
1647 4018 1770 4057 eam
1814 3987 2044 4060 redemit

451 4091 707 4146 delinitur
722 4091 975 4146 unctione
988 4091 1209 4155 laetitiae,
1228 4107 1347 4162 quae
1362 4093 1828 4150 immarcescibilis
1844 4103 1898 4150 et
1919 4110 2045 4165 per-

451 4190 610 4251 petua
646 4189 749 4237 est.
781 4183 855 4237 De
879 4180 1164 4252 prudentia
1189 4199 1405 4253 quoque
1433 4192 1488 4239 et
1512 4185 1771 4254 patientia
1792 4194 1847 4241 et
1872 4187 2045 4241 conti-

451 4271 636 4327 nentia
665 4271 776 4326 oris
804 4273 1069 4341 scriptum
1094 4279 1176 4328 est
1202 4287 1217 4325 :
1249 4271 1353 4339 Qui
1381 4275 1550 4343 parcit
1573 4276 1781 4329 verbum
1809 4276 2045 4347 proferre

453 4361 667 4428 durum,
718 4363 927 4432 prodest
969 4363 1016 4416 ei
1053 4364 1297 4433 :patiens
1346 4373 1521 4417 autem
1567 4364 1646 4418 vir
1686 4367 1894 4436 sapiens
1944 4375 2041 4421 est.

457 4454 612 4522 Quod
644 4454 789 4508 enim
830 4453 1052 4508 verbum
1080 4461 1257 4522 potest
1289 4469 1408 4508 esse
1440 4454 1629 4509 durius
1656 4456 1999 4512 anathemate
2018 4458 2043 4510 ?

455 4546 601 4616 quod
627 4544 673 4599 si
700 4543 945 4612 proferre
987 4544 1202 4598 incaute
1231 4554 1537 4614 parcerent,
1571 4560 1677 4599 non
1703 4545 1860 4615 longe
1903 4561 1932 4600 a
1956 4547 2042 4602 via

456 4636 816 4694 discederent.
846 4633 954 4689 Aut
978 4652 1097 4704 qua:
1139 4636 1396 4704 patientia
1430 4645 1523 4690 aut
1548 4640 1831 4706 prudentia
1858 4640 1911 4693 in
1941 4640 2045 4695 hoc

457 4724 674 4796 negotio
721 4724 827 4779 illis
874 4724 1061 4780 utilior
1104 4734 1266 4790 esset,
1316 4741 1477 4795 quam
1518 4736 1576 4782 ut
1625 4729 1920 4784 Ecclesiam
1950 4745 2048 4800 per

458 4818 700 4887 diversas
726 4817 906 4872 mundi
943 4827 1122 4886 partes
1149 4818 1323 4873 consti
1349 4827 1498 4872 utam
1521 4819 1633 4874 suis
1654 4821 1896 4890 apicibus
1921 4836 2049 4877 con-

458 4912 718 4975 sulerent,
747 4911 968 4980 etquod
994 4910 1238 4966 omnium
1265 4926 1522 4967 assensus
1548 4912 1892 4978 decrevisset,
1920 4930 2049 4984 pru-

459 5008 648 5060 denter
664 5011 717 5057 et
739 5003 1005 5072 patienter
1030 5002 1339 5058 sancirent?
1352 5003 1560 5058 Dicitur
1580 5004 1722 5058 enim
1746 5019 1844 5074 per
1864 5019 2051 5074 quem-

458 5094 584 5149 dam
641 5092 938 5163 sapientem
972 5108 984 5144 :
1018 5090 1291 5162 Palpebrae
1346 5102 1451 5146 tua:
1504 5094 1801 5164 prwcedant
1843 5110 2049 5164 gressus

459 5195 579 5240 tuos
609 5183 793 5256 (Prov.
824 5182 921 5252 tv).
970 5182 1028 5236 In
1054 5197 1161 5250 quo
1198 5181 1345 5237 dicto
1387 5183 1515 5237 dum
1566 5184 1924 5252 metonymice
1956 5199 2054 5254 per

461 5276 745 5344 palpebras
766 5272 1055 5344 providens
1078 5280 1203 5326 ante
1225 5281 1346 5325 acta
1376 5273 1680 5338 consilium,
1710 5283 1763 5328 et
1785 5289 1884 5343 per
1905 5290 2053 5344 gres-

461 5381 557 5422 sus
588 5365 735 5435 ipsas
761 5365 1002 5420 actiones
1045 5363 1334 5434 signiﬁcet,
1362 5365 1516 5419 nobis
1555 5365 1939 5435 perspicaciter
1964 5365 2050 5420 in-

464 5467 612 5522 nmt,
640 5468 701 5512 ut
740 5471 954 5527 semper
996 5465 1306 5510 nostrarum
1340 5457 1612 5511 actionum
1644 5457 1900 5512 exercitia
1930 5456 2055 5527 pro—

463 5548 589 5605 vida
612 5557 667 5602 et
693 5547 974 5617 prudentia
994 5546 1328 5616 praeveniunt
1354 5545 1598 5610 consilia,
1627 5554 1687 5601 ut
1712 5557 1871 5601 antea
1897 5563 2048 5602 men-

469 5640 543 5693 tis
586 5637 773 5691 oeulus
796 5637 1089 5707 pnevideat
1114 5637 1169 5691 in
1212 5636 1409 5707 quibus
1438 5652 1497 5692 se
1527 5638 1868 5708 postmodum
1900 5649 2055 5695 actus

468 5726 745 5789 extendat.
775 5726 820 5780 Α
845 5725 1181 5797 multiloquio
1203 5728 1368 5801 igitur
1395 5743 1504 5800 quo
1539 5728 1615 5783 illi
1639 5730 1693 5783 in
1718 5746 1814 5787 sua
1850 5732 2055 5803 synodo

2124 1913 2279 1973 parte
2313 1904 2589 1968 discussis,
2625 1903 2692 1957 ad
2737 1902 2838 1957 alia
2871 1918 2992 1973 qua:
3039 1901 3167 1956 huic
3212 1901 3361 1972 operi
3408 1901 3714 1955 necessaria

2129 2004 2274 2059 sunt,
2307 1995 2533 2050 Domino
2556 1995 2901 2050 accedamus.

2713 2107 2943 2163 CAPUT
2983 2106 3119 2164 XIII.

2133 2199 2271 2266 Quia
2302 2206 2491 2253 mulier
2509 2199 2564 2253 in
2584 2197 2784 2268 synodo
2805 2198 2990 2252 docere
3015 2214 3120 2252 non
3139 2196 3303 2268 debet,
3331 2195 3462 2251 sicut
3483 2192 3713 2250 ereaa

2447 2268 2504 2322 in
2535 2266 2714 2323 eorum
2739 2268 2939 2340 synodo
2965 2268 3149 2337 fecisse
3178 2266 3385 2337 legitur.

2200 2363 2339 2419 Cum
2364 2377 2499 2433 pene
2535 2361 2588 2416 in
2625 2361 2876 2416 omnibus
2915 2360 3003 2414 illa
3048 2360 3285 2431 synodus
3307 2375 3427 2428 qum
3464 2373 3570 2428 pro
3628 2358 3719 2412 ad-

2132 2453 2350 2509 orandis
2366 2451 2691 2522 imaginibus
2716 2461 3001 2521 aggregata
3026 2458 3126 2513 est,
3156 2449 3458 2503 divinarum
3475 2447 3717 2517 Scriptu-

2135 2558 2317 2598 rarum
2342 2543 2712 2598 saluberrimis
2737 2541 2999 2596 institutis
3024 2539 3344 2611 refragetur,
3370 2540 3425 2593 in
3458 2539 3567 2593 hac
3589 2554 3718 2609 quo-

2134 2647 2239 2701 que
2264 2640 2416 2701 parte
2428 2630 2622 2701 oppido
2635 2629 2893 2701 mimgari
2908 2629 3013 2684 illis
3028 2630 3258 2694 videtur,
3274 2629 3418 2699 quod
3439 2628 3717 2683 mulierem

2136 2723 2517 2778 institutricem
2561 2722 2683 2776 sive
2714 2722 3009 2777 doctricem
3052 2719 3307 2774 habuisse
3348 2718 3668 2788 perhibetur
3702 2737 3715 2772 :

2134 2816 2277 2886 quod
2301 2816 2518 2885 quidem
2546 2831 2653 2870 non
2675 2815 2848 2871 solum
2870 2814 3064 2870 divinae
3087 2812 3219 2884 legis
3246 2813 3606 2878 documentis,
3631 2811 3720 2868 sed

2136 2904 2305 2974 ipsius
2350 2912 2557 2959 natura:
2603 2904 2719 2975 lege
2754 2903 3045 2959 inhibetur.
3078 2903 3196 2959 Non
3228 2904 3372 2958 enim
3415 2919 3539 2959 eam
3566 2918 3722 2959 sexus

2136 2994 2400 3066 fragilitas
2427 2996 2543 3051 sive
2587 2996 2754 3050 animi
2800 2995 3072 3051 mobilitas
3109 2995 3366 3051 doctrinae
3394 2996 3509 3050 sive
3535 2997 3722 3066 pnela-

2140 3087 2302 3143 tiouis
2326 3099 2490 3156 super
2520 3086 2665 3142 viros
2694 3086 2901 3159 apicem
2933 3094 3120 3142 tenere.
3157 3088 3443 3157 permittit,
3472 3090 3569 3143 sed
3611 3096 3722 3141 tan-

2139 3194 2300 3249 quam
2328 3177 2594 3234 inﬁrmius
2617 3194 2711 3233 vas
2732 3186 2786 3233 et
2811 3179 2880 3233 ad
2907 3178 3279 3247 decipiendum
3309 3178 3519 3233 facilius
3547 3180 3723 3233 subdi-

2141 3282 2250 3327 tam
2279 3278 2335 3326 et
2378 3269 2522 3325 virili
2569 3258 2892 3325 auctoritate
2932 3284 3233 3339 repressam
3265 3285 3386 3325 esse
3431 3269 3720 3339 compellit.

2143 3365 2295 3422 Unde
2316 3372 2372 3419 et
2396 3363 2593 3419 divinis
2618 3361 2829 3434 legibus
2858 3363 3125 3418 sancitum
3160 3370 3263 3429 est,
3295 3365 3543 3433 quazdam
3578 3363 3725 3416 femi-

2141 3471 2332 3510 narum
2362 3463 2486 3509 vota
2518 3453 2658 3509 virili
2687 3454 3075 3510 deliberatione
3101 3456 3305 3509 eassari
3338 3471 3521 3525 posse,
3550 3464 3601 3510 et
3632 3455 3724 3510 hu-

2139 3547 2695 3602 manistconstitutum
2743 3553 2844 3607 est,
2879 3544 3109 3601 feminas
3155 3547 3427 3616 innuptas,
3482 3547 3725 3616 quamvis

2138 3649 2409 3709 provecta:
2432 3638 2542 3693 sint
2565 3638 2761 3702 aetatis,
2779 3647 2999 3709 propter
3021 3639 3192 3708 ipsam
3228 3640 3393 3693 animi
3424 3639 3722 3703 levitatem,

2141 3730 2194 3784 in
2222 3729 2387 3785 tutela
2423 3728 2720 3784 consistere
2753 3728 2968 3783 debere.
3003 3727 3260 3783 Novimus
3301 3730 3444 3783 enim
3471 3728 3723 3783 feminam

2140 3836 2302 3876 causa
2344 3819 2531 3890 prolis,
2581 3834 2743 3874 causa
2792 3816 3065 3887 adjutorii,
3094 3833 3255 3874 causa
3302 3819 3724 3881 incontinentizc,

2144 3912 2260 3967 viro
2303 3910 2521 3966 concedi
2556 3910 2771 3965 solere:
2802 3925 2969 3965 causa
3010 3924 3140 3965 vero
3188 3909 3411 3965 docendi
3461 3924 3721 3978 nusquam

2141 4005 2357 4074 penitus
2384 4003 2633 4073 legimus.
2662 4003 2836 4059 Causa
2880 4004 3100 4074 inquam
3138 4003 3323 4075 prolis,
3350 4010 3408 4058 ut
3438 4003 3494 4058 in
3532 4004 3723 4060 Genesi

2142 4094 2341 4165 legitur
2370 4112 2382 4147 :
2419 4094 2484 4147 Et
2514 4093 2773 4148 benedixit
2798 4111 2884 4149 eos
2908 4094 3087 4149 dicens
3114 4110 3132 4149 :
3157 4095 3382 4149 Crescite
3407 4104 3455 4149 et
3480 4094 3728 4164 multipli-

2142 4181 2518 4254 camini((.'en.
2552 4191 2627 4248 ι).
2666 4183 2780 4239 Hoc
2817 4192 2902 4238 est
2950 4184 3095 4238 enim
3138 4184 3549 4238 matrimonium
3594 4182 3728 4253 quod

2143 4289 2319 4344 neque
2344 4274 2641 4328 secundum
2677 4273 2951 4344 Pelagium
2975 4281 3255 4343 peccatum
3283 4287 3403 4327 esse
3433 4273 3727 4342 putandum

2143 4374 2247 4431 est,
2264 4378 2441 4434 neque
2462 4363 2754 4418 secundum
2772 4360 3115 4417 Jovinianum
3132 4362 3428 4433 virginitati
3449 4376 3728 4430 coaequato»

2074 4491 2124 4550 ο
2148 4458 2274 4513 dum
2307 4475 2320 4510 :
2353 4456 2446 4511 sed
2470 4455 2752 4525 virginitas
2774 4455 2848 4508 illi
2869 4452 3201 4524 przuferenda
3229 4463 3312 4508 est
3335 4461 3562 4523 propter
3582 4467 3727 4506 umn-

2146 4549 2293 4604 ditize
2338 4548 2683 4603 sanctitatem
2729 4553 2784 4600 et
2829 4545 3070 4616 corporis
3113 4544 3502 4617 integritatem,
3526 4542 3730 4599 dicente

2147 4640 2404 4710 Apostolo
2436 4658 2448 4692 :
2485 4638 2665 4710 Nupta
2692 4639 2885 4709 cogitat
2912 4622 3030 4707 quis;
3067 4645 3188 4690 sunt
3237 4635 3440 4701 mundi,
3475 4634 3730 4706 quomodo

2146 4729 2349 4799 placeat
2393 4729 2538 4794 viro;
2568 4729 2711 4799 uirgo
2741 4738 2912 4781 autem
2956 4727 3144 4796 cogitat
3171 4743 3289 4797 qua:
3332 4736 3451 4780 sunt
3500 4725 3728 4788 Domini,

2147 4822 2406 4894 quomodo
2440 4820 2642 4892 placeat
2679 4820 2933 4889 Domino,
2973 4830 3032 4874 ut
3079 4821 3146 4873 sit
3192 4829 3378 4873 sancta
3422 4834 3642 4888 corpore
3684 4824 3729 4869 et

2149 4907 2335 4984 spiritu
2371 4912 2421 4984 (Ι
2453 4911 2574 4967 Cor.
2617 4913 2737 4982 vn).
2765 4910 2898 4964 illud
2942 4925 3071 4965 vero
3099 4924 3407 4981 quanquam
3433 4908 3606 4963 altero
3632 4905 3729 4961 sibi

2149 5006 2372 5077 put-lato
2400 5021 2505 5059 non
2545 5011 2630 5058 est
2663 5002 3041 5071 abjiciendum,
3070 5017 3242 5071 neque
3276 5001 3497 5056 omnino
3518 5008 3727 5069 postpo-

2153 5097 2406 5162 nendum,
2451 5096 2541 5150 sed
2573 5110 2693 5149 cum
2726 5092 2898 5164 gratia
2935 5094 3019 5148 his
3055 5093 3251 5163 quibus
3294 5092 3550 5163 competit
3577 5103 3728 5160 appc'

2155 5190 2394 5253 tendum,
2422 5187 2674 5257 quoniam
2705 5195 2789 5242 est
2818 5193 2871 5241 et
2893 5201 3020 5257 erga
3042 5201 3100 5242 se
3119 5201 3226 5241 non
3248 5184 3728 5242 extraordinarium

2153 5286 2207 5333 et
2241 5291 2365 5345 erga
2404 5276 2768 5347 virginitatem
2813 5275 3128 5331 secundum.
3158 5274 3257 5330 Est
3290 5276 3433 5330 enim
3460 5274 3728 5345 virginita—

2156 5369 2225 5423 tis
2249 5367 2618 5431 seminarium,
2646 5366 2773 5435 quia
2814 5365 2954 5420 sicut
2995 5380 3100 5420 uva
3140 5379 3248 5421 non
3283 5364 3495 5421 aliunde
3536 5363 3643 5419 nisi
3669 5378 3726 5417 cx

2154 5460 2266 5516 vite
2307 5454 2564 5521 nascitur,
2611 5457 2686 5512 ita
2727 5466 2783 5511 et
2827 5456 3110 5526 virginitas
3139 5472 3247 5512 non
3294 5456 3505 5511 aliunde
3540 5454 3645 5508 nisi
3670 5468 3728 5505 es

2157 5552 2503 5607 matrimonio
2519 5550 2785 5622 gignitur;
2814 5558 2869 5606 et
2888 5564 3196 5621 quanquam
3222 5551 3296 5605 sit
3313 5548 3596 5620 virginitas
3617 5559 3731 5600 cen-

2156 5646 2384 5702 tesimus
2425 5642 2650 5710 fruetus,
2703 5627 2866 5700 habet
2910 5652 3093 5699 tamen
3126 5642 3267 5699 infra
3296 5658 3356 5699 se
3386 5642 3726 5698 tricesimum.

2159 5738 2213 5794 id
2243 5747 2325 5794 est
2368 5737 2791 5806 matrimonium,
2821 5737 2966 5793 inter
2983 5752 3120 5809 quos
3145 5736 3353 5794 medius
3371 5733 3729 5803 sexagesimus
