4030 6196
373 348 503 403 “37

1141 332 1320 392 LIBRI
1359 331 1705 390 CAROLiNl.
1746 358 1819 370 —-
1856 324 2079 382 CAPIT.
2124 326 2213 383 DE
2251 328 2441 384 IMAG.
2481 360 2551 370 -—
2585 328 2714 385 LIB.
2757 330 2842 386 Ill.

3488 302 3648 390 “58'

368 471 469 525 est,
498 458 589 529 qui
618 457 673 510 in
696 454 871 510 viduis
892 468 997 507 non
1022 453 1442 529 incompetcnt‘cr
1462 443 1742 514 accipitur.
1769 439 1945 529 Causa
1972 438 2023 497 Α
2048 439 2194 506 quod
2240 442 2587 511 przeeminere
2631 442 2841 498 caeteris
2871 441 3167 516 .membris.
3202 443 3392 503 debet.
3444 444 3647 501 intima-

367 523 548 621 itaque
570 545 828 617 adjutorii
850 544 1047 600 femina
1070 524 1186 597 viro
1207 553 1462 596 concessa
1478 543 1581 599 est,
1607 534 1820 588 dicente
1844 523 1949 586 Do-

366 645 515 698 mino
544 655 560 694 :
595 640 713 695 Non
736 648 808 692 est
827 637 1016 692 bonum
1036 635 1296 687 hominem
1320 629 1489 684 solum
1517 641 1647 691 esse,
1688 624 1948 695 faciamus

364 736 411 788 ei
441 733 765 804 adiutorium
796 727 963 783 simile
986 728 1083 781 sibi
1110 723 1262 791 (Gen.
1290 722 1376 792 ιι).
1407 723 1581 775 Causa
1608 730 1737 771 vero
1764 716 1949 769 incon-

366 825 626 887 tinentize,
659 820 813 888 juxta
851 817 977 873 illud
1015 813 1260 885 Apostoli
1293 828 1307 866 :
1342 810 1445 877 Qui
1475 807 1803 862 incontinens
1847 812 1943 866 est,

365 913 524 968 nubat
548 929 567 977 ;
593 920 648 965 et
670 912 865 964 iterum
893 924 907 961 :
934 905 1123 960 Melius
1150 912 1225 957 est
1252 901 1442 956 nubere
1455 913 1614 971 quam
1634 895 1718 950 uri
1742 892 1795 965 (Ι
1819 891 1941 947 Cor.

363 1004 485 1061 vn).
525 1002 922 1068 lnterrogemus
957 1009 1086 1065 ergo
1132 990 1471 1072 Apostolum,
1512 988 1659 1072 dicat
1699 984 1947 1055 egregius

364 1094 717 1165 praedicator,
771 1088 913 1144 dicat
964 1101 1061 1141 vas
1105 1083 1423 1146 electionis,
1486 1089 1667 1135 utrum
1716 1077 1946 1133 feminas

363 1176 559 1239 docere
587 1180 885 1251 permittat,
910 1193 979 1232 an
1009 1178 1063 1232 in
1090 1176 1238 1230 viros
1262 1173 1543 1229 dominari.
1574 1171 1669 1224 Ait
1697 1168 1843 1223 enim
1877 1168 1945 1221 ad

363 1274 705 1329 Timotheum
732 1286 748 1325 :
787 1268 981 1324 Mulier
1002 1268 1057 1321 in
1083 1265 1288 1321 silentio
1312 1264 1480 1318 discat
1509 1279 1627 1316 cum
1653 1259 1794 1314 omni
1821 1258 1943 1313 sub-

362 1364 583 1427 iectione
611 1377 628 1416 :
659 1360 843 1414 docere
886 1367 1060 1411 autem
1100 1353 1305 1409 mulieri
1336 1369 1439 1407 non
1483 1351 1745 1421 permitto,
1781 1364 1943 1418 neque

360 1452 623 1508 dominari
651 1452 706 1505 in
735 1451 922 1513 cirum,
961 1446 1051 1502 sed
1093 1462 1214 1500 esse
1248 1446 1303 1498 in
1347 1442 1552 1498 silentio
1589 1440 1639 1512 (I
1679 1439 1812 1493 Tim.
1852 1435 1961 1508 11)..

361 1545 462 1612 Qui
490 1544 647 1614 quasi
694 1542 1139 1608 interrogaretur,
1170 1550 1269 1590 cur
1290 1547 1423 1589 eam
1463 1539 1533 1586 eL
1546 1532 1740 1586 (locere
1765 1537 1830 1583 ct
1848 1528 1943 1583 do—

362 1635 564 1691 minari
588 1634 648 1687 in
684 1632 871 1686 virm
887 1627 1253 1700 prohibuerit,
1286 1626 1476 1689 Adam,
1512 1623 1717 1693 inquit,
1740 1621 1942 1693 primus

361 1728 621 1796 formatus
654 1732 750 1787 est,
785 1721 906 1777 inde
931 1720 1074 1783 Era;
1115 1726 1170 1773 et
1198 1717 1367 1773 Adam
1411 1733 1518 1771 non
1547 1724 1630 1770 est
1664 1714 1937 1776 seductus,

2047 535 2216 597 petat,
2246 541 2300 586 et
2319 533 2482 603 pedes
2507 533 2598 602 qui
2632 530 2844 588 (niteris
2871 528 3130 589 membris
3154 535 3626 603 prmeminentibus

2048 620 2232 677 inﬁma
2274 624 2388 679 loca
2436 633 2638 689 tenent,
2686 626 2898 681 ueteris
2936 626 3348 696 prmeminentes
3375 628 3443 681 ad
3471 643 3626 696 supc—

1996 716 1997 719 “
2047 713 2193 771 riora
2238 718 2512 785 tollantur,
2554 720 2741 788 sicque
2788 730 2997 775 naturae
3041 723 3174 776 ordo
3217 726 3535 792 permutatis
3563 740 3627 778 ac

2045 810 2225 876 potius
2251 812 2519 880 perversis
2534 812 2738 883 legibus
2764 811 3013 868 foedatur.
3044 814 3179 869 Nam
3200 816 3243 870 si
3268 814 3404 877 forte
3431 816 3626 884 aliquis

2046 896 2132 952 his
2151 902 2509 957 sacrosanctis
2531 902 2839 972 apostolicis
2856 904 3484 962 institutionibus-obniti
3511 915 3627 960 ten-

2047 993 2188 1054 tans,
2213 990 2464 1047 mulieres
2490 994 2633 1048 viros
2656 994 2850 1049 docere
2875 993 3112 1063 virisque
3148 1010 3396 1066 praeesse,
3424 1005 3484 1050 et
3500 1010 3627 1067 syn-

2044 1081 2179 1137 odos
2214 1083 2499 1140 instituere
2533 1083 2747 1150 debere,
2800 1086 2918 1140 ideo
2952 1085 3220 1141 afﬁrmare
3261 1087 3411 1141 nisus
3441 1086 3623 1151 fuerit,

2047 1177 2187 1245 quod
2212 1177 2506 1231 secundum
2547 1179 2867 1248 evangelica
2894 1166 3034 1234 tubae
3066 1180 3624 1248 praeconium-mulie-

2047 1282 2134 1321 res
2159 1268 2348 1322 crebro
2369 1269 2648 1323 mediatori
2674 1269 2769 1324 Dei
2794 1277 2847 1325 et
2870 1271 3146 1325 hominum
3177 1271 3620 1336 ministraverint,

2046 1358 2113 1413 ad
2136 1359 2299 1426 pedes
2323 1359 2528 1413 scilicet
2549 1358 2666 1428 ejus
2690 1361 2957 1424 sedentes,
2982 1370 3037 1416 et
3059 1364 3280 1417 verbum
3309 1379 3375 1418 ex
3397 1381 3492 1421 ore
3509 1367 3625 1437 ejus

2045 1449 2340 1511 audientes,
2367 1465 2430 1504 ac
2463 1452 2605 1505 circa
2631 1450 2885 1521 frequens
2912 1454 3267 1509 ministerium
3296 1464 3623 1528 satagentes,
3650 1480 3657 1481 ν

2044 1546 2099 1592 et
2119 1538 2261 1609 lacry
2273 1538 2373 1594 mis
2401 1540 2565 1608 pedes
2586 1539 2702 1609 ejus
2730 1541 2988 1612 rigantes,
3014 1551 3069 1598 et
3097 1545 3307 1614 capillis
3332 1554 3623 1618 tergentes,

2043 1635 2099 1682 ct
2123 1642 2320 1696 corpus
2350 1627 2469 1698 ejus
2506 1629 2643 1686 miro
2674 1640 3076 1702 unguentorum
3116 1634 3327 1705 liquore
3351 1636 3625 1705 ﬁnientes,-

2043 1730 2275 1786 eumque
2300 1718 2368 1774 ad
2390 1719 2693 1788 passionem
2729 1732 3053 1792 pergentem
3080 1726 3230 1795 sequi
3264 1741 3376 1782 non-
3397 1727 3629 1785 distule-

360 1788 554 1873 mulier
605 1822 783 1870 autem
822 1813 1054 1868 seducta
1105 1811 1159 1864 in
1218 1806 1659 1879 prmvaricatione
1710 1804 1811 1859 fuit
1842 1821 1853 1856 :
1884 1811 1945 1858 ut
1976 1788 2023 1849 Β
2049 1807 2173 1872 rint,
2217 1815 2274 1863 et
2313 1817 2435 1879 post
2460 1811 2909 1866 resurrectionem
2939 1810 3054 1880 ejus
3082 1800 3147 1868 ad
3171 1814 3286 1882 ejus
3313 1832 3628 1874 monumen-

360 1925 521 1965 nosse
547 1922 828 1979 possemus
853 1905 1055 1960 idcirco
1076 1903 1125 1957 ei
1166 1911 1219 1956 et
1248 1901 1505 1956 doctrina:
1534 1906 1588 1950 et
1615 1896 1955 1952 dominatio~~

358 2000 445 2054 nis
466 1996 873 2067 dignitatemab
892 1992 1150 2062 Apostolo
1172 1992 1225 2045 in
1247 1990 1420 2043 virum
1439 1987 1657 2042 minime
1679 2001 1798 2041 esse
1815 2001 1945 2041 con-

358 2100 588 2147 cessam,
609 2084 734 2153 quia
756 2098 862 2137 non
887 2091 947 2136 ut
972 2081 1210 2142 doceret,
1239 2079 1332 2132 sed
1355 2085 1415 2131 ut
1440 2076 1719 2145 adjuvaret
1746 2075 1941 2139 virum,

358 2192 461 2232 nec
489 2184 549 2229 ut
570 2175 619 2229 ei
648 2180 922 2244 prazesset,
957 2172 1051 2226 sed
1075 2169 1339 2234 subesset,
1364 2167 1579 2224 condita
1606 2180 1725 2221 csse
1760 2166 1942 2235 perhi-

356 2269 537 2330 betur,
561 2266 676 2321 sive
698 2264 826 2334 quia
852 2262 1032 2317 animo
1053 2270 1138 2316 est
1167 2259 1432 2314 inﬁrmior
1457 2265 1509 2312 et
1531 2258 1598 2313 ad
1626 2256 1942 2311 tentandum

356 2359 587 2415 facilior.
618 2356 745 2411 Non
767 2358 926 2421 enim,
950 2362 1010 2409 ut
1037 2355 1112 2408 ait
1130 2352 1439 2424 Apostolus,
1468 2353 1546 2406 vir
1566 2360 1775 2422 propter
1793 2351 1945 2420 femi-

357 2467 501 2514 nam,
531 2448 622 2503 sed
644 2448 840 2518 femina
865 2455 1076 2518 propter
1106 2448 1273 2501 virum
1304 2454 1479 2498 creata
1521 2450 1595 2496 est
1616 2441 1668 2514 (I
1691 2440 1813 2495 Cor.
1838 2441 1938 2510 χι).

356 2543 493 2597 Nam
517 2542 564 2597 si
591 2541 712 2612 quis
752 2540 892 2595 forte
920 2540 1055 2595 tanti
1090 2538 1294 2594 erroris
1340 2534 1810 2607 praesumptionem
1842 2533 1944 2588 hoc

355 2633 520 2688 ancili
563 2631 702 2686 tueri
744 2632 969 2695 nitatur,
1023 2631 1165 2699 quod
1209 2629 1350 2685 idem
1396 2626 1688 2697 apostolus,
1725 2640 1847 2680 cum
1877 2624 1942 2680 de

355 2725 544 2779 habitu
574 2733 629 2779 et
655 2723 987 2778 continentia
1011 2736 1210 2776 anuum
1240 2727 1443 2791 ageret,
1468 2718 1564 2781 ait,
1589 2716 1727 2770 Bene
1752 2715 1943 2768 docen-

354 2827 432 2869 tes
461 2813 512 2885 (1
550 2813 685 2868 Tim.
722 2814 794 2886 v),
827 2812 921 2869 sed
963 2812 1302 2882 prudentiam
1331 2811 1577 2873 doceant,
1607 2804 1941 2877 perpendam

354 2907 501 2975 quod
546 2921 651 2961 non
687 2920 783 2960 eas
813 2905 1010 2960 docere
1031 2903 1316 2973 quamdam
1352 2900 1615 2956 insaniam
1643 2898 1727 2952 vel
1754 2913 1943 2967 quam-

355 2997 480 3050 dam
503 2995 847 3050 traditionem
885 2995 1246 3049 sacrosanctis
1268 2993 1484 3047 Patrum
1513 2990 1943 3046 institutionibus

355 3088 719 3153 resistentem,
746 3086 830 3141 vel
853 3097 1001 3142 certe
1024 3085 1305 3155 cujusdam
1342 3086 1627 3139 insensatae
1653 3084 1731 3139 rei
1759 3082 1944 3138 adora—

356 3178 579 3239 tionem,
634 3176 726 3231 sed
752 3175 1118 3247 "prudentiam
1154 3183 1211 3231 ct
1258 3176 1395 3231 bene
1436 3175 1647 3228 vivendi
1698 3172 1942 3242 exempla

354 3268 696 3340 permiserit;
724 3283 823 3323 nec
868 3281 962 3322 eas
1000 3268 1054 3322 id
1094 3267 1272 3322 facere
1311 3267 1366 3321 in
1393 3266 1643 3331 ecclesia,
1682 3279 1858 3334 neque
1888 3265 1942 3318 in

354 3367 642 3421 conventu,
678 3374 854 3427 neque
895 3359 951 3412 in
997 3357 1222 3428 synodo,
1256 3358 1348 3412 sed
1395 3357 1645 3426 privatim
1689 3356 1943 3427 longaeva:

352 3452 532 3508 aetatis
556 3450 888 3521 experientia
920 3458 977 3505 ct
1019 3449 1255 3518 explosis
1281 3456 1502 3517 propter
1523 3448 1622 3503 :evi
1654 3448 1942 3502 maturita-

353 3553 465 3598 tem
502 3536 759 3597 vitioi-um
804 3532 1105 3605 incentivis,
1158 3541 1299 3595 inter
1331 3540 1657 3595 domesticos
1683 3540 1941 3608 permise-

354 3634 456 3699 rit;
494 3648 591 3689 nec
613 3649 822 3699 omnes,
854 3633 949 3688 sed
971 3647 1064 3688 eas
1100 3648 1220 3702 qua:
1254 3633 1307 3686 in
1337 3632 1591 3702 cperibus
1612 3631 1769 3686 bonis
1793 3630 1944 3684 testi-

355 3725 596 3779 monium
623 3725 839 3787 habent,
870 3739 993 3794 qua:
1016 3724 1257 3793 hospites
1276 3723 1557 3792 recipiunt,
1588 3736 1709 3791 qua:
1729 3729 1944 3775 sancto-

354 3832 477 3870 rum
526 3814 689 3887 pedes
731 3817 940 3880 lavant,
988 3831 1108 3884 qua:
1159 3814 1557 3869 tribulationem
1614 3812 1944 3884 patientibus

351 3907 787 3971 subministrant,
828 3921 948 3976 qum
1000 3921 1160 3960 omne
1209 3920 1345 3975 opus
1390 3906 1588 3960 bonum
1641 3904 1943 3958 subsecutae

351 4006 499 4059 sunt,
528 4013 753 4067 quarum
777 4006 832 4052 et
858 3997 974 4065 ipse
1009 3996 1271 4058 incessus,
1296 4003 1491 4057 motus,
1516 3994 1714 4059 vultus,
1740 4008 1938 4057 sermo,

350 4085 647 4147 silentium,
683 4087 971 4155 quamdam
1007 4099 1175 4139 saeue
1199 4084 1545 4140 continentia:
1574 4091 1742 4152 gestet
1774 4083 1941 4138 hone-
1987 4150 1993 4157 .

349 4184 574 4230 statem.
604 4176 761 4229 Aliud
800 4184 885 4230 est
918 4175 1062 4230 enim
1108 4172 1570 4229 matremfamilias
1618 4172 1944 4228 domesticos

352 4268 535 4321 verbis
581 4276 635 4321 et
669 4268 929 4336 exemplis
973 4268 1206 4331 erudire,
1243 4267 1387 4322 aliud
1436 4267 1783 4322 autestitibus
1830 4268 1943 4322 sive

349 4357 501 4412 enini
538 4357 904 4413 ecclesiastico
948 4358 1123 4412 ordini
1166 4357 1249 4413 vel
1274 4358 1436 4413 etiam
1468 4358 1696 4428 publicae
1738 4361 1944 4430 synodo

2049 1902 2162 1950 tum
2183 1908 2525 1954 recurrentes
2549 1897 2665 1967 ejus
2680 1901 3059 1957 sacratissima:
3072 1906 3492 1961 resurrectionis
3512 1906 3628 1975 glo-

2044 1985 2589 2058 riosummysterium
2616 1990 2879 2059 etprima:
2901 1992 3249 2060 cognoverint
3276 2002 3330 2048 et
3353 1995 3629 2066 discipulis

2046 2077 2377 2142 nuntiarent,
2430 2079 2827 2134 animadvertat
2859 2083 3001 2152 quod
3039 2083 3182 2139 aliud
3234 2086 3306 2140 sit
3355 2086 3422 2142 ad
3466 2089 3628 2157 pedes

2045 2169 2257 2225 Domini
2303 2171 2507 2239 sedere,
2548 2180 2603 2227 et
2636 2182 2832 2229 cratera
2871 2189 2990 2244 quae
3032 2177 3391 2246 prmmisimus
3445 2194 3623 2250 agere,

2045 2263 2190 2319 aliud
2218 2263 2450 2336 synodos
2472 2273 2728 2333 statuere,
2763 2267 2817 2321 in
2855 2270 3207 2325 conventibus
3238 2272 3383 2328 viros
3409 2272 3624 2338 docere,

2042 2369 2327 2424 perversas
2369 2358 2781 2414 constitutiones
2818 2359 3060 2427 tradere,
3108 2370 3167 2417 .et
3206 2363 3338 2418 viris
3382 2365 3626 2434 prmferri

2044 2451 2315 2512 appetere.
2341 2445 2446 2500 Illae
2471 2447 2670 2501 etenim
2694 2457 2879 2519 typum
2909 2458 3109 2505 sancta:
3136 2451 3389 2508 Ecclesiae
3410 2464 3627 2525 gestan-

2044 2541 2128 2590 tes
2151 2534 2377 2591 Domino
2420 2538 2815 2605 ministravere,
2850 2550 2905 2595 ct
2947 2543 3329 2600 sacratissimis
3357 2543 3473 2614 ejus
3497 2547 3629 2603 allo-

2043 2628 2186 2697 quiis
2219 2629 2481 2685 inhxrscre
2510 2646 2524 2684 :
2552 2631 2670 2686 istm
2702 2647 2829 2687 vero
2853 2634 2899 2687 si
2941 2648 3060 2702 qua:
3106 2642 3253 2701 sunt,
3287 2636 3518 2693 Athalim
3545 2639 3627 2693 ni-

2042 2720 2237 2774 mirum
2281 2721 2525 2790 excmpla
2557 2729 2872 2791 sequuntur,
2901 2739 3022 2793 qua:
3067 2724 3191 2779 dum
3231 2726 3361 2781 viris
3396 2742 3628 2797 praeesse

2044 2809 2427 2882 incompetcnti
2470 2811 2735 2867 desiderio
2769 2814 2994 2883 appetit,
3048 2828 3185 2883 pene
3235 2831 3394 2873 omne
3441 2833 3625 2875 semen

2043 2901 2247 2969 regium
2278 2901 2528 2967 extinxit,
2561 2909 2616 2956 et
2657 2902 2739 2956 sui
2783 2901 3150 2959 nefandissimi
3182 2905 3372 2974 capitis
3408 2907 3648 2962 interitu-

2043 2991 2110 3046 ad
2142 2991 2391 3046 ultimum
2423 2993 2698 3064 indignam
2726 2993 2889 3048 vitam
2915 2995 3073 3066 digna
3110 3007 3282 3052 morte
3308 2998 3500 3053 finivit.
3525 2999 3629 3055 Fc-

1968 3124 2018 3190 c
2046 3082 2191 3136 mina
2226 3097 2354 3137 vero
2380 3083 2582 3138 idcirco
2606 3084 2814 3139 Domini
2846 3093 2901 3140 et
2934 3088 3220 3142 salvatoris
3248 3090 3418 3144 nostri
3447 3106 3645 3145 resur—-

2046 3172 2300 3228 rectionis
2325 3173 2620 3228 nuntiatrix
2648 3190 2770 3253 esse
2811 3175 3174 3244 existimatur,
3202 3186 3263 3232 ut
3291 3179 3419 3249 quia
3452 3178 3629 3235 fuerat

2042 3265 2093 3320 ei
2118 3264 2315 3319 femina
2340 3266 2407 3320 de
2427 3267 2579 3321 caelis
2597 3267 2665 3322 ad
2685 3274 2859 3323 terras
2881 3269 3114 3325 venienti
3137 3270 3259 3336 iter,
3290 3271 3439 3326 fieret
3464 3272 3631 3328 etiam

2042 3358 2090 3414 ei
2112 3374 2144 3411 a
2176 3357 2335 3413 terris
2360 3356 2429 3411 ad
2454 3357 2621 3413 caelos
2653 3358 2894 3414 redeunti
2927 3359 3105 3424 index,
3150 3368 3204 3414 ct
3225 3376 3386 3430 quem
3410 3362 3637 3417 venien-

2043 3458 2149 3505 tem
2192 3448 2360 3504 Maria
2399 3450 2551 3520 virgo
2585 3450 2784 3505 mundo
2810 3449 2991 3513 edidit,
3032 3452 3341 3507 redeuntem
3371 3452 3626 3509 nimirum

2042 3540 2207 3594 Maria
2232 3554 2262 3593 a
2287 3540 2512 3595 Domino
2538 3548 2726 3595 sanata
2754 3540 3029 3610 discipulis
3059 3543 3351 3598 nuntiaret.
3385 3543 3485 3611 Qui
3516 3561 3630 3599 mc-

2042 3628 2220 3684 diator
2246 3628 2340 3682 Dei
2369 3637 2422 3683 et
2462 3630 2739 3684 hominum
2771 3646 2878 3685 non
2909 3630 3112 3687 idcirco
3141 3633 3209 3688 de
3239 3634 3436 3689 femina
3470 3644 3628 3693 natus

2041 3733 2161 3773 esse
2185 3719 2515 3789 perhibetur,
2542 3727 2601 3773 ut
2629 3719 2919 3775 femineum
2952 3737 3140 3776 sexum
3167 3724 3297 3779 viris
3327 3725 3623 3793 praeferret,

2042 3807 2135 3863 sed
2157 3816 2217 3862 ut
2241 3815 2533 3877 utrumque
2552 3823 2741 3863 sexum
2773 3809 2826 3864 in
2847 3809 3058 3878 culpam
3087 3809 3293 3879 lapsum
3317 3828 3428 3866 sua:
3449 3814 3628 3869 incar-

2042 3897 2277 3952 nationis
2318 3897 2593 3967 mysterio—
2626 3898 2913 3954 redimeret
2946 3900 3163 3954 :virum
3192 3901 3460 3968 videlicet,
3501 3906 3627 3974 quia

2042 3988 2126 4042 vir
2170 3988 2284 4041 tieri
2330 4003 2429 4056 pro
2471 3996 2653 4043 nostra
2690 3989 2863 4045 salute
2893 3990 3143 4060 dignatus
3177 3999 3280 4056 est,
3310 3990 3469 4061 juxta
3497 3993 3628 4053 illud

2043 4081 2447 4151 propheticum:
2476 4079 2611 4135 Ecce
2637 4082 2799 4135 veniet
2826 4083 2922 4146 vir,
2961 4083 3133 4138 oriens
3175 4096 3247 4138 est
3280 4102 3465 4139 nomen
3512 4088 3627 4157 ejus

2044 4170 2229 4241 (Zach.
2257 4170 2363 4243 v1);
2392 4170 2457 4225 de
2485 4184 2591 4240 quo
2629 4170 2916 4235 scribitur,
2945 4172 3127 4225 Iesum
3172 4172 3512 4227 Nazarenam
3554 4176 3628 4228 ri-

2045 4279 2160 4316 rum
2187 4262 2528 4334 approbatum
2551 4279 2584 4315 a
2605 4262 2713 4316 Deo
2758 4263 3033 4318 virtutibus
3062 4274 3109 4319 et
3148 4266 3328 4337 signis,
3357 4283 3474 4338 quat
3502 4268 3626 4337 fecit

2041 4370 2135 4425 per
2159 4352 2309 4407 illum
2351 4352 2610 4407 Dominus
2649 4353 2787 4425 (Act.
2811 4352 2910 4425 u);
2942 4354 3197 4410 feminam
3224 4372 3369 4423 vero,
3405 4359 3531 4429 quia
3557 4359 3626 4413 de

347 4446 599 4518 qumdam
645 4447 851 4504 inutilia
896 4449 1175 4503 docentem
1225 4449 1502 4513 interesse,
1539 4465 1658 4504 cum
1693 4448 1939 4505 videlicet
1966 4444 2243 4532 Dfemina
2282 4444 2397 4499 sine
2425 4444 2534 4500 ullo
2558 4445 2840 4501 masculini
2882 4462 3043 4502 sexus
3069 4449 3320 4519 contagio
3357 4452 3508 4507 nasci
3545 4451 3628 4508 di-

349 4537 454 4592 ista
487 4551 609 4606 quae
650 4538 973 4593 domesticos
1019 4540 1356 4605 exhortatur,
1395 4554 1581 4594 eorum
1610 4548 1662 4595 et
1688 4556 1843 4595 suum
1882 4540 1936 4595 in

348 4643 638 4682 commune
661 4629 883 4699 adipisci
906 4631 1086 4699 cupiat
1105 4630 1428 4701 profectum,
1460 4632 1550 4686 illa
1574 4647 1702 4687 vero
1730 4634 1782 4687 in
1810 4650 1939 4689 con-

349 4727 512 4773 ventu
569 4730 807 4776 ventosa:
849 4730 1057 4777 tantum
1103 4722 1274 4778 laudis
1308 4732 1363 4780 et
1406 4725 1571 4780 solius
1614 4729 1937 4799 arrogantia:

347 4809 555 4864 ambiat
596 4820 915 4880 appetitum.
973 4813 1125 4868 Sicut
1174 4815 1335 4884 igitur
1369 4824 1529 4884 caput
1561 4816 1657 4871 viri
1685 4818 1936 4874 Christus

345 4909 450 4964 est,
479 4899 556 4954 ita
595 4902 851 4957 nimirum
891 4913 1055 4973 caput
1101 4904 1342 4961 mulieris
1378 4907 1479 4969 vir,
1512 4922 1575 4962 ac
1614 4922 1711 4976 per
1751 4909 1853 4964 hoc
1892 4911 1937 4964 si

336 4982 545 5046 'tnulicr
574 4991 708 5047 viris
744 5008 980 5062 prmcsse
1024 4996 1211 5062 debet,
1241 4995 1354 5066 jam
1383 5011 1593 5073 eorum!
1619 5007 1779 5068 caput
1804 5009 1888 5054 est
1919 5016 1934 5052 :

347 5094 401 5141 ct
418 5087 465 5141 si
491 5086 584 5140 illa
605 5102 792 5142 eorum
814 5096 973 5159 caput
991 5099 1092 5156 est,
1123 5090 1197 5144 illi
1219 5091 1527 5147 necessario
1551 5101 1711 5162 caput
1732 5093 1935 5148 Christi

347 5186 528 5231 erunt.
562 5175 679 5233 Non
715 5187 895 5235 autem
921 5180 1060 5236 ullus
1084 5190 1244 5250 caput
1273 5182 1472 5238 Christi
1502 5192 1701 5253 pta-ter
1722 5183 1934 5238 Patrem

350 5282 468 5322 esse
506 5276 706 5337 potest,
767 5272 1060 5325 secundum
1116 5270 1449 5341 Apostolum‘
1481 5272 1574 5342 qui
1622 5271 1715 5337 ait,
1766 5271 1938 5345 Caput

346 5357 545 5413 Christi
586 5358 728 5415 Deus
752 5362 804 5435 (Ι
831 5362 953 5417 Cor.
973 5362 1072 5433 χι),
1101 5371 1155 5418 et
1180 5363 1247 5418 de
1270 5379 1377 5434 quo
1415 5364 1470 5419 in
1499 5363 1737 5419 Canticis
1764 5365 1935 5419 canti-

343 5465 537 5507 corum
563 5452 792 5509 dicitur:
818 5453 985 5526 Caput
1010 5455 1124 5525 ejus
1154 5472 1344 5509 aurum
1372 5455 1622 5527 Optimum
1649 5453 1825 5528 (Cant.
1857 5455 1931 5527 v).

346 5542 465 5600 Non
504 5545 669 5615 igitur
694 5546 888 5601 mulier
928 5546 1059 5601 viris
1096 5562 1155 5602 se
1194 5545 1530 5616 prmfereudo
1564 5561 1752 5602 eorum
1776 5558 1938 5619 caput.

345 5648 469 5690 esse
494 5636 672 5704 debet,
704 5654 769 5692 ne
790 5638 916 5694 dum
939 5652 1100 5693 sexus
1128 5638 1350 5693 inferior
1375 5638 1512 5693 ultra
1542 5653 1599 5692 se
1620 5655 1782 5711 quam
1804 5640 1936 5695 ordo

349 5728 612 5795 exposcit,
660 5729 873 5794 attollit,
923 5737 977 5784 et
1020 5730 1284 5799 superiori
1317 5730 1464 5784 sexui
1501 5730 1736 5803 praefert,
1772 5741 1933 5791 caput

2043 4542 2237 4606 gnatus
2264 4543 2366 4601 est,
2394 4542 2449 4590 et
2480 4534 2759 4605 utriusque
2787 4550 2950 4592 sexus
2986 4538 3127 4593 sicut
3154 4555 3313 4596 verus
3355 4541 3624 4611 conditor,

2041 4627 2115 4681 ita
2142 4627 2307 4682 etiam
2340 4643 2503 4683 verus
2522 4636 2806 4699 permanet
2830 4640 3184 4687 restaurator.

2620 4741 2847 4800 CAPUT
2884 4744 3024 4801 XIV.

2041 4852 2238 4908 Contra
2265 4871 2351 4910 eos
2370 4855 2460 4927 qui
2487 4855 2689 4929 dicunt,
2713 4857 2808 4911 Dei
2836 4867 3189 4929 cooperantes
3211 4878 3307 4917 nos
3332 4863 3640 4921 direximus-

2112 4940 2447 4999 eougregare
2479 4940 2596 4990 vos,
2639 4927 2744 4981 sive
2770 4927 3120 4999 congre'gavit
3148 4946 3242 4986 vos
3266 4932 3407 4988 Deus
3444 4934 3626 4990 consi-

2111 4993 2243 5049 lium
2266 4993 2543 5065 proprium
2574 5004 2815 5051 statuere
2840 4993 3047 5053 volens.

2111 5084 2170 5139 lu
2196 5086 2369 5155 primo
2415 5085 2574 5155 hujus
2620 5087 2801 5156 operis
2844 5087 2982 5144 libro
3023 5090 3076 5144 in
3105 5091 3277 5160 prima
3302 5103 3454 5163 parte
3478 5093 3620 5158 libri,

2042 5190 2166 5229 cum
2209 5190 2396 5229 eorum
2422 5189 2576 5231 error
2601 5175 2961 5232 discuteretur
2990 5180 3082 5249 qui
3116 5181 3300 5237 dicunt
3321 5181 3491 5237 Deum
3525 5185 3625 5239 sibi

2043 5281 2379 5337 conregnare,
2412 5265 2807 5336 aliquantulum
2855 5268 3183 5338 disputatum
3225 5280 3339 5341 est,
3367 5273 3510 5329 unde
3538 5274 3626 5331 hic

2043 5373 2257 5429 quoque
2303 5372 2476 5424 error,
2513 5373 2623 5428 quo
2666 5374 2725 5415 se
2756 5358 2854 5414 Dei
2896 5372 3227 5432 cooperantes
3276 5364 3627 5434 superciliose

2038 5452 2263 5522 jactant,
2288 5450 2492 5506 cessari
2528 5458 2706 5521 potest
2730 5469 2742 5506 :
2767 5453 3019 5522 quoniam
3036 5466 3090 5509 et
3117 5454 3284 5509 Deum
3311 5457 3413 5511 sibi
3436 5472 3631 5512 conre-

2044 5561 2226 5616 gnaro,
2251 5554 2306 5599 et
2334 5545 2428 5600 Dei
2474 5552 2826 5615 cooperantes
2864 5562 3004 5612 esse,
3040 5564 3145 5601 non
3183 5548 3475 5615 humiliter,
3518 5567 3625 5605 non

2046 5644 2353 5693 sanctorum
2381 5648 2568 5705 regum
2610 5635 2870 5707 exemplis
2891 5638 3161 5703 contenti,
3184 5654 3288 5694 non
3316 5649 3622 5695 sanctarum

2047 5728 2444 5799 Scripturarum
2478 5729 2902 5787 institutionibus
2928 5731 3193 5800 instructi,
3221 5730 3313 5788 sed
3342 5747 3622 5805 perperam
