4028 6180
441 301 578 357 “59

1317 300 1376 356 Β.
1418 297 1664 354 CAROLI
1705 298 1924 356 ΜΛΟΝΙ
1953 298 2098 355 οΡΡ.
2145 300 2326 356 PARS
2363 302 2425 358 ll.
2463 304 2704 362 SEC'I‘IO
2739 307 2802 361 ll.

3540 316 3668 371 illi}

440 425 494 470 et
513 417 651 469 fastu
677 397 1004 482 arrogantiae
1022 409 1148 467 elati
1169 410 1430 476 delirant;
1454 420 1508 467 et
1529 412 1655 468 dum
1676 419 1932 481 appetunt
1956 410 2010 464 id
2038 412 2085 472 Α
2112 411 2274 468 licunt
2287 414 2864 482 perenniterexstinxit
2882 415 3125 472 exitium.
3141 416 3499 488 Cogitationes
3523 441 3656 483 nam-

437 504 540 559 sibi
561 517 819 572 usurpare
851 501 992 572 quod
1016 517 1124 557 non
1140 501 1414 570 competit,
1445 501 1736 558 timendum
1756 509 1836 560 est
1865 502 1935 556 ne
1956 499 2009 554 id

438 593 688 648 amittant
712 592 852 661 quod
890 591 1160 660 competit,
1189 591 1314 660 quia
1347 591 1590 661 quisquis
1612 591 1781 646 ambit
1803 589 2006 657 illicita,

440 684 687 738 amittere
708 682 842 738 solet
869 681 1150 751 acquisita.
1170 680 1276 735 Sed
1303 681 1579 750 quoniam,
1605 689 1663 734 ut
1687 677 1892 749 prmlati
1919 693 2012 736 su—

440 793 577 841 mus,
603 777 656 830 in
677 775 1141 845 superioribushic
1164 789 1318 829 error
1337 791 1400 828 ex
1426 782 1577 843 parte
1605 774 1877 828 discussus
1904 777 2008 837 est,

439 885 580 924 nunc
609 869 677 924 ad
705 868 757 922 id
785 868 925 936 quod
952 867 1072 922 ideo
1104 867 1222 922 illos
1234 867 1325 937 qui
1347 866 1400 922 in
1415 867 1598 922 eadem
1612 865 1818 936 synodo
1847 864 2011 920 fuisse

438 963 731 1011 noscuntur
755 965 1104 1026 congregatos
1122 957 1324 1021 dicunt,
1356 966 1414 1009 ut
1432 970 1528 1023 per
1551 969 1645 1010 eos
1674 954 1815 1012 Deus
1835 953 2011 1008 consi-

439 1046 573 1102 lium
603 1062 760 1104 suum
788 1055 1070 1112 statueret,
1107 1053 1308 1100 nostrae
1335 1044 1710 1114 disputationis
1737 1051 2008 1098 vertamus

439 1139 746 1195 articulum.
785 1140 978 1194 Dicunt
1004 1138 1189 1194 enim:
1225 1136 1560 1206 Congregnvit
1596 1151 1683 1188 vos
1705 1133 1840 1187 Deus
1879 1149 2004 1186 con-

436 1229 612 1284 silium
649 1231 914 1300 proprium
945 1238 1171 1283 statuere
1200 1226 1561 1296 volens,quasi
1589 1240 1694 1279 non
1747 1225 2006 1294 scriptum

437 1321 526 1385 sit,
545 1319 648 1387 Qui
672 1321 787 1375 vivit
816 1322 868 1376 in
890 1331 1137 1375 (uernum
1165 1319 1353 1373 creavit
1382 1318 1558 1372 omnia
1583 1316 1759 1381 simul,
1775 1327 1829 1371 et
1853 1317 2008 1385 quasi

439 1413 548 1467 Deo
573 1413 816 1485 quautam
846 1427 980 1467 nova
1009 1411 1256 1466 voluntas
1283 1425 1406 1480 quae
1431 1418 1590 1464 antea
1631 1423 1738 1463 non
1771 1423 2010 1463 accesse-

437 1511 546 1565 rat,
574 1501 794 1556 accedat
818 1519 830 1553 :
863 1501 926 1554 de
951 1515 1058 1568 quo
1080 1515 1176 1568 per
1200 1500 1514 1568 prophetam
1561 1498 1816 1553 scribitur
1839 1516 1852 1551 :
1887 1496 2006 1552 Sta-

438 1592 536 1644 tuit
561 1607 623 1645 ea
648 1591 707 1645 in
725 1600 971 1644 «ternum
1005 1599 1052 1642 et
1078 1589 1132 1642 in
1151 1587 1398 1643 sarculum
1431 1587 1610 1642 seculi
1634 1628 1647 1648 ,
1696 1591 2009 1658 prmeept‘um

439 1683 624 1752 posuit,
649 1692 697 1736 et
735 1699 838 1740 non
870 1681 1146 1752 prazteribit
1205 1679 1376 1753 (Psal.
1406 1682 1660 1750 CXLVIII);
1718 1688 1810 1734 aut
1853 1680 2006 1748 quasi

2108 515 2213 571 que
2233 503 2415 559 cordis
2440 502 2558 571 ejus
2587 506 3110 575 praedestinationem
3135 507 3330 564 interni
3361 508 3474 578 ejus
3491 511 3662 580 judicii

2108 590 2358 649 innuunt.
2382 593 2439 646 in
2462 596 2656 663 quibus
2679 603 2872 650 cuncta
2898 599 3132 664 reposita
3170 606 3296 653 sunt
3321 614 3440 669 qua:
3461 604 3539 658 vel
3565 605 3664 660 fue-

2106 689 2235 736 runt
2259 682 2341 736 vel
2396 686 2743 753 sequentibus
2769 687 2982 742 saeculis
3010 686 3189 743 futura
3217 691 3526 748 succedunt.
3570 696 3668 750 llo-

2107 769 2311 828 minum
2333 776 2531 830 etenim
2556 777 2778 832 consilia
2826 777 3142 847 plerumque
3181 777 3546 837 frustrantur:
3575 786 3662 840 Do-

2108 863 2238 918 mini
2263 874 2443 920 autem
2468 867 2751 922 consilium
2778 877 3060 938 permanet
3104 868 3160 924 iu
3185 879 3464 928 :eternum.
3510 873 3662 932 Home

2106 953 2250 1010 enim
2276 957 2520 1012 mortalis
2546 958 2746 1014 caduca
2789 960 2949 1028 sapit,
2973 968 3210 1018 aeternus
3255 962 3509 1019 Dominus
3544 982 3669 1021 nun-

2107 1059 2266 1113 quam
2299 1047 2741 1116 reprehendentla
2770 1049 3070 1104 constituit.
3102 1050 3255 1107 Unde
3281 1058 3339 1108 et
3361 1051 3462 1107 hoc
3499 1054 3664 1108 consi-

2107 1137 2239 1192 lium
2253 1139 2396 1208 quod
2426 1139 2497 1194 illi
2529 1141 2864 1210 dicuntquod
2879 1157 2976 1212 per
2989 1156 3082 1196 eos
3102 1143 3360 1199 Dominus
3388 1145 3667 1208 statuisset,

2108 1226 2228 1282 ideo
2253 1243 2284 1282 a
2313 1228 2539 1284 Domino
2573 1238 2836 1286 statutum
2864 1245 2984 1286 esse
3027 1232 3246 1289 minime
3274 1232 3528 1298 creditur,
3554 1236 3668 1304 quia

2108 1319 2402 1374 Dominicis
2425 1323 2707 1392 prazceptis
2749 1323 3019 1379 contraire
3063 1323 3413 1393 dignoscitur,
3455 1341 3570 1382 cum
3598 1327 3670 1380 vi-

2108 1410 2302 1466 delicet
2323 1411 2376 1466 et
2396 1425 2492 1482 per
2520 1413 2732 1468 Veteris
2755 1422 2811 1468 et
2843 1429 2938 1483 per
2985 1414 3118 1470 Novi
3153 1416 3478 1473 Testamenti
3526 1417 3672 1484 pagi—

2109 1517 2233 1555 nam
2257 1501 2400 1556 Deus
2425 1517 2486 1556 se
2522 1503 2696 1557 solum
2733 1504 2945 1558 adorari
2991 1519 3084 1559 seu
3117 1506 3222 1561 coli
3257 1505 3564 1570 instituerit,
3590 1507 3669 1561 isti

2110 1601 2289 1647 autem
2315 1591 2573 1662 quasdam
2600 1609 2688 1650 res
2714 1594 3015 1652 insensatas
3043 1596 3347 1656 adoranda:
3368 1597 3481 1654 sive
3510 1595 3652 1652 colen

2112 1684 2209 1738 das
2263 1698 2383 1739 esse
2437 1684 2822 1748 absurdissima
2875 1686 3256 1744 deliberatione
3313 1693 3670 1756 percenseam.

442 1773 603 1828 ullius
649 1771 978 1828 adminiculo
1022 1771 1269 1842 indiguus
1298 1771 1498 1828 idcirco
1522 1771 1654 1826 alios
1690 1777 2008 1840 congreget,
2045 1741 2085 1804 Β
2112 1771 2227 1829 Non
2254 1773 2398 1830 enim
2429 1773 2569 1828 Deus
2603 1741 3000 1830 commutabilis
3027 1783 3125 1838 est,
3165 1741 3225 1830 ut
3420 1741 3570 1831 antea
3601 1777 3672 1832 in.

440 1873 499 1918 ut
518 1864 750 1934 plurium
786 1863 871 1919 dcl
893 1863 1168 1918 beratione
1212 1861 1337 1930 quid
1367 1876 1526 1928 agere
1554 1860 1748 1918 debeat
1793 1865 2010 1914 statuat.

440 1956 536 2012 Est
565 1955 707 2010 enim
735 1953 1007 2008 consilium
1044 1969 1072 2008 a
1120 1951 1448 2007 consulendo
1478 1951 1680 2006 dictum
1705 1989 1720 2014 ,
1774 1965 1882 2019 quo
1919 1948 2015 2002 ali--

441 2045 570 2114 quid
588 2053 680 2100 aut
710 2041 940 2098 faciendi
970 2051 1063 2096 aut
1109 2058 1212 2097 non
1241 2039 1468 2096 faciendi
1505 2040 1721 2095 assidua
1769 2038 2017 2095 consile-

441 2135 648 2189 ratione
674 2133 998 2189 decernitur.
1026 2131 1120 2186 Est
1143 2131 1286 2186 enim
1315 2145 1484 2201 genus
1510 2144 1688 2184 causae
1719 2128 1862 2198 quod
1891 2142 2014 2182 ora-

441 2231 588 2279 tores
613 2222 1015 2279 deliberativum
1047 2220 1230 2275 dicunt
1255 2260 1271 2284 ,
1326 2220 1377 2272 in
1412 2234 1521 2288 quo
1546 2232 1740 2288 genere
1793 2216 1860 2272 de
1899 2217 2016 2287 qui-

440 2313 674 2369 buslibet
694 2313 816 2368 vitae
842 2311 1162 2367 utilitatibus
1188 2310 1318 2379 quid
1350 2318 1442 2364 aut
1464 2309 1655 2364 debeat
1670 2315 1762 2362 aut
1788 2324 1893 2362 non
1925 2307 2018 2361 de-

441 2406 566 2465 beat
592 2404 706 2464 ﬁeri
735 2411 1013 2463 tractatur.
1042 2401 1178 2457 Sunt
1207 2402 1347 2455 enim
1378 2401 1428 2456 in
1450 2417 1514 2456 eo
1541 2400 1720 2455 suasio
1737 2409 1791 2453 et
1816 2400 2017 2454 dissua-

443 2495 544 2560 sio,
576 2495 629 2549 id
651 2501 753 2559 est,
777 2494 842 2550 de
883 2493 1175 2564 expetendo
1207 2498 1260 2546 et
1295 2491 1570 2563 fugiendo,
1591 2491 1657 2546 de
1692 2489 1936 2545 faciendo
1965 2500 2018 2544 et

445 2602 552 2652 non
590 2585 854 2642 faciendo.
884 2586 943 2641 ln
970 2586 1222 2641 suasione
1251 2592 1428 2640 autem
1455 2585 1558 2639 duo
1604 2593 1727 2639 sunt
1757 2583 1974 2637 fortiora
1999 2626 2013 2648 ,

447 2691 570 2750 spes
592 2687 646 2734 et
673 2685 866 2733 metus.
901 2676 1033 2744 Quia
1066 2676 1225 2749 igitur
1256 2676 1398 2730 Deus
1419 2674 1756 2744 omnipotens
1783 2674 2018 2738 εει,ἰάεο

447 2768 642 2830 nullius
668 2776 750 2828 cst
799 2767 1066 2837 indiguus,
1090 2767 1315 2836 ideoque
1362 2781 1462 2820 nec
1495 2765 1716 2819 alterius
1769 2763 2019 2820 suasione

445 2861 513 2924 ad
534 2877 596 2916 ea
623 2876 742 2931 quas
771 2875 876 2916 non
908 2859 1020 2914 vult
1051 2859 1349 2930 peragenda
1390 2865 1734 2928 promovetur
1756 2896 1773 2920 ,
1820 2871 1918 2910 nec
1952 2855 2018 2908 ab

449 2953 534 3023 bis
561 2968 679 3022 qua:
699 2967 857 3022 agere
889 2951 1001 3006 vult
1024 2950 1182 3005 ullius
1210 2949 1544 3004 dissuasione
1565 2957 1888 3011 removetur,
1921 2961 2018 3000 nec

447 3043 678 3122 quodam
723 3051 868 3097 metu
905 3043 972 3097 ab
1000 3041 1282 3110 aliquibus,
1307 3056 1426 3110 qure
1466 3055 1624 3110 agere
1656 3040 1765 3093 vult
1811 3037 2013 3107 agenda

449 3135 714 3198 hortatur,
742 3147 840 3187 nec
880 3147 1000 3187 cum
1057 3132 1162 3186 alio
1220 3131 1424 3186 consilii
1451 3131 1534 3184 sui
1582 3123 2085 3185 deliberationem

449 3225 653 3280 statuit.
683 3224 888 3292 Quibus
919 3224 1166 3280 omnibus
1191 3225 1232 3278 si
1287 3222 1546 3293 indigeret
1571 3261 1585 3286 ,
1648 3221 2020 3276 necessitatem

449 3325 742 3386 pateretur,
771 3317 1111 3386 omnipotens
1139 3332 1242 3370 nun
1295 3324 1480 3370 esset:
1517 3322 1600 3370 est
1628 3321 1804 3370 autem
1851 3313 2023 3368 omni-

450 3416 660 3480 potens,
691 3407 890 3462 nullam
919 3407 1083 3478 igitur
1133 3405 1477 3477 indigmtiam
1503 3405 1682 3470 habet,
1711 3420 1774 3460 ac
1799 3420 1895 3473 per
1923 3405 2022 3460 hoc

450 3503 724 3562 incautum
749 3509 830 3556 est
850 3501 1027 3556 dicere
1055 3515 1069 3554 :
1103 3499 1440 3569 Congregavit
1473 3515 1557 3554 vos
1583 3496 1722 3552 Deus
1752 3495 2022 3551 consilium

450 3595 718 3665 proprium
744 3601 969 3647 statuere
1000 3590 1191 3646 volens.
1215 3588 1508 3645 Consilium
1535 3603 1767 3656 namque
1810 3585 1904 3641 Dei
1930 3585 2021 3639 Fi-

454 3685 560 3739 lius
583 3692 686 3748 est,
713 3683 802 3753 qui
843 3699 947 3737 non
986 3691 1221 3738 statutus
1261 3690 1346 3738 cst
1385 3697 1414 3734 a
1445 3680 1608 3743 Patre
1631 3680 1859 3750 quadam
1891 3679 2023 3735 deli-

452 3775 750 3839 beratione,
781 3775 870 3828 sed
905 3773 1115 3844 genitus
1143 3780 1268 3826 ante
1315 3771 1508 3828 srecula
1540 3768 1792 3824 inell‘abili
1831 3768 2025 3824 nativi-

457 3872 584 3929 tate,
615 3878 773 3934 quem
817 3862 978 3918 Pater
1015 3863 1299 3933 genuisse,
1339 3870 1393 3917 et
1435 3861 1551 3918 sine
1597 3876 1702 3930 quo
1750 3875 2023 3929 nunquam

455 3952 620 4008 fuisse
646 3970 676 4008 a
703 3952 945 4008 ﬁdelibus
989 3953 1245 4008 creditur.
1293 3952 1388 4009 Est
1428 3951 1570 4007 enim
1615 3950 1876 4019 sapientia
1931 3950 2023 4004 Dei

457 4043 631 4098 Patris
678 4059 798 4114 qua:
839 4043 887 4097 ei
938 4044 1362 4112 consempiterna
1405 4050 1524 4107 est,
1578 4051 1632 4096 et
1681 4058 1801 4111 quae
1856 4043 2022 4096 dicit:

455 4139 583 4198 Ante
611 4133 764 4189 colles
815 4151 909 4204 ego
939 4133 1288 4205 parturiebar,
1318 4133 1489 4186 adhuc
1515 4142 1707 4185 terram
1758 4148 1860 4185 non
1887 4131 2023 4200 fece-

457 4238 557 4292 rat,
589 4226 802 4297 quando,
822 4225 1040 4296 parabat
1071 4223 1240 4288 caelos,
1276 4223 1490 4276 aderam
1516 4221 1625 4286 illi;
1661 4221 1784 4274 dum
1811 4221 2024 4274 vallaret

456 4317 588 4372 mari
614 4316 888 4370 terminum
905 4355 918 4379 ,
945 4323 992 4368 et
1037 4313 1197 4383 legem
1225 4321 1435 4382 poneret
1462 4311 1635 4381 aquis,
1667 4327 1759 4381 ego
1785 4327 1900 4363 cum
1934 4309 2025 4363 illo

2112 1862 2360 1916 bibuerat
2387 1863 2546 1917 modo
2571 1863 2872 1933 peragenda
2911 1863 3169 1918 concedat
3192 1903 3207 1926 ,
3264 1865 3359 1919 sed
3383 1865 3521 1934 quod
3559 1871 3672 1918 ante

2113 1952 2306 2008 smcula
2337 1953 2392 2006 in
2421 1953 2646 2008 consilio
2681 1969 2796 2020 suo,
2821 1956 2923 2009 hoc
2943 1965 3046 2019 est,
3073 1955 3126 2009 in
3154 1955 3291 2009 Filio
3317 1996 3331 2018 ,
3375 1956 3672 2019 constituit,

2113 2057 2325 2112 semper
2343 2043 2554 2098 stabilia
2575 2057 2691 2098 esse
2711 2045 2992 2113 permittit,
3023 2045 3157 2100 lsaia
3185 2050 3476 2102 attestante
3507 2045 3590 2114 qui
3613 2060 3670 2098 ex

2112 2148 2342 2202 persona
2369 2135 2462 2191 Dei
2509 2135 2684 2192 Patris
2732 2136 2835 2194 ait:
2869 2135 3033 2194 Omne
3069 2136 3347 2191 consiﬁum
3378 2152 3544 2190 nteant
3575 2145 3674 2188 sta-

2115 2223 2216 2278 bile
2233 2226 2351 2289 erit,
2383 2235 2428 2279 et
2465 2226 2638 2280 omnia
2681 2241 2998 2296 quacunque
3029 2226 3248 2296 cogitavi
3289 2225 3518 2295 efﬁciam
3544 2222 3665 2293 (Ita.

2116 2315 2282 2386 xLVI).
2308 2315 2420 2372 Hoc
2449 2316 2650 2372 etenim
2683 2315 2985 2380 consilium,
3010 2315 3062 2368 id
3096 2324 3177 2370 est
3220 2315 3410 2378 Filius,
3436 2322 3488 2367 et
3523 2321 3668 2366 testa-

2116 2420 2354 2465 mentum
2402 2410 2613 2472 dicitur,
2645 2409 2786 2466 unde
2815 2416 2868 2463 et
2896 2407 3155 2464 Jerernias
3198 2409 3275 2462 ait
3301 2422 3316 2459 :
3342 2406 3403 2462 Si
3442 2423 3540 2460 non
3559 2411 3673 2460 esset

2116 2512 2474 2559 testamentum
2501 2519 2673 2556 meum
2694 2503 2748 2555 in
2773 2500 3010 2555 custodia
3045 2499 3128 2553 die
3148 2516 3210 2552 ac
3241 2508 3412 2563 nocte,
3438 2503 3674 2568 pracepta

2117 2594 2230 2648 caeli
2248 2604 2294 2648 et
2309 2605 2460 2649 terra:
2480 2609 2584 2646 non
2603 2591 2878 2647 dedissem.
2903 2591 2976 2645 De
2993 2606 3105 2660 quo
3120 2598 3445 2646 testamento
3465 2588 3670 2642 dicitur:

2118 2685 2185 2739 Et
2230 2693 2589 2742 testamentum
2636 2683 2780 2752 pacis
2828 2682 2924 2736 erit
2962 2682 3016 2736 in
3044 2679 3362 2736 Jerusalem.
3419 2677 3674 2748 Quomodo

2117 2791 2245 2846 ergo
2267 2776 2405 2830 Deus
2431 2773 2547 2830 illos
2580 2774 2702 2829 ideo
2720 2780 3066 2842 congregaret
3093 2780 3152 2825 ut
3172 2787 3270 2840 per
3298 2787 3392 2828 eos
3411 2768 3674 2825 consilium

2117 2868 2396 2938 proprium
2414 2875 2695 2931 statueret,
2719 2875 2778 2922 ut
2824 2866 2899 2920 illi
2930 2865 3202 2922 somniant
3225 2906 3240 2930 ,
3301 2865 3354 2920 in
3389 2879 3492 2934 quo
3542 2870 3674 2918 tanta

2118 2967 2201 3014 est
2224 2959 2450 3014 scientia
2470 2967 2528 3014 ut
2555 2973 2655 3014 nec
2678 2956 2946 3025 praeterita
2991 2956 3040 3011 ei
3069 2955 3337 3025 quadam,
3365 2969 3462 3010 nec
3493 2952 3670 3014 futura,

2119 3053 2211 3107 sm
2235 3051 2414 3106 omnia
2449 3051 2730 3120 prmsentia
2785 3049 2910 3111 sint,
2942 3045 3093 3116 cujus
3133 3048 3489 3103 substantiam
3533 3043 3673 3100 sicuti

2120 3150 2222 3206 est,
2251 3141 2396 3196 nulla
2433 3148 2610 3210 potest
2651 3140 2916 3210 attingere
2957 3139 3170 3207 opinio,
3223 3139 3371 3192 nulla
3414 3133 3673 3204 complecti

2121 3233 2380 3297 deﬁnitio,
2404 3233 2654 3302 quoniam
2687 3231 2804 3300 plus
2848 3237 2933 3286 est
2956 3245 3116 3298 quam
3162 3230 3422 3298 quidquid
3472 3228 3570 3284 diei
3595 3235 3674 3279 aut

2121 3322 2345 3392 cogitari
2380 3322 2586 3391 potest?
2610 3321 2705 3378 Est
2737 3321 2879 3374 enim
2925 3320 3144 3390 spiritus
3198 3328 3393 3378 natura
3428 3317 3632 3387 simplex
3657 3356 3674 3380 ,

2123 3411 2212 3466 lux
2237 3411 2638 3476 inaccessibilis,
2665 3399 2965 3476 invisibilis,
2996 3411 3409 3474 inaestimabilis,
3436 3409 3673 3468 inﬁnitus,

2121 3501 2410 3572 perlectus,
2450 3501 2649 3557 nullius
2668 3517 2868 3572 egens,
2915 3511 3166 3563 aeternus,
3201 3500 3553 3564 immortalis,
3601 3496 3675 3550 cui

2121 3593 2300 3648 omnia
2322 3593 2528 3657 vivunt,
2559 3607 2590 3646 a
2617 3607 2722 3660 quo
2749 3592 2929 3647 omnia
2977 3591 3186 3646 initium
3220 3598 3507 3646 consecuta
3529 3593 3640 3645 sunt
3659 3627 3675 3650 ,

2122 3685 2481 3748 venerandus,
2507 3682 2824 3753 diligendus,
2844 3682 3177 3742 metuendus,
3206 3691 3363 3736 extra
3384 3696 3537 3750 quem
3558 3675 3674 3731 nihil

2121 3782 2226 3839 est,
2259 3773 2366 3828 imo
2398 3772 2452 3830 in
2482 3787 2588 3840 quo
2641 3779 2764 3826 sunt
2801 3769 2981 3824 omnia
3033 3784 3259 3838 quaeque
3319 3777 3442 3824 sunt
3483 3777 3675 3821 sursum

2123 3867 2456 3927 deorsumve,
2494 3879 2700 3919 smnma
2737 3870 2790 3918 et
2827 3863 2950 3925 ima,
2977 3862 3321 3930 omnipotens
3346 3901 3362 3924 ,
3414 3858 3582 3914 omnia
3611 3865 3677 3908 te-

2125 3973 2275 4022 nens,
2303 3971 2426 4010 vere
2453 3956 2505 4010 in
2525 3955 2774 4011 omnibus
2805 3954 2954 4007 dives
2976 3993 2990 4015 ,
3042 3953 3167 4021 quia
3205 3951 3343 4004 nihil
3370 3959 3452 4005 cst
3476 3947 3559 4002 ubi
3585 3959 3678 3999 non

2125 4050 2214 4113 sit,
2238 4065 2336 4103 nec
2363 4046 2558 4115 aliquis
2583 4045 2632 4100 ei
2662 4045 2808 4099 locus
2841 4043 3036 4097 absens
3082 4051 3182 4104 εει,
3209 4041 3450 4110 exceptis
3504 4034 3676 4105 impio~

2127 4154 2244 4193 rum
2278 4137 2550 4198 cordibus,
2574 4135 2664 4190 ubi
2691 4133 2934 4203 quamvis
2971 4133 3040 4186 sit
3087 4147 3182 4200 per
3204 4133 3498 4200 potentiam
3524 4171 3537 4195 ,
3582 4144 3676 4182 non

2125 4239 2208 4286 est
2230 4238 2407 4284 tamen
2445 4242 2540 4296 per
2575 4225 2820 4296 gratiam,
2864 4223 2956 4292 qui
2991 4223 3187 4292 ubique
3214 4236 3336 4276 esse
3382 4222 3466 4276 his
3504 4219 3677 4275 divinat

2126 4320 2258 4390 legis
2283 4315 2604 4372 testimoniis
2632 4312 3030 4382 comprobatur.
3058 4310 3148 4364 Ait
3196 4309 3342 4363 enim
3381 4308 3674 4364 Psalmista:

454 4424 595 4461 eram
626 4407 806 4480 (Prov.
830 4409 972 4478 VIII).
1003 4403 1133 4476 Qum
1165 4404 1325 4465 etiam
1357 4401 1726 4458 celsitudinem
1756 4416 1908 4456 suam
1943 4401 2028 4456 bis
2059 4430 2109 4489 υ
2133 4408 2246 4474 Quo
2273 4407 2356 4459 ibo
2394 4405 2457 4458 ab
2480 4403 2664 4474 spiritu
2690 4411 2799 4465 tuo,
2823 4411 2870 4454 et
2897 4419 2928 4453 a
2955 4401 3088 4470 facie
3122 4410 3213 4452 tua
3228 4416 3332 4468 quo
3357 4398 3589 4470 fugiam?
3625 4394 3676 4450 Si

455 4497 638 4564 verbis,
655 4495 985 4564 demonstrat
1012 4495 1232 4550 dicens:
1264 4494 1376 4565 Ego
1407 4494 1458 4547 in
1490 4492 1754 4547 altissimis
1796 4488 2022 4546 habita-vi

454 4600 505 4644 cl
546 4589 762 4641 thronus
796 4603 939 4640 meus
965 4586 1021 4640 in
1048 4585 1290 4643 columna
1331 4585 1481 4638 nubis
1508 4583 1696 4656 (Eccli.
1743 4584 1925 4655 XXIV);
1968 4592 2023 4636 et

459 4679 648 4737 iterum
675 4691 690 4730 :
721 4675 916 4747 Cyrum
942 4676 1054 4730 caeli
1083 4676 1295 4730 circuivi
1312 4674 1425 4730 sola
1446 4716 1462 4740 ,
1501 4684 1548 4728 et
1573 4677 1629 4728 tn
1651 4675 1890 4745 ﬂuctibus
1913 4691 2025 4728 ma-

455 4770 528 4825 ris
550 4767 828 4834 ambulavi,
850 4769 904 4821 in
939 4784 1138 4822 onmem
1169 4776 1369 4837 gentem
1407 4776 1453 4820 et
1481 4767 1535 4819 in
1556 4783 1756 4820 omnem
1778 4765 2023 4837 populum

454 4858 730 4934 primatum
773 4859 943 4922 tenui;
981 4865 1035 4911 et
1077 4857 1270 4911 iterum
1310 4874 1322 4910 :
1366 4853 1480 4926 Ego
1534 4856 1683 4925 quasi
1726 4854 2024 4908 terebintltis

457 4951 675 5024 expendi
720 4967 891 5004 ramos
935 4966 1094 5003 meos.
1137 4948 1248 5022 Ego
1294 4949 1391 5020 feci
1418 4957 1470 5002 ut
1499 4949 1723 5002 oriretur
1760 4945 1945 5013 lucifer
1970 4945 2024 4997 in

452 5043 598 5101 catlo.
622 5043 734 5115 Ego
759 5059 933 5098 omnes
956 5043 1044 5113 qui
1081 5058 1174 5114 me
1201 5040 1378 5104 amant
1433 5040 1613 5110 diligo.
1659 5037 1849 5099 Exitus
1889 5035 2023 5090 enim

453 5135 553 5192 mei
581 5135 752 5190 exitus
781 5133 897 5187 vita:
919 5142 1058 5186 sunt.
1110 5132 1185 5187 De
1213 5131 1316 5186 hoc
1357 5132 1502 5186 enim
1536 5129 1759 5184 consilio
1787 5126 2025 5181 Psalmo-

455 5227 687 5298 graphus
714 5225 848 5280 dixit
871 5239 885 5278 :
917 5220 1205 5278 Consilium
1233 5222 1444 5275 Domini
1478 5229 1648 5288 manet
1668 5221 1722 5273 in
1749 5228 2022 5280 mternum,

455 5319 787 5390 cogitationes
802 5315 971 5370 cordis
983 5315 1096 5386 ejus
1113 5316 1166 5368 in
1180 5313 1424 5375 saeculum
1447 5312 1622 5368 surculi
1641 5311 1812 5384 (Psal.
1835 5321 2019 5379 xxXV).

456 5406 556 5474 Qui
572 5407 688 5462 ideo
708 5405 986 5462 consilium
1008 5404 1224 5469 dicitur,
1248 5419 1313 5459 eo
1338 5403 1480 5472 quod
1503 5400 1888 5456 incarnationis
1909 5397 2024 5468 ejus

457 5512 707 5558 arcanum
732 5497 799 5550 ad
815 5493 1460 5552 consulendum-humano
1484 5490 1667 5560 generi
1705 5489 1776 5544 sit
1799 5503 2017 5544 conces-

456 5603 594 5652 sum,
619 5586 760 5655 quod
787 5585 1068 5642 consilium
1101 5583 1242 5638 nulla
1281 5590 1440 5638 :etate
1477 5580 1803 5647 dissolvitur,
1833 5578 1928 5636 sed
1969 5578 2022 5631 in

458 5687 713 5738 aeternum
740 5677 1075 5753 manet,quia
1099 5674 1436 5761 triumphalis
1456 5689 1600 5728 mors
1616 5673 1829 5745 Domini
1846 5672 2022 5728 diabo-

2123 4495 2402 4554 asccndero
2440 4495 2496 4548 in
2519 4491 2722 4556 coelum,
2748 4499 2804 4544 tu
2832 4487 2939 4544 illic
2963 4507 3034 4554 es,
3061 4499 3108 4543 et
3136 4490 3180 4543 si
3203 4489 3512 4543 descendere
3533 4488 3584 4540 in
3607 4486 3678 4537 in-

2123 4590 2350 4660 fernum,
2379 4584 2534 4647 ades;
2565 4584 2611 4637 si
2641 4597 2905 4651 sumpsero
2945 4597 3139 4651 pennas
3175 4596 3318 4634 meas
3357 4589 3475 4632 ante
3503 4577 3672 4634 lucem,
3765 4633 3768 4638 η

2123 4691 2171 4734 et
2197 4678 2492 4734 habitavere
2517 4674 2572 4727 in
2595 4671 2837 4727 extremis
2864 4671 3024 4725 maris
3048 4711 3064 4734 ,
3118 4671 3306 4724 etenim
3352 4668 3474 4723 illuc
3510 4680 3676 4720 manus

2123 4781 2214 4824 tua
2243 4767 2457 4822 deducet
2516 4779 2596 4816 me
2625 4802 2641 4827 ,
2701 4769 2747 4815 et
2786 4759 2968 4813 tenebit
3029 4775 3111 4812 me
3155 4759 3370 4812 dextera
3407 4767 3495 4811 tua
3521 4751 3672 4826 (Psal.

2124 4857 2407 4928 cxxxvm).
2437 4856 2495 4911 In
2521 4855 2658 4910 lsaia
2682 4867 2894 4923 quoque
2934 4851 3168 4920 legitur:
3212 4848 3441 4904 Sanctus
3488 4855 3675 4902 sanctus

2123 4963 2332 5022 sanctus
2355 4948 2608 5002 Dominus
2645 4945 2782 4998 Deus
2817 4941 3067 5004 Sabaoth,
3087 4939 3240 5011 plena
3266 4950 3340 4994 est
3365 4949 3500 4993 terra
3524 4935 3674 5006 gloria

2125 5039 2411 5111 majestatis
2437 5045 2538 5090 tua:
2569 5033 2702 5106 (lsa.
2729 5029 2826 5103 VI).
2858 5029 2962 5085 Per
2981 5028 3268 5083 Jeremiam
3298 5041 3507 5097 quoque
3527 5021 3670 5078 dicit:

2128 5131 2268 5186 Deus
2291 5125 2709 5200 appropinquans
2748 5137 2839 5192 ego
2869 5136 3006 5185 sum,
3038 5118 3160 5172 dicit
3194 5117 3466 5179 Dom-inus,
3493 5122 3537 5167 et
3580 5124 3668 5175 non

2128 5223 2264 5276 Deus
2299 5218 2362 5273 de
2391 5216 2668 5286 longinquo
2691 5229 2709 5267 :
2733 5211 2872 5283 quod
2897 5211 2942 5264 si
2970 5209 3249 5263 absconsus
3276 5206 3432 5277 fuerit
3467 5205 3606 5256 homo
3628 5199 3674 5248 in

2126 5311 2334 5375 abditis,
2357 5324 2447 5378 ego
2476 5321 2593 5360 eum
2627 5303 2824 5357 videbo.
2878 5301 3067 5356 Nonne
3091 5297 3274 5352 caelum
3313 5305 3361 5350 et
3386 5304 3570 5348 terram
3593 5301 3674 5351 eqo

2126 5399 2347 5470 impleo?
2370 5397 2494 5451 dicit
2525 5394 2775 5449 Dominus
2806 5391 3020 5463 (Jerem.
3069 5389 3246 5458 XXIII).
3276 5385 3436 5438 Liber
3484 5387 3677 5470 quoque

2127 5465 2414 5560 Sapientim
2439 5486 2599 5541 dicit:
2645 5482 2870 5539 Sanctus
2899 5481 3033 5533 enim
3080 5478 3288 5548 spiritus
3314 5469 3596 5544 sapientior,
3631 5465 3671 5515 ει

2128 5598 2232 5635 non
2259 5578 2489 5632 liberavit
2513 5575 2844 5629 maledictum
2865 5589 2896 5623 a
2919 5570 3071 5624 labiis
3094 5569 3224 5631 suis,
3247 5566 3488 5635 quoniam
3511 5568 3670 5611 renum

2127 5673 2274 5745 illius,
2300 5671 2439 5744 testis
2461 5679 2533 5746 est
2559 5667 2723 5746 Deus,
2742 5675 2786 5718 ct
2824 5662 2994 5716 cordis
3033 5660 3174 5713 illius
3205 5654 3490 5714 speculator
3512 5659 3580 5704 est
3607 5660 3669 5698 νδ·
3698 5727 3704 5734 .
