4028 6180
344 334 484 401 1141,

1117 323 1296 382 LIBRI
1329 321 1670 386 CAROLINI.
1710 353 1779 364 ——
1814 319 2033 378 CAPIT.
2074 317 2163 371 DE
2200 313 2389 370 lMAG.
2426 343 2496 353 —
2532 312 2661 368 LIB.
2700 309 2788 366 III.

3441 305 3605 362 M4"

336 462 445 509 rus,
468 452 516 499 et
548 443 742 513 lingua:
790 441 1020 507 auditor,
1047 440 1170 510 quia
1202 439 1417 509 spiritus
1444 420 1659 495 Domini
1699 432 1908 505 replebit
1937 432 1986 492 Α
2002 428 2279 499 jestatibus
2304 426 2499 496 faciens
2534 424 2773 495 prodigia
2808 416 3006 484 (Exod.
3032 418 3162 491 xv)?

337 532 515 587 orbem
577 540 839 585 terrarum
881 528 1034 599 (Sap.
1061 526 1123 599 l).
1175 527 1233 580 ln
1280 523 1657 581 Ecclesiastico
1699 534 1917 592 quoque

336 618 632 677 scribitur:
661 614 921 687 Quoniam
946 616 1109 671 multa
1137 614 1393 687 sapientia
1419 614 1530 679 Dei,
1559 612 1708 683 fortis
1737 612 1792 666 in
1817 626 1913 681 po-

337 712 518 775 tentia,
549 707 727 765 videns
760 724 937 763 omnes
964 707 1075 762 sine
1115 706 1527 769 intermissione;
1562 703 1654 774 qui
1688 701 1917 757 bonitate

338 817 438 855 sua
463 812 582 854 eum
605 799 696 869 qui
726 813 830 851 non
852 804 968 850 erat
1002 794 1212 857 creauit,
1225 792 1438 862 justitia
1465 806 1583 846 eum
1611 789 1700 861 qui
1735 804 1917 860 pecca-

339 896 483 946 uerat
505 886 886 950 condemnavit,
917 883 1277 938 misericordia
1325 883 1430 936 imo
1480 896 1670 954 magna
1715 879 1919 934 miseri-

340 977 524 1032 cordia
547 991 667 1031 eum
698 974 789 1045 qui
824 975 1049 1046 perierat
1084 973 1391 1027 restauravit
1417 970 1607 1044 (Eccli.
1638 969 1795 1042 XVII).
1841 969 1919 1025 De

342 1082 451 1142 quo
496 1082 597 1136 per
629 1066 951 1135 Prophetam
986 1064 1227 1120 dicitur:
1257 1061 1455 1135 Magna
1508 1078 1664 1133 opera
1708 1060 1920 1116 Domini

343 1156 600 1229 exquisita
621 1157 678 1210 in
714 1170 891 1211 omnes
922 1153 1210 1211 voluntates
1254 1153 1411 1225 ejus:
1442 1152 1696 1222 confessio
1721 1162 1770 1207 et
1806 1168 1922 1207 ma-

343 1246 642 1319 gniﬁcentia
664 1260 792 1315 opus
812 1246 955 1316 ejus,
991 1252 1039 1300 et
1068 1244 1275 1311 iustitia
1316 1245 1431 1314 ejus
1471 1252 1642 1297 manet
1669 1243 1725 1297 in
1756 1258 1923 1296 siccu-

346 1335 455 1390 lum
480 1333 660 1390 seaculi
690 1332 863 1407 (Psal.
899 1333 1009 1406 ev).
1036 1333 1105 1389 Et
1133 1332 1364 1389 iterum:
1397 1331 1663 1387 Universte
1691 1332 1787 1387 vice
1815 1329 1923 1386 Do-

348 1430 477 1490 mini
504 1430 864 1485 misericordia
908 1439 957 1484 et
988 1431 1175 1484 veritas
1206 1428 1378 1500 (Psal.
1429 1428 1589 1500 xxv);
1640 1437 1694 1485 et
1721 1431 1806 1486 cui
1829 1442 1928 1499 per

347 1518 595 1576 eumdem
606 1518 927 1588 Prophetam
949 1519 1179 1574 dicitur:
1205 1517 1273 1573 Et
1300 1529 1379 1586 tu,
1401 1519 1625 1576 Domine
1642 1520 1801 1589 Deus,
1823 1523 1927 1576 mi-

347 1620 549 1667 serator
576 1619 624 1665 et
657 1611 976 1677 misericors,
1027 1613 1229 1683 patiens
1254 1621 1304 1667 et
1337 1611 1517 1669 multa:
1558 1614 1929 1670 misericordia

348 1709 397 1756 et
417 1714 575 1755 verax
601 1699 775 1772 (Psal.
817 1699 1059 1772 LXXXVI).
1108 1699 1361 1775 Nunquid
1400 1714 1526 1761 eum
1551 1717 1711 1777 quem
1758 1702 1929 1760 domi-

2014 534 2110 588 per
2157 517 2500 573 Psalmistam
2555 512 3076 578 diciturzﬂuoniam
3126 511 3244 583 quis
3284 512 3340 565 in
3369 511 3589 566 nubibus

2013 607 2307 677 a’quabitur
2348 605 2592 669 Domino,
2629 614 2720 659 aut
2765 604 2881 674 quis
2927 601 3116 657 similis
3164 601 3264 655 crit
3293 601 3403 655 Deo
3454 603 3589 656 inter

2011 697 2150 765 filios
2174 695 2307 750 Dei?
2330 695 2467 749 Deus
2489 694 2578 765 qui
2600 691 2929 764 gloriﬁcatur
2946 690 3001 744 in
3024 690 3242 744 consilio
3267 699 3590 754 sanctorum,

2012 805 2234 859 magnus
2260 796 2307 841 et
2331 785 2635 841 metuendus
2656 799 2814 854 super
2840 797 3018 836 omnes
3039 781 3127 852 qui
3150 781 3203 835 in
3230 780 3451 833 circuitu
3478 778 3594 848 ejus

2012 886 2154 932 sunt.
2187 876 2406 930 Domine
2428 874 2568 930 Dens
2595 874 2864 938 virtutum,
2893 873 3012 944 quis
3032 871 3221 925 similis
3242 871 3376 924 tibi?
3400 869 3595 923 Potens

2015 982 2091 1031 es,
2130 966 2371 1033 Domine,
2408 975 2457 1021 et
2502 964 2690 1020 ueritas
2742 973 2835 1018 tua
2905 964 2961 1018 in
3012 962 3235 1017 circuitu
3286 970 3376 1017 tuo
3420 961 3591 1034 (Psat.

2018 1056 2262 1129 ιιῐιιι).

2281 1148 2285 1152 ’
2616 1142 2843 1200 CAPUT
2880 1142 2998 1197 XV.

2022 1259 2217 1315 Contra
2252 1274 2339 1315 eos
2374 1258 2666 1331 quidicunt
2691 1273 2709 1312 :
2734 1256 2958 1331 Sienim
2983 1254 3286 1331 imperiales
3299 1251 3599 1331 _el'ligies.et

2094 1330 2354 1400 imagines
2376 1321 2605 1400 emissas
2627 1328 2681 1382 in
2707 1327 2952 1400 civitates
2980 1332 3037 1400 et
3058 1321 3379 1400 provincias
3409 1321 3599 1376 obvia-

2093 1394 2229 1470 bunt
2243 1399 2423 1470 populi
2447 1412 2571 1470 cum
2591 1397 2763 1470 cereis
2786 1394 3314 1470 etthymiamatihus,
3344 1407 3451 1470 non
3476 1406 3600 1447 cera

2093 1462 2364 1538 perfusam
2402 1467 2634 1538 tabulam
2678 1462 3026 1538 honorantes,
3045 1462 3597 1538 -sedjmperatorem,

2095 1528 2299 1611 quanto
2329 1536 2500 1611 magis
2530 1542 2739 1611 oportet
2772 1532 3111 1611 inAFicclesiis
3132 1528 3345 1611 Christi
3384 1528 3597 1611 depingi

2100 1602 2361 1680 imagines
2381 1602 2665 1662 salvatoris
2684 1603 2851 1680 nostri
2877 1602 2969 1680 Del
2991 1608 3046 1657 et
3067 1603 3400 1657 intemerata
3416 1602 3607 1653 matris

2099 1673 2237 1748 ejus'
2246 1686 2304 1735 et
2326 1684 2637 1734 sanctorum
2660 1673 2935 1732 omnium?

352 1791 597 1848 nationes
610 1766 864 1858 adorant,
886 1766 1123 1847 tremunt
1142 1766 1432 1862 potestates
1455 1832 1473 1857 ,
1526 1766 1589 1849 et
1619 1792 1930 1851 coelestibus
1959 1786 2005 1847 Β
2097 1791 2352 1862 Quisquis
2406 1787 2631 1858 alicuius
2673 1787 2805 1843 artis
2853 1784 3036 1842 sedula
3064 1766 3413 1839 meditatione
3459 1777 3609 1849 cupit

352 1880 570 1954 hymnis
594 1881 898 1938 laetabunda
923 1881 1235 1952 angelorum
1257 1882 1523 1940 collaudat
1539 1884 1747 1950 militia,
1769 1899 1931 1956 quem

353 1973 634 2031 cherubim
660 1980 716 2030 et
742 1974 1033 2044 seraphim,
1063 1974 1319 2034 sublimes
1346 1975 1573 2032 virtutes
1614 1975 1730 2048 ejus
1752 1978 1930 2034 scien-

355 2065 431 2120 tia
457 2064 697 2134 repletae,
723 2061 839 2133 ejus
866 2079 1048 2120 amore
1072 2065 1342 2131 ardentes,
1365 2080 1527 2123 sensu
1550 2060 1769 2123 minime
1787 2082 1935 2124 com-

357 2154 690 2225 prehendere
711 2152 914 2218 valent,
943 2169 1105 2224 quem
1149 2169 1307 2210 nemo
1328 2156 1477 2212 novit
1514 2156 1620 2211 nisi
1648 2156 1816 2214 Filius
1840 2157 1933 2228 qui

358 2246 543 2315 utique
570 2245 731 2300 unius
757 2250 840 2299 eSt
869 2258 992 2299 cum
1029 2260 1094 2300 eo
1123 2244 1452 2311 substantiae,
1482 2247 1702 2304 credere
1743 2263 1937 2319 oppor-

360 2343 551 2389 tunum
587 2341 672 2389 est
711 2340 774 2388 ut
801 2332 1025 2388 alterius
1056 2331 1282 2390 consilio
1329 2336 1521 2406 egeat?
1555 2343 1609 2391 et
1635 2335 1757 2391 ideo
1801 2336 1938 2393 alios

360 2430 620 2481 convocet
643 2432 701 2479 ut
719 2438 816 2493 per
836 2423 971 2479 alios
996 2424 1280 2480 consilium
1309 2441 1463 2483 suum
1513 2428 1744 2483 statuat?
1769 2426 1813 2484 0
1841 2427 1936 2482 de-

362 2513 753 2569 mentissimum
784 2506 1005 2579 dictum,
1027 2530 1061 2569 o
1094 2514 1296 2572 insulsa
1324 2516 1544 2583 locutio,
1568 2532 1601 2575 ο
1633 2519 1795 2575 verba
1810 2533 1943 2575 cun—

363 2604 469 2661 ctis
488 2602 681 2658 dvinls
713 2603 896 2658 verbis
937 2604 1264 2660 obnitential
1294 2608 1477 2677 quaesi
1502 2608 1571 2663 ab
1614 2608 1697 2665 his
1747 2609 1941 2678 quibus

365 2693 506 2758 dicta
541 2700 666 2749 sunt
696 2692 1071 2762 defendamur,
1095 2695 1322 2751 insaniae
1351 2696 1528 2753 vicina
1554 2706 1711 2763 sunt;
1746 2698 1791 2755 si
1834 2714 1941 2755 non

366 2783 743 2849 defendamur,
774 2784 1090 2854 ignorantia:
1112 2791 1167 2839 et
1195 2786 1420 2857 ignaviae
1465 2786 1767 2858 deputanda
1792 2796 1939 2845 sunt.

365 2872 656 2930 Adhaerere
683 2878 825 2931 enim
851 2875 960 2930 Deo
1008 2877 1132 2946 quis
1181 2885 1360 2947 potest
1414 2880 1570 2936 bonis
1616 2882 1827 2939 actibus
1856 2883 1941 2938 in—

367 2967 639 3031 sistendo,
679 2967 819 3022 sicut
874 2964 968 3021 ille
1001 2969 1249 3039 cupiebat
1286 2969 1376 3039 qui
1412 2969 1566 3038 dixit,
1595 2971 1729 3026 Mihi
1768 2982 1956 3029 autem-

367 3055 639 3116 adluerere
665 3054 775 3112 Deo
818 3055 1007 3111 bonum
1040 3068 1116 3113 est
1151 3058 1325 3129 (Psal.
1376 3060 1610 3134 CXLVII);
1659 3063 1945 3120 consilium

2031 1882 2231 1941 habere
2255 1879 2529 1952 peritiam,
2559 1893 2664 1933 non
2684 1872 3187 1948 imperitorum,sed
3211 1870 3508 1940 peritorum
3528 1884 3610 1923 ar-

2033 1971 2237 2031 tiﬁcum
2273 1969 2492 2026 monitis
2515 1967 2838 2024 adhaerendo
2859 1965 3127 2021 discendae
3159 1964 3263 2018 arti
3300 1963 3505 2032 praebet
3529 1961 3610 2016 in-

2032 2067 2306 2131 stantiam,
2330 2080 2431 2120 nec
2454 2062 2670 2118 allectat
2712 2076 2900 2117 eorum
2927 2060 3028 2115 sibi
3054 2057 3423 2129 magisterium
3446 2070 3605 2110 usur-

2032 2174 2183 2229 pare,
2208 2173 2344 2229 quos
2391 2158 2536 2212 videt
2582 2156 2638 2211 in
2680 2155 2900 2225 propria
2933 2162 3051 2210 arte
3100 2153 3280 2208 minus
3325 2150 3513 2207 doctos
3555 2157 3613 2207 ct

2035 2249 2386 2320 despicabiles
2413 2261 2549 2312 esse,
2584 2261 2652 2301 ne
2685 2248 2811 2302 dum
2836 2240 3335 2301 desideratinstanti
3359 2252 3523 2311 opere
3542 2257 3610 2298 ex

2036 2342 2228 2411 adepta
2254 2347 2370 2394 arte
2398 2338 2619 2409 adipisci
2646 2336 2855 2391 laudem
2881 2375 2897 2401 ,
2948 2336 3218 2390 incassum
3241 2342 3297 2387 et
3323 2332 3610 2387 suumde-

2034 2432 2223 2504 perdat
2243 2445 2397 2500 opus,
2429 2428 2709 2485 etcseteris
2731 2428 2800 2481 s't
2821 2426 2874 2480 in
2905 2424 3398 2481 subsanuationem.
3429 2421 3541 2477 lloc
3580 2436 3613 2476 a

2038 2521 2337 2577 liberalium
2367 2520 2563 2575 artium
2599 2516 2971 2579 sectatoribus,
3001 2516 3106 2570 hoc
3134 2528 3162 2568 a
3195 2511 3437 2578 medicis,
3460 2512 3563 2567 hoc
3584 2522 3617 2567 a

2039 2610 2376 2666 metallorum
2398 2604 2780 2665 conﬂatoribus
2801 2606 2914 2662 sive
2938 2604 3300 2674 sculptoribus
3319 2644 3333 2666 ,
3366 2604 3467 2659 hoc
3489 2618 3520 2657 a
3551 2601 3618 2657 lia

2040 2718 2266 2776 gnorum
2284 2701 2627 2771 lapidumque
2652 2698 2964 2762 caesorihus,
2979 2697 3086 2752 hoc
3106 2697 3173 2752 ab
3188 2710 3440 2767 agrorum
3453 2694 3620 2749 culto-

2043 2794 2194 2849 ribus
2212 2791 2316 2847 iixa
2338 2791 2549 2847 ratione
2571 2791 2922 2845 observatur:
2950 2788 3123 2845 solum
3147 2788 3214 2842 ab
3236 2787 3322 2842 his
3337 2787 3621 2841 observare

2042 2883 2360 2954 negligitur,
2377 2882 2469 2952 qui
2495 2890 2555 2935 ut
2579 2880 2842 2951 imagines
2863 2879 3090 2934 adorare
3118 2877 3422 2941 instituant,
3447 2893 3476 2931 a
3498 2891 3624 2946 pra-

2042 2976 2125 3029 vis
2152 2973 2314 3028 rebus
2344 2971 2588 3041 exempla
2614 2983 2828 3025 sumere
2855 2962 3129 3033 affectant,
3151 2976 3206 3023 et
3243 2983 3357 3021 rem
3407 2975 3517 3021 tam
3545 2968 3624 3021 in-

2045 3061 2231 3118 utilem
2268 3069 2485 3130 tamque
2510 3073 2819 3130 perversam
2854 3072 3239 3128 nonnunquam
3284 3057 3441 3112 bonis
3466 3058 3625 3112 rebus

368 3153 549 3200 autem
576 3144 652 3199 illi
686 3145 816 3201 dare
844 3148 1000 3201 nemo
1020 3156 1214 3217 potest,
1238 3158 1323 3205 est
1349 3151 1493 3206 enim
1535 3164 1724 3209 auctor
1745 3161 1801 3209 et
1822 3152 1941 3210 lous
1967 3148 2019 3208 Ως
2042 3151 2485 3222 incompetenter,
2507 3151 2821 3220 plerumque
2839 3149 3109 3220 perversis
3120 3156 3364 3204 astruere
3383 3148 3626 3203 nituntur

368 3234 610 3288 omnium
632 3236 915 3301 bonorum,
944 3243 1019 3303 et,
1048 3245 1106 3292 ut
1127 3240 1317 3296 crebro
1351 3240 1601 3309 diximus,
1631 3243 1827 3299 nullius
1862 3247 1946 3299 in-

371 3324 584 3394 diguus.
611 3324 858 3396 linguas,
882 3326 956 3381 ait
980 3326 1267 3400 Propheta,
1300 3329 1550 3387 Dominus
1572 3344 1745 3389 noster
1768 3344 1817 3389 et
1835 3351 1949 3390 ma-

372 3427 477 3481 gna
502 3413 665 3467 uirtus
697 3414 843 3485 ejus,
886 3423 932 3469 et
962 3419 1230 3489 sapientia:
1272 3420 1386 3490 ejus
1414 3434 1515 3477 non
1567 3433 1640 3478 est
1681 3441 1946 3481 numerus.

374 3499 493 3565 Dic,
529 3509 711 3569 quaeso
755 3506 939 3559 sancte
962 3505 1149 3572 Isaias,
1178 3509 1264 3569 dic
1290 3511 1620 3568 nobilissime
1640 3521 1842 3579 vatum,
1863 3514 1952 3570 die

374 3589 667 3647 Dominicis
703 3592 1091 3652 incarnationis
1119 3606 1174 3653 et
1206 3600 1444 3668 gentium
1469 3601 1766 3657 vocationis
1788 3618 1951 3658 evan-

373 3680 541 3749 gelica
576 3684 755 3751 potius
777 3698 940 3753 qnam
968 3688 1283 3756 prophetice
1321 3698 1572 3746 narrator
1597 3730 1612 3757 ,
1655 3692 1742 3747 dic
1769 3699 1950 3749 utrum

374 3768 568 3842 aliquis
596 3791 814 3831 sensum
832 3778 1038 3833 Domini
1068 3790 1391 3849 cognoscere
1416 3791 1612 3854 potest,
1636 3793 1727 3838 aut
1747 3784 1798 3841 ei
1825 3798 1954 3840 con-

373 3866 608 3927 siiiarius
640 3864 779 3923 edici
806 3868 984 3922 valet?
1022 3868 1153 3936 Quis
1180 3872 1320 3925 enim
1355 3875 1588 3943 cognovit
1609 3891 1815 3931 sensum
1848 3874 1954 3931 Do-

374 3957 543 4013 mini?
564 3966 655 4010 aut
684 3957 801 4027 quis
835 3957 1168 4014 consiliarius
1200 3961 1315 4029 ejus
1355 3960 1497 4032 fuit?
1540 3979 1658 4018 cum
1701 3981 1805 4035 quo
1834 3965 1954 4020 iniit

376 4046 672 4110 comitium,
696 4054 744 4099 et
778 4046 1000 4101 erudivit
1025 4064 1143 4102 eum
1171 4051 1407 4115 scientia,
1426 4062 1472 4105 et
1503 4053 1637 4106 uiam
1665 4053 1954 4123 prudentiae

377 4136 601 4190 ostendit
632 4135 713 4191 illi
767 4133 902 4208 (Isa.
955 4139 1239 4209 XL)?I'tem
1269 4140 1408 4196 idem
1465 4143 1727 4215 propheta
1779 4143 1949 4199 dicit:

380 4227 635 4298 Nunquid
660 4230 824 4284 nescis
849 4239 897 4285 et
926 4246 1030 4286 non
1050 4233 1287 4290 audisti?
1312 4233 1452 4289 Deus
1483 4236 1821 4307 sempiternus
1848 4234 1957 4292 Do-

377 4319 551 4372 minus
578 4320 671 4389 qni
690 4323 881 4375 creavit
920 4322 1167 4377 terminos
1193 4333 1364 4390 terrae,
1393 4342 1496 4379 non
1534 4335 1606 4379 est
1663 4324 1910 4394 deficiens
1936 4365 1953 4390 ,

2048 3244 2422 3315 impudenter;
2453 3243 2572 3299 etin
2596 3243 2814 3299 modum
2827 3241 3127 3305 temulenti,
3150 3240 3421 3312 quinimio
3442 3239 3625 3296 made-

2047 3337 2219 3394 factus
2283 3350 2434 3391 mero
2485 3333 2839 3390 trementibus
2901 3332 3161 3389 membris
3183 3372 3197 3395 ,
3264 3331 3626 3385 ti‘bbsntilms

2046 3426 2339 3495 gressibus,
2371 3424 2585 3479 nudatis
2624 3423 2899 3484 sensibus,
2932 3422 3091 3477 modo
3142 3420 3413 3485 barbaris,
3463 3419 3637 3475 modo

2047 3514 2257 3569 Latinis
2284 3514 2454 3569 utitur
2476 3514 2673 3579 verbis,
2698 3512 2860 3567 modo
2880 3512 3087 3581 ignium
3109 3510 3382 3566 caloribus
3406 3552 3421 3576 ,
3467 3509 3628 3565 modo

2049 3606 2361 3675 pruinarum
2407 3602 2708 3658 delectatur
2736 3601 3030 3672 algoribus,
3060 3602 3219 3658 modo
3249 3601 3518 3655 insensate
3539 3597 3629 3667 jac.

2050 3712 2193 3762 cere,
2222 3694 2384 3753 modo
2403 3694 2674 3751 enerviter
2709 3693 3006 3748 delectatur
3033 3691 3215 3746 ludere
3235 3732 3251 3756 ,
3296 3698 3353 3744 et
3399 3690 3455 3745 in
3481 3688 3626 3743 nulla

2050 3795 2204 3858 parte
2243 3786 2407 3841 lixam
2432 3784 2636 3841 habens
2659 3783 3048 3847 intentionem,
3089 3781 3196 3835 huc
3220 3779 3447 3848 illucque
3471 3788 3627 3833 nuta-

2051 3878 2286 3934 bnndam
2307 3883 2363 3932 et
2384 3874 2613 3930 rationis
2630 3886 2854 3944 egenam
2893 3870 3085 3927 elferre
3117 3886 3221 3925 non
3252 3869 3451 3924 desinit
3475 3880 3627 3922 men-

2052 3976 2197 4024 tem:
2231 3968 2304 4022 ita
2328 3965 2415 4021 isti
2438 3963 2597 4020 modo
2624 3963 2927 4020 divinarum
2961 3961 3359 4031 Scripturarum
3391 3958 3632 4013 testimo-

2054 4059 2160 4115 niis
2182 4059 2608 4127 incompetenter
2643 4053 2900 4111 adhibitis
2921 4092 2937 4120 ,
2984 4053 3145 4109 modo
3188 4066 3408 4107 suarum
3459 4065 3631 4105 asser-

2057 4152 2259 4207 tionum
2288 4147 2655 4205 deliramentis
2678 4185 2695 4213 ,
2752 4145 2913 4201 modo
2959 4143 3121 4209 mala,
3162 4142 3329 4198 modo
3370 4139 3633 4196 malarum

2054 4240 2410 4314 quarumdam
2465 4253 2647 4294 rerum
2705 4235 3075 4305 malorumque
3124 4241 3340 4290 actuum
3377 4230 3631 4300 exempli!

2057 4349 2215 4391 suum
2256 4332 2505 4388 nituntur
2545 4340 2929 4398 usquequaque
2961 4325 3178 4380 ﬁrmare
3204 4334 3463 4379 errorem.
3502 4320 3635 4376 Nam

379 4422 540 4479 neque
580 4409 826 4466 laborans
841 4453 869 4478 ,,
905 4421 998 4473 nec
1043 4421 1119 4468 est
1167 4415 1491 4487 investigatio
1540 4418 1810 4488 sapientia:
1841 4417 1956 4487 ejus
2058 4423 2181 4493 quis
2207 4420 2357 4477 {amr
2383 4428 2468 4476 est
2501 4431 2687 4490 qumve
2706 4415 2996 4481 dementia,
3028 4422 3086 4469 ut
3113 4414 3214 4469 hoc
3258 4414 3313 4468 in
3334 4411 3636 4482 exemplum

379 4501 588 4574 (lbid.).
616 4502 772 4559 Dicat
800 4506 964 4561 etiam
996 4507 1251 4577 magister
1299 4509 1534 4579 gentium
1581 4510 1709 4579 quid
1740 4509 1806 4563 de
1858 4509 1961 4565 hac
1995 4506 2041 4564 Ι)
2062 4508 2459 4567 adoraudarum
2488 4508 2784 4580 imaginum
2822 4504 3111 4560 ridiculum
3140 4505 3456 4569 adducatur,
3495 4503 3638 4572 quod

380 4603 439 4642 re
459 4592 674 4645 sentiat.
699 4591 788 4646 Ait
812 4595 987 4648 enim:
1018 4595 1062 4649 Ο
1091 4596 1314 4651 altitudo
1334 4596 1634 4652 divitiarum
1687 4598 1956 4669 sapientiw
2062 4601 2444 4670 imperatorum
2502 4594 2764 4669 imagines
2800 4596 2854 4651 in
2903 4595 3216 4652 civitatibus
3249 4602 3304 4650 et
3351 4595 3407 4649 in
3447 4592 3637 4664 plateis

379 4687 430 4731 et
454 4679 686 4734 scientiae
718 4679 816 4735 Dei
839 4698 859 4736 :
884 4699 1043 4753 quam
1083 4685 1619 4757 incomprehensibilia
1668 4696 1789 4744 sunt
1806 4687 1956 4761 judi—

379 4770 462 4823 cia
495 4772 610 4841 ejus
636 4782 682 4826 et
725 4773 1103 4845 investigabiles
1147 4777 1241 4830 via:
1269 4776 1383 4847 ejus
1411 4777 1589 4845 (Rom.
1629 4778 1738 4848 x1)!
1792 4777 1957 4847 Cujus

379 4860 523 4915 enim
546 4860 745 4930 judicia
783 4864 1343 4934 incomprehensibilia
1372 4875 1428 4921 et
1462 4867 1562 4923 Vite
1609 4867 1959 4938 iuvestigabi-

378 4951 458 5007 les
483 4959 628 5018 sunt,
661 4953 806 5008 nullo
834 4956 991 5009 modo
1012 4955 1309 5011 credendus
1339 4965 1423 5012 cst
1470 4956 1694 5015 alterius
1732 4957 1957 5013 consilio

378 5041 449 5097 ad
482 5058 568 5097 res
596 5043 969 5101 deliberandas
1001 5061 1179 5116 egere,
1212 5048 1337 5123 quia
1380 5047 1522 5107 sicut
1559 5056 1772 5114 natura,
1803 5048 1876 5102 ita
1902 5058 1957 5104 et

378 5132 640 5201 sapientia
674 5142 835 5203 super
862 5151 1051 5192 omnes
1078 5146 1180 5205 est,
1207 5146 1261 5192 et
1280 5138 1420 5194 sicut
1463 5139 1731 5210 coaequari
1760 5139 1809 5195 ei
1838 5141 1960 5211 quis

380 5223 567 5291 nequit
584 5236 683 5293 per
703 5226 970 5288 naturam,
996 5225 1072 5280 ita
1108 5242 1209 5282 nec
1240 5224 1354 5296 ejus
1401 5229 1637 5284 scientiae
1669 5236 1849 5299 potest
1866 5228 1961 5285 ali-

379 5314 509 5384 quid
539 5313 773 5370 conferri
806 5331 904 5386 per
924 5318 1226 5373 consilium.
1281 5319 1573 5375 Consilium
1621 5321 1765 5375 enim
1798 5321 1866 5376 ab
1894 5335 1958 5376 co

379 5408 658 5476 quaeritur,
683 5408 775 5478 qui
801 5417 895 5464 aut
916 5414 1014 5481 per
1037 5418 1306 5475 naturam,
1326 5421 1417 5465 aut
1437 5426 1531 5481 per
1552 5412 1958 5483 intelligentiam

381 5498 558 5553 socius
589 5508 693 5554 est.
718 5498 827 5555 Deo
850 5506 1029 5557 autem
1056 5501 1232 5557 nullus
1255 5502 1476 5572 aequalis
1502 5544 1518 5567 ,
1568 5502 1744 5557 nullus
1780 5502 1958 5557 socius

378 5599 483 5657 est,
511 5593 723 5658 dicente
748 5593 965 5667 Moyse:
995 5593 1124 5662 Quis
1148 5594 1334 5649 similis
1366 5595 1457 5648 tibi
1483 5597 1537 5648 in
1565 5595 1666 5657 dis,
1704 5595 1958 5649 Domine?

383 5684 495 5757 quis
521 5685 830 5753 similistibi,
846 5688 1184 5756 honoriﬁcus,
1214 5696 1443 5749 sanctus,
1469 5685 1742 5747 mirabilis,
1767 5686 1819 5738 in
1842 5703 1952 5740 ma-

2061 4691 2374 4757 adorantur,
2386 4699 2443 4744 et
2463 4704 2495 4744 a
2516 4704 2578 4745 re
2603 4688 2791 4744 iliicita
2818 4701 2908 4743 res
2932 4686 3116 4742 illicita
3138 4686 3372 4742 stabiliri
3389 4689 3639 4755 paretur‘t

2062 4782 2259 4839 Doctor
2290 4781 2435 4838 enim
2450 4782 2692 4853 gentium
2726 4796 2834 4837 non
2858 4796 2957 4835 vos
2990 4780 3376 4850 imperatorum
3406 4777 3640 4832 imitato—

2062 4890 2165 4938 res,
2190 4872 2285 4930 sed
2318 4888 2464 4941 suos,
2494 4872 2605 4928 imo
2629 4870 2832 4927 Christi
2860 4870 2976 4926 ﬁeri
2996 4871 3246 4925 hortatur
3273 4868 3479 4931 dicens,
3506 4863 3638 4918 lmi-

2060 4972 2253 5019 tatores
2277 4963 2377 5017 mei
2397 4970 2558 5017 estote
2581 4960 2715 5015 sicut
2746 4967 2795 5013 et
2820 4975 2917 5029 ego
2937 4956 3131 5013 Christi
3144 4956 3199 5025 (1
3218 4954 3341 5011 Cor.
3366 4953 3475 5026 tu);
3504 4959 3558 5007 et
3578 4959 3639 5006 ut

2065 5053 2449 5122 imperatorum
2483 5049 2658 5106 fasces
2704 5048 2820 5103 sive
2841 5047 2985 5119 vulgi
3028 5046 3324 5102 bacchatus
3353 5060 3383 5098 a
3409 5032 3639 5099 Christi-

2066 5142 2306 5198 colarum
2334 5139 2605 5196 mentibus
2631 5138 2926 5205 dirimeret,
2956 5138 3060 5193 ait:
3089 5136 3254 5191 Nobis
3266 5134 3453 5207 quibus
3482 5130 3638 5187 Chri-

2065 5240 2176 5285 stus
2201 5229 2483 5299 cruciﬁxus
2513 5236 2611 5295 est,
2650 5228 2777 5299 quid
2809 5228 2959 5283 nobis
2990 5244 3109 5282 cum
3132 5227 3247 5294 {oro
3274 5223 3327 5296 (l
3355 5221 3478 5279 Cor.
3528 5221 3641 5293 Vl)?

2066 5318 2185 5377 lam
2207 5333 2335 5376 vero
2361 5320 2488 5390 quia
2520 5320 2588 5376 de
2615 5319 2920 5375 forensibus
2947 5319 3063 5375 sive
3084 5316 3311 5388 publicis
3337 5313 3637 5371 actionibus

2068 5411 2309 5481 exempla
2336 5422 2550 5467 sumere
2591 5410 2732 5465 intra
2774 5416 3014 5466 sanctam
3042 5407 3339 5464 Ecclesium
3363 5403 3634 5465 aliectant,

2058 5517 2158 5555 cur
2176 5516 2283 5559 non
2332 5500 2574 5559 scenicas
2594 5500 2948 5571 mimicasque
2973 5513 3169 5570 nugas,
3193 5497 3277 5553 sel
3300 5498 3470 5553 etiam
3513 5510 3659 5552 cru-»

2058 5594 2305 5649 dolitates
2330 5608 2448 5662 «tum
2472 5593 2525 5647 in
2551 5593 2784 5647 “reatris
2819 5592 2932 5646 sive
2961 5591 3014 5646 in
3039 5590 3337 5646 orehustri’s
3381 5586 3446 5643 de
3493 5586 3634 5641 ludis

2058 5683 2385 5754 gludiatur'tis
2413 5683 2695 5738 'tuielicitcr
2723 5684 2878 5750 ﬁunt,
2902 5683 3005 5738 sibi
3030 5682 3324 5752 usurpant?
3367 5681 3480 5735 (Enr
3526 5694 3632 5733 non
