4030 6196
483 333 621 388 1163
1354 340 1412 394 Β.
1452 340 1701 398 CAROLI
1740 344 1955 401 MAGNI
1993 343 2142 402 OPP.
2184 346 2362 406 PARS
2399 353 2461 407 ll.
2501 356 2740 416 SECTIO
2778 360 2841 415 ll.
2976 332 2981 335 -
3580 328 3695 435 illi

481 442 660 497 clerus
684 457 806 499 cum
842 446 1094 500 antestite
1145 463 1292 502 more
1335 453 1596 508 secutoris
1619 454 1872 524 populum
1914 458 2060 512 velut
2093 461 2137 518 Α
2165 463 2403 530 machus,
2437 468 2550 523 sive
2578 471 2856 541 imaginem
2886 493 3121 548 auream,

486 531 762 586 retiarium
785 531 1117 589 insectatur?
1148 536 1258 592 Cur
1304 553 1409 592 non
1439 548 1548 595 tota
1573 542 1702 598 circi
1737 546 1955 615 gentilia
1976 546 2061 602 vel

482 620 662 688 potius
686 620 920 677 infelicia
953 625 1194 694 exempla
1225 637 1482 694 sectatur,
1507 632 1599 700 qui
1639 632 1843 688 Christi
1878 645 2060 690 custoo

482 710 562 764 uit
580 710 911 767 Ecclesium?
939 713 1045 770 Sed
1080 717 1219 771 absit
1239 719 1501 775 catholica
1528 722 1803 792 religione,
1824 733 1883 779 ut
1900 727 2062 781 actio-

483 809 582 849 nes
605 808 889 865 perversos
929 813 1066 867 quas
1105 803 1310 871 pridem
1336 813 1585 874 proterva
1612 811 1832 879 gerebat
1885 813 2058 882 genti-

487 883 628 948 litas,
659 900 804 941 nunc
854 886 1157 945 Christiana
1204 892 1445 947 imitetur
1482 904 1537 950 et
1578 907 1755 953 servet
1801 901 2057 970 gravitas.

490 971 690 1027 Nostra
746 977 883 1028 enim
931 983 1281 1046 conversatio,
1339 984 1414 1037 ait
1450 986 1767 1055 Apostolus,
1821 991 1875 1044 in
1918 992 2059 1047 caelis

485 1072 558 1113 est
590 1062 810 1136 (Philip.
836 1066 941 1137 ill).
967 1066 1195 1137 Ideoque
1212 1072 1456 1141 quisquis
1479 1076 1570 1130 illo
1598 1078 1816 1134 tendere
1847 1082 2058 1137 deside-

480 1155 565 1199 rat
601 1163 707 1216 quo
742 1162 903 1219 caput
959 1165 1203 1211 nostrum
1232 1161 1479 1217 Christus
1514 1168 1811 1234 prmccssit,
1841 1185 1945 1224 non
1966 1173 2060 1227 de-

483 1235 570 1291 bet
586 1237 702 1294 ﬁeri
716 1251 951 1299 sectator
962 1243 1257 1304 forensium
1282 1252 1362 1306 vel
1384 1254 1721 1321 publicarum
1751 1261 2022 1316 actionum
2038 1302 2056 1328 ,

480 1327 572 1379 sed
601 1326 768 1397 ipsius
804 1333 998 1402 capitis
1043 1339 1216 1393 nostri
1253 1340 1472 1404 Christi,
1506 1354 1599 1397 aut
1627 1344 1744 1413 ejus
1792 1326 2061 1405 membro;-

479 1432 623 1481 rum,
664 1422 1027 1488 apostolorum
1083 1426 1331 1482 videlicet
1377 1431 1491 1486 sive
1534 1435 1949 1503 apostolicorum
1981 1440 2060 1494 vi-

480 1520 687 1561 rorum.
721 1509 975 1582 Exempla
1008 1516 1150 1569 enim
1192 1533 1356 1586 prava
1396 1521 1471 1577 ita
1521 1525 1801 1582 catholicis
1843 1530 2056 1586 vitanda

480 1606 626 1661 sunt,
650 1599 788 1654 sicut
812 1609 865 1655 et
890 1605 1132 1662 seductio
1152 1608 1413 1665 malorum
1434 1613 1729 1680 hominum,
1750 1619 1862 1673 sive
1882 1623 2056 1676 socie-

480 1696 564 1742 tas
588 1688 925 1760 injustoz'um,
954 1696 1163 1754 dicente
1186 1700 1412 1760 Domino
1436 1722 1452 1758 :
1478 1705 1603 1761 Non
1618 1710 1799 1765 audies
1818 1713 2055 1768 auditum

479 1792 688 1843 uanum,
737 1798 840 1836 non
865 1789 1153 1843 consentias
1202 1807 1321 1845 cum
1350 1794 1549 1865 injuste
1594 1798 1713 1866 ﬁeri
1740 1804 1884 1857 testis
1909 1805 2053 1875 inju-
2084 1799 2128 1859 Β

477 1877 622 1934 stus;
656 1886 761 1925 non
788 1874 892 1928 eris
922 1892 1038 1929 cum
1072 1877 1310 1948 pluribus
1353 1884 1408 1937 in
1438 1885 1661 1941 malitia.
1699 1887 1887 1946 Odisse
1908 1893 2053 1948 enim

479 1956 638 2013 debet
667 1960 1027 2033 Christianus,
1054 1972 1297 2040 exemplo
1324 1973 1644 2043 Psalmistm,
1666 1994 1765 2036 eos
1788 1983 1879 2051 qui
1928 1985 2056 2039 ode-

477 2058 603 2104 runt
618 2052 897 2110 Dominum
923 2065 977 2111 et
996 2074 1158 2128 super
1178 2062 1423 2121 inimicos
1444 2064 1561 2135 ejus
1586 2072 1860 2129 tabescere
1878 2074 2051 2144 (Psal.

476 2142 717 2214 cxxxrx).
746 2143 929 2215 Neque
964 2148 1107 2202 enim
1159 2151 1357 2209 Tobias
1395 2156 1479 2210 vir
1518 2160 1813 2228 probabilis
1843 2142 1897 2218 et
1944 2165 2053 2221 Deo

476 2229 675 2287 cbarus
711 2234 881 2292 lilium
907 2253 1063 2295 suum
1088 2245 1330 2315 exempla
1355 2262 1607 2316 perversa
1630 2256 1823 2309 sectari
1872 2256 2052 2314 horta-

476 2325 654 2390 batur,
682 2340 802 2380 cum
827 2328 1067 2384 dicebat:
1108 2330 1254 2400 Vide,
1274 2336 1452 2405 ﬁli,ne
1466 2345 1700 2412 sequaris
1726 2345 1824 2398 iter
1850 2347 2054 2418 iniquo-

475 2426 675 2482 rum,et
700 2417 979 2495 multitudo
1005 2426 1328 2494 peccantium
1353 2444 1455 2484 non
1469 2433 1687 2488 suadeat
1711 2443 1779 2501 te,
1804 2417 2051 2507 quoniam

474 2494 737 2576 stipendia
767 2525 945 2564 eorum
971 2529 1112 2567 mors
1141 2525 1250 2581 est;
1277 2527 1333 2572 tu
1356 2529 1530 2575 autem
1558 2524 1604 2578 si
1625 2536 1866 2595 operatus
1891 2529 2053 2597 fueris

476 2599 761 2667 ceritatem,
807 2603 903 2656 erit
936 2616 1192 2675 respectus
1212 2607 1310 2663 Dei
1338 2611 1392 2665 in
1436 2615 1675 2683 operibus
1699 2617 1818 2681 tuis,
1852 2628 1898 2672 et
1935 2636 2052 2673 cum

476 2689 715 2746 ontnibus
741 2694 831 2764 qui
854 2694 1056 2764 faciunt
1066 2698 1333 2769 justitiam
1358 2703 1692 2763 hrereditabis
1714 2711 1871 2765 vitam
1903 2709 2078 2767 teter?

482 2795 603 2834 nam
628 2781 778 2853 (Tob.
801 2786 898 2855 iv).
926 2787 1181 2859 Quisquis
1207 2807 1338 2865 ergo
1367 2796 1553 2853 videns
1582 2799 1842 2872 imagines
1890 2805 2054 2874 impe-

479 2879 720 2928 ratorum
746 2874 959 2934 adorari
981 2895 1011 2934 a
1031 2882 1348 2951 populorum
1372 2885 1709 2957 frequentiis,
1741 2893 1844 2950 hoc
1867 2908 2053 2950 exem-

479 2963 568 3031 plo
590 2967 828 3023 munitus
865 2969 1128 3041 imagines
1153 2975 1378 3033 adorare
1404 2990 1688 3049 percenset
1707 2984 1764 3038 in
1793 2986 2051 3052 basilicis,

478 3058 607 3114 huic
649 3062 820 3116 sancti
862 3064 963 3118 viri
987 3076 1254 3138 praecepto
1298 3087 1405 3127 non
1434 3076 1776 3132 mediocriter
1801 3079 2052 3136 reluctari

479 3150 840 3219 convincitur,
863 3170 964 3210 nec
980 3173 1102 3211 cum
1127 3160 1294 3215 David
1316 3163 1496 3220 dicere
1526 3169 1725 3236 poterit
1754 3188 1766 3223 :
1798 3170 1921 3225 Non
1941 3172 2052 3226 sedi
2076 3142 2127 3207 ο

478 3238 535 3292 in
576 3238 792 3297 consilio
835 3243 1098 3311 vanitatis,
1136 3258 1183 3302 et
1222 3266 1339 3304 cum
1387 3253 1566 3325 iniqua
1608 3258 1901 3327 gerentibus
1950 3277 2055 3316 non

478 3331 738 3399 intraibo;
766 3334 887 3390 odio
920 3336 1080 3392 habui
1116 3344 1567 3413 congregationem
1592 3346 1962 3419 malignorum,
2005 3361 2054 3406 et

478 3441 597 3480 cum
618 3425 793 3498 impiis
812 3445 914 3484 non
937 3430 1157 3497 sedebo;
1187 3432 1369 3503 lavabo
1391 3437 1526 3492 inter
1550 3440 1846 3497 innocentes
1868 3460 2053 3500 manus

478 3530 643 3581 meas,
663 3524 712 3569 et
732 3517 1065 3573 circumdabo
1090 3519 1256 3577 altare
1279 3527 1445 3591 tuum,
1466 3525 1683 3582 Domine
1697 3529 1866 3599 (Psal.
1880 3532 2052 3605 xxvi).

481 3602 590 3659 Sed
614 3604 660 3659 si
705 3604 937 3663 fortasse
978 3608 1200 3678 hujusce
1231 3615 1433 3671 erroris
1480 3616 1730 3673 defensor
1758 3620 1918 3688 dicet,
1954 3602 2055 3676 im-

478 3702 788 3764 peratorum
817 3698 1075 3770 imagines
1099 3702 1325 3759 adorare
1352 3716 1630 3775 peccatum
1656 3726 1762 3765 non
1799 3720 1901 3777 est,
1938 3728 2054 3782 per-

478 3783 675 3851 pendat
700 3793 900 3854 quanta
926 3787 1093 3859 gloria
1123 3791 1291 3848 tribus
1315 3795 1498 3862 pueris
1521 3797 1572 3852 id
1615 3796 1792 3854 facere
1822 3801 2053 3855 nolenti-

480 3873 581 3929 bus
603 3873 658 3927 in
677 3871 936 3948 ﬂagrante
957 3880 1171 3936 camino
1190 3882 1380 3953 angelo
1400 3887 1613 3943 coditus
1633 3890 1850 3956 emisso,
1876 3891 2056 3949 edacis

479 3964 595 4033 rogi
623 3960 895 4021 ﬂammam
921 3970 1226 4028 excutiente
1261 3982 1316 4027 et
1358 3976 1697 4035 salutifcrum
1732 3996 1911 4037 rorem
1948 3983 2055 4039 illis

482 4055 843 4126 impertiente,
866 4060 1063 4117 collata
1099 4064 1189 4130 sit,
1216 4075 1523 4138 quantoque
1545 4072 1807 4129 miraculo
1836 4074 2055 4148 Babylo-

481 4148 635 4204 nicus
654 4149 904 4221 princeps
932 4152 1073 4210 inter
1092 4170 1187 4211 eos
1225 4173 1282 4213 se
1310 4159 1505 4215 vidisse
1544 4162 1774 4219 similem
1807 4165 1916 4222 filio
1957 4169 2053 4224 Dei

483 4246 730 4305 testctur,
756 4256 862 4296 non
890 4243 958 4298 ad
995 4259 1170 4310 suam,
1213 4247 1307 4302 sed
1341 4250 1409 4304 ad
1443 4249 1657 4306 illorum
1706 4254 1931 4324 gloriam
1969 4257 2054 4313 vel

479 4330 643 4386 etiam
696 4332 763 4387 ad
808 4349 958 4390 suam
1013 4338 1368 4406 pertinaciam
1414 4340 1774 4399 refutandam.
1818 4345 2054 4403 Audiant

479 4420 645 4474 etiam
692 4422 908 4478 beatum
953 4424 1333 4499 Hieronymum
1366 4430 1422 4486 in
1471 4437 1861 4493 commentario
1890 4454 2050 4508 quem

480 4509 534 4564 in
556 4510 693 4566 libro
711 4513 944 4570 Daniclis
964 4518 1131 4574 edidit
1150 4520 1327 4577 taliter
1346 4523 1610 4581 dicentem
1636 4543 1651 4582 :
1684 4547 1703 4581 ‹
1735 4525 1872 4585 Ecce
1892 4534 2045 4598 enim,

481 4600 675 4670 inquit,
719 4601 862 4657 Deus
890 4614 1064 4660 noster
1093 4626 1247 4678 quem
1283 4610 1502 4669 colimus
1535 4626 1702 4687 potest
1728 4621 1924 4693 eripere
1959 4640 2052 4679 nos

481 4688 546 4743 de
594 4692 798 4746 camino
851 4693 984 4763 ignis
1011 4695 1262 4764 ardentis,
1297 4710 1346 4754 et
1378 4701 1443 4756 de
1484 4706 1725 4762 manibus
1766 4712 1889 4776 tuis,
1940 4729 2050 4779 rex,

480 4778 721 4835 liberare.
751 4780 903 4838 Unde
926 4793 1207 4854 putaverat
1225 4804 1285 4845 se
1314 4799 1517 4848 terrere
1542 4809 1754 4864 pueros,
1792 4799 1915 4856 inde
1936 4817 2056 4857 cer—

486 4870 564 4926 nit
588 4870 641 4925 in
668 4872 750 4945 eis
777 4875 1056 4930 materiam
1079 4876 1430 4936 fortitudinis.
1458 4882 1568 4939 Nec
1591 4885 1644 4940 in
1672 4886 1888 4956 longum
1909 4890 2056 4946 dilic-

484 4969 628 5029 rimt,
657 4964 753 5019 sed
774 4979 1015 5035 praesens
1038 4968 1143 5025 sibi
1161 4970 1484 5041 pollicentur
1502 4976 1759 5031 auxilium
1779 4977 2049 5036 dicentes:

483 5049 623 5110 Ecce
642 5053 786 5110 enim
810 5054 954 5112 Deus
979 5067 1163 5116 noster
1181 5077 1342 5132 quem
1367 5064 1615 5132 colimus,
1653 5066 1767 5137 ipse
1790 5083 1890 5124 nos
1912 5078 1967 5125 et
1988 5072 2054 5127 de

482 5158 548 5201 eo
572 5145 717 5214 quod
748 5145 975 5205 minaris
993 5148 1264 5219 incendio,
1288 5161 1344 5208 et
1369 5154 1435 5210 de
1471 5157 1576 5211 tuis
1603 5165 1783 5226 potest
1808 5160 2056 5217 manibus

483 5233 730 5293 liberare.
761 5235 915 5304 Quod
945 5240 992 5296 si
1012 5240 1236 5298 noluerit
1259 5259 1278 5299 :
1300 5243 1529 5301 Pulchre
1555 5248 1624 5303 ad
1658 5249 1710 5304 id
1735 5251 1877 5319 quod
1906 5251 2057 5307 dixe-

486 5336 611 5384 rat:
649 5330 824 5390 Potest
852 5336 1049 5407 eripere
1085 5354 1198 5405 nos,
1230 5356 1337 5396 non
1384 5341 1565 5397 intulit
1610 5345 1961 5413 contrarium,
2008 5350 2055 5403 si

485 5434 587 5474 non
607 5425 814 5492 poterit,
871 5426 986 5493 sed,
1021 5429 1069 5485 si
1098 5429 1356 5486 noluerit:
1395 5441 1454 5487 ut
1481 5449 1587 5489 non
1612 5434 2056 5504 impossibilitatls

484 5505 600 5574 Dei,
651 5511 745 5566 sed
782 5514 1074 5575 voluntatis
1118 5519 1191 5575 sit
1226 5521 1272 5576 si
1297 5522 1574 5590 perierint.
1602 5523 1800 5579 Notum
1828 5526 1923 5581 tibi
1963 5531 2051 5596 sit,

485 5613 596 5666 rex,
619 5602 758 5671 quod
793 5605 917 5661 deos
937 5615 1054 5665 tuos
1086 5628 1191 5667 non
1228 5611 1467 5680 colimus,
1493 5624 1543 5669 et
1569 5624 1797 5669 statuam
1840 5633 2055 5676 auream

485 5705 640 5758 quam
666 5696 896 5765 erexisti,
924 5715 1029 5757 non
1054 5702 1355 5761 adoramus.
1390 5706 1515 5763 Sive
1539 5715 1789 5773 statuam,
1813 5716 1872 5764 ut
1901 5710 2057 5782 Sym-

3152 490 3210 537 ut
3234 486 3410 541 cmteri
3442 492 3694 549 transtule-

2167 563 2311 619 runt,
2346 558 2671 617 voluerimus
2706 563 2904 634 legere,
2942 569 3178 629 cultores
3209 574 3304 631 Dei
3343 594 3457 634 eam
3500 582 3696 639 adorare

2166 660 2272 700 non
2328 648 2543 704 debent.
2586 651 2729 723 Ergo
2768 653 2980 725 iudices
3011 667 3061 715 et
3096 664 3365 735 principes
3409 671 3573 725 δίκαιιί
3619 673 3694 742 qui

2166 736 2546 806 imperatorum
2597 751 2804 800 statuas
2853 748 3074 806 adorant
3109 763 3163 808 et
3207 756 3475 826 imagines,
3520 760 3611 816 hoc
3649 777 3697 817 sc

2164 823 2342 881 facere
2394 830 2693 902 intelligant
2735 836 2875 904 quod
2922 847 3032 896 tres
3072 844 3224 913 pueri
3272 823 3444 903 facere
3485 851 3697 907 nolentes

2163 918 2481 987 placuerunt
2524 926 2653 982 Deo.
2699 929 2767 984 Et
2804 935 3038 988 notanda
3065 937 3385 1007 proprietas,
3433 942 3549 997 deos
3590 943 3693 1007 coli,

2164 1010 2451 1080 imaginem
2480 1015 2693 1072 adorari
2723 1019 2928 1089 dicunt,
2964 1026 3107 1094 quod
3132 1035 3414 1099 utrumque
3439 1034 3595 1088 servis
3618 1035 3694 1088 Dei

2163 1116 2270 1156 non
2300 1105 2568 1160 convenit.
2610 1126 2629 1160 ι
2666 1109 2806 1165 Ecce
2825 1116 2999 1170 sancti
3031 1117 3132 1171 viri
3159 1119 3484 1177 documentis
3508 1123 3697 1179 instrui-

2162 1205 2302 1256 mur,
2328 1193 2708 1263 imperatorum
2733 1200 2992 1273 imagines
3016 1207 3230 1263 adorari
3276 1212 3487 1267 minime
3508 1215 3694 1269 debere.

2162 1276 2229 1331 Et
2253 1280 2375 1348 quis
2401 1291 2510 1337 tam
2534 1300 2822 1355 perversus
2850 1308 2942 1347 cas
2968 1311 3073 1350 non
3101 1299 3274 1353 solum
3299 1301 3514 1357 adorare
3539 1304 3695 1359 decer-

2160 1375 2270 1431 nat,
2299 1372 2392 1425 sed
2429 1373 2496 1427 ab
2532 1389 2717 1430 earum
2745 1380 3058 1440 adoratione
3085 1390 3329 1458 exempla
3352 1395 3688 1461 perversitatis

2159 1454 2227 1508 ad
2256 1456 2482 1513 aliarum
2504 1462 2851 1523 nihilominus
2884 1471 3176 1544 imaginum
3201 1479 3554 1536 adorationem
3575 1500 3695 1539 assu-

2160 1549 2315 1601 mat?
2370 1550 2437 1605 Et
2489 1551 2536 1606 si
2580 1553 2825 1613 homines
2872 1565 3129 1618 mortales
3166 1570 3432 1635 protervia
3475 1574 3695 1628 vanitatis

2160 1632 2351 1701 innati,
2404 1653 2598 1710 pompa
2651 1645 2896 1700 saeculari
2951 1649 3097 1716 elati,
3138 1632 3397 1711 honorum
3439 1660 3694 1716 ambitione

2159 1724 2358 1792 cupidi,
2384 1726 2645 1795 iactantia
2675 1732 2837 1801 pleni,
2867 1735 2985 1793 loco
3012 1742 3424 1817 circumscripti,
3464 1749 3560 1804 situ
3589 1767 3695 1806 eon-

2155 1815 2309 1880 tenti,
2340 1819 2465 1888 quia
2497 1836 2606 1876 non
2637 1824 2835 1894 ubique
2858 1842 2977 1882 esse
3006 1840 3276 1899 poterant,
3325 1815 3442 1892 ideo
3468 1840 3694 1909 imagines

2153 1922 2279 1963 suas
2304 1910 2609 1970 hominibus
2629 1917 2930 1976 adorandas
2950 1927 3294 1993 mandavere,
3319 1930 3440 1999 quia
3459 1932 3508 1985 in
3528 1933 3690 2001 seipsis

2152 2015 2258 2054 non
2283 2002 2480 2072 ubique
2505 2013 2756 2074 poterant
2786 2010 3021 2079 adorari,
3048 2018 3178 2086 quid
3212 2036 3429 2078 necesse
3453 2032 3528 2078 est
3548 2024 3689 2079 Deum

2153 2089 2208 2144 in
2259 2091 2490 2163 imagine
2529 2097 2777 2166 adorare,
2807 2103 2898 2172 qui
2950 2105 3444 2183 incircumscriptus
3483 2124 3575 2180 est,
3613 2115 3688 2185 qui

2151 2181 2349 2250 ubique
2373 2191 2518 2241 totus
2543 2195 2645 2255 est,
2676 2182 2873 2262 ubique
2898 2196 3164 2255 mirabilis
3193 2203 3283 2271 qui
3310 2181 3424 2260 loco
3448 2220 3546 2260 non
3584 2181 3693 2261 con-

2152 2273 2370 2342 tinetur,
2424 2278 2529 2333 situ
2569 2296 2676 2335 non
2708 2283 3189 2357 circumscribitur,
3239 2308 3416 2364 quem,
3463 2296 3591 2352 sicut
3627 2296 3691 2351 ait

2154 2360 2428 2432 Salomon,
2456 2368 2639 2423 caelum
2665 2382 2713 2425 et
2739 2373 2856 2428 caeli
2877 2376 3123 2434 ctelorum
3146 2360 3475 2457 non—capiunt
3500 2386 3577 2459 (II
3601 2386 3691 2440 Pa-

2153 2454 2255 2509 ral.
2287 2464 2387 2526 vi),
2413 2475 2573 2529 quem
2598 2478 2704 2518 non
2730 2467 2876 2536 capit
2898 2473 3146 2539 mundus,
3178 2478 3271 2532 sed
3297 2454 3385 2534 ille
3412 2454 3545 2549 capit
3561 2494 3690 2533 mun-

2154 2549 2319 2605 dum?
2340 2550 2473 2607 Cum
2505 2556 2650 2610 enim
2681 2564 2828 2614 tanta
2853 2560 2921 2616 sit
2947 2561 3062 2632 ejus
3103 2567 3298 2634 virtus,
3353 2579 3492 2625 tanta
3523 2570 3685 2642 gloria,

2155 2648 2303 2697 tanta
2327 2646 2586 2713 potentia,
2601 2664 2709 2704 non
2735 2661 2818 2706 est
2843 2657 3165 2723 qumrendus
3192 2660 3247 2715 in
3271 2662 3588 2733 imaginibus,
3610 2661 3686 2718 sed

2154 2729 2209 2784 in
2243 2733 2459 2789 mundis
2484 2743 2539 2791 et
2561 2739 2763 2794 sanctis
2780 2745 3118 2814 pectoribus;
3160 2766 3268 2805 non
3303 2729 3404 2807 est.
3419 2752 3687 2809 adorandus

2155 2822 2209 2877 in
2231 2823 2441 2895 depicta
2466 2829 2668 2895 tabula,
2703 2834 2795 2888 sed
2824 2833 2878 2889 in
2915 2837 3039 2892 aula
3082 2850 3290 2908 sancta,
3337 2842 3534 2899 dicente
3582 2843 3689 2898 Ρω-

2155 2913 2335 2982 pheta,
2367 2916 2596 2973 Aderate
2630 2919 2912 2978 Dominum
2947 2926 3003 2981 in
3025 2927 3154 2983 aula
3184 2942 3365 2987 sancta
3395 2934 3503 3004 ejus
3542 2930 3686 3004 (Psal.

2154 3003 2326 3077 xxix),
2358 3008 2448 3076 qui
2484 3024 2591 3064 non
2626 3010 2897 3069 invenitur
2916 3031 3016 3087 per
3041 3020 3312 3088 picturam
3340 3003 3541 3079 statutis
3554 3003 3687 3085 Ῑοεὶεν

2156 3097 2250 3153 sed
2276 3113 2374 3169 per
2406 3115 2566 3169 opera
2588 3117 2618 3156 a
2653 3106 2921 3163 mentibus
2967 3110 3090 3178 piis,
3145 3128 3306 3184 quem
3346 3131 3450 3172 non
3480 3115 3531 3170 in
3571 3114 3687 3176 loco.

2156 3204 2263 3244 non
2294 3189 2348 3244 in
2371 3191 2598 3261 pictura,
2626 3210 2731 3249 non
2758 3198 2952 3254 tabulis
2976 3200 3121 3258 Elias
3145 3207 3432 3275 qumrebat,
3460 3205 3547 3262 sed
3585 3202 3684 3259 ubi-

2156 3294 2261 3350 que
2282 3297 2405 3335 eum
2437 3293 2759 3351 praesentem
2797 3289 3000 3346 sciebat
3028 3293 3079 3348 ei
3109 3296 3205 3366 qui
3235 3312 3294 3353 se
3340 3297 3577 3361 instantia
3608 3296 3690 3350 bo-

2154 3386 2348 3426 norum
2371 3387 2591 3442 operum
2618 3388 2936 3445 praesentem
2965 3384 3286 3443 exhibuerat
3325 3405 3441 3444 cum
3466 3387 3681 3444 dicebat:

2164 3457 2298 3515 Vivit
2325 3460 2574 3518 Dominus
2591 3467 2646 3520 in
2668 3469 2821 3538 cujus
2842 3485 3115 3542 conspectu
3129 3487 3212 3532 sto
3241 3477 3361 3549 (ΙΙΙ
3398 3477 3517 3549 Reg.
3551 3472 3682 3543 svu).

2153 3547 2210 3602 In
2228 3551 2424 3607 tabulis
2442 3567 2570 3624 ergo
2599 3555 2787 3624 Deum,
2812 3561 2904 3630 qui
2940 3562 3190 3622 inlocalis
3202 3547 3259 3623 et
3277 3547 3682 3638 omnipotenscst.

2154 3639 2379 3696 adorare
2405 3643 2560 3710 velle,
2594 3646 2733 3701 sicut
2759 3651 2986 3720 gentiles
3021 3670 3183 3726 reges
3225 3674 3352 3715 suos
3376 3657 3554 3713 locales
3593 3654 3685 3708 sive

2153 3730 2409 3788 mortales
2448 3735 2763 3804 adorabunt,
2808 3739 3092 3810 profanum
3138 3756 3223 3802 est
3263 3756 3317 3804 et
3365 3742 3680 3804 incredulitati

2155 3822 2409 3878 vicinum.
2452 3823 2665 3881 Nullam
2718 3828 2863 3884 enim
2911 3831 3013 3888 hoc
3058 3837 3240 3893 scelus
3274 3836 3459 3893 fecisse
3495 3834 3684 3905 legimus

2153 3920 2385 3981 gentem,
2426 3914 2531 3969 nisi
2556 3915 2877 3988 Babylonios
2913 3929 2967 3976 et
2992 3921 3284 3991 Romanos,
3319 3926 3400 3981 vel
3427 3941 3514 3982 eas
3530 3929 3685 3995 gentes

2154 4016 2273 4069 quae
2303 4002 2370 4057 ab
2398 4002 2484 4058 his
2507 4013 2600 4059 aut
2628 4007 2882 4075 subactas,
2927 4020 3020 4066 aut
3054 4013 3298 4073 finitione
3345 4015 3504 4080 fuere,
3525 4021 3605 4068 aut
3628 4009 3682 4065 ab

2154 4092 2239 4148 his
2266 4094 2508 4166 exempla
2539 4111 2839 4171 sumpsere,
2873 4110 2932 4156 ut
2956 4103 3096 4160 sicut
3131 4107 3185 4164 in
3213 4106 3483 4164 ferocitate
3506 4106 3604 4160 sive
3640 4113 3683 4154 ιη

2152 4180 2465 4241 fortitudine
2487 4186 2603 4244 haec
2628 4188 2733 4245 duo
2760 4206 2920 4262 regna
2949 4197 3164 4252 caeteris
3190 4198 3370 4255 mundi
3395 4194 3560 4268 regnis
3574 4189 3684 4247 emi-

2152 4276 2335 4331 nuisse
2376 4286 2691 4347 noscuntur,
2743 4281 2817 4336 ita
2860 4283 3023 4338 etiam
3078 4286 3137 4341 in
3179 4289 3413 4344 colendis
3464 4285 3601 4341 idolis
3639 4287 3683 4334 et

2154 4361 2442 4420 aderandis
2458 4367 2713 4435 proniora
2732 4367 2899 4428 fuisse
2918 4374 3229 4432 credantur.
3247 4376 3368 4432 Fuit
3389 4378 3551 4446 itaque
3568 4372 3682 4425 inter

2156 4451 2271 4509 brec
2296 4453 2402 4510 duo
2424 4451 2716 4514 fortissimi
2749 4475 2911 4531 regna
2942 4478 3136 4534 magna
3162 4466 3543 4529 concordantia,
3588 4473 3683 4515 mas

2155 4558 2260 4612 gna
2290 4544 2601 4612 similitudo,
2632 4565 2825 4621 magna
2846 4554 3158 4620 crudelitas,
3185 4572 3375 4628 magna
3411 4555 3559 4612 etiam
3593 4550 3678 4603 lor~

2157 4631 2346 4698 titudo,
2378 4641 2429 4687 et
2452 4649 2638 4691 revera
2668 4637 2922 4696 fortitudo
2948 4658 3068 4712 quae
3103 4650 3313 4701 cmteris
3338 4643 3509 4700 mundi
3532 4635 3682 4709 regnis

2156 4736 2254 4777 suo
2281 4728 2520 4795 tempore
2555 4720 2921 4798 imperaverit.
2966 4732 3099 4788 Nam
3141 4745 3199 4789 ut
3227 4736 3353 4791 illud
3389 4736 3452 4789 ab
3487 4732 3680 4789 oriente,

2156 4811 2231 4866 ita
2254 4811 2509 4868 nimirum
2534 4816 2677 4872 istud
2700 4819 2924 4875 eminuit
2944 4821 3012 4877 ab
3032 4823 3341 4891 occidente;
3369 4822 3491 4878 illud
3512 4814 3680 4875 mundo

2154 4900 2499 4970 pubescente,
2542 4905 2683 4961 istud
2708 4906 2820 4976 jam
2843 4911 3043 4968 mundo
3077 4924 3405 4971 senescente.
3431 4913 3550 4967 Nam
3586 4922 3680 4963 oni-

2156 5002 2301 5053 nem,
2324 4996 2384 5042 ut
2411 4992 2561 5046 aiunt
2587 4994 2845 5063 historiae,
2878 4998 3153 5071 Babylonii
3187 5004 3333 5074 regni
3358 5000 3678 5057 htereditatcm

2157 5086 2211 5134 et
2238 5079 2407 5150 apicis
2431 5084 2704 5139 cumulum
2730 5086 3030 5144 Romanum
3061 5095 3296 5164 suscepit
3323 5092 3597 5162 imperium.
3633 5092 3680 5182 εξ

2156 5169 2301 5225 inter
2329 5172 2445 5228 haec
2473 5172 2578 5228 duo
2601 5190 2765 5243 regna
2800 5178 2955 5249 quasi
2980 5181 3122 5236 inter
3161 5192 3367 5254 patrem
3406 5193 3569 5236 senem
3602 5169 3676 5242 qui

2149 5262 2261 5334 jam
2284 5281 2441 5335 posse
2463 5268 2699 5335 desierit,
2732 5281 2786 5327 et
2826 5274 2991 5330 lilium
3034 5279 3312 5347 parvulum
3354 5277 3440 5347 qui
3480 5272 3673 5331 necdum

2157 5353 2464 5413 dominandi
2502 5360 2647 5417 vires
2692 5367 2978 5434 acceperit,
3017 5370 3120 5424 duo
3163 5384 3325 5440 regna
3365 5368 3472 5423 vice
3512 5360 3677 5419 tutoris

2157 5444 2440 5502 Persarum
2466 5450 2713 5507 videlicet
2733 5453 2847 5509 sive
2869 5455 3210 5513 Macedonum
3230 5458 3389 5513 fuisse
3409 5454 3671 5511 traduntur-

2156 5534 2226 5589 At
2254 5534 2378 5591 dum
2403 5539 2592 5603 haeres,
2626 5542 2679 5597 id
2705 5551 2805 5609 est,
2849 5544 3147 5602 Romanum
3190 5548 3477 5618 imperium,
3518 5539 3707 5607 adole-,

2158 5627 2256 5693 vit,
2304 5627 2409 5684 hoc
2456 5632 2599 5700 quod
2655 5635 2849 5690 tutoris
2883 5636 3056 5692 locum
3104 5639 3317 5694 tenebat
3349 5632 3605 5695 abscessit,
3632 5634 3671 5680 (1

2159 5719 2391 5793 suscepit
2442 5720 2804 5783 hatrcditatem
2856 5729 2993 5787 filius
3043 5733 3345 5791 adolescens
3379 5745 3526 5802 quam
3548 5732 3669 5797 patet
