4028 6180
434 321 570 379 1145

428 436 683 492 amiserat
733 441 1019 489 veteranus
1064 442 1080 482 :

428 523 809 582 consonantias
842 521 955 576 sive
995 520 1312 575 concordias
1348 522 1599 592 persequi
1634 522 1849 593 longum
1890 533 1996 578 est.

426 615 584 678 Nam,
613 620 674 668 ut
698 621 893 668 caetera
924 618 1213 673 taceamus,
1240 609 1295 663 in
1319 609 1420 664 hac
1442 620 1595 679 parte
1638 626 1745 665 non
1778 611 1998 667 minima

427 704 738 761 earumdem
763 715 1049 772 regnorum
1086 700 1435 755 consonantia
1469 709 1570 766 est,
1595 702 1738 771 quod
1773 709 2000 771 utraque

427 810 582 868 reges
613 809 739 849 suos
764 793 819 847 in
846 791 1039 848 statuis
1058 791 1170 846 sive
1192 791 1512 861 imaginibus
1531 805 1628 860 per
1643 806 1862 861 campos
1887 792 2000 846 sive

425 887 634 959 plateas
662 884 890 937 adorare
913 880 1239 945 censuerint,
1263 887 1319 935 et
1338 880 1454 935 haec
1480 879 1658 936 facere
1695 882 2001 937 nolentibus

426 977 637 1032 diversa
688 971 951 1041 supplicia
1000 970 1298 1024 intulerint.
1348 969 1483 1024 Nam
1520 971 1622 1025 huc
1650 972 1850 1026 malum
1873 987 1995 1026 cum

427 1062 640 1122 caeteris
675 1061 832 1117 malis
875 1076 994 1130 quae
1033 1059 1235 1114 Christi
1269 1059 1501 1115 adventu
1543 1059 1802 1115 frustrata
1850 1069 1994 1126 sunt,

425 1154 675 1213 frustrari
702 1153 922 1208 omnino
952 1152 1129 1216 debet,
1157 1158 1212 1205 et
1237 1167 1344 1205 non
1366 1151 1538 1206 solum
1568 1153 1636 1208 ab
1668 1167 1735 1208 eo
1779 1152 1847 1207 ad
1889 1152 1997 1206 alia

424 1247 731 1320 peragenda
777 1243 1023 1312 exempla
1073 1253 1198 1298 sunt
1233 1244 1510 1309 sumenda,
1561 1246 1654 1300 sed
1702 1246 1932 1316 idipsum
1965 1262 1995 1302 a

426 1337 764 1397 Christicolis
800 1335 1060 1390 radicitus
1083 1342 1165 1389 est
1188 1334 1609 1404 exstirpandum,
1635 1348 1704 1389 ne
1733 1352 1860 1406 qua,
1906 1352 1997 1392 se-

426 1429 659 1486 cundum
685 1423 1017 1495 Apostolum,
1048 1423 1203 1478 rudia:
1239 1423 1605 1479 amaritudinis
1636 1423 1849 1490 rursum
1881 1427 1999 1497 pul-

425 1520 552 1576 lulet
571 1529 619 1574 et
639 1519 873 1589 inquinet
891 1515 1082 1570 multos
1118 1514 1274 1586 (Heb.
1310 1515 1431 1585 χιι).
1458 1515 1593 1569 Nam
1623 1533 1745 1571 cum
1780 1527 2000 1586 aposto-

424 1609 542 1665 licis
564 1609 896 1663 instruamur
925 1604 1262 1660 documentis
1290 1604 1492 1658 nullam
1523 1621 1621 1660 nos
1646 1607 1774 1662 dare
1799 1608 1996 1663 debere

422 1698 762 1754 occasionem
785 1692 1061 1764 maligno,
1090 1710 1188 1749 cur
1225 1695 1387 1751 talem
1420 1698 1711 1767 gentilibus
1752 1701 1993 1755 occasio-

1205 315 1384 373 LIBRI
1420 318 1760 376 CAROLINI.
1799 352 1868 363 -
1904 321 2123 378 CAPIT.
2163 322 2251 393 DE
2289 324 2478 383 IMAG.
2517 356 2586 368 -
2623 326 2752 385 LIB.
2792 329 2878 387 III.

1130 441 1360 498 quorum
1421 429 1650 486 duorum
1705 446 1993 502 regnorum
2018 439 2070 497 Δ
2097 436 2267 508 (Psal.
2284 440 2525 513 cxxxix).
2541 441 2609 496 Et
2621 442 3116 500 DominusAhraha:
3140 445 3362 502 dixerit:
3385 436 3444 503 Si
3454 460 3671 520 possunt

3527 335 3667 392 Ηιίϐ

2098 526 2404 585 ειειιιεόωιὶ
2436 535 2700 588 numerari
2733 551 2843 605 prta
2878 534 3224 599 multitudine,
3259 554 3430 591 semen
3470 556 3671 609 quoque

2098 625 2246 673 tuum
2301 624 2569 676 numerari
2627 625 2816 690 poterit
2868 622 3022 696 (Cen.
3081 626 3194 697 xv).
3242 625 3436 681 Semen
3489 639 3670 683 autem

2096 709 2327 765 Abrahze
2355 727 2542 768 omnes
2562 714 2843 770 credentes
2868 728 3007 779 esse,
3040 718 3290 771 omnibus
3326 718 3668 775 manifestum

2097 805 2199 854 est.
2238 801 2356 869 ipse
2398 803 2540 856 enim
2576 813 2658 857 est
2682 812 2840 873 pater
2871 804 3127 877 gentium,
3170 806 3224 860 in
3251 806 3404 876 cujus
3439 810 3666 874 semine,

2098 891 2153 947 id
2189 899 2273 948 est
2299 892 2355 947 in
2379 891 2615 959 Christo,
2659 896 3043 951 benedicentur
3088 913 3274 952 omnes
3316 910 3530 969 gentes;
3578 901 3668 971 qui

2097 983 2389 1038 secundum
2426 985 2745 1054 apostolum,
2775 1002 2881 1040 non
2910 1001 2973 1040 ex
3008 987 3440 1053 circumcisione,
3467 989 3559 1044 sed
3604 1004 3671 1043 ex

2096 1072 2415 1128 credulitate
2447 1074 2651 1129 amicus
2682 1075 2776 1130 Dei
2806 1085 3027 1131 vocatus
3054 1086 3157 1143 est,
3186 1093 3285 1132 nec
3325 1078 3373 1132 ei
3416 1060 3669 1133 observa-

2097 1164 2174 1220 tio
2209 1162 2360 1236 Ιθείε,
2407 1165 2501 1221 sed
2547 1165 2835 1223 credulitas
2873 1167 2995 1222 ﬁdei
3029 1168 3096 1223 ad
3121 1165 3388 1237 justitiam
3425 1177 3670 1238 reputata

2094 1262 2201 1311 est.

2687 1348 2913 1405 CAPUT
2943 1348 3080 1404 XVI.

2095 1441 2293 1497 Contra
2313 1446 2399 1497 eos
2422 1443 2512 1513 qui
2536 1442 2718 1513 dicunt
2738 1442 2877 1512 quod
2907 1441 3152 1513 imaginis
3175 1440 3342 1494 honor
3371 1436 3667 1513 inprimant

2658 1512 2882 1580 formam
2902 1512 3109 1564 transit.

2169 1604 2589 1662 Usitatissimum
2615 1609 2670 1657 et
2712 1601 2906 1671 oppido
2928 1599 3408 1655 familiarissimum
3434 1598 3538 1653 illis
3578 1598 3669 1668 qui

2094 1696 2150 1752 in
2171 1694 2462 1751 aderandis
2484 1693 2808 1764 imaginibus
2828 1698 3075 1755 aestuant,
3101 1691 3207 1746 hoc
3225 1700 3329 1756 est,
3363 1697 3423 1744 ut
3448 1689 3672 1744 credant

422 1802 546 1841 nem
592 1787 780 1840 demus
822 1783 1129 1838 mortalium
1179 1799 1363 1854 regum
1408 1786 1670 1856 imagines
1722 1789 1994 1844 adurando
2028 1795 2151 1855 Bet
2175 1793 2422 1842 asserant
2467 1784 2718 1855 imaginis
2772 1784 3032 1837 honorem
3062 1782 3118 1835 in
3156 1780 3399 1837 eamdem
3445 1779 3671 1833 formam

421 1884 475 1930 et
500 1877 570 1931 ab
603 1876 690 1930 his
713 1874 957 1943 exempla
983 1875 1277 1928 sumendo?
1312 1882 1372 1929 ut
1397 1877 1551 1931 nobis
1585 1877 1826 1947 ingerere
1868 1896 1993 1949 pos-

420 1967 528 2022 sint
576 1967 815 2021 dicentes
851 1982 864 2018 :
902 1965 1011 2019 Nos
1051 1981 1236 2020 eorum
1281 1967 1565 2023 simulacra
1603 1970 1684 2023 vel
1730 1971 1991 2042 imagines

421 2058 708 2113 adoramus
727 2070 863 2126 quos
887 2054 972 2110 vel
999 2071 1126 2109 vera
1150 2055 1408 2125 religione
1439 2058 1567 2113 deos
1589 2059 1875 2124 credimus,
1904 2061 1989 2115 vel

420 2146 763 2215 antiquorum
799 2143 1180 2199 traditionibus
1213 2144 1355 2200 docti
1383 2144 1510 2201 deus
1547 2163 1653 2200 nun
1679 2162 1798 2203 esse
1821 2150 1990 2204 nesei-

419 2250 539 2289 mus
571 2252 584 2288 :
616 2249 713 2289 vos
766 2248 918 2299 vero,
951 2233 1145 2303 quibus
1182 2233 1325 2289 istud
1375 2235 1705 2292 abominatio
1749 2245 1853 2303 est,
1892 2254 1990 2293 cur

419 2325 679 2394 imagines
704 2323 978 2378 hominum
1003 2323 1086 2379 vel
1110 2324 1250 2379 ceris
1277 2325 1447 2393 pictas
1482 2326 1568 2380 vel
1604 2328 1835 2383 metallis
1859 2345 1989 2384 con-

417 2412 571 2469 ﬂatas
595 2414 695 2468 sub
710 2428 894 2483 regum
923 2414 1220 2468 reverentia
1247 2415 1407 2468 etiam
1434 2416 1646 2485 publica
1676 2417 1988 2474 aduratiune

417 2503 769 2568 veneramini,
796 2509 871 2569 et,
901 2511 959 2557 ut
989 2502 1089 2571 ipsi
1113 2504 1432 2573 przcdicatis,
1460 2506 1794 2563 Deotantum
1822 2510 1989 2567 bunu-

418 2608 534 2648 rem
553 2593 789 2649 debitum
810 2594 972 2648 etiam
994 2594 1299 2650 hominibus
1318 2596 1486 2652 datis?
1506 2598 1657 2664 Quod
1673 2600 1720 2654 si
1740 2600 1987 2658 illicitum

416 2682 626 2753 legique
653 2685 983 2739 contrarium
1028 2693 1130 2750 est,
1162 2701 1260 2742 cur
1298 2687 1399 2741 hoc
1433 2686 1628 2753 facitis,
1671 2689 1984 2760 Christiani,

417 2781 512 2826 aut
539 2788 637 2827 cur
658 2772 824 2827 vestri
862 2789 970 2828 non
994 2775 1281 2843 prohibent
1304 2777 1644 2833 sacerdotes?
1664 2794 1732 2834 ne
1764 2780 1816 2835 id
1846 2783 1988 2851 quod

416 2865 471 2920 id
500 2865 870 2936 ignorantibus
893 2868 1048 2922 nobis
1067 2882 1167 2936 pro
1190 2867 1471 2938 sacrilegio
1501 2871 1790 2939 ascribitis,
1819 2874 1988 2930 scien-

417 2964 500 3012 tes
529 2958 627 3011 sub
650 2956 809 3013 uﬂlcii
841 2959 1186 3013 excusatione
1209 2961 1464 3015 subeatis.
1498 2960 1627 3029 Qua:
1656 2962 1781 3018 dum
1819 2972 1873 3019 et
1902 2965 1988 3022 bis

414 3044 608 3101 similia
628 3046 818 3117 primis
842 3047 961 3103 ﬂdei
987 3048 1318 3116 temporibus
1343 3064 1370 3103 a
1392 3049 1725 3121 philosophis
1747 3055 1986 3125 gentium

2090 1892 2250 1948 posse
2294 1877 2528 1932 transire
2552 1875 2704 1944 cujus
2732 1875 2907 1945 imago
2932 1880 3033 1928 est.
3085 1871 3239 1938 Quod
3269 1870 3483 1940 quidem
3531 1886 3669 1939 quu-

2089 1970 2250 2025 modo
2272 1967 2388 2024 ﬂeri
2414 1967 2611 2030 valeat,
2634 1976 2690 2021 et
2716 1975 2899 2020 utrum
2926 1963 3041 2020 fieri
3070 1963 3261 2025 valeat,
3287 1962 3430 2017 nulla
3462 1963 3671 2016 ratione

2088 2061 2402 2131 percipitur,
2453 2073 2555 2113 nec
2610 2058 2911 2113 divinorum
2963 2055 3294 2124 eloquiorum
3347 2053 3671 2107 testimoniis

2089 2151 2438 2222 approbatur.
2483 2149 2860 2219 Nunquidnam
2887 2145 3059 2201 sancti
3090 2144 3183 2214 qui
3205 2157 3305 2213 pro
3330 2141 3537 2197 meritis
3558 2142 3671 2197 suis

2088 2243 2327 2299 caelestia
2374 2255 2538 2309 regna
2568 2239 2933 2295 conscendere
2967 2235 3272 2300 valuerunt,
3313 2247 3541 2302 quorum
3593 2231 3667 2285 illi

2088 2333 2382 2391 inoﬂieioso
2438 2332 2694 2400 obsequio
2743 2329 3003 2399 imagines
3052 2327 3281 2382 adorare
3326 2309 3663 2394 percensent,

2088 2425 2486 2496 superstitiosos
2525 2429 2617 2478 aut
2655 2435 3015 2492 supervacuos
3045 2418 3280 2473 honores
3328 2412 3669 2470 ambieruntl

2086 2516 2337 2584 Nunquid
2373 2514 2584 2569 adorari
2616 2527 2674 2568 se
2703 2508 3101 2582 permiserunt?
3146 2506 3374 2574 Quidam
3416 2504 3559 2559 enim
3599 2516 3665 2558 ex

2087 2604 2194 2662 illis
2218 2604 2410 2673 abjecti
2433 2618 2554 2659 esse
2578 2604 2882 2672 cupiebant,
2916 2607 2977 2654 ut
3015 2598 3228 2654 Domini
3275 2596 3505 2667 gratiam
3552 2608 3660 2647 me-

2086 2704 2336 2752 rerentur
2363 2710 2379 2748 :
2415 2696 2480 2750 de
2502 2693 2696 2763 quibus
2715 2701 2832 2746 erat
2858 2690 2949 2745 ille
2968 2690 3060 2759 qui
3095 2689 3308 2745 dicebat
3340 2705 3353 2740 :
3388 2684 3540 2754 Elogi
3572 2683 3668 2736 ab-

2077 2786 2253 2856 jectus
2276 2801 2385 2839 esse
2414 2784 2469 2837 in
2512 2783 2667 2837 domo
2698 2781 2793 2835 Dei
2828 2781 2993 2850 magis
3038 2795 3196 2850 quam
3230 2777 3467 2831 habitare
3505 2775 3557 2827 in
3587 2782 3668 2825 ta-

2088 2872 2380 2927 bernaculis
2405 2879 2734 2944 peccatorum
2773 2867 2944 2939 (Psal.
2976 2862 3231 2935 Lxxxlv);
3275 2858 3491 2932 quidam
3537 2874 3667 2913 vero

2039 2959 2043 2963 ’
2086 2963 2342 3034 ﬂagellari
2371 2962 2550 3032 potius
2578 2975 2738 3030 quam
2762 2956 3009 3014 venerari
3031 2955 3335 3011 maluerunt
3361 2972 3374 3006 :
3407 2951 3559 3007 testis
3582 2957 3665 3005 est

2088 3054 2175 3108 ille
2204 3054 2294 3123 qui
2323 3053 2460 3109 dixit
2493 3070 2506 3106 :
2546 3051 2660 3121 Ego
2685 3058 2857 3104 autem
2886 3065 2988 3102 non
3013 3047 3180 3101 solum
3211 3044 3440 3115 alligari,
3465 3058 3670 3097 rerum-

415 3137 615 3193 nostris
644 3137 788 3194 illata
822 3137 1066 3205 fuissent,
1092 3139 1261 3194 nostri
1298 3141 1480 3197 taliter
1522 3146 1861 3213 respondisse
1909 3145 1987 3202 fe—
2011 3137 2058 3202 Ο
2087 3146 2242 3200 etiam
2270 3145 2404 3199 mori
2449 3159 2543 3215 pro
2567 3141 2771 3197 Christo
2814 3148 3032 3209 paratus
3070 3151 3207 3190 sum.
3241 3134 3357 3189 Non
3390 3132 3534 3187 enim
3567 3144 3663 3184 eos

414 3236 609 3283 runtur
656 3247 670 3283 :
718 3229 832 3285 Hoc
877 3245 1109 3300 namque
1158 3234 1298 3302 quod
1349 3234 1526 3290 dicitis
1573 3252 1670 3292 nec
1729 3238 1989 3295 debemus
2090 3238 2355 3293 honorum
2381 3235 2726 3304 appetitores,
2755 3233 2849 3285 sed
2871 3227 3136 3298 spirituali
3162 3226 3350 3296 vigore
3378 3223 3668 3293 ﬂagrantes

412 3321 662 3391 probare,
702 3336 803 3377 nec
831 3336 1137 3391 possumus,
1164 3327 1290 3395 quia
1328 3328 1665 3384 evidentibus
1684 3330 1780 3386 Dei
1805 3331 1985 3397 dictis,
2088 3337 2142 3384 et
2165 3336 2354 3384 contra
2393 3326 2621 3380 adversa
2656 3322 2894 3378 munitos
2940 3329 3103 3389 atque
3136 3317 3259 3388 igne
3303 3312 3670 3369 tribulationis

415 3422 525 3464 non
577 3409 860 3477 elementa,
899 3428 1004 3467 non
1043 3416 1281 3486 angelos,
1326 3432 1426 3472 nec
1449 3419 1719 3487 quoslibet
1752 3420 1874 3475 celi
1922 3438 1987 3478 ac
2089 3422 2338 3477 decoctos
2373 3425 2427 3473 et
2466 3414 2753 3471 mundanis
2792 3410 3210 3467 adversitatibus
3252 3406 3505 3462 fortiores
3541 3404 3670 3461 eﬂ‘e-

417 3505 577 3552 terrte
622 3499 706 3553 vel
751 3499 891 3555 aeris
940 3501 1273 3571 principatus
1329 3505 1555 3560 adorare
1600 3507 1984 3575 permittimur.
2088 3517 2224 3573 ctus,
2250 3508 2440 3562 doctor
2463 3505 2702 3576 gentium
2730 3501 2896 3556 fuisse
2918 3504 3327 3562 commemorat,
3356 3510 3479 3550 cum
3505 3509 3670 3565 quos-

414 3589 588 3644 Divini
615 3592 756 3647 enim
799 3593 1028 3662 speciale
1056 3594 1160 3649 hoc
1200 3610 1396 3650 nomen
1426 3605 1509 3650 est
1542 3596 1701 3650 cilicii
1738 3605 1793 3651 et
1828 3599 1990 3655 altius
2090 3600 2211 3653 dam
2259 3612 2327 3651 ex
2378 3596 2483 3650 illis
2536 3595 2667 3649 dicit
2705 3601 2964 3655 tantatos,
3022 3599 3083 3644 ut
3114 3589 3370 3654 Achiam;
3403 3586 3663 3657 quosdam

414 3680 562 3734 omni
602 3690 818 3736 terrena
854 3683 1203 3737 veneratione
1243 3683 1326 3735 vel
1361 3684 1678 3748 reverentia,
1722 3686 1816 3740 sed
1847 3686 1988 3742 sicut

416 3766 469 3820 in
488 3767 791 3836 huiusmodi
815 3769 1013 3823 malum
1040 3770 1273 3838 primum
1296 3771 1528 3826 adulatio
1550 3772 1797 3828 homines
1823 3775 1989 3844 impu-

415 3856 498 3922 lit,
540 3859 619 3914 sic
657 3874 800 3914 nunc
833 3860 903 3913 ab
932 3874 1117 3915 errore
1164 3862 1493 3918 consuetudo
1518 3864 1607 3917 vix
1647 3874 1886 3921 revocat.
1928 3866 1987 3922 In

414 3961 523 4016 quo
560 3957 740 4003 tamen
774 3949 990 4004 incauto
1016 3950 1275 4020 obsequio
1317 3967 1623 4023 quanquam
1646 3954 1857 4011 divinus
1879 3974 1987 4013 non

415 4036 847 4102 deprehendatur
898 4036 1073 4093 cultus
1096 4078 1110 4103 ,
1163 4039 1257 4094 sed
1318 4049 1538 4111 propter
1582 4043 1986 4103 similitudinem

414 4126 723 4181 amabilium
738 4127 977 4182 vultuum
1002 4130 1194 4200 gaudia
1214 4131 1417 4187 intenta
1439 4133 1561 4203 plus
1584 4134 1803 4205 faciant,
1826 4153 1987 4208 quam

2089 3688 2369 3757 lapidatus,
2420 3694 2482 3740 ut
2528 3684 2847 3739 Zachariam
2879 3690 2934 3735 et
2976 3680 3342 3749 Stephanum;
3400 3677 3662 3748 quosdam

2090 3780 2301 3834 illorum
2329 3785 2522 3841 sectos,
2554 3784 2616 3831 ut
2636 3776 2850 3838 Isaiam,
2889 3772 2983 3842 qui
3025 3786 3122 3842 per
3163 3770 3387 3840 figuram
3419 3767 3669 3839 syllepsis

2089 3870 2370 3940 pluraliter
2387 3868 2630 3939 ponitur;
2662 3865 2925 3936 quosdam
2952 3863 3007 3917 in
3032 3861 3305 3919 occisione
3329 3859 3489 3930 gladii
3518 3872 3667 3911 mor—

2091 3968 2228 4024 tuos,
2269 3959 2409 4014 sicut
2465 3958 2648 4027 plures
2686 3955 3072 4025 prophetarum
3118 3949 3286 4005 fuisse
3330 3957 3661 4012 noscuntur;

2088 4051 2346 4121 quosdam
2370 4048 2626 4105 circuisse
2647 4047 2701 4101 in
2731 4044 3036 4108 melutibus,
3066 4059 3121 4097 in
3143 4040 3372 4112 pellibus
3404 4037 3663 4107 caprinis,

2089 4140 2229 4195 sicut
2267 4138 2438 4192 Eliam
2490 4144 2543 4192 ct
2566 4134 2864 4200 Joannem;
2903 4129 3165 4201 quosdam
3206 4134 3526 4199 angustatos
3551 4125 3666 4179 sive

414 4226 508 4273 aut
536 4220 589 4274 hi
618 4220 758 4276 forte
800 4222 1018 4293 exigant
1064 4226 1261 4294 quibus
1307 4227 1565 4296 defertur,
1614 4240 1707 4287 aut
1739 4233 1987 4308 perfungi
2086 4238 2307 4300 egentes
2354 4226 2515 4282 fuisse
2546 4225 2757 4294 illisque
2791 4223 3013 4294 dignum
3051 4234 3159 4276 non
3190 4217 3358 4273 fuisse
3382 4216 3662 4308 mundum,

412 4318 659 4379 oporteat
673 4311 1403 4380 deferentes,reverentiores
1428 4330 1603 4376 tamen
1625 4330 1680 4377 et
1698 4306 1990 4382 districtio-
2087 4321 2225 4376 sicut
2270 4319 2339 4374 de
2364 4332 2502 4388 pene
2540 4316 2793 4372 omnibus
2843 4312 3045 4369 sanctis
3096 4308 3297 4380 passim
3339 4306 3664 4367 credendum

411 4413 498 4454 res
513 4399 650 4455 hanc
671 4403 1109 4459 consuetudinem
1133 4406 1987 4484 perhurrenthristiani,quibus
2015 4478 2052 4484 ᾧ
2087 4416 2189 4475 est,
2232 4413 2620 4464 commemorat
2650 4403 2810 4476 (Ilcb.
2837 4401 2916 4474 ιι)
2941 4419 2955 4456 τ
2996 4401 3192 4471 quibus
3220 4398 3483 4467 exemplis
3513 4412 3668 4450 mun-

410 4491 592 4547 taliter
641 4493 806 4549 illatis
833 4509 938 4550 non
978 4505 1199 4567 apparet
1232 4513 1345 4565 eos,
1393 4507 1525 4556 tunc
1571 4517 1759 4575 regum
1795 4478 1985 4579 imagi-
2011 4478 2064 4538 Ι)
2089 4510 2292 4557 stratur
2338 4516 2447 4555 non
2478 4514 2574 4554 eos
2626 4499 2912 4559 honorum,
2964 4494 3056 4548 sed
3108 4492 3367 4546 virtutum
3399 4487 3666 4543 desiderio

410 4596 508 4637 nes
536 4582 764 4637 adorare
803 4585 1107 4652 censuisse,
1163 4602 1470 4658 quanquam
1520 4593 1680 4648 rudes
1713 4594 1889 4651 adhuc
1920 4578 1985 4651 et
2088 4601 2365 4649 acstmsse.
2395 4589 2528 4645 Nam
2555 4589 2601 4644 si
2638 4587 2930 4642 ambitione
2955 4585 3218 4638 honorum
3247 4581 3371 4635 dum
3417 4578 3665 4633 mortali-

410 4674 636 4729 necdum
689 4675 876 4731 solida:
944 4678 1011 4731 ad
1061 4679 1466 4748 percipiendum
1517 4682 1745 4739 solidum
1803 4686 1983 4741 cibum
2088 4694 2172 4738 ter
2220 4684 2482 4748 viverent,
2534 4688 2835 4744 uterentur,
2892 4695 2999 4734 non
3036 4676 3197 4733 hodie
3254 4676 3311 4729 in
3354 4672 3667 4730 caelestibus

411 4774 615 4820 mentes
644 4765 922 4825 hominum
972 4764 1174 4820 fuerint
1225 4767 1293 4822 de
1341 4770 1639 4839 gentilitate
1685 4789 1979 4830 conversm.

406 4852 668 4909 Jamvero
689 4855 815 4923 quia
836 4855 1021 4909 dicunt
1044 4858 1288 4926 exemplo
1310 4859 1667 4927 imperialium
1690 4863 1980 4935 imaginum

408 4943 692 5014 imaginem
718 4945 814 5000 Dei
841 4946 925 5001 vel
966 4955 1169 5003 sanctae
1217 4950 1311 5003 Dei
1352 4952 1633 5020 genitricis
1671 4954 1851 5011 Mariae
1886 4957 1972 5011 vel

406 5034 644 5088 omnium
666 5043 974 5090 sanctorum
999 5035 1214 5092 adorari
1246 5039 1462 5105 debere,
1487 5056 1649 5110 quam
1687 5044 1758 5098 sit
1792 5045 1982 5101 absur-

405 5121 533 5177 dum
564 5138 792 5193 quamve
812 5125 1008 5181 inutile
1024 5126 1078 5180 in
1106 5136 1360 5197 promptu
1397 5136 1497 5193 est,
1528 5131 1693 5186 etiam
1737 5133 1852 5190 sive
1879 5137 1984 5192 hoc

405 5212 654 5283 capitulo,
685 5214 799 5268 sive
824 5214 876 5269 in
907 5216 1028 5271 aliis
1057 5232 1124 5272 ex
1159 5226 1312 5286 parte
1342 5227 1697 5277 monstratum
1725 5232 1826 5279 est.
1852 5225 1983 5281 Nul-

402 5303 488 5358 lus
509 5304 651 5358 enim
687 5312 882 5373 prteter
906 5307 1074 5361 Deum
1110 5309 1532 5377 omnipotentem
1564 5314 1806 5368 omnium
1850 5331 1979 5370 san-

401 5404 615 5452 ctorum
660 5396 923 5466 imagines
979 5398 1064 5452 vel
1113 5399 1329 5453 nomina
1368 5400 1568 5456 habere
1613 5402 1699 5457 vel
1745 5406 1979 5461 retinere

402 5494 596 5558 potest,
627 5486 839 5543 dicente
858 5488 1126 5559 Propheta
1150 5507 1164 5543 :
1196 5489 1369 5546 Nimis
1399 5492 1643 5548 honorati
1676 5505 1797 5551 sunt
1822 5499 1977 5554 amici

401 5587 498 5650 tul,
530 5583 689 5658 Deus,
724 5585 878 5640 nimis
929 5584 1255 5655 confortatus
1283 5594 1357 5640 est
1396 5587 1720 5658 principatus
1755 5606 1934 5645 eorum
1955 5609 1976 5647 :

402 5672 739 5731 diﬁumerabo
799 5692 888 5732 eos
940 5684 988 5730 et
1026 5692 1180 5747 super
1233 5692 1446 5731 arenam
1489 5677 1976 5749 multiplicabuntur

2092 4781 2237 4828 tanta
2261 4773 2431 4843 gloria
2455 4772 2794 4837 fruerentur;
2818 4770 2944 4825 dum
2982 4783 3112 4837 ergo
3137 4766 3208 4819 sit
3244 4764 3348 4818 illis
3379 4778 3410 4815 a
3438 4761 3667 4817 Domino

2087 4863 2261 4919 honor
2282 4871 2571 4932 perpetuus
2591 4861 2902 4925 attributus,
2950 4874 3053 4913 non
3079 4863 3205 4910 sunt
3232 4851 3665 4906 transitoriurum

2087 4952 2350 5008 honorum
2383 4950 2605 5020 indigni.

2156 5039 2342 5095 Hon-r
2393 5038 2576 5105 itaque
2601 5036 2758 5105 digne
2796 5040 3109 5089 sanctorum
3156 5028 3495 5099 corporibus,
3540 5026 3664 5081 reli-

2086 5129 2229 5199 quiis
2273 5129 2388 5183 sive
2433 5125 2673 5182 basilicis
2724 5124 3016 5189 exhibitas,
3051 5131 3106 5179 et
3145 5119 3500 5191 omnipotenti
3552 5117 3663 5172 Deo

2086 5229 2143 5277 et
2162 5220 2367 5276 sanctis
2394 5218 2510 5288 ejus
2560 5226 2743 5272 manet
2780 5224 3063 5288 acceptus;
3115 5216 3485 5282 incompetens
3533 5226 3663 5266 vero

2085 5320 2141 5368 et
2186 5313 2461 5377 indecens,
2500 5325 2601 5365 nec
2630 5309 2740 5364 Deo
2764 5323 2866 5364 nec
2912 5307 3113 5362 sanctis
3137 5304 3255 5374 ejus
3282 5309 3466 5358 manet
3511 5315 3663 5357 accc-

2083 5412 2227 5476 ptas.

2156 5494 2293 5550 Hinc
2315 5500 2399 5548 est
2417 5491 2562 5562 quod
2591 5491 2780 5547 beatus
2803 5487 3003 5558 Joseph
3029 5494 3152 5558 post
3177 5483 3516 5557 prophetiam
3537 5497 3659 5538 ossa

2083 5601 2179 5641 sua
2209 5600 2332 5641 cum
2369 5583 2706 5653 adjuratione
2734 5581 2859 5636 ﬁliis
2902 5580 3070 5636 Israel
3112 5581 3180 5636 ad
3222 5586 3427 5633 terram
3473 5590 3662 5647 repro-

2081 5678 2356 5735 missionis
2383 5675 2624 5733 venturis
2672 5689 2852 5730 secum
2906 5671 3193 5728 deferenda
3242 5676 3547 5742 percenset,
3571 5680 3658 5733 nc,
