4028 6180
352 274 485 329 “47

1231 283 1292 342 Β.
1330 284 1579 349 CAROLI
1614 288 1830 367 MAGNI
1864 289 2016 348 OPP.
2055 289 2234 350 PARS
2270 293 2333 348 ll.
2374 293 2616 356 SECTIO
2647 299 2713 359 Il.

3458 306 3597 363 “$8

342 384 469 438 dum
495 380 735 456 Egyptii
756 394 1024 446 memores
1050 400 1232 449 essent
1254 394 1417 461 illius,
1446 398 1559 454 sive
1584 395 1923 455 administra—
1943 403 1988 461 Δ
2018 399 2139 457 liJei
2181 402 2214 456 ιι
2234 402 2381 458 ὦρτο
2407 407 2846 476 emolumentum,
2893 425 2959 467 eo
3012 413 3157 481 quod
3181 417 3436 484 operibus
3484 422 3595 475 sint

344 470 505 528 tionis
526 487 631 542 qua
670 475 724 529 in
770 493 960 549 magna
986 488 1225 551 egestate
1252 482 1546 558 Aﬁgyptum
1588 489 1917 559 gubernave-

342 570 445 627 rat,
476 561 596 635 ejus
624 566 835 622 ossibus
867 569 1108 625 inutilem
1133 573 1452 633 exhiberem
1478 579 1914 648 venerationem;

340 661 397 706 et
417 653 512 723 qui
535 662 653 710 erat
679 656 734 711 in
766 657 859 713 Dei
886 663 1146 717 creatoris
1172 664 1454 724 devotione
1493 667 1760 737 ﬁrmatus,
1794 680 1849 727 et
1884 688 1914 726 a

341 759 478 798 vana
514 748 898 818 superstitione
928 750 1305 824 Egyptiorum
1335 759 1556 815 omnino
1577 761 1805 830 alienus,
1850 779 1917 822 eo

342 837 658 904 prepensius
694 854 845 894 suam
874 844 1179 898 ostenderet
1215 849 1578 918 sanctitatem,
1605 867 1712 923 quo
1748 862 1806 910 et
1831 856 1916 911 vi-

346 939 474 979 vens
500 926 774 983 humiliter
801 937 856 984 et
882 941 1028 987 recte
1052 933 1162 991 Deo
1185 939 1452 1006 servierit,
1482 951 1537 997 et
1562 952 1682 1014 post
1707 946 1914 1002 obitum

342 1012 613 1071 cineribus
641 1019 755 1074 suis
791 1019 1159 1092 ineompetens
1197 1029 1514 1100 obsequium
1553 1012 1798 1091 exhiberi
1826 1053 1915 1094 re-

341 1106 627 1159 cusaverit.
653 1105 786 1162 Cum
821 1124 950 1182 ergo
976 1116 1150 1170 sancti
1194 1118 1296 1174 viri
1331 1128 1387 1176 et
1432 1123 1545 1179 Deo
1592 1140 1690 1197 per
1734 1129 1915 1197 omnia

340 1193 545 1261 accepti
582 1210 717 1250 vana
762 1199 1020 1270 obsequia
1051 1204 1329 1263 hominum
1377 1193 1748 1284 devitaverint,
1776 1195 1918 1275 sicut

340 1281 535 1339 Paulus
555 1294 610 1339 et
631 1286 906 1345 Barnabas
925 1291 1232 1362 Lycaonum
1259 1303 1632 1368 superstitiosa
1656 1281 1916 1376 obsequia

338 1371 606 1431 devitasse
625 1387 942 1447 noscuntur,
982 1393 1037 1439 et
1065 1382 1259 1442 Petrus
1286 1389 1520 1448 Cornelii
1548 1371 1920 1457 devotam—ve-

340 1464 673 1521 nerationem
723 1473 1021 1540 spreverit,
1076 1478 1298 1546 angelus
1316 1483 1480 1536 etiam
1514 1484 1566 1537 in
1596 1482 1915 1558 Apocalypsi

343 1553 606 1613 Joannem
640 1575 709 1616 ne
739 1577 797 1617 se
823 1564 1075 1622 adoraret
1107 1571 1468 1640 prohibuerit,
1515 1578 1637 1646 quis
1654 1553 1753 1635 eos

339 1649 430 1701 dat
461 1646 752 1720 imaginum
782 1655 1102 1715 adcretione
1125 1660 1401 1730 delectari,
1447 1673 1541 1720 aut
1579 1668 1913 1736 picturarum

2017 489 2241 559 subjecti
2267 495 2551 563 pictorum.
2591 498 2724 553 Nam
2762 502 2865 556 etsi
2890 516 2921 555 a
2945 501 3122 560 doctis
3157 508 3460 578 quibusque
3514 513 3597 566 vi-

2017 582 2117 636 tari
2164 585 2337 665 possit
2380 587 2483 643 hoc
2533 591 2679 658 quod
2726 591 2801 647 illi
2832 593 2886 646 in
2930 594 3221 652 aderandis
3268 598 3593 669 imaginibus

2013 660 2292 740 exercent,
2316 675 2408 744 qui
2430 676 2801 737 videlicetnon
2825 684 2918 752 qui
2938 684 3067 750 sint,
3090 688 3185 743 sed
3205 688 3333 758 quid
3359 660 3591 749 ibnuant

2014 772 2357 833 venerantur,
2415 769 2646 828 indoctis
2693 781 2872 831 tamen
2929 778 3232 848 quibusque
3274 782 3589 841 acanthina

2013 867 2289 926 generant,
2311 862 2403 929 qui
2422 863 2558 918 nihil
2580 865 2724 922 aliud
2748 867 2804 922 in
2824 868 2910 924 his
2929 879 3129 938 praeter
3163 873 3219 928 id
3240 875 3386 944 quod
3409 878 3591 935 vident

1948 998 1949 1001 η
2013 956 2339 1004 venerantur
2359 957 2415 1005 et
2443 950 2689 1007 adorant.
2725 954 2879 1012 Unde
2900 959 3199 1015 avendum
3218 971 3303 1018 est
3326 978 3396 1018 ne
3426 979 3592 1022 evan-

2013 1039 2238 1110 gelieam
2289 1044 2611 1100 sententiam
2666 1047 2917 1114 subeant,
2966 1051 3058 1121 qni
3113 1060 3192 1108 tot
3246 1057 3471 1124 pumilio:
3519 1058 3593 1114 ad

2014 1131 2482 1188 scandalizandum
2522 1134 2819 1203 impellunt,
2850 1140 3107 1208 quoniam
3135 1143 3182 1197 si
3214 1143 3264 1199 is
3288 1146 3378 1214 qui
3418 1164 3589 1203 unum

2014 1217 2081 1277 de
2128 1220 2337 1288 pusillis
2381 1223 2844 1292 scandalisaverit,
2895 1226 3415 1291 formidolosissimm
3458 1251 3590 1292 sen-

2014 1307 2196 1363 tentiae
2225 1307 2485 1379 subjaeet,
2518 1312 2687 1368 multo
2726 1315 2896 1385 magis
2938 1318 3203 1375 exitiabili
3226 1320 3317 1377 ille
3363 1322 3593 1381 ferietur
3628 1354 3631 1355 ν

2012 1400 2321 1465 severitate,
2351 1402 2444 1470 qui
2476 1417 2614 1471 pene
2647 1419 2864 1461 omnem
2903 1406 3103 1465 Christi
3146 1410 3447 1469 Ecclesiam
3495 1426 3594 1472 aut

2012 1491 2080 1546 ad
2109 1492 2370 1563 imagines
2395 1496 2699 1554 adorandas
2736 1500 2983 1569 impellit,
3012 1512 3108 1559 aut
3145 1506 3436 1574 imaginum
3488 1513 3591 1566 ad-

2011 1584 2313 1639 orationem
2353 1596 2672 1655 spernentes
2720 1592 3052 1649 anathemati
3098 1597 3389 1654 submittit.
3432 1600 3592 1668 Quod

2013 1680 2309 1744 utrumque
2349 1691 2473 1733 cum
2515 1693 2710 1749 magna
2759 1682 2967 1737 cautela
2992 1684 3167 1741 vitare
3224 1693 3591 1747 necessarium

338 1740 612 1811 obsequiis
632 1744 946 1814 demulceri,
970 1758 1065 1805 aut
1092 1754 1325 1821 qualiter
1345 1757 1414 1813 ad
1428 1771 1523 1814 eos
1544 1760 1718 1817 honor
1738 1763 1914 1832 pictu-
1942 1736 1990 1803 Β
2010 1770 2119 1829 est,
2147 1736 2362 1820 ne-dum
2390 1766 2446 1822 in
2474 1736 2783 1826 utramlibet
2807 1781 3017 1840 partem
3029 1736 3168 1843 illo;
3186 1736 3591 1851 nimii;

337 1830 414 1885 ris
442 1832 717 1889 exhibitas
741 1852 863 1906 quae
888 1853 990 1894 nec
1014 1841 1082 1896 de
1107 1841 1322 1898 illorum
1348 1860 1596 1916 corpore,
1627 1830 1918 1909 seulvesti-

334 1919 438 1977 bus
466 1930 610 1989 sunt,
640 1925 733 1980 sed
765 1941 867 1996 pro
889 1937 1051 1999 captu
1075 1932 1275 2002 ingenii
1301 1934 1562 2006 cujusque
1583 1940 1653 1995 ab
1693 1940 1915 1997 artiﬁci-

334 2010 437 2067 bus
462 2023 855 2085 praaparantur,
891 2023 1092 2088 poterit
1118 2027 1438 2092 pervenire?
1469 2027 1584 2085 Non
1610 2032 1754 2088 enim
1782 2033 1916 2089 deli-

332 2103 555 2159 niuntur
580 2107 847 2176 pictorum
875 2113 1129 2180 operibus
1151 2116 1243 2184 qui
1280 2134 1404 2173 cum
1439 2118 1657 2178 Christo
1686 2135 1912 2196 regnant

332 2192 388 2246 in
417 2193 746 2263 caelestibus,
800 2213 900 2256 nec
936 2203 1180 2259 ambiunt
1223 2207 1292 2262 ab
1323 2209 1608 2278 opificibus
1632 2213 1686 2267 in
1716 2192 1912 2271 tabulis

332 2283 446 2338 sive
481 2285 536 2340 in
565 2287 863 2356 parietibus
886 2291 1057 2363 pingi,
1081 2295 1175 2364 qui
1213 2312 1246 2349 a
1271 2296 1490 2353 Christo
1520 2300 1576 2355 in
1610 2301 1750 2358 libro
1784 2306 1911 2362 vita;

330 2385 647 2432 meruerunt
694 2382 914 2437 ascribi.
974 2383 1166 2441 Dicant
1210 2388 1373 2459 igitur
1419 2391 1614 2460 quibus
1662 2394 1767 2450 hoc
1797 2405 1910 2453 tam

329 2467 602 2535 peculiare
627 2478 714 2525 est
743 2470 939 2537 dicere,
958 2478 1107 2545 quod
1128 2478 1378 2546 imaginis
1399 2481 1572 2536 honor
1602 2482 1656 2537 in
1678 2486 1907 2553 primam

329 2555 561 2614 formam
588 2564 804 2629 transit,
829 2564 1012 2621 dicant
1044 2569 1137 2624 ubi
1184 2570 1285 2625 hoc
1330 2569 1557 2644 legerint
1589 2585 1681 2630 aut
1713 2578 1908 2646 quibus

329 2649 545 2706 valeant
568 2654 892 2713 testimoniis
929 2660 1248 2728 approbare.
1288 2664 1544 2720 Dominus
1588 2682 1821 2738 namque
1851 2678 1910 2726 et

331 2736 578 2794 Salvator
608 2752 790 2799 noster
819 2762 926 2800 non
958 2748 1034 2801 ait
1062 2766 1076 2802 ε
1115 2749 1359 2815 Quandiu
1409 2751 1615 2810 fecistis
1661 2736 1908 2827 imagini—

328 2829 449 2895 bus,
480 2831 595 2896 sed,
635 2831 886 2898 Quaudiu
912 2835 1110 2905 fecistis
1134 2841 1227 2893 uni
1263 2841 1327 2894 de
1355 2843 1586 2898 minimis
1613 2846 1745 2910 isiis,
1777 2848 1904 2904 mihi

328 2917 524 2988 fecistis
566 2921 779 2993 (Matth.
822 2925 991 2996 xxv);
1028 2942 1130 2984 nec
1165 2930 1241 2983 ait
1273 2949 1285 2983 :
1329 2931 1432 2998 Qui
1468 2933 1747 3004 imagines,
1784 2938 1898 3002 sed,

330 3007 434 3074 Qui
458 3027 544 3065 vos
571 3015 749 3083 recipit
773 3032 854 3071 me
898 3020 1077 3089 recipit
1106 3019 1320 3093 (Matth.
1351 3023 1439 3096 x);
1475 3042 1573 3081 nec
1611 3027 1901 3097 Apostolus

329 3101 406 3157 ait
432 3117 446 3155 :
484 3102 779 3174 Diligamus
796 3108 1076 3178 imagines,
1104 3114 1196 3167 sed
1216 3113 1500 3185 diligamus
1535 3135 1629 3172 nos
1657 3121 1897 3189 invicem,

329 3192 452 3261 quia
488 3193 717 3249 Charitas
757 3213 822 3251 ea:
850 3198 957 3253 Deo
999 3211 1075 3259 est
1119 3202 1296 3274 (Rom.
1335 3222 1453 3271 χιιι,
1494 3217 1542 3264 et
1585 3208 1616 3263 Ι
1661 3210 1777 3265 Pet.
1825 3213 1898 3283 1);

330 3297 430 3337 nec
449 3283 744 3355 imaginum
772 3302 959 3355 onera,
1000 3293 1093 3347 sed
1150 3303 1334 3350 nostra
1372 3296 1691 3356 alterutrum
1716 3312 1903 3359 mutuo

329 3371 570 3428 vehenda
606 3378 916 3443 percensuit
939 3380 1163 3438 dicens:
1203 3383 1352 3440 Alter
1393 3385 1610 3443 alterius
1632 3406 1795 3446 onera
1821 3410 1904 3448 re-

329 3470 437 3516 stra
456 3473 677 3534 portate,
704 3476 751 3520 et
771 3469 847 3522 sic
867 3469 1214 3541 adimplebitis
1233 3473 1395 3545 legem
1413 3475 1610 3533 Christi
1628 3480 1774 3553 (Gal.
1797 3483 1897 3556 vn).

277 3575 280 3578 ~
330 3553 465 3608 Nam
490 3571 612 3610 cum
651 3556 911 3629 imagines
947 3561 1260 3635 plerumque
1298 3569 1594 3627 secundum
1626 3553 1902 3645 ingenium

328 3641 595 3700 artiﬁcum
622 3645 795 3721 ﬁant,
824 3656 884 3705 ut
920 3652 1078 3708 modo
1106 3654 1217 3709 sint
1247 3655 1515 3725 formosae,
1548 3641 1708 3717 modo
1731 3662 1905 3719 defor-

329 3752 463 3803 mes,
489 3754 868 3811 nonnunquam
906 3745 1163 3814 pulchras,
1193 3749 1479 3819 aliquando
1527 3754 1690 3809 etiam
1724 3754 1899 3823 foedae,

328 3833 571 3899 quzedam
599 3834 706 3890 illis
743 3852 973 3905 quorum
1002 3848 1128 3895 sunt
1164 3842 1471 3910 simillimze,
1502 3847 1750 3915 quaedam
1776 3865 1905 3906 vero

328 3921 620 3981 dissimiles
642 3965 658 3991 ,
707 3928 957 3997 quadam
1009 3932 1248 3988 novitate
1294 3932 1561 4005 fulgentes
1583 3978 1598 4003 ,
1659 3941 1903 4009 quaedam

327 4012 490 4069 etiam
517 4024 785 4073 vetustate
806 4016 1149 4089 fatescentes,
1177 4028 1525 4093 quaerendum
1553 4038 1638 4084 est
1674 4046 1795 4100 qua:
1816 4045 1907 4087 ea~

330 4116 453 4156 rum
477 4102 585 4158 sint
614 4106 1060 4178 honorabiliores,
1082 4120 1262 4169 utrum
1290 4130 1371 4173 eae
1388 4132 1511 4186 quae
1534 4120 1902 4189 pretiosiores,

328 4210 394 4251 an
419 4211 498 4251 em
520 4211 641 4266 qua:
664 4199 881 4256 viliores
920 4218 1041 4259 esse
1070 4215 1392 4273 noscuntur,
1410 4210 1666 4278 quoniam
1711 4211 1757 4265 si
1783 4227 1909 4280 pre-

330 4285 583 4343 tiosiores
602 4289 722 4358 plus
746 4290 946 4348 habent
970 4294 1212 4359 honoris,
1237 4298 1417 4365 operis
1441 4299 1499 4353 in
1532 4299 1612 4355 eis
1636 4314 1799 4356 causa
1822 4301 1908 4356 vel

2013 1855 2148 1911 ordo
2166 1858 2430 1927 exposcit,
2471 1860 2773 1931 impegerit,
2798 1859 3067 1931 jacturam
3096 1880 3209 1922 sua:
3246 1869 3439 1927 salutis
3476 1874 3593 1929 evi-

2013 1954 2129 2004 m
2163 1962 2272 2004 non
2309 1958 2500 2020 possm
2579 2019 2806 2079 CAPUT
2854 2024 3015 2082 xvu.

2014 2104 2168 2188 Quod
2208 2108 2441 2188 infausto
2467 2118 2517 2165 et
2549 2111 2935 2188 praecipitanter
2969 2117 3082 2188 sive
3102 2119 3410 2188 insipienter
3442 2122 3588 2178 Cott-

2078 2179 2337 2257 stantinus
2367 2177 2685 2257 Constantia
2707 2177 3165 2257 'Cypriepiscopus
3192 2177 3325 2243 dixit
3352 2208 3371 2246 :
3402 2177 3588 2248 Susci-

2078 2246 2169 2317 pio
2190 2255 2245 2301 et
2278 2248 2572 2317 amplector
2599 2246 2981 2306 honorabiliter
3003 2246 3217 2312 sanctas
3242 2268 3294 2313 et
3323 2246 3587 2316 veneran-

2078 2316 2176 2371 ἀπε
2201 2316 2457 2401 insoles?
2476 2320 2767 2401 ξρειμωὲιιεε
2792 2323 3076 2401 servitum.
3095 2326 3424 2401 εειοιτιιιεοηίε
3440 2334 3590 2401 quod

2077 2388 2520 2465 consubstantiali
2543 2399 2597 2465 et
2624 2389 3235 2465 viviiieatrici'l'rinitati
3264 2388 3495 2465 emitto';
3524 2412 3588 2457 et

2078 2453 2275 2532 quisic
2313 2473 2417 2512 non
2454 2460 2690 2532 sentiunt
2730 2475 2913 2532 neque
2936 2453 3283 2532 glorificant,
3324 2453 3590 2527 assueta.

2076 2526 2338 2611 catholica
2368 2536 2422 2611 et
2462 2529 2751 2611 apostolica
2795 2526 3032 2611 EeeIESia
3074 2526 3318 2611 segrego,
3367 2547 3421 2594 et
3450 2526 3586 2596 ana;

2072 2595 2299 2675 themati
2338 2595 2619 2675 submitte,
2638 2607 2722 2675 __et
2767 2602 2906 2675 parti
2938 2604 3032 2672 qui
3061 2595 3475 2675 abnegaverunt
3505 2613 3587 2665 in-

2077 2673 2426 2741 carnatalnet
2450 2669 3236 2741 salvabilemdispensatinnem
3247 2676 3451 2736 Christi
3470 2682 3589 2741 Veri

2059 2733 2171 2789 Dei
2197 2738 2371 2792 nostri
2403 2739 2615 2793 emitto.

2075 2824 2244 2892 Quam
2271 2828 2668 2898 prmeipitanter
2706 2841 2784 2897 et,
2813 2840 2871 2887 ut
2892 2833 2965 2889 ita
2993 2833 3240 2901 dixerim,
3266 2835 3593 2909 insipienter

2002 2911 2390 2971 Constantinus
2443 2917 2772 2975 Constantine
2817 2920 2981 2993 Cypri
3037 2924 3323 2994 episcopus
3373 2928 3590 2982 caeteris

2002 3006 2461 3062 consentientibus
2485 3023 2543 3063 se
2576 3017 2950 3081 suscepturum
2983 3018 3038 3067 et
3081 3012 3447 3084 amplexurum
3478 3016 3589 3071 beo.

2002 3095 2317 3151 norahiiter
2338 3097 2598 3170 imagines
2616 3100 2831 3167 dixerit,
2848 3109 2904 3157 et
2924 3102 3203 3157 servitium
3228 3104 3579 3174 adorationis,

2002 3180 2147 3254 quod
2168 3187 2612 3244 consubstantiali
2635 3198 2690 3244 et
2711 3190 3045 3248 vivificatrici
3065 3192 3323 3249 Trinitati
3337 3195 3585 3263 debetur,

2001 3278 2053 3333 ei
2080 3294 2138 3333 se
2168 3279 2501 3335 redditurum
2525 3282 2805 3351 garrierit,
2843 3299 2950 3339 non
2976 3291 3059 3340 est
3084 3283 3373 3355 plurimum
3398 3296 3590 3343 nostra

2003 3369 2365 3438 disputatione
2408 3368 2843 3441 discutiendum,
2892 3375 3149 3443 quoniam
3194 3378 3443 3435 omnibus
3490 3379 3591 3447 qui

2001 3459 2106 3515 hoc
2132 3460 2217 3517 vel
2252 3461 2436 3532 legunt
2466 3463 2549 3517 vel
2584 3465 2809 3520 audiunt
2856 3466 3059 3537 liquido
3097 3476 3248 3541 patet
3287 3470 3437 3529 illum
3472 3486 3583 3526 non

2001 3556 2198 3613 modici
2232 3557 2433 3612 erroris
2471 3559 2819 3630 voraginibus
2855 3560 3167 3617 immersum
3193 3603 3210 3628 ,
3253 3564 3450 3635 quippe
3488 3566 3584 3634 qui

2002 3649 2279 3707 servitium
2326 3650 2426 3705 soli
2451 3651 2688 3707 debitum
2714 3652 2959 3708 Creatori
2994 3654 3253 3710 exhibere
3279 3670 3339 3711 se
3380 3655 3583 3713 fatetur

2002 3741 2266 3797 creaturis
2287 3782 2303 3808 ,
2338 3749 2392 3797 et
2430 3743 2556 3797 dum
2603 3744 2751 3813 cupit
2795 3742 2976 3801 favere
3016 3745 3242 3815 picturis
3282 3747 3582 3803 reluctatur

2002 3831 2213 3887 cunctis
2241 3832 2411 3889 sacris
2437 3832 2748 3904 Scripturis.
2787 3832 2918 3903 Quis
2936 3848 3068 3906 ergo
3090 3850 3327 3906 unquam
3351 3838 3470 3895 sani
3493 3853 3591 3893 ca-

2001 3922 2131 3991 piis
2160 3923 2319 3978 talem
2347 3925 2731 3981 absurditatem
2769 3925 2856 3982 vel
2885 3926 3086 3982 dixerit
3110 3926 3193 3983 vel
3226 3926 3427 3983 dicenti
3453 3944 3592 3985 eon—

2004 4015 2259 4080 senserit,
2309 4023 2370 4070 ut
2402 4015 2459 4071 in
2506 4023 2654 4070 tanto
2697 4015 2901 4072 honore
2950 4017 3212 4072 habeatur
3245 4017 3582 4087 picturarum

2004 4107 2258 4172 varietas,
2280 4115 2484 4179 quanto
2507 4116 2694 4163 sancta
2709 4146 2728 4175 ,
2755 4108 3077 4165 viviﬁcatrix
3098 4118 3156 4164 et
3170 4111 3413 4169 omnium
3435 4127 3591 4169 crea—

2006 4199 2112 4254 trix
2143 4199 2420 4256 Trinitas?
2448 4208 2506 4255 et
2531 4201 2638 4257 tale
2677 4201 3013 4272 impendatur
3039 4203 3317 4259 servitium
3338 4204 3586 4274 picturas,

2007 4288 2164 4356 quale
2199 4290 2483 4345 exhibetur
2530 4291 2759 4347 Domino
2787 4292 2956 4348 totius
2981 4293 3285 4349 creaturae?
3325 4292 3434 4350 Aut
3460 4296 3590 4364 quis

327 4380 673 4436 materiarum
695 4384 928 4452 qualitas
958 4386 1120 4442 habet
1148 4390 1568 4454 venerationem,
1591 4406 1699 4447 non
1726 4389 1907 4449 fervor

2013 4378 2159 4434 illum
2172 4379 2300 4435 talia
2312 4388 2661 4436 nauseantem
2686 4382 2865 4453 potius
2879 4397 3039 4473 quam
3062 4383 3372 4453 loquentem
3397 4384 3588 4443 audire

326 4473 657 4543 devotionis;
702 4480 749 4532 si
794 4495 925 4533 vero
953 4483 1170 4539 viliores
1195 4500 1274 4539 eae
1314 4498 1434 4554 qua:
1476 4486 1656 4540 minus
1696 4486 1904 4543 similes

327 4573 454 4620 sunt
495 4567 708 4622 illorum
736 4572 932 4637 quibus
974 4575 1147 4642 aptari
1194 4584 1470 4643 parantur,
1516 4575 1771 4645 injustum
1800 4588 1902 4643 est,

327 4671 449 4709 cum
489 4657 571 4710 hae
593 4672 714 4725 quae
734 4673 835 4713 nec
863 4675 1028 4729 opere
1064 4678 1163 4717 nec
1187 4666 1415 4720 materia
1442 4666 1776 4735 prmcellunt,
1804 4683 1906 4723 nec

327 4748 571 4815 personis
591 4748 795 4805 similes
821 4766 942 4806 esse
964 4761 1280 4821 noscuntur,
1318 4758 1533 4813 auctius
1556 4760 1907 4828 propensius-

327 4850 432 4906 que
478 4850 823 4894 venerantur.
854 4840 993 4896 Nam
1027 4844 1152 4899 dum
1196 4860 1294 4900 nos
1322 4847 1455 4900 nihil
1483 4848 1540 4901 in
1582 4848 1905 4918 imaginibus

325 4942 642 4996 spernamus
676 4939 874 4999 praeter
894 4933 1284 4999 adorationem,
1321 4938 1518 5006 quippe
1538 4938 1631 5007 qui
1673 4938 1726 4992 in
1760 4939 1905 4993 basi—

327 5019 446 5074 licis
483 5029 792 5079 sanctorum
832 5024 1100 5096 imagines
1148 5042 1253 5082 non
1299 5028 1368 5082 ad
1409 5027 1763 5092 adorandum,
1807 5027 1903 5084 sed

325 5113 393 5167 ad
432 5115 751 5170 memoriam
802 5126 986 5170 rerum
1025 5127 1294 5188 gestarum
1338 5127 1395 5172 et
1434 5125 1769 5174 venustatem
1810 5134 1903 5188 pa-

326 5203 518 5257 rictum
536 5205 737 5260 habere
757 5208 1141 5275 permittimus,
1167 5208 1242 5262 illi
1262 5223 1392 5263 vero
1401 5223 1538 5279 pene
1554 5224 1771 5264 omnem
1790 5225 1903 5265 sua:

327 5291 661 5348 credulitatis
678 5309 831 5363 spem
865 5296 919 5355 in
960 5295 1283 5367 imaginibus
1308 5297 1598 5364 eollocent,
1630 5307 1801 5354 restat
1844 5308 1906 5354 ut

328 5394 425 5433 nos
444 5389 660 5437 sanctos
692 5384 747 5437 in
778 5399 966 5439 eorum
996 5387 1313 5455 corporibus
1343 5387 1427 5441 vel
1451 5388 1630 5457 potius
1660 5389 1902 5458 reliquiis

329 5484 632 5540 corporum,
675 5489 774 5533 seu
799 5476 965 5531 etiam
1000 5479 1341 5533 vestimentis
1367 5493 1703 5546 veneretur,
1746 5479 1900 5550 juxta

327 5561 678 5630 antiquorum
710 5565 929 5621 Patrum
963 5567 1344 5624 traditionem:
1388 5569 1466 5623 illi
1510 5585 1640 5626 vero
1666 5572 1901 5641 parietes

329 5657 381 5706 ct
425 5649 635 5707 tabulas
678 5655 965 5713 adorantes
999 5657 1055 5715 in
1103 5674 1167 5713 eo
1206 5674 1264 5714 se
1290 5659 1617 5717 arbitrentur
1647 5678 1896 5721 magnum

2006 4471 2320 4537 pateretur?
2350 4470 2459 4525 Aut
2487 4486 2607 4541 qua:
2634 4487 2793 4529 aures
2817 4472 3230 4531 tanti-facinoris
3254 4489 3451 4537 noxam
3475 4490 3591 4533 non

2004 4560 2256 4616 abdicare
2299 4562 2478 4632 potius
2516 4578 2681 4632 quam
2728 4565 3005 4634 percipere
3046 4567 3386 4623 niterentur?
3429 4565 3580 4633 Quo-

2005 4651 2151 4705 niam
2196 4652 2413 4722 quidem
2462 4668 2774 4722 perversum
2813 4665 2897 4711 est
2946 4666 3007 4712 ut
3046 4657 3377 4727 quibuslibet
3420 4659 3588 4714 rebus

2006 4744 2293 4799 insensatis
2348 4744 2455 4799 tale
2508 4747 2853 4816 impendatur
2902 4749 3183 4804 servitium
3233 4749 3584 4813 adorationis,

2004 4831 2160 4902 quale
2188 4834 2300 4890 Deo
2324 4836 2677 4905 omnipotenti
2708 4838 2796 4894 cui
2823 4853 2930 4894 non
2956 4845 3042 4893 est
3085 4839 3277 4897 similis
3301 4878 3317 4905 ,
3357 4841 3444 4897 cui
3487 4855 3584 4909 per

2005 4924 2345 4982 Salomonem
2378 4927 2577 4985 dicitur
2598 4968 2614 4995 ,
2651 4928 2895 4996 nomine,
2923 4945 3028 4984 non
3066 4940 3142 4985 est
3184 4930 3278 4986 tibi
3313 4930 3502 4987 senilis
3528 4932 3590 4987 in

2004 5015 2129 5070 caelo
2171 5033 2378 5072 sui-smn
2409 5035 2501 5073 nec
2536 5020 2591 5073 in
2634 5029 2775 5073 terra
2814 5019 3058 5077 deorsum
3123 5021 3212 5093 (Il
3241 5021 3430 5076 Paul.
3480 5022 3584 5078 vt‘.

2003 5106 2136 5161 Cum
2166 5122 2273 5177 qua
2307 5123 2436 5179 ergo
2477 5107 2675 5174 fronte,
2718 5116 2779 5164 ut
2823 5110 2891 5166 de
2928 5111 3148 5169 caeteris
3189 5122 3399 5169 taceam
3423 5151 3440 5175 ,
3480 5112 3589 5168 hoc

2004 5212 2170 5255 utinm
2199 5213 2409 5253 comma
2450 5199 2820 5271 divinaelegis
2866 5202 3057 5266 audit,
3101 5202 3385 5259 Dominam
3412 5203 3587 5259 Dem

2002 5295 2151 5341 tuum
2187 5288 2454 5354 adorabis,
2493 5301 2540 5344 et
2572 5289 2654 5344 illi
2675 5290 2776 5346 soli
2803 5292 2990 5347 servies
3025 5290 3203 5363 (Deut.
3232 5291 3333 5364 vt),
3359 5293 3450 5363 qui
3481 5294 3587 5351 hoc

2002 5388 2186 5448 spreto
2222 5396 2329 5435 non
2350 5382 2528 5443 solum
2553 5383 2821 5443 creaturis
2860 5384 3058 5450 servit,
3085 5384 3181 5445 sed
3200 5396 3387 5441 earnm
3414 5386 3582 5441 servi-

2002 5473 2135 5529 tium
2163 5474 2384 5530 servitio
2412 5474 2523 5530 Deo
2547 5474 2730 5531 debito
2760 5475 3098 5545 arquiparare
3119 5476 3438 5533 contendit?
3466 5474 3581 5531 Stet

2003 5581 2240 5635 namque
2282 5567 2564 5639 episcopus
2608 5568 2659 5621 in
2697 5566 2968 5629 Ecclesia,
3012 5575 3067 5623 et
3100 5565 3263 5638 legat,
3301 5566 3582 5652 Dominum

2008 5657 2170 5711 Deum
2197 5666 2343 5712 tuum
2368 5658 2635 5724 adorabis,
2665 5667 2709 5713 et
2737 5657 2818 5713 illi
2849 5656 2945 5713 soli
2970 5657 3182 5723 seruies,
3217 5667 3270 5712 et
3297 5672 3419 5712 mox
3446 5665 3505 5713 ut
3534 5656 3601 5720 in;
