4028 6180
381 321 502 377 Ηῗὶι

1262 320 1322 375 Β.
1360 317 1611 376 αιιιοιι
1649 316 1863 373 ΜΑϐΝΙ
1901 315 2054 373 OP—P.
2094 314 2274 369 PARS
2309 314 2373 368 ll.
2413 311 2657 369 SECTIO
2692 313 2757 368 ll.

3504 313 3529 365 ι
3550 306 3649 365 liii

377 437 518 488 tiunt
543 432 802 498 Ecclesia,
843 448 963 503 qua:
996 448 1145 503 spem
1184 434 1368 489 auxilii
1393 434 1476 491 sui
1517 450 1622 490 non
1654 434 1707 489 in
1736 435 1960 503 picturae
1989 435 2032 491 Α
2061 444 2181 485 rum
2224 430 2518 494 dissuasor,
2555 429 2759 485 idcirco
2797 427 3107 483 hominibus
3130 430 3397 497 persuasit
3429 437 3653 483 creatu-

379 525 542 586 fucis,
593 523 782 580 nonin
822 524 1145 580 manufactis
1172 524 1442 579 artiﬁcum
1466 524 1740 593 operibus,
1781 524 1877 579 sed
1908 523 1964 577 in

385 617 489 665 lien
517 618 757 668 omnium
793 623 1037 669 creatore
1070 613 1252 684 deﬁgit
1277 654 1290 678 ,
1336 629 1458 683 quae
1503 614 1663 668 habet
1689 611 1964 681 adjutores

384 704 651 755 ἰςηδιυιυιδ
687 712 742 758 ει
771 703 1093 772 apostolicos
1121 691 1305 766 v'iros,
1351 703 1442 771 qui
1480 695 1579 771 pro
1621 718 1685 756 ea
1722 699 1966 770 quotidie

414 802 668 845 *snmmm
725 793 1104 861 interpellant,
1157 801 1214 847 et
1255 801 1565 863 susceptum
1614 793 1756 848 dono
1791 788 1963 846 sancti

398 890 618 949 inritus
643 884 709 938 de
749 885 996 954 supernis
1035 886 1255 940 sedibus
1285 885 1512 939 imbrem
1543 891 1742 938 sanctze
1769 881 1967 951 praedi-

385 979 626 1037 “similis,
660 985 846 1046 utpote
872 976 1067 1031 altiora
1095 977 1146 1029 in
1176 974 1415 1029 Ecclesia
1440 974 1555 1029 loca
1587 973 1831 1028 ﬁdelibus
1854 970 1967 1039 ple-

423 1069 436 1120 i
466 1084 541 1122 ‘us
565 1069 678 1122 sive
707 1068 1007 1123 rectoribus
1033 1066 1362 1127 diﬁ'unduut,
1412 1065 1704 1120 secundum
1733 1061 1848 1117 Joel
1874 1077 1968 1116 va-

385 1158 628 1211 ticinium
673 1158 944 1212 dicentis:
990 1156 1061 1210 Et
1112 1156 1209 1209 erit
1250 1157 1305 1209 in
1345 1154 1440 1209 illa
1485 1154 1589 1217 die,
1639 1151 1967 1206 distillabunt

383 1259 578 1302 montes
618 1248 944 1303 dulcedinem
969 1289 982 1309 ,
1035 1257 1082 1301 et
1129 1246 1285 1302 colles
1323 1249 1484 1317 fluent
1514 1244 1597 1299 lac
1637 1243 1797 1315 (Joel.
1842 1242 1965 1311 nl);

383 1340 712 1407 quodetiam
748 1341 832 1394 his
863 1340 1043 1394 verbis
1081 1338 1329 1393 Ezechiel
1364 1338 1572 1392 intonat
1607 1337 1834 1391 dicens:
1873 1331 1973 1387 Ve-

381 1432 476 1485 stri
504 1442 676 1484 autem
697 1440 897 1484 montes
939 1429 1109 1483 Israel
1130 1429 1322 1498 facient
1350 1444 1522 1491 uvam,
1558 1437 1604 1481 et
1635 1426 1864 1495 fructum
1887 1440 1973 1478 ee-

382 1531 546 1575 strum
576 1537 725 1590 quem
748 1538 836 1575 vos
865 1519 1251 1574 manducabitis
1277 1517 1499 1589 populus
1522 1534 1688 1571 meus.
1719 1515 1850 1582 Qua:
1869 1530 1971 1569 uva

382 1619 440 1664 et
465 1611 555 1679 qui
587 1610 822 1675 fructus,
860 1623 1169 1679 quanquam
1197 1608 1449 1663 Christus
1488 1608 1748 1662 Dominus
1775 1605 1974 1661 intelli-

385 1712 545 1773 gatur
567 1702 659 1771 qui
690 1703 755 1756 de
792 1702 1067 1756 montibus
1093 1700 1257 1756 Israel
1279 1700 1563 1769 processit,
1593 1716 1623 1753 a
1652 1698 1973 1769 patriarchis

2066 535 2156 577 ras
2177 522 2376 586 colere,
2401 530 2459 575 ut
2485 536 2580 577 eos
2612 536 2643 574 a
2669 530 2913 575 creatore
2945 527 3233 583 averteret,
3263 519 3404 574 illius
3423 533 3669 588 persas--

2063 611 2305 666 sionibus
2327 612 2579 680 pessimis
2610 619 2791 666 aetum
2823 619 2925 675 est,
2973 619 3033 664 ut
3058 617 3427 665 creaturarum
3452 609 3659 664 adora-

2066 700 2142 755 tio
2192 701 2511 755 inolesceret
2534 739 2550 763 ,
2607 714 2728 769 qum
2789 700 2888 753 sub
2932 708 3199 769 praetextu
3251 699 3656 768 quodammodo

2066 792 2340 863 religionis
2373 800 2426 847 et
2455 793 2770 847 reverentiae
2802 799 3134 854 sanctorum,
3184 807 3435 861 magnum
3467 790 3520 845 in
3563 792 3659 846 his

2067 881 2242 937 locum
2267 891 2432 947 tenet,
2467 884 2556 953 qui
2585 882 2847 952 imagines
2869 897 2928 938 se
2951 898 3018 937 ex
3049 891 3163 937 toto
3181 883 3347 938 corde
3372 884 3675 953 suscipere

2066 983 2120 1030 et
2144 975 2370 1030 adorare
2397 975 2650 1030 fatentur.
2698 974 2831 1028 Nam
2865 976 2991 1029 dum
3016 975 3298 1029 amborum
3332 989 3489 1029 error
3511 991 3659 1046 pene

2066 1082 2182 1137 par,
2214 1078 2272 1121 ut
2301 1067 2510 1137 praefati
2561 1081 2777 1129 sumus,
2823 1066 2912 1128 sit,
2950 1066 3003 1119 in
3033 1081 3098 1121 eo
3123 1056 3357 1134 namque
3389 1067 3658 1134 quodam—

2068 1163 2229 1217 modo
2252 1163 2433 1231 dispar
2456 1176 2578 1216 esse
2603 1160 2955 1229 dignoscitur,
2983 1160 3126 1229 quod
3153 1158 3541 1214 Constantinus
3559 1173 3658 1214 eos

2068 1251 2159 1322 qui
2192 1252 2470 1306 servitium
2499 1251 2595 1305 soli
2630 1251 2740 1304 Deo
2781 1250 3021 1305 debitum
3053 1250 3319 1304 creaturis
3346 1250 3455 1318 imp
3470 1250 3661 1305 ‘ndere

2070 1351 2342 1406 recusant,
2387 1343 2630 1399 inﬁdeles
2674 1350 2730 1396 et
2781 1342 3090 1397 incredulos
3126 1341 3351 1409 iudicat,
3384 1342 3662 1397 Eutimius

2070 1451 2199 1491 vero
2221 1453 2325 1492 non
2347 1452 2441 1489 eos
2458 1444 2515 1489 nt
2540 1433 2869 1498 incredulos,
2896 1435 2991 1490 sed
3020 1443 3079 1488 ut
3103 1433 3387 1489 hzereticos
3412 1420 3657 1499 damnat,

2072 1528 2161 1600 qui
2187 1539 2364 1583 tamen
2388 1537 2532 1593 sunt,
2558 1537 2615 1582 ut
2644 1528 2719 1582 ait
2754 1527 3005 1582 Sedulius
3042 1528 3109 1581 de
3135 1528 3477 1597 quibusdam,

2226 1619 2381 1667 Ambo
2406 1631 2574 1666 errore
2599 1630 2745 1680 pares
2766 1631 3040 1680 quanquam
3063 1618 3257 1667 diversa
3276 1626 3571 1679 sequentes,

2076 1703 2166 1772 qui
2192 1702 2439 1757 videlicet
2469 1703 2539 1756 ob
2570 1701 2732 1756 unius
2755 1700 2959 1755 erroris
2999 1700 3266 1755 insaniam
3293 1708 3535 1756 sanctam
3563 1716 3665 1755 ca—

382 1794 633 1848 videlicet
672 1792 944 1847 hominem
991 1806 1289 1855 assumens,
1336 1798 1515 1859 potest
1552 1790 1711 1844 etiam
1741 1788 1966 1844 dulcedo
1999 1774 2041 1831 Β
2073 1793 2322 1848 melicam
2344 1793 2538 1861 partim
2564 1790 2915 1856 incredulam,
2944 1789 3142 1859 partim
3177 1790 3486 1846 hatreticam
3513 1805 3667 1844 men—

383 1883 782 1955 prasdicationis
806 1882 970 1936 veteri
993 1889 1049 1935 et
1073 1897 1214 1936 novo
1230 1882 1578 1937 Testamento
1594 1881 1967 1950 eompaginata

384 1973 639 2042 intelligi,
664 1988 782 2040 quae
803 1970 1123 2024 diffunditur
1135 1986 1234 2040 per
1256 1971 1539 2026 humilium
1569 1972 1804 2027 ﬁdelium
1825 1987 1972 2026 men-

384 2072 494 2117 tes.
533 2070 588 2116 et
613 2062 1013 2116 incredulorum
1038 2061 1199 2115 corda
1228 2062 1297 2115 ad
1321 2062 1649 2116 credendum
1674 2072 1730 2117 et
1770 2062 1838 2116 ad
1861 2062 1973 2116 fru-

383 2162 528 2209 ctum
578 2152 907 2207 alierendum
966 2151 1244 2207 molliﬁcat
1269 2192 1283 2211 ,
1341 2159 1396 2206 et
1453 2159 1728 2207 rectorum
1781 2167 1973 2208 sensus

383 2252 601 2298 aeterna:
622 2242 737 2311 spei
766 2242 1119 2296 retributione
1143 2242 1400 2305 laetiﬁcat,
1439 2258 1640 2313 eosque
1658 2241 1867 2311 iustitia
1892 2244 1975 2300 in-

384 2334 473 2388 dui
520 2342 720 2388 etcum
764 2331 1021 2400 subjectis
1052 2333 1300 2402 plebibus
1346 2334 1456 2388 Deo
1484 2334 1741 2404 hymnum
1777 2349 1975 2390 cauere

384 2426 722 2486 exhortatur,
770 2423 1131 2493 impleturque.
1172 2424 1303 2487 illud
1331 2425 1742 2494 propheticum:
1789 2425 1975 2497 Campi

386 2516 463 2569 tui
499 2514 832 2583 rapiebantur
868 2513 1119 2580 ubertate,
1160 2516 1490 2585 pinguescant
1539 2516 1670 2585 ﬁnes
1699 2516 1888 2572 deserti
1927 2528 1976 2573 et

388 2603 738 2659 exsultatione
785 2602 943 2658 colles
982 2606 1362 2675 accingentur:
1408 2606 1743 2669 indutisunt
1789 2609 1978 2664 arietes

389 2697 561 2752 ovium
594 2705 642 2749 et
682 2693 940 2749 convalles
962 2695 1302 2750 abundabunt
1326 2696 1584 2765 frumento
1611 2714 1630 2751 :
1657 2701 1844 2752 etenim
1866 2698 1979 2753 cla-

389 2794 621 2849 mabunt,
663 2795 713 2841 et
752 2786 1002 2857 hymnum
1040 2788 1210 2842 dicent
1255 2786 1429 2859 (Psal.
1461 2787 1607 2858 va).
1646 2788 1812 2843 Levat
1834 2789 1979 2844 enim

388 2880 572 2937 oculos
598 2895 726 2934 suos
751 2879 819 2933 ad
845 2894 960 2943 eos,
990 2894 1111 2934 cum
1138 2879 1301 2934 dicit:
1337 2877 1520 2933 Levavi
1544 2877 1722 2934 oculos
1744 2894 1884 2935 meos
1911 2879 1980 2933 ad

390 2982 607 3038 montes,
635 2971 773 3027 unde
796 2973 957 3025 veniet
986 2972 1247 3025 auxilium
1282 2972 1410 3026 mihi
1442 2971 1618 3045 (Psal.
1644 2972 1817 3042 cut).
1861 2972 1981 3028 Non

391 3068 532 3121 enim
559 3066 672 3120 ait:
722 3065 915 3119 Levavi
941 3064 1127 3119 oculos
1155 3080 1304 3119 meos
1339 3065 1406 3119 ad
1445 3079 1534 3119 res
1558 3064 1880 3131 insensatas,
1922 3073 1984 3121 ut

392 3158 460 3211 ab
497 3156 583 3211 his
624 3154 948 3224 adiutorium
996 3154 1362 3222 a'lipisccrer;
1393 3154 1488 3209 sed
1514 3195 1526 3215 ,
1577 3153 1764 3209 Levavi
1805 3127 1982 3209 oculos
2011 3127 2057 3188 δ

394 3261 533 3300 meos
557 3245 625 3299 ad
653 3255 871 3307 ntontes,
908 3245 975 3298 ad
1002 3260 1098 3299 eos
1134 3244 1383 3298 videlicet
1409 3253 1621 3299 montes
1650 3259 1812 3314 super
1845 3259 1983 3314 quos

394 3335 637 3390 Ecclesia
658 3334 857 3389 Christi
883 3333 1101 3389 fundata
1135 3343 1239 3399 est,
1270 3335 1481 3389 dicente
1506 3333 1793 3405 Propheta,
1834 3333 1987 3389 Fun-

394 3427 639 3483 damento
671 3428 787 3498 ejus
822 3429 877 3481 in
934 3427 1194 3481 montibus
1228 3428 1424 3482 sancis
1472 3426 1644 3499 (Psal.
1699 3425 1981 3499 Lxxxvn);

394 3520 487 3590 qui
517 3520 679 3573 etiam
706 3520 951 3574 videntes
990 3518 1208 3573 liberari
1250 3519 1505 3590 populum
1545 3520 1636 3575 Dei
1665 3535 1696 3574 a
1722 3521 1984 3576 servitute

396 3608 680 3685 Egyptia,
718 3620 773 3669 et
797 3611 861 3666 ad
892 3620 1088 3667 terram
1131 3613 1567 3682 repromissionis
1597 3615 1984 3681 conscendere,

400 3706 582 3768 idest,
624 3704 806 3760 mundi
839 3702 999 3773 hujus
1039 3718 1401 3759 aerumnosam
1432 3704 1769 3769 servitutem,
1803 3705 1987 3761 ﬁdeles

397 3812 641 3867 quosque
664 3809 940 3865 spernere,
987 3803 1042 3851 et
1070 3795 1137 3849 ad
1157 3803 1413 3849 reternam
1444 3796 1674 3865 patriam
1701 3796 1988 3852 convolare

397 3888 689 3948 exsultant,
723 3886 936 3941 dicente
968 3885 1157 3940 eodem
1185 3885 1527 3941 sanctissimo
1547 3886 1944 3956 Prophetarum
1969 3903 1984 3940 :

401 3980 601 4034 Montes
628 3977 1016 4033 exsultaverunt
1059 3986 1115 4032 ut
1146 3979 1335 4033 arietes
1358 4018 1373 4044 ,
1409 3988 1456 4032 et
1496 3977 1654 4034 colles
1691 3981 1828 4034 sicut
1866 3982 1989 4051 agni

399 4071 569 4124 arium
616 4068 787 4141 (Psal.
847 4070 1015 4140 cstv).
1074 4069 1330 4138 Quisquis
1372 4084 1503 4140 ergo
1539 4070 1607 4124 ad
1651 4069 1751 4126 hos
1776 4078 1990 4125 montes

400 4171 579 4230 tpreta
612 4177 735 4217 cum
778 4162 990 4217 caeteris
1026 4162 1356 4216 vanitatibus
1384 4171 1758 4217 creaturarum
1800 4163 1991 4218 adora-

401 4255 565 4317 tione,
614 4253 714 4308 soli
759 4253 870 4308 Deo
916 4253 1196 4308 servitium
1242 4254 1526 4318 exhibens,
1564 4253 1758 4308 mentis
1805 4253 1991 4308 oculos

403 4361 592 4401 somno
614 4346 943 4401 inﬁdelitatis
964 4344 1185 4415 depulso
1222 4345 1383 4408 levat,
1431 4360 1551 4400 cum
1578 4345 1738 4399 aeriae
1761 4352 1993 4413 potesta-

403 4447 484 4492 t~s
513 4438 625 4492 sive
650 4452 835 4492 earum
875 4451 1132 4506 sequaces
1174 4435 1391 4507 superbi
1424 4435 1623 4506 quique
1651 4434 1718 4489 ad
1745 4434 1993 4490 exitiabi—

404 4527 483 4581 lrs
513 4526 674 4581 Erebi
704 4517 998 4580 densitates
1033 4525 1449 4587 descenderint,
1500 4539 1607 4578 non
1642 4523 1890 4589 timebit,
1936 4531 1992 4579 et

404 4632 528 4671 cum
553 4616 763 4671 ceteris
783 4614 1152 4683 hujuscemodi
1178 4617 1488 4672 hominibus
1518 4632 1641 4672 cum
1678 4632 1888 4671 summa
1905 4615 1993 4685 iu-

405 4711 663 4765 bilatione
712 4709 1001 4763 cantabit:
1048 4707 1333 4781 Propterea
1374 4727 1479 4764 non
1531 4709 1825 4764 timebimus
1864 4709 1990 4764 dum

406 4799 804 4855 ronturbabitur
821 4808 983 4863 terra,
1008 4806 1055 4852 et
1068 4797 1454 4868 transferentur
1470 4808 1672 4853 montes
1693 4800 1749 4853 in
1762 4816 1855 4853 cor
1878 4815 1994 4853 ma-

405 4893 498 4947 ris.
532 4891 831 4947 Sonuernnt
868 4898 916 4943 et
954 4889 1176 4944 turbata:
1199 4898 1322 4944 sunt
1362 4907 1513 4962 aqua:
1534 4890 1669 4961 ejus,
1699 4889 1994 4945 conturbati

403 4993 522 5039 sunt
552 4992 749 5038 montes
775 4982 829 5037 in
850 4981 1159 5053 fortitudine
1181 4981 1298 5052 ejus
1326 4980 1500 5054 (Psal.
1530 4982 1703 5054 XLVI).
1731 4979 1869 5048 Quia
1901 4978 2002 5050 igi-

407 5088 495 5133 tur
520 5075 777 5143 antiquus
810 5073 1001 5137 hostis,
1046 5070 1198 5140 cuius
1236 5073 1495 5129 satellites
1524 5073 1579 5127 in
1607 5066 1777 5129 sacris
1801 5070 1996 5126 litteris

405 5166 718 5234 plerumque
743 5163 997 5217 montium
1026 5163 1239 5217 nomine
1269 5164 1640 5233 designantur,
1669 5162 1883 5218 illorum
1913 5161 1996 5216 in-

406 5257 712 5309 dubitanter
732 5237 1015 5316 montium,
1038 5253 1390 5323 malignorum
1413 5253 1661 5308 videlicet
1681 5253 1991 5322 spirituum.

408 5344 470 5396 de
516 5345 710 5412 quibus
753 5358 853 5412 per
890 5342 1101 5397 Nahum
1142 5344 1460 5412 prophetam
1501 5342 1748 5398 dicitur:
1786 5341 1993 5396 Montes

409 5435 649 5487 commoti
679 5443 797 5488 sunt
823 5435 887 5488 ab
921 5433 1034 5497 illo,
1083 5444 1130 5487 et
1168 5432 1325 5487 colles
1367 5440 1687 5487 tranuerunt
1727 5430 1991 5503 (Nonum.

411 5522 484 5591 i);
525 5532 579 5577 et
612 5524 676 5579 de
701 5526 896 5593 quibus
917 5522 1206 5593 Apostolus
1234 5522 1366 5576 dicit
1393 5539 1405 5575 :
1450 5520 1762 5599 Si'hobuero
1790 5533 1993 5573 onmem

412 5614 585 5686 ﬁdem,
625 5615 698 5669 ita
738 5625 793 5669 ut
820 5625 1020 5670 montes
1061 5615 1377 5685 transferam
1418 5610 1473 5686 (l
1524 5611 1651 5667 Cor.
1689 5612 1833 5681 xm),
1878 5623 1998 5663 om-

413 5704 561 5759 nium
584 5705 844 5765 malorum
874 5722 1084 5775 suasor,
1122 5715 1179 5763 et
1201 5723 1230 5763 e
1262 5688 1537 5764 contrario
1561 5704 1803 5763 omnium
1827 5702 1996 5758 bono-

2070 1887 2280 1940 tiuntur
2326 1883 2645 1939 Ecclesium.
2684 1881 2819 1936 Nam
2868 1882 2925 1936 si
2967 1897 3067 1937 nos
3115 1897 3303 1937 omnes
3338 1882 3670 1951 g'neraliter

2058 1967 2383 2039 'Christiani,
2409 1976 2498 2045 qui
2516 1975 2714 2045 spretis
2733 1982 3104 2029 creaturarum
3128 1974 3357 2029 culturis
3377 1974 3667 2028 servitium

2071 2068 2169 2123 soli
2197 2068 2309 2121 Deo
2350 2066 2587 2121 debitum
2628 2064 2703 2119 illi
2747 2064 2847 2119 soli
2891 2065 3205 2133 impendere
3247 2066 3513 2135 cupimus,
3563 2065 3655 2120 cui
3694 2098 3701 2103 -

2072 2157 2267 2211 merito
2311 2154 2410 2209 soli
2439 2155 2684 2219 debetur,
2726 2154 2848 2209 ideo
2874 2155 3134 2218 hasretici,
3186 2156 3312 2224 quia
3340 2155 3673 2225 imaginibus

2072 2262 2178 2300 non
2208 2244 2510 2309 servimus,
2559 2246 2627 2298 ab
2668 2243 2777 2299 istis
2812 2244 3157 2314 jndicamur,
3191 2245 3265 2298 illi
3312 2245 3678 2314 proculdubio

2073 2339 2188 2396 sive
2214 2346 2339 2392 ante
2376 2338 2667 2392 adventum
2712 2337 3067 2406 redemptoris
3090 2377 3104 2399 ,
3153 2338 3267 2391 sive
3304 2347 3425 2406 post
3463 2337 3677 2391 adven-

2076 2438 2222 2494 tum,
2267 2428 2357 2498 qui
2391 2428 2658 2483 creaturis
2701 2427 3102 2490 inserviebam,
3146 2426 3368 2482 omnino
3410 2426 3674 2481 catholici

2069 2519 2496 2590 judicabuntur;
2539 2529 2594 2574 et
2637 2520 2682 2572 si
2718 2518 2795 2572 illi
2837 2517 3132 2582 increduli,
3179 2524 3234 2572 et
3270 2531 3459 2572 revera
3490 2517 3679 2572 incre-

2077 2610 2209 2675 duli,
2256 2610 2385 2679 quia
2429 2624 2529 2680 pro
2571 2616 2816 2664 creatore
2860 2615 3141 2663 creaturas
3179 2608 3449 2672 colebant,
3493 2608 3677 2661 modis

2078 2701 2329 2757 omnibus
2344 2700 2688 2769 iudicantur,
2741 2714 2841 2753 nos
2870 2699 2962 2768 qui
2991 2698 3084 2753 uni
3114 2707 3170 2753 et
3194 2698 3292 2754 soli
3334 2700 3445 2754 Deo
3474 2699 3678 2767 spretis

2079 2792 2410 2847 vanitatibus
2444 2791 2732 2853 servimus,
2758 2797 2814 2844 et
2847 2788 2965 2858 eius
2988 2790 3196 2845 sanctis
3234 2805 3576 2860 consequens
3619 2801 3673 2846 el

2080 2897 2376 2953 congruum
2406 2880 2723 2950 obsequium
2756 2879 3122 2948 impertimus,
3175 2879 3425 2935 catholici
3453 2888 3509 2935 et
3543 2879 3683 2935 ﬁde-

2082 2977 2162 3032 les
2190 2974 2511 3030 habebimur
2536 2980 2591 3027 et
2619 2970 3008 3041 iudieabimur.

2678 3084 2904 3144 CAPUT
2944 3082 3086 3138 XIX.

2089 3200 2287 3283 Inutile
2309 3196 2949 3283 .ettdementia‘prolatnm.
2979 3205 3025 3250 et
3058 3196 3165 3278 risu
3209 3195 3451 3283 dignum,
3475 3195 3687 3283 ("illum

2154 3272 2342 3343 Agapii
2370 3268 2625 3343 C(csareat
2652 3266 2997 3343 Cappadocia'
3028 3266 3254 3343 episwpi
3286 3266 3685 3343 reprelienditur

2153 3335 2291 3413 ineo
2314 3339 2452 3413 quod
2491 3337 2656 3391 dixit:
2699 3335 2974 3407 Scriptum
3003 3343 3088 3391 est
3126 3336 3181 3389 in
3224 3336 3425 3389 nostris
3477 3335 3689 3389 divinis

2157 3410 2475 3482 Scripturis.
2740 3420 2741 3423 ‘
2954 3416 2961 3421 '

2157 3502 2226 3556 Et
2246 3500 2564 3571 plerumque
2599 3499 2869 3570 imperitia
2900 3510 3030 3554 sons
3055 3506 3160 3562 est,
3205 3504 3260 3552 et
3314 3495 3530 3560 insons;
3584 3496 3684 3550 sed

2087 3594 2359 3666 imperitia
2371 3608 2499 3649 sons
2509 3594 2703 3649 crebro
2714 3599 2774 3648 ut
2788 3589 2989 3648 alliciat
3001 3587 3538 3656 elaborat,imperitia
3549 3602 3687 3642 vero

2087 3687 2275 3744 insons
2293 3685 2509 3743 allicere
2531 3684 2663 3739 nulli
2698 3682 2933 3739 allectat.
2985 3680 3092 3737 Sed
3111 3682 3239 3736 dum
3266 3687 3558 3748 utrumque
3584 3694 3686 3749 ge-

2088 3794 2190 3834 nus
2222 3793 2331 3834 non
2359 3777 2431 3833 sit
2458 3784 2681 3846 peccato
2713 3772 3037 3843 subiectum,
3061 3778 3353 3840 utrumque
3382 3781 3566 3824 tamen
3601 3777 3687 3824 est

2088 3866 2498 3938 reprehensioni
2519 3865 2833 3927 obnoxium,
2873 3863 3129 3932 quoniam
3165 3860 3433 3930 imperitia
3476 3874 3610 3914 sons
3632 3868 3689 3914 et

2087 3965 2313 4027 peccato
2337 3954 2599 4025 subiacet,
2629 3962 2816 4023 utpote
2839 3969 2961 4023 quae
2980 3952 3239 4022 probrosa
3267 3950 3534 4006 obiciendi
3576 3950 3687 4004 im-

2088 4046 2309 4116 pellitur
2326 4045 2620 4110 voluntate,
2644 4052 2700 4099 ct
2725 4043 3156 4113 reprehensioni,
3195 4043 3310 4097 sive
3329 4042 3456 4110 quia
3484 4056 3690 4110 pecca-

2093 4145 2206 4191 tum
2226 4152 2333 4192 non
2354 4144 2507 4192 caret
2529 4134 2968 4205 reprehensione,
3005 4134 3119 4189 sive
3139 4133 3263 4202 quia
3285 4134 3430 4203 quod
3452 4133 3538 4189 vel
3559 4149 3686 4202 pro.

2092 4229 2237 4283 fatur
2254 4228 2340 4284 vel
2375 4234 2651 4298 operatur,
2691 4233 2746 4281 et
2798 4226 3113 4295 insipienter
3140 4225 3195 4280 id
3230 4223 3362 4281 facit
3381 4233 3438 4280 et
3500 4225 3685 4280 incru-

2092 4320 2231 4386 dite;
2263 4319 2530 4389 imperitia
2556 4332 2684 4374 vero
2710 4318 2896 4373 insons
2917 4317 3022 4374 etsi
3048 4317 3102 4373 in
3126 4333 3193 4373 eo
3226 4324 3453 4387 peccato
3474 4326 3686 4382 careat,

2092 4428 2160 4469 eo
2195 4413 2339 4483 quod
2360 4411 2631 4468 neminem
2668 4410 2836 4477 laedit,
2876 4410 3294 4482 reprehensione
3344 4419 3529 4466 tamen
3574 4426 3686 4465 non

2093 4512 2263 4569 caret,
2289 4504 2415 4574 quia
2439 4517 2601 4559 omne
2627 4501 2937 4572 imperitum
2958 4501 3291 4558 ineruditum
3315 4509 3422 4567 est,
3447 4510 3506 4557 et
3522 4515 3689 4557 omne

2092 4594 2422 4650 ineruditum
2456 4593 2863 4663 reprehensioni
2903 4592 3226 4648 succumbit.
3313 4594 3393 4647 Ac
3429 4607 3530 4662 per
3581 4593 3689 4648 hoc

2093 4685 2596 4744 ridiculosissimum
2613 4685 2814 4743 dictum
2837 4684 3027 4755 Agapii
3047 4683 3311 4740 Caesarea:
3333 4682 3691 4753 Cappadocia-

2093 4778 2349 4849 cpiscopi,
2396 4777 2542 4847 quod
2560 4777 2699 4834 dixit
2739 4791 2756 4832 :
2797 4776 3064 4847 Scriptum
3082 4785 3161 4832 est
3196 4776 3254 4829 in
3279 4775 3475 4829 nostris
3493 4774 3691 4830 divinis

2093 4867 2398 4939 scripturis:
2432 4874 2528 4923 aut
2557 4868 2732 4924 eidem
2754 4865 3158 4936 reprehensioni
3175 4881 3297 4935 qua:
3323 4874 3549 4937 peccato
3582 4866 3689 4922 ob-

2104 4958 2265 5015 noxia
2287 4964 2392 5026 est,
2428 4965 2526 5013 aut
2550 4957 2726 5015 eidem
2749 4972 2871 5026 quae
2896 4956 3182 5027 imperitiae.
3202 4953 3463 5025 subiacet.
3493 4956 3692 5013 cedere

2103 5050 2506 5121 comprobatur,
2534 5048 2792 5119 quoniam
2818 5057 2914 5103 aut
2954 5060 3021 5103 eo
3038 5054 3265 5117 peccato
3296 5047 3532 5102 obnoxia
3579 5057 3688 5111 est,

2101 5143 2244 5213 quod
2287 5157 2396 5212 quo
2428 5148 2592 5212 pacto
2609 5139 2882 5210 principes
2900 5154 3090 5194 eorum
3118 5140 3246 5194 dum
3271 5138 3382 5194 sint
3418 5137 3688 5203 homines,

2101 5232 2313 5290 exteris
2341 5231 2669 5288 mortalitate
2712 5245 2821 5285 non
2842 5229 3151 5293 dissimiles,
3177 5228 3348 5285 Deum
3365 5228 3469 5284 sibi
3494 5243 3689 5283 conm-

2101 5340 2269 5397 gnare
2287 5325 2493 5390 dicunt,
2528 5331 2584 5380 et
2608 5337 2668 5379 se
2689 5321 2836 5377 divos
2869 5334 3073 5390 suaque
3092 5330 3244 5389 gesta
3266 5320 3347 5376 vel
3374 5320 3518 5376 dicta
3542 5320 3693 5374 disa-

2096 5417 2172 5471 lia
2198 5425 2530 5486 nuncupant,
2554 5429 2622 5470 eo
2657 5413 2914 5468 nimirum
2936 5421 3098 5483 pacto
3121 5428 3249 5469 suas
3284 5411 3589 5482 Scriptum
3614 5408 3697 5463 Δία

2098 5508 2243 5562 riuos
2266 5514 2609 5575 nuncupant;
2640 5510 2735 5559 aut
2763 5504 2819 5559 in
2843 5517 2908 5558 eo
2932 5500 3344 5574 reprehensioni
3362 5498 3693 5564 succumbit,

2099 5600 2242 5670 quod
2283 5598 2610 5668 eloquentia:
2640 5594 2867 5659 inscius,
2916 5594 3173 5665 loquendi
3199 5593 3500 5651 venustatis
3538 5592 3689 5662 igna-

2101 5709 2193 5748 rus
2219 5693 2347 5749 dum
2367 5690 2547 5749 dicere
2571 5689 2850 5754 debuerat,
2892 5688 2947 5744 in
2995 5687 3200 5745 uestris
3250 5686 3524 5743 codicibus
3552 5681 3687 5742 diri.-
