4028 6180
354 306 495 365 1155

1138 300 1316 357 LIBRI
1356 298 1699 357 CAROLINI.
1741 328 1810 338 --
1846 296 2068 353 CAPIT.
2106 295 2191 349 DE
2226 294 2415 350 lMAC.
2454 324 2525 336 -—
2564 294 2689 377 LII}.
2732 296 2815 350 lll.

3480 296 3614 353 H54

348 429 449 470 nas
480 410 791 481 Scripturas
831 409 1263 472 continentibus,
1285 416 1398 473 ,aut
1439 407 1642 478 aliquid
1679 405 1930 475 hujusee-
1955 409 2004 468 Α
2034 406 2342 459 monasterii
2369 406 2541 460 sancti
2567 407 2795 462 Audrea:
2834 408 2887 460 in
2929 421 3071 476 sarpe
3118 416 3412 464 memorata
3438 412 3617 466 vanis-

348 500 519 567 modi,
543 498 597 553 id
618 512 649 552 e
670 496 943 552 contrario
972 496 1327 566 incomposite
1349 502 1404 550 et
1426 495 1710 551 ridiculose
1733 492 1932 548 dixisse

348 591 542 655 fertur,
594 590 650 642 in
677 587 868 641 nostris
904 586 1094 640 divinis
1120 587 1392 657 scripturis
1426 602 1447 640 :
1501 585 1645 656 quod
1692 584 1928 654 quidem,

348 682 490 737 sicut
525 676 737 749 praefati
756 692 961 741 sumus,
991 676 1310 745 arrogantia:
1337 674 1501 741 fastu,
1542 690 1648 743 quo
1682 684 1735 728 et
1762 673 1931 728 Deum

349 772 455 828 sibi
482 782 814 838 conregnare
858 777 991 823 etse
1020 768 1173 822 divos
1215 782 1527 837 nuncupare
1576 772 1928 837 praesumunt,

348 861 640 933 protulisse
670 859 980 920 creduntur,
1016 857 1226 911 insania
1253 865 1355 912 est.
1435 856 1493 910 Si
1513 869 1641 910 vero
1678 854 1825 910 aliud
1852 854 1935 909 di-

350 967 476 1009 cere
506 951 804 1022 cupientes,
834 949 977 1003 aliud
1002 949 1207 1011 dixere,
1240 962 1338 1002 nec
1362 956 1511 1002 tanta
1540 947 1595 1000 in
1623 946 1704 1000 eis
1731 946 1934 1000 acumi-

350 1044 438 1098 nis
461 1043 544 1097 vis
581 1048 683 1104 est,
721 1047 778 1094 ut
813 1053 933 1109 quae
970 1037 1133 1092 corde
1185 1037 1513 1105 concipiunt,
1538 1035 1628 1089 vix
1666 1034 1831 1089 certis
1869 1049 1933 1089 ac

353 1133 585 1206 propriis
615 1129 794 1186 verbis
816 1129 1121 1200 signiﬁcare
1140 1135 1356 1198 queant,
1387 1125 1597 1196 ignavia
1623 1132 1735 1179 est:
1761 1140 1823 1178 ac
1837 1139 1935 1194 per

355 1225 457 1282 hoc
487 1226 541 1280 in
572 1222 835 1279 utramvis
870 1227 1077 1291 partem
1113 1234 1211 1289 per
1264 1218 1417 1273 devia
1440 1225 1532 1271 aut
1570 1217 1820 1286 superbia
1855 1215 1933 1270 fe-

354 1324 549 1373 runtur
560 1315 707 1380 elati,
739 1321 831 1367 aut
850 1310 1165 1381 ignorantiae
1184 1308 1492 1380 caliginosis
1505 1297 1814 1363 retinaculis
1825 1321 1938 1362 ere-

355 1408 556 1465 duntur
575 1403 791 1460 addicti.
859 1401 991 1468 Quis
1014 1416 1148 1471 ergo
1182 1415 1417 1469 unquam
1444 1398 1559 1453 sani
1603 1398 1795 1467 capitis
1830 1398 1936 1452 tale

354 1497 483 1569 quid
507 1493 740 1550 dixerit?
773 1492 906 1559 Quis
934 1506 1080 1546 sana:
1101 1489 1296 1544 mentis
1325 1490 1429 1543 tale
1452 1489 1579 1559 quid
1612 1488 1937 1558 protulerit?

355 1590 486 1658 Quae
521 1587 791 1654 vecordia,
830 1601 1014 1656 quaeve
1054 1585 1125 1639 sit
1152 1583 1389 1638 amentia
1430 1583 1700 1637 hominem
1734 1592 1937 1636 morta-

354 1681 480 1745 lem,
527 1677 867 1750 passionibus
909 1674 1299 1743 subiacentem,
1343 1671 1835 1742 dicere:Scriptum
1858 1680 1934 1725 est

2033 497 2416 569 simasynodo,
2441 514 2561 570 qua:
2582 514 2680 569 pro
2702 499 3325 568 adorandisimaginibus
3347 507 3493 571 gesta
3513 511 3617 566 est,

2032 587 2217 654 refert,
2254 587 2373 643 Vidi
2409 589 2652 660 angelum
2684 590 2737 643 in
2760 590 2988 659 imagine
3030 600 3414 660 persequentem
3441 592 3609 645 multi-

2031 680 2265 736 tudinem
2293 681 2656 736 barbarorum.
2681 680 2818 734 Nam
2843 680 2971 733 dum
3001 680 3055 734 hi
3080 681 3171 748 qui
3198 680 3253 734 in
3278 683 3465 737 eadem
3493 698 3620 753 syn-

2034 773 2139 827 odo
2176 772 2344 828 fuisse
2378 780 2768 835 memorantur,
2827 770 3280 840 patriarcharum,
3332 774 3612 843 propheta-

2034 879 2152 917 rum
2178 874 2605 934 ceterorumque
2634 872 2948 920 sanctorum
2973 873 3028 920 et
3067 864 3356 920 illustrium
3377 867 3618 921 virorum

2031 954 2194 1008 verba
2217 956 2286 1009 ob
2311 955 2605 1025 imaginum
2618 954 2988 1009 adoratiouem
3011 955 3385 1010 stabiliendum
3405 966 3618 1026 pertur—

2032 1042 2163 1097 bare
2187 1043 2448 1109 nitantur,
2462 1059 2557 1099 eos
2581 1044 2811 1112 denique
2831 1043 3169 1113 patriarchas
3185 1046 3429 1114 quaedam
3447 1049 3622 1117 egisse

2031 1146 2152 1200 quae
2178 1148 2284 1188 non
2328 1133 2539 1203 egerint
2584 1133 2933 1197 mentiantur,
2993 1148 3099 1187 non
3129 1140 3210 1187 est
3242 1133 3541 1188 mirandum
3577 1136 3621 1189 si

2033 1221 2197 1276 etiam
2209 1222 2471 1277 Joannem
2488 1223 2934 1294 Chrysostomum
2950 1224 3078 1277 talia
3110 1223 3308 1278 dixisse
3332 1225 3625 1281 criminen-

2035 1318 2141 1365 tur.
2170 1311 2422 1382 Nunquid
2441 1313 2586 1366 enim
2616 1312 2870 1385 prmfatus
2917 1314 3000 1367 vir
3045 1323 3153 1367 tam
3183 1314 3458 1383 eloquens,
3489 1323 3621 1369 tam-

2034 1415 2141 1470 que
2172 1402 2417 1455 eruditus
2438 1401 2642 1455 diceret
2672 1416 2687 1455 :
2732 1400 2847 1455 Vidi
2893 1402 3143 1473 angelum
3174 1404 3227 1455 in
3254 1404 3479 1474 imagine
3502 1421 3625 1475 per-

2033 1499 2325 1559 sequentem
2345 1490 2689 1543 barbarorum
2714 1491 3123 1557 multitudinem,
3177 1508 3299 1547 cum
3327 1495 3492 1549 sciret
3529 1510 3623 1549 an-

2034 1581 2275 1651 gelorum
2307 1581 2666 1636 immortalem
2692 1591 2941 1635 naturam
2964 1598 3303 1653 nequaquam
3343 1592 3400 1639 ut
3426 1588 3493 1640 ab
3531 1586 3628 1642 ho-

2034 1672 2270 1727 minibus
2307 1673 2553 1727 videatur
2594 1675 2932 1744 picturarum
2963 1690 3084 1730 esse
3110 1676 3407 1745 indiguam.
3489 1678 3627 1732 Sunt

353 1773 411 1825 in
444 1771 635 1824 nostris
689 1766 878 1821 divinis
919 1759 1231 1835 scripturis?
1267 1762 1325 1816 Si
1373 1777 1504 1832 ergo
1530 1762 1721 1816 nostris
1745 1801 1758 1826 ,
1809 1776 1943 1831 quo—
1977 1756 2017 1814 B
2047 1759 2189 1815 enim
2223 1770 2415 1815 natura
2450 1762 2689 1831 spiritus,
2727 1760 2903 1817 cilicio
2952 1764 3146 1833 angeli,
3187 1764 3278 1834 qui
3315 1773 3373 1818 ut
3422 1766 3489 1820 ab
3536 1766 3630 1820 lto—

356 1861 516 1917 modo
532 1859 720 1913 divinis
746 1857 850 1911 ?Et
881 1856 926 1911 si
948 1854 1158 1919 divinis,
1187 1852 1456 1923 quomodo
1478 1853 1707 1907 nostris?
1736 1852 1816 1905 Ab
1838 1852 1939 1907 bo-

357 1954 502 2009 mine
527 1965 652 2021 ergo
680 1949 956 2004 derivatur
986 1945 1273 2011 humanus,
1308 1960 1339 1998 a
1370 1945 1480 1998 Deo
1503 1943 1777 1999 derivatur
1805 1940 1943 1994 divi-

356 2056 476 2094 nus.
548 2039 757 2095 Nostra:
808 2038 1010 2093 etenim
1058 2035 1339 2104 scripturae
1365 2034 1612 2088 humana:
1640 2040 1796 2096 sunt,
1847 2030 1943 2085 Dei

357 2131 651 2200 Scriptura:
678 2125 873 2183 divinm
921 2134 1047 2183 sunt
1078 2146 1092 2181 :
1132 2126 1201 2181 de
1229 2125 1505 2181 codicibus
1536 2134 1711 2177 tamen
1743 2131 1944 2177 saneta:

356 2220 490 2292 legis
535 2221 713 2276 dieere
746 2235 846 2274 nos
888 2207 1028 2274 ratio
1073 2218 1352 2289 permittit,
1397 2216 1562 2271 nostri
1596 2215 1797 2269 codices
1822 2255 1836 2279 ,
1878 2214 1945 2269 de

359 2313 655 2383 Scripturis
684 2327 809 2368 vero
839 2311 1035 2367 divinis
1078 2326 1185 2367 non
1225 2309 1384 2364 aliter
1429 2308 1536 2364 nisi
1561 2308 1770 2363 divinas
1800 2306 1946 2361 Scri-

356 2415 544 2479 pturas
567 2396 712 2458 recte
734 2411 787 2457 et
815 2400 1195 2457 convenienter
1231 2398 1528 2454 secundum
1566 2398 1830 2453 rationem
1861 2397 1945 2452 di—

360 2507 486 2550 cere
515 2493 776 2547 valemus.
837 2489 987 2556 Esto,
1034 2488 1137 2543 hoc
1156 2490 1360 2543 dictum
1382 2487 1775 2542 rationabiliter
1798 2494 1946 2541 stare

358 2595 589 2660 poterat,
621 2593 949 2641 cumtamen
987 2599 1095 2639 non
1142 2583 1330 2653 possit,
1373 2597 1480 2652 quo
1502 2598 1603 2637 nec
1630 2582 1695 2636 de
1733 2581 1948 2651 jactan-

361 2679 448 2732 ti-.e
469 2677 615 2732 fonte
643 2664 934 2730 scaturisse
967 2681 1301 2739 nosceretur,
1335 2690 1433 2729 nec
1454 2674 1519 2729 de
1543 2673 1826 2745 imperitire
1854 2673 1948 2726 ba—

363 2771 549 2824 rathro
566 2784 812 2823 manasse
837 2768 1168 2832 crederetur,
1206 2766 1258 2819 in
1287 2782 1352 2821 eo
1377 2756 1606 2834 denique
1629 2763 1947 2835 reprehendi

362 2863 537 2917 modis
557 2863 806 2917 onmibus
830 2867 1099 2931 poterant,
1124 2859 1267 2929 quod
1291 2874 1414 2913 cum
1440 2858 1510 2913 sit
1530 2856 1718 2912 inutile
1743 2855 1949 2911 inutili-

364 2962 448 3009 ter
477 2952 541 3009 ad
572 2970 686 3009 rem
736 2953 1001 3018 inutilem,
1053 2953 1119 3007 ad
1144 2953 1434 3024 imaginum
1473 2952 1723 3007 videlicet
1756 2950 1949 3006 adora—

363 3046 564 3100 tioncm
623 3044 990 3108 astruendam,
1048 3043 1320 3112 prolatum
1373 3041 1540 3097 fuisse
1585 3041 1949 3096 tuenstratur?

2043 1852 2278 1907 minibus
2350 1854 2519 1908 videri
2588 1855 2838 1923 possint,
2902 1870 3130 1924 corpora
3180 1871 3246 1911 ex
3302 1857 3632 1913 lucidissime

2041 1944 2262 2008 aethere,
2315 1960 2415 2000 nec
2436 1960 2504 1999 ex
2528 1946 2794 2016 pictorum
2823 1947 3053 2017 opiﬁciis
3091 1963 3365 2003 assumere
3404 1951 3632 2005 credun-

2042 2039 2160 2087 tur:
2193 2034 2336 2089 unde
2356 2052 2464 2090 non
2513 2044 2595 2090 est
2629 2037 2957 2092 credendum
2984 2052 3042 2091 ut
3079 2053 3109 2091 a
3134 2037 3342 2093 Joanne
3369 2039 3484 2093 viro
3521 2040 3632 2094 elo-

2042 2124 2398 2193 quentissimo
2421 2125 2527 2181 tale
2551 2124 2752 2180 dictum
2785 2127 2855 2181 sit
2874 2127 3164 2198 prolatum,
3201 2129 3346 2197 quod
3374 2144 3474 2185 nec
3518 2145 3633 2184 ver-

2043 2217 2126 2271 bis
2150 2218 2222 2272 sit
2247 2217 2561 2287 expolitum,
2598 2233 2697 2273 nec
2718 2233 2878 2274 sensu
2908 2219 3161 2284 lucidum,
3177 2235 3278 2275 nec
3301 2221 3405 2274 ulla
3429 2223 3635 2278 ratione

2045 2308 2353 2363 subnixum.
2425 2310 2523 2364 Est
2546 2310 2690 2365 enim
2722 2311 2775 2365 in
2814 2327 2879 2366 eo
2906 2313 3096 2366 vitium
3128 2314 3270 2383 quod
3296 2314 3635 2385 grammatici

2045 2400 2510 2469 amphiboliam,id
2533 2410 2618 2457 est
2667 2403 3073 2474 ambiguitatem
3128 2406 3379 2463 dictionis
3432 2422 3636 2464 nuncu-

2044 2501 2194 2560 pant,
2216 2491 2342 2561 quia
2369 2492 2497 2546 dum
2523 2492 2742 2559 dicitur,
2785 2491 2900 2547 i'idi
2923 2493 3166 2562 angelum
3187 2497 3243 2548 in
3271 2497 3498 2567 imagine
3520 2514 3637 2569 pcr-

2045 2596 2340 2657 sequentent
2364 2585 2709 2640 barbarorum
2733 2588 2918 2647 aciem,
2936 2602 3042 2641 non
3064 2570 3340 2643 evidenter
3363 2574 3636 2657 e.uceseit,

2048 2688 2229 2733 utrum
2257 2679 2506 2749 angelum
2535 2680 2590 2732 in
2622 2678 2858 2747 imagine
2889 2678 3083 2733 viderit
3146 2680 3239 2749 qui
3281 2680 3409 2735 alibi
3452 2697 3629 2752 perse-

2049 2778 2305 2838 queretur
2350 2770 2704 2824 barbarorum
2754 2770 3183 2835 multitudinem,
3255 2786 3323 2825 an
3388 2773 3639 2843 angelum

2049 2858 2175 2914 alibi
2206 2858 2381 2914 visum
2410 2859 2576 2914 fuisse
2600 2867 2655 2913 et
2679 2859 2732 2913 in
2766 2861 3001 2930 imagine
3043 2862 3395 2917 barbarorum
3455 2877 3631 2932 perse-

2049 2949 2140 3017 qui
2170 2949 2562 3004 multitudinem
2587 2968 2600 3003 ε
2627 2951 2770 3020 quod
2795 2950 3011 3019 quidem
3040 2952 3241 3005 dictum
3267 2953 3391 3007 etsi
3432 2954 3536 3008 hoc
3564 2955 3643 3009 vi-

2051 3039 2127 3093 tio
2155 3048 2382 3105 careret,
2437 3039 2557 3095 aliis
2599 3041 3046 3110 quoqueinuiciis
3079 3042 3213 3095 tanti
3253 3042 3353 3095 viri
3375 3058 3481 3097 non
3520 3056 3640 3097 esse

365 3147 391 3177 α
423 3135 533 3191 Nec
563 3135 824 3206 refragari
870 3134 920 3190 ei
948 3142 1121 3205 potest
1148 3134 1381 3202 quodam
1419 3131 1576 3187 modo
1607 3132 1945 3201 simplicitas,
1976 3107 2021 3168 δ
2054 3140 2355 3202 appareret,
2378 3131 2471 3200 qui
2497 3107 2873 3200 duniejtisdem
2905 3146 3010 3186 non
3040 3131 3201 3185 fuerit
3221 3134 3415 3196 aetatis,
3446 3133 3643 3188 ridicu-

363 3243 481 3297 quze
507 3231 822 3297 plerumque
847 3226 1009 3280 rectis
1030 3225 1331 3293 quibusque
1357 3224 1618 3277 inluerere
1644 3223 1799 3287 solet,
1824 3238 1948 3277 cum

365 3317 419 3372 id
450 3333 557 3372 non
593 3332 744 3386 pura,
779 3332 885 3369 non
916 3324 1078 3378 recta,
1121 3315 1214 3369 sed
1252 3330 1504 3384 perversa
1527 3314 1801 3369 voluntate
1831 3330 1953 3385 pro-

366 3408 534 3462 latum
562 3423 680 3461 esse
708 3416 936 3461 constet.
1023 3404 1081 3459 Si
1133 3405 1277 3458 enim
1320 3420 1386 3459 ex
1429 3404 1732 3458 rusticitate
1765 3414 1951 3459 sancta

367 3519 488 3572 qua:
503 3502 603 3583 sibi
625 3501 795 3556 solun)
816 3500 1087 3556 interdum
1120 3498 1349 3570 proiicit,
1369 3497 1686 3566 simpliciter
1714 3505 1768 3551 et
1798 3498 1953 3551 inno-

368 3612 487 3661 cuc,
516 3605 570 3651 et
604 3611 710 3650 non
739 3594 805 3649 ad
835 3593 1036 3664 aliquid
1075 3592 1320 3647 illicitum
1357 3587 1703 3644 asscrendum
1732 3602 1947 3656 proces-

367 3690 502 3744 sisse
526 3687 953 3758 dignosceretur,
985 3699 1014 3737 a
1033 3683 1141 3736 Deo
1168 3680 1259 3750 qui
1283 3687 1555 3734 scrutator
1577 3676 1757 3731 cordis
1775 3685 1831 3730 et
1857 3691 1947 3731 re-

369 3793 496 3835 num
518 3785 620 3842 est,
648 3774 1067 3845 quiplcrumque
1089 3769 1391 3832 voluntates
1416 3767 1597 3837 potius
1610 3781 1772 3834 quam
1801 3773 1955 3819 actus

368 3869 691 3933 considerat,
731 3866 780 3921 ei
810 3862 1162 3933 proculdubio
1189 3860 1577 3930 ignosceretur.
1628 3856 1779 3911 Sicut
1810 3855 1955 3909 enim

369 3960 510 4015 mala
543 3959 791 4013 voluntas
812 3953 914 4009 etsi
945 3968 1051 4008 non
1077 3950 1281 4020 aliquid
1308 3950 1434 4004 mali
1468 3963 1634 4018 opere
1656 3954 1951 4018 perpetret,

371 4061 551 4106 tamen
574 4062 672 4117 pro
694 4054 816 4099 actu
834 4042 1149 4113 plerumque
1172 4049 1404 4105 tenetur,
1431 4039 1505 4094 ita
1528 4039 1786 4094 nimirum
1814 4039 1955 4094 bona

372 4138 619 4191 voluntas
643 4150 741 4205 pro
770 4133 910 4187 bono
935 4146 1099 4201 opere
1129 4144 1341 4200 semper
1361 4129 1645 4200 accipitur.
1725 4128 1879 4196 Quod
1898 4136 1957 4183 ut

373 4227 639 4297 exemplis
674 4226 1023 4291 illustremus,
1061 4233 1117 4278 et
1140 4222 1358 4278 Balaam
1401 4221 1540 4277 mala
1576 4221 1825 4276 voluntas
1849 4236 1954 4290 qua

373 4316 628 4390 populum
655 4315 746 4370 Dei
769 4314 1091 4369 maledicere
1116 4314 1398 4385 cupiebat,
1436 4326 1745 4381 quanquam
1791 4313 1859 4366 ad
1902 4311 1956 4367 id

374 4412 515 4485 quod
552 4411 948 4467 desideraverat
976 4425 1082 4465 non
1104 4406 1428 4479 pervenerit,
1478 4421 1509 4459 a
1540 4404 1696 4474 culpa
1716 4419 1825 4459 non
1854 4402 1956 4459 fuit

2052 3222 2378 3277 losissimum
2416 3236 2480 3276 ac
2519 3223 2696 3290 potius
2727 3222 3075 3277 falsissimum
3115 3230 3258 3277 esset
3291 3237 3415 3276 cum
3442 3224 3642 3290 dicere,

2067 3313 2184 3367 Vidi
2211 3311 2452 3383 angelum
2477 3313 2728 3367 barbaros
2768 3321 3173 3383 persequentem,
3214 3311 3325 3380 qui,
3370 3312 3423 3365 ni
3462 3312 3641 3378 fallor,

2052 3403 2252 3457 v'rdiSse
2274 3418 2330 3457 se
2355 3403 2407 3456 in
2433 3403 2641 3472 pictura
2664 3405 2907 3458 eamdem
2931 3403 3214 3457 hiswriam
3243 3403 3531 3458 abartitice
3551 3405 3647 3458 de-

2052 3497 2272 3564 pictam,
2303 3512 2407 3566 qua
2433 3497 2655 3565 angelus
2679 3497 3037 3551 barbarorum
3060 3497 3267 3565 pridem
3293 3512 3495 3552 cuneos
3518 3515 3644 3568 pro-

2055 3594 2335 3649 straverat,
2364 3595 2682 3654 prosecutus
2702 3588 2792 3641 sit.
2818 3586 2967 3641 Multi
2996 3587 3194 3640 etenim
3224 3587 3408 3642 diserti
3445 3599 3500 3643 et
3531 3588 3647 3643 elo-

2054 3676 2393 3746 quentissimi
2413 3675 2513 3729 viri
2538 3677 2591 3729 in
2617 3692 2838 3731 suarum
2861 3677 3285 3747 disputationum
3313 3680 3636 3736 vas;issiinis

2056 3765 2281 3833 campis,
2305 3773 2465 3835 prout
2489 3766 2623 3820 ordo
2645 3773 2700 3819 et
2722 3764 2860 3819 ratio
2873 3766 3060 3831 dictat,
3093 3766 3232 3820 sicut
3255 3776 3642 3824 eteaeterarum

2055 3874 2258 3923 rerum,
2296 3859 2627 3928 picturarum
2662 3859 2824 3913 etiam
2867 3867 2921 3913 et
2949 3859 3241 3928 imaginum
3269 3859 3473 3915 faciunt
3495 3878 3646 3916 men-

2057 3951 2280 4006 tionem.
2358 3949 2510 4017 Quod
2555 3950 2683 4005 dum
2740 3951 2812 4005 illi
2851 3952 2943 4023 qui
2982 3951 3196 4005 illarum
3248 3953 3645 4008 adorandarum

2057 4052 2193 4099 azstu
2206 4041 2686 4113 urunturlegentcs
2708 4042 3025 4112 repererint,
3060 4050 3229 4096 totum
3241 4053 3548 4113 pervertere
3578 4044 3645 4098 ad

2058 4148 2244 4189 earum
2285 4142 2551 4188 conantur
2578 4132 2969 4197 adorationem,
3003 4141 3062 4187 ut
3093 4133 3340 4188 videlicet
3368 4134 3492 4188 inde
3515 4149 3645 4189 Cun-

2060 4234 2142 4281 tra
2170 4241 2289 4290 nos,
2320 4224 2411 4294 qui
2430 4223 2661 4279 Domino
2689 4233 2959 4278 annuente
2982 4223 3092 4278 veri
3120 4240 3306 4277 sumus
3331 4225 3645 4279 adoratorcs

2059 4316 2115 4371 in
2141 4316 2332 4386 spiritu
2355 4321 2410 4371 et
2439 4315 2666 4369 veritate
2705 4313 2921 4369 Patrem
2961 4314 3269 4378 adorantes,
3323 4331 3472 4367 suam
3502 4315 3644 4369 iuer-

2060 4422 2203 4463 mem
2248 4416 2516 4461 armatam
2552 4406 2765 4462 edicere
2787 4405 3039 4462 all'eetcnt
3086 4405 3461 4469 assertionem,
3503 4406 3645 4474 quod

375 4474 679 4591 indemnis;
740 4510 796 4555 et
838 4501 1006 4555 David
1059 4474 1198 4555 bona
1251 4498 1501 4554 voluntas
1541 4511 1645 4566 qua
1696 4495 1954 4565 templum
1988 4474 2038 4537 θ
2062 4499 2131 4554 ab
2167 4498 2621 4568 eloquentissimis
2640 4497 2771 4551 viris
2804 4496 3095 4567 quamdam
3132 4496 3421 4565 im:ginum
3450 4495 3649 4549 laetam

376 4594 600 4651 Domino
635 4591 906 4649 aediﬁcare
947 4591 1238 4660 cupiebat,
1289 4603 1597 4660 quanquam
1631 4600 1795 4658 opere
1847 4603 1956 4643 non

358 4685 537 4745 fuerit
602 4682 851 4755 expleta,
906 4680 1105 4737 divinis
1147 4688 1327 4733 tamen
1369 4687 1454 4734 est
1480 4676 1785 4734 collaudata
1836 4692 1960 4731 ora-

377 4776 529 4837 culis.

979 4839 1208 4898 CAPUT
1245 4840 1365 4895 XX.

382 4938 454 4994 De
497 4956 554 4993 eo
578 4936 716 5008 quod
738 4932 985 5008 Joannes
1002 4930 1269 5008 presbyter
1294 4927 1586 5008 Theodosio
1623 4928 1812 5008 abbate
1824 4944 1957 5008 "mo-

448 4997 662 5062 naste'rii
690 5003 856 5058 sancti
870 4997 1092 5055 Androm
1116 4997 1362 5051 recitante
1381 4997 1530 5051 verba
1552 4998 1775 5052 Joannis
1793 4997 1959 5066 Chry-

447 5078 683 5140 sostomi,
702 5083 751 5128 et
770 5073 974 5125 dicente
997 5086 1014 5123 :
1040 5069 1159 5124 Vidi
1174 5067 1422 5140 angelum
1454 5068 1506 5120 in
1534 5067 1767 5140 imagine
1779 5083 1959 5140 perse-

449 5137 1065 5218 quentembarbarorum
1086 5137 1502 5218 multitudinem,
1534 5138 1667 5218 dicit
1685 5138 1864 5218 :nQuis
1880 5146 1963 5192 est

453 5206 552 5273 iste
585 5213 854 5287 angelust
880 5212 980 5287 nisi
1016 5213 1080 5266 de
1118 5224 1224 5287 quo
1249 5208 1509 5278 scriptum
1544 5206 1956 5287 est:_Quoniam

452 5277 914 5358 attgelu§_Domiiti
937 5277 1204 5358 percussit
1228 5277 1443 5333 centum
1474 5277 1784 5358 octuaginta
1808 5278 1963 5358 quin-

452 5348 558 5428 que
590 5355 756 5410 millia
780 5348 1127 5428 Assyriorum
1158 5349 1211 5403 in
1237 5364 1342 5403 una
1365 5358 1523 5404 nocte
1548 5349 1601 5401 in
1619 5348 1848 5403 circuitu
1873 5348 1964 5403 Je-

453 5422 688 5484 rusalem
710 5422 1143 5480 exercitantium.

452 5518 666 5575 Dixisse
684 5514 945 5571 Joannem
971 5513 1416 5582 Cluysostomum
1451 5508 1786 5565 Theodosius
1800 5509 1970 5565 abbas

2061 4590 2226 4646 fuisse
2250 4592 2520 4661 reperiant
2541 4591 2889 4656 mentionem,
2938 4588 3091 4659 quasi
3131 4588 3196 4642 de
3223 4587 3474 4642 omnibus
3516 4604 3650 4659 quo-

2062 4701 2183 4741 rum
2204 4670 2410 4740 mentio
2436 4685 2490 4739 in
2513 4684 2832 4739 tractatibus
2844 4683 2921 4747 lit,
2949 4681 3206 4737 continuo
3225 4687 3496 4749 praecepta
3521 4680 3652 4734 den-

2065 4786 2172 4833 tur.
2235 4774 2469 4830 Joannes
2522 4773 2690 4844 igitur
2730 4771 3039 4843 presbyter,
3100 4770 3187 4825 cui
3237 4771 3365 4826 dum
3392 4771 3651 4841 praefatus

2064 4865 2399 4922 Theodosius
2424 4865 2592 4919 abbas
2603 4861 2864 4917 Joannem
2875 4859 3525 4930 Cnnstantinopolitanum
3546 4878 3608 4931 ep
3618 4864 3653 4915 i-

2063 4972 2286 5027 scopum
2315 4956 2516 5010 dixisse
2538 4952 2878 5016 mentiretur,
2920 4949 3041 5004 Vidi
3069 4951 3310 5022 angelum
3348 4952 3401 5004 in
3424 4953 3652 5022 imagine

2063 5059 2448 5120 persequentem
2473 5046 2631 5101 barba
2640 5061 2816 5098 rerum
2834 5046 3242 5113 multitudinem,
3258 5048 3504 5116 protinus
3518 5050 3617 5103 sub
3636 5079 3649 5088 -

2060 5138 2308 5208 junxisse
2336 5136 2508 5191 fertur
2527 5145 2582 5190 et
2608 5135 2809 5190 dixisse
2840 5153 2852 5188 :
2889 5134 3018 5200 Quis
3051 5148 3124 5191 est
3152 5139 3249 5192 iste
3277 5138 3515 5210 angelus,
3549 5141 3649 5193 nisi

2068 5229 2251 5301 dequo
2289 5229 2541 5298 scriptum
2567 5228 2680 5282 est?
2737 5226 2998 5293 Quoniam
3034 5229 3250 5299 angelus
3286 5230 3501 5284 Domini
3526 5248 3647 5301 per-

2068 5321 2227 5373 cussit
2247 5328 2452 5375 centum
2475 5320 2776 5390 octuaginta
2806 5320 3032 5390 quinque
3056 5321 3224 5376 millia
3245 5322 3582 5393 Assyriorum
3595 5324 3650 5377 in

2073 5429 2179 5466 una
2203 5422 2352 5467 nocte
2381 5413 2436 5466 in
2467 5410 2690 5467 circuitu
2723 5410 3019 5466 Jerusalem
3046 5415 3466 5469 exercitantium.
3528 5411 3647 5470 Jam

2075 5509 2129 5562 in
2156 5506 2400 5577 pluribus
2451 5504 2592 5559 illius
2617 5519 2768 5559 vana:
2811 5504 3060 5560 lectionis
3115 5505 3249 5561 locis
3285 5522 3403 5576 qua:
3433 5520 3501 5560 ex
3549 5506 3652 5561 hoe

459 5662 483 5690 ει
524 5648 633 5703 Nec
664 5649 922 5719 refragari
945 5649 992 5701 ei
1020 5655 1182 5716 potest
1204 5645 1431 5718 quodam
1457 5644 1610 5720 modo
1637 5645 1967 5720 simplicitas.
2008 5646 2337 5702 Emendator
2369 5643 2627 5714 reposuit,
2652 5642 2955 5713 suffragari.
3011 5640 3077 5695 At
3128 5642 3290 5697 verbo
3315 5640 3571 5712 refragari
3599 5643 3651 5693 in

391 5722 492 5777 hoc
521 5717 825 5789 signiﬁcatu
853 5720 1015 5773 etiam
1038 5717 1361 5787 supr-ausus
1390 5725 1473 5772 est
1501 5717 1592 5772 lib.
1623 5732 1683 5772 ιι.
