4028 6180
430 267 567 323 H55

418 466 629 522 locutus
657 464 823 519 fuisse
851 461 1287 531 deprehenditur.
1327 460 1469 516 Pene
1482 462 1733 516 omnibus
1754 460 1897 516 anim
1926 460 2000 514 ibi

420 557 693 613 incautius
718 555 932 610 locutus
954 546 1373 615 iuisse'notatur,
1393 561 1448 605 et
1466 560 1669 621 quanto
1689 551 1923 605 velocior
1945 550 1999 603 in

418 649 779 713 sermonibus,
830 652 980 699 tanto
1023 644 1278 698 nimirum
1330 643 1544 711 segnior
1579 641 1907 710 approbatur
1944 640 2000 693 in

416 738 682 800 sensibus,
716 735 925 789 dicente
955 731 1281 787 Salomone:
1323 730 1386 784 Si
1429 730 1618 785 uideris
1669 730 1837 783 virum
1857 726 1994 782 telo-

414 843 527 880 cem
548 827 604 878 in
627 823 789 878 verbis
813 823 941 884 suis,
974 821 1104 874 scito
1122 821 1246 891 quia
1272 835 1413 889 spem
1442 820 1589 873 habet
1612 819 1861 888 insipiens
1886 833 2000 870 nta-

418 918 497 987 gis
513 931 669 986 quam
693 912 781 966 ille
804 912 984 984 (Prov.
1001 908 1173 982 XXIX).
1200 909 1335 971 Nam
1350 909 1474 963 dum
1490 910 1555 963 de
1564 908 1775 978 pictura
1797 907 1998 962 dixisse

418 998 714 1058 releratur:
753 998 882 1064 Quis
907 1009 985 1053 est
1029 999 1127 1052 iste
1154 996 1368 1068 angelus
1394 999 1497 1051 nisi
1528 996 1706 1067 dequo
1745 997 1993 1065 scriptum

416 1101 491 1145 est
510 1107 529 1145 :
549 1089 808 1157 Quoniam
843 1086 1055 1158 angelus
1074 1087 1286 1141 Domini
1311 1090 1560 1157 percussit
1586 1102 1795 1142 cuxxv
1829 1084 1995 1139 millia

415 1177 792 1249 Assyriorum?
819 1185 873 1229 et
893 1186 1111 1241 caitera,
1144 1190 1302 1244 quam
1324 1174 1485 1230 fuerit
1506 1175 1773 1240 ineamus,
1801 1182 1993 1244 quam-

413 1280 518 1336 que
540 1266 743 1320 delirus
761 1265 1086 1334 apparuerit,
1102 1280 1226 1318 cum
1251 1279 1359 1319 non
1377 1264 1628 1334 Assyrios
1658 1264 1751 1319 ille
1774 1262 1995 1334 angelus

412 1356 741 1427 percusserit
792 1356 988 1425 pictus,
1029 1354 1123 1408 sed
1171 1355 1262 1409 ille
1289 1355 1380 1423 qui
1422 1358 1493 1411 ad
1523 1358 1626 1411 hoc
1669 1356 1991 1426 explendum

420 1446 584 1502 fuerit
603 1446 823 1501 missus.
874 1445 1028 1512 Quod
1060 1460 1189 1500 vero
1218 1447 1313 1510 ait,
1363 1446 1427 1500 In
1457 1448 1676 1501 circuitu
1697 1446 1991 1501 Jerusalem

410 1537 824 1599 exercitantium,
857 1544 1108 1604 tanquam
1156 1537 1231 1589 ita
1256 1537 1516 1606 scriptum
1548 1538 1810 1593 habeatur
1838 1545 1893 1592 et
1934 1537 1991 1591 in

412 1627 517 1682 hoc
538 1630 677 1682 sicut
696 1636 749 1681 et
776 1628 829 1681 in
848 1627 1059 1682 caeteris
1086 1628 1389 1682 ineruditus
1406 1643 1526 1683 esse
1547 1628 1830 1698 detegitur,
1860 1643 1993 1702 quo-

414 1717 561 1771 niam
591 1732 854 1784 nusquam
886 1716 987 1771 hoc
1014 1718 1203 1772 ordine
1228 1718 1515 1772 verborum
1565 1718 1825 1787 scriptum
1866 1730 1987 1773 esse
2017 1724 2063 1787 Β

412 1809 704 1878 reperitur.
779 1806 1095 1877 Quanquam
1124 1809 1268 1863 enim
1296 1808 1664 1864 Sennacherib
1702 1824 1797 1863 rex
1822 1807 1989 1880 Assy-

413 1901 616 1953 riorum
645 1914 781 1968 pene
827 1914 1014 1954 omnes
1060 1900 1309 1954 civitates
1332 1899 1468 1954 Juda
1500 1899 1733 1954 munitas
1765 1900 1987 1968 ceperit,

412 1994 624 2048 dicente
648 1993 926 2062 Scriptura
944 2008 963 2046 :
987 1992 1057 2045 Et
1074 1993 1273 2061 factum
1296 1993 1439 2046 estin
1450 1990 1991 2060 quartodecimo-anno

411 2087 558 2155 regni
589 2083 848 2147 Exeo/tite,
877 2084 1109 2137 ascendit
1144 2082 1496 2138 Sennaclterib
1528 2098 1620 2136 rea:
1658 2082 1989 2151 Assyriorum

408 2191 565 2246 super
595 2191 771 2228 omnes
801 2175 1033 2227 civitates
1059 2174 1204 2227 Juda
1229 2174 1481 2239 munitas,
1503 2183 1553 2227 et
1580 2174 1711 2243 cepit
1754 2189 1841 2227 eas
1880 2170 1989 2243 (IV

410 2264 539 2334 Reg.
559 2263 736 2336 mu),
765 2277 1106 2333 nequaquam
1121 2271 1300 2319 tamen
1321 2261 1697 2318 adJerusalem
1716 2261 1986 2331 pervenit,

410 2374 510 2411 nec
536 2357 589 2410 in
622 2356 851 2411 circuitu
885 2356 1035 2409 urbis
1064 2354 1333 2408 machinis
1358 2369 1569 2408 murum
1612 2352 1868 2408 feriturus
1894 2367 1989 2407 ca-

408 2458 520 2503 stra
540 2448 742 2517 posuit,
795 2447 890 2502 sed
940 2447 1005 2500 de
1041 2446 1237 2500 Lachis
1268 2444 1545 2498 Rabsacen
1596 2444 1663 2498 ad
1691 2442 1987 2497 Jerusalem

408 2540 572 2602 misit,
604 2540 695 2607 qui
724 2540 939 2592 stetisse
975 2537 1168 2608 legitur
1215 2535 1270 2588 in
1300 2536 1616 2604 aquaaductu
1650 2535 1869 2603 piscinae
1897 2549 1988 2588 su-

406 2627 658 2697 perioris,
680 2626 830 2680 invia
855 2626 968 2694 agri
994 2623 1228 2679 fullonis.
1262 2623 1411 2689 Quod
1427 2622 1619 2677 iisdem
1647 2624 1826 2677 verbis
1847 2622 1988 2677 liber

410 2718 709 2773 Verborum
738 2717 967 2780 dierum,
1000 2716 1092 2785 qui
1120 2715 1377 2770 llebraice
1403 2722 1583 2773 ενωή
1613 2722 1765 2779 "1:11,
1796 2712 1984 2768 Graece

411 2807 853 2883 Παραλειπομένων
884 2805 1098 2869 dicitur,
1125 2804 1215 2873 qui
1240 2815 1325 2857 est
1344 2803 1637 2857 ehronicon
1670 2803 1865 2857 divinat
1902 2802 1983 2857 le-

402 2900 501 2970 gis,
519 2908 775 2955 testatur:
797 2899 936 2953 illisit
955 2899 1308 2954 Sennacherib
1334 2914 1424 2951 rex
1448 2898 1782 2968 Assyriorum
1802 2914 1974 2953 servos

407 3007 525 3043 suos
550 2989 862 3043 Jerusalem.
914 2988 1033 3058 Ipse
1055 2989 1191 3041 enim
1216 3004 1334 3041 cum
1361 2989 1597 3041 universo
1631 2990 1863 3042 exercitu
1888 2988 1979 3041 ob-

405 3080 606 3133 sidebat
632 3080 817 3133 Lacltis
853 3079 938 3151 (11
975 3079 1163 3134 Paral.
1193 3079 1387 3150 χχχιι).
1448 3078 1582 3133 Nam
1607 3079 1661 3134 id
1686 3078 1829 3147 quod
1847 3093 1983 3147 pr:e-
2007 3076 2054 3140 C

404 3172 550 3223 fatus
572 3168 805 3223 Joannes
836 3185 985 3224 more
1011 3185 1110 3225 suo
1152 3185 1439 3238 usurpasse
1461 3169 1813 3240 dignoscitur,
1868 3177 1985 3222 tan-

407 3276 568 3331 quam
605 3260 735 3314 inibi
765 3260 1025 3328 scriptum
1052 3260 1142 3325 sit,
1184 3259 1250 3313 1n
1276 3260 1496 3313 circuitu
1520 3257 1812 3312 Jerusalem
1839 3274 1990 3325 exer-_

407 3350 697 3412 citantiam,
745 3349 798 3402 in
826 3348 971 3404 nullo
997 3357 1198 3404 sancta:
1226 3348 1360 3419 legis
1382 3348 1813 3403 authenticorum
1836 3348 1985 3403 codi-

406 3458 529 3497 cum
554 3440 843 3495 invenitur.
920 3439 1072 3507 Quod
1100 3449 1161 3494 ut
1182 3439 1412 3494 lucidius
1446 3439 1839 3507 comprobctur,
1869 3438 1982 3507 ipsa

408 3541 612 3587 sanctae
639 3532 773 3602 legis
798 3532 982 3597 verba,
1012 3541 1173 3601 prout
1195 3531 1247 3584 in
1270 3529 1545 3585 codicibus
1563 3530 1848 3594 habentur,
1886 3544 1984 3599 per

407 3625 649 3679 ordinem
686 3623 932 3694 ponenda
961 3631 1105 3678 sunt.
1137 3623 1217 3677 lta
1241 3622 1385 3677 enim
1414 3622 1468 3676 in
1497 3622 1633 3676 libro
1672 3620 1879 3692 Regum
1906 3619 1985 3675 le-

406 3716 591 3787 gitur:
631 3712 856 3768 Factam
884 3722 958 3767 est
974 3714 1142 3788 igitur
1164 3713 1220 3766 in
1244 3720 1392 3765 nocte
1414 3710 1526 3774 illa,
1579 3711 1718 3764 venit
1768 3708 1984 3781 angelus

409 3806 659 3872 Domini,
698 3815 746 3859 et
782 3805 1034 3875 percussit
1074 3804 1131 3858 in
1179 3803 1364 3858 castris
1415 3802 1747 3872 Assyriorum
1775 3816 1983 3857 cnxxxv

406 3894 592 3949 millia.
628 3894 857 3966 Cumque
877 3893 1110 3947 diluculo
1146 3891 1477 3956 surrexisset,
1501 3891 1623 3944 vidit
1654 3891 1829 3946 omnia
1870 3906 1988 3945 cor-

401 4004 533 4058 pora
562 3996 909 4050 mortuorum,
935 3995 983 4040 et
1008 3984 1247 4039 recedens
1273 3983 1420 4048 abiit,
1447 3994 1738 4036 etreversus
1763 3990 1837 4035 est
1853 3980 1987 4037 Sen-

409 4076 653 4130 uacherib
688 4092 779 4129 rex
827 4075 1183 4145 Assyriorum,
1241 4082 1289 4127 et
1332 4074 1522 4127 mansit
1571 4074 1625 4128 in
1667 4069 1985 4144 NiniveUV

411 4164 542 4237 Reg.
572 4166 707 4239 xxx).
761 4164 922 4221 Liber
948 4180 1161 4234 quoque
1185 4162 1512 4220 sanctissimi
1542 4177 1606 4217 ac
1644 4162 1983 4218 disertissimi

410 4264 548 4312 vatis
573 4257 721 4311 lsaize
747 4256 849 4311 hoc
872 4255 1030 4310 modo
1047 4255 1185 4308 hanc
1212 4253 1348 4308 texit
1366 4251 1644 4307 historiam
1679 4268 1692 4304 :
1730 4248 1984 4322 Egressus

407 4359 482 4404 est
511 4358 683 4403 autem
718 4346 933 4419 angelus
955 4345 1186 4407 Domini,
1215 4355 1263 4398 et
1291 4343 1541 4414 percussit
1565 4342 1621 4395 in
1654 4342 1839 4395 castris
1888 4340 1986 4394 As~

405 4441 667 4511 syriorum
701 4453 909 4493 cnxxxv
936 4435 1123 4501 millia,
1149 4445 1196 4489 et
1222 4441 1558 4489 surrexerunt
1584 4448 1755 4498 mane,
1790 4441 1840 4487 et
1870 4448 1986 4487 ecce
2010 4426 2062 4491 Β

406 4529 585 4585 omnia
614 4528 867 4581 cadavera
897 4535 1242 4590 mortuorum,
1282 4533 1329 4578 et
1352 4538 1585 4594 egressus
1606 4529 1700 4588 est,
1732 4530 1779 4575 et
1835 4518 1983 4587 abiit,

408 4631 455 4675 et
496 4632 730 4671 reversus
762 4623 835 4668 est
863 4613 1240 4678 Sennaclierib;
1269 4621 1323 4665 et
1347 4620 1536 4666 cetera
1571 4608 1724 4681 (Isai.
1754 4607 1981 4679 xxxvii).

409 4707 569 4762 Liber
596 4718 809 4773 quoque
824 4700 1121 4756 Verborum
1146 4700 1371 4764 dierum,
1401 4701 1635 4769 quicum
1654 4698 1743 4765 sit,
1769 4709 1829 4754 ut
1846 4715 1986 4770 prie-

408 4796 503 4852 lati
533 4808 742 4859 sumus,
775 4791 940 4847 totius
979 4790 1175 4846 divina:
1220 4789 1353 4862 legis
1386 4791 1697 4856 chronicon,
1733 4788 1986 4846 historias

409 4896 588 4940 tamen
621 4898 809 4954 regum
835 4897 865 4936 c
886 4881 1053 4936 latere
1080 4877 1201 4935 libri
1214 4876 1439 4950 Regum,
1463 4894 1582 4949 quae
1608 4877 1660 4932 in
1675 4893 1741 4934 eo
1761 4888 1981 4947 prmter-

409 4974 585 5029 missae
637 4981 784 5037 sunt,
836 4969 1160 5027 enucleatim
1196 4968 1472 5035 edisserit,
1524 4967 1626 5022 hoc
1654 4967 1813 5022 modo
1846 4967 1987 5023 hanc

410 5073 594 5118 narrat
620 5062 923 5117 historiam.
960 5059 1024 5115 Et
1045 5061 1186 5115 misit
1210 5057 1464 5113 Dominus
1490 5057 1731 5128 angelum
1755 5058 1844 5128 qui
1863 5073 1983 5127 per-—

412 5157 571 5211 cussit
596 5170 802 5210 onmem
826 5155 991 5209 virum
1022 5153 1283 5206 robustum
1304 5160 1353 5206 et
1384 5149 1680 5205 bellatorem
1705 5157 1754 5203 et
1790 5146 1986 5219 princi-

413 5266 527 5320 pem
561 5250 817 5303 ezercitus
851 5247 983 5317 regis
1007 5245 1357 5314 Assyriorum,
1402 5251 1731 5313 reuersusque
1758 5249 1833 5295 est
1866 5254 1987 5294 cum

415 5338 703 5409 ignominia
741 5338 798 5390 in
822 5346 1017 5391 terram
1047 5350 1196 5389 suam
1225 5330 1311 5405 (ll
1346 5331 1525 5385 Paral.
1554 5332 1748 5404 xxx").
1782 5328 1838 5385 in
1869 5329 1989 5400 qui-

415 5429 519 5485 bus
537 5428 817 5497 exemplis,
857 5430 960 5483 hoc
984 5427 1126 5497 quod
1146 5439 1177 5479 a
1198 5423 1403 5479 Joanne
1427 5430 1738 5492 usurpatum
1762 5429 1864 5478 est.
1890 5420 1992 5475 mi-

418 5518 568 5573 nime
586 5516 870 5572 invenitur.

1295 260 1356 347 ΒΪ
1397 254 1648 316 ΕΑΒΟΙᾸ
1689 254 1900 313 ΜᾹΕΝΙ
1936 250 2088 312 OPP.
2130 256 2308 313 PARS
2346 258 2411 313 ll.
2448 252 2690 316 δωΉο
2727 252 2791 312 ll.

419 375 635 448 negotio
658 373 727 429 ab
748 371 1071 443 illisdigesta
1090 378 1192 436 est,
1219 369 1371 440 plura
1387 371 1765 425 notabiliteret
1787 369 2001 424 incaute
2028 377 2076 433 Α

3539 257 3685 317 “58

2694 388 2922 449 CAPUT
2947 384 3089 447 XXI.

2102 521 2255 587 Quod
2276 521 2429 593 nulla
2441 524 2749 577 auctoritate
2771 523 2955 593 uigeat,
3008 538 3172 593 neque
3205 538 3261 578 tn
3284 525 3396 577 ullo
3415 525 3656 581 nubenti
3674 553 3691 561 -

2168 605 2346 646 eorum
2371 590 2621 645 librorum
2639 590 2935 713 reperiatur.
2949 590 3092 658 quod
3110 590 3190 643 illi
3211 593 3409 654 dicunt,
3432 610 3525 663 per
3540 596 3688 650 ima-

2168 663 2336 713 ginem
2365 659 2639 713 cuiusdam
2731 659 2979 713 olemonis
3012 661 3289 713 quemdam
3335 660 3398 713 ab
3428 663 3688 713 adulterii

2167 663 2336 730 ginem
2365 659 2639 730 cujusdam
2682 659 2979 713 Polemonis
3012 661 3289 730 quemdam
3335 660 3398 713 ab
3428 659 3688 718 adulterii

2164 729 2545 802 perpetratione
2564 731 2849 802 coercitum
2872 729 3065 802 fuisse,_
3080 729 3220 802 quod
3236 730 3452 802 quidem
3466 747 3686 802 aequare

2166 798 2399 853 numam
2409 799 2662 852 miraculo
2672 798 3022 868 quodﬁmbria
3033 798 3323 853 Dominicis
3336 798 3681 855 vestisactuns

2165 878 2257 933 est,
2285 884 2442 938 quam
2467 868 2657 921 mulier
2674 870 2972 931 contingens
2988 876 3284 936 exoptatam
3314 870 3500 936 recepit
3527 870 3682 924 sani-

2165 946 2344 990 tatem.

2164 1047 2307 1103 inter
2349 1055 2541 1102 caetera
2573 1062 2692 1116 quae
2739 1048 2809 1102 ob
2847 1062 3001 1102 suum
3032 1062 3273 1103 errorem
3322 1049 3676 1104 astruendum

2101 1139 2204 1192 deli
2213 1148 2453 1192 ramenta
2476 1139 2526 1192 in
2542 1136 2588 1206 ej
2595 1138 2780 1193 usdem
2792 1139 3097 1193 vanissimas
3110 1139 3297 1207 synodi
3313 1138 3539 1193 lectione
3550 1156 3681 1194 con—

2088 1224 2417 1296 glomerasse
2451 1224 2789 1297 detegantur,
2817 1227 2919 1281 hoc
2945 1226 3050 1281 illis
3063 1236 3149 1281 est
3171 1225 3676 1290 familiarissimum,

2093 1314 2234 1385 quod
2245 1332 2342 1385 per
2363 1315 2650 1387 imaginem
2674 1315 2950 1386 cujusdam
2968 1317 3272 1373 Polemonis
3289 1320 3680 1388 quemdamas-

2092 1411 2339 1459 severant
2363 1407 2431 1459 ab
2462 1404 2708 1461 adulterii
2732 1408 3128 1475 perpetratione
3168 1409 3493 1473 coercitum;
3523 1411 3677 1479 qqu

2091 1498 2307 1570 quidem
2328 1507 2553 1570 gestum,
2581 1498 2626 1552 si
2647 1506 2824 1553 tamen
2849 1506 3056 1569 gestum
3078 1515 3199 1555 esse
3211 1500 3481 1564 credatur,
3498 1515 3676 1569 quan-

2091 1609 2250 1663 quam
2276 1594 2329 1647 in
2356 1590 2500 1648 nullo
2516 1594 2598 1647 vel
2622 1590 2831 1648 Veteris
2844 1592 2925 1647 vel
2943 1593 3073 1648 Novi
3092 1593 3421 1648 Testamenti
3443 1594 3678 1648 authen-

2094 1684 2321 1738 ticorum
2374 1680 2619 1738 codicum
2656 1684 2726 1737 sit
2772 1691 3064 1753 repertum,
3103 1700 3202 1740 nec
3232 1685 3302 1739 ab
3347 1684 3455 1739 ullo
3481 1699 3676 1739 eorum

2093 1773 2392 1838 doctorum,
2422 1774 2514 1842 qui
2549 1786 2579 1827 a
2616 1782 2799 1828 sancta
2829 1773 3437 1838 Romana,catbolicaet
3454 1782 3679 1843 aposto-

2090 1858 2190 1917 lica
2218 1860 2455 1919 Ecclesia
2484 1856 2834 1932 recipiuntur,
2872 1864 2943 1918 sit
2980 1865 3267 1932 prolatum,
3317 1872 3495 1919 tamen
3522 1865 3581 1919 id
3615 1875 3677 1919 ct

2090 1953 2157 2006 ad
2184 1968 2340 2006 suum
2369 1967 2610 2007 errorem
2656 1946 3003 2017 iniciendum,
3037 1952 3189 2021 quasi
3236 1953 3502 2022 quoddam
3545 1945 3679 2023 pro-

2089 2041 2427 2101 batissimum
2475 2038 2811 2105 miraculum,
2848 2040 3150 2110 proferunt,
3171 2049 3231 2096 et
3252 2042 3679 2113 miraculoquod

2089 2132 2382 2189 Dominica:
2413 2134 2578 2188 vestis
2600 2129 2810 2188 ﬁmbria
2831 2141 3039 2205 gestum
3075 2144 3178 2199 est,
3204 2136 3539 2204 aequiparare
3560 2152 3677 2192 non

2088 2230 2353 2282 metuunt.
2385 2220 2541 2293 Quod
2567 2224 2781 2294 quidem
2816 2225 2881 2288 si,
2910 2232 2970 2278 ut
2992 2222 3065 2278 illi
3089 2235 3422 2287 asseverant,
3449 2234 3669 2295 gestum

2086 2328 2188 2383 est,
2226 2312 2551 2372 salutaribus
2564 2305 2856 2372 Dominicis
2867 2316 3030 2387 gestis
3053 2332 3151 2370 nec
3175 2317 3334 2372 debet
3362 2333 3462 2372 nec
3482 2326 3669 2388 potest

2085 2409 2373 2479 cozequari,
2414 2404 2666 2478 quoniam
2692 2416 2889 2477 quanta
2911 2417 2993 2462 est
3019 2407 3272 2461 distantia
3309 2406 3449 2461 inter
3477 2408 3671 2461 nescio

2087 2516 2248 2572 quem
2296 2494 2638 2555 Polemonem
2677 2509 2731 2553 et
2760 2497 2853 2552 Dei
2878 2506 2933 2552 et
2968 2498 3243 2552 hominum
3293 2497 3675 2563 Mediatorem,

2089 2601 2242 2647 tanta
2277 2590 2534 2645 nimirum
2567 2587 2822 2644 distantia
2848 2596 2931 2641 est
2969 2588 3110 2641 inter
3144 2595 3296 2658 gesta
3328 2584 3539 2657 prmfati
3561 2586 3677 2641 Po-

2086 2678 2314 2736 lemonis
2334 2676 2555 2749 ejusque
2582 2676 2829 2749 imaginis
2852 2685 2904 2732 et
2924 2678 3264 2732 sanctissima
3285 2678 3541 2732 miracula
3564 2679 3672 2733 Do-

2085 2769 2217 2826 mini
2246 2769 2547 2835 salvatoris,
2598 2784 2697 2823 nec
2726 2776 2951 2837 possunt
2987 2768 3190 2823 similes
3239 2776 3392 2823 actus
3440 2768 3666 2834 habere,

2084 2863 2175 2935 qui
2210 2863 2438 2919 nimium
2484 2862 2818 2932 nimiumque
2845 2870 2971 2915 sunt
3022 2858 3310 2916 dissimiles
3346 2858 3400 2914 in
3442 2860 3667 2914 virtute.

2086 2953 2215 3020 Quis
2238 2955 2291 3007 in
2320 2952 2559 3018 nubibus,
2587 2951 2760 3021 inquit
2782 2950 3070 3020 Propheta,
3095 2946 3625 3020 azquabiturDomino
3642 2945 3673 3004 2

2158 3056 2175 3099 t
2201 3047 2316 3117 quis
2334 3044 2519 3099 similis
2547 3045 2643 3097 erit
2659 3043 2768 3098 Deo
2791 3044 2927 3096 inter
2949 3042 3089 3111 ﬁlios
3103 3040 3196 3095 Dei
3214 3038 3387 3112 (Psal.
3404 3032 3671 3109 Luxu)?

2093 3138 2165 3191 De
2190 3152 2254 3190 eo
2283 3134 2444 3190 etiam
2484 3133 2679 3189 dicitur
2726 3131 2779 3187 in
2819 3128 3054 3188 Canticis
3089 3132 3418 3187 canticorum
3448 3146 3463 3184 :
3492 3126 3666 3200 Caput

2090 3229 2203 3297 ejus
2229 3241 2416 3280 aurum
2441 3225 2690 3294 Optimum
2731 3221 2907 3292 (Cant.
2941 3224 3018 3292 v),
3064 3221 3315 3292 quoniam
3359 3218 3497 3275 sicut
3529 3232 3672 3275 auro

2092 3315 2287 3370 nullius
2310 3321 2485 3384 potest
2532 3312 2733 3367 mctalli
2760 3311 3026 3380 coaequari
3066 3318 3276 3372 natura,
3328 3310 3403 3363 ita
3432 3304 3671 3364 creatori

2089 3406 2361 3468 omnium,
2416 3403 2509 3473 qui
2534 3411 2696 3471 caput
2739 3402 2927 3470 utique
2946 3397 3147 3455 Christi
3170 3408 3271 3462 est,
3315 3399 3461 3453 nulla
3488 3403 3673 3469 potest

2089 3489 2355 3565 eoasquari
2382 3491 2665 3549 creatura?
2699 3491 2775 3546 De
2796 3504 2906 3560 quo
2927 3490 3090 3545 etiam
3120 3489 3174 3542 in
3205 3489 3408 3543 cis-lem
3426 3487 3671 3542 Canticis

2090 3587 2422 3642 canticorum
2444 3584 2512 3638 ab
2526 3599 2718 3654 sponsa
2732 3582 2957 3637 dicitur:
2994 3581 3142 3636 Sicut
3166 3578 3363 3634 malum
3377 3579 3671 3648 interligat:

2089 3677 2372 3749 sylvarum,
2395 3677 2469 3730 sic
2488 3675 2707 3730 dilectus
2729 3684 2874 3728 meus
2897 3675 3032 3726 inter
3050 3672 3192 3742 ﬁlios
3228 3669 3404 3740 (Cant.
3425 3670 3509 3741 ιι),
3535 3682 3673 3739 quo-

2090 3767 2232 3823 niam
2260 3768 2399 3821 sicut
2424 3764 2621 3818 malum
2638 3764 2853 3819 cunfsit
2876 3761 3160 3831 pulchrum
3194 3769 3434 3829 aspectu,
3475 3760 3673 3813 odore-

2089 3872 2194 3929 que
2239 3855 2616 3911 suavissimum
2650 3853 2962 3923 prmeminet
2989 3850 3147 3921 lignis
3166 3851 3454 3921 sylvarum,
3482 3849 3556 3901 ita
3583 3850 3671 3903 ni-

2089 3950 2285 4005 mirum
2306 3948 2614 4015 redemptor
2633 3954 2836 4008 nOSter,
2864 3941 2956 4012 qui
2980 3950 3062 3995 est
3086 3939 3221 3996 odor
3247 3940 3371 3994 vitae
3394 3939 3448 3993 in
3473 3939 3667 4003 vitam,

2089 4050 2249 4109 quem
2280 4035 2520 4107 quotidie
2542 4034 2781 4089 Ecclesia
2806 4033 2858 4087 in
2888 4032 3053 4086 odore
3081 4029 3327 4098 sequitur
3361 4037 3671 4098 unguento-

2089 4142 2232 4193 rum,
2259 4124 2468 4183 cunctis
2499 4124 2812 4195 prmeminet
2831 4123 3060 4179 coetibus
3089 4127 3420 4182 sanctorum,
3460 4118 3551 4187 qui
3587 4118 3671 4172 td-

2090 4218 2238 4274 clrco
2284 4212 2520 4271 ﬁliorum
2566 4212 2785 4268 nomine
2820 4219 3129 4275 censentur,
3169 4210 3295 4279 quia
3329 4222 3435 4263 non
3467 4209 3669 4263 mundo

2090 4309 2176 4365 cui
2199 4306 2314 4362 nati
2341 4311 2486 4370 sunt,
2521 4303 2616 4359 sed
2645 4302 2862 4358 Christo
2891 4301 2977 4356 cui
2998 4299 3171 4355 renati
3201 4305 3347 4363 sunt,
3391 4296 3670 4352 adhaerere

2090 4404 2405 4454 uomuntur.
2455 4392 2512 4449 In
2537 4392 2857 4463 Apocalypsi
2879 4404 3092 4461 quoque
3122 4388 3550 4457 vigintiquatuor
3575 4403 3668 4442 se-

2087 4491 2268 4547 niores
2290 4489 2520 4544 coronas
2544 4499 2670 4541 suas
2692 4492 2819 4539 ante
2839 4483 3048 4552 Agnum
3079 4478 3374 4550 proiecisse
3391 4479 3664 4548 leguntur,

2087 4580 2212 4649 quia
2229 4574 2475 4632 videiicet
2487 4588 2676 4630 omnes
2688 4584 2994 4629 sanctorum
3016 4571 3245 4624 virtutes
3264 4576 3579 4635 cunctaeque
3598 4565 3668 4619 il-

2087 4670 2260 4726 lorum
2286 4664 2542 4730 victoriae,
2581 4664 2778 4735 quibus
2826 4662 2941 4731 ipso
2990 4660 3290 4730 opitulante
3327 4657 3665 4721 claruerunt,

2086 4760 2205 4831 ejus
2223 4757 2515 4813 virtutibus
2542 4763 2597 4810 et
2633 4753 2870 4808 victoria:
2895 4757 3217 4821 comparatae
3261 4749 3501 4802 minores
3542 4759 3668 4801 esse

2087 4858 2402 4913 cernuntur,
2439 4845 2694 4916 quoniam
2720 4851 2774 4898 et
2798 4841 3002 4896 rivulus
3044 4855 3075 4894 a
3106 4837 3329 4908 perenni
3352 4836 3500 4891 l‘onte
3524 4834 3666 4890 deri-

2089 4950 2246 4997 vatus
2271 4938 2448 4995 minor
2466 4953 2587 4993 esse
2606 4935 2919 5006 perhibetur
2944 4932 3118 4988 eidem
3134 4920 3268 4985 fonti
3299 4935 3661 4998 comparatus,

2090 5043 2146 5089 et
2171 5033 2294 5088 vilis
2314 5030 2596 5101 pampinus
2621 5028 2747 5082 vitis
2770 5026 3048 5080 vivacibus
3068 5022 3341 5078 radicibus
3371 5020 3457 5076 vel
3496 5019 3666 5074 etiam

2089 5120 2382 5179 fructiferis
2411 5118 2720 5189 palmitibus
2742 5116 2897 5170 vilior
2940 5113 3162 5170 omnino
3187 5111 3429 5167 creditur
3445 5123 3669 5179 compa-

2090 5224 2260 5269 ratus.
2321 5212 2471 5276 Esto,
2493 5210 2692 5264 factum
2712 5213 2815 5274 est,
2832 5215 2887 5261 et
2905 5207 3051 5263 credi
3072 5206 3261 5276 possit,
3285 5211 3345 5258 ut
3365 5203 3537 5259 virtus
3554 5199 3663 5255 Po«

2088 5304 2368 5360 lemonieic
2382 5300 2631 5371 imaginis
2653 5300 2722 5354 ab
2741 5298 2987 5355 adulterii
3003 5296 3207 5352 scelere
3216 5293 3664 5365 quemdameom-

2088 5402 2350 5466 pesceret,
2377 5407 2503 5447 num
2531 5392 2651 5446 ideo
2669 5404 2856 5446 omnes
2876 5389 3141 5457 imagines
3183 5385 3470 5441 adoranda
3500 5384 3663 5438 sunt?

2090 5482 2343 5552 Nunquid
2384 5482 2515 5551 quia
2542 5480 2781 5551 pecuniis
2805 5478 3094 5534 animantis
3145 5477 3325 5547 lingua
3378 5473 3531 5529 rudis
3560 5474 3665 5529 bu—

2093 5590 2281 5631 manas
2310 5573 2552 5643 loquelas
2588 5570 2918 5642 profundens
2961 5565 3117 5623 arioli
3138 5566 3419 5637 cujusdam
3446 5577 3644 5634 ρεηδα-
