4028 6180
394 261 523 317 “57

1166 250 1341 307 nam
1378 231 1717 307 amount.
1758 276 1829 288 -
1863 240 2084 301 earn.
2126 238 2215 295 ne
2247 238 2435 294 ιιιΑο.
2476 266 2547 280 .-
2580 237 2706 293 un.
2747 238 2831 294 ιιι.

3496 234 3635 298 uss

389 388 501 427 sam
525 368 898 431 intentionem,
923 371 1027 434 qua
1069 363 1409 419 benedictum
1452 360 1705 433 populum
1732 359 1952 414 malem.
1979 359 2030 418 Α
2056 349 2389 406 credulitatis
2425 350 2711 406 sanitatem
2747 366 2909 421 quam
2954 367 3053 408 nec
3078 350 3509 421 patriarcharum
3532 374 3638 415 nec

389 476 514 517 cere
563 458 854 520 nitebatur,
907 455 1254 525 compescuit,
1290 453 1667 524 angelicosque
1699 450 1966 507 terriﬁcos

392 551 532 606 ictus
562 547 873 604 irrationale
900 546 1098 600 animal
1121 544 1367 599 rationali
1398 545 1603 599 homini
1642 544 1818 599 vitare
1837 561 1965 600 con-

391 639 574 704 cessit,
606 639 731 693 ideo
775 637 1027 691 animalia
1065 644 1186 691 sunt
1239 635 1477 705 poenalia
1526 634 1831 691 adoranda?
1873 644 1967 691 aut

391 729 519 798 quia
567 727 829 782 atrocium
864 726 1099 779 ferarum
1128 725 1374 780 vulnifica
1423 720 1701 781 ferocitate
1740 726 1967 796 puerilis

392 823 549 876 turba
573 821 747 874 virum
776 818 871 874 Dei
920 818 1072 872 vanis
1102 816 1535 873 insultationibus
1572 818 1845 874 lacescens
1882 828 1968 875 est

395 916 681 981 prostrata,
722 908 844 963 ideo
876 914 960 962 est
989 922 1237 961 ursorum
1260 907 1436 961 rabies
1476 908 1782 962 adoranda?
1843 906 1967 963 Ple-

398 1012 623 1068 rumque
648 997 842 1051 etenim
867 997 1067 1051 casuali
1091 1005 1285 1050 eventu
1307 1010 1393 1051 res
1416 996 1809 1065 quodammodo
1830 997 1969 1053 acci—

393 1087 586 1147 dentes
634 1087 915 1142 noxiarum
961 1100 1139 1141 rerum
1190 1086 1642 1155 perpetrationem
1667 1087 1968 1157 quibusque

392 1186 707 1249 perpetrare
725 1176 1061 1246 cupientibus
1086 1175 1347 1240 inhibent,
1375 1176 1468 1230 sed
1492 1191 1595 1229 non
1611 1176 1731 1231 ideo
1751 1178 1967 1232 easdem

397 1283 485 1324 res
509 1282 606 1337 per
628 1282 762 1337 quas
797 1266 911 1320 inec
943 1265 1097 1329 ﬁunt,
1146 1265 1369 1319 adorare
1395 1266 1532 1319 ratio
1566 1267 1850 1335 permittit.
1909 1267 1968 1324 Si

397 1372 527 1428 ergo
546 1359 649 1412 hoc
676 1357 820 1426 quod
855 1357 920 1410 de
945 1355 1233 1409 Polemone
1256 1362 1309 1408 et
1354 1354 1586 1424 imagine
1622 1354 1736 1424 ejus
1763 1357 1966 1422 dicunt,

393 1447 550 1517 cujus
596 1448 921 1502 adminiculo
955 1460 1109 1499 suum
1135 1460 1374 1500 errorem
1409 1443 1595 1500 fulcire
1635 1448 1874 1517 cupiunt,
1914 1450 1969 1503 in

396 1542 626 1594 veritate
672 1546 880 1609 gestum
929 1545 1032 1601 est,
1085 1536 1204 1592 ideo
1228 1536 1489 1608 imagines
1526 1538 1809 1597 adoranda:
1862 1548 1969 1597 n’on

399 1638 545 1693 sunt,
584 1629 710 1695 quia
766 1628 1061 1681 secundum
1090 1624 1333 1694 exempla
1384 1639 1503 1695 quae
1548 1628 1785 1684 breviter
1832 1647 1972 1700 pm-

399 1715 663 1781 misi-inus,
702 1731 809 1769 non
829 1728 1018 1769 omnes
1043 1727 1130 1769 res
1157 1715 1351 1783 quibus
1378 1717 1620 1784 quaedam
1647 1719 1796 1773 utilia
1826 1737 1971 1776 mor-

399 1807 596 1863 talibus
648 1806 955 1862 inferuntur
994 1804 1279 1862 adorandae
1299 1815 1466 1874 sunt;
1518 1810 1563 1864 si
1596 1822 1725 1866 vero
1775 1811 1828 1866 in
1878 1829 1971 1868 ve-

397 1898 559 1953 ritate
586 1904 796 1968 gestum
819 1913 925 1953 non
962 1904 1065 1964 est,
1120 1907 1182 1952 ut
1207 1906 1263 1954 et
1280 1912 1383 1955 nos
1402 1900 1744 1968 arbitramur,
1774 1919 1872 1958 nec
1895 1904 1970 1959 illi

398 1986 557 2058 plene
601 1987 906 2043 rationabili
954 1988 1272 2046 auctoritate
1321 1991 1618 2060 proferunt,
1679 1993 1770 2067 qui
1812 1995 1971 2050 nullis

399 2077 504 2132 hoc
546 2077 601 2131 in
626 2077 851 2132 veritate
887 2087 1097 2147 gestum
1148 2081 1472 2137 authenticis
1505 2085 1801 2152 approbant
1828 2086 1972 2140 indi-

399 2166 517 2229 ciis,
552 2181 654 2222 nec
675 2165 795 2221 ideo
822 2166 1116 2222 vanissima
1145 2183 1305 2224 sensu
1328 2172 1623 2227 carentium
1667 2191 1846 2231 rerum
1888 2186 1971 2233 est

401 2253 645 2309 adoratio
678 2255 1013 2319 stabilienda,
1058 2257 1184 2326 quia
1206 2260 1500 2316 mendaciis
1538 2278 1639 2321 nec
1667 2266 1972 2324 mendacio-

403 2360 523 2399 rum
549 2344 811 2414 exemplis
849 2358 937 2402 res
961 2362 1082 2416 qum
1132 2349 1525 2406 rationabiliter
1570 2361 1624 2408 et
1665 2355 1719 2409 in
1745 2359 1971 2415 veritate

402 2434 520 2490 deri
545 2434 741 2499 debet,
774 2450 1036 2504 nusquam
1080 2436 1279 2508 legitur
1305 2453 1425 2495 esse
1467 2449 1686 2510 statuta,
1718 2448 1970 2516 quoniam

400 2525 542 2580 sicut
567 2526 767 2580 veritas
800 2541 1071 2596 nunquam
1098 2530 1393 2585 mendaciis
1433 2534 1684 2590 assentiri
1714 2537 1974 2608 dignosci-

400 2624 513 2681 tur,
534 2616 607 2670 ita
632 2615 887 2670 nimirum
930 2619 1207 2675 mendacia
1232 2620 1447 2675 veritati
1481 2637 1692 2693 semper
1711 2627 1971 2701 refragari

399 2707 695 2763 creduntur
724 2725 738 2761 :
768 2723 889 2778 quae
910 2710 1015 2764 duo
1040 2709 1113 2764 ita
1140 2710 1243 2765 sibi
1267 2725 1298 2767 e
1320 2712 1534 2769 diverso
1555 2717 1824 2773 venientia
1852 2735 1970 2775 cer-

401 2807 603 2854 nuntur
627 2799 842 2868 opponi,
874 2809 934 2853 ut
963 2799 1065 2855 sibi
1089 2808 1274 2856 mutuo
1320 2817 1533 2873 semper
1557 2808 1847 2862 credantur
1887 2824 1972 2865 re-

400 2888 521 2942 niti.
547 2888 700 2943 Sicut
723 2902 853 2958 ergo
878 2888 1016 2957 ignis
1038 2888 1278 2945 fomitem
1303 2907 1463 2948 nemo
1496 2903 1675 2962 potest
1708 2911 1969 2968 aquarum

401 2976 616 3032 lluemis
642 2977 866 3040 nutrire,
892 2977 975 3032 vel
1001 2993 1032 3033 e
1052 2981 1324 3036 contrario
1355 2996 1615 3051 aquarum
1642 2983 1837 3042 ﬂuenta
1876 3004 1971 3044 ne-

2062 440 2440 510 prophetarum
2462 440 2512 495 ei
2538 441 2849 509 praedicatio
2868 442 3115 510 quiverat
3130 442 3427 511 impertire,
3453 446 3635 504 Domi-

2063 531 2199 586 niue
2243 532 2411 587 vestis
2443 531 2711 587 ﬁmbriam
2743 532 3026 601 tangendo,
3065 531 3453 590 incarnationis
3490 537 3638 593 vide-

2063 624 2189 679 licet
2215 622 2332 694 ejus
2360 624 2674 694 mysterium
2699 624 2990 691 credendo,
3016 626 3255 694 percepit
3281 666 3301 690 ,
3336 635 3388 681 et
3418 644 3540 683 cum
3567 629 3633 685 ad

2064 715 2231 785 ipsius
2244 714 2455 770 Domini
2472 714 2903 785 praedicationem
2920 717 3009 771 vix
3026 714 3236 772 modica
3253 716 3633 788 discipulorum

2065 806 2222 860 turba
2257 805 2578 868 crediderit,
2618 806 2683 861 ad
2719 806 3158 874 praedicationem
3195 818 3374 865 tamen
3419 822 3632 882 aposto-

2064 895 2239 949 lorum
2274 901 2422 949 tanta
2457 894 2742 949 multitudo
2787 895 3069 952 celerrimo
3106 897 3228 953 ﬁdei
3268 900 3461 957 ardore
3506 918 3630 959 suc-

2064 1002 2226 1042 censa
2255 994 2358 1053 est,
2381 995 2442 1040 ut
2469 1002 2574 1040 una
2594 984 2681 1040 die
2711 987 2948 1056 quinque
2996 988 3160 1042 millia
3190 990 3464 1047 hominum
3485 1035 3498 1059 ,
3532 994 3630 1048 alia

2068 1076 2170 1130 tria
2196 1074 2487 1131 credidisse
2504 1075 2888 1145 perhibeantur
2915 1094 2928 1130 :
2960 1079 3103 1147 quod
3152 1087 3207 1134 et
3262 1081 3377 1149 ipsa
3426 1081 3634 1139 Veritas

2067 1163 2339 1235 discipulis
2357 1165 2609 1236 promisit
2638 1166 2825 1220 dicens
2850 1184 2863 1220 :
2907 1168 3009 1233 Qui
3037 1167 3200 1223 credit
3230 1172 3285 1224 in
3328 1188 3436 1237 me,
3479 1190 3634 1242 opera

2066 1273 2183 1327 quis
2203 1273 2294 1328 ego
2322 1258 2460 1327 facio
2489 1267 2538 1312 et
2566 1258 2673 1328 ipse
2698 1259 2875 1327 faciet,
2907 1268 2954 1313 et
3002 1262 3209 1331 majora
3247 1263 3434 1319 horum
3479 1268 3634 1336 faciet

2069 1347 2249 1419 (Joan.
2280 1347 2415 1417 xiv).
2452 1346 2604 1414 Quod
2638 1348 2856 1416 quidem
2891 1354 2945 1402 et
2976 1348 3029 1402 in
3077 1351 3337 1407 miraculo
3363 1354 3505 1422 quod
3541 1371 3634 1425 per

2070 1434 2286 1489 Petrum
2312 1452 2342 1489 a
2369 1436 2592 1491 Domino
2621 1445 2827 1506 gestum
2860 1447 2961 1503 est,
2989 1439 3207 1508 quidam
3237 1441 3460 1515 intelligi
3483 1461 3636 1514 posse

2067 1538 2288 1598 pu'ant,
2317 1531 2570 1599 quoniam
2617 1531 2739 1585 dum
2772 1530 3030 1587 Dominus
3071 1532 3299 1604 imperio
3333 1540 3480 1594 verbi
3526 1541 3637 1598 sive

2073 1625 2216 1671 tactu
2242 1618 2484 1673 inﬁrmos
2516 1619 2807 1682 sanaverit,
2834 1618 3029 1675 Petrus
3051 1624 3257 1678 umbrae
3286 1641 3396 1680 sua:
3430 1635 3636 1685 tantum

2002 1691 2278 1763 Battactu
2333 1709 2576 1763 inﬁrmos
2645 1710 2843 1781 legitur
2908 1726 3145 1768 sanasse.
3207 1715 3466 1773 Dominus
3512 1735 3636 1792 ergo

2073 1794 2140 1850 ad
2179 1796 2343 1850 tiliam
2380 1797 2788 1868 archisynagogi
2825 1801 3189 1856 suscitandam
3229 1818 3478 1874 pergens,
3516 1810 3636 1866 lim-

2070 1882 2205 1940 briaa
2240 1893 2442 1940 attactu
2469 1885 2722 1941 feminam
2752 1902 2781 1941 a
2812 1889 3073 1957 prolluvio
3099 1896 3376 1964 sanguinis
3412 1897 3635 1967 liberat,

2070 1971 2195 2039 quia
2217 1973 2467 2027 videlicet
2496 1975 2621 2029 dum
2658 1990 3006 2048 synagogam,
3031 1994 3149 2049 quze
3186 1985 3373 2052 utique
3413 1990 3636 2057 patriar-

2070 2061 2292 2115 charum
2318 2070 2373 2116 et
2400 2063 2780 2132 prophetarum
2816 2066 2879 2121 de
2915 2068 3079 2138 stirpe
3113 2069 3407 2139 descendit,
3441 2093 3633 2135 somno

2070 2148 2464 2205 incredulitatis
2495 2152 2851 2223 evigilandam
2877 2166 3126 2226 appetere
3151 2162 3338 2229 tendit,
3374 2167 3636 2234 gentilita-

2073 2247 2180 2292 tem
2203 2254 2232 2292 a
2257 2243 2559 2295 dmmonum
2586 2241 3003 2300 insolentissimo
3026 2247 3169 2302 cultu
3187 2265 3296 2305 suae
3320 2251 3439 2307 lidei
3457 2258 3633 2327 cogni-

2073 2328 2219 2384 tione
2245 2332 2474 2397 sanavit,
2507 2341 2561 2387 et
2582 2333 2780 2387 bonum
2798 2336 2939 2403 quod
2960 2336 3047 2390 illa
3070 2340 3307 2407 perfidia:
3338 2344 3488 2413 culpa
3509 2347 3636 2403 irre-

2070 2418 2168 2472 tita
2206 2421 2482 2490 percipere
2510 2423 2765 2493 neglexit,
2790 2425 2890 2480 ista
2913 2425 3033 2481 ﬁdei
3062 2430 3342 2487 devotione
3366 2437 3640 2506 percipere

2071 2509 2287 2563 meruit.
2318 2508 2401 2565 Ad
2421 2526 2744 2583 synagogam
2767 2528 2894 2585 ergo
2926 2516 3254 2573 liberandam
3285 2537 3343 2576 se
3384 2524 3640 2584 Dominus

2070 2601 2283 2656 venisse
2306 2609 2553 2671 testatur,
2592 2620 2715 2660 cum
2736 2617 2789 2661 et
2811 2621 2909 2677 per
2937 2612 3277 2679 pnesentiam
3308 2621 3641 2688 corporalem

2070 2690 2243 2746 dicit:
2275 2691 2398 2747 Non
2429 2710 2543 2748 sum
2578 2697 2768 2751 missus
2811 2700 2915 2753 nisi
2956 2700 3025 2754 ad
3063 2719 3177 2756 oves
3216 2721 3334 2772 qua:
3380 2710 3643 2776 perierant

2069 2781 2257 2837 domus
2281 2782 2454 2839 Israel
2476 2785 2690 2857 (Matth.
2751 2789 2875 2861 xv);
2923 2793 3037 2847 sive
3090 2810 3212 2849 cum
3261 2796 3553 2869 discipulos
3587 2803 3644 2860 in

2069 2875 2184 2929 vias
2209 2878 2447 2944 gentium
2471 2880 2641 2947 abire,
2677 2891 2732 2937 et
2783 2884 2839 2939 in
2880 2885 3130 2941 civitates
3180 2886 3642 2949 Samaritanorum

2070 2971 2285 3027 cohibet
2309 2973 2564 3042 introire;
2591 2984 2644 3031 et
2675 2980 2942 3047 quondam
2970 2980 3256 3051 allegorice
3276 2998 3374 3053 per
3403 2985 3644 3043 Salomo-

401 3082 490 3122 mo
512 3074 685 3137 ροιθει
718 3067 890 3137 igneis
917 3065 1195 3124 {omnibus
1222 3048 1454 3141 augeré,
1503 3071 1579 3127 ira
1616 3075 1780 3130 etiam
1808 3093 1969 3135 nemo
1995 3048 2041 3110 (ἶ
2073 3078 2197 3118 nem
2226 3065 2280 3119 in
2317 3064 2555 3122 Canticis
2598 3058 2931 3125 canticorum
2987 3072 3055 3126 ad
3080 3048 3409 3130 'lsraeli-tica:
3470 3081 3645 3149 gentis

401 3164 578 3226 potest
614 3158 918 3222 veritatem,
941 3168 1000 3213 ut
1023 3158 1100 3213 illi
1135 3158 1312 3216 facere
1339 3169 1624 3231 appetunt,
1673 3167 1970 3225 mendaciis

402 3248 773 3317 comprobare.
800 3247 1052 3302 Decussis
1066 3248 1230 3319 igitur
1248 3251 1486 3307 breviter
1502 3263 1557 3308 et
1580 3268 1646 3309 ex
1673 3264 1827 3326 parte
1845 3272 1972 3327 pro-

401 3338 545 3392 batis
568 3340 712 3406 quod
739 3346 950 3408 gestum
984 3339 1232 3408 imaginis
1259 3340 1583 3410 Polemonis,
1607 3346 1649 3399 si
1685 3355 1882 3412 tamen,
1913 3356 1971 3403 ut

403 3428 480 3483 illi
502 3426 630 3483 fassi
671 3437 816 3493 sunt,
850 3435 1056 3499 gestum
1085 3439 1190 3495 est,
1221 3439 1373 3502 gesto
1412 3432 1703 3490 Dominica':
1747 3436 1971 3494 ﬁmbrizu

402 3518 670 3587 eoatquari
697 3533 796 3574 nec
816 3518 975 3574 debet
993 3534 1094 3575 nec
1113 3521 1276 3586 valet,
1297 3521 1429 3585 sive,
1454 3522 1597 3590 quod
1616 3537 1836 3591 prorsus
1857 3538 1972 3578 am-

402 3607 622 3678 bigitur,
660 3617 840 3664 utrum
863 3617 1074 3679 gestum
1111 3610 1210 3674 sit,
1250 3610 1394 3679 quod
1438 3610 1512 3664 illi
1563 3622 1771 3677 gestum
1807 3612 1971 3668 fuisse

402 3698 607 3764 dicunt,
635 3714 703 3754 an
731 3715 856 3764 non,
883 3700 996 3756 sive
1017 3701 1161 3770 quod
1174 3700 1336 3755 etiam
1360 3700 1405 3755 si
1419 3708 1628 3770 gestum
1653 3700 1833 3768 fuerit,
1864 3714 1970 3758 neu

403 3789 607 3844 idcirco
632 3790 925 3859 imaginum
952 3789 1194 3843 adoratio
1219 3789 1395 3843 astrui
1417 3789 1636 3854 valebit,
1663 3804 1893 3846 necnon
1918 3803 1973 3848 et

403 3879 460 3934 id
483 3881 626 3949 quod
662 3878 958 3933 mendaciis
998 3874 1283 3946 approbari
1334 3892 1429 3933 seu
1465 3880 1722 3934 constitui
1773 3882 1973 3938 veritas

402 3982 657 4043 nequeat,
685 3986 832 4026 nunc
865 3985 1044 4040 operae
1071 3970 1306 4039 pretium
1346 3978 1450 4037 est,
1488 3978 1546 4027 ut
1582 3972 1711 4042 quid
1760 3972 1971 4029 limbi-ia

403 4062 697 4118 Dominica:
743 4060 927 4124 vestis,
968 4073 1131 4128 quam
1174 4060 1249 4113 illi
1284 4061 1503 4131 imagini
1537 4060 1841 4120 Polemonis
1882 4076 1975 4121 co-

401 4167 617 4223 aequare
628 4167 730 4208 con
736 4151 975 4217 tendunt,
994 4151 1183 4222 typicis
1194 4150 1427 4206 innuerit
1439 4153 1618 4208 arcani
1626 4167 1758 4223 sque
1771 4162 1973 4224 myste-

403 4244 519 4307 riis,
552 4242 788 4299 breviter
826 4255 1205 4311 exsequamur.
1255 4241 1493 4298 Fimbria
1531 4259 1760 4313 namque
1794 4243 1974 4300 Domi-

403 4335 538 4389 nica:
561 4333 728 4388 vestis
755 4333 891 4388 lides
909 4339 994 4388 est
1013 4333 1418 4395 incarnationis,
1441 4332 1594 4402 cujus
1614 4342 1816 4388 attactu
1841 4349 1971 4405 gen-

389 4414 570 4479 ‘tilitas
579 4424 953 4494 aegritudinem
964 4423 1150 4477 amisit
1161 4422 1508 4491 idololatrica:
1520 4423 1797 4480 fteditatis.
1819 4425 1970 4479 Sicut

401 4517 543 4570 enim
571 4515 783 4570 ﬁmbria
810 4515 878 4569 ad
907 4514 1364 4584 comparationem
1392 4514 1636 4590 corporis
1672 4514 1785 4569 sive
1807 4515 1970 4570 totius

401 4605 698 4660 indumenti
727 4618 853 4675 pars
878 4606 1097 4659 minima
1143 4613 1246 4670 est,
1276 4605 1351 4659 ita
1378 4605 1629 4659 nimirum
1669 4605 1969 4661 incarnatio

399 4696 755 4768 redemptoris
783 4696 981 4751 divinae
1034 4704 1091 4750 et
1141 4695 1400 4750 ineﬂ'abili
1427 4696 1758 4766 generationl
1806 4710 1909 4765 qua
1937 4712 1966 4750 a

401 4787 557 4841 Patre
593 4793 720 4842 ante
749 4785 944 4841 secula
980 4785 1194 4857 genitus
1239 4792 1340 4849 est,
1393 4793 1720 4853 comparata,
1748 4786 1967 4838 minima

399 4891 517 4931 esse
546 4877 758 4930 videtur
782 4891 798 4928 :
827 4875 894 4929 de
917 4889 1023 4942 qua
1045 4873 1389 4942 generatione
1416 4887 1515 4941 per
1535 4873 1726 4928 lsaiam
1751 4875 1967 4940 dicitur,

398 4964 793 5019 (ἐθηετωὶοΜ
815 4962 931 5032 ejus
951 4962 1069 5031 quis
1093 4961 1357 5015 enarrabit
1381 4959 1517 5025 (lea.
1549 4960 1706 5033 Lm)?
1727 4962 1818 5017 ubi
1844 4965 1971 5018 sul»

396 5052 635 5115 auditur,
675 5050 872 5106 nullus.
907 5050 1208 5105 Humanam
1235 5057 1413 5104 autem
1436 5049 1551 5118 ejus
1571 5052 1969 5121 generationem

399 5140 473 5197 ita
492 5140 820 5210 evangelista
840 5148 1079 5206 enarrat,
1094 5139 1248 5194 Liber
1258 5143 1607 5211 generationis
1628 5142 1754 5196 Jesu
1777 5143 1971 5197 Christi

398 5231 498 5302 ﬁlii
522 5230 692 5286 David
722 5228 940 5302 (Matth.
964 5231 1027 5303 ι).
1058 5230 1249 5286 Mulier
1284 5245 1414 5302 ergo
1453 5240 1574 5300 post
1598 5239 1808 5302 tergum
1852 5232 1971 5287 tim-

399 5325 570 5382 briam
608 5322 900 5378 Dominiea
943 5322 1110 5378 vestis
1141 5322 1412 5393 attingens
1467 5330 1775 5391 exoptatam
1821 5321 1969 5376 sani-

399 5425 583 5482 tatem,
604 5414 1111 5485 quammedicorum
1137 5412 1398 5468 industria
1425 5412 1581 5482 longa
1610 5426 1708 5482 per
1728 5420 1968 5480 tempora

399 5516 707 5579 negaverat,
739 5506 964 5577 recepit,
994 5506 1123 5576 quia
1152 5513 1274 5575 post
1297 5504 1605 5575 passionem
1639 5514 1696 5558 et
1728 5516 1971 5558 resurre-

399 5598 630 5655 ctionem
645 5598 759 5654 sive
778 5598 835 5653 in
857 5597 1057 5653 emtum
1080 5594 1447 5650 ascensionem
1466 5593 1674 5648 Domini
1691 5593 1970 5667 gentilitas

2071 3152 2285 3208 hortum
2325 3170 2384 3210 se
2424 3156 2805 3213 descensurum
2834 3161 3100 3229 promittit
3127 3163 3353 3219 dicens:
3390 3165 3645 3223 Descemli

2070 3242 2142 3295 ad
2149 3243 2358 3298 hortum
2385 3260 2573 3300 nucum
2590 3246 2647 3301 ut
2672 3249 2897 3303 viderem
2914 3266 3070 3320 poma
3081 3251 3330 3307 convallis
3345 3253 3520 3326 (Cant.
3540 3258 3641 3330 vi);

2070 3332 2194 3402 quia
2220 3333 2428 3389 scilicet
2455 3336 2581 3391 dum
2605 3337 2671 3392 ad
2699 3336 2908 3394 Iudaici
2952 3342 3133 3411 populi
3180 3341 3397 3397 hortum
3437 3344 3491 3399 in
3536 3362 3644 3416 quo

2069 3430 2186 3476 erat
2216 3422 2299 3476 lex
2326 3424 2379 3477 in
2403 3425 2603 3480 cortice
2630 3429 2871 3496 pandens
2895 3430 3215 3484 acerrimam
3248 3433 3640 3499 austeritatem,

2071 3513 2125 3566 in
2157 3514 2347 3569 nucleo
2376 3517 2655 3572 occultans
2687 3519 3158 3587 incomparabilem
3184 3523 3525 3590 suavitatem,
3549 3541 3649 3595 per

2071 3602 2251 3658 carnis
2291 3607 2687 3677 susceptionem
2721 3608 3031 3674 descendit,
3067 3610 3335 3680 gentilicze
3388 3615 3647 3670 convallis

2071 3693 2277 3761 abiecta
2298 3707 2461 3765 opera
2508 3697 2716 3763 invisit,
2747 3713 2975 3768 eamque
3028 3699 3133 3756 sibi
3169 3701 3291 3757 ﬁdei
3336 3703 3648 3775 integritate

2071 3784 2283 3839 ascivit.
2319 3782 2488 3841 Porro
2509 3789 2652 3857 quod
2681 3801 2869 3845 sanata
2911 3790 2963 3845 in
2992 3788 3185 3847 itinere
3212 3791 3411 3848 femina
3437 3796 3503 3850 ad
3552 3797 3647 3853 do-

2071 3890 2218 3929 mum
2241 3876 2645 3948 arehisynagogi
2675 3895 2703 3933 a
2736 3881 2963 3936 Domino
3003 3884 3244 3950 venitur,
3272 3883 3494 3955 ejusque
3537 3888 3645 3943 lilia

2072 3964 2267 4021 mortis
2298 3965 2526 4021 vinculis
2552 3968 2822 4024 destitutis
2840 3971 3151 4037 suscitatur,
3176 3989 3444 4046 synagoga
3473 3994 3643 4047 quan-

2072 4054 2247 4122 doque
2271 4069 2518 4110 somnum
2542 4072 2655 4112 sna:
2678 4056 2979 4114 dillidcntize
3003 4061 3331 4129 discussum,
3357 4073 3413 4119 et
3433 4065 3649 4123 Christo

2072 4156 2171 4212 per
2197 4143 2355 4199 fidem
2379 4154 2772 4212 resurrectura,
2799 4157 2854 4202 et
2877 4148 2926 4203 ei
2949 4152 3210 4220 perpetim
3260 4154 3469 4210 victura
3496 4173 3649 4213 mon-

2074 4241 2311 4301 stratur,
2364 4236 2794 4306 quandoquidem
2833 4254 2955 4295 mox
3012 4250 3065 4297 ut
3101 4243 3370 4315 plenitudo
3391 4250 3646 4319 gentium,

2074 4327 2368 4381 secundum
2398 4327 2735 4397 Apostolnm,
2766 4331 3135 4389 sul-intraverit
3164 4336 3343 4409 (Rom.
3375 4340 3450 4411 χ),
3483 4341 3647 4398 οςηοί-

2001 4393 2046 4450 ”
2074 4425 2238 4472 tatem
2267 4433 2387 4487 qum
2423 4393 2473 4473 ei
2498 4433 2562 4473 ex
2591 4393 2746 4488 parte
2769 4421 2821 4477 in
2853 4438 2959 4478 non
2983 4393 3248 4482 credendo
3294 4428 3348 4483 in
3385 4393 3650 4487 mediato-

2071 4524 2188 4563 rem
2231 4510 2324 4564 Dei
2355 4519 2408 4563 et
2438 4508 2714 4567 hominum
2745 4515 2989 4586 contigit,
3024 4532 3055 4570 a
3085 4531 3144 4572 se
3179 4518 3517 4576 discutiendo
3538 4562 3552 4585 ,
3593 4531 3650 4578 et

2073 4602 2126 4655 in
2153 4615 2275 4655 eum
2304 4602 2572 4658 credendo
2592 4603 2685 4674 qui
2712 4604 2813 4660 sibi
2835 4619 2934 4675 per
2955 4605 3293 4675 patriarchas
3322 4617 3378 4664 et
3404 4612 3643 4681 prophe-

2071 4698 2155 4746 tas
2185 4706 2463 4748 sacrorum
2483 4694 2826 4750 oraculorum
2852 4697 3104 4753 tonitruis
3126 4697 3255 4752 olim
3300 4702 3650 4758 annuntiatus

2069 4791 2174 4846 est,
2213 4787 2439 4840 credens
2460 4826 2475 4853 ,
2516 4785 2596 4841 sic
2634 4787 2809 4841 omnis
2838 4785 3002 4842 lsrael
3024 4787 3201 4843 salvus
3229 4791 3354 4844 erit.
3387 4791 3522 4846 Cum
3552 4793 3649 4862 igi-

2072 4880 2160 4926 tur
2182 4874 2266 4928 bis
2288 4882 2341 4929 et
2359 4874 2442 4929 his
2469 4876 2735 4931 similibus
2777 4877 3052 4947 mysteriis
3095 4890 3215 4947 quze
3256 4878 3311 4932 in
3357 4880 3648 4939 Dominica:

2071 4963 2297 5020 ﬁmbriae
2363 4974 2513 5036 gesto
2578 4966 2906 5031 innuuntur,
2942 4966 3247 5024 Polemonis
3283 4969 3458 5041 imago
3498 4974 3639 5042 peni-

2069 5063 2156 5110 tus
2192 5068 2414 5123 careat,
2456 5072 2565 5114 non
2608 5071 2674 5113 eo
2720 5059 2881 5114 modo
2930 5069 2991 5115 ut
3036 5058 3301 5118 Dominici
3349 5064 3646 5120 indumenti

2072 5145 2280 5200 limbra
2331 5148 2574 5203 habenda
2633 5154 2754 5215 est,
2816 5162 2919 5205 nec
2981 5150 3141 5206 debet
3188 5151 3239 5206 ei
3283 5152 3551 5222 coxequari
3594 5153 3646 5208 in

2072 5235 2310 5300 honore,
2372 5250 2491 5306 qua:
2551 5237 2753 5309 aequari
2813 5238 3004 5309 nequit
3046 5238 3100 5295 in
3139 5246 3222 5295 tot
3268 5243 3647 5313 mysteriorum

2071 5325 2299 5399 fulgore.

2647 5423 2877 5481 CAPUT
2917 5423 3079 5480 XXII.

2074 5517 2231 5599 Quod
2255 5517 2466 5599 judice;
2498 5519 2588 5590 qui
2626 5519 2684 5573 in
2714 5518 2943 5599 prmfata
2977 5516 3176 5599 synodo
3213 5517 3461 5599 fuerunt,
3499 5521 3647 5577 imo-

2142 5589 2306 5645 lcnler
2343 5601 2392 5644 et
2429 5590 2716 5660 incongrue
2752 5598 2917 5642 artem
2964 5589 3239 5660 pictorium
3278 5589 3523 5647 extollere
3560 5608 3651 5646 co-
