4028 6180
539 232 673 286 11ἶὶ9

601 340 711 392 nati
749 347 867 391 sunt
891 378 906 401 ,
943 339 1168 391 dicentes
1209 354 1225 390 .'
1267 337 1358 390 Pia
1397 338 1540 390 enim
1573 347 1655 391 est
1695 355 1786 392 ars
1842 339 2100 406 pictoris,
2133 345 2179 400 Α

599 419 654 462 et
682 424 790 462 non
815 417 958 462 recte
983 422 1101 461 eam
1154 407 1368 475 qui-lam
1430 407 1746 475 insipienter
1783 407 2100 470 detrahunt,

601 479 714 546 ipse
732 479 914 602 dgnim
976 478 1136 531 Pater
1191 477 1448 544 pictorem
1504 478 1589 544 pie
1647 486 1895 545 agentem
1953 493 2107 530 com-

605 564 726 602 tnen
802 557 841 600 t.

605 564 841 602 ιηθηωιι.

603 705 658 756 Si
695 702 949 772 pestilens
971 703 1164 756 humor
1201 715 1379 754 arcem
1411 699 1672 768 corporis,
1723 699 1774 752 id
1806 709 1906 762 est,
1944 709 2109 768 caput

557 826 564 844 ί
595 793 823 856 sederit,
880 791 1033 846 facile
1061 791 1128 844 ad
1163 798 1355 844 caetera
1415 790 1651 841 rncmbra
1693 786 2104 853 trai'isfuuditur,

557 901 632 938 me
663 883 965 936 mirandum
999 887 1082 935 est
1115 880 1157 933 si
1185 880 1248 933 ad
1276 880 1470 947 pedum
1529 879 1634 931 ima
1689 878 1988 932 transfusus
2016 894 2110 933 eos

567 976 880 1032 ehementer
904 970 1077 1033 laedat,
1121 970 1166 1023 si
1196 985 1318 1023 eum
1347 968 1458 1036 jam
1486 978 1666 1038 caput,
1695 970 1838 1039 quod
1861 971 2108 1024 omnibus

536 1069 788 1123 membris
812 1066 1145 1136 przneminet,
1170 1065 1373 1119 lmsisse
1406 1073 1635 1119 constet.
1683 1065 1912 1118 Vesania
1946 1063 2111 1133 igitur

533 1159 923 1213 aiorandarum
958 1156 1252 1224 imaginum
1279 1171 1396 1224 quae
1420 1155 1762 1210 Constantini
1797 1164 1851 1208 et
1881 1154 2111 1209 llaeleum

534 1261 712 1301 nta‘J‘t-
739 1248 877 1315 ejus,
923 1247 1036 1300 sive
1064 1247 1229 1300 etiam
1259 1247 1502 1300 Tliarasii
1531 1245 2111 1315 Constantinopolitani

532 1338 762 1407 episcopi
790 1345 1217 1404 ceterorumque
1249 1336 1459 1389 illarum
1493 1337 1726 1404 partium
1771 1337 2114 1390 sacerdotum

535 1436 767 1482 mentem
803 1426 1038 1493 irrepsit,
1066 1441 1172 1478 non
1207 1433 1290 1478 est
1312 1425 1601 1493 plurimum
1629 1424 2111 1493 maguipendenda,

537 1518 582 1571 si
611 1519 677 1569 ad
697 1514 938 1581 judieum
969 1514 1080 1566 sive
1111 1513 1347 1582 plebium
1375 1529 1548 1582 usque
1579 1521 1786 1567 mentes
1816 1513 2113 1581 subripien—

536 1608 631 1659 das
659 1604 955 1667 descendit,
993 1604 1244 1671 quoniam
1291 1611 1350 1656 ut
1389 1603 1654 1671 superiori
1686 1602 1930 1671 exemplo
1962 1618 2114 1656 mon-

1398 230 1454 282 Β.
1497 228 1749 284 CAROLI
1793 229 2002 285 MAGNI
2044 229 2194 284 OPP.

2235 231 2413 286 PARS
2451 231 2512 285 ll.
2559 233 2799 288 SECTIO
2834 235 2896 289 ιι.
3635 243 3747 300 “60

2207 339 2540 408 professione
2578 351 2723 396 tanta
2765 353 2847 398 est
2881 343 3396 414 nequitiajudicum,
3439 363 3629 420 quanta
3651 372 3748 425 per-

2209 431 2436 485 versitas
2459 433 2820 496 sacerdotum,
2855 435 2946 489 sed
2978 435 3028 488 in
3054 435 3170 489 istis
3189 436 3603 505 deprehenditur
3623 444 3753 512 igna-

2208 525 2311 587 via,
2340 525 2392 578 in
2418 526 2524 580 illis
2552 527 2741 597 ingens
2766 529 3028 582 redundat
3053 528 3290 592 insania,
3319 533 3614 598 praesertim
3651 553 3754 590 cum

2211 617 2283 670 illi
2311 633 2369 671 se
2409 618 2672 689 imagines
2701 620 3041 683 adoraturos,
3095 625 3278 692 eisque
3320 625 3597 679 servitium
3634 634 3756 697 quo]

2211 716 2412 762 sancta:
2441 708 2694 763 Trinitati
2727 710 2970 774 debetur,
3012 714 3348 768 exhibiturt-s
3393 713 3756 784 proﬁteantur;

2211 795 2300 849 isti
2322 796 2590 865 pictorum
2612 807 2784 852 artem
2809 799 2951 867 piam
2979 817 3119 865 esse,
3143 811 3198 856 et
3219 819 3323 856 non
3347 805 3541 858 debere
3563 808 3757 861 subsan-

2213 887 2364 950 nari,
2395 896 2448 940 et
2468 888 2730 955 pictorem
2770 889 2857 957 pie
2888 899 3134 960 agentem
3168 909 3197 945 a
3233 892 3395 947 Patre
3426 897 3758 950 connueudari

2211 976 2440 1046 profeSsi
2492 980 2599 1032 sint
2639 979 2876 1034 dicentes
2903 995 2917 1034 :
2949 981 3050 1034 Pia
3080 983 3217 1036 enim
3255 995 3330 1036 est
3382 1003 3466 1038 ars
3493 988 3691 1055 pictoris
3719 1003 3758 1042 et

2214 1081 2319 1119 non
2341 1076 2474 1120 recte
2495 1085 2608 1120 eam
2629 1069 2844 1138 quidam
2864 1070 3168 1138 insipienter
3191 1073 3494 1138 detraheret,
3523 1077 3622 1144 ipse
3644 1079 3758 1130 enim

2216 1151 2378 1207 Pater
2399 1157 2649 1226 pictorem
2692 1159 2774 1226 pie
2821 1169 3056 1228 agentem
3103 1163 3452 1216 commendat.
3486 1164 3542 1217 lu
3594 1167 3759 1232 quibus

2214 1250 2568 1312 utrorumque
2628 1245 3052 1314 professionibus
3119 1248 3400 1303 evidenter
3462 1253 3757 1316 ostenditur,

2215 1341 2368 1389 tanto
2408 1338 2717 1390 sacerdotes
2754 1339 3158 1406 prznemiuuisse
3185 1338 3460 1406 judicibus
3503 1343 3553 1396 in
3583 1360 3758 1407 errone,

2215 1434 2416 1493 quanto
2435 1426 2688 1490 nimirum
2705 1428 3055 1496 pneeminent
3079 1444 3174 1497 per
3187 1431 3388 1500 gradus
3408 1434 3762 1488 sublimitatem

2219 1515 2271 1568 in
2298 1516 2523 1580 honore,
2565 1532 2666 1571 nec
2686 1517 2954 1584 eumquari
2978 1518 3218 1586 potuisse
3262 1519 3431 1574 laicos
3477 1523 3762 1589 prmsulibus

2218 1601 2272 1656 in
2293 1604 2524 1658 absurda
2548 1603 2901 1671 professione,
2927 1607 3018 1674 qui
3045 1621 3150 1660 non
3189 1609 3462 1676 comquari
3488 1621 3690 1678 possunt
3719 1612 3761 1663 in

535 1705 762 1751 stratum
792 1705 896 1758 est,
925 1711 1048 1749 cum
1071 1704 1229 1764 caput
1254 1694 1536 1747 insolentia
1567 1693 1842 1761 cujusdam
1875 1695 1951 1747 rei
1976 1694 2120 1747 inva—
2151 1689 2194 1747 Β
2221 1695 2572 1750 sacerdotalis
2601 1697 2869 1751 cathedra:
2898 1699 3168 1765 sessione;
3224 1701 3319 1754 sed
3352 1703 3482 1756 dum
3513 1704 3564 1757 in
3600 1712 3762 1759 neutra

535 1789 696 1851 ditur,
730 1787 884 1840 facile
912 1794 1105 1838 caetera
1135 1785 1492 1850 invaduntur,
1538 1801 1656 1854 qua:
1701 1786 1861 1854 capiti
1893 1786 2113 1839 subesse

537 1889 926 1934 monstrantur.
959 1877 1124 1932 Omne
1160 1888 1311 1947 caput
1343 1877 1684 1947 languidum,
1713 1879 1788 1931 ait
1817 1877 2108 1945 Propheta,

535 1983 579 2026 et
614 1988 762 2025 omne
785 1987 875 2023 cor
901 1986 1140 2033 mwrens,
1167 1988 1196 2021 a
1219 1968 1398 2038 planta
1424 1969 1569 2038 pedis
1597 1987 1754 2039 usque
1782 1969 1851 2022 ad
1873 1972 2112 2024 verticem

534 2077 637 2113 non
675 2069 749 2112 est
785 2061 837 2112 in
871 2060 944 2112 eis
983 2059 1182 2112 sanitas
1233 2057 1368 2122 (Isa.
1411 2057 1468 2126 ι),
1533 2059 1658 2126 quia
1689 2058 1937 2112 videlicet
1983 2057 2111 2112 dum

535 2166 560 2202 a
607 2150 823 2218 regibus
849 2157 902 2202 et
925 2164 954 2200 a
984 2147 1356 2202 sacerdotibus
1378 2187 1391 2209 ,
1436 2163 1524 2216 qui
1557 2146 1832 2216 exemplar
1866 2146 2004 2201 bene
2031 2146 2113 2199 vi-

536 2241 691 2293 vendi
720 2237 978 2306 subjectis
1007 2238 1251 2308 plebibus
1281 2253 1402 2291 esse
1445 2237 1658 2300 debent,
1705 2245 1851 2291 recte
1899 2237 2111 2292 vivendi

540 2339 787 2398 recteque
814 2329 1004 2398 agendi
1034 2328 1267 2382 studium
1293 2327 1744 2396 praetermittitur,
1790 2329 1856 2382 de
1891 2327 2112 2381 interna

537 2430 765 2476 san.tate
797 2419 1162 2488 subjectarum
1183 2419 1418 2490 plebium
1463 2419 1857 2487 quodammodo
1899 2419 2112 2474 dubita-

537 2525 641 2566 tur.
670 2513 802 2566 Cum
829 2527 959 2581 ergo
990 2511 1044 2563 in
1073 2509 1260 2564 eadem
1293 2510 1494 2580 synodo
1521 2518 1597 2564 tot
1619 2510 1956 2564 sacerdotum
1995 2509 2112 2564 fue-

538 2609 645 2658 rint
665 2606 854 2659 obsita:
876 2612 1084 2658 mentes
1109 2604 1416 2667 erroribus,
1448 2604 1716 2672 quomodo
1763 2618 1868 2656 non
1896 2610 2110 2672 poterat

538 2713 692 2750 error
707 2695 848 2764 ,Ῑυαὶι
866 2712 952 2749 um
978 2697 1240 2750 inhaerere
1265 2696 1567 2750 mentibus?
1583 2695 1690 2749 Aut
1707 2697 1827 2764 quis
1842 2696 1910 2750 ab
1923 2711 2111 2749 errore

538 2790 753 2842 reducat
783 2804 926 2850 oves,
971 2787 1015 2841 si
1041 2787 1254 2841 errandi
1294 2788 1546 2841 ducatum
1575 2795 1790 2841 teneant
1821 2787 2110 2857 pastores?

535 2881 856 2935 Sacerdotes
880 2880 1081 2932 etenim
1125 2879 1217 2947 qui
1253 2878 1304 2932 in
1349 2895 1587 2932 errorem
1629 2877 1869 2932 subditas
1925 2877 2110 2947 plebes

537 2973 788 3025 inducere
813 2977 1125 3032 noscuntur,
1156 2968 1351 3021 talibus
1371 2967 1769 3036 pchcrciniam
1796 2967 2108 3037 prophetam

539 3061 992 3129 increpationibus
1024 3068 1321 3127 arguuntur
1354 3076 1365 3110 ;
1395 3058 1677 3126 Propterea
1703 3059 1814 3112 lucc
1856 3059 1978 3112 dicit
2003 3058 2110 3112 Do-

556 3154 706 3204 ninus
747 3153 812 3203 ad
849 3161 1082 3221 pastores
1108 3151 1197 3220 qui
1245 3159 1423 3220 regunt
1457 3147 1708 3218 populum
1754 3165 1944 3202 meum.
2011 3148 2112 3204 l'os

538 3241 850 3308 iltsnersistis
874 3257 987 3292 oves
1014 3256 1154 3292 meas
1177 3280 1190 3303 ,
1235 3250 1279 3292 et
1313 3239 1584 3310 expulistis
1606 3255 1712 3304 cas,
1740 3249 1786 3291 et
1811 3255 1915 3291 non
1939 3240 2116 3291 visita-

538 3335 630 3383 stis
657 3348 743 3382 eus
766 3331 981 3399 (Jerem.
1016 3330 1174 3398 χχιιι)
1204 3347 1214 3393 ;
1261 3331 1348 3383 ubi
1390 3330 1635 3398 protinus
1659 3336 1858 3398 quanta
1886 3329 1954 3382 sit
1984 3345 2113 3383 cura

543 3424 634 3476 Dei
687 3439 814 3491 erga
845 3422 1121 3492 populum,
1147 3423 1447 3491 qualiterve
1496 3422 1690 3476 amotis
1721 3422 2116 3492 negligentibus

540 3514 892 3567 studiosiores
939 3513 1136 3580 populo
1191 3514 1282 3567 Dei
1323 3515 1517 3568 dentur
1571 3524 1831 3574 rectores,
1871 3515 2116 3583 protinus

539 3604 871 3658 subinfertur
897 3621 910 3660 :
937 3604 1071 3657 Ecce
1093 3620 1184 3673 ego
1219 3605 1422 3657 vindico
1448 3607 1502 3658 in
1532 3621 1616 3658 vos
1641 3605 1927 3660 secundum
1974 3607 2115 3661 mala

539 3695 714 3748 studia
740 3703 934 3759 vestra,
990 3705 1036 3748 et
1072 3697 1332 3748 suscitabo
1377 3694 1481 3748 illis
1517 3706 1748 3765 pastores
1781 3698 1870 3766 qui
1900 3708 2116 3766 pascunt

539 3801 656 3848 eus,
696 3792 742 3836 et
773 3783 909 3837 ultra
955 3801 1060 3838 non
1096 3785 1344 3837 timebunt
1394 3802 1553 3854 neque
1602 3785 1950 3850 terrebantur,
1990 3787 2116 3839 dicit

545 3873 797 3927 Dominus
829 3873 1042 3944 (Ibid).
1077 3872 1132 3926 In
1171 3873 1419 3928 Ezechiel
1457 3890 1670 3943 quoque
1729 3877 1994 3945 propheta
2049 3875 2115 3929 de

544 3969 758 4028 latinus,
795 3966 934 4034 quod
959 3964 1172 4034 quidem
1200 3983 1303 4020 non
1347 3967 1462 4019 sine
1492 3967 1693 4037 ingenti
1715 3967 1878 4021 animi
1917 3983 2116 4036 angore

541 4076 665 4124 pros
703 4060 932 4125 quimur,
959 4059 1049 4125 qui
1085 4057 1365 4126 stipendiis
1390 4058 1772 4114 ecclesiasticis
1793 4068 2038 4123 utuntur,
2064 4066 2118 4112 et

541 4169 601 4203 es.
646 4152 797 4217 inpiis
826 4149 1067 4201 erroneis
1099 4156 1153 4201 et
1199 4148 1426 4200 incautis
1470 4150 1723 4216 pupulum
1777 4150 1831 4202 in
1874 4165 2115 4204 errorem

544 4246 794 4294 iniecere
822 4240 1134 4302 creduntur,
1161 4238 1300 4292 sicut
1324 4238 1378 4290 hi
1403 4237 1591 4293 fecisse
1626 4240 1998 4309 perhibentur,
2023 4240 2115 4307 qui

545 4353 592 4385 ,ιι
626 4350 814 4386 vanam
845 4332 1137 4402 imaginum
1164 4331 1533 4384 adorationem
1574 4338 1910 4391 exarserunt,
1936 4339 1990 4383 et.
2016 4347 2114 4397 po-

540 4439 726 4490 pmum
781 4438 859 4474 su.
883 4423 1052 4474 ditum
1078 4421 1283 4490 prazlati
1331 4421 1432 4474 sibi
1465 4421 1519 4473 in
1546 4435 1727 4474 errore
1765 4422 2113 4490 professionis

543 4515 903 4575 sociaverunt,
934 4511 1004 4563 ita
1042 4512 1298 4564 scrilitur
1331 4529 1343 4563 :
1377 4509 1444 4563 Et
1481 4510 1620 4573 ideo,
1648 4520 1905 4580 pastores,
1943 4513 2120 4566 audite

545 4605 750 4656 verbum
775 4604 987 4656 Domini
1011 4620 1027 4656 :
1055 4603 1185 4657 Oves
1226 4621 1367 4656 meas
1391 4603 1672 4667 decoratis,
1700 4613 1746 4656 et
1775 4605 1912 4658 lanis
1936 4621 2119 4658 eorum

546 4712 627 4747 ros
659 4696 953 4763 rooperitis,
981 4704 1026 4747 et
1055 4694 1192 4763 quod
1230 4711 1464 4747 crassum
1491 4704 1566 4748 est
1597 4695 1879 4764 jugulatls,
1928 4706 1974 4750 et
2003 4712 2118 4748 oves

544 4802 683 4838 meas
700 4786 1046 4853 dispersistis;
1074 4785 1212 4855 quod
1233 4786 1498 4854 inﬁrmum
1513 4795 1621 4837 erat
1643 4801 1744 4838 non
1761 4786 2114 4855 confortastis,

541 4888 587 4930 et
621 4875 760 4946 quod
789 4877 923 4930 male
946 4877 1166 4929 habebat
1210 4893 1311 4930 non
1351 4877 1594 4937 curaszis,
1620 4885 1665 4928 et
1693 4877 1972 4930 contritum
2014 4894 2116 4930 non

541 4968 817 5040 alligastis,
871 4979 917 5021 et
946 4969 1085 5039 quod
1112 4968 1317 5021 errabat
1366 4985 1468 5021 non
1510 4968 1834 5022 convenistis
1853 5008 1866 5032 ,
1899 4977 1946 5022 et
1975 4969 2115 5038 quod

539 5061 766 5130 perierat
802 5076 904 5112 non
939 5060 1244 5129 requisistis,
1271 5055 1323 5112 et
1355 5059 1542 5128 fortem
1572 5060 1896 5129 oppressistis
1918 5058 2111 5120 labore,

541 5162 588 5205 et
613 5151 861 5222 dispersa:
887 5160 1006 5203 sunt
1032 5167 1147 5203 ores
1175 5165 1321 5213 ntere,
1350 5165 1408 5202 eo
1430 5148 1570 5219 quod
1595 5165 1697 5202 non
1719 5149 1821 5202 sint
1849 5158 2111 5218 pastores,

543 5255 586 5296 et
616 5243 771 5312 factm
799 5252 918 5296 sunt
954 5243 1008 5295 in
1032 5241 1418 5294 devoralionem
1446 5238 1682 5292 omnibus
1708 5239 1882 5291 bestiis
1904 5240 2040 5308 agri,
2065 5247 2113 5291 et

544 5332 787 5401 dispersa:
813 5342 932 5385 sunt
978 5347 1092 5384 oves
1122 5345 1249 5382 mea:
1295 5345 1450 5398 super
1485 5343 1685 5380 omnem
1737 5338 1958 5381 montem
1988 5338 2034 5380 et
2062 5329 2114 5380 in

546 5437 745 5473 omnem
769 5420 950 5474 callent
977 5419 1160 5482 altum,
1186 5428 1232 5472 et
1259 5434 1415 5488 super
1440 5417 1628 5485 [aciem
1654 5419 1809 5470 totius
1830 5427 1983 5469 terra'
2012 5417 2121 5470 dis—

544 5526 706 5577 persa:
735 5520 876 5572 sunt,
901 5527 992 5562 nec
1019 5519 1128 5563 erat
1154 5508 1243 5578 qui
1282 5509 1522 5578 eriperet,
1557 5523 1720 5578 neque
1744 5509 1832 5577 qui
1863 5518 2118 5560 rerocaret

551 5597 759 5663 (Est-cli.
793 5598 996 5669 \xxtv).
1019 5598 1133 5654 Non
1161 5616 1289 5668 ergo
1326 5600 1378 5653 in
1407 5599 1566 5667 hujus
1601 5600 1796 5668 negotii
1828 5599 2115 5652 vanissima

2139 3027 2180 3085 C

2214 1797 2368 1856 parte
2391 1788 2692 1856 reperiatur
2715 1789 2858 1857 quod
2890 1798 3035 1844 recte
3057 1799 3219 1858 queat
3242 1791 3477 1856 laudari,
3501 1795 3553 1847 in
3570 1805 3763 1863 utraque

2215 1885 2395 1932 tamen
2432 1887 2588 1947 parte
2620 1888 2876 1934 cernatur
2903 1882 3046 1948 quod
3070 1882 3263 1936 merito
3289 1885 3462 1951 possit
3489 1887 3759 1954 vituperari,

2213 1975 2269 2022 et
2305 1967 2597 2036 praesulum
2637 1983 2791 2022 error
2825 1971 2915 2037 qui
2955 1984 3013 2023 se
3041 1970 3305 2040 imagines
3347 1975 3655 2030 adoraturos
3678 1978 3762 2029 eis-

2213 2071 2318 2124 que
2349 2057 2624 2112 servitium
2679 2059 2778 2114 soli
2833 2059 2944 2113 Deo
2996 2060 3235 2114 debitum
3267 2063 3608 2124 exhibituros
3651 2066 3761 2121 fassi

2215 2137 2369 2211 sunt,
2399 2162 2464 2200 ex
2487 2156 2639 2216 parte
2660 2149 2936 2203 discussus
2971 2151 3039 2204 sit
3056 2191 3070 2214 ,
3103 2161 3272 2206 restat
3294 2164 3356 2208 ut
3370 2151 3605 2221 judicum
3625 2159 3761 2210 etiam

2214 2252 2368 2291 error
2399 2254 2505 2306 quo
2531 2249 2703 2293 artem
2727 2240 3010 2307 pictoriam
3034 2241 3178 2308 piam
3203 2257 3326 2296 esse
3348 2256 3666 2310 asseverant,
3690 2263 3762 2300 no-

2215 2327 2314 2380 stri
2352 2328 2476 2397 styli
2507 2328 2810 2382 invectione
2839 2328 3182 2384 discutiatur.
3209 2331 3414 2385 Dicunt
3441 2335 3580 2386 enim
3616 2345 3760 2388 artem

2213 2418 2498 2486 pictor-iam
2527 2419 2670 2487 piam
2700 2435 2838 2482 esse,
2866 2420 3018 2487 quasi
3045 2435 3150 2472 non
3181 2436 3302 2474 cum
3339 2424 3550 2478 caneris
3573 2424 3760 2477 munda-

2214 2510 2298 2563 nis
2320 2509 2528 2563 artihus
2554 2511 2982 2565 communionem
3007 2515 3220 2579 pietatis
3237 2525 3334 2566 aut
3366 2516 3528 2584 impie
3550 2517 3645 2570 atis
3661 2530 3757 2569 sor-

2212 2599 2400 2654 tiatur.
2427 2600 2565 2666 Quid
2587 2603 2731 2655 enim
2758 2617 2846 2656 ars
2864 2603 3132 2670 pictorum
3167 2606 3407 2673 ainplius
3439 2608 3591 2660 habet
3621 2607 3760 2676 pieta-

2214 2695 2286 2747 tis
2321 2703 2436 2746 arte
2478 2692 2787 2758 fabrorum,
2827 2695 3175 2763 sculpturum,
3217 2699 3590 2762 eantlatorum,
3623 2699 3755 2752 (zela-

2215 2791 2411 2848 torum,
2445 2782 2786 2846 latomorum,
2848 2785 3220 2853 liguarioruin,
3281 2795 3446 2842 terra:
3491 2791 3754 2852 cultorum,

2213 2873 2296 2928 vel
2323 2881 2640 2929 caeterorum
2661 2876 2948 2944 opiﬁcum?
2981 2876 3178 2932 Omnes
3200 2880 3349 2934 enim
3373 2898 3508 2949 quas
3533 2883 3757 2950 [immisi-

2215 2981 2335 3020 mus
2353 2977 2514 3030 artes,
2550 2984 2669 3036 quin
2699 2985 2802 3022 non
2832 2970 2932 3023 nisi
2965 2971 3219 3024 discendo
3243 2982 3475 3040 possunt
3499 2974 3688 3042 attingi,
3714 2981 3756 3024 et

2214 3057 2298 3127 pie
2325 3066 2378 3111 ct
2417 3058 2578 3127 impie
2625 3071 2850 3127 possunt
2899 3062 2966 3114 ab
3015 3062 3096 3115 his
3123 3063 3323 3129 quibus
3353 3075 3659 3118 exercentur
3684 3065 3757 3115 ha-

2214 3148 2350 3213 beri,
2390 3165 2487 3202 nec
2519 3149 2571 3201 in
2626 3165 2717 3203 eas
2773 3150 2944 3216 pietas
2989 3160 3083 3202 aut
3117 3151 3370 3220 impietas
3406 3154 3563 3215 cadit,
3596 3153 3677 3204 sed
3716 3152 3754 3202 in

2216 3239 2524 3294 hominibus
2549 3240 2640 3308 qui
2676 3256 2858 3293 earum
2886 3251 3009 3294 sunt
3035 3257 3316 3310 sequaces,
3365 3249 3456 3312 qui
3483 3243 3756 3311 plerumque

2215 3336 2308 3382 aut
2339 3330 2588 3383 vitiorum
2627 3331 3026 3398 procaci-simis
3057 3332 3384 3386 tumultibus
3432 3341 3752 3390 coarctantur,

2216 3428 2308 3472 aut
2333 3420 2588 3473 virtutum
2611 3421 2903 3476 salutiferis
2929 3421 3158 3476 cmtibus
3185 3436 3542 3476 exornantur.
3578 3422 3630 3476 Si
3648 3437 3752 3489 ergo

2217 3508 2421 3564 idcirco
2443 3527 2531 3564 ars
2562 3512 2827 3580 pit-torum
2872 3514 2957 3580 pia
2985 3527 3107 3566 esse
3146 3514 3484 3582 perhibetur,
3531 3515 3642 3582 quia
3681 3526 3756 3578 per

2216 3616 2334 3654 eam
2365 3600 2679 3669 plerumque
2711 3603 2916 3670 piorum
2950 3603 3226 3656 hominum
3250 3615 3411 3658 actus
3440 3615 3498 3658 et
3523 3604 3602 3673 pia
3637 3617 3755 3670 quie-

2217 3689 2340 3743 dun
2377 3703 2524 3760 gesta
2564 3693 2872 3761 pinguntur,
2898 3708 3026 3763 ergo
3053 3703 3108 3748 ct
3134 3695 3252 3751 ideo
3285 3695 3449 3764 impia
3484 3691 3755 3764 perhibebi-

2219 3788 2328 3845 tur,
2365 3781 2488 3849 quia
2526 3782 2839 3850 plerumque
2866 3800 2960 3852 per
2999 3800 3118 3837 eam
3162 3784 3470 3854 impietates
3513 3785 3689 3842 multa},
3714 3779 3754 3834 id

2217 3882 2320 3936 est,
2383 3875 2771 3928 trucidationes
2800 3876 3096 3941 hominum,
3146 3879 3462 3934 atrocitates
3512 3878 3750 3931 bellorum.

2219 3962 2567 4016 crudelitates
2629 3964 3050 4028 sceleratorum,
3119 3966 3484 4022 iininanitates
3535 3967 3752 4024 ferarum,

2219 4051 2451 4120 impetus
2492 4053 2786 4106 bestiarum
2811 4054 2890 4106 vel
2936 4065 3128 4108 caetera
3157 4057 3241 4111 his
3273 4058 3470 4110 similia
3500 4057 3751 4125 depinguu-
3786 4091 3790 4094 -

2220 4149 2337 4208 tur;
2377 4151 2431 4196 et
2462 4144 2507 4197 si
2547 4145 2666 4198 ideo
2700 4145 2859 4212 impia
2904 4145 3210 4201 nullatenus
3233 4163 3355 4202 esse
3384 4147 3629 4206 creditur,
3653 4144 3750 4211 quid

2221 4233 2335 4287 lucc
2369 4249 2490 4302 qua:
2514 4236 2754 4289 exsecuti
2783 4252 2968 4289 sumus
2991 4237 3494 4292 adulnbmtionihus
3523 4241 3596 4291 vel
3619 4238 3750 4312 etiua

2220 4326 2561 4382 lineamentis
2597 4328 2899 4397 quibusque
2948 4330 3198 4384 humanis
3227 4331 3436 4385 visibus
3485 4327 3752 4398 impertiun-

2225 4425 2331 4480 tur,
2350 4434 2446 4471 nec
2465 4418 2582 4471 ideo
2602 4418 2688 4486 pia
2703 4419 2805 4472 erit
2823 4421 2945 4487 quia
2972 4435 3068 4487 per
3087 4435 3206 4473 eam
3233 4421 3494 4474 bonorum
3518 4419 3750 4472 hominum

2223 4516 2371 4576 gesta
2394 4508 2695 4578 signantur.
2727 4511 2877 4563 rit-ut
2898 4511 3039 4563 enim
3071 4509 3269 4564 ferrum
3300 4528 3400 4565 nec
3432 4508 3750 4574 ideoiaqaum

2223 4598 2444 4662 dicitur,
2475 4600 2599 4668 quia
2624 4616 2690 4653 ex
2713 4615 2777 4653 co
2814 4601 3057 4654 homines
3093 4601 3506 4663 interimuntur,
3547 4615 3632 4652 nec.
3659 4599 3753 4650 ira

2221 4690 2393 4759 pium,
2419 4691 2544 4761 quia
2569 4707 2636 4745 ex
2659 4707 2724 4745 eo
2747 4693 2989 4759 quaedam
3030 4693 3387 4747 instrumenta
3440 4694 3565 4745 tium
3591 4691 3752 4757 quibus

2221 4795 2276 4840 et
2307 4788 2518 4840 ensium
2543 4787 2867 4840 vibrantium
2898 4787 3159 4841 illisiones
3185 4789 3514 4855 quatiantur,
3535 4798 3586 4839 et
3613 4783 3731 4836 hom

2222 4891 2316 4927 nes
2340 4885 2611 4938 tueantur,
2639 4884 2693 4928 et
2719 4893 2748 4928 a
2775 4876 2998 4929 medicis
3014 4877 3172 4930 saluti
3191 4878 3439 4931 humana:
3459 4874 3752 4931 consulitur,

2223 4966 2238 5019 i
2266 4981 2295 5018 a
2328 4974 2379 5018 et
2416 4981 2504 5017 ars
2539 4967 2805 5033 pictorum
2862 4980 2959 5019 nec
2989 4966 3108 5020 ideo
3166 4966 3360 5035 impia,
3396 4968 3517 5034 quia
3547 4980 3633 5034 per
3653 4976 3750 5014 eazn

2223 5059 2484 5120 crudelia,
2514 5075 2612 5113 nec
2637 5059 2758 5112 ideo
2782 5057 2890 5126 pia,
2921 5058 3048 5126 quia
3089 5057 3372 5112 clementia
3397 5058 3624 5126 quadam
3651 5053 3749 5120 ιήιιο

2222 5160 2442 5218 guntur.

2293 5239 2444 5305 Quod
2473 5254 2600 5293 vero
2628 5239 2678 5293 ei
2709 5255 2814 5293 non
2848 5248 2994 5293 recte
3017 5255 3047 5293 a
3070 5238 3389 5307 quibusdam
3412 5232 3747 5303 insipientibus

2222 5331 2432 5384 detrahi
2460 5332 2752 5398 suspirant,
2781 5348 2809 5382 a
2833 5331 2980 5385 nullo
3006 5330 3096 5398 qui
3125 5345 3270 5383 sana:
3291 5328 3483 5382 utentis
3507 5337 3583 5379 est
3610 5321 3747 5376 ambi—

2221 5421 2368 5490 gitur
2387 5436 2480 5474 eos
2515 5421 2567 5473 in
2593 5421 2690 5474 bac
2711 5436 2926 5489 quoque
2945 5430 3100 5488 parte
3130 5420 3269 5474 sicut
3299 5426 3350 5472 et
3382 5418 3434 5470 in
3462 5414 3652 5470 auaris
3668 5411 3743 5462 dc-

2222 5509 2478 5562 mentiam
2507 5509 2658 5577 sequi
2691 5527 2702 5561 :
2734 5510 2928 5578 quippe
2963 5524 3085 5562 cum
3117 5507 3295 5561 nullus
3316 5505 3431 5559 sani
3458 5501 3636 5571 capitis
3667 5513 3739 5550 ne-

2222 5614 2325 5666 que
2358 5599 2680 5667 imaginilws
2723 5599 3006 5661 detrahat,
3051 5612 3224 5665 neque
3253 5594 3348 5649 arti
3384 5591 3628 5661 picturae,
3671 5581 3741 5638 Sed
