4028 6180
374 348 502 405 1161

1139 344 1315 400 LIBRI
1357 343 1695 403 CAROLINI.
1738 373 1809 384 ——
1849 338 2070 397 CAPIT.
2110 340 2198 395 DE
2232 341 2418 397 thIAG.
2460 374 2530 384 -—
2566 340 2692 400 LIB.
2735 344 2820 399 III.

3471 343 3609 399 “6?.

368 477 553 519 eorum
569 460 661 532 qui
685 474 777 515 eas
791 459 1015 513 adorant
1039 458 1511 527 eisqueservitium
1536 461 1929 528 inconsequens
1959 457 2007 517 Α
2036 466 2161 512 sunt
2197 458 2401 515 visibus
2428 458 2618 515 defert.
2654 458 2986 514 Mendacium
3017 458 3156 513 enim
3190 467 3282 514 aut
3309 460 3374 516 de
3408 461 3501 516 his
3529 473 3611 519 est

369 552 643 614 exhibent,
676 548 1018 604 abominetur
1048 548 1347 602 vesaniam.
1397 548 1515 603 Non
1558 549 1702 604 enim
1752 548 1935 601 vinum

368 642 495 714 quia
518 639 830 695 ebrietatem
848 643 1088 707 generat,
1111 636 1540 706 reprehenditur,
1567 652 1689 692 cum
1706 636 1938 705 plerum-

369 746 473 802 que
510 730 620 784 Deo
648 728 701 781 in
726 724 1300 791 sacriﬁciumlibetur;
1336 740 1437 781 nec
1461 725 1622 795 sylva:
1650 741 1771 793 qua:
1810 722 1949 779 furi-.

368 821 471 873 bus
495 815 784 886 hospitium
808 816 1088 884 praebent,
1135 814 1261 884 quia
1313 814 1627 883 plerumque
1659 812 1936 867 hominum

369 913 556 967 usibus
579 908 745 964 multa
772 923 892 979 qua:
914 908 1207 978 expediunt
1241 907 1651 971 administrant;
1678 922 1779 962 nec
1816 906 1936 962 ideo

369 1000 476 1070 lgui
505 1001 818 1069 imputatur,
860 997 986 1066 quia
1033 997 1303 1052 interdum
1360 997 1598 1053 edaciter
1621 998 1811 1053 domos
1851 997 1937 1053 vel

370 1099 566 1145 car-tera
599 1089 848 1144 humanis
868 1088 1149 1158 stipendiis
1171 1098 1296 1158 apta
1322 1089 1565 1154 devorat,
1592 1104 1716 1145 cum
1741 1096 1961 1144 morta--

372 1182 502 1237 lium
536 1181 661 1237 vita:
687 1180 871 1236 multis
894 1180 1231 1235 adminiculis
1251 1180 1592 1251 suffragetur.
1606 1179 1776 1236 Porro
1795 1180 1938 1249 quod

373 1274 588 1336 dicunt,
620 1271 740 1343 Ipse
774 1273 911 1325 enim
937 1270 1101 1325 Pater
1121 1273 1369 1342 pictorem
1414 1272 1498 1342 pie
1539 1281 1772 1342 agentem
1795 1288 1938 1326 com-

372 1364 602 1428 mendat,
630 1378 729 1418 cur
766 1363 945 1426 Pater,
988 1370 1082 1417 aut
1114 1361 1203 1417 ubi
1238 1361 1497 1431 scriptum
1535 1362 1626 1426 sit,
1672 1362 1937 1431 pictorem

373 1452 730 1516 commendet,
763 1465 863 1506 uec
890 1450 1103 1504 illorum
1130 1456 1213 1506 est
1235 1451 1551 1519 approbare,
1574 1465 1674 1506 nec
1695 1457 1937 1505 nostrum

372 1544 614 1608 credere,
641 1543 837 1613 quippe
862 1557 985 1597 cum
1008 1541 1062 1596 in
1084 1541 1234 1596 nullo
1262 1540 1601 1596 oraculorum
1635 1540 1936 1594 divinorum

373 1635 644 1690 volumine
680 1635 946 1704 pictorum
980 1632 1098 1688 laus
1142 1632 1488 1701 perhibeatur
1525 1633 1718 1686 inesse.
1766 1631 1939 1700 Repe-

376 1726 518 1781 riant
549 1739 680 1794 ergo
705 1723 779 1777 illi
816 1723 871 1777 in
919 1722 1156 1792 quolibet
1187 1721 1488 1776 divinarum
1538 1721 1935 1791 Scripturarum

2037 563 2157 617 qua:
2181 564 2286 604 non
2323 560 2465 615 sunt,
2490 551 2585 606 sed
2612 550 2725 605 ﬁeri
2750 559 2992 620 possunt,
3022 559 3115 605 aut
3144 551 3213 606 de
3244 551 3330 607 his
3365 567 3483 621 quae
3509 567 3610 608 nec

2036 646 2161 693 sunt
2185 653 2285 695 nec
2327 637 2442 695 ﬁeri
2474 648 2720 711 possunt,
2751 641 2818 695 de
2859 641 3054 710 quibus
3097 641 3149 694 in
3187 640 3612 710 perihermenias
3712 698 3719 699 ,

2035 744 2065 783 a
2091 730 2420 801 philusophis
2443 731 2757 787 acutissima
2786 730 2901 786 sive
2945 730 3292 786 subtilissima
3318 732 3612 802 disputatio

2035 827 2153 883 cst,‘
2174 836 2337 890 quam
2388 820 2513 876 huic
2537 821 2687 890 operi
2717 820 3059 889 interponere
3104 819 3474 888 longissimum
3503 829 3609 876 est.

2035 908 2169 963 Nam
2215 909 2343 964 dum
2388 910 2533 965 dicat
2576 924 2682 963 non
2709 909 2979 964 contraire
3013 909 3247 978 pictores
3287 909 3610 980 Scripturis,

2035 1008 2091 1054 et
2123 999 2289 1054 multa
2335 1013 2365 1053 a
2395 999 2690 1069 pictoribus
2711 998 3001 1069 pingantur
3039 1014 3159 1069 qua:
3192 998 3486 1069 Scriptura:
3526 1001 3610 1056 di-

2035 1088 2175 1144 vina:
2221 1096 2434 1155 tacent,
2481 1097 2537 1144 et
2569 1089 2639 1144 ab
2676 1088 2987 1143 hominibus
3008 1104 3116 1144 non
3160 1089 3333 1145 solum
3356 1105 3387 1145 a
3415 1090 3608 1156 doctis,

2035 1180 2131 1236 sed
2154 1179 2319 1235 etiam
2346 1180 2414 1236 ab
2441 1167 2673 1236 indoctis
2694 1177 2984 1235 falsissima
3010 1194 3134 1236 esse
3162 1182 3608 1251 comprobenlur,

2035 1269 2158 1339 quis
2199 1285 2304 1324 non
2354 1269 2471 1338 ejus
2508 1271 2710 1326 dictum
2757 1270 3259 1327 ridiculosissimum
3307 1273 3391 1326 vel
3434 1274 3612 1343 potius

2038 1360 2380 1418 falsissimum
2420 1377 2540 1419 esse
2568 1362 2836 1418 fateatur?
2879 1363 3066 1419 Nonne
3093 1365 3290 1420 divinis
3319 1364 3611 1435 Scripturis

2036 1452 2307 1506 contraire
2341 1460 2657 1519 noscuntur,
2687 1467 2810 1507 cum
2837 1452 3088 1523 abyssum
3127 1453 3349 1523 ﬁguram
3380 1453 3613 1510 hominis

2039 1542 2244 1612 ﬁngunt
2268 1543 2487 1608 habere,
2525 1551 2580 1599 et
2610 1543 2947 1614 lympharum
2974 1543 3376 1600 inundationem
3410 1545 3612 1609 aﬁ'atiin

2038 1630 2298 1689 fundere?
2343 1633 2530 1690 Nonne
2590 1634 2787 1691 divinis
2846 1634 3140 1706 Scripturis
3191 1652 3286 1695 eos
3343 1641 3613 1695 contraire

2038 1723 2182 1778 haud
2219 1724 2436 1779 dubium
2468 1733 2585 1789 est,
2620 1741 2744 1781 cum
2778 1725 3021 1782 tellurem
3069 1727 3123 1782 in
3161 1728 3331 1798 ﬁgura
3378 1729 3613 1785 humana

376 1814 514 1877 loco,
543 1813 595 1866 in
613 1786 730 1882 quo
758 1811 920 1867 etiam
936 1786 1243 1866 secundum
1272 1811 1542 1880 propriam
1578 1809 1936 1865 asseveratio-
1968 1786 2015 1847 Β
2045 1814 2204 1868 modo
2239 1814 2444 1869 aridam
2470 1815 2790 1879 sterilemve,
2824 1816 2984 1871 modo
3007 1786 3274 1874 fructist
3306 1818 3612 1875 aﬁlucntcm

376 1920 499 1962 nem
529 1903 771 1974 pictoris,
797 1903 917 1958 ideo
946 1902 1496 1972 quod‘componendis
1522 1901 1846 1972 imaginibus
1867 1901 1944 1956 in-

375 2003 520 2051 stent
537 1993 822 2058 collaudet,
849 2000 905 2047 et
922 2007 1020 2048 uos
1037 1993 1367 2062 reperiemus
1381 1992 1614 2061 qualiter
1626 1992 1707 2047 eis
1727 2007 1944 2061 respon-

375 2086 503 2142 dere
531 2086 822 2148 valeamus,
848 2084 974 2154 quia
998 2084 1338 2154 omnipotens
1370 2085 1510 2139 Deus
1533 2099 1641 2139 non
1671 2098 1835 2153 opera
1848 2084 1942 2140 sed

377 2177 713 2232 devotionem
727 2191 969 2246 operum,
989 2191 1089 2231 nec
1105 2184 1259 2232 actus
1281 2177 1375 2232 sed
1388 2176 1690 2232 voluntates
1702 2184 1940 2241 actuum,

377 2282 479 2322 nec
501 2281 588 2321 res
620 2265 714 2321 sed
737 2281 930 2322 causas
962 2280 1164 2330 rerum,
1208 2281 1308 2321 nec
1342 2267 1584 2337 quisquis
1613 2265 1804 2332 faciat,
1846 2266 1943 2322 sed

260 2382 269 2389 ο
376 2370 482 2424 qua
520 2362 699 2411 mente
724 2354 782 2412 id
805 2353 996 2421 faciat,
1026 2354 1342 2426 plerumque
1370 2364 1463 2411 aut
1494 2356 1688 2426 probat
1716 2364 1811 2412 aut
1837 2356 1942 2412 im-

376 2448 590 2517 probat.

928 2515 1155 2573 CAPUT
1201 2516 1387 2572 XXIII.

378 2625 571 2701 Inutile
610 2635 659 2681 et
686 2627 958 2701 mendacio
999 2625 1443 2701 plenumudictnm
1469 2627 1693 2701 {pannis
1731 2629 1945 2701 presby-

442 2698 539 2751 teri
566 2706 613 2751 et
637 2699 791 2766 legati
815 2694 1160 2766 Orientalium
1188 2696 1407 2750 dicentis
1430 2714 1449 2751 :
1474 2697 1588 2752 Non
1622 2694 1955 2755 contraeunt

442 2767 674 2839 pictores
688 2764 1027 2836 Scripturis,
1060 2764 1154 2819 sed
1194 2766 1453 2834 quidquid
1490 2767 1766 2839 Scriptura
1808 2770 1947 2839 dicit

442 2838 560 2890 h;ec
583 2837 977 2907 demonstrant,
1017 2841 1282 2904 quatenus
1311 2837 1624 2893 concordes
1647 2845 1771 2892 sunt
1797 2838 1948 2895 Scri-

440 2913 736 2977 pturarum.

443 2993 500 3049 Si
529 2996 710 3050 omnia
736 2994 959 3052 Joannis
980 2997 1280 3068 presbyteri
1304 3006 1360 3054 et
1396 2997 1557 3069 legati
1591 2997 1946 3058 Orientalium

374 3084 724 3141 deliramenta
751 3102 871 3157 qua:
898 3086 953 3141 in
994 3088 1181 3142 eadem
1208 3089 1440 3158 synodo,
1483 3088 1536 3143 in
1575 3086 1725 3158 cujus
1770 3088 1943 3146 inom-

372 3173 532 3230 ciosa:
576 3175 819 3232 lectionis
850 3177 1352 3247 reprehensionibus
1391 3188 1575 3235 noster
1610 3180 1782 3252 stylus
1815 3197 1941 3238 ver-

372 3253 551 3329 satur,
599 3267 853 3336 protulit,
899 3268 1207 3340 singillatim
1247 3284 1278 3324 a
1320 3270 1476 3326 nobis
1512 3271 1846 3328 discutienda
1886 3272 1941 3328 in

374 3370 538 3409 unum
566 3354 793 3411 fuissent
811 3366 1082 3427 congesta,
1107 3375 1421 3430 magnorum
1434 3361 1764 3416 voluminum
1780 3372 1942 3418 tantm

374 3446 751 3515 disputationis
776 3447 923 3518 sylva
963 3457 1104 3504 esset
1128 3449 1362 3520 indigna.
1388 3449 1492 3505 Sed
1523 3466 1620 3506 nos
1654 3467 1715 3506 ea
1744 3452 1939 3522 partim

374 3541 646 3596 brevitatis
668 3541 844 3597 studio
869 3542 953 3597 cui
984 3558 1206 3613 prorsus
1234 3543 1539 3608 studemus,
1574 3544 1766 3613 partim
1796 3545 1941 3598 ordi-

373 3645 495 3685 nem
531 3631 698 3700 ipsius
737 3630 981 3687 lectionis
1009 3640 1304 3697 servantes,
1337 3648 1443 3703 quo
1477 3650 1581 3688 non
1607 3631 1938 3702 singulorum

371 3722 578 3792 singula
610 3738 884 3785 seorsum,
928 3724 1022 3778 sed
1056 3724 1409 3793 quorumdam
1443 3726 1642 3795 passim
1672 3739 1769 3797 per
1795 3725 1941 3779 ordi-

371 3829 492 3869 nem
518 3854 532 3878 ,
558 3823 717 3884 prout
738 3816 963 3883 quisque
991 3814 1201 3869 locutus
1228 3823 1339 3879 est,
1370 3816 1454 3870 vel
1479 3816 1639 3871 etiam
1666 3816 1719 3869 in
1749 3814 1937 3870 eodem

369 3902 554 3956 codice
588 3902 761 3971 posita
783 3902 1143 3968 inveniuntur,
1173 3903 1503 3957 discutienda
1528 3904 1581 3958 in
1622 3911 1801 3958 nostra
1830 3905 1940 3958 dis—

337 3989 647 4061 putatione
699 3997 960 4058 ponentes
989 4029 1006 4054 ,
1059 3998 1131 4045 .et
1183 3991 1514 4047 brevissima:
1561 3991 1939 4063 disputationis

367 4085 561 4132 cuncta
599 4076 826 4131 articulo
871 4087 1149 4134 coarctare
1187 4080 1589 4150 compellimur,
1616 4090 1670 4137 et
1694 4097 1800 4135 non
1829 4082 1939 4137 sin-

369 4172 491 4244 gula
527 4186 788 4236 seorsum,
831 4172 924 4227 sed
962 4187 1099 4242 pene
1134 4173 1312 4227 omnia
1335 4175 1581 4242 sparsim,
1625 4185 1782 4245 prout
1806 4176 1939 4230 ordo

368 4262 994 4331 dictavit..exsequimur.
1024 4263 1117 4317 Est
1140 4263 1342 4318 interea
1362 4278 1539 4332 opera:
1559 4265 1787 4332 pretium
1814 4264 1936 4319 dili-

368 4362 554 4424 genter
577 4352 863 4417 discuterc,
887 4352 1135 4422 qualiter,
1154 4361 1212 4407 ut
1238 4353 1376 4408 idem
1390 4353 1631 4421 profatus
1642 4362 1745 4418 est,
1772 4355 1939 4424 picto-

2044 1901 2379 1972 depingunt?
2430 1902 2617 1959 Nonne
2646 1904 2842 1960 divinis
2891 1904 3186 1975 Scripturis
3215 1923 3309 1963 eos
3346 1911 3614 1965 contraire

2042 1991 2385 2047 manifestum
2411 2001 2522 2057 est,
2561 2008 2683 2048 cum
2711 1993 2992 2050 ﬁumineos
3025 2011 3211 2051 amnes
3238 1998 3291 2052 in
3314 1998 3500 2070 ﬁguris
3525 2001 3614 2055 ho-

2043 2083 2249 2137 minum
2277 2091 2370 2138 aut
2404 2083 2579 2139 situlis
2610 2100 2777 2154 aquas
2815 2084 3058 2153 fundere,
3094 2098 3187 2143 aut
3227 2089 3360 2146 alios
3386 2092 3439 2146 in
3480 2093 3613 2149 alios

2042 2172 2312 2228 conﬂuere
2356 2173 2685 2245 depingunt?
2724 2174 2909 2231 Nonne
2954 2192 3076 2232 cum
3126 2178 3292 2234 solem
3336 2188 3392 2236 et
3435 2181 3613 2237 lunam

2043 2274 2098 2321 et
2124 2273 2318 2322 caetera
2348 2265 2471 2321 caeli
2504 2274 2818 2322 ornamenta
2859 2267 3058 2339 ﬁguras
3099 2269 3407 2336 hominum,
3447 2280 3503 2327 et
3526 2287 3614 2328 ca-

2041 2357 2152 2426 pita
2176 2356 2342 2412 radiis
2367 2357 2638 2413 succincta
2659 2358 2856 2414 habere
2885 2359 3110 2430 ﬁngunt,
3139 2362 3339 2417 sanctis
3366 2362 3613 2434 Scriptu-

2043 2447 2120 2501 ris
2159 2447 2332 2503 modis
2368 2448 2617 2504 omnibus
2657 2450 3006 2504 contraeunt?
3039 2449 3225 2506 Nonne
3256 2468 3379 2507 cum
3408 2452 3613 2511 duode-
3682 2485 3686 2489 ε

2043 2538 2151 2595 cim
2186 2539 2363 2595 ventis
2412 2539 2637 2612 singulis
2691 2540 2930 2611 singulas
2975 2540 3174 2598 formas
3226 2558 3324 2614 pro
3357 2545 3615 2616 qualitate

2044 2632 2240 2686 virium
2271 2632 2571 2687 attribuunt
2590 2672 2604 2696 ,
2635 2640 2727 2687 aut
2752 2634 3025 2689 mensibus
3056 2634 3277 2705 singulis
3309 2652 3405 2706 pro
3442 2638 3615 2708 quali-

2046 2730 2155 2778 tate
2188 2731 2489 2792 temporum
2510 2722 2637 2792 quid
2665 2723 3027 2794 unusquisque
3045 2724 3267 2790 deferat,
3293 2728 3612 2797 quibusdam

2047 2813 2238 2878 nudas,
2274 2812 2593 2883 quibusdam
2630 2812 2958 2880 scminudas,
2998 2814 3314 2885 quibusdam
3345 2818 3506 2873 etiam
3535 2818 3616 2873 in-

2047 2902 2204 2959 dutas
2224 2903 2449 2959 diversis
2476 2903 2715 2959 vestibus
2740 2902 2935 2974 ﬁguras
2952 2904 3108 2970 dant,
3132 2914 3225 2961 aut
3245 2906 3369 2961 dum
3385 2916 3616 2978 quatuor

2045 3000 2287 3067 tempora
2322 2994 2447 3049 anni
2473 2993 2677 3064 singula
2701 2993 2927 3049 diversis
2970 2993 3155 3066 ﬁguris
3179 2995 3500 3065 depingunt,
3524 3009 3615 3051 aut

2046 3085 2266 3144 ﬁoribus
2288 3093 2599 3142 vernantem
2624 3092 2683 3140 ut
2702 3099 2796 3140 ver
2817 3125 2835 3151 ,
2861 3092 2953 3139 aut
2977 3085 3197 3141 restibus
3226 3093 3503 3151 exustam;
3534 3087 3614 3143 vel

2044 3181 2206 3236 etiam
2228 3178 2497 3250 segetibus
2530 3185 2780 3234 onustam
2810 3186 2869 3232 ut
2896 3185 3167 3242 aestatem,
3215 3166 3308 3233 aut
3336 3178 3617 3235 vindemia:

2040 3271 2208 3328 labris
2235 3271 2319 3327 vel
2363 3270 2535 3327 lsotris
2557 3276 2835 3325 oneratam
2878 3276 2938 3324 ut
2979 3277 3315 3335 autumnum,
3338 3278 3432 3326 aut
3455 3272 3615 3326 modo

2039 3360 2332 3432 frigoribus
2371 3358 2812 3431 algidam,modo
2837 3359 3049 3430 ignibus
3093 3374 3153 3415 se
3183 3358 3608 3421 calefacientem.

2041 3452 2199 3505 modo
2233 3450 2592 3505 animantibus
2629 3449 2821 3519 pabula
2855 3450 3216 3518 pnebentem,
3243 3449 3401 3505 modo
3431 3450 3615 3507 nimiis

2040 3538 2328 3607 frigoribus
2354 3539 2621 3593 marcidas
2657 3539 2901 3594 volucres
2929 3539 3225 3608 capientem
3257 3548 3316 3595 ut
3348 3541 3602 3609 hiemem,

2040 3625 2336 3694 Scripturis
2364 3626 2559 3681 divinis
2593 3626 2647 3679 in
2676 3626 2872 3695 quibus
2903 3626 3018 3682 htcc
3065 3627 3137 3682 ita
3182 3628 3402 3683 minime
3444 3630 3615 3685 conti-

2039 3722 2235 3769 nentur
2260 3715 2531 3769 contraire
2556 3715 2883 3769 noscuntur?
2914 3713 3193 3781 Quomodo
3219 3731 3348 3787 ergo
3376 3733 3407 3771 a
3439 3718 3615 3787 picto-

2038 3806 2187 3860 ribus
2230 3804 2323 3875 qui
2362 3811 2638 3875 poetarum
2684 3792 3002 3860 vanissimas
3028 3804 3255 3861 fabulas
3298 3806 3614 3876 plerumque

2038 3906 2357 3964 sequuntur,
2411 3895 2612 3951 sanctis
2653 3893 2946 3963 Scripturis
2992 3894 3213 3950 minime
3267 3896 3613 3951 eontraitur?

2036 3985 2338 4056 Finguntur
2392 3984 2536 4039 enim
2585 3998 2683 4052 per
2728 3998 2821 4038 eos
2851 3984 3117 4039 interdum
3146 4000 3234 4041 res
3284 3985 3338 4041 in
3388 3986 3614 4042 veritate

2036 4082 2200 4145 gestae
2234 4074 2287 4129 in
2318 4074 2453 4129 alias
2482 4082 2644 4145 atque
2690 4074 2826 4130 alias
2876 4074 3218 4132 incredibiles
3247 4077 3483 4145 naeuias;
3514 4077 3614 4132 ﬁn-

2038 4172 2239 4237 guntur
2271 4165 2433 4220 etiam
2460 4180 2578 4235 qua:
2602 4179 2699 4220 nec
2737 4163 2892 4221 taetrae
2925 4174 3052 4221 sunt
3078 4182 3177 4222 nec
3205 4167 3322 4222 ﬁeri
3342 4177 3606 4238 poterant,

2037 4257 2132 4313 sed
2158 4265 2250 4311 aut
2283 4256 2505 4327 mystice
2528 4271 2557 4310 a
2595 4255 2927 4325 philosophis
2952 4256 3340 4329 intelliguntur,
3381 4267 3475 4314 aut
3495 4259 3610 4316 ina-

2039 4349 2179 4403 niter
2209 4362 2239 4402 a
2266 4346 2553 4418 gentilibus
2580 4356 2905 4403 venerantur
2924 4389 2940 4413 ,
2972 4358 3065 4404 aut
3085 4351 3349 4405 veraciter
3368 4366 3399 4405 a
3426 4352 3612 4405 catho-

368 4459 454 4500 rcs
481 4444 889 4515 haudquaquam
924 4445 1207 4501 credantur
1233 4442 1524 4515 Scripturis
1548 4445 1813 4502 contraire
1847 4455 1941 4502 aut
1967 4475 2016 4536 ο
2038 4437 2157 4495 licis
2196 4448 2520 4536 respuuntur
2554 4440 2943 4536 aquae-ornum
2987 4454 3293 4509 quanquam
3331 4440 3609 4510 gentilium

367 4533 594 4602 qualiter
621 4534 878 4604 quidquid
913 4533 1191 4604 Scriptura
1220 4535 1351 4591 dicit
1382 4537 1773 4604 demonstrent,
1807 4555 1940 4610 qua-

366 4622 556 4681 literve
586 4626 880 4681 concordes
901 4625 1011 4680 sint
1043 4625 1465 4695 Seriptnrarum.
1494 4626 1748 4694 Quamvis
1791 4629 1936 4684 enim

367 4731 472 4771 non
519 4716 726 4772 eluceat
766 4716 836 4771 de
875 4717 1070 4786 quibus
1103 4716 1396 4787 Scripturis
1437 4719 1526 4774 ille
1571 4722 1673 4775 hoc
1716 4722 1933 4787 dixerit,

365 4806 686 4861 credendum
743 4814 827 4860 est
883 4815 1062 4860 tamen
1118 4822 1240 4862 eum
1288 4808 1356 4862 de
1414 4809 1585 4863 sacris
1640 4809 1935 4879 Scripturis

365 4894 584 4959 dixisse,
612 4909 748 4963 quas
783 4894 980 4949 usitate
1013 4894 1315 4966 Scriptura:
1345 4897 1578 4953 solemus
1618 4914 1842 4964 vocare,
1876 4912 1937 4955 ut

363 4991 447 5039 est
488 4982 618 5038 illud
649 4982 704 5037 in
733 4981 1020 5053 Evangelio
1052 4998 1068 5037 :
1111 4984 1254 5039 Tum:
1283 4987 1486 5056 aperuit
1510 4986 1619 5040 illis
1642 5004 1850 5042 sensum
1879 5000 1935 5043 ut

363 5071 706 5143 intelligerent
748 5070 1051 5144 Scriptura:
1109 5073 1261 5145 (Luc.
1308 5075 1479 5146 mv).
1516 5074 1554 5131 S
1588 5074 1652 5128 Β.
1704 5076 1936 5133 Pictura:

365 5161 568 5216 interea
620 5175 710 5216 ars
754 5176 879 5216 cum
911 5162 996 5217 ob.
1033 5163 1137 5217 hoc
1181 5163 1499 5229 inoleverit,
1542 5172 1602 5218 ut
1652 5179 1830 5219 rerum
1880 5166 1933 5220 in

363 5250 590 5306 veritate
647 5261 916 5321 gestarum
969 5253 1280 5308 memoriam
1342 5255 1724 5324 aspicientibus
1761 5255 1936 5310 defer-

363 5353 465 5410 ret,
502 5354 557 5402 et
581 5360 649 5401 ex
675 5347 950 5401 mendacio
978 5347 1045 5402 ad
1060 5346 1343 5402 veritatem
1367 5349 1702 5406 recolendam
1728 5360 1936 5407 mentes

2040 4531 2339 4586 habeantur
2352 4529 2406 4584 in
2421 4529 2633 4594 litteris,
2649 4545 2678 4584 a
2694 4529 2887 4586 divinis
2907 4540 3088 4587 tamen
3097 4546 3320 4601 prorsus
3333 4541 3458 4588 sunt
3475 4532 3610 4589 alie-

2037 4638 2107 4677 na
2151 4621 2467 4691 Scripturis.
2508 4621 2594 4676 An
2633 4636 2740 4676 non
2781 4621 2976 4678 divinis
3013 4620 3211 4678 litteris
3250 4622 3481 4679 alienum
3527 4632 3611 4679 est

2034 4713 2177 4783 quod
2202 4714 2270 4768 ab
2312 4712 2417 4767 illis
2456 4711 2738 4785 Chymzera
2769 4713 2967 4783 triceps
3004 4728 3035 4767 a
3074 4713 3480 4785 Bellerophonte
3504 4715 3609 4770 ﬁn-

2032 4805 2177 4875 gitur
2220 4803 2519 4869 interfecta,
2565 4819 2688 4858 cum
2720 4803 3074 4874 Bellerophon
3109 4821 3214 4860 non
3247 4806 3475 4861 bestiam
3498 4846 3514 4869 ,
3548 4815 3611 4861 ut

2031 4896 2105 4949 illi
2128 4894 2478 4959 mentiuntur,
2520 4894 2873 4963 prostraverit
2894 4933 2910 4957 ,
2933 4893 3027 4948 sed
3051 4901 3286 4948 montem
3303 4933 3321 4959 ,
3351 4904 3410 4949 ut
3444 4894 3610 4963 pleri-

2031 4998 2133 5052 que
2162 4984 2489 5053 iutelligunt,
2535 4982 2878 5037 habitabilem
2907 4981 3130 5037 fecerit?
3156 4983 3239 5037 An
3271 4997 3377 5037 non
3412 4983 3607 5038 divinis

2033 5073 2328 5143 Scripturis
2348 5073 2580 5127 alienum
2610 5078 2713 5135 est,
2734 5071 2878 5140 quod
2908 5071 3131 5127 Vulcani
3152 5072 3324 5127 claudi
3349 5081 3404 5128 et
3425 5072 3607 5127 Terra:

2038 5161 2176 5218 ﬁlius
2207 5161 2588 5217 Erichthonius
2610 5175 2731 5216 esse
2752 5201 2768 5226 ,
2795 5168 2851 5216 et
2876 5161 2930 5216 in
2961 5168 3143 5218 monte
3176 5162 3376 5219 Ethna
3402 5162 3607 5219 ferrum

2035 5267 2296 5322 coquere,
2328 5250 2549 5321 ejusque
2588 5248 2776 5307 fornax
2807 5251 3070 5308 Vesuvius
3104 5268 3259 5308 mons
3299 5252 3608 5324 Campania:

2035 5361 2153 5402 esse
2179 5345 2427 5416 ﬁngitur,
2464 5344 2557 5415 qui
2582 5346 2854 5415 perpetuis
2892 5347 3106 5418 ignibus
3132 5348 3323 5404 ardere
3365 5349 3607 5420 perhibe-

362 5442 745 5505 promoveret,
789 5450 944 5491 versa
976 5436 1097 5491 vice
1147 5437 1414 5493 interdum
1457 5454 1557 5509 pro
1593 5440 1819 5495 veritate
1862 5442 1929 5498 ad
2037 5437 2157 5491 tur?
2203 5436 2285 5490 An
2329 5451 2435 5490 non
2468 5435 2662 5491 divinis
2697 5435 2993 5506 Scripturis
3033 5438 3205 5493 aliena
3250 5448 3413 5502 sunt,
3462 5438 3604 5508 quod

363 5525 638 5581 mendacia
678 5525 955 5597 cogitanda
979 5541 1172 5583 sensus
1209 5538 1506 5597 promovet,
1532 5540 1588 5586 et
1621 5547 1727 5588 non
1755 5532 1927 5588 solum
2034 5527 2210 5599 Scylla
2232 5527 2495 5595 capitibus
2520 5526 2739 5596 ﬁngitur
2764 5528 3034 5583 succincta
3055 5528 3296 5584 caninis?
3322 5536 3376 5584 et
3404 5527 3603 5600 Phyllis
3680 5590 3686 5595 _

364 5615 457 5671 Illa
478 5630 597 5688 qua:
628 5624 722 5672 aut
747 5625 872 5673 sunt
898 5627 991 5674 aut
1014 5617 1232 5673 fuerunt
1272 5630 1365 5675 aut
1391 5620 1504 5676 ﬁeri
1533 5630 1787 5692 possunt,
1834 5624 1929 5680 sed
2032 5620 2103 5675 ob
2135 5633 2375 5675 amorem
2408 5616 2622 5687 juvenis
2671 5617 2947 5687 cujusdam
2991 5618 3045 5673 in
3084 5619 3331 5674 arb0rcm
3383 5616 3603 5690 ﬁngitur

365 5713 528 5766 etiam
551 5724 614 5767 ea
647 5725 767 5784 qua:
811 5725 912 5766 nec
936 5716 1082 5776 sunt,
1111 5724 1212 5765 nec
1236 5708 1485 5782 fuerunt,
1515 5729 1613 5770 nec
1656 5714 1772 5770 ﬁeri
1806 5730 1930 5785 pos-
2033 5726 2153 5768 esse
2177 5710 2476 5766 conversa?
2524 5718 2579 5766 et
2599 5709 2766 5765 altera
2804 5707 2980 5780 Scylla
3024 5724 3090 5765 eo
3115 5708 3255 5779 quod
3287 5708 3414 5768 Niso
3456 5710 3600 5781 patri

760 5801 1033 5864 Ρηιοι..
1072 5799 1353 5863 XCVIII.

3014 5800 3090 5861 37
