4028 6180
561 326 688 380 nos

1397 326 1455 378 Β.
1501 323 1748 379 CAHOLI
1785 321 1998 376 MAGNI
2035 319 2182 376 OPP.
2225 320 2402 375 PARS
2438 322 2498 374 ll.
2545 321 2785 380 SECTIO
2823 324 2883 378 ll.

3632 326 3746 381 libi

549 451 755 496 crinem
779 434 1425 505 abscideritpurpurcum,
1459 449 1564 488 una
1584 449 1704 488 cum
1733 442 1907 502 patre,
1932 439 1984 486 ct
2005 431 2111 501 Itys
2143 441 2183 495 Α
2213 430 2293 484 vel
2323 431 2388 484 ad
2434 431 2770 485 tractandum
2819 432 3040 502 mystica
3060 473 3073 498 ,
3109 441 3161 487 et
3203 434 3500 504 pictoribus
3549 437 3611 490 ad
3657 438 3750 490 for-

549 529 620 584 ob
641 535 882 596 stuprum
904 533 1205 580 matertera;
1230 542 1262 578 a
1284 536 1434 596 patre
1457 535 1662 596 gestum
1693 535 1746 579 et
1764 524 2110 578 homicidium

551 617 739 673 matris
765 617 878 671 sive
905 624 1202 671 matertera:
1238 617 1291 670 in
1339 617 1514 686 seipso
1539 626 1811 685 patratum
1837 631 1943 669 una
1985 631 2108 670 cum

543 706 859 776 parentibus
881 707 992 760 sive
1007 715 1291 777 matertera
1312 708 1363 760 in
1386 708 1629 762 volucres
1657 707 1927 777 ﬁnguntur
1947 705 2110 762 fuisse

545 796 825 860 conversi?
859 804 951 850 aut
975 812 1098 851 cum
1141 795 1369 866 Syrenes
1403 812 1468 852 ex
1503 808 1654 868 parte
1683 798 1937 868 virgines,
1967 806 2020 852 et
2041 814 2107 853 ex

548 894 702 955 parte
726 886 967 941 volucres
990 885 1294 956 ﬁnguntur?
1321 897 1414 941 aut
1440 903 1560 942 cum
1583 887 1729 941 [rion
1751 888 1995 941 illusione
2018 886 2110 941 Ju-

549 979 705 1034 nonis
729 995 850 1034 cum
876 977 1024 1033 Nube
1049 979 1230 1032 coiens
1251 977 1544 1033 Centauros
1566 979 1782 1048 ﬁngitur
1793 978 2110 1048 generasse?

546 1073 638 1118 aut
658 1080 778 1120 cum
808 1064 1081 1133 Neptunus
1120 1065 1336 1118 tridenti
1369 1073 1607 1120 armatus
1642 1067 1864 1119 marinis
1894 1066 2110 1136 ﬁngitur

547 1153 792 1212 ﬂuctibus
825 1153 1122 1207 dominari?
1161 1152 1244 1207 An
1275 1170 1379 1208 non
1421 1154 1616 1208 divinis
1660 1154 1950 1223 Scripturis
1979 1155 2110 1209 alie-

545 1260 670 1298 num
692 1253 792 1308 est,
821 1245 962 1314 quod
1002 1243 1231 1298 Perseus
1261 1253 1370 1298 tres
1403 1260 1615 1300 sorores
1643 1245 1920 1314 Gorgonas
1952 1245 2108 1314 adju-

545 1337 680 1391 torio
706 1336 954 1390 Minervae
981 1333 1313 1389 interfecisse
1336 1375 1350 1397 ,
1394 1343 1486 1388 aut
1535 1351 1654 1390 cum
1690 1335 1864 1389 alatus
1887 1350 2108 1390 aversus

545 1428 719 1482 volare
751 1427 988 1495 ﬁngitur,
1033 1433 1125 1479 aut
1154 1441 1274 1480 cum
1299 1427 1362 1479 de
1397 1427 1651 1494 sanguine
1679 1425 1793 1493 ejus
1821 1427 1969 1480 nasci
1998 1426 2106 1480 fer-

545 1525 652 1598 tur.
677 1517 929 1588 Pegasus,
965 1532 1134 1586 equus
1171 1517 1344 1571 alatus
1367 1557 1381 1582 ,
1413 1519 1502 1586 qui
1549 1519 1742 1588 ungula
1770 1535 1862 1573 sua
1904 1518 2106 1573 fontem

545 1605 746 1674 rupisse
779 1605 942 1661 Musis
970 1606 1304 1675 depingitur?
1328 1605 1408 1658 An
1440 1622 1544 1660 non
1583 1607 1776 1661 divinis
1812 1607 2108 1677 Scripturis

544 1699 870 1753 contrarium
904 1707 1004 1763 est,
1051 1699 1193 1766 quod
1219 1698 1598 1753 Prometheum
1634 1698 1874 1751 homines
1903 1713 1966 1751 ex
1997 1697 2107 1750 luto

2211 521 2460 574 mandum
2488 521 2788 587 familiaria,
2818 538 3040 592 prorsus
3067 533 3212 591 sunt,
3247 535 3305 578 ut
3325 526 3527 594 prmfati
3563 543 3749 594 sumus,

2208 624 2240 664 a
2259 609 2455 664 divinis
2483 610 2679 666 litteris
2702 612 2893 666 aliena.
2937 611 3091 677 Nam,
3135 622 3196 667 ut
3218 624 3411 668 canora
3456 625 3748 682 taceamus,

2210 700 2253 754 si
2279 699 2399 767 quis
2424 700 2594 768 pictor
2636 700 2742 754 duo
2775 703 2950 770 capita
2977 703 3030 756 in
3055 720 3162 758 uno
3183 719 3424 772 corpore,
3451 714 3542 760 aut
3569 707 3622 759 in
3641 707 3750 760 duo-

2207 789 2307 842 bus
2341 791 2653 857 corporibus
2677 800 2838 861 caput
2868 807 3061 854 unum,
3105 801 3197 847 aut
3232 793 3454 848 alterius
3486 795 3751 850 animantis

2208 888 2385 949 caput,
2413 881 2634 937 alterius
2656 892 2849 938 caetera
2887 885 3128 939 membra
3151 924 3166 950 ,
3199 894 3257 938 ut
3284 885 3750 954 Hippocentaurum

2209 981 2320 1026 toto
2347 987 2572 1041 corpore
2594 975 2789 1042 equino
2818 983 2873 1028 et
2907 984 3083 1044 capite
3120 976 3384 1041 humano,
3430 984 3486 1029 et
3512 977 3755 1029 Minotau-

2209 1079 2325 1118 rum
2347 1065 2670 1118 semibovem
2697 1065 3114 1135 semivirumque
3135 1065 3348 1122 affectet
3370 1067 3605 1135 pingere,
3636 1083 3749 1120 nua-

2207 1152 2334 1221 quid
2370 1167 2473 1206 non
2521 1151 2810 1222 Scripturis
2857 1155 3054 1210 dicitur
3085 1157 3394 1212 contraire?
3433 1157 3630 1226 Ecquid
3676 1166 3748 1211 est

2206 1243 2422 1307 dicere,
2459 1243 2583 1296 Non
2624 1254 2929 1300 contraeunt
2979 1249 3199 1316 pictores
3246 1245 3576 1316 Scripturis?
3613 1249 3747 1316 quasi

2207 1346 2313 1385 non
2347 1331 2524 1399 aliqua
2561 1346 2590 1384 a
2618 1332 2912 1401 pictoribus
2943 1335 3150 1402 possint
3180 1335 3395 1404 depingi
3437 1351 3556 1403 qua:
3599 1339 3747 1391 Sacris

2205 1420 2396 1473 litteris
2430 1421 2718 1474 credantur
2743 1421 3019 1491 refragari.
3044 1422 3098 1476 In
3133 1424 3304 1478 sacris
3328 1425 3528 1478 etenim
3554 1425 3744 1488 litteris,

2205 1512 2337 1565 nihil
2361 1513 2642 1579 vitiosum,
2670 1514 2802 1568 nihil
2845 1515 3242 1580 inconveniens,
3292 1517 3424 1570 nihil
3461 1518 3738 1585 impurum,

2204 1601 2336 1656 nihil
2379 1601 2591 1667 falsum,
2622 1604 2725 1657 nisi
2771 1603 2908 1659 forte
2950 1605 3002 1658 id
3039 1605 3182 1674 quod
3206 1621 3490 1674 perversos
3526 1621 3743 1674 quosque

2206 1691 2405 1746 dixisse
2449 1693 2533 1747 vel
2567 1691 2758 1749 fecisse
2801 1702 2988 1749 sancta
3040 1695 3316 1764 Scriptura
3356 1701 3742 1756 commemorat,

543 1788 759 1844 tinxisse
783 1788 1102 1843 inaniniatos
1126 1787 1350 1859 ﬁngunt,
1380 1798 1434 1842 et
1456 1789 1701 1843 eumdem
1727 1787 2102 1842 Prometheum

2207 1783 2420 1850 penitus
2468 1783 2765 1849 invenitur;
2807 1785 2862 1838 in
2904 1785 3127 1853 picturis
3163 1791 3342 1844 autem
3394 1784 3549 1852 plura
3591 1782 3742 1850 falsa,

542 1892 571 1932 a
597 1877 831 1932 Minerva
859 1877 912 1931 in
941 1877 1135 1932 coelum
1157 1877 1387 1932 levatum
1426 1877 1565 1932 inter
1587 1892 1710 1932 oras
1741 1876 2104 1946 septemplicis

542 1968 732 2039 clypei,
759 1977 814 2023 et
850 1969 976 2023 dum
1018 1969 1196 2022 omnia
1223 1968 1459 2022 cmlestia
1485 1967 1727 2031 vidisset,
1756 1966 1963 2036 lingunt
1983 1980 2106 2020 eum

540 2056 765 2112 ferulam
811 2057 1114 2113 thbiacis
1145 2057 1439 2128 applicasse
1469 2058 1602 2113 rotis
1626 2098 1641 2122 ,
1669 2057 1955 2126 ignemque
1988 2071 2108 2113 esse

543 2147 773 2202 furatum
789 2189 804 2214 ,
830 2156 883 2203 et
903 2149 1210 2217 pectusculo
1247 2151 1480 2205 hominis
1502 2165 1661 2219 quem
1685 2151 1913 2204 ﬁnxerat
1940 2149 2109 2219 appli-

540 2248 661 2293 cato
701 2239 991 2293 animatum
1034 2240 1329 2295 reddidisse
1367 2241 1596 2309 corpus?
1637 2239 1718 2293 An
1761 2255 1867 2292 non
1913 2239 2107 2293 divinis

541 2329 832 2399 Scripturis
873 2330 1200 2385 contrarium
1229 2338 1348 2394 est,
1398 2330 1540 2399 quod
1573 2329 1854 2384 Tantalum
1901 2327 2108 2398 ﬁngunt

541 2419 594 2474 in
619 2419 828 2476 inferno
851 2420 904 2474 in
926 2421 1154 2490 quodam
1174 2421 1292 2476 lacu
1326 2421 1655 2490 depositum,
1681 2420 1837 2489 eique
1857 2418 2105 2474 fallacem

534 2526 731 2580 aquam
754 2510 953 2581 gulosis
983 2510 1120 2566 labia
1144 2511 1499 2566 titillamentis
1527 2512 1808 2580 attingere,
1841 2525 2107 2579 pomaque

543 2599 777 2670 fugitivis
823 2599 1209 2656 cinerescentia
1259 2601 1491 2655 tactibus
1522 2601 1749 2669 desuper
1778 2598 1914 2653 facie
1953 2607 2107 2653 tenus

538 2688 766 2756 pendula
797 2703 1088 2757 apparere,
1127 2689 1285 2758 eique
1330 2703 1451 2744 esse
1487 2689 1805 2758 locupletem
1841 2689 2015 2743 visum
2052 2696 2106 2744 et

541 2793 825 2847 pauperem
850 2778 1133 2834 effectum?
1159 2780 1243 2832 An
1281 2795 1388 2834 non
1416 2779 1610 2834 divinis
1651 2779 1943 2848 Scripturis
1980 2778 2108 2832 alie-

541 2882 666 2920 num
693 2874 795 2933 est,
841 2883 964 2923 cum
1002 2867 1240 2923 Phineus
1281 2883 1452 2923 caecus
1490 2867 1738 2938 ﬁngitur,
1781 2865 1934 2934 cujus
1959 2867 2108 2922 cibos

542 2955 784 3025 Harpyia:
831 2957 1086 3024 rapuisse,
1132 2955 1353 3026 ejusque
1372 2957 1596 3025 prandia
1638 2958 1965 3011 stercoribus
2013 2955 2108 3012 fte-

542 3046 695 3100 dasse
741 3046 1064 3115 pinguntur,
1123 3062 1256 3116 quas
1305 3047 1467 3102 Zetus
1514 3056 1569 3101 et
1603 3046 1776 3102 Calais
1827 3046 2104 3116 Aquilonis

543 3135 685 3189 venti
726 3135 818 3188 ﬁlii
853 3135 1066 3205 fugasse
1111 3152 1142 3190 a
1173 3143 1461 3205 conspectu
1499 3136 1616 3206 ejus
1646 3137 1971 3192 mendaciter
1999 3138 2102 3191 ﬁn-
2131 3128 2156 3160 τ

542 3225 772 3295 guntur?
807 3223 888 3278 An
923 3241 1028 3280 non
1069 3226 1265 3281 divinis
1309 3226 1602 3295 Scripturis
1645 3227 1974 3281 contrarium
1999 3236 2101 3292 est,

543 3326 664 3366 cum
696 3310 954 3366 Admetus
979 3326 1071 3366 rex
1098 3311 1338 3378 Graeciae,
1363 3321 1423 3367 ut
1442 3313 1670 3368 Alcestae
1690 3313 1934 3383 conjugio
1963 3314 2106 3370 frue-

543 3410 690 3455 retur
725 3403 1017 3457 secundum
1045 3404 1375 3473 propositum
1399 3408 1570 3459 soceri
1601 3405 1806 3460 leonem
1833 3416 1885 3460 et
1913 3421 2104 3475 aprum

543 3492 609 3546 ad
638 3507 853 3546 currum
889 3493 1046 3546 simul
1076 3491 1312 3561 junctos,
1359 3493 1617 3562 Apollinis
1641 3503 1694 3549 et
1732 3495 1972 3551 Herculis
2013 3497 2108 3550 ad-

543 3579 797 3640 iutorium
833 3583 1080 3639 habuisse
1106 3585 1382 3656 pingitur?
1415 3585 1520 3640 Aut
1541 3603 1662 3641 cum
1694 3587 1951 3644 Hercules
1979 3588 2108 3644 Cer—

543 3670 731 3728 herum
753 3673 1039 3744 tricipitem
1066 3690 1254 3730 canem
1284 3675 1576 3731 inferorum
1607 3678 1944 3733 interemisse
1981 3680 2105 3749 pin-

545 3759 722 3826 gitur?
765 3761 850 3816 An
903 3777 1011 3817 non
1054 3763 1249 3818 divinis
1282 3762 1577 3834 Scripturis
1626 3767 1954 3820 contrarium
2001 3777 2104 3835 est,

546 3850 685 3918 quod
728 3849 1022 3907 Acteonem
1049 3853 1335 3921 quemdam
1364 3863 1671 3909 venatorem
1715 3869 1778 3910 eo
1806 3856 1947 3925 quod
1986 3857 2108 3910 Dia-

548 3955 670 3994 nam
717 3939 979 3995 lavantem
1023 3942 1233 4008 viderit,
1283 3943 1339 3997 in
1368 3959 1583 3999 cervum
1613 3944 1820 4016 ﬁngunt
1842 3960 1959 4001 esse
1983 3964 2110 4002 con-

548 4045 780 4096 versum,
820 4039 875 4085 et
913 4047 944 4085 a
972 4033 1193 4088 canibus
1241 4033 1354 4088 suis
1380 4050 1485 4089 non
1521 4036 1788 4102 agnitum,
1819 4051 2110 4107 eorumque

549 4121 815 4176 morsibus
843 4121 1190 4177 devoratum?
1213 4122 1296 4178 An
1315 4138 1421 4178 non
1448 4125 1643 4181 divinis
1671 4125 1961 4195 Scripturis
1985 4144 2111 4183 con-

548 4209 772 4263 trarium
829 4218 952 4276 est,
1014 4213 1154 4280 quod
1220 4213 1574 4283 Berecynthia
1621 4229 1842 4283 puerum
1898 4216 2109 4274 formo-

549 4299 818 4354 sissimum
844 4299 984 4372 Atyn
1016 4317 1225 4357 amasse
1249 4342 1264 4367 ,
1304 4317 1532 4373 eumque
1561 4305 1838 4376 zelotypiae
1868 4309 2107 4365 vanitate

2201 1870 2353 1940 plura
2397 1871 2606 1936 vitiosa,
2642 1872 2795 1941 plura
2840 1873 3293 1943 inconsequentia,
3323 1871 3481 1940 plura
3515 1871 3742 1926 inconve-

2202 1962 2420 2027 nientia,
2450 1969 2524 2027 et,
2551 1971 2612 2016 ut
2640 1963 2847 2033 singula
2873 1972 3094 2027 taceam,
3130 1978 3266 2032 pene
3294 1963 3476 2016 omnia
3509 1962 3617 2017 sive
3641 1977 3743 2030 pos-

2204 2053 2379 2108 sibilia
2399 2094 2414 2118 ,
2444 2054 2556 2109 sive
2586 2055 2959 2125 impossibilia,
3000 2055 3068 2109 ah
3098 2055 3324 2109 eruditis
3352 2055 3644 2123 pictoribus
3669 2052 3743 2106 de

2202 2143 2495 2213 pinguntur
2524 2157 2538 2196 :
2572 2144 2765 2212 quibus
2786 2144 3119 2198 documentis
3154 2143 3387 2198 Joannes
3406 2144 3678 2212 presbyter
3699 2148 3741 2194 ct

2203 2235 2411 2306 legatus
2445 2235 2796 2290 Orientalium
2836 2236 2888 2290 in
2932 2237 3035 2290 hac
3067 2251 3278 2306 quoque
3318 2246 3508 2306 parte,
3539 2237 3667 2290 sicut
3696 2243 3742 2290 ct

2204 2327 2259 2381 in
2302 2327 2510 2381 creteris
2535 2327 2792 2381 delirasse
2833 2326 3188 2380 convincitur.
3219 2326 3373 2393 Quod
3406 2336 3584 2381 autem
3610 2342 3741 2395 prcs-

2203 2417 2357 2488 byter
2381 2416 2520 2470 idem
2542 2416 2646 2481 ait,
2676 2417 2896 2487 pictores
2934 2416 3184 2487 quidquid
3219 2416 3496 2487 Scriptura
3541 2417 3744 2487 loquitur

2203 2506 2581 2572 demonstrare,
2607 2522 2767 2576 quam
2795 2507 2866 2560 sit
2891 2505 3082 2561 falsum
3117 2522 3381 2575 quamque
3412 2507 3616 2569 inutile,
3638 2521 3742 2573 pro.

2205 2599 2335 2653 dens
2359 2597 2526 2653 lector
2551 2599 2812 2652 advertat.
2843 2597 3217 2667 Nunquidnam
3253 2597 3450 2652 divina:
3473 2607 3656 2652 cuncta
3681 2597 3742 2649 le-

2204 2689 2286 2758 gis
2311 2697 2576 2758 praacepta
2621 2702 2740 2756 quae
2767 2703 2798 2741 a
2825 2689 3048 2743 Domino
3090 2704 3187 2757 per
3224 2688 3445 2757 Moysen
3469 2679 3586 2742 data
3620 2694 3740 2744 sunt.

2204 2786 2264 2832 ut
2279 2788 2362 2833 est
2383 2779 2528 2842 illud,
2555 2779 2690 2831 Audi
2711 2777 2897 2844 Israel,
2912 2778 3164 2832 Dominus
3189 2779 3463 2833 Deustuus
3481 2779 3611 2831 Deus
3632 2791 3741 2829 unus

2204 2876 2278 2920 est
2306 2867 2482 2937 (Deut.
2505 2867 2601 2931 vr),
2631 2875 2684 2919 ct
2703 2875 2894 2921 caetera
2921 2869 3305 2935 hujuscemodi,
3333 2868 3386 2921 in
3417 2869 3607 2937 quibus
3629 2864 3741 2919 nihil

2205 2965 2397 3012 sonant
2423 2971 2542 3025 qua:
2585 2957 2728 3026 pingi
2751 2957 2974 3024 possint,
3007 2971 3037 3009 a
3064 2957 3357 3025 pictoribus
3391 2958 3742 3011 demonstrau-

2207 3045 2328 3098 tur?
2363 3041 2735 3112 Nunquiduam
2785 3045 2963 3098 omnia
3012 3045 3172 3098 verba
3230 3045 3641 3114 prophetarum,
3700 3043 3742 3096 in

2207 3133 2400 3200 quibus
2430 3133 2683 3187 doctrinae
2700 3173 2714 3196 ,
2743 3133 3163 3197 exhortationes,
3189 3134 3611 3204 redargutiones,
3637 3149 3743 3188 con-

2205 3220 2596 3289 tcmplationes,
2652 3221 2828 3286 utinm,
2879 3220 2960 3274 vel
2987 3231 3179 3276 caetera
3227 3223 3310 3276 his
3352 3224 3549 3277 similia
3592 3221 3743 3276 conti-

2204 3318 2418 3374 nentur,
2465 3308 2518 3361 in
2547 3309 2740 3378 quibus
2765 3310 2956 3364 crebro
2996 3310 3296 3376 invenitur,
3337 3310 3470 3365 llwc
3495 3313 3613 3365 dicit
3651 3311 3743 3363 Do-

2203 3400 2374 3452 minus
2396 3439 2410 3462 ,
2439 3407 2549 3463 aut,
2579 3399 2785 3454 Iuravit
2814 3400 3087 3468 Dominus,
3126 3411 3218 3456 aut
3258 3403 3342 3457 his
3383 3405 3576 3460 similia
3597 3445 3610 3467 ,
3642 3418 3744 3473 qua:

2205 3489 2273 3544 ab
2304 3489 2654 3559 scriptoribus
2685 3493 2862 3560 potius
2887 3504 3046 3562 quam
3082 3511 3112 3548 a
3133 3497 3427 3564 pictoribus
3445 3508 3742 3561 exarantur,

2204 3579 2413 3648 pictura
2439 3583 2728 3636 secundum
2755 3583 2866 3652 ejus
2893 3586 3181 3641 vanitatem
3207 3590 3572 3645 demonstrare
3596 3591 3744 3645 valet!

2206 3668 2578 3739 Nunquiduatn
2629 3673 2790 3726 verba
2836 3673 3002 3742 ipsius
3044 3676 3255 3730 Domini
3301 3687 3356 3732 et
3400 3681 3742 3749 apostolorum

2207 3760 2414 3832 singula
2447 3777 2477 3815 a
2508 3763 2802 3831 pictoribus
2840 3775 3063 3834 possunt
3098 3767 3489 3824 demonstrari?
3529 3770 3748 3825 Pictores

2209 3851 2372 3919 igitur
2397 3865 2573 3904 rerum
2595 3862 2863 3922 gestarum
2891 3856 3142 3912 historias
3177 3860 3244 3914 ad
3271 3862 3580 3915 memoriam
3612 3862 3747 3915 redu-

2209 3957 2330 3996 cere
2373 3944 2760 4010 quodammodo
2801 3946 2997 4011 valent,
3034 3963 3118 4002 res
3166 3957 3342 4003 autem
3369 3965 3491 4018 qua:
3528 3952 3746 4005 sensibus

2212 4033 2578 4086 tantummodo
2603 4033 2970 4103 percipiuntur
2993 4045 3046 4091 et
3075 4039 3247 4092 verbis
3273 4039 3628 4109 proferuntur,
3652 4055 3744 4093 non

2209 4138 2240 4176 a
2277 4124 2566 4192 pictoribus
2591 4163 2606 4188 ,
2646 4127 2739 4180 sed
2768 4127 2835 4181 ab
2883 4129 3234 4198 scriptoribus
3266 4136 3638 4202 comprehendi
3660 4173 3674 4197 ,
3702 4140 3747 4184 et

2210 4214 2437 4266 aliorum
2476 4213 2732 4270 relatibus
2782 4217 3133 4273 demonstrari
3188 4221 3395 4288 valent,
3447 4240 3512 4279 ac
3538 4240 3630 4293 per
3661 4225 3748 4276 hoc

2211 4305 2498 4358 absurdum
2529 4315 2611 4358 est
2632 4306 2809 4361 dicere
2838 4321 2851 4360 :
2882 4307 3006 4363 Non
3043 4320 3345 4367 contraeunt
3383 4316 3600 4384 pictores
3622 4314 3748 4368 Scri-

551 4401 805 4444 succensa
827 4399 1119 4457 castrasse,
1148 4399 1202 4447 et
1226 4393 1654 4448 semimasculum
1699 4393 1891 4452 fecisse
1925 4399 2110 4468 depin-
2138 4426 2184 4485 D
2209 4398 2397 4464 pluris,
2434 4396 2523 4449 sed
2548 4397 2797 4467 quidquid
2828 4399 3098 4470 Scriptura
3135 4403 3386 4474 loquitur,
3432 4408 3528 4460 hoc
3558 4408 3746 4460 demon-

548 4479 729 4550 gitur?
755 4481 838 4534 An
865 4497 970 4536 non
1014 4484 1208 4539 divinis
1258 4483 1552 4555 Scripturis
1605 4490 1935 4546 contrarium
1983 4501 2106 4558 est,

551 4571 693 4640 quod
735 4572 976 4641 Orpheus
1003 4575 1287 4632 Euridicen
1318 4580 1608 4649 nympham
1641 4596 1850 4636 amasse
1893 4591 1948 4637 et
1978 4599 2109 4640 sono

549 4659 784 4730 cytharzc
828 4675 1140 4729 persuasam
1181 4680 1405 4720 uxorem
1439 4667 1654 4724 duxisse
1690 4669 1944 4742 pingitur,
1983 4689 2104 4742 quae

550 4747 710 4802 etiam
733 4748 857 4804 dum
882 4749 1076 4806 Aristei
1109 4755 1340 4823 pastoris
1358 4759 1782 4825 persecutionem
1804 4776 1909 4814 non
1934 4761 2111 4818 ferens

549 4836 774 4909 fugeret,
802 4847 856 4896 et
878 4839 932 4895 in
961 4851 1265 4912 serpentem
1292 4846 1532 4901 incidens
1547 4858 1757 4903 mortua
1781 4860 1942 4916 esset,
1971 4866 2113 4906 eam—

549 4943 656 4998 que
706 4931 929 4986 maritus
971 4933 1254 5003 insequens
1306 4937 1374 4992 ad
1411 4935 1612 4993 inferos
1641 4939 2015 5006 descenderet,
2055 4951 2109 4997 et

548 5019 720 5089 legem
746 5022 1011 5093 acciperet
1037 5040 1105 5080 ne
1152 5041 1270 5082 eam
1305 5043 1593 5085 conversus
1619 5031 1918 5101 aspiceret,
1968 5033 2108 5088 hanc

548 5127 837 5169 conversus
864 5117 1132 5184 aspexisse
1154 5127 1208 5172 et
1231 5120 1404 5175 denuo
1432 5123 1731 5190 perdidisse
1754 5123 2004 5194 ﬁngitur?
2025 5126 2106 5178 An

549 5217 658 5257 non
690 5202 882 5259 divinis
904 5202 1193 5275 Scripturis
1216 5209 1447 5265 alienum
1472 5220 1582 5276 est,
1616 5215 1760 5283 quod
1787 5215 1962 5270 Venus
1989 5233 2051 5270 cu
2063 5233 2112 5270 m

548 5289 716 5346 Marte
740 5295 1090 5350 concubuisse
1117 5306 1171 5350 et
1195 5313 1224 5352 a
1255 5297 1377 5354 Sole
1402 5300 1733 5372 deprehensa
1750 5344 1766 5368 ,
1793 5313 1847 5359 et
1874 5307 2112 5363 Vulcano

551 5382 794 5450 prodita,
841 5391 898 5440 et
941 5386 1009 5441 ab
1049 5385 1140 5442 illo
1190 5390 1548 5448 adamantinis
1586 5396 1788 5450 catenis
1835 5413 1940 5451 una
1991 5414 2113 5453 cum

551 5469 718 5525 Marte
760 5473 992 5543 pingitur
1022 5474 1186 5531 fuisse
1220 5479 1474 5549 religata?
1505 5481 1632 5540 Haec
1657 5491 1711 5538 et
1747 5485 1831 5540 his
1877 5487 2071 5542 similia
2094 5527 2110 5552 ,

553 5575 668 5628 qua:
697 5569 751 5615 et
775 5563 928 5618 nobis
962 5565 1030 5620 ad
1053 5569 1400 5624 retexendum
1421 5580 1550 5626 sunt
1578 5571 1876 5642 fastidiosa,
1899 5585 1955 5631 et
1979 5592 2110 5646 poe-

553 5648 624 5706 tis
648 5650 760 5706 sive
774 5653 1096 5724 philosophis
1114 5660 1352 5728 gentium
1373 5662 1455 5717 vel
1479 5665 1545 5720 ad
1567 5670 1888 5724 cantandum
1908 5669 2109 5737 suavia,

2214 4495 2375 4539 trant.
2400 4485 2568 4541 Porro
2607 4491 2746 4556 quod
2770 4489 2864 4555 ait,
2894 4491 3184 4546 Concordes
3205 4503 3325 4547 sunt
3357 4493 3746 4565 Scripturormn,

2214 4589 2372 4643 quam
2395 4574 2467 4629 sit
2492 4575 2751 4631 insulsum
2771 4619 2785 4644 ,
2810 4595 3076 4649 quamque
3111 4585 3431 4652 absurdum,
3461 4589 3634 4642 multis
3663 4601 3747 4655 po-

2214 4673 2318 4721 test
2353 4669 2634 4737 approbari
2667 4672 2896 4727 indiciis.
2931 4675 3149 4741 Qualem
3171 4679 3314 4734 enim
3341 4685 3748 4738 concordantiam

2211 4767 2434 4825 possunt
2456 4761 2655 4815 habere
2679 4778 2801 4816 cum
2836 4765 3126 4834 Scripturis
3153 4771 3343 4836 sacris,
3384 4788 3504 4826 cum
3537 4773 3635 4827 illae
3668 4787 3747 4824 ve-

2213 4862 2364 4901 races
2409 4849 2538 4914 sint,
2568 4850 2654 4905 isti
2693 4853 3006 4924 plerumque
3054 4857 3186 4912 falsa
3229 4862 3573 4933 conﬁngant?
3605 4872 3655 4918 et
3693 4863 3747 4916 de

2213 4939 2319 4993 illis
2338 4939 2568 5006 dicatur,
2592 4941 2815 5012 Eloquia
2850 4945 3060 5001 Domini
3085 4948 3287 5020 eloquia
3313 4963 3454 5007 casta
3482 4953 3626 5024 (Psal
3651 4957 3747 5020 ιι),

2215 5031 2302 5084 isti
2339 5031 2608 5085 interdum
2630 5032 2830 5102 ﬁngant
2854 5035 3062 5104 impura
3090 5049 3144 5092 et
3168 5041 3408 5095 incesta?
3430 5042 3532 5097 llhe
3556 5056 3746 5111 semper

2213 5123 2472 5176 suadeant
2519 5124 2742 5179 honesta
2772 5135 2827 5182 et
2877 5129 3139 5196 salubria,
3189 5134 3278 5188 isti
3311 5136 3576 5192 multoties
3617 5137 3741 5190 inho-

2213 5222 2365 5266 nesta
2404 5222 2457 5266 et
2485 5214 2750 5270 ludibria?
2783 5219 2890 5274 illa:
2927 5235 3137 5291 semper
3170 5223 3371 5279 instent
3400 5227 3637 5282 humanae
3672 5241 3746 5281 sa-

2213 5304 2330 5371 luti,
2369 5306 2460 5360 isti
2486 5306 2799 5379 plerumque
2843 5313 3099 5368 vanitati?
3119 5313 3227 5366 Illa:
3257 5330 3465 5387 semper
3492 5320 3743 5374 hortentur

2214 5399 2280 5452 ad
2324 5399 2560 5455 coelestia
2591 5401 2730 5458 dona
2751 5444 2766 5468 ,
2816 5405 2905 5460 isti
2945 5409 3134 5463 crebro
3167 5411 3451 5483 depingant
3495 5411 3743 5467 terrestria

2213 5503 2436 5580 quaeque
2482 5501 2535 5546 et
2567 5494 2799 5550 caduca?
2835 5497 3042 5563 Quanta
3072 5502 3216 5556 enim
3263 5505 3630 5560 concordantia
3676 5511 3741 5580 est

2216 5579 2355 5634 inter
2379 5583 2432 5637 id
2469 5586 2609 5654 quod
2644 5601 2855 5656 semper
2890 5592 3099 5646 veritati
3143 5593 3404 5662 innititur,
3449 5602 3502 5650 et
3532 5596 3584 5650 id
3621 5579 3743 5664 quod

2215 5671 2529 5745 plerumque
2554 5678 2854 5748 veritatem,
2878 5683 3194 5755 plerumque
3226 5689 3500 5746 falsitatem
3538 5688 3747 5757 insequi-
