4028 6180
273 416 408 474 “65

1061 396 1235 455 ΠΒΜ
1266 390 1605 449 CAROLINL
1648 419 1715 429 —-—
1754 384 1973 442 CAP”.
2019 383 2105 438 DE
2145 380 2331 436 MAG.
2372 408 2442 419 -—
2480 376 2605 430 LIB.
2647 374 2730 427 lll.

3380 362 3504 416 1166

270 461 546 568 t-urZ'tama
572 496 833 552 nimirum
852 486 1345 546 concordantia'est
1367 483 1509 535 inter
1529 479 1837 548 Scripturas
1870 480 1921 537 Α»
1944 474 2020 528 ris
2046 472 2114 527 ad
2160 468 2489 526 offerendum
2515 466 2723 527 ductus,
2772 461 2959 529 virque
2990 462 3278 514 sanctitate
3306 462 3354 510 et
3393 468 3512 556 cas-

269 598 478 655 divinas
501 605 622 662 quae
649 598 860 655 semper
885 595 1047 652 puras
1076 587 1130 633 et
1151 578 1288 630 ﬁxas
1310 575 1523 645 regulas
1552 577 1757 631 tenent,
1781 576 1837 622 et

272 690 505 759 pictores
548 682 640 753 qui
671 676 974 734 mortalium
1007 686 1155 726 more
1196 669 1375 738 plures
1416 663 1840 735 permutationes

225 818 231 853 ,η
273 781 493 837 habent.

227 850 234 874 ⁴
827 854 1054 914 CAPUT
1091 850 1277 907 XXIV.

273 1000 422 1069 Quod
454 1015 555 1053 non
580 996 689 1051 sint
726 990 1056 1069 coa'quanda:
1080 988 1330 1057 imagines
1352 982 1833 1069 reliquiiswstmcw-

342 1086 456 1124 rum
486 1075 777 1129 martyrum
805 1057 856 1116 et
884 1060 1256 1129 confessorum,
1296 1057 1537 1129 utillijn
1566 1067 1664 1129 sua
1690 1066 1834 1129 erro-

341 1121 452 1194 ait;
470 1121 667 1206 synodo
692 1134 862 1203 facere
881 1121 1132 1206 nituntur,
1157 1128 1377 1206 eo_quod
1398 1122 1745 1206 reliquite‘aut
1759 1121 1835 1206 με

341 1188 562 1278 corpore
578 1188 721 1266 aunt,
753 1209 843 1254 aut
877 1199 942 1278 de
968 1198 1049 1278 his
1068 1188 1185 1266 quae
1210 1188 1265 1251 iri
1284 1188 1526 1278 corpore,
1543 1188 1732 1278 ,αωρε
1752 1190 1834 1270 his

341 1259 455 1349 bitt;
475 1259 616 1328 circa
642 1259 826 1349 corpus
855 1259 1128 1336 cujusdam
1153 1267 1320 1348 sancti
1346 1259 1555 1334 fuerunt
1573 1275 1621 1349 ’ς
1637 1259 1839 1349 .t'magi;

343 1325 573 1402 Music;
591 1325 693 1395 nec
721 1325 773 1393 i'n
808 1325 1039 1406 corpore,
1073 1350 1163 1387 nec
1188 1337 1327 1406 circa
1346 1325 1544 1403 corpus
1568 1328 1731 1400 fuisse
1761 1325 1836 1381 uel

344 1417 453 1486 {ore
473 1412 756 1467 creduntur
776 1408 881 1461 illis
899 1404 1096 1476 quibus
1133 1404 1483 1458 ascribuntur.

343 1555 494 1611 Sicut
520 1551 685 1620 igitur
712 1548 938 1604 sacratis
965 1546 1128 1602 rebus
1174 1545 1426 1613 sive-qua:
1444 1558 1541 1614 per
1565 1526 1842 1613 legislato-

275 1661 407 1709 rem,
447 1644 561 1698 sive
608 1656 727 1711 quae
781 1655 878 1709 per
928 1638 1025 1694 Dei
1069 1647 1122 1694 et
1162 1638 1436 1693 hominum
1495 1635 1842 1691 mediatorem

274 1743 497 1791 sacrata:
528 1740 668 1793 sunt,
715 1731 827 1786 sive
852 1730 1018 1785 etiam
1063 1743 1182 1799 quae
1209 1727 1449 1798 quotidie
1482 1741 1513 1780 a
1551 1724 1842 1781 sacerdoti-

1943 562 2165 615 timonia
2209 560 2389 614 clarus
2430 554 2584 623 juxta
2635 563 2842 621 patrem
2893 549 3188 605 secundum
3239 544 3512 614 propriam

1933 647 2230 718 jussionem
2271 643 2509 698 creditur
2546 656 2575 694 a
2630 639 2753 693 ﬁliis
2819 637 2986 691 fuisse
3031 633 3292 703 sepultus.
3341 630 3509 686 Jacob

1938 751 2151 810 quoque
2198 735 2284 789 vir
2308 745 2515 804 magna:
2563 729 2835 800 patientia:
2872 726 3068 783 divinis
3100 723 3303 778 aﬁ‘atim
3352 723 3510 778 robo-

1939 834 2089 881 ratus
2131 823 2366 880 craculis
2394 830 2448 876 et
2469 820 2674 874 crebris
2727 816 3231 887 repromissionibus
3256 813 3512 869 exhorta-

1939 925 2045 980 tus,
2084 928 2206 969 cum
2252 910 2410 965 famis
2471 908 2705 978 inopiam
2778 906 2971 970 vitare,
3032 912 3088 959 et
3139 902 3508 958 dulcissimum

1936 1005 2129 1077 pignus
2152 1001 2293 1072 quod
2320 999 2643 1055 exstinctum
2682 996 2984 1052 crediderat
3010 1007 3230 1049 cernere
3263 991 3506 1061 cupiens,

1939 1110 2062 1151 cum
2088 1093 2234 1149 clara
2272 1090 2529 1162 progenie
2570 1087 2802 1143 Niliacas
2853 1083 3215 1141 descendisset
3262 1083 3318 1137 in
3362 1097 3508 1145 oras,

1939 1200 2045 1241 non
2068 1199 2127 1239 se
2152 1182 2347 1237 ibidem
2387 1178 2603 1249 sepeliri
2628 1176 2893 1247 permisit,
2922 1175 3016 1230 sed
3035 1188 3230 1243 corpus
3255 1186 3413 1227 suum
3442 1171 3512 1227 ad

1940 1283 2136 1330 terram
2200 1273 2301 1328 sibi
2354 1271 2703 1341 patribusque
2758 1269 2872 1322 suis
2919 1266 3318 1336 repromissam,
3356 1261 3513 1332 juxta

1939 1381 2061 1421 ossa
2101 1364 2272 1435 patris
2318 1363 2511 1432 avique
2554 1359 2919 1430 sepeliendum
2966 1357 3155 1412 advehi
3193 1356 3413 1421 sanxit;
3455 1363 3513 1410 et

1940 1446 2065 1530 quia
2091 1465 2315 1529 quartus
2346 1457 2400 1511 in
2429 1456 2615 1512 eadem
2642 1452 2914 1522 spelunca,
2960 1452 3014 1505 in
3063 1449 3216 1519 cujus
3255 1448 3512 1504 interiore

1939 1557 2092 1619 parte
2142 1546 2311 1601 Adam
2340 1544 2581 1615 sepultus
2608 1541 2801 1607 fuerat,
2826 1539 2983 1610 juxta
3012 1553 3169 1594 avum
3199 1545 3515 1607 patremque

1941 1641 2182 1712 sepultus
2233 1647 2337 1704 est,
2389 1637 2509 1691 loco
2553 1649 2750 1689 nomen
2793 1631 2973 1695 Arbee,
3033 1630 3089 1685 id
3129 1637 3232 1693 est,
3282 1635 3512 1697 quatuor

1943 1732 2090 1789 dedit
2120 1728 2273 1801 (Gen.
2305 1725 2604 1798 1.).Joseph
2649 1737 2863 1792 quoque
2897 1721 2990 1791 qui
3015 1718 3209 1790 typicis
3243 1716 3518 1788 mysteriis

273 1827 374 1882 bus
401 1824 565 1879 divini
600 1820 833 1876 nominis
868 1820 1205 1874 invocatione
1224 1825 1519 1880 sacrant”,
1554 1823 1609 1871 el
1630 1816 1685 1869 ill
1719 1828 1835 1884 my-
1864 1832 1914 1892 Β
1942 1838 1973 1877 a
2021 1821 2329 1893 gentilibus,
2381 1816 2612 1872 salvator
2656 1813 2839 1868 mundi
2888 1810 3144 1882 appellari
3192 1809 3408 1874 meruit,
3461 1819 3516 1863 et

274 1917 497 1973 sterium
535 1920 734 1968 nostra:
785 1909 1169 1979 redemptionis
1213 1916 1518 1971 sumuntur,
1576 1904 1839 1975 imagines

275 2020 608 2076 nequaquam
637 2002 974 2071 coaequandte
1010 2006 1155 2063 sunt,
1188 1998 1262 2051 ita
1304 1997 1465 2051 etiam
1493 2010 1592 2050 nec
1621 2002 1839 2050 sancto-

275 2113 396 2151 rum
450 2102 750 2165 martyrum
811 2105 906 2146 seu
962 2086 1331 2143 confessorum
1391 2084 1655 2155 reliquiis,
1719 2097 1841 2152 qua:

277 2186 415 2256 apud
450 2184 635 2240 ﬁdeles
681 2183 919 2252 ipsorum
954 2194 1136 2235 amore
1192 2177 1523 2235 venerationi
1572 2177 1842 2231 habentur

277 2276 614 2347 coaequandae
642 2272 953 2328 creduntur.
993 2268 1138 2335 Quas
1164 2268 1381 2338 quidem
1413 2267 1488 2321 illi
1525 2266 1617 2336 qui
1664 2267 1718 2320 in
1751 2279 1843 2320 ea-

277 2384 394 2423 rum
431 2365 796 2421 adorationem
819 2367 1137 2416 exarserunt
1177 2373 1300 2413 cum
1325 2357 1575 2412 omnibus
1614 2354 1843 2410 sacratis

280 2459 437 2514 rebus
481 2464 535 2511 et
584 2453 854 2525 mysteriis
884 2451 1056 2521 plenis
1083 2449 1416 2519 aequiparare
1445 2448 1707 2511 nitantur,
1759 2461 1844 2501 re-

280 2547 458 2615 liquiis
504 2544 669 2599 etiam
694 2550 1004 2598 sanctorum
1033 2551 1331 2611 martyrum
1361 2539 1656 2594 insolenter
1681 2548 1843 2606 atque

280 2635 508 2691 absurde
546 2633 878 2702 aequiparare
914 2631 1177 2685 nituntur.
1202 2629 1336 2684 Cum
1366 2643 1495 2698 ergo
1534 2636 1843 2683 sanctorum

282 2724 591 2793 corporibus
616 2731 705 2776 aut
731 2728 877 2776 certe
910 2734 1192 2788 corporum
1221 2718 1480 2787 reliquiis,
1518 2732 1618 2771 nec
1646 2733 1751 2771 non
1791 2723 1847 2771 ct

283 2811 516 2866 vestibus
571 2817 664 2864 aut
709 2808 797 2864 his
871 2808 1155 2871 similibus,
1224 2800 1419 2876 quibus
1488 2805 1660 2860 sancti
1714 2805 1840 2859 dum

283 2902 579 2959 mortalitcr
610 2902 849 2955 viverent
875 2899 959 2954 usi
1008 2907 1152 2963 sunt,
1190 2898 1278 2952 isti
1304 2898 1541 2968 picturas
1567 2904 1660 2951 aut
1688 2896 1845 2951 catla-

284 3006 432 3052 turas
459 2996 502 3051 si
540 3011 571 3051 e
596 2994 861 3065 sculptilia
883 2992 966 3046 vel
1013 2990 1300 3047 conﬁatilia
1345 3004 1569 3060 quaeque
1602 2990 1670 3044 ab
1716 2989 1849 3043 arti-

285 3089 473 3143 ﬁcibus
505 3087 801 3156 quibusque
828 3083 1055 3139 formata
1099 3096 1377 3151 corequare
1419 3081 1471 3135 in
1498 3081 1701 3137 honore
1728 3094 1846 3135 mo-

1941 1913 2077 1968 mira
2104 1911 2392 1967 sanctitate
2422 1906 2564 1962 inter
2598 1904 2796 1959 fratres
2824 1902 3037 1965 enituit,
3083 1915 3205 1955 ossa
3249 1914 3347 1953 sua
3391 1896 3518 1952 ﬁliis

1941 2005 2106 2061 Israel
2137 2003 2205 2058 ad
2245 2010 2447 2056 terram
2484 1994 2917 2068 repromissionis
2948 1991 3189 2048 vehenda
3218 1989 3473 2060 praecepit
3501 2006 3515 2041 :

1943 2095 2086 2165 quod
2115 2092 2330 2165 quidem
2349 2088 2624 2161 legislator
2668 2086 2870 2141 idcirco
2900 2083 3123 2139 minime
3168 2092 3325 2152 agere
3350 2078 3520 2134 distu-

1945 2186 2024 2249 lit,
2076 2185 2202 2254 quia
2247 2182 2301 2237 id
2350 2180 2767 2248 haudquaquam
2818 2183 3006 2230 contra
3052 2171 3210 2226 ﬁdem
3248 2183 3367 2225 esse
3431 2182 3525 2225 co-

1944 2277 2149 2347 gnovit.
2188 2273 2299 2329 Viri
2325 2272 2507 2340 itaque
2531 2268 2702 2323 sancti
2743 2280 2958 2336 corpus,
3006 2262 3099 2332 qui
3135 2261 3201 2316 de
3250 2256 3384 2313 Juda
3455 2257 3523 2310 ad

1946 2369 2280 2438 arguendam
2330 2364 2626 2435 nequitiam
2696 2357 2981 2416 lsraelitici
3026 2355 3169 2426 regis
3223 2352 3276 2407 in
3335 2351 3522 2405 Bcthel

1948 2468 2200 2524 venerat,
2258 2455 2648 2524 dumpmpter
2695 2447 3128 2509 inobedientiam,
3186 2441 3314 2513 quia
3373 2442 3526 2497 cibos

1945 2549 2182 2607 civitatis
2225 2546 2481 2602 inbibitos
2543 2541 2790 2612 sumpsit,
2852 2539 3060 2594 alcone
3084 2536 3272 2592 fuisset
3324 2534 3527 2592 exstin-

1947 2651 2116 2706 ctum,
2171 2640 2239 2694 ab
2276 2628 2465 2693 eodem
2492 2635 2743 2690 nimirum
2771 2632 2924 2687 ledne
2949 2631 3147 2701 legitur
3173 2630 3521 2688 custoditum.

1948 2729 2043 2784 sed
2096 2727 2249 2797 culpa
2313 2723 2687 2806 inobedietuim
2734 2720 2925 2776 mortis
2982 2720 3275 2791 acerbitate
3326 2716 3524 2780 soluta,

1949 2836 2056 2875 non
2083 2816 2425 2890 praesumpsit
2461 2812 2690 2870 crudelis
2724 2810 2833 2867 fera
2877 2819 3121 2865 sanctum
3167 2823 3362 2880 corpus
3401 2821 3525 2878 pro-

1950 2911 2126 2981 pheta:
2174 2908 2525 2977 contingere,
2578 2919 2736 2974 quem
2786 2902 3044 2958 atrociter
3108 2905 3527 2971 praesumpserat

1952 3000 2281 3055 interimere.
2328 2997 2622 3066 Prophetes
2676 2995 2857 3064 itaque
2909 2992 3114 3058 Bethel,
3176 2993 3281 3047 nisi
3328 2989 3528 3046 sanctis

1953 3089 2167 3146 ossibus
2191 3087 2591 3143 venerationem
2623 3083 2977 3140 exhibendam
3020 3084 3203 3148 sciret,
3250 3095 3525 3152 nunquam

286 3177 509 3239 liuntur,
587 3190 693 3229 non
756 3173 1018 3227 modicam
1086 3170 1287 3226 sanctis
1336 3168 1586 3237 injuriam
1646 3167 1847 3224 inferre

1952 3196 2010 3236 se
2030 3178 2185 3249 juxta
2215 3193 2338 3233 ossa
2372 3176 2473 3230 viri
2499 3175 2671 3231 sancti
2703 3172 2917 3244 sepeliri
2958 3173 3277 3244 pmcipcret
3303 3170 3518 3228 dicens:

287 3272 668 3325 monstrantur,
725 3278 846 3316 cum
882 3258 1177 3330 praesertim
1210 3268 1516 3314 sanctorum
1571 3265 1750 3315 vestes
1795 3266 1871 3315 et'

286 3348 374 3411 his
416 3354 613 3409 similia
648 3352 766 3406 ideo
823 3350 1121 3405 veneranda
1164 3351 1291 3414 sint,
1340 3350 1465 3419 quia
1500 3356 1593 3403 aut
1649 3350 1702 3403 in
1733 3364 1854 3403 cor-

289 3445 511 3514 poribus
564 3441 872 3497 eorumdem
905 3446 1233 3504 sanctorum,
1293 3446 1385 3492 aut
1429 3438 1573 3493 circa
1625 3452 1851 3506 corpora

290 3535 475 3597 fuisse,
528 3532 678 3586 etab
728 3530 813 3585 his
842 3527 1322 3584 sanctiﬁcationcm
1374 3527 1444 3581 ob
1491 3539 1652 3594 quam
1691 3539 1855 3579 vene-

291 3629 477 3679 rentur
519 3622 821 3692 percepisse
853 3619 1159 3681 credantur,
1188 3633 1288 3672 nec
1326 3632 1432 3672 non
1460 3625 1515 3670 et
1542 3623 1853 3670 sanctorum

190 3780 195 3785 η
292 3731 541 3785 corpora,
602 3713 686 3769 vel
749 3712 913 3768 etiam
946 3723 1229 3779 corporum
1292 3707 1553 3775 reliquiae,
1600 3704 1854 3774 quoniam

293 3810 597 3873 quanquam
616 3816 759 3855 nunc
785 3798 1139 3868 in'pulvcrem
1169 3796 1382 3852 redacta
1405 3793 1686 3858 fatescant,
1702 3801 1855 3864 juxta

294 3895 477 3949 mundi
533 3891 820 3946 terminum
852 3902 976 3943 cum
1004 3887 1170 3958 gloria
1211 3894 1335 3941 sunt
1390 3893 1763 3940 resurrectura
1800 3891 1855 3940 et

293 3999 415 4039 cum
467 3981 682 4038 Christo
716 3978 982 4049 perpetim
1033 3985 1319 4047 regnatura
1355 3990 1370 4028 :
1412 3975 1671 4045 imagines
1707 3991 1855 4041 vero,

293 4087 431 4142 quas
465 4070 538 4125 illi
579 4069 723 4123 inani
748 4076 874 4123 voto
899 4066 986 4121 his
1013 4081 1131 4135 qua:
1175 4065 1530 4134 praemisimus
1579 4079 1860 4134 coaequare

270 4160 642 4223 contendunt,
665 4155 786 4212 ideo
838 4155 923 4211 his
950 4154 1170 4209 minime
1198 4152 1463 4222 coaequari
1492 4160 1861 4222 queunt,'qu:e

299 4267 473 4321 neque
521 4251 573 4305 id
601 4258 726 4304 sunt
765 4246 904 4318 quod
949 4255 1259 4301 sanctorum
1310 4258 1554 4313 corpora,
1596 4258 1768 4312 neque
1805 4244 1860 4297 in

297 4357 484 4399 eorum
541 4340 855 4409 corporibus
906 4335 989 4392 vel
1058 4337 1202 4392 circa
1259 4348 1445 4390 eorum
1499 4333 1862 4388 sacratissima

299 4447 522 4502 corpora
571 4430 743 4495 fuere,
786 4427 881 4484 sed
912 4442 1009 4497 pro
1039 4434 1195 4496 captu
1245 4423 1665 4493 uniuscujusque
1714 4423 1865 4494 inge-

1951 3266 2175 3339 Sepelite
2228 3282 2308 3320 me
2352 3264 2513 3335 juxta
2570 3279 2690 3318 ossa
2740 3260 3000 3333 propheta:
3037 3252 3179 3333 (ΗΓ
3208 3258 3337 3328 Reg.
3373 3257 3520 3328 xm).

1955 3360 2046 3415 Vir
2067 3358 2249 3427 itaque
2281 3362 2503 3411 sanctus
2556 3351 2734 3409 Josias
2773 3358 2827 3404 et
2875 3358 3162 3420 antequam
3211 3354 3528 3404 nasceretur

1949 3464 2016 3503 ex
2077 3447 2295 3502 nomine
2355 3452 2712 3513 nuncupatus,
2793 3441 3164 3511 idolorumque
3218 3437 3527 3509 dissipator,

1953 3547 2008 3592 et
2034 3547 2385 3607 paternarum
2436 3535 2615 3604 legum
2663 3540 2916 3588 strenuus
2945 3534 3263 3589 observator
3297 3531 3527 3586 duorum

1952 3627 2332 3696 prophetarum
2361 3637 2503 3685 ossa,
2540 3637 2662 3677 cum
2706 3620 3061 3690 plurimorum
3096 3619 3374 3675 hominum
3404 3633 3527 3674 ossa

1953 3716 2022 3769 ob
2076 3713 2248 3768 altare
2304 3709 2589 3781 profanum
2645 3708 2992 3779 polluendum
3022 3709 3383 3774 combureret,
3434 3722 3530 3762 ne-

1955 3819 2222 3875 quaquam
2264 3802 2585 3857 intemerata
2608 3814 2823 3855 servare
2874 3799 3212 3868 praaciperet,
3267 3796 3371 3853 nisi
3402 3812 3528 3853 san-

1955 3895 2060 3951 ctis
2099 3892 2312 3948 ossibus
2358 3888 2756 3945 venerationem
2786 3887 3141 3943 exhibendam
3170 3887 3353 3943 sciret.
3393 3887 3539 3941 Ecce

1956 3987 2150 4058 quibus
2187 3982 2466 4052 exemplis,
2500 3989 2562 4035 ut
2602 3988 2797 4036 caztera
2845 3989 3138 4046 taceamus,
3170 3986 3526 4034 monstratum

1956 4085 2040 4134 est
2074 4083 2380 4132 sanctorum
2416 4072 2687 4128 cineribus
2720 4071 3120 4127 venerationem
3160 4069 3403 4126 exhiberi
3430 4068 3525 4123 de—

1958 4170 2128 4223 bere:
2168 4165 2347 4220 dicant
2391 4162 2466 4218 illi
2514 4163 2605 4217 ubi
2665 4176 2900 4231 unquam
2941 4159 3230 4228 jubeamur
3272 4158 3531 4230 imagines

1960 4259 2204 4313 adorare.
2236 4253 2452 4310 Sanctis
2497 4266 2625 4321 ergo
2666 4251 2981 4321 corporibus
3019 4251 3279 4306 honorem
3318 4250 3529 4320 impen-

1961 4344 2090 4400 dere
2130 4357 2381 4412 magnum
2425 4350 2509 4395 est
2543 4340 2665 4394 ﬁdei
2710 4339 3130 4395 emolumentum
3169 4353 3186 4392 :
3232 4353 3340 4408 quo
3388 4353 3529 4408 pra:-

1964 4432 2150 4489 sertim
2194 4439 2248 4486 et
2291 4429 2364 4485 illi
2412 4443 2472 4484 tn
2513 4427 2823 4484 caelestibus
2874 4426 3091 4483 sedibus
3138 4442 3261 4481 cum
3315 4425 3533 4482 Christo

300 4522 396 4586 nii,
426 4521 508 4574 vel
560 4518 932 4574 instrumentis
957 4515 1191 4581 artiﬁcii,
1219 4516 1376 4570 modo
1398 4514 1664 4578 formosae,
1701 4513 1860 4568 modo
1891 4516 1941 4578 υ
1963 4523 2164 4587 vivere,
2196 4528 2252 4576 ει
2295 4534 2483 4575 eorum
2505 4532 2629 4574 ossa
2651 4518 2970 4588 quandoque
2998 4524 3367 4574 resurrectura
3405 4533 3531 4574 ore-

301 4609 582 4672 deformes,
637 4609 954 4678 plerumque
999 4606 1162 4662 etiam
1226 4606 1389 4660 rebus
1436 4604 1661 4673 impuris
1705 4602 1861 4658 ﬁunt.

301 4703 453 4760 Unde
479 4703 636 4757 datur
665 4700 885 4769 intelligi
909 4715 1016 4753 non
1052 4712 1147 4753 eos
1180 4698 1521 4755 mediocriter
1542 4710 1724 4752 errare
1774 4696 1865 4764 qui

301 4789 421 4848 illas
444 4800 751 4847 sanctorum
780 4788 1020 4856 reliquiis
1043 4788 1288 4841 nituntur
1322 4786 1676 4855 aequiparare.
1733 4783 1870 4839 San-

301 4890 511 4937 ctorum
533 4882 716 4949 itaque
744 4892 972 4947 corpora
1009 4878 1272 4942 venerari,
1311 4891 1603 4945 eorumque
1630 4874 1870 4944 reliquiis

301 4972 561 5027 honorem
612 4969 868 5024 exhibere
911 4982 1017 5022 non
1042 4967 1158 5022 sine
1185 4982 1344 5021 causa
1368 4974 1607 5022 vetustas
1632 4964 1866 5021 admisit.

302 5061 441 5118 Nam
494 5061 763 5116 Abraham
786 5066 941 5128 pater
961 5059 1197 5129 gentium
1224 5058 1306 5111 vir
1325 5058 1428 5113 ﬁde
1452 5058 1659 5126 plenus,
1710 5057 1873 5112 devo-

303 5152 455 5206 tione
491 5163 755 5212 summus,
815 5148 1118 5203 obedientia
1142 5147 1461 5217 praecipuus,
1486 5147 1560 5202 .in
1587 5148 1869 5217 praeceptis

309 5239 526 5297 Domini
557 5245 827 5323 strenuus,
869 5253 978 5292 non
1003 5238 1057 5292 in
1116 5237 1355 5307 quolibet
1388 5236 1520 5300 loco,
1541 5237 1636 5293 sed
1663 5238 1716 5293 in
1744 5253 1874 5308 agro

306 5330 549 5387 studiose
585 5335 788 5398 empto,
830 5327 1111 5399 conjugem
1138 5328 1337 5399 legitur
1371 5329 1643 5399 sepelisse,
1669 5338 1724 5385 et
1750 5345 1874 5385 ossa

307 5435 406 5476 sua
430 5435 537 5475 non
563 5419 616 5473 in
647 5418 764 5473 loco
803 5418 1062 5486 quolibet,
1112 5418 1208 5473 sed
1229 5418 1281 5472 in
1323 5419 1575 5488 spelunca
1622 5419 1875 5489 pulcher-

310 5511 468 5576 rima,
510 5510 565 5564 in
585 5507 738 5577 cujus
768 5508 1026 5564 interiore
1051 5519 1203 5578 parte
1228 5510 1588 5579 protoplastus
1633 5511 1874 5581 sepultus

310 5597 431 5662 fuit,
468 5596 621 5665 juxta
651 5611 805 5651 suum
842 5597 1125 5666 imperium
1158 5612 1188 5651 a
1233 5597 1357 5652 ﬁliis
1402 5599 1699 5654 tumulatus
1744 5598 1877 5671 legi-

311 5700 405 5745 tur
459 5689 641 5744 fuisse.
688 5688 839 5744 Isaac
884 5703 1099 5758 quoque
1160 5697 1315 5745 utero
1367 5690 1525 5745 senili
1590 5689 1872 5760 profusus,

314 5791 477 5852 atque
502 5782 610 5837 Deo
639 5781 692 5837 in
719 5780 1041 5837 sacriﬁcium
1071 5782 1124 5837 in
1146 5781 1312 5850 ﬁgura
1341 5784 1511 5838 nostri
1554 5782 1876 5850 Redempto-

1965 4613 2186 4667 duntur.
2234 4610 2560 4680 Imaginibus
2582 4623 2711 4680 ergo
2763 4624 2883 4679 quae
2912 4622 3015 4664 nec
3052 4609 3253 4665 vixisse
3288 4623 3525 4679 unquam

1966 4702 2279 4765 creduntur,
2331 4714 2432 4755 nec
2457 4706 2859 4766 resurrecturm,
2912 4701 3006 4756 sed
3046 4710 3139 4755 aut
3177 4701 3388 4772 ignibus
3439 4708 3532 4757 aut

1967 4791 2112 4846 carie
2172 4789 2551 4846 consumenda:
2589 4791 2955 4860 perhibentur,
3002 4792 3368 4848 adorationem
3431 4792 3531 4847 soli

1967 4880 2079 4935 Deo
2114 4880 2347 4937 debitam
2390 4880 2685 4948 impertire,
2713 4888 2808 4933 aut
2824 4880 3067 4950 segnitiae
3105 4889 3189 4935 est
3232 4881 3277 4936 si
3332 4888 3528 4936 utcun-

1968 4983 2072 5038 que
2097 4968 2292 5038 agitur,
2333 4976 2426 5021 aut
2464 4967 2686 5021 insaniae
2735 4966 2819 5020 vel
2870 4967 3049 5035 potius
3102 4966 3433 5023 inﬁdelitatis
3485 4969 3531 5022 si

1968 5060 2316 5130 pertinaciter
2351 5056 2671 5113 defenditur.
2702 5057 2811 5112 Nos
2835 5059 3015 5127 itaque
3061 5072 3163 5115 nec
3209 5074 3332 5116 eum
3384 5059 3530 5129 Vigi-

1970 5151 2136 5205 lantio
2163 5149 2385 5218 ejusque
2421 5148 2739 5218 sequacibus
2781 5150 3036 5220 reliquias
3060 5152 3376 5217 abnuentes,
3429 5166 3529 5208 nec

1971 5255 2093 5295 cum
2145 5238 2364 5294 Simone
2398 5236 2622 5308 ejusque
2648 5240 3003 5311 complicibus
3022 5242 3286 5313 imagines
3306 5244 3527 5301 adorea.

1973 5340 2072 5397 tes,
2128 5338 2181 5385 et
2204 5329 2447 5399 reliquiis
2472 5330 2587 5386 sive
2607 5326 2914 5387 sanctorum
2961 5334 3279 5404 corporibus
3337 5349 3527 5406 oppor-

1971 5430 2158 5477 tunum
2211 5420 2527 5489 obsequium
2576 5422 2916 5487 exhibemus,
2969 5430 3027 5478 et
3066 5424 3322 5481 basilicas
3367 5436 3525 5497 prout

1972 5512 2103 5567 libet
2160 5518 2468 5565 sanctorum
2496 5510 2834 5581 imaginibus,
2892 5512 3007 5567 sive
3058 5514 3220 5568 etiam
3268 5530 3402 5571 auro
3445 5532 3527 5571 ar-

1973 5608 2200 5672 gentove
2241 5615 2594 5666 'exomamus,
2651 5607 2708 5655 et
2734 5602 3014 5658 servitium
3039 5604 3372 5661 adorationis
3418 5605 3538 5663 sive

1972 5688 2196 5745 culturae
2237 5687 2339 5743 soli
2384 5688 2495 5744 Deo
2516 5688 2606 5745 cui
2651 5688 2752 5746 soli
2796 5688 3023 5747 debetur
3068 5690 3187 5762 ipso
3239 5692 3534 5764 opitulante

1973 5778 2349 5849 impendimus.
