4028 6180
296 335 435 392 1169

1075 335 1254 393 unm
1287 335 1630 395 caaoum.
1668 367 1741 377 —
1776 333 2002 393 CAPIT.
2044 335 2133 392 ne
2170 334 2361 393 mae.
2399 368 2469 377 —
2507 319 2636 396 Lm.
2675 337 2761 393 tn.

3430 319 3569 402 ttéo

292 468 363 511 ne
394 452 710 526 populorum
748 460 958 510 mentes
985 451 1259 510 satiendas
1291 454 1541 520 innuunt,
1571 452 1692 509 ideo
1725 452 1869 523 ligna
1901 455 1949 516 Α
1974 450 2128 519 Quod
2168 452 2213 506 si
2254 452 2339 507 b:e
2376 467 2463 508 res
2496 452 2550 507 in
2589 453 2787 523 quibus
2835 454 3093 511 miracula
3138 473 3437 530 apparuere
3475 466 3575 520 ad-

293 546 566 602 adoranda
582 545 744 600 sunt?
761 542 1012 614 Nunquid
1025 545 1150 615 quia
1164 544 1432 613 serpentis
1443 542 1578 599 :enei
1592 541 1875 612 inspectio,

293 638 386 708 qui
410 635 612 693 Christi
640 642 868 690 mortem
896 634 1262 706 pmﬁguravit
1295 634 1349 688 in
1376 633 1524 703 ligno
1560 632 1816 704 populum
1846 646 1878 687 a

220 760 227 764 -
292 738 604 798 serpentum
632 726 919 791 morsibus,
949 726 1004 782 id
1024 734 1127 792 est,
1155 727 1222 781 ab
1253 727 1538 797 spirituum
1575 724 1884 782 immundo-

292 834 414 873 rum
460 815 755 872 mortiferis
804 816 1243 886 persuasionibus
1293 816 1555 883 salvavit,
1613 815 1734 872 ideo
1786 824 1883 872 aut

290 927 366 967 res
396 920 490 966 aut
516 918 796 980 serpentes
821 909 1079 965 adorandi
1112 909 1439 965 creduntur?
1470 908 1723 979 Nunquid
1752 909 1880 979 quia

290 1020 545 1074 percussa
569 1003 705 1058 silex
727 1002 935 1058 exustis
957 1004 1010 1057 in
1034 1004 1180 1059 arvis
1200 1003 1419 1059 laticum
1458 1002 1657 1059 ﬂuenta
1686 1004 1881 1075 produ-

291 1095 392 1161 xit,
433 1103 490 1149 et
526 1094 798 1149 sitientem
842 1093 1098 1163 populum
1148 1092 1269 1148 sitis
1313 1091 1565 1148 ariditate
1606 1092 1876 1158 liberavit,

289 1202 412 1256 quae
441 1185 695 1240 nimirum
721 1184 923 1240 Christi
952 1183 1178 1253 ﬁguram
1203 1183 1389 1254 gessit,
1415 1182 1507 1252 qui
1533 1191 1617 1238 est
1643 1182 1779 1253 lapis
1811 1184 1879 1239 de

290 1289 475 1336 monte
526 1279 772 1334 abscisus
822 1277 939 1331 sine
988 1275 1237 1331 manibus
1289 1274 1728 1345 praecidendum,
1785 1275 1878 1345 qui

290 1371 613 1442 evangelicae
634 1366 1037 1439 praedicationis
1064 1364 1280 1422 liuentis
1307 1366 1452 1420 sitim
1482 1365 1879 1422 incredulitatis

289 1479 321 1518 a
368 1460 606 1517 ﬁdelium
649 1459 920 1515 mentibus
956 1458 1124 1529 fugat,
1163 1446 1254 1527 qui
1287 1458 1529 1528 quotidie
1561 1458 1789 1523 intonat,
1831 1458 1877 1513 si

286 1554 404 1621 quis
429 1553 539 1607 sitit
566 1552 736 1607 veniat
762 1550 832 1604 ad
856 1567 937 1605 me
958 1560 1006 1605 et
1029 1550 1169 1605 bibat
1192 1549 1374 1622 (Joan.
1396 1548 1517 1620 vn),
1543 1549 1666 1605 ideo
1684 1558 1779 1604 aut
1801 1549 1879 1604 la-

288 1645 442 1719 pides
471 1644 766 1699 creduntur
794 1640 1030 1708 adorari,
1069 1647 1162 1695 aut
1202 1640 1429 1696 latices?
1463 1639 1715 1709 Nunquid
1750 1638 1879 1709 quia

288 1736 438 1805 virga
463 1732 665 1798 Aaron,
693 1748 800 1803 qua
822 1732 997 1787 beatae
1020 1731 1247 1803 virginis
1272 1739 1462 1801 partus
1496 1731 1738 1786 iunuitur
1772 1747 1874 1787 na-

1978 543 2197 599 oranda:
2242 557 2348 597 non
2386 550 2531 608 sunt,
2571 543 2922 599 multominus
2971 545 3235 617 imagines
3283 550 3569 607 adoranda:

1977 635 2291 700 creduntur,
2331 636 2387 690 in
2424 635 2622 706 quibus
2657 635 2743 692 vel
2779 651 2878 707 per
2926 651 3062 707 quas
3107 639 3355 709 quaadam
3401 642 3568 697 mira.

1978 725 2098 781 cula
2158 726 2503 798 apparuisse,
2561 725 2708 781 nulla
2765 727 3077 784 authentica
3133 728 3365 787 lectione
3411 747 3567 788 mon-

1978 827 2208 876 stratur.

2545 929 2776 988 CAPUT
2803 928 2997 988 XXVI.

1980 1088 2137 1172 Quod
2162 1089 2465 1172 Theodorus
2499 1088 2745 1172 erertsis
2768 1090 3039 1172 episcopus
3061 1088 3341 1172 ridigalose
3366 1099 3416 1146 et
3434 1107 3571 1172 Apua-

2050 1161 2219 1215 riliter
2243 1162 2424 1232 egerit,
2460 1160 2551 1232 qui
2571 1160 2947 1232 tttimagimtnt
2969 1161 3328 1232 adorationem
3363 1160 3567 1232 ast‘m-
3643 1210 3647 1212 ν

2048 1230 2368 1356 {etnsomnia
2403 1230 2763 1285 archidiaconi
2798 1230 2883 1284 sui
2923 1230 2982 1285 in
3015 1231 3197 1285 eadem
3237 1230 3437 1302 synodo
3485 1246 3568 1285 re-

2019 1348 2023 1351 .
2074 1318 2146 1355 ιιι
2181 1344 2192 1356 .

2048 1457 2183 1515 Cum
2220 1458 2277 1512 in
2311 1457 2501 1513 eadem
2534 1455 2790 1511 vanitatis
2830 1455 3063 1515 lectione
3098 1469 3261 1525 quam
3294 1453 3369 1510 illi
3399 1453 3567 1526 septi-

1976 1565 2080 1603 mae
2105 1547 2296 1620 synodi
2325 1547 2723 1616 nuncupatione
2749 1546 2958 1602 censeri
2996 1552 3245 1611 aestuant,
3282 1560 3420 1616 pene
3448 1560 3568 1600 οων

1977 1640 2067 1703 nia
2098 1638 2431 1694 somniorum
2463 1636 2938 1706 imaginationibus
2970 1644 3025 1692 et
3058 1636 3415 1707 phantasticis
3446 1635 3567 1706 qui-

1978 1731 2203 1786 busdam
2232 1728 2736 1785 obumbrationihus
2763 1727 2962 1783 similia
2999 1727 3129 1794 sint,
3166 1735 3223 1783 et
3256 1742 3396 1797 pene
3434 1728 3565 1783 nihil

287 1825 449 1881 turali
479 1825 599 1896 lege
624 1825 848 1889 calcata,
878 1824 1025 1879 nulla
1050 1825 1300 1880 humanm
1321 1824 1652 1894 operationis
1677 1825 1873 1897 irriga-
1906 1810 1952 1870 Β
1978 1822 2049 1876 sit
2086 1823 2159 1877 ibi
2198 1821 2339 1891 quod
2377 1837 2485 1875 non
2520 1827 2614 1875 aut
2650 1820 2845 1875 somnii
2875 1820 3191 1887 vanitatem,
3223 1829 3316 1875 aut
3343 1820 3567 1877 alterius

288 1921 436 1975 tione
461 1918 767 1985 fecundata,
792 1918 972 1974 ﬂoruit
997 1926 1052 1973 et
1076 1916 1337 1983 fronduit,
1359 1925 1415 1973 et
1438 1917 1666 1987 protulit
1686 1932 1873 1984 nuces,

285 2010 409 2066 ideo
435 2010 600 2081 virga:
629 2008 915 2067 adoranda:
943 2008 1271 2064 creduntur?
1306 2006 1559 2076 Nunquid
1589 2008 1714 2076 quia
1752 2023 1877 2063 san-

286 2110 377 2157 cto
408 2100 696 2156 Hierobaal
721 2100 865 2156 sicca
891 2115 1017 2155 area
1044 2100 1262 2155 madido
1286 2099 1504 2166 vellere,
1531 2109 1626 2155 aut
1652 2102 1877 2158 madens

286 2207 412 2248 area
456 2191 603 2247 sicco
656 2191 854 2247 vellere
904 2191 1183 2261 apparuit,
1230 2207 1339 2261 quo
1390 2192 1655 2248 miraculo
1708 2194 1877 2250 totius

287 2283 473 2338 mundi
503 2282 859 2353 gentilitatem
884 2282 1091 2338 cmlesti
1120 2298 1242 2338 rore
1271 2283 1567 2338 immunem
1594 2284 1876 2340 lsraelitici

287 2373 626 2431 solummodo
670 2372 913 2445 generis,
964 2372 1134 2427 vellus
1181 2372 1456 2428 madidum
1506 2373 1673 2428 divini
1724 2373 1874 2429 verbi

287 2463 482 2528 imbre,
527 2477 591 2518 ac
632 2462 974 2534 postmodum
1018 2476 1119 2530 pro
1157 2461 1312 2531 culpa
1352 2461 1592 2531 perﬁdia:
1625 2461 1875 2516 eumdem

204 2539 208 2542 ’
287 2553 544 2626 populum
570 2569 682 2609 suae
711 2551 1044 2607 inﬁdelitatis
1071 2550 1319 2607 siceitatc
1347 2560 1590 2607 arentem
1607 2591 1623 2615 ,
1654 2551 1873 2606 mundi-

286 2657 395 2712 que
419 2642 775 2713 gentilitatem
802 2657 975 2714 sacra:
999 2641 1121 2696 ﬁdei
1138 2656 1263 2696 rore
1286 2640 1561 2712 perfusam
1580 2639 1873 2712 signiﬁcari

288 2732 635 2789 manifestum
662 2740 768 2797 est,
805 2732 927 2788 ideo
950 2739 1047 2787 aut
1066 2748 1227 2796 arem,
1257 2740 1351 2787 aut
1376 2732 1575 2787 vellera
1600 2731 1874 2788 adoranda

286 2825 455 2882 sunt?
499 2824 752 2895 Nunquid
791 2824 919 2896 quia
967 2822 1197 2879 Samson
1234 2823 1547 2879 mandibula
1576 2821 1713 2879 asini
1750 2822 1874 2878 mil-

286 2913 338 2969 le
387 2914 532 2970 viros
572 2913 829 2984 peremit,
881 2911 1231 2982 ejusdemque
1287 2911 1612 2967 mandibula:
1668 2911 1875 2968 molare

284 3004 470 3059 evulso
502 3019 762 3075 aquarum
805 3002 1021 3059 ﬁuentis
1056 3002 1283 3059 satiatus
1316 3009 1420 3068 est,
1455 3009 1639 3073 typum
1679 3017 1874 3073 gerens

286 3094 456 3149 nostri
507 3093 841 3157 mediatoris,
886 3093 977 3163 qui
1013 3099 1189 3147 morte
1226 3108 1323 3148 sua
1360 3093 1538 3148 aerias
1578 3099 1873 3162 potestates

284 3186 500 3251 devicit,
543 3194 597 3242 et
640 3184 969 3256 spiritalibus
1004 3184 1220 3240 liuentis
1252 3184 1520 3250 ﬁdelium,
1559 3187 1652 3256 qui
1686 3185 1873 3255 utique

282 3281 531 3336 membra
580 3278 697 3348 ejus
746 3286 901 3343 sunt,
948 3279 1157 3333 arentia
1208 3279 1374 3334 corda
1425 3278 1698 3348 irrigavit,
1752 3278 1872 3334 ideo

284 3370 630 3435 ntandibulze,
650 3378 741 3424 aut
762 3369 995 3426 molares
1015 3370 1275 3426 adorandi
1292 3371 1454 3426 sunt?
1474 3370 1723 3441 Nunquid
1745 3372 1872 3441 quia

282 3461 433 3518 Elias
478 3462 641 3532 pallio
680 3478 799 3529 suo,
842 3478 939 3532 per
978 3465 1119 3533 quod
1151 3463 1444 3519 Dominicaa
1484 3463 1873 3519 incarnationis

282 3554 600 3625 mysterium
647 3553 931 3625 ﬁguratum
981 3564 1084 3621 est,
1130 3538 1228 3625 per
1266 3554 1411 3624 quod
1451 3551 1735 3617 Jordanis,
1779 3554 1874 3610 ba-

282 3647 553 3716 ptismatis
568 3648 816 3703 videlicet
830 3649 993 3713 unda,
1018 3648 1289 3711 introitur,
1314 3645 1602 3701 Jordanem
1624 3644 1873 3699 divisisse

282 3736 498 3807 legitur,
552 3737 672 3793 ideo
717 3738 876 3808 pallia
924 3738 1196 3792 adoranda
1248 3736 1574 3793 creduntur?
1619 3735 1872 3805 Nllon

281 3825 407 3894 quia
439 3824 677 3880 Naaman
715 3826 886 3896 Syrus
922 3826 974 3880 in
1012 3824 1265 3880 ﬂumineo
1298 3824 1515 3881 lavacro
1544 3824 1710 3896 lepra:
1736 3839 1870 3881 con-

282 3917 429 3987 tagio
475 3917 690 3972 ablutus
731 3924 845 3981 est,
883 3932 983 3987 per
1014 3904 1174 3986 quem
1219 3916 1493 3988 gentilitas
1532 3916 1739 3973 Christi
1777 3919 1873 3974 ba-

279 4010 532 4081 ptismate
591 4009 659 4061 ab
713 4007 981 4063 idolorum
1028 4010 1348 4080 contagione
1400 4010 1589 4065 abluta
1641 4010 1868 4080 ﬁgurata

278 4111 382 4168 est,
414 4101 533 4156 ideo
558 4100 779 4158 ﬁumina
811 4104 1082 4159 adoranda
1110 4105 1270 4160 sunt?
1303 4102 1559 4176 Nunquid
1588 4104 1715 4175 quia
1749 4106 1868 4162 viro

277 4201 469 4250 sancto
506 4193 704 4250 Eliszeo
739 4193 976 4266 Spiritus
1012 4196 1194 4253 sancti
1224 4197 1488 4253 adventus
1526 4203 1752 4252 eatenus
1787 4197 1869 4253 di-

279 4282 420 4339 latus
465 4293 567 4349 est,
616 4293 894 4355 (pallentis
934 4286 1136 4357 psaltes
1178 4286 1558 4356 applicaretur,
1600 4287 1867 4357 applicato

280 4387 406 4429 vero
426 4375 597 4443 psalte
623 4373 857 4444 Spiritus
877 4383 1099 4432 sanctus
1120 4375 1263 4431 illius
1284 4390 1343 4431 se
1370 4375 1608 4446 profudit
1632 4392 1868 4446 pra-cor-

279 4464 405 4529 diis,
424 4479 522 4534 per
545 4481 704 4535 quem
734 4465 990 4522 Iudaicus
1014 4468 1244 4538 populus
1265 4467 1601 4538 signiﬁcatur
1624 4469 1716 4539 qui
1744 4468 1866 4540 Spi-

278 4556 413 4611 ritus
436 4558 615 4615 sancti
637 4558 923 4614 adventum
947 4558 1068 4615 ideo
1093 4576 1237 4616 nunc
1259 4559 1480 4615 minime
1503 4561 1715 4631 recipit,
1738 4562 1864 4633 quia

276 4660 333 4707 et
360 4652 790 4710 incarnationem
834 4655 1212 4726 Redemptoris
1238 4655 1460 4710 minime
1499 4656 1556 4710 in
1592 4657 1864 4714 credendo

275 4743 522 4812 suscipit,
555 4760 715 4815 quam
751 4760 875 4800 cum
910 4761 1036 4799 mox
1074 4754 1135 4800 ut
1170 4746 1315 4801 circa
1351 4747 1536 4802 mundi
1573 4749 1865 4804 terminum

275 4834 576 4904 perceperit
613 4834 848 4902 Spiritus
886 4834 1060 4890 sancti
1094 4834 1328 4899 flamine,
1366 4845 1423 4891 et
1457 4837 1699 4892 omnium
1735 4839 1864 4895 cha-

277 4922 560 4976 rismatum
608 4923 763 4977 donis
810 4925 1183 4990 exornabitur,
1235 4926 1355 4981 ideo
1396 4926 1598 4997 psaltes
1648 4929 1863 4992 adorari

274 5011 534 5068 debebit?
568 5012 820 5081 Nunquid
856 5029 987 5084 ergo
1024 5014 1149 5083 quia
1188 5016 1400 5071 ﬁmbria
1440 5017 1736 5079 Dominicze
1774 5034 1865 5077 ve-

274 5103 392 5168 stis,
432 5100 585 5171 cuius
622 5111 827 5157 attactu
865 5103 1064 5158 femina
1103 5105 1392 5166 sanitatem
1427 5107 1680 5178 recepit,_
1702 5124 1861 5178 quam

274 5193 567 5249 Dominica:
596 5193 981 5249 incarnationis
1005 5196 1378 5252 credulitatem
1409 5214 1507 5268 per
1533 5215 1697 5269 quam
1729 5216 1861 5271 gen-

273 5286 442 5341 tilitas
485 5292 672 5340 sanata
708 5293 790 5341 est
827 5286 1132 5357 signiﬁcare
1173 5289 1422 5357 superius
1453 5288 1568 5358 jam
1606 5290 1862 5356 diximus,

275 5378 393 5434 ideo
423 5377 648 5433 ﬁmbrite
673 5380 959 5435 adorandae
985 5392 1117 5437 sunt.
1138 5382 1165 5435 ἶ
1198 5380 1306 5437 Aut
1331 5383 1457 5453 quia
1488 5383 1636 5438 Petri
1672 5385 1863 5439 umbra

192 5474 193 5477 ‘
273 5465 473 5521 inﬁrmi
525 5467 696 5521 sanati
747 5476 902 5533 sunt,
953 5468 1089 5525 ideo-
1114 5471 1321 5526 umbra:
1365 5471 1653 5527 adorandae
1701 5473 1864 5528 sunt?

273 5554 390 5611 Non
426 5558 607 5629 igitur,
639 5566 699 5612 ut
728 5560 975 5629 superius
1001 5560 1398 5629 praemisimus,
1429 5576 1617 5618 omnes
1651 5578 1739 5618 res
1766 5578 1863 5634 per

272 5662 409 5719 quas
429 5649 509 5704 vel
532 5651 586 5705 in
604 5650 801 5721 quibus
828 5651 1090 5711 miracula
1118 5651 1375 5721 quaedam.
1396 5654 1498 5712 Dei
1519 5654 1861 5712 ordinatione

274 5750 571 5806 tuenstrata
599 5749 743 5811 sunt,
781 5741 1186 5815 quodammodo
1223 5743 1509 5807 adoranda:
1545 5746 1859 5803 creduntur.

1900 3154 1948 3217 C

1980 1909 2257 1980 cujusdam
2287 1910 2629 1980 deliramenti
2654 1910 3023 1966 hebitudinem
3049 1910 3308 1976 redoleat,
3339 1920 3565 1968 cuncta-

1978 2017 2084 2074 que
2108 2003 2353 2059 interiori
2378 2002 2562 2072 palato
2590 2003 2893 2073 degustata,
2932 2001 3232 2073 insapidum
3272 2002 3566 2059 insulsum-

1978 2110 2083 2165 que
2107 2094 2395 2164 quemdam
2420 2108 2668 2164 saporem
2698 2091 2954 2159 referant,
2980 2091 3202 2162 speciali
3230 2100 3413 2148 tamen
3439 2092 3566 2150 deli-

1978 2195 2225 2242 ramento
2262 2185 2577 2242 Theodorus
2613 2184 2864 2240 Mirensis
2900 2183 3184 2255 episcopus
3221 2184 3432 2239 somnia
3476 2201 3567 2240 ar-

1977 2274 2278 2333 chidiaconi
2313 2276 2398 2332 sui
2430 2276 2630 2331 ibidem
2668 2274 2866 2347 legitur
2902 2273 3153 2331 retulisse
3193 2282 3254 2331 ut
3296 2289 3561 2344 errorem,

1976 2383 2138 2439 quem
2159 2384 2260 2424 nec
2274 2367 2580 2424 divinarum
2602 2366 3005 2438 Scripturarum
3026 2366 3441 2424 auctoritatibus
3462 2382 3565 2425 nec

1974 2460 2100 2516 ullis
2127 2469 2438 2517 sanctorum
2455 2458 2680 2515 Patrum
2705 2459 2967 2515 doctrinis
2994 2459 3085 2515 vel
3106 2459 3369 2532 exemplis
3395 2459 3565 2517 valuit

1974 2553 2188 2620 fulcire,
2205 2552 2396 2609 saltem
2414 2552 2745 2609 somniorum
2760 2551 3131 2609 delusionibus
3139 2552 3343 2609 valeret
3354 2564 3565 2611 astrue-

1974 2660 2055 2711 re,
2079 2660 2182 2701 nee
2201 2644 2474 2701 immerito
2497 2643 2566 2699 ad
2588 2651 2698 2698 tam
2717 2641 3214 2714 frivolumtamqne
3232 2659 3423 2701 vecors
3447 2654 3565 2700 sla~

1972 2736 2271 2793 biliendum
2310 2735 2587 2808 negotium
2619 2734 2872 2804 dignum,
2903 2742 2958 2790 et
2996 2748 3135 2805 pene
3166 2750 3266 2806 par
3303 2736 3565 2792 exhibens

1974 2827 2381 2885 adminiculum.
2407 2827 2724 2897 Quanquam
2754 2826 2919 2897 igitur
2942 2825 3273 2882 somniorum
3303 2840 3435 2883 usus
3462 2841 3564 2883 nec

1976 2919 2033 2975 in
2057 2927 2229 2975 totum
2253 2919 2327 2974 sit
2348 2918 2742 2989 approbandus,
2769 2918 2895 2988 quia
2917 2916 3234 2987 plerumque
3258 2918 3563 2973 daemonum

1973 3009 2205 3067 fallaciis
2230 3010 2541 3077 exhibetur,
2567 3024 2670 3066 nec
2701 3008 2756 3063 in
2789 3017 2959 3063 totum
2996 3005 3402 3078 improbandus,
3435 3007 3564 3078 quia

1976 3100 2246 3157 interdum
2273 3116 2372 3172 per
2398 3116 2523 3156 eum
2556 3100 2804 3170 quaedam
2834 3098 3095 3170 mysteria
3132 3098 3458 3166 revelantur,
3492 3099 3563 3156 ad

1976 3195 2296 3249 astruendas
2322 3200 2503 3248 tamen
2527 3207 2618 3247 res
2640 3190 2858 3256 dubias,
2878 3200 2935 3245 et
2951 3206 3014 3246 ea
3037 3206 3158 3260 quae
3179 3189 3233 3244 in
3254 3191 3562 3247 contentio-

1972 3299 2105 3340 nem.
2132 3283 2353 3339 veniunt
2372 3282 2687 3338 aﬁirmanda
2711 3296 2985 3351 nunquam
3013 3281 3239 3336 idoneus
3270 3281 3562 3338 invenitur.

1973 3376 2107 3444 Quis
2138 3376 2295 3432 enim.
2319 3391 2555 3445 unquam
2594 3376 2805 3429 somnio
2840 3388 2939 3429 suo
2973 3387 3088 3427 rem
3126 3372 3342 3428 dubiam
3387 3374 3564 3431 valeat

1972 3467 2262 3531 alﬁrmare,
2297 3481 2421 3520 cum
2461 3474 2641 3520 utrum
2679 3464 2755 3518 ita
2792 3472 2853 3517 ut
2887 3477 2948 3518 se
2983 3462 3181 3518 vidisse
3212 3461 3458 3533 profatur
3485 3465 3564 3520 vi-

1974 3556 2141 3619 derit,
2164 3554 2364 3609 nullius
2391 3554 2545 3609 testis
2577 3552 2886 3607 testimonio
2916 3552 3092 3607 valeat
3119 3554 3440 3624 approbare.
3478 3554 3563 3611 Ad

1973 3662 2088 3701 rem
2115 3660 2244 3714 ergo
2269 3643 2508 3708 dubiam,
2536 3650 2592 3698 et
2618 3657 2740 3712 qua:
2765 3642 2819 3696 in
2846 3644 3201 3714 quaestionem
3228 3644 3377 3700 venit
3402 3647 3563 3702 robo-

1971 3740 2218 3803 randam,
2273 3752 2383 3792 non
2435 3735 2766 3791 somniorum
2810 3734 3138 3790 ludiﬁcatrix
3177 3736 3409 3803 vanitas,
3453 3753 3561 3794 non

1972 3829 2403 3899 apocryphorum
2426 3825 2771 3909 acerbissima
2792 3826 3117 3896 procacitas,
3144 3842 3253 3882 non
3281 3826 3480 3883 levium
3503 3840 3561 3885 et

1970 3918 2244 3976 inutilium
2266 3918 2555 3973 verborum
2580 3915 2809 3983 falsitas,
2841 3918 2937 3973 sed
2965 3917 3269 3975 divinorum
3295 3919 3558 3975 librorum

1971 4016 2085 4073 sive
2108 4013 2497 4070 catholicorum
2520 4009 2742 4066 Patrum
2771 4010 3083 4067 authentica
3117 4018 3204 4067 est
3235 4013 3562 4083 requirenda

1970 4106 2287 4164 auctoritas.
2315 4104 2451 4173 Nam
2481 4103 2625 4160 sicut
2649 4118 2738 4159 res
2762 4101 3061 4175 profuturae
3089 4110 3145 4159 ct
3177 4105 3562 4176 mysteriorum

1968 4198 2184 4255 arcanis
2210 4203 2460 4267 comptas,
2487 4209 2611 4251 cum
2638 4208 2736 4264 per
2761 4193 2971 4250 somnia
2993 4194 3310 4261 innuuntur,
3340 4210 3439 4267 per
3461 4212 3562 4255 an-

1968 4288 2117 4362 gelos
2149 4287 2480 4352 revelantur,
2516 4284 2592 4340 ita
2625 4300 2657 4340 e
2686 4283 2982 4348 contrario,
3023 4283 3154 4340 dum
3191 4299 3281 4340 res
3305 4284 3481 4341 noxia:
3503 4295 3559 4343 et

1966 4380 2117 4436 omni
2144 4378 2377 4434 utilitate
2401 4383 2651 4433 carentes
2675 4389 2773 4445 per
2800 4373 3011 4430 somnia
3037 4373 3499 4444 demonstrantur,
3524 4393 3556 4433 a

1969 4470 2303 4528 daemonibus
2322 4465 2681 4524 demonstrari
2701 4466 3016 4521 creduntur.
3040 4464 3191 4522 Unde
3203 4465 3249 4521 si
3261 4467 3557 4535 somnium,

1968 4560 2114 4630 quod
2140 4558 2228 4613 ille
2252 4558 2307 4614 in
2327 4557 2532 4630 synodo
2553 4555 2756 4618 retulit,
2780 4555 2848 4610 ad
2869 4554 3162 4625 imaginum
3184 4553 3554 4613 adorationem

1970 4648 2346 4707 stabiliendam
2372 4647 2440 4703 ab
2464 4646 2655 4717 angelo
2681 4643 3062 4701 archidiacono
3086 4643 3205 4715 ejus
3223 4646 3560 4706 demonstra-

1972 4752 2087 4799 tum
2112 4748 2219 4806 est,
2248 4739 2513 4809 imagines
2539 4739 2772 4797 adorare
2797 4738 3100 4811 proﬁcuum
3130 4740 3401 4807 est;,et.si
3424 4740 3560 4796 ima-

1969 4836 2134 4908 gincs
2147 4835 2374 4890 adorare
2398 4833 2700 4904 proﬁcuum
2739 4840 2842 4896 est,
2881 4841 3428 4890 cauterasams:sonsu
3459 4848 3557 4888 cav

1970 4936 2157 4989 nentes
2179 4926 2409 4981 adorare
2446 4924 2745 4995 proﬁcuum
2781 4931 2885 4978 est.
2930 4923 3026 4978 Est
3063 4930 3255 4977 autem.
3274 4937 3363 4978 res
3392 4937 3557 4979 sensu

1969 5029 2221 5077 carentes
2263 5019 2491 5074 adorare
2532 5016 2754 5075 noxium
2781 5035 2796 5068 :
2820 5033 2933 5078 non
2968 5015 3137 5086 igitur
3174 5016 3558 5074 archidiacono

1965 5110 2082 5180 ejus
2103 5112 2372 5167 somnium
2399 5111 2543 5178 quod
2571 5109 2756 5169 retulit
2778 5109 2845 5165 ad
2870 5109 3161 5180 imaginum
3178 5110 3555 5173 ,adorationem

1965 5204 2344 5259 stabiliendam
2383 5201 2451 5255 ab
2492 5201 2682 5272 angelo
2715 5199 3143 5259 demonstratum
3174 5210 3279 5258 est.
3319 5200 3557 5272 Liquida

1966 5314 2199 5370 namque
2233 5306 2382 5368 patet
2414 5298 2468 5353 id
2512 5299 2582 5362 ei,
2623 5314 2748 5354 cum
2788 5297 2858 5352 ab
2896 5297 3088 5369 angelo
3125 5297 3555 5353 demonstratum

1966 5405 2072 5445 non
2100 5390 2191 5452 sit,
2219 5388 2287 5443 ab
2313 5387 2588 5443 incentore
2612 5387 2806 5459 spiritu
2846 5387 2936 5457 qui
2974 5400 3205 5458 semper
3223 5385 3552 5441 vanitatiLus

1967 5482 2023 5530 et
2050 5474 2214 5530 rebus
2240 5473 2417 5529 noxiis
2441 5473 2629 5539 instat,
2660 5472 2869 5528 illatum
2909 5472 3095 5528 fuisse.
3139 5471 3293 5539 Quod
3327 5478 3389 5526 ut
3418 5470 3550 5527 luci-

1966 5565 2089 5621 dius
2132 5573 2331 5635 pateat,
2382 5564 2686 5621 rationabili
2731 5571 3049 5637 argumento
3088 5563 3412 5620 ﬁrmandum
3446 5571 3549 5617 est.

1969 5655 2233 5725 Quoniam
2258 5657 2303 5713 si
2333 5656 2576 5714 incentor
2598 5657 2823 5727 spiritus
2848 5657 2903 5712 id
2921 5659 2972 5712 ei
2994 5656 3217 5712 minime
3237 5654 3440 5722 intulit,
3457 5669 3552 5715 an-

1971 5746 2121 5815 gelus
2142 5748 2331 5825 procul
2359 5748 2522 5807 dubio
2550 5748 2796 5805 intufissc
2821 5749 3118 5811 credendus
3145 5756 3229 5806 est
3255 5762 3269 5805 :
3293 5756 3345 5806 et
3384 5747 3435 5810 si
3454 5760 3548 5808 att~
