4028 6180
606 276 731 330 ΗἹΙ

2246 182 2280 194 κ

1517 272 1573 326 Β.
1611 271 1860 327 CAROLI
1892 267 2105 324 MAGNI
2143 266 2292 323 OPP.
2334 268 2509 323 PARS
2535 270 2606 324 .ll.
2642 269 2882 327 SECTIO
2917 272 2980 326 ll.

3687 281 3787 333 L72

599 389 748 458 gelus
777 387 1017 442 intulisse
1049 386 1343 440 credendus
1372 396 1473 449 est,
1504 400 1823 440 consensum
1853 385 2010 438 rebus
2047 397 2168 452 pro-
2197 388 2238 442 Α
2271 397 2482 450 scopus,
2518 385 2601 437 cui
2639 384 2831 438 divina:
2871 383 3002 454 legis
3047 386 3212 439 armis
3252 395 3432 440 contra
3484 392 3790 447 somniatores

600 479 786 534 bibitis
811 476 983 548 angeli
1011 478 1286 532 exhibent.
1319 477 1432 531 Non
1463 485 1641 531 autem
1668 476 1842 546 angeli
1871 478 2030 531 rebus
2055 491 2174 545 pro-

601 566 787 622 hibitis
834 565 916 621 vel
960 566 1136 620 noxiis
1179 581 1274 620 seu
1312 566 1508 638 divinis
1547 567 1765 621 monitis
1807 566 2174 621 obnitentibus

601 669 920 710 consensum
967 655 1240 719 exhibent,
1292 655 1512 724 spiritus
1553 655 1713 723 igitur
1747 655 1992 709 incentor
2029 655 2079 706 id
2121 655 2170 708 ei

601 745 844 800 intulisse
870 745 1166 800 credendus
1192 753 1294 798 est.
1323 746 1456 800 Cum
1483 761 1611 816 ergo
1639 748 1920 815 probatum
1950 747 2018 800 sit
2043 745 2094 799 id
2123 746 2172 799 ei

601 836 668 889 ab
698 835 885 905 angelo
915 842 1101 889 sancto
1128 835 1348 889 minime
1374 834 1538 890 fuisse
1566 836 1885 900 exhibitum,
1926 851 1991 890 eo
2029 835 2172 904 quod

599 938 721 978 cum
745 925 964 994 spiritus
989 924 1044 978 in
1068 925 1150 979 sui
1176 925 1470 980 conditoris
1496 925 1650 980 laude
1675 926 1926 980 continua
1962 940 2173 995 perma-

598 1023 867 1078 nenteset
897 1023 1116 1084 peccato
1150 1029 1375 1084 prorsus
1413 1026 1676 1080 carentes,
1717 1031 1803 1070 res
1837 1017 2076 1086 impurus
2118 1023 2173 1070 et

596 1103 806 1160 delictis
839 1106 1099 1160 obnoxias
1123 1106 1333 1174 penitus
1355 1107 1610 1169 abnuant,
1637 1113 1801 1178 restat
1827 1113 1885 1160 ut
1910 1114 2002 1159 aut
2027 1105 2174 1159 delu-

595 1195 747 1250 sione
765 1181 1081 1265 nequissimi
1105 1197 1328 1264 spiritus
1363 1197 1416 1251 id
1449 1195 1550 1250 sibi
1586 1195 1819 1250 fateatur
1849 1196 2169 1260 exhibitum,

597 1295 688 1340 aut
699 1300 988 1354 seprorsus
1001 1293 1228 1340 testetur
1241 1284 1404 1340 fuisse
1416 1285 1717 1349 mentitum,
1733 1285 1874 1353 quod
1888 1293 2173 1352 utrumque

595 1381 769 1436 servis
798 1380 891 1436 Dei
922 1396 1028 1435 non
1055 1379 1324 1435 convenit.
1352 1377 1485 1432 Nam
1507 1387 1560 1434 et
1581 1378 1861 1448 spiritibus
1887 1377 2173 1434 immundis

598 1471 864 1526 catholico
889 1471 1086 1539 cuique
1122 1470 1479 1525 resistendum
1519 1477 1619 1534 est,
1659 1468 1866 1523 dicente
1893 1467 2167 1536 Apostolo,

601 1560 844 1615 Resistite
868 1559 1094 1625 diabolo,
1126 1570 1174 1614 et
1206 1560 1369 1630 fugiet
1396 1578 1429 1614 a
1459 1559 1597 1613 vobis
1627 1558 1765 1631 (Jac.
1797 1557 1908 1630 tv);
1941 1567 1994 1612 et
2020 1574 2172 1612 men-

599 1653 812 1708 dacium
839 1651 1196 1721 spernendum
1217 1659 1324 1718 est,
1345 1651 1555 1706 dicente
1579 1651 1856 1720 Scriptura
1883 1666 1896 1702 :
1927 1649 2051 1703 Noli
2075 1649 2173 1703 vel-
2208 1670 2241 1721 _-

599 1744 648 1797 le
692 1743 898 1797 mentiri
949 1760 1097 1798 omne
1139 1741 1486 1804 mendacium,
1532 1742 1811 1794 assiduitas
1858 1740 1995 1793 enim
2029 1738 2171 1792 illius
2204 1719 2245 1777 Β

599 1850 704 1886 non
740 1832 872 1886 bona
919 1832 1105 1904 (Eccli.
1140 1832 1258 1903 vn).
1292 1831 1556 1888 Probaudi
1592 1833 1826 1897 interea,
1856 1830 2011 1900 juxta
2041 1847 2170 1901 apo-

597 1924 722 1980 stoli
761 1925 1101 1990 sententiam,
1140 1924 1360 1994 spiritus
1398 1933 1542 1987 sunt,
1585 1941 1652 1979 an
1695 1939 1762 2002 es
1803 1923 1913 1978 Deo
1954 1922 2080 1987 sint,
2119 1928 2172 1976 et

594 2013 744 2084 juxta
782 2013 1034 2070 Veritatis
1061 2030 1245 2069 vocem
1269 2031 1297 2068 a
1326 2013 1588 2069 fructibus
1617 2015 1727 2069 suis
1751 2020 2167 2084 cognoscuntur.

601 2104 751 2160 Unde
806 2119 872 2159 ex
922 2102 1099 2158 fructu
1157 2120 1254 2158 suo
1304 2120 1411 2174 quo
1461 2105 1755 2176 imaginum
1802 2103 2170 2160 adorationem

597 2193 833 2259 affectat,
888 2193 940 2247 id
983 2195 1249 2248 somnium
1302 2194 1488 2249 fulcire
1537 2195 1934 2249 evidentissime
1983 2193 2173 2262 depre-

598 2283 851 2336 henditur
890 2282 981 2337 ille
1033 2283 1254 2352 spiritus
1301 2285 1390 2354 qui
1436 2285 1488 2338 id
1536 2285 1736 2350 intulit,
1791 2301 1858 2340 ex
1908 2285 2016 2340 Deo
2063 2301 2171 2340 non

597 2388 736 2426 esse.
763 2370 868 2426 Sed
892 2387 957 2425 ne
985 2370 1121 2426 forte
1164 2375 1363 2428 nostris
1387 2373 1719 2430 solummodo
1756 2375 2172 2445 argumentatio-

598 2464 757 2518 nibus
791 2463 894 2518 hoc
917 2463 1192 2517 videamur
1213 2464 1444 2528 edicere,
1487 2477 1822 2519 recurramus
1857 2465 1924 2518 ad
1962 2465 2171 2518 divinas

598 2556 929 2627 Scripturas,
965 2556 1357 2626 interrogemus
1404 2556 1782 2626 lcgislatorem,
1813 2555 1957 2610 dicat
1987 2564 2170 2610 utrum

597 2644 805 2699 somnia
859 2643 1162 2714 recipienda
1209 2645 1337 2710 sint,
1383 2645 1526 2699 dicat
1576 2638 1806 2713 qualiter
1849 2645 2004 2699 nobis
2039 2659 2166 2715 erga

595 2734 954 2791 somniatores
977 2734 1239 2802 agendum
1272 2741 1373 2788 est.
1415 2734 1528 2798 Dic,
1561 2747 1677 2797 oro,
1709 2743 1894 2789 sancte
1939 2721 2166 2804 Moyses;

596 2825 682 2880 dic
703 2824 985 2880 mitissime
1007 2824 1263 2888 virorum,
1290 2823 1374 2878 dic
1413 2823 1497 2877 vir
1517 2824 1711 2879 nobilis
1751 2834 1806 2878 et
1845 2839 2166 2879 arcanorum

595 2915 690 2969 Dei
713 2922 927 2969 strenue
953 2914 1242 2983 inspector,
1269 2913 1355 2968 die
1384 2913 1464 2966 vir
1493 2913 1911 2968 clementissime
1933 2922 1987 2968 et
2036 2912 2171 2967 inef-

599 3005 775 3060 fabilis
799 3006 890 3059 Dei
921 3005 1229 3060 fidelissime
1253 3004 1537 3074 interpres,
1572 3005 1662 3074 qui
1685 3005 1856 3073 legem
1894 3005 1949 3059 in
1989 3013 2170 3060 monte

597 3093 836 3162 peccatis
879 3095 1205 3148 contrariam
1251 3101 1305 3147 et
1353 3093 1500 3147 vitiis
1549 3093 1821 3148 inimicam
1880 3093 2168 3162 accipiens,

598 3182 895 3252 glorificata
942 3182 1080 3236 facie
1104 3183 1311 3236 vultum
1352 3182 1742 3236 intolerabilem
1778 3183 2049 3252 peccatori
2071 3198 2170 3251 po-

600 3273 726 3344 pulo
751 3270 1041 3337 adduxisti,
1072 3279 1130 3326 ut
1154 3272 1293 3327 sicut
1319 3272 1404 3326 lex
1433 3287 1592 3341 quam
1621 3272 1900 3327 deferebas
1937 3273 2172 3342 peccatis

597 3365 868 3422 contraria
897 3373 1046 3430 erat,
1079 3366 1152 3419 ita
1193 3364 1446 3418 nimirum
1483 3364 1662 3419 vultus
1712 3373 1837 3418 tuus
1881 3363 2173 3432 spectanti-

599 3459 700 3513 bus
739 3456 995 3511 terribilis
1018 3465 1191 3522 esset;
1235 3455 1341 3521 dic,
1371 3456 1452 3509 vir
1473 3455 1686 3526 inclyte,
1725 3456 1814 3526 qui
1848 3466 2030 3527 typum
2058 3456 2170 3510 veri

598 3546 972 3615 Redemptoris
1007 3561 1214 3616 gerens,
1275 3543 1537 3600 mediator
1586 3546 1726 3600 inter
1769 3546 1937 3600 Deum
1979 3553 2034 3600 et
2077 3545 2173 3600 bo-

603 3639 776 3693 mines
824 3638 1114 3704 exstitisti;
1185 3638 1250 3693 da
1305 3645 1630 3707 praeceptum
1683 3645 1863 3692 utrum
1919 3637 2172 3707 qumlibet

597 3732 808 3786 somnia
831 3729 1093 3786 credenda
1120 3731 1258 3793 sint;
1289 3728 1404 3784 fare
1426 3737 1608 3783 utrum
1633 3729 1959 3798 quibuslibet
2000 3729 2171 3784 inclu-

597 3823 838 3876 sionibus
853 3835 1144 3876 consensus
1158 3821 1490 3892 exbibendus
1505 3821 1592 3874 sit.
1611 3817 1671 3874 Si
1683 3820 1965 3874 surrexerit
1987 3820 2042 3872 in
2067 3836 2173 3873 me-

598 3915 685 3967 dio
717 3915 792 3967 tui
829 3913 1115 3983 praphetes,
1144 3921 1232 3965 aut
1260 3911 1544 3965 somniator
1569 3911 1658 3981 qui
1705 3911 1961 3965 somnium
1987 3909 2173 3965 vidisse

599 4019 654 4057 se
677 4003 836 4065 dicat,
867 4012 915 4055 et
951 4001 1252 4070 praedixerit
1286 4001 1489 4070 signum
1531 3999 1743 4068 aliquod
1773 4009 1925 4071 atque
1965 4009 2174 4070 porten-

601 4103 731 4157 tum,
761 4101 808 4145 et
834 4093 1054 4146 evenerit
1076 4092 1215 4162 quod
1241 4091 1442 4144 locutus
1466 4100 1560 4154 est,
1589 4101 1636 4144 et
1661 4091 1852 4146 dixerit
1877 4092 2010 4144 tibi:
2049 4089 2173 4146 Veni

600 4190 648 4237 et
672 4197 949 4252 sequamur
973 4181 1096 4235 deos
1135 4182 1329 4234 alienos
1362 4197 1488 4250 quos
1531 4181 1762 4250 ignoras,
1792 4198 1894 4236 non
1936 4182 2173 4237 attendas

601 4273 753 4328 verba
777 4274 1038 4344 praphetai
1072 4272 1214 4326 illius
1241 4281 1331 4326 aut
1369 4272 1720 4336 somniatoris,
1747 4274 1871 4343 quia
1896 4283 2058 4326 tentat
2085 4291 2172 4328 vos

2271 473 2352 526 vel
2384 483 2606 528 emteras
2656 475 2858 528 menius
2909 474 3298 544 confligendum
3338 487 3472 541 erat,
3501 479 3686 534 soumia
3724 500 3791 537 ar-

2271 562 2571 616 chidiaconi
2621 563 2701 618 sui
2741 564 2808 618 ad
2835 579 2944 618 rem
2976 565 3217 618 inutilem
3255 564 3600 621 roborandam
3640 569 3686 622 in
3725 587 3790 641 sy-

2272 653 2410 706 nodo
2438 653 2636 707 retulit.
2669 653 2796 730 Haec
2835 655 2978 708 enim
3028 655 3179 724 parvi
3224 656 3496 723 pendenda
3532 673 3627 711 non
3653 660 3792 716 solum

2272 743 2465 797 divina:
2495 743 2625 813 legis
2666 745 2918 808 oraculis,
2951 745 3044 799 sed
3073 754 3127 799 ct
3166 745 3219 798 in
3260 745 3389 814 ipsis
3434 747 3690 817 gentilium
3726 766 3791 804 rc-

2270 834 2476 902 peritnr
2496 835 2710 890 litteris.
2734 835 2824 889 Ait
2853 835 2996 890 enim
3023 836 3374 906 philosophus
3397 837 3558 893 Cato:

2395 989 2590 1052 Somnia
2609 999 2671 1052 ne
2693 999 2872 1035 cures:
2900 999 3005 1033 nam
3042 999 3180 1034 mens
3203 988 3409 1035 humana
3432 991 3556 1048 quod
3574 999 3722 1052 optat,

2395 1052 2512 1099 Cum
2539 1047 2710 1111 vigilat
2726 1055 2916 1109 Sperat,
2937 1061 3026 1109 per
3047 1060 3272 1096 sumuum
3288 1047 3507 1099 cernitid
3538 1047 3694 1113 ipsum.

2273 1195 2402 1248 Nam
2425 1194 2470 1250 si
2496 1194 2616 1263 quis
2638 1191 2776 1248 forte
2816 1193 2970 1248 nobis
3002 1208 3319 1248 succensere
3351 1195 3566 1259 nitatur,
3594 1211 3651 1249 eo
3682 1197 3791 1265 quod

2271 1286 2549 1357 gentilium
2595 1285 2756 1339 verba
2803 1293 2989 1339 nostro
3025 1285 3349 1338 inseruimus
3376 1287 3540 1354 operi,
3568 1286 3688 1355 legat
3708 1288 3792 1356 pri-

2273 1390 2420 1428 mum
2465 1374 2633 1428 libros
2676 1372 3111 1427 beatissimorum
3166 1383 3327 1440 atque
3361 1374 3790 1428 eruditissimorum

2273 1467 2511 1522 virorum
2537 1464 2870 1534 Hieronymi,
2895 1464 3006 1518 sive
3030 1462 3341 1534 Augustini,
3372 1473 3425 1519 et
3453 1480 3566 1518 mox
3606 1473 3656 1518 ut
3679 1465 3724 1518 in
3747 1465 3791 1518 ει.

2273 1557 2447 1613 lorum
2481 1555 2787 1626 opusculis,
2839 1571 2943 1610 non
2999 1555 3170 1609 solum
3229 1555 3671 1624 philosophorum,
3721 1557 3793 1611 sed

2273 1649 2435 1704 etiam
2460 1654 2740 1717 poetarum
2772 1647 3052 1716 gentilium
3081 1648 3328 1716 quaedam
3356 1648 3512 1702 verba
3557 1647 3791 1716 repererit,

2274 1754 2374 1793 nos
2404 1738 2690 1808 magistros
2733 1745 2786 1791 et
2829 1747 3094 1801 auctores,
3129 1753 3360 1808 quorum
3402 1740 3610 1808 vestigia
3655 1739 3793 1806 sequi-

2273 1843 2413 1891 mur,
2466 1827 2666 1881 habere
2714 1835 3019 1896 cognoscet,
3069 1843 3190 1881 cum
3240 1829 3436 1896 quibus
3490 1844 3584 1882 nec
3633 1826 3793 1896 culpari

2273 1919 2575 1981 abnuimus,
2609 1933 2709 1973 nec
2750 1917 3066 1987 reprehendi
3101 1920 3486 1974 erubescimus.
3515 1920 3635 1973 Nam
3658 1928 3706 1972 ut
3735 1918 3794 1970 al-

2273 2011 2382 2063 tius
2409 2017 2732 2076 repetamus,
2753 2024 2850 2063 vas
2871 2008 3030 2062 etiam
3055 2009 3334 2064 electionis
3357 2011 3598 2079 quiddam
3615 2009 3677 2062 'dc
3696 2024 3793 2078 gen-

2273 2099 2448 2153 tilium
2494 2099 2674 2153 verbis
2708 2098 2821 2152 suis
2865 2097 3090 2152 inscruit
3126 2099 3403 2167 operibus,
3447 2107 3505 2152 ut
3553 2107 3627 2152 est
3658 2097 3790 2150 illud:

2274 2188 2540 2243 Cretenses
2583 2204 2782 2256 semper
2831 2187 3138 2252 mendaces,
3189 2187 3345 2241 malm
3397 2189 3590 2252 bestia',
3638 2195 3792 2238 intra

2271 2281 2406 2350 pigri
2433 2278 2557 2350 (Tit.
2588 2278 2649 2348 ι).
2677 2278 2941 2332 Praeterea
2978 2293 3102 2332 cum
3149 2279 3482 2332 somniorum
3517 2275 3792 2332 observatio-

2274 2386 2389 2434 nes,
2443 2371 2525 2424 vel
2562 2369 2739 2438 potius
2782 2369 3046 2422 vanitates
3083 2370 3407 2424 discutimns
3430 2410 3444 2432 ,
3491 2383 3588 2421 non
3623 2366 3790 2436 penitus

2273 2463 2486 2517 illorum
2522 2476 2679 2515 usum
2731 2460 3086 2514 abdicandum
3129 2475 3248 2515 esse
3301 2469 3579 2513 testamur.
3605 2457 3715 2511 Cum
3749 2464 3790 2507 et

2253 2551 2593 2623 'patriarchis
2611 2560 2664 2604 et
2685 2551 2980 2620 prophetis,
3002 2551 3245 2624 qumdam
3269 2550 3617 2605 sacratissima
3637 2553 3791 2615 mystc-

2275 2645 2351 2699 ria
2407 2644 2460 2697 in
2508 2643 2730 2706 somnis,
2783 2641 2865 2695 vel
2905 2641 3082 2709 potius
3124 2641 3176 2693 in
3222 2639 3518 2693 visionibus
3545 2641 3786 2691 monstrata

2273 2733 2399 2796 sint,
2426 2742 2480 2787 et
2511 2733 2650 2803 magi
2687 2743 2798 2785 tres
2822 2731 2874 2784 in
2914 2733 3116 2785 somnis
3163 2731 3354 2784 moniti
3387 2747 3451 2783 ne
3482 2730 3544 2782 ad
3573 2726 3788 2780 truculen-

2274 2836 2387 2882 tum
2429 2827 2663 2882 redirent
2722 2835 3048 2897 tyrannum,
3095 2827 3316 2882 alterius
3372 2826 3518 2881 callis
3570 2824 3787 2878 tramitem

2275 2927 2510 2973 terentes
2555 2918 2800 2986 proprias
2846 2917 3236 2985 rrpedaverunt
3277 2917 3349 2971 ad
3400 2917 3564 2974 sedes.
3613 2922 3660 2968 et
3701 2913 3788 2965 viro

2275 3016 2461 3063 sancto
2521 3005 2714 3076 Joseph
2777 3006 2830 3060 in
2880 3006 3083 3061 somnis
3131 3006 3355 3076 angelus
3417 3005 3710 3075 apparuisse,
3749 3009 3789 3054 et

2274 3099 2323 3153 ei
2369 3097 2745 3168 mysteriorum
2789 3111 2985 3150 arcana
3026 3097 3207 3150 multis
3242 3105 3394 3150 retro
3426 3094 3620 3149 szeculis
3643 3108 3669 3145 a
3694 3105 3789 3160 pro-

2271 3188 2448 3258 phetis
2498 3187 2814 3241 annuntiata
2865 3186 3061 3256 legitur
3111 3185 3548 3240 demonstrasse:
3579 3183 3697 3238 unde
3739 3193 3790 3233 ne

2271 3279 2394 3348 quis
2420 3278 2503 3332 his
2530 3286 2582 3331 et
2618 3277 2705 3332 his
2749 3275 3014 3331 similibus
3056 3276 3315 3345 exemplis
3347 3277 3656 3332 somniorum
3682 3275 3790 3326 insu-

2272 3371 2447 3426 lenter
2486 3378 2703 3439 appetat
2757 3384 2943 3432 usum,
2980 3377 3035 3422 et
3063 3383 3156 3423 eas
3199 3370 3352 3437 sequi
3382 3369 3463 3423 vel
3495 3361 3788 3424 credere,ch

2271 3463 2324 3516 in
2373 3461 2726 3516 conventibus
2756 3459 3004 3523 recitare,
3035 3469 3127 3513 aut
3173 3460 3240 3514 ab
3279 3460 3368 3514 his
3406 3475 3547 3514 more
3573 3455 3788 3511 Theodori

2272 3568 2360 3607 res
2396 3553 2450 3606 in
2495 3552 2898 3607 contentionem
2928 3551 3205 3605 venientes
3236 3549 3500 3604 afﬁrmare
3532 3554 3785 3618 pncsumal.

2273 3645 2472 3698 idcirco
2499 3652 2580 3699 est
2609 3653 2668 3698 ut
2692 3645 2854 3712 paulo
2880 3645 3126 3712 superius
3161 3645 3534 3711 prtemtsimus,
3569 3659 3594 3694 a
3629 3637 3788 3693 sanctis

2273 3735 2566 3805 Scripturis
2601 3735 2946 3803 prohibitum.
2994 3733 3246 3803 Legimus
3272 3735 3432 3787 etiam
3463 3730 3726 3786 inﬁdelibus
3741 3741 3787 3777 ac

2271 3829 2511 3900 profanis
2563 3830 2863 3897 quibusque
2917 3826 3132 3896 regibus
3179 3825 3428 3894 quaedam
3498 3837 3671 3877 arcana
3715 3830 3788 3886 per

2273 3920 2480 3976 somnia
2530 3920 2914 3980 demonstrata,
2961 3931 3080 3984 qua:
3133 3930 3240 3969 non
3279 3914 3387 3968 illis
3431 3911 3644 3967 revelata
3692 3909 3785 3960 sunt

2273 4012 2396 4066 ullis
2442 4010 2778 4080 propriorum
2835 4007 3149 4061 meritorum
3195 4003 3586 4076 prterogativis,
3627 3996 3704 4052 sed
3744 4001 3787 4045 ιιι

2274 4103 2373 4156 viri
2405 4119 2430 4156 s
2450 4099 2573 4155 :neti
2611 4099 2701 4168 qui
2725 4113 2784 4152 ea
2819 4097 2922 4151 illis
2953 4096 3154 4164 Spiritu
3180 4105 3368 4150 sancto
3395 4093 3646 4148 revelante
3669 4100 3785 4140 mon-

2274 4201 2532 4253 stravere,
2572 4187 2864 4243 honoribus
2906 4185 3342 4250 sublimarentur,
3377 4192 3430 4238 et
3457 4183 3562 4237 suis
3595 4177 3786 4232 valerent

2274 4283 2527 4353 prodesse
2557 4279 2908 4348 concaptivis.
2943 4278 3258 4345 Quanquam
3291 4291 3422 4346 ergo
3449 4283 3499 4329 et
3529 4272 3727 4326 visiones
3746 4270 3784 4313 et

602 4363 854 4418 Dominus
885 4363 1023 4418 Deus
1047 4372 1226 4426 vester,
1255 4371 1310 4416 ut
1335 4361 1509 4432 palam
1544 4361 1705 4431 faciat
1738 4371 1913 4417 utrum
1935 4363 2167 4433 diligatis

2271 4373 2477 4434 somnia
2508 4371 2717 4425 mixtim
2761 4369 2864 4424 dici
2887 4369 3217 4423 consuetudo
3263 4368 3560 4428 admiserit,
3587 4367 3707 4418 inter
3727 4355 3784 4408 τὶ-

601 4472 721 4512 eum
743 4472 807 4509 ea:
833 4465 939 4509 toto
969 4456 1122 4510 corde
1161 4465 1324 4509 vestro
1371 4472 1440 4508 an
1489 4471 1593 4508 non
1627 4453 1817 4524 (Deut.
1851 4455 1999 4524 xm).
2033 4456 2171 4512 Ecce

603 4548 924 4618 legislatoris
962 4548 1277 4602 auctoritate
1311 4547 1662 4616 perdocemur
1700 4547 1841 4615 quod
1887 4548 2048 4602 verba
2087 4561 2174 4602 sn-

608 4638 952 4702 mniatorum,
992 4651 1297 4705 quanquam
1339 4635 1586 4691 effectum
1633 4637 1883 4702 habeant,
1928 4653 2034 4692 non
2085 4646 2169 4692 at-

607 4728 915 4784 tenduntur.
967 4727 1119 4780 Dicat
1169 4742 1310 4782 nunc
1358 4726 1629 4795 Sapientia
1673 4730 1801 4798 quid
1850 4729 1916 4783 de
1949 4731 2172 4786 somniis

606 4812 823 4873 sentiat.
883 4815 973 4870 Ait
1008 4815 1150 4870 enim
1187 4830 1201 4868 :
1249 4815 1350 4870 Ubi
1391 4815 1555 4871 multa
1599 4828 1718 4872 sunt
1771 4821 1994 4884 somnia,
2051 4819 2168 4889 plu-

605 4909 755 4963 rimae
779 4907 1050 4972 vanitates,
1077 4917 1122 4960 et
1155 4923 1414 4962 sermones
1441 4908 1698 4962 innumeri
1734 4924 1752 4962 :
1782 4918 1837 4961 tu
1862 4927 1976 4963 vero
2001 4909 2168 4964 Deum

605 4999 731 5054 time
749 4997 945 5069 (Eccle.
966 4996 1042 5067 v).
1070 4996 1204 5051 Nam
1223 5005 1276 5052 et
1295 4996 1575 5068 Egyptios
1593 4999 1797 5053 somnia
1824 5000 2171 5068 perturbasse

605 5089 934 5152 creduntur,
979 5086 1190 5141 dicente
1241 5085 1548 5154 Scriptura,
1588 5085 1806 5140 Somnia
1859 5089 1996 5142 enim
2051 5105 2168 5158 qua:

605 5177 726 5233 illos
760 5175 1088 5230 turbaverunt
1110 5174 1262 5244 (Sap.
1290 5174 1482 5244 xvm);
1522 5175 1636 5230 base
1661 5175 2056 5247 signiﬁcabant,
2101 5191 2170 5233 ne

605 5265 762 5320 inscii
803 5272 985 5319 essent
1025 5278 1194 5332 quare
1236 5263 1375 5316 mala
1433 5271 1762 5331 paterentur.
1823 5265 2165 5322 Manifestum

607 5362 690 5410 est
720 5355 865 5410 enim
914 5352 1106 5409 divina:
1136 5352 1267 5422 legis
1298 5352 1707 5408 auctoritatibus
1738 5355 1945 5410 somnia
1985 5363 2040 5412 et
2073 5371 2168 5410 au-

607 5446 762 5517 guria
785 5459 922 5500 vana
943 5459 1092 5510 esse,
1143 5451 1198 5500 et
1229 5451 1432 5514 quanto
1459 5445 1578 5512 quis
1603 5459 1667 5500 ea
1701 5445 1929 5515 amplius
1971 5447 2167 5501 timue-

609 5543 703 5600 rit,
727 5542 881 5590 tanto
904 5549 999 5590 cor
1025 5533 1141 5602 ejus
1163 5533 1392 5603 amplius
1419 5531 1573 5588 fallit.
1600 5534 1750 5590 Unde
1776 5536 1948 5591 modis
1989 5538 2166 5592 omni-

608 5627 710 5680 bus
735 5625 1222 5692 rcprehendendum
1251 5625 1575 5693 putavimus,
1611 5625 1752 5695 quod
1774 5625 2029 5696 przefatus
2049 5627 2164 5696 epi-

2272 4469 2450 4523 siones
2485 4477 2612 4517 vero
2640 4469 2688 4515 et
2724 4459 2931 4514 somnia
2979 4459 3080 4513 hoc
3125 4458 3342 4527 quidam
3391 4457 3581 4511 distare
3620 4452 3781 4505 dicunt.

2271 4555 2411 4625 quod
2459 4551 2666 4608 somnia
2724 4564 2788 4603 ea
2841 4557 2967 4602 sunt
3016 4563 3136 4616 qua:
3190 4547 3499 4617 plerumque
3538 4541 3782 4595 falluntur:

2271 4645 2492 4700 veniunt
2532 4656 2661 4711 ergo
2688 4654 3069 4708 nonnunquam
3090 4653 3156 4692 ex
3185 4637 3528 4696 revelationc,
3559 4626 3784 4686 multoties

2270 4753 2399 4793 vero
2444 4743 2537 4790 aut
2572 4749 2638 4789 ex
2691 4731 3033 4802 cogita-tione.
3071 4736 3162 4783 aut
3186 4743 3249 4782 ex
3299 4727 3598 4788 tentatione,
3623 4726 3701 4773 aut
3734 4727 3783 4767 ex

2270 4829 2539 4899 aliquibus
2576 4825 2660 4879 his
2689 4822 2980 4886 similibus;
3013 4820 3248 4874 visiones
3280 4835 3407 4875 vero
3451 4819 3638 4874 dicunt,
3663 4822 3785 4878 quas-

2271 4921 2394 4974 dam
2440 4915 2746 4971 veraciores
2788 4911 3176 4974 revelationes,
3215 4924 3440 4978 quarum
3467 4906 3562 4959 tria
3587 4908 3695 4957 sunt
3719 4909 3783 4964 εθ-

2269 5025 2418 5071 nera,
2467 5004 2745 5074 corporale
2796 5001 3063 5063 videlicet,
3119 5008 3173 5054 et
3219 4999 3472 5069 spiritale,
3503 4995 3607 5050 sive
3653 4990 3781 5044 etiam

2268 5096 2645 5155 intellectuale.
2677 5091 2968 5162 Corporale
2995 5092 3160 5160 igitur
3181 5099 3285 5155 est,
3320 5090 3458 5158 quod
3504 5087 3661 5154 titper
3689 5090 3782 5132 oor-

2268 5207 2400 5262 pus;
2443 5185 2702 5256 spiritale,
2754 5200 2876 5239 cum
2914 5183 3175 5254 imagines
3217 5197 3398 5238 eorum
3439 5195 3550 5248 qua:
3585 5175 3780 5227 videmus

2272 5279 2324 5332 in
2377 5273 2633 5330 memoria
2691 5270 3000 5334 condimus;
3059 5269 3415 5324 intellectuale
3448 5278 3640 5334 nempe,
3685 5267 3776 5312 cum

2271 5384 2333 5423 ea
2355 5381 2476 5436 quae
2494 5361 2846 5432 corporaliter
2876 5361 3143 5424 videmus,
3173 5369 3229 5414 et
3253 5357 3594 5428 imaginalitcr
3614 5353 3660 5406 in
3693 5359 3777 5400 me-

2272 5455 2442 5509 moria
2479 5453 2789 5515 retinemus,
2823 5449 3098 5503 iutellectu
3149 5450 3515 5504 discernimus.
3552 5437 3774 5531 Intellectfl

2272 5545 2435 5617 igitur
2454 5542 2828 5603 discernimus,
2859 5540 3001 5609 quod
3031 5539 3160 5594 illud
3188 5540 3254 5593 sit
3279 5553 3491 5607 corpus,
3515 5532 3631 5588 illud
3669 5525 3775 5617 simi-

2272 5615 2440 5690 litudo
2476 5631 2739 5702 corporis.
2773 5629 2929 5686 ilunc
2958 5645 3169 5700 quoque
3217 5628 3530 5684 intellectum
3567 5616 3722 5676 bestiae
3736 5615 3771 5661 tl
