4028 6180
361 325 498 382 “73

1131 331 1307 387 LIBRI
1344 331 1686 391 CAROLINI.
1725 362 1796 373 —
1832 329 2053 387 CAPII‘.
2097 329 2184 385 DE
2218 328 2408 386 IMAG.
2448 361 2520 371 —
2554 329 2682 388 LIB.
2723 330 2807 389 III.

3469 331 3498 389 ί
3511 329 3609 391 I'l-i

354 454 547 508 pecnra
593 446 755 506 atque
786 439 1020 496 volatilia
1053 443 1355 498 nullatenus
1395 444 1617 499 habent.
1657 444 1849 500 Vident
1877 452 1932 498 et
1961 445 2007 501 Δ
2038 456 2124 496 ras
2165 441 2471 510 descendit;
2500 452 2724 515 propter
2764 445 3010 501 homines
3031 444 3123 513 qui
3155 444 3460 503 animarum
3508 462 3610 502 no-

302 608 303 611 η
354 531 467 601 ipsa
494 547 591 600 per
619 546 832 602 corpus,
875 541 931 588 et
970 549 1156 590 eorum
1201 551 1322 605 qua:
1356 537 1537 593 vident
1572 537 1931 607 imaginaliter

355 624 573 692 spiritus
615 622 1013 681 informantur:
1059 628 1198 683 unde
1223 637 1277 683 et
1311 643 1507 698 pecora
1530 627 1790 698 pmsepia
1841 643 1928 682 rc-

355 722 706 783 eognoseunt,
733 722 789 770 et
816 730 943 771 aves
969 715 1038 771 ad
1082 717 1237 773 nidos
1268 733 1396 773 suos
1439 718 1685 781 redeunt,
1708 718 1801 772 sed
1829 732 1932 773 nee

355 803 530 872 scipsa
576 805 915 875 intelligunt,
971 822 1075 863 nec
1126 808 1215 863 illa
1271 825 1394 878 quae
1448 808 1621 865 oculis
1675 815 1927 864 cernunt.

357 894 634 950 Postremo
653 898 949 966 corporalis
978 899 1085 955 ista
1114 900 1269 963 visio,
1295 900 1410 956 sine
1432 900 1659 969 Spiritali
1681 916 1800 955 esse
1824 916 1931 957 non

354 994 550 1059 potest.
584 987 721 1058 Ergo
750 1005 873 1044 cum
900 991 1195 1047 avertimus
1214 992 1403 1047 oculos
1435 993 1504 1047 ab
1535 992 1615 1047 eis
1653 1007 1775 1061 quae
1798 991 1932 1045 vidi-

357 1094 496 1143 mus,
524 1080 787 1150 imagines
808 1096 995 1136 eorum
1023 1098 1144 1151 qua:
1167 1098 1272 1137 non
1307 1083 1570 1146 videmus,
1593 1082 1646 1136 in
1672 1082 1932 1136 memoria

357 1171 667 1227 retinemus.
702 1171 974 1241 Spiritalis
1004 1188 1132 1229 vero
1178 1173 1315 1229 visio
1347 1174 1465 1228 sine
1516 1172 1782 1241 corporali
1812 1187 1932 1228 esse

356 1275 461 1314 non
504 1269 684 1330 potest
724 1275 739 1314 :
793 1262 931 1316 unde
976 1263 1227 1318 absentes
1274 1263 1518 1317 homines
1565 1261 1930 1327 recordamur,

357 1357 409 1403 et
434 1350 488 1403 in
510 1351 745 1406 tenebris
773 1366 834 1405 ea
856 1366 976 1421 qum
1004 1369 1110 1407 non
1150 1353 1415 1419 videmus,
1436 1352 1796 1423 imaginaliter
1820 1366 1933 1406 cer-

357 1438 554 1493 nimus.
572 1440 951 1506 lntcllectualis
973 1458 1163 1512 nempe
1188 1458 1287 1499 nec
1308 1442 1575 1512 corporali
1596 1442 1817 1511 indiget,
1833 1455 1935 1498 nec

357 1530 642 1598 spirituali.
672 1531 945 1586 Intellecta
970 1547 1070 1595 nec
1099 1548 1296 1602 corpus
1322 1533 1584 1596 videmus,
1614 1546 1716 1587 nec
1744 1531 1935 1601 imagi-

357 1636 481 1676 nem
526 1623 814 1693 corporis:
855 1638 952 1692 per
1004 1624 1149 1679 hunc
1193 1625 1389 1695 quippe
1444 1624 1657 1679 videtur
1699 1622 1930 1692 justitia,

358 1718 616 1781 Charitas,
659 1717 771 1787 ipse
799 1718 959 1781 Deus,
989 1719 1102 1787 ipsa
1131 1734 1284 1773 mens
1310 1718 1541 1774 hominis
1564 1732 1684 1787 qua:
1730 1716 1933 1770 nullum

2032 531 2176 585 mine
2200 531 2516 603 plerumque
2553 535 2759 603 tropice
2801 534 3184 605 designantur,
3234 549 3341 589 non
3380 543 3604 605 propter

2033 621 2293 693 imagines
2319 640 2439 694 qua:
2464 627 2532 681 ab
2558 625 2859 681 artiﬁcibus
2897 625 3219 691 formantur,
3254 626 3402 682 Patri
3430 628 3567 683 dixit
3591 644 3608 683 :

2034 712 2177 779 Quos
2202 714 2391 770 dedisti
2410 718 2560 783 mihi,
2582 716 2695 772 uolo
2719 727 2774 771 ut
2799 718 2885 772 ubi
2910 734 3028 772 sunt
3048 735 3163 789 ego,
3188 727 3238 773 et
3257 719 3356 789 ipsi
3375 721 3481 774 sint
3503 737 3611 775 me-

2031 821 2170 870 cum,
2199 814 2255 859 ut
2295 806 2501 861 videant
2524 807 2817 862 claritatem
2848 824 3018 862 meam
3046 818 3206 879 quam
3235 808 3425 863 dedisti
3456 810 3608 875 mihi,

2029 895 2155 966 quia
2194 895 2423 951 dilexisti
2462 914 2544 952 me
2571 898 2753 968 (Joau.
2780 899 2939 969 vaI).
2969 898 3104 955 Cum
3131 900 3297 971 igitur
3321 902 3464 956 Deus
3499 903 3614 972 pri-

2032 1004 2178 1042 mum
2207 990 2516 1045 hominibus
2562 991 2861 1047 naturalem
2906 991 3078 1062 legem
3127 992 3366 1059 dederit,
3395 1009 3502 1064 qua
3541 994 3611 1048 ab

2032 1082 2340 1138 hominibus
2386 1094 2660 1154 corrupta,
2694 1085 2904 1141 dederit
2936 1094 3123 1156 postea
3156 1086 3414 1156 scriptam
3439 1127 3456 1151 ,
3502 1100 3611 1155 qua

2031 1174 2194 1228 etiam
2243 1175 2458 1240 violata,
2484 1190 2603 1231 sese
2630 1190 2727 1246 per
2768 1176 3113 1247 praesentiam
3153 1176 3489 1247 corporalem
3530 1176 3613 1231 vi-

2032 1263 2267 1319 dendum
2299 1267 2635 1330 exhibuerit,
2663 1274 2718 1321 et
2747 1274 2871 1321 ante
2915 1266 3122 1337 legem,
3150 1277 3204 1323 ει
3238 1269 3340 1323 sub
3362 1268 3480 1338 lege
3502 1308 3517 1333 ,
3559 1274 3614 1323 et

2032 1356 2134 1409 sub
2170 1356 2341 1425 gratia
2372 1372 2587 1425 semper
2630 1358 2879 1412 humana:
2920 1358 3079 1411 saluti
3129 1358 3383 1412 credatur
3418 1372 3614 1411 consu-

2033 1443 2213 1507 luisse,
2242 1460 2512 1514 nunquam
2540 1447 2749 1515 uspiam
2778 1446 2886 1502 tale
2918 1446 3121 1516 aliquid
3149 1447 3473 1517 imaginibus
3494 1461 3614 1502 ere-

2033 1534 2181 1589 ditur
2203 1534 2515 1589 contulisse.
2551 1534 2631 1590 Ac
2663 1550 2760 1605 per
2794 1537 2897 1591 hoc
2929 1536 3260 1591 venerationi
3295 1551 3415 1605 quae
3438 1536 3614 1591 homi-

2034 1626 2193 1682 nibus
2223 1626 2503 1681 cbaritatis
2527 1642 2689 1682 causa
2724 1636 2808 1683 est
2835 1627 3156 1690 exhibenda,
3189 1626 3481 1697 imaginum
3525 1641 3615 1682 ve-

2037 1718 2245 1772 neratio
2270 1717 2574 1773 nullatenus
2619 1727 2705 1773 est
2747 1719 3096 1789 comquanda.
3143 1718 3257 1773 lloc
3285 1719 3503 1789 quidem
3549 1718 3615 1774 de

357 1821 552 1875 corpus
583 1782 764 1871 habet,
795 1782 1359 1863 nullam'soliditatem
1407 1782 1670 1877 corporis.
1708 1805 1808 1861 llic
1857 1806 1934 1860 in-
1965 1782 2008 1847 Β
2037 1806 2156 1863 loco
2186 1808 2303 1872 Dei,
2335 1816 2427 1863 aut
2464 1809 2529 1863 de
2559 1808 2758 1877 templo
2783 1782 2926 1878 quod
2951 1806 3200 1872 abusive,
3230 1782 3323 1862 aui
3347 1807 3413 1862 de
3435 1808 3623 1862 anima

359 1897 745 1964 tcrponendum
777 1899 842 1952 de
879 1899 1116 1969 quinque
1141 1900 1427 1968 generibus
1465 1899 1752 1963 visionum,
1776 1895 1933 1967 juxta

360 1982 721 2039 Theodosium
754 1985 1100 2042 Macrobium.
1150 1986 1286 2043 Cum
1333 2003 1462 2057 ergo
1495 1988 1826 2043 somniorum
1869 2001 1934 2042 ac

357 2072 623 2129 visionum
659 2084 736 2130 tot
782 2083 1037 2145 tantaque
1062 2078 1172 2132 sint
1213 2093 1413 2148 genera
1436 2094 1467 2132 a
1500 2077 1731 2132 diversis
1761 2076 1932 2146 parti-

358 2164 461 2218 bus
507 2166 792 2230 venientia,
822 2165 1048 2221 solerter
1076 2167 1389 2223 intuendum
1421 2177 1505 2223 est
1533 2182 1601 2223 ne
1635 2167 1763 2231 dum
1812 2167 1935 2236 quis

360 2254 490 2323 quid
515 2270 574 2311 se
601 2256 655 2310 in
685 2258 891 2312 somnis
913 2258 1110 2314 vidisse
1131 2260 1428 2328 cognoscit,
1457 2259 1642 2316 statim
1664 2272 1729 2312 ea
1769 2257 1936 2312 llrmi-

359 2353 442 2400 ter
475 2355 673 2410 teneat,
720 2356 881 2416 atque
906 2349 973 2402 ad
1019 2365 1106 2404 res
1143 2349 1335 2405 dubias
1377 2349 1749 2427 deliberandas
1779 2348 1934 2418 quasi

358 2436 645 2505 quamdam
672 2439 1037 2494 autlIeIItieanI
1075 2441 1450 2495 auctoritatem
1484 2441 1539 2495 in
1578 2440 1784 2511 synodo
1811 2454 1937 2509 pro-

358 2527 513 2591 ferat,
566 2545 633 2585 ne
674 2532 800 2586 dum
858 2533 1150 2587 vanitatem
1200 2533 1529 2589 vanitatibus
1581 2533 1936 2589 corroborare

357 2627 604 2684 conatur,
633 2621 765 2690 ipse,
798 2622 940 2691 quod
965 2623 1127 2688 absit,
1160 2623 1215 2676 in
1242 2623 1534 2677 vanitatem
1559 2622 1791 2677 labatur.

909 2775 1136 2832 CAPUT
1173 2776 1386 2833 XXVII.

362 2926 515 2993 Quod
540 2946 657 2983 cum
696 2928 837 2984 Deus
880 2928 1106 2984 illocalis
1147 2931 1234 2993 sit,
1286 2929 1364 2984 illi
1392 2931 1565 2984 minus
1610 2938 1747 2983 recte
1787 2929 1934 2983 dixe-

433 2999 536 3052 rint
560 3015 579 3053 :
619 3000 949 3055 Venerantur
972 3007 1027 3054 et
1056 3001 1342 3055 adoramus
1372 3000 1512 3055 sicut
1540 3000 1714 3056 locum
1743 2999 1859 3055 Dei.

430 3089 625 3144 Dicunt
645 3091 810 3144 etiam
859 3092 1197 3146 venerandas
1225 3100 1281 3145 et
1326 3090 1628 3146 adorandas
1673 3090 1934 3159 imagines
1961 3124 2010 3187 Ω

358 3179 500 3232 sicut
549 3178 724 3233 locum
777 3179 872 3233 Dei
920 3180 1109 3249 :quod
1146 3180 1191 3234 si
1228 3194 1327 3248 pro
1357 3179 1556 3248 templo
1600 3179 1696 3234 Dei
1726 3180 1929 3245 dicunt,

356 3269 503 3338 quod
528 3269 843 3339 plerumque
866 3271 1086 3326 abusive
1108 3270 1259 3326 locus
1280 3270 1374 3325 Dei
1402 3270 1619 3343 dicitur,
1645 3270 1934 3325 vehemen-

360 3367 447 3411 ter
473 3366 677 3412 errant.
713 3359 772 3413 ln
794 3360 996 3428 templo
1021 3361 1166 3415 enim
1192 3359 1405 3415 Domini
1432 3358 1718 3421 sacriﬁcia,
1749 3358 1932 3414 nonin

360 3450 702 3520 imaginibus,
750 3448 1079 3517 oll'eruntnr;
1119 3452 1174 3505 in
1206 3449 1421 3519 templo,
1454 3464 1561 3503 non
1592 3449 1644 3502 in
1682 3449 1930 3518 picturis,

360 3542 649 3596 missarum
679 3542 941 3597 solemnia
975 3542 1350 3605 celebrantur;
1378 3542 1431 3593 in
1474 3538 1672 3607 templo
1703 3539 1936 3607 populus

362 3641 513 3687 stans
541 3642 593 3687 et
616 3647 835 3703 precum
856 3647 1078 3688 suarum
1102 3632 1214 3687 Deo
1243 3629 1499 3685 libamina
1529 3627 1793 3689 oll‘erens,
1824 3642 1932 3681 non

361 3722 416 3775 in
432 3724 656 3792 depictis
683 3724 880 3780 tabulis
897 3765 912 3789 ,
934 3724 1236 3779 exauditur.
1252 3722 1505 3775 Dominus
1522 3721 1577 3774 in
1605 3718 1793 3789 templo
1812 3736 1936 3773 san-

361 3821 442 3866 cto
457 3830 552 3866 suo
582 3813 753 3883 (Psal.
768 3813 847 3883 ι),
876 3814 952 3866 ait
967 3812 1149 3874 David,
1178 3826 1282 3865 non
1302 3812 1355 3864 in
1371 3810 1600 3878 imagine
1612 3817 1797 3863 sancta
1813 3823 1930 3872 sua,

360 3918 463 3957 nec
483 3903 535 3955 in
566 3902 813 3969 picturis,
845 3902 941 3955 sed
960 3902 1016 3954 in
1045 3900 1170 3955 cutio
1196 3900 1341 3953 sedes
1369 3899 1483 3969 ejus
1515 3897 1686 3969 (Psal.
1720 3898 1798 3967 x).
1825 3896 1936 3952 Nec

362 3992 441 4045 ait
468 4006 484 4044 :
523 3990 675 4044 Oculi
711 3991 847 4059 ejus,
880 3990 934 4044 in
965 3998 1279 4059 arrogantes
1306 3990 1420 4044 sive
1449 4004 1600 4043 vana:
1643 3987 1816 4042 laudis
1850 4003 1936 4042 se-

363 4092 619 4146 ctatores,
655 4082 770 4148 sed,
813 4083 869 4136 in
910 4098 1189 4153 pauperem
1234 4082 1544 4151 respiciunt,
1586 4081 1639 4134 in
1674 4094 1936 4150 pauperes

362 4173 630 4239 videlicet,
661 4174 726 4229 de
751 4173 947 4243 quibus
988 4173 1100 4242 ipsa
1126 4186 1225 4241 per
1255 4187 1313 4228 se
1344 4172 1557 4226 Veritas
1582 4171 1711 4226 dicit
1746 4185 1760 4224 :
1787 4171 1935 4225 Beati

362 4283 613 4340 pauperes
657 4267 847 4337 spiritu
896 4264 1119 4338 (Matth.
1173 4264 1263 4336 v).
1310 4264 1379 4317 Et
1419 4264 1651 4327 iterum,
1698 4262 1768 4318 In
1809 4273 1936 4317 tcm~

362 4360 449 4431 ple
498 4360 612 4429 ejus
655 4360 732 4413 ait
778 4357 917 4413 idem
965 4357 1337 4413 sanctissimus
1364 4356 1781 4425 prophetarum,
1828 4370 1935 4409 non

2036 1897 2273 1951 hominis
2293 1895 2456 1966 justi,
2489 1912 2609 1967 qua:
2638 1898 3051 1953 convenientius
3079 1898 3230 1952 locus
3260 1897 3353 1951 Dei
3384 1897 3577 1953 dicitur
3597 1937 3617 1955 .

2035 1988 2231 2057 quibus
2260 1988 2569 2044 nullatenus
2603 1990 2864 2059 imagines
2899 1989 3191 2044 secundum
3225 1988 3438 2042 illorum
3463 1993 3622 2043 vesa—'

2036 2078 2182 2132 niam
2209 2078 2550 2149 coaequandze
2574 2088 2718 2144 sunt,
2746 2079 2984 2133 breviter
3003 2078 3205 2133 dixisse
3232 2077 3481 2133 sullieiat.
3505 2077 3616 2133 Ca:-

2037 2177 2212 2225 terum
2242 2170 2307 2224 de
2336 2170 2452 2225 loco
2482 2170 2578 2223 Dei
2615 2169 2707 2241 qui
2755 2169 2941 2225 localis
2966 2185 3071 2222 non
3101 2177 3205 2236 est,
3236 2167 3329 2241 qui
3360 2167 3480 2223 loco
3507 2184 3615 2223 non

2037 2260 2363 2324 continetur.
2394 2260 2487 2329 qui
2510 2260 2691 2315 omnia
2713 2261 2972 2324 continet,
3000 2268 3055 2314 et
3077 2258 3226 2314 locus
3250 2275 3364 2314 non
3397 2268 3504 2325 est,
3527 2258 3614 2312 eui

2035 2349 2172 2404 nihil
2197 2349 2265 2404 de
2293 2365 2388 2404 sex
2414 2350 2520 2406 illis
2543 2350 2792 2419 partibus
2809 2349 2915 2405 loci
2945 2350 3164 2413 accidit,
3187 2350 3275 2404 cui
3304 2349 3441 2404 nihil
3464 2356 3615 2404 ante—

2035 2441 2151 2496 rius
2188 2441 2560 2510 posteriusve,
2592 2441 2869 2496 dexterius
2895 2449 2991 2496 aut
3015 2440 3319 2505 sinistrius,
3370 2441 3616 2510 superius

2037 2530 2122 2585 vel
2155 2529 2384 2586 inferius
2420 2539 2525 2595 εει,
2577 2531 2855 2600 disputare
2897 2530 3198 2587 subtilioris
3246 2531 3619 2601 intelligentia:

2034 2629 2138 2677 est.
2168 2620 2487 2692 Quanquam
2514 2622 2679 2691 igitur
2706 2623 2894 2678 decem
2929 2622 3145 2677 illorum
3171 2622 3616 2693 pnedicamento-

2040 2728 2187 2778 rum,
2225 2730 2345 2783 qua}
2375 2729 2408 2769 a
2456 2713 2791 2784 philosophis
2819 2723 3242 2783 pertractantur,
3273 2716 3407 2770 ordo
3446 2716 3513 2770 de
3550 2730 3617 2770 eo

2039 2806 2284 2861 videatur
2314 2806 2543 2871 ascribi,
2594 2816 2655 2861 ut
2692 2822 2788 2875 pro
2813 2808 2965 2861 οὐσία
3005 2803 3143 2873 ejus,
3169 2822 3299 2885 ἔμιξε
3330 2804 3618 2861 incﬂabilis

2036 2906 2148 2963 est,
2186 2897 2396 2952 dicatur
2424 2897 2678 2952 Dominus
2712 2896 2875 2962 Deus,
2919 2896 3062 2951 Deus
3088 2913 3244 2961 unus,
3275 2896 3414 2951 Dens
3440 2896 3614 2966 fortis,

2036 2987 2177 3042 Dens
2199 2998 2417 3059 potens;
2460 3002 2558 3057 pro
2588 2987 2888 3056 quantitate
2922 2985 3040 3056 ejus
3073 3002 3192 3055 quae
3219 2986 3483 3041 immensa
3509 2995 3614 3050 est,

2036 3093 2257 3147 magnus
2283 3077 2539 3132 Dominus
2564 3086 2612 3130 et
2649 3075 2935 3132 laudabilis
2961 3075 3111 3131 valde
3142 3075 3195 3146 (I
3228 3075 3415 3130 Paral.
3458 3077 3569 3146 va)
3597 3093 3613 3143 ;

2037 3184 2139 3238 pro
2164 3167 2424 3237 qualitate
2446 3166 2568 3237 ejus
2591 3181 2712 3236 quae
2740 3166 3125 3221 inenarrabilis
3150 3174 3255 3230 est,
3282 3167 3496 3221 dicatur
3528 3166 3620 3220 bo-

2036 3277 2133 3315 nus
2156 3262 2388 3314 omnium
2409 3259 2645 3315 conditor
2667 3257 2753 3331 (II
2770 3258 2948 3312 Μαι-Δ.
2968 3260 3038 3330 ι);
3068 3273 3168 3327 pro
3190 3258 3453 3314 relatione
3473 3256 3619 3314 dica-

2036 3364 2125 3411 tur
2160 3352 2415 3407 Dominus
2443 3352 2675 3404 omnium
2697 3350 2752 3404 in
2779 3366 2835 3404 se
2862 3349 3183 3404 credentium
3221 3358 3372 3418 pater
3399 3345 3632 3418 (Epltcs-

2034 3444 2133 3514 Iv);
2160 3459 2261 3512 pro
2281 3443 2408 3506 situ,
2434 3443 2524 3512 qui
2548 3442 2696 3495 sedes
2722 3457 2878 3511 super
2907 3440 3171 3493 cherubim
3197 3438 3371 3511 (Psal.
3395 3438 3614 3509 Lxxlx);

2034 3550 2133 3604 pro
2183 3544 2442 3602 tempore,
2485 3542 2531 3587 et
2574 3532 2701 3585 anni
2744 3532 2821 3584 tui
2865 3546 2967 3583 non
3003 3529 3245 3599 deﬁcient
3290 3527 3464 3600 (Psal.
3503 3530 3614 3600 et);

2035 3639 2134 3693 pro
2158 3624 2295 3689 loco,
2324 3623 2578 3676 Dominus
2598 3623 2653 3677 in
2684 3620 2812 3675 cazlo
2837 3622 3040 3690 paravit
3063 3620 3239 3674 sedem
3262 3636 3413 3675 suam
3438 3619 3613 3691 (Psal.

2036 3716 2164 3783 cn);
2193 3728 2293 3782 pro
2336 3711 2543 3776 habitu,
2570 3711 2789 3781 abyssus
2814 3710 2949 3764 sicut
2991 3709 3213 3780 pallium
3241 3711 3475 3764 amictus
3502 3708 3639 3778 ejus.

2038 3803 2210 3877 (Psal.
2238 3804 2387 3874 cm);
2417 3817 2513 3871 pro
2542 3817 2724 3873 agere,
2754 3802 3024 3855 suscitata
3059 3810 3199 3854 terra
3228 3801 3457 3869 inopem,
3486 3809 3534 3853 et
3554 3800 3620 3854 dc

2036 3904 2260 3948 stercore
2284 3891 2478 3946 exultat
2501 3908 2778 3963 pauperem
2800 3889 2971 3963 (Psal.
3000 3891 3167 3960 exn);
3198 3905 3296 3960 pro
3313 3890 3444 3960 pati,
3471 3889 3641 3947 labor-

2038 4003 2157 4040 rare
2196 4001 2277 4039 me
2314 3984 2513 4054 fecistis
2538 3985 2595 4039 in
2631 3985 2856 4054 peccatis
2892 3983 3074 4037 vestris
3114 3982 3268 4051 (lsai.
3300 3981 3497 4053 XLIII)?
3537 3991 3620 4036 ta-

2038 4092 2160 4131 men
2194 4076 2309 4131 hzec
2331 4076 2511 4130 omnia
2537 4084 2592 4131 et
2617 4075 2703 4130 his
2741 4074 2937 4129 similia
2966 4075 3201 4128 ltumano
3228 4088 3378 4128 more
3401 4073 3465 4128 de
3484 4073 3615 4138 Deo,

2038 4166 2106 4221 de
2131 4181 2238 4235 quo
2277 4164 2412 4219 nihil
2454 4165 2614 4236 digne
2656 4163 2760 4219 dici
2791 4179 2821 4217 a
2853 4163 3172 4217 mortalibus
3212 4171 3429 4233 potest,
3476 4163 3641 4220 dicta.

2039 4265 2431 4321 monstrantur.
2470 4257 2570 4311 Est
2600 4256 2744 4311 enim
2775 4256 3075 4311 substantia
3106 4254 3237 4309 nulli
3264 4254 3333 4308 ad
3360 4254 3618 4324 indagan-

2038 4352 2165 4407 dum
2195 4350 2381 4413 facilis,
2411 4356 2465 4404 et
2490 4349 2608 4404 ideo
2626 4347 2941 4412 incll‘abilis,
2967 4347 3092 4418 quia
3118 4345 3247 4400 nulli
3272 4345 3637 4414 investigabi-.

364 4448 417 4502 in
434 4448 775 4517 imaginibus,
797 4463 972 4501 omnes
994 4447 1165 4500 dicent
1187 4444 1411 4516 gloriam
1437 4443 1609 4517 (Psal.
1629 4444 1823 4515 xxvnt)
1844 4460 1859 4508 ;
1881 4453 1936 4498 et
1962 4463 2015 4523 ι)
2041 4446 2126 4501 lis.
2166 4445 2261 4499 Est
2285 4444 2402 4498 sine
2428 4440 2732 4512 quantitate
2771 4454 3017 4509 magnus,
3059 4437 3178 4492 sine
3223 4436 3483 4507 qualitate
3524 4436 3621 4489 ho-

364 4549 579 4615 rurSus,~
617 4539 844 4592 Adorate
872 4536 1175 4601 Dominum,
1204 4552 1312 4593 non
1348 4537 1425 4590 ait
1470 4536 1525 4590 in
1550 4535 1809 4606 picturis,
1841 4533 1936 4590 sed

363 4629 418 4684 in
462 4629 588 4683 aula
640 4638 824 4683 sancta
867 4629 983 4697 eius
1034 4629 1219 4700 (Ibid.
1247 4628 1292 4701 ).
1333 4627 1603 4696 Quantum
1663 4630 1810 4685 enim
1858 4629 1937 4684 di-

362 4725 471 4773 stat
514 4717 658 4773 inter
684 4717 943 4787 templum
991 4718 1137 4788 quod
1178 4719 1475 4773 multorum
1524 4717 1799 4772 hominum
1844 4732 1937 4773 ca-

364 4823 467 4879 pax
496 4816 600 4873 εει,
633 4817 689 4863 ει
722 4808 1009 4878 imaginem
1042 4824 1164 4878 qua:
1194 4816 1393 4877 praeter
1426 4808 1745 4863 memoriam
1768 4808 1938 4862 visio-

364 4899 449 4952 nis
477 4913 639 4966 quam
669 4898 1003 4952 intuentibus
1028 4897 1220 4962 infert,
1251 4897 1415 4952 nullis
1440 4906 1524 4952 est
1552 4913 1789 4966 congrua
1823 4896 1940 4953 olli-

364 4987 489 5049 eiis,
520 4994 731 5040 tantum
760 4986 964 5041 distare
987 4988 1390 5043 venerationem
1423 4988 1537 5041 sive
1566 4987 1937 5045 adorationem

366 5076 678 5144 imaginum,
706 5092 738 5131 a
762 5078 1109 5132 veneratione
1144 5093 1265 5147 qua:
1289 5079 1490 5148 templo
1515 5078 1612 5132 Dei
1632 5078 1935 5145 exhibetur,

368 5167 554 5222 multis
577 5174 727 5235 patet
750 5167 982 5223 indiciis.
1014 5168 1071 5223 Si
1098 5182 1228 5223 vero
1254 5169 1428 5223 locum
1460 5170 1554 5223 Dei
1580 5169 1816 5223 animam
1852 5169 1940 5238 ju-

369 5260 439 5315 sti
483 5260 718 5314 hominis
761 5261 965 5325 dicunt,
1000 5276 1122 5330 quae
1168 5260 1486 5315 familiarius
1516 5261 1665 5316 locus
1691 5260 1788 5315 Dei
1832 5261 1937 5316 dici

367 5360 566 5424 potest,
597 5367 759 5422 quam
809 5354 1068 5409 Dominus
1118 5353 1504 5410 sanetiﬁeando
1553 5354 1842 5420 inhabitat,
1885 5362 1941 5409 et

365 5446 717 5501 tnhabitando
752 5447 1082 5513 sanctiﬁcat,
1115 5449 1170 5502 in
1205 5449 1308 5502 hoc
1331 5462 1546 5517 quoque
1583 5446 1941 5502 vehementis-

367 5538 504 5593 sime
535 5546 739 5593 errant.
778 5537 886 5593 Pro
927 5538 1099 5594 salute
1129 5539 1272 5593 enim
1300 5539 1640 5603 animarum,
1696 5553 1804 5592 non
1840 5553 1941 5609 pro

368 5628 541 5683 salute
583 5628 880 5700 imaginum
926 5630 1068 5686 Deus
1094 5630 1267 5701 legem
1297 5630 1476 5695 dedit;
1525 5630 1593 5685 ad
1633 5630 1941 5684 liberandas

371 5718 599 5785 an'mas,
630 5734 736 5774 non
769 5721 835 5776 ad
872 5721 1129 5787 imagines
1152 5720 1475 5784 Redemptor
1506 5718 1689 5777 mundi
1721 5719 1788 5774 ad
1836 5726 1940 5774 ter-

2041 4552 2172 4601 nus,
2206 4536 2323 4591 sine
2347 4533 2609 4588 relatione
2632 4531 2875 4586 omnium
2904 4528 3192 4595 Dominus,
3229 4536 3283 4583 et
3313 4535 3510 4583 caetera
3535 4527 3643 4582 his.

2040 4624 2236 4680 similia
2256 4665 2271 4689 ,
2299 4639 2420 4694 qua:
2443 4622 2711 4678 uberioris
2753 4620 3134 4690 disputationis
3160 4619 3446 4675 materiam
3471 4634 3619 4688 quas»

2040 4726 2185 4771 runt.
2231 4716 2365 4770 Nam
2391 4723 2451 4770 ut
2490 4715 2557 4771 de
2596 4715 2715 4770 loco
2758 4714 2854 4769 Dei
2896 4712 3099 4783 aliquid
3138 4713 3411 4778 dicamus,
3444 4711 3640 4767 sancti.

2038 4807 2325 4878 Augustini
2358 4807 2519 4862 verba
2548 4807 2794 4876 ponenda
2826 4814 2973 4870 sunt,
3016 4805 3110 4876 qui
3144 4805 3314 4859 Deum
3351 4804 3617 4858 illocalem

2039 4915 2157 4955 esse
2191 4901 2351 4954 unius
2398 4895 2770 4953 tantummodo
2808 4897 3045 4966 quinque
3085 4895 3270 4965 partiti
3317 4894 3635 4964 syllogismi.»

2039 4992 2438 5062 perplexionem
2472 4990 2738 5061 probavit.
2785 4987 2878 5041 Ait
2903 4988 3088 5041 enim:
3136 5003 3155 5036 ι
3184 4986 3326 5039 Deus
3371 5000 3475 5038 non
3520 4983 3619 5037 alia

2040 5081 2163 5136 eubi
2206 5088 2309 5135 est.
2351 5079 2507 5145 Quod
2553 5077 2752 5133 alicubi
2800 5084 2884 5130 est
2922 5076 3065 5131 enim
3110 5076 3418 5131 continetur
3462 5074 3614 5140 loco;

2041 5172 2182 5242 quod
2204 5171 2514 5227 continetur
2538 5170 2656 5225 loco
2686 5183 2881 5238 corpus
2903 5176 3016 5236 est;
3042 5167 3184 5223 Deus
3207 5175 3384 5223 autem
3408 5182 3512 5223 non
3536 5177 3635 5223 est.

2042 5274 2274 5329 corpus:
2304 5273 2412 5313 non
2440 5259 2604 5328 igitur
2626 5257 2820 5313 alicubi
2851 5265 2953 5312 est.
2995 5275 3014 5308 ι
3050 5255 3153 5312 Ubi
3178 5256 3230 5310 in
3266 5255 3618 5326 sequentibus

2040 5351 2097 5404 in
2126 5348 2232 5403 alio
2258 5348 2570 5420 syllogismo
2607 5348 2857 5418 probavit
2883 5363 3007 5403 eum
3034 5355 3088 5402 et
3112 5344 3290 5403 locum
3324 5362 3434 5403 non
3473 5361 3616 5413 esse,

2039 5450 2095 5496 et
2115 5441 2297 5495 omnia
2325 5440 2381 5495 in
2403 5440 2493 5496 illo
2518 5455 2657 5496 esse.
2686 5439 2776 5493 Ait
2798 5438 2941 5494 enim
2970 5452 2987 5492 :
3023 5457 3043 5490 ι
3073 5437 3140 5492 Ει
3164 5446 3345 5493 tamen
3378 5438 3503 5509 quia
3532 5444 3617 5492 est

2041 5544 2097 5590 et
2120 5536 2175 5589 in
2200 5534 2319 5590 loco
2356 5549 2465 5589 non
2488 5541 2591 5599 est,
2637 5533 2690 5587 in
2718 5532 2810 5586 illo
2838 5537 2965 5585 sunt
2993 5528 3173 5598 potius
3208 5528 3409 5596 omnia,
3447 5542 3625 5599 quam.

2043 5628 2158 5697 ipse
2184 5626 2379 5681 alicubi
2404 5640 2419 5679 :
2451 5640 2552 5681 nec
2576 5633 2756 5678 tamen
2780 5623 2855 5677 ita
2900 5621 2953 5676 in
2984 5621 3077 5676 illo
3104 5629 3163 5675 ut
3186 5621 3301 5689 ipse
3341 5620 3412 5675 sit
3441 5619 3611 5675 locus.

2043 5720 2217 5776 Locus
2263 5719 2407 5774 enim
2438 5719 2493 5772 in
2522 5716 2694 5787 spatio
2736 5723 2819 5770 est
2849 5714 2991 5783 quod
3034 5713 3384 5785 longitudine.
3432 5713 3623 5769 latitu~
