4028 6180
540 346 672 402 1175

1382 340 1441 394 Β.
1481 340 1729 396 CAROLI
1767 336 1981 394 MAGNI
2019 333 2169 393 OPP.
2211 328 2391 387 PARS
2430 331 2488 386 II.
2531 328 2774 386 SEC'I'IO
2804 329 2868 385 II.

3628 327 3743 384 “76

539 457 681 518 dine,
717 450 995 507 altitudine
1025 449 1265 519 corporis
1294 457 1624 516 occupatur;
1671 462 1770 501 nec
1810 448 1951 501 Deus
1993 443 2101 498 tale
2126 446 2178 505 Α
2202 451 2339 507 orat,
2371 443 2465 497 sed
2489 441 2580 508 qui
2607 443 2771 495 Deum
2802 440 2954 494 timet
2993 440 3206 494 beatum
3248 445 3518 506 nuncupat
3541 439 3744 498 dicens:

540 543 740 613 aliquid
759 550 862 605 est,
888 550 944 594 et
971 539 1150 595 omnia
1176 539 1340 614 igitur
1360 538 1415 592 in
1440 539 1556 607 ipso
1586 545 1732 599 sunt,
1757 544 1811 590 et
1829 535 1979 589 locus
2001 549 2107 587 non

539 635 643 686 eat.
680 651 698 684 ι
740 631 839 686 Ubi
869 630 924 684 in
968 629 1318 698 sequentibus
1351 643 1517 697 parvo
1541 626 1920 682 decentissimo
1965 639 2111 679 com-

543 729 704 775 mate.
734 721 908 775 locum
939 719 1030 774 Dei
1063 719 1286 773 abusive
1314 718 1422 773 dici
1447 717 1680 772 asseruit
1706 716 1962 785 templum
1993 713 2109 779 Dei,

543 815 636 867 sed
664 812 897 866 animam
924 811 1157 866 hominis
1184 810 1373 864 melius
1401 824 1560 878 posse
1584 808 1689 863 dici
1731 825 1746 861 :
1781 825 1800 858 σ
1835 806 2012 862 Locus
2033 813 2115 858 ta-

547 918 669 957 men
695 903 808 966 Dei,
843 902 1034 972 inquit,
1065 900 1286 956 abusive
1311 900 1511 955 dicitur
1545 899 1803 969 templum
1850 897 1970 962 Dei,
2004 911 2113 950 non

545 994 688 1062 quod
712 993 1069 1055 contineatur,
1104 991 1198 1046 sed
1239 990 1383 1059 quod
1405 989 1458 1051 ei,
1477 1003 1717 1059 pmsens
1743 987 1832 1051 sit,
1861 987 1914 1042 id
1936 995 2115 1039 autem

546 1084 679 1138 nihil
707 1083 898 1138 melius
937 1096 1100 1152 quam
1125 1081 1304 1135 anima
1334 1080 1528 1134 munda
1564 1077 1901 1147 intelligitur.
1934 1095 1952 1127 ι
1981 1075 2116 1130 Cum

548 1173 714 1243 igitur
734 1173 809 1227 illi
838 1172 910 1226 ita
953 1171 1288 1227 venerandas
1317 1169 1498 1224 dicant
1527 1168 1790 1237 imagines
1808 1207 1820 1229 ,
1854 1174 1914 1219 ut
1939 1165 2117 1219 locum

546 1263 661 1327 Dei,
692 1277 759 1317 an
783 1277 884 1331 pro
906 1259 1105 1330 templo
1126 1260 1240 1323 Dei,
1274 1275 1340 1313 an
1365 1274 1466 1328 pro
1489 1258 1666 1311 anima
1709 1255 1840 1324 justi
1887 1252 2122 1309 hominis

548 1355 651 1409 hoc
695 1354 890 1416 dicant,
939 1361 1228 1420 utrumque
1253 1367 1360 1417 non
1385 1349 1658 1405 convenit.
1698 1347 1754 1402 Si
1796 1360 1926 1400 vero
1948 1345 2001 1399 in
2054 1358 2121 1398 eo

559 1444 715 1497 verbo
740 1442 942 1510 aliquid
966 1441 1030 1494 de
1053 1441 1164 1495 Deo
1183 1439 1354 1494 locale
1379 1439 1637 1500 sentiunt,
1659 1436 1888 1490 multum
1907 1433 2122 1487 illorum

550 1547 742 1593 sensus
767 1547 798 1585 a
840 1531 1070 1585 veritate
1095 1529 1368 1584 dissentit.
1399 1527 1507 1583 Nos
1533 1541 1662 1596 ergo
1699 1533 1884 1596 utpote
1923 1524 2126 1592 cogita-

553 1626 761 1680 tionum
802 1623 996 1694 ignari,
1045 1638 1169 1678 cum
1211 1637 1318 1691 quo
1363 1620 1558 1676 affectu
1596 1633 1770 1689 quove
1821 1632 1982 1672 sensu
2022 1615 2126 1669 hoc

554 1715 788 1771 dixerint
821 1703 1145 1776 nesciamus,
1172 1728 1234 1767 ea
1269 1719 1476 1766 tantum
1503 1710 1840 1772 discutimus,
1869 1722 1986 1777 quas
2011 1704 2120 1774 api-

553 1822 679 1865 cum
706 1805 906 1861 indicio
927 1804 1289 1874 percepimus.

1081 1895 1310 1951 CAPUT
1349 1894 1582 1950 XXVIII.

556 1990 752 2046 Inutile
773 1999 821 2044 et
861 1990 1071 2043 demens
1113 1997 1160 2041 et
1199 2003 1374 2040 errore
1399 1986 1608 2056 plenum
1638 1987 1833 2039 dictum
1871 1985 2014 2054 quod
2046 1983 2130 2035 di-

626 2071 746 2115 cunt
774 2077 792 2113 :
821 2060 920 2125 Qui
951 2060 1116 2112 Deum
1148 2057 1298 2110 timet
1336 2057 1566 2110 honorat
1589 2056 1830 2119 omnino,
1855 2056 2044 2108 adorat
2074 2060 2130 2106 et

627 2139 911 2184 veneratur
941 2129 1079 2182 sicut
1123 2127 1314 2182 Filium
1369 2126 1462 2179 Dei
1505 2125 1776 2179 Christum
1823 2125 1988 2178 [)eum
2036 2138 2130 2176 no-

624 2210 819 2277 strum2
850 2206 904 2252 et
948 2198 1157 2267 signum
1187 2196 1365 2251 crucis
1389 2194 1528 2263 eius,
1556 2203 1611 2248 et
1652 2194 1878 2265 ﬁguram
1917 2203 2130 2248 sancto-

625 2285 745 2323 rum
773 2283 913 2335 ejus.

624 2362 953 2429 Estquoque
983 2367 1038 2412 et
1079 2359 1131 2411 in
1191 2358 1294 2411 hoe
1334 2355 1735 2410 insanissimum
1779 2361 1834 2408 et
1881 2353 1949 2407 ab
1984 2352 2128 2405 onmi

556 2451 770 2520 penitus
796 2447 1005 2504 cautela
1050 2456 1338 2508 remotum,
1369 2446 1513 2514 quod
1541 2445 1726 2500 dicunt
1769 2459 1783 2498 :
1817 2443 1921 2509 Qui
1962 2442 2129 2495 Deum

557 2542 720 2604 timet,
750 2540 971 2592 honorat
987 2538 1219 2602 omnino,
1237 2536 1422 2590 adorat
1446 2552 1538 2590 seu
1564 2545 1838 2590 veneratur
1858 2534 2013 2588 sicuti
2037 2531 2131 2586 Fi-

556 2629 685 2682 lium
713 2627 893 2691 Dei,et
921 2628 1126 2697 signum
1150 2627 1319 2680 crucis
1347 2625 1480 2694 ejus,
1506 2634 1552 2678 et
1578 2625 1806 2695 ﬁgurans
1833 2633 2132 2677 sanctorum

555 2722 690 2792 ejus.
721 2719 990 2786 Quantum
1020 2735 1148 2788 ergo
1175 2718 1337 2772 distet
1361 2718 1672 2788 mysterium
1697 2717 1988 2772 Domiuie-e
2009 2731 2131 2771 eru-

555 2812 656 2876 cis,
683 2811 748 2865 ad
776 2812 918 2881 quod
955 2810 1356 2878 intelligendum
1385 2809 1645 2864 revelatos
1682 2824 1782 2863 nos
1807 2809 1963 2862 docet
2005 2822 2131 2861 ocu-

558 2904 638 2956 los
650 2902 847 2956 habere
867 2898 1171 2969 Apostolus,
1197 2907 1255 2978 ut
1269 2898 1628 2968 intelligamus
1647 2913 1766 2967 qtae
1785 2897 1857 2951 sit
1877 2896 2126 2958 altitudo,

557 3002 611 3045 et
647 2988 940 3060 longitudo,
979 2997 1032 3042 et
1064 2988 1289 3042 latitudo
1330 2988 1507 3042 crucis
1546 2986 1766 3052 Christi,
1810 2996 1864 3042 et
1910 2985 2133 3056 profun-

560 3085 708 3147 dum,
739 3083 792 3136 in
819 3081 1186 3150 superioribus
1217 3078 1374 3148 hujus
1399 3081 1576 3149 operis
1594 3066 1863 3148 (partibus,
1902 3077 2129 3132 Domino

558 3171 855 3241 opitulante
890 3178 1245 3224 monstratum
1278 3179 1390 3235 est;
1433 3177 1487 3223 et
1515 3177 1776 3238 quantum
1825 3167 1990 3223 distet
2032 3168 2128 3222 ad-

557 3265 736 3320 oratio
756 3271 811 3317 et
829 3262 1038 3317 cultura
1059 3261 1158 3316 soli
1186 3261 1296 3316 Deo
1323 3261 1500 3315 debita
1523 3261 1591 3316 ab
1617 3260 1928 3315 adoratione
1951 3265 2005 3313 et
2025 3258 2132 3313 cul-

562 3367 683 3410 tura
710 3368 872 3425 quam
912 3351 985 3406 illi
1020 3351 1340 3422 imaginibus
1383 3351 1738 3406 exhibendam
1782 3357 2128 3414 asseverant,

561 3446 618 3501 in
631 3445 734 3499 hoc
750 3443 911 3497 tertio
932 3441 1069 3496 libro
1083 3441 1242 3496 verba
1269 3440 1604 3496 Constantini
1621 3439 1948 3496 Constanti-ae
1969 3438 2131 3510 Cypri

558 3531 816 3603 episcopi,
831 3529 928 3587 'seu
940 3531 1157 3586 Eutimii
1184 3529 1464 3585 Sardensis
1475 3529 1730 3600 episcopi,
1745 3530 2134 3585 discuteremus

561 3629 722 3692 prout
733 3621 886 3675 nobis
901 3620 1156 3675 Dominus
1169 3635 1325 3689 opem
1339 3618 1480 3676 ferre
1495 3620 1745 3689 dignatus
1759 3628 1858 3683 est,
1885 3618 2134 3674 disserui-

563 3710 872 3768 mus.ch
884 3725 1010 3765 vero
1032 3719 1290 3779 quantum
1313 3710 1476 3767 timor
1497 3709 1709 3767 Domini
1732 3710 1800 3764 ab
1821 3708 2134 3764 adoratione

565 3803 858 3874 imaginum
886 3801 1083 3869 distet,
1112 3803 1351 3860 breviter
1379 3802 1606 3857 Domino
1628 3801 1924 3860 auxiliante
1966 3801 2136 3856 disse-

564 3907 765 3948 ramus.
791 3893 985 3946 Dicunt
1009 3893 1171 3954 enim,
1204 3891 1306 3958 Qui
1329 3895 1469 3948 timet
1493 3893 1680 3957 Deum.
1709 3892 1896 3946 adorat
1924 3892 2132 3946 omnino

473 4036 486 4046 _
561 3982 813 4052 imagines
851 3983 984 4035 sicut
1028 3980 1073 4033 F
1077 3982 1224 4036 ilium
1248 3982 1362 4054 Dei.
1404 3983 1784 4052 Nunquidnam
1813 3998 2000 4038 omnes
2041 3997 2134 4054 pa-

562 4071 814 4124 triarcha:
841 4081 896 4123 et
921 4072 1212 4139 prophetas,
1261 4052 1384 4140 quia
1431 4074 1725 4144 imaginum
1765 4052 2133 4128 adorationem

564 4175 836 4228 sprevere,
891 4160 1008 4214 ideo
1043 4161 1212 4216 Deum
1243 4163 1493 4217 credendi
1543 4173 1669 4218 sunt
1712 4180 1819 4220 non
1855 4165 2135 4219 timuisse?

563 4252 670 4306 Aut
723 4251 983 4320 Apostoli,
1029 4251 1154 4320 quia
1203 4267 1469 4322 nusquam
1529 4253 1785 4323 leguntur
1831 4255 2134 4310 celebrasse

563 4341 861 4412 imaginum
895 4341 1284 4407 adorationem,
1332 4342 1453 4398 ideo
1499 4343 1595 4398 Dei
1634 4359 1741 4401 non
1778 4344 2031 4399 habuisse
2057 4345 2136 4398 di-

2156 3126 2202 3187 C

2209 541 2400 596 Beatus
2416 541 2492 594 vir
2510 541 2599 610 qui
2621 542 2762 594 timet
2785 539 3065 592 Dominum
3081 577 3096 601 ,
3120 553 3173 590 in
3194 537 3456 591 mandatis
3471 538 3584 607 ejus
3603 541 3748 609 cupiet

2210 640 2364 693 nimis
2393 637 2563 709 (Psal.
2593 637 2739 709 cxi);
2780 645 2835 692 et
2881 637 3078 691 iterum
3115 651 3132 690 :
3179 635 3328 688 Beati
3367 652 3543 689 omnes
3584 639 3666 707 qui
3697 640 3751 692 ti-

2209 738 2345 781 ment
2357 728 2424 782 I);
2439 727 2652 787 minam,
2671 727 2762 796 qui
2773 726 3041 779 ambulant
3058 727 3116 778 in
3129 726 3176 778 ri
3185 728 3222 778 's
3233 726 3345 795 ejus
3359 725 3530 796 (Psal.
3550 728 3748 786 cxxvnl.

2211 818 2327 873 Non
2357 818 2500 873 enim
2532 818 2625 879 ait,
2657 824 2716 871 ut
2747 816 2820 869 illi
2862 815 3249 870 absurdissime
3278 816 3528 877 delirant,
3561 816 3658 881 Qui
3693 820 3750 870 ti-

2212 919 2314 964 met
2351 909 2660 971 Dominum,
2704 907 2890 960 adorat
2929 907 3204 975 imagines,
3237 907 3329 960 sed
3364 906 3439 958 ait
3468 924 3482 959 :
3516 905 3614 970 Qui
3633 909 3756 960 timet

2214 1000 2515 1063 Dominum,
2545 999 2602 1052 in
2627 998 2889 1052 mandatis
2915 998 3028 1067 ejus
3055 998 3226 1067 cupiet
3253 999 3428 1050 nimis.
3455 996 3610 1052 Unde
3624 997 3758 1066 liqui-

2216 1089 2513 1144 dissimime
2537 1096 2684 1157 patet
2715 1088 2962 1141 timorem
2990 1087 3203 1141 Domini
3236 1101 3343 1140 non
3386 1087 3443 1140 in
3473 1087 3761 1141 adoratione

2218 1181 2530 1249 imaginum,
2555 1178 2649 1233 sed
2672 1179 2726 1231 in
2754 1178 3034 1232 voluntate
3049 1185 3105 1230 et
3129 1177 3382 1231 instantia
3415 1178 3758 1232 mandatorum

2220 1271 2315 1326 Dei
2341 1285 2479 1326 esse.
2514 1270 2630 1325 Non
2659 1269 2801 1324 enim
2834 1268 2974 1323 idem
3005 1277 3225 1323 sanctus
3248 1269 3333 1322 vir
3369 1268 3558 1323 oculos
3580 1269 3760 1322 Domini

2220 1379 2381 1433 super
2406 1379 2500 1417 eos
2524 1361 2615 1431 qui
2647 1361 2904 1430 imagines
2921 1358 3164 1422 adorant,
3194 1359 3286 1414 sed
3317 1373 3479 1428 super
3501 1359 3686 1428 eosqui
3708 1359 3764 1412 ti-

2223 1465 2369 1511 ment
2393 1469 2513 1508 eum
2546 1461 2793 1518 testatur,
2822 1468 2944 1507 eum
2971 1452 3133 1507 dicit:
3161 1451 3297 1505 Ecce
3317 1450 3457 1504 oculi
3471 1451 3672 1504 Domini
3694 1467 3766 1503 su-

2223 1565 2315 1620 per
2353 1549 2586 1600 timentes
2635 1563 2774 1610 eum,
2803 1556 2851 1599 et
2881 1547 2936 1598 in
2980 1561 3065 1598 eos
3099 1544 3187 1614 qui
3224 1553 3436 1614 sperant
3488 1545 3546 1596 in
3586 1543 3764 1595 miseri-

2225 1641 2404 1695 cordia
2432 1639 2546 1710 ejus
2573 1636 2747 1708 (Psal.
2775 1637 2986 1707 xxx");
3017 1650 3118 1690 nec
3145 1636 3240 1700 ait,
3265 1635 3498 1688 Δάοι-ατε
3523 1635 3764 1702 imagines,

2226 1731 2474 1800 quoniam
2513 1727 2644 1782 nihil
2675 1727 2814 1781 deest
2844 1727 3185 1780 adorantibus
3211 1715 3331 1789 eas,“
3358 1725 3455 1779 sed
3487 1724 3579 1787 ait,
3607 1723 3766 1776 Timete

2154 1791 2201 1852 Β
2230 1791 2534 1883 Dominum,
2567 1835 2743 1872 omnes
2790 1818 2957 1872 sancti
2997 1817 3144 1886 ejus,
3182 1817 3433 1887 quoniam
3491 1813 3616 1867 nihil
3654 1814 3767 1866 deest

2226 1909 2522 1963 timentibus
2549 1924 2668 1961 eum
2699 1906 2870 1978 (Psal.
2895 1906 3128 1977 xsxtu);
3153 1905 3247 1960 sed
3275 1919 3459 1974 neque
3483 1904 3680 1959 initium
3701 1919 3767 1956 sa-

2225 1999 2440 2069 pientia:
2465 1998 2756 2067 imaginum
2779 1996 3170 2058 adorationem,
3198 1995 3294 2050 sed
3334 1993 3550 2048 Domini
3576 2001 3768 2047 testatur

2227 2089 2475 2142 timorem
2495 2087 2699 2149 dicens,
2726 2085 2945 2139 Initium
2964 2085 3232 2154 sapientia:
3257 2084 3417 2136 timor
3443 2081 3650 2136 Domini
3673 2079 3768 2149 (ετ.

2228 2179 2316 2233 cli.
2363 2178 2434 2247 ι).
2477 2177 2629 2244 Quod
2656 2177 2869 2246 quidem
2907 2183 3235 2246 przeceptum
3279 2173 3549 2228 Dominici
3593 2171 3770 2226 timoris

2228 2269 2300 2322 ita
2330 2283 2425 2338 per
2475 2267 2689 2337 Moysen
2735 2267 2928 2336 legitur
2963 2266 3306 2320 institutum:
3355 2261 3487 2316 Post
3523 2260 3767 2314 Dominum

2230 2358 2392 2411 Deum
2438 2367 2679 2419 uestrum,
2712 2356 2902 2424 inquit,
2932 2356 3142 2426 pergite,
3193 2363 3239 2406 et
3294 2354 3474 2422 ipsum
3525 2351 3701 2413 timete,
3731 2356 3768 2399 et

2227 2456 2480 2515 prrrcepta
2507 2445 2624 2515 ejus
2663 2445 2932 2505 custodite,
2959 2454 3005 2497 et
3031 2459 3200 2496 rorem
3244 2443 3359 2512 ejus
3387 2441 3589 2505 audite,
3625 2449 3667 2492 et
3701 2455 3768 2490 ac-

2227 2537 2472 2606 quiescite
2491 2538 2538 2589 ei
2568 2536 2746 2607 (Deut.
2776 2535 2916 2606 χιιι).
2949 2535 3092 2588 Inter
3105 2549 3228 2603 qua:
3254 2533 3513 2587 salutaria
3539 2539 3765 2600 praecepta

2233 2643 2502 2695 nusquam
2544 2627 2835 2697 imaginum
2871 2625 3111 2680 adoratio
3136 2623 3332 2693 legitur
3377 2623 3638 2677 instituta.
3662 2619 3766 2673 Cum

2231 2735 2360 2789 ergo
2394 2719 2683 2789 imaginum
2711 2717 2951 2772 adoratio
2978 2717 3032 2770 in
3067 2715 3264 2770 divinis
3307 2715 3541 2783 eloquiis
3571 2711 3765 2766 invenia-

2233 2819 2321 2864 tur
2341 2809 2634 2878 prohibita,
2651 2808 2834 2863 timori
2861 2807 3071 2862 Domini
3095 2807 3186 2875 qui
3214 2814 3292 2860 tot
3315 2806 3514 2860 divina:
3531 2803 3653 2874 legis
3673 2817 3767 2855 ora-

2232 2901 2369 2956 culis
2395 2901 2818 2960 commendatur,
2855 2897 3159 2951 nullatenus
3183 2906 3268 2951 est
3311 2896 3657 2966 eomquanda.

2302 2991 2490 3046 Flor-es
2516 2991 2678 3060 igitur
2702 2991 2896 3059 quibus
2933 2989 3092 3042 timor
3116 2987 3326 3043 Domini
3368 2986 3560 3041 haberi
3570 2983 3765 3052 iubetur.

2231 3095 2366 3150 quos
2405 3093 2500 3150 per
2540 3079 2878 3134 vastissimas
2915 3078 3108 3133 divinae
3151 3077 3286 3147 legis
3325 3092 3546 3145 campos
3584 3073 3769 3142 impigro

2231 3185 2407 3240 ungue
2435 3171 2820 3240 decerpsimus,
2867 3170 3000 3224 ordo
3039 3169 3280 3237 exposcit
3321 3178 3383 3222 ut
3426 3171 3525 3223 sub
3551 3167 3768 3221 brevitate

2233 3261 2559 3331 digeramus,
2599 3261 2797 3329 quibus
2823 3268 2878 3314 et
2916 3259 3131 3314 lectoris
3168 3259 3390 3312 animus
3425 3258 3766 3312 mulceaturﬁ

2233 3350 2278 3406 si
2335 3350 2458 3419 quis
2502 3349 2610 3404 illis
2655 3365 2835 3403 rermn
2884 3364 3045 3404 sensu
3093 3347 3399 3403 carentium
3449 3347 3765 3402 adorationem

2233 3459 2446 3513 aequare
2480 3451 2727 3508 conatur,
2757 3443 2959 3511 pudore
2983 3450 3038 3496 et
3062 3441 3364 3495 reverentia
3395 3440 3541 3495 indui
3568 3444 3766 3506 cogatur.

2233 3537 2289 3592 In
2320 3534 2625 3589 Proverbiis
2650 3547 2884 3602 namque
2902 3533 3098 3587 dicitur
3120 3546 3138 3585 :
3163 3531 3347 3584 Timor
3360 3530 3572 3584 ι)ωηὶκὶ
3594 3526 3766 3596 αιῆἑςὶέί

2233 3627 2344 3681 dies
2381 3643 2399 3681 :
2443 3627 2569 3680 anni
2614 3635 2785 3678 autem
2831 3625 3112 3694 impiorum
3155 3623 3458 3675 minuentur
3502 3620 3666 3691 (Prw.
3707 3612 3765 3669 Si.

2233 3719 2364 3773 Item
2405 3719 2458 3772 in
2499 3715 2806 3771 Proverbiis
2847 3732 2861 3768 :
2911 3714 3136 3768 Munitio
3168 3713 3323 3783 justi,
3371 3713 3530 3765 timor
3559 3706 3764 3763 Domini.

2234 3812 2473 3867 contritio
2527 3819 2699 3863 autem
2747 3807 3078 3879 operantibus
3135 3805 3277 3859 mala
3327 3804 3537 3874 (υἱώ).
3579 3803 3690 3856 Item
3725 3798 3765 3850 in

2236 3900 2571 3955 Proverbiis:
2605 3897 2783 3952 Timor
2810 3897 3021 3950 Domini
3051 3897 3161 3949 viro
3201 3897 3256 3948 in
3284 3896 3444 3948 vitam
3475 3893 3599 3964 :qrui
3632 3899 3764 3944 autem

2234 3994 2344 4046 sine
2369 3993 2553 4045 timore
2572 3999 2667 4054 est,
2693 3988 3097 4042 commorabitur
3124 3988 3179 4040 in
3195 3985 3308 4040 loco
3331 4003 3485 4056 quem
3513 4000 3608 4038 non
3630 3980 3766 4035 risitot

2233 4083 2449 4140 scientia
2479 4080 2660 4152 (Prov.
2687 4081 2823 4148 χιχ).
2852 4079 2984 4133 Item
3023 4078 3077 4132 in
3117 4077 3421 4132 Proverbiis
3455 4095 3468 4130 :
3497 4075 3656 4128 Timor
3684 4068 3765 4122 De

2233 4173 2364 4225 mini
2393 4171 2671 4242 disciplina
2692 4171 2978 4236 sapientia,
3009 4179 3055 4222 et
3085 4168 3307 4238 gloriam
3336 4166 3575 4237 prmccdit
3599 4156 3765 4216 huntili-

2233 4269 2314 4313 tas
2344 4259 2525 4331 (Prov.
2578 4260 2688 4329 xv).
2719 4259 2852 4313 Item
2904 4258 2955 4312 in
2991 4256 3297 4311 Proverbiis
3343 4273 3356 4308 :
3401 4254 3519 4308 Non
3544 4247 3764 4306 tumuletur

2233 4368 2325 4406 cor
2349 4361 2496 4407 tuum
2538 4360 2845 4420 peccatores,
2888 4347 2978 4402 sed
3010 4348 3066 4400 in
3108 4348 3290 4400 timore
3321 4345 3528 4399 Domini
3569 4350 3662 4396 esto
3685 4345 3762 4389 tot!

565 4429 721 4485 cendi
745 4437 871 4484 sunt
891 4430 1175 4487 timorem?
1200 4431 1308 4490 Aut
1329 4445 1639 4489 sanctorum
1662 4443 1978 4505 martyrum,
2005 4451 2134 4490 ana-
2163 4456 2208 4515 υ
2235 4443 2319 4495 die
2365 4441 2547 4512 (Prov.
2582 4438 2762 4510 χχιιι).
2809 4439 2941 4493 Item
2989 4439 3042 4492 in
3091 4437 3394 4492 Proverbiis
3431 4455 3444 4490 :
3490 4435 3660 4488 Beatus
3696 4423 3762 4495 ιιιὶ

562 4520 922 4584 cboritarum,
951 4535 1046 4574 seu
1067 4523 1231 4579 etiam
1259 4532 1579 4584 cunctorum
1611 4525 1936 4596 generaliter
1962 4526 2135 4582 eccle-

565 4611 910 4670 siasticorum
939 4611 1176 4666 virorum
1206 4615 1393 4679 turbm,
1423 4600 1557 4682 quos
1589 4623 1802 4670 constat
1831 4616 1883 4670 in
1907 4617 2001 4672 Dei
2023 4631 2137 4672 ser-

568 4702 701 4755 vitio
724 4701 1068 4756 devotissime
1096 4702 1373 4767 militasse,
1399 4704 1516 4758 ideo
1541 4704 1784 4760 timorem
1807 4707 2017 4764 Domini
2042 4723 2137 4776 pu-

568 4791 717 4846 tandi
745 4798 870 4845 sunt
910 4806 1014 4845 non
1043 4792 1312 4857 habuisse,
1355 4779 1420 4848 eo
1446 4794 1586 4860 quod
1615 4793 1905 4865 imaginum
1940 4797 2134 4851 adora-

570 4885 773 4938 tionem
805 4898 1068 4953 nusquam
1096 4883 1347 4954 leguntur
1369 4876 1451 4938 vei
1481 4886 1776 4952 probantur
1803 4887 2136 4942 celebrasse?

569 4973 686 5031 Non
731 4975 871 5028 enim
923 4974 1296 5034 sanctissimus
1342 4982 1524 5029 vatum
1569 4975 1736 5030 David
1767 4976 2136 5032 adorationem

570 5065 862 5136 imaginum
893 5081 951 5120 se
981 5065 1293 5130 ducturum,
1339 5066 1431 5120 sed
1471 5067 1564 5121 Dei
1612 5067 1859 5121 timorem
1889 5068 2134 5132 dicebat,

571 5171 695 5209 cum
726 5155 1008 5212 credentes
1037 5170 1224 5210 omnes
1257 5156 1310 5215 in
1336 5155 1537 5212 Christi
1563 5171 1794 5226 persona
1822 5157 1964 5212 ﬁlios
2004 5173 2142 5211 nun-

572 5265 772 5320 cupans
808 5249 1018 5304 blandis
1042 5248 1508 5304 exhortationibus
1538 5248 1604 5302 ad
1640 5264 1699 5304 se
1732 5249 1920 5304 venire
1960 5250 2139 5304 horta-

574 5342 731 5394 batur
759 5339 942 5395 dicens
979 5357 993 5394 :
1036 5337 1238 5405 Venite,
1269 5339 1388 5409 ﬁlii,
1419 5341 1596 5396 audite
1625 5358 1723 5407 me,
1758 5343 1995 5398 timorem
2033 5341 2143 5396 Do-

576 5429 703 5484 mini
722 5429 911 5485 docebo
937 5447 1022 5485 vos
1046 5429 1217 5501 (Psal.
1247 5429 1458 5502 χχχιιι).
1485 5430 1594 5485 Nec
1613 5432 1820 5501 uspiam
1851 5431 2142 5500 imaginum

575 5520 798 5582 cultum,
845 5521 938 5576 sed
964 5521 1210 5576 timorem
1252 5521 1462 5575 Domini
1504 5530 1750 5577 sanctum
1796 5530 2024 5578 testatur
2064 5523 2144 5577 di-

578 5623 703 5664 cens
744 5627 757 5662 :
793 5609 968 5663 Timor
995 5609 1204 5664 Domini
1234 5621 1445 5665 sanctus
1472 5627 1777 5680 permanens
1810 5614 1865 5666 in
1891 5613 2142 5668 smeulum

579 5699 755 5756 urculi
784 5699 952 5772 (Psal.
987 5702 1163 5770 svnt).
1195 5701 1302 5758 Nec
1334 5703 1635 5772 quempiam
1659 5703 1747 5772 qui
1776 5703 2035 5772 imagines
2056 5705 2143 5759 ad-

2232 4535 2412 4587 metuit
2441 4532 2615 4586 omnia
2641 4548 2732 4600 per
2751 4531 3008 4594 timorem,
3039 4545 3159 4582 nam
3186 4529 3275 4598 qui
3303 4527 3436 4581 duro
3459 4535 3527 4581 est
3547 4521 3679 4578 corde
3699 4518 3762 4569 ἱιι·

2232 4621 2366 4675 cidet
2396 4622 2450 4675 in
2481 4619 2622 4674 mala
2654 4619 2834 4690 (Prov.
2865 4619 3080 4686 χχχιιι).
3122 4619 3253 4672 Item
3299 4617 3354 4671 in
3398 4608 3758 4672 Ecclesiastico:

2235 4715 2454 4770 Initium
2481 4713 2751 4784 sapientia!
2779 4713 2936 4766 timor
2963 4710 3195 4775 Domini,
3238 4720 3285 4764 et
3327 4726 3446 4770 cum
3473 4703 3686 4776 ﬁdelibus
3720 4696 3760 4747 ίκ

2234 4816 2379 4858 utero
2409 4812 2676 4857 concretus
2702 4811 2794 4865 est,
2833 4810 2880 4854 et
2923 4818 3040 4854 cum
3071 4799 3246 4853 electis
3271 4797 3544 4852 seminibus
3577 4796 3756 4848 creatur,

2234 4906 2279 4950 et
2308 4910 2425 4948 cum
2452 4894 2613 4963 justis
2639 4902 2686 4946 et
2715 4893 2933 4946 sensatis
2962 4891 3259 4960 agnoscitur
3285 4887 3474 4960 (Eocli.
3509 4883 3568 4954 ι).
3588 4881 3696 4940 IIem
3718 4873 3759 4930 i3

2236 4985 2610 5041 Ecclesiastico
2659 5001 2672 5036 :
2733 4982 2909 5036 Timor
2956 4981 3168 5035 Domini
3221 4981 3488 5035 scientiam
3533 4972 3756 5044 agnosca-

2235 5076 2557 5131 sanclitatem
2579 5073 2789 5126 castitas
2819 5072 3088 5134 custodiet,
3117 5081 3164 5124 et
3181 5069 3568 5139 justiﬁcabitur,
3597 5054 3755 5139 OO'l'I’

2237 5164 2576 5225 cunditatem,
2606 5172 2759 5230 atque
2796 5161 3048 5229 gaudium
3087 5138 3230 5212 dabit
3273 5155 3462 5227 (Eccli.
3490 5153 3546 5222 ι).
3584 5147 3691 5202 Item
3715 5138 3754 5191 ia

2238 5253 2615 5309 Ecclesiastico
2639 5269 2652 5305 :
2686 5250 2905 5304 Timenti
2937 5249 3220 5303 Dominum
3243 5248 3367 5302 bene
3395 5247 3506 5308 erit,
3529 5250 3572 5296 et
3597 5239 3644 5290 in
3673 5230 3758 5284 die-

2240 5344 2333 5398 bus
2376 5339 2834 5398 oonsummationis
2857 5337 3000 5392 illius
3029 5337 3355 5396 benedicetur
3380 5353 3398 5390 :
3425 5327 3660 5406 plenitudo
3694 5334 3755 5372 ιω

2239 5435 2445 5506 ρὶεηιὶιε
2489 5434 2668 5490 timere
2713 5429 3012 5491 Dominum,
3064 5437 3112 5483 et
3153 5427 3420 5498 plenitudo
3455 5424 3515 5478 de
3550 5410 3754 5506 [recubat

2241 5503 2355 5596 ejus
2381 5541 2582 5578 omnem
2627 5523 2838 5580 domum
2887 5521 3028 5576 illius
3067 5520 3290 5592 implerit
3323 5536 3354 5572 a
3380 5503 3752 5596 generationibus.

2241 5588 2288 5668 et
2313 5611 2635 5682 receptacula
2683 5611 2746 5665 de
2793 5611 3048 5664 thesauris
3096 5588 3210 5679 ejus
3250 5625 3268 5662 :
3315 5621 3502 5661 corona
3535 5588 3752 5682 sapientia

2244 5678 2432 5760 limere
2453 5703 2754 5771 Dominum,
2787 5711 3001 5772 utraque
3047 5678 3219 5765 autem
3246 5710 3386 5760 sunt.
3410 5699 3535 5758 dum:
3563 5688 3641 5750 1⁵εὲ
3662 5678 3752 5754 (59’
