4028 6180
373 304 512 359 ΗΠ

370 420 458 475 cli.
503 415 567 486 ι).
599 414 727 470 Item
763 411 818 468 in
847 412 1224 468 Ecclesiastico
1249 427 1265 466 :
1299 411 1476 465 Timor
1505 410 1711 464 Domini
1741 409 1950 480 expellit
1976 412 2031 472 Α

368 514 656 578 peccatum,
689 520 809 557 nam
833 504 922 574 qui
949 504 1060 555 sine
1101 503 1286 556 timore
1311 511 1405 566 est,
1437 518 1539 555 non
1576 501 1762 570 poterit
1782 499 1947 569 justi-

368 597 521 664 Iicari
551 593 760 647 llbid.).
791 591 921 645 Item
956 591 1007 644 in
1038 590 1450 645 Ecclesiastico:
1484 589 1608 643 Non
1633 590 1705 643 sis
1725 589 1950 643 incredi-

368 687 488 740 bilis
515 684 690 738 timori
736 681 968 742 Domini,
1016 690 1063 733 et
1085 697 1148 733 ne
1199 680 1476 734 accesseris
1520 679 1590 732 ad
1613 695 1729 732 eum
1750 678 1947 748 duplici

367 777 524 831 corde
551 773 760 846 (Ibid.).
803 772 933 826 Item
963 771 1018 824 in
1061 770 1438 825 Ecclesiastieo
1465 784 1482 822 :
1515 768 1617 834 Qui
1646 770 1822 823 timent
1845 769 1948 822 Do-

367 869 568 921 minum
616 882 720 918 non
747 873 897 917 erunt
925 861 1250 916 incredibiles
1278 862 1427 916 verbo
1460 862 1594 932 ejus,
1626 871 1672 914 et
1697 862 1788 930 qui
1825 860 1949 914 dili-

367 968 492 1028 gunt
523 955 670 1009 illum
691 954 1062 1008 conservabunt
1094 954 1225 1006 viam
1257 953 1400 1021 ejus;
1429 953 1518 1022 qui
1556 953 1734 1005 timent
1763 949 1946 1004 Domi-

367 1063 492 1100 num
520 1045 780 1116 parabunt
799 1043 959 1097 corda
987 1060 1104 1108 sua,
1135 1052 1180 1095 et
1209 1043 1263 1095 in
1289 1051 1559 1110 conspectu
1586 1040 1728 1094 illius
1753 1043 1948 1094 sancti-

364 1139 594 1207 ﬁeabunt
623 1137 828 1189 animas
853 1151 978 1188 suas
993 1150 1012 1197 ;
1039 1133 1129 1204 qui
1148 1134 1328 1186 timent
1353 1133 1629 1185 Dominum
1650 1132 1942 1186 custodiant

365 1227 615 1281 mandata
643 1226 777 1296 ejus,
806 1235 852 1278 et
880 1225 1186 1294 patientiam
1213 1223 1470 1276 habebant
1500 1239 1659 1292 usque
1686 1222 1754 1275 ad
1779 1224 1946 1292 inspe-

363 1321 586 1372 ctionem
613 1317 728 1386 ejus
750 1332 768 1370 :
789 1317 946 1368 timor
969 1314 1183 1367 Domini
1213 1330 1315 1366 non
1335 1313 1587 1384 dispicere
1605 1314 1811 1383 justum
1851 1315 1944 1367 lto-

363 1410 554 1462 ntinem
589 1419 886 1475 pauperem,
914 1413 961 1456 et
992 1420 1096 1456 non
1124 1403 1460 1472 magnificare
1497 1404 1664 1456 virum
1707 1413 1944 1472 peccato-

365 1512 472 1548 rem
505 1495 711 1547 divitem
734 1490 923 1559 (Ecclt.
954 1490 1036 1560 ιι).
1067 1489 1198 1544 Item
1225 1490 1276 1542 in
1302 1489 1677 1544 Ecclesiastico
1713 1505 1728 1544 :
1759 1490 1941 1544 Omnis

362 1586 616 1656 sapientia
638 1585 794 1635 timor
811 1581 1044 1644 Domini,
1067 1589 1114 1632 et
1137 1581 1191 1632 in
1219 1579 1312 1632 illa
1338 1581 1518 1633 timere
1550 1579 1713 1632 Deum
1741 1580 1930 1649 (Eccli.

362 1675 496 1746 xix).
529 1677 656 1728 Item
685 1672 738 1726 in
766 1670 1140 1725 Eeelesiastico
1165 1688 1178 1723 :
1209 1669 1334 1723 Non
1353 1680 1426 1724 est
1446 1671 1501 1723 in
1521 1671 1705 1724 timore
1727 1671 1938 1725 Domini

361 1765 639 1818 minoratio
677 1778 696 1815 :
739 1760 916 1813 Timor
962 1759 1343 1824 Dominisicut
1393 1757 1685 1813 Paradisus
1732 1760 1940 1814 benedi-
1973 1759 2016 1818 Β

360 1857 546 1908 rtionis
572 1851 760 1924 (lfccli.
789 1850 899 1922 xu).
931 1851 1060 1906 Item
1100 1851 1152 1905 in
1191 1851 1570 1906 Ecelesiastieo
1594 1868 1623 1909 :.
1648 1852 1709 1905 Si
1753 1869 1854 1905 non
1878 1853 1944 1905 ti-

359 1959 554 1996 morem
602 1942 812 1994 Domini
877 1941 1066 1993 teneris
1129 1942 1409 2004 instanter,
1470 1941 1572 1992 cito
1629 1940 1944 1993 subvertetur

359 2036 542 2087 domus
569 2042 658 2084 tua
694 2030 880 2102 (Eccli.
931 2031 1121 2099 xxv").
1153 2030 1283 2083 Item
1315 2030 1366 2083 in
1395 2029 1754 2084 Ecclesiaste:
1791 2028 1942 2082 Finis

359 2125 526 2178 ornnis
567 2123 703 2176 verbi
738 2121 949 2174 auditor
978 2120 1092 2181 Dei,
1119 2120 1287 2173 Deum
1327 2121 1451 2173 time
1475 2130 1522 2172 et
1552 2119 1801 2172 mandata
1827 2119 1942 2188 ejus

359 2212 580 2272 custodi,
609 2210 852 2280 quoniam
883 2210 977 2261 hoc
1002 2218 1075 2260 est
1100 2210 1267 2262 omnis
1287 2209 1440 2260 homo
1463 2224 1481 2260 :
1509 2209 1632 2278 quia
1669 2225 1818 2261 omne
1844 2209 1941 2260 hoc

360 2319 486 2372 opus
508 2301 727 2354 adducet
755 2300 894 2353 Deus
943 2301 998 2352 in
1025 2299 1288 2368 judicium
1314 2301 1369 2352 in
1399 2301 1538 2351 omni
1571 2299 1810 2368 despectu
1837 2301 1942 2352 sive

359 2394 548 2446 bonum
577 2392 680 2445 sive
709 2390 905 2443 malum
945 2389 1142 2461 (Eccle.
1174 2390 1294 2460 xu).
1327 2389 1457 2442 Item
1507 2390 1559 2442 in
1600 2389 1935 2443 Proverbiis:

350 2478 538 2535 Timor
584 2480 793 2532 Domini
841 2479 950 2532 odit
998 2478 1215 2542 malum,
1255 2480 1413 2532 etiam
1458 2478 1844 2543 contumeliam,
1892 2489 1939 2532 et

359 2572 672 2641 superbiam,
696 2581 742 2624 et
775 2573 882 2624 vias
914 2570 1173 2624 malorum
1203 2570 1384 2642 (Prov.
1419 2570 1558 2640 vm).
1593 2571 1692 2624 Hic
1718 2585 1846 2640 ergo
1877 2572 1942 2623 ti-

358 2679 476 2716 mor
491 2662 582 2730 qui
617 2661 698 2715 his
723 2660 1044 2714 testimoniis
1067 2674 1172 2712 non
1194 2660 1482 2728 imaginum
1505 2658 1835 2714 adorationis
1857 2668 1940 2712 est

357 2754 630 2817 indicium,
665 2755 756 2808 sed
779 2755 1040 2808 bonorum
1068 2753 1727 2822 operum-incrementum,
1757 2766 1787 2804 a
1815 2749 1942 2805 ﬁde-

358 2846 499 2899 libus
519 2854 603 2900 est
625 2845 918 2908 tenendus;
961 2851 1046 2897 est
1065 2851 1119 2898 et
1138 2843 1273 2897 alius
1292 2843 1473 2905 timor,
1498 2843 1564 2896 de
1579 2858 1686 2910 quo
1707 2842 1933 2903 dicitur;

357 2937 595 3006 Perfecta
620 2935 847 2989 cltaritas
883 2934 1028 3004 [oras
1058 2935 1209 2987 mittit
1255 2933 1490 2986 timorem
1532 2931 1582 3002 (I
1629 2932 1789 2985 Joan.
1836 2929 1934 3000 Iv),

358 3028 480 3097 quia
509 3026 755 3081 videlicet
785 3027 874 3080 hic
902 3027 1062 3079 timor
1093 3024 1318 3093 impellit
1356 3024 1625 3078 hominem
1655 3023 1722 3076 ad
1752 3023 1933 3076 omnia

321 3105 324 3107 ’
358 3118 617 3171 bonorum
657 3132 880 3186 operum
908 3116 1184 3181 exercitia,
1227 3115 1313 3169 ille
1345 3130 1472 3169 vero
1496 3127 1656 3182 quem
1698 3112 1936 3167 ellaritas
1964 3117 2009 3176 C

359 3210 501 3264 t‘oras
529 3210 714 3279 abigit,
743 3225 844 3271 nec
874 3210 1102 3264 tolerare
1146 3209 1274 3262 sinit
1315 3207 1526 3276 vigilias
1577 3206 1688 3260 sive
1710 3204 1932 3273 jejuuia,

360 3302 441 3356 vel
469 3311 664 3356 caetera
695 3300 1080 3368 hujuscemodi,
1127 3314 1227 3354 nec
1264 3298 1470 3368 perpeti
1496 3312 1592 3366 pro
1622 3295 1822 3352 Christi
1844 3311 1940 3350 no-

361 3392 504 3445 mine
530 3392 830 3444 venerauda
866 3390 1144 3459 martyrio.
1179 3389 1332 3443 Sicut
1367 3388 1512 3442 enim
1543 3388 1648 3441 duo
1688 3394 1814 3440 sunt
1855 3401 1941 3455 ge-

360 3498 488 3536 nera
513 3482 886 3544 tentationum,
911 3496 1072 3534 unum
1104 3479 1350 3533 videlicet
1372 3493 1477 3546 quo
1503 3475 1623 3544 quis
1651 3476 1935 3545 decipitur,

361 3573 502 3628 unde
536 3581 621 3626 est
648 3572 778 3626 illud
805 3589 817 3625 :
850 3571 988 3624 Deus
1021 3571 1273 3623 neminem
1303 3577 1487 3631 tentat,
1527 3567 1634 3636 ipse
1663 3577 1833 3619 autem
1859 3567 1940 3619 in-

361 3673 580 3716 tentator
606 3662 863 3716 malorum
900 3672 973 3716 est
1005 3661 1148 3725 (Jac.
1189 3660 1265 3730 1);
1295 3658 1438 3712 aliud
1480 3672 1586 3726 quo
1614 3656 1735 3724 quis
1759 3655 1938 3710 divina

361 3758 755 3813 examinatione
800 3758 1076 3826 probatur,
1127 3755 1267 3808 unde
1320 3761 1402 3808 est
1444 3752 1593 3815 illud,
1641 3751 1821 3804 Tentat
1853 3767 1937 3804 vos

360 3849 616 3904 Dominus
643 3849 783 3902 Deus
809 3857 970 3901 vester
998 3846 1172 3919 (Deut.
1207 3847 1344 3916 XIII),
1378 3844 1508 3907 sive,
1543 3842 1773 3899 Tentavit
1798 3841 1940 3897 Deus

360 3941 624 3996 Abraham
666 3937 818 4008 (Cen.
857 3937 1189 4007 xsn),juxta
1237 3953 1395 4006 quem
1425 3937 1640 3995 modum
1674 3936 1838 3988 multa
1879 3936 1935 3988 in

363 4030 658 4100 Seripturis
685 4029 887 4084 sanctis
922 4028 1160 4097 diligenti
1196 4029 1536 4097 indagatioue
1579 4026 1939 4095 pervestigata

363 4119 740 4174 inueniuntur:
769 4117 840 4171 ita
885 4116 1138 4170 nimirum
1179 4117 1287 4171 duo
1329 4126 1454 4171 sunt
1505 4117 1745 4182 timores,
1799 4131 1938 4171 unus

364 4225 520 4280 quem
548 4208 782 4264 ebaritas
809 4206 953 4262 foras
977 4207 1162 4272 mittit,
1203 4216 1258 4262 et
1281 4208 1418 4262 alter
1448 4208 1539 4277 qui
1569 4216 1652 4262 est
1674 4208 1938 4263 bonorum

363 4314 584 4368 operum
616 4297 846 4360 initium,
893 4311 1050 4366 quem
1081 4297 1316 4352 charitas
1343 4298 1532 4352 nutrit.
1579 4297 1713 4352 Nam
1749 4299 1795 4353 si
1838 4298 1941 4352 ini-

364 4391 494 4443 tium
534 4387 744 4445 timoris
773 4386 982 4441 Domini
1030 4386 1288 4457 imagines
1340 4389 1566 4443 adorare
1615 4396 1717 4452 est,
1763 4397 1823 4443 ut
1863 4388 1938 4443 illi

365 4477 622 4548 garriunt,
657 4484 867 4532 constat
905 4490 1094 4530 omnes
1133 4486 1350 4531 sanctos
1396 4477 1487 4546 qui
1540 4477 1724 4546 utique
1770 4478 1938 4534 Deum
1965 4475 2017 4536 D

365 4567 608 4623 timuisse
639 4567 949 4631 creduntur,
978 4565 1238 4636 imagines
1273 4567 1545 4631 adorasse,
1578 4574 1632 4622 ct
1675 4567 1720 4622 si
1750 4584 1940 4624 omnes

367 4658 535 4714 Sancti
562 4657 652 4725 qui
697 4671 822 4711 vere
849 4656 1016 4712 Deum
1049 4657 1289 4712 timuisse
1336 4655 1646 4722 creduntur,
1682 4657 1943 4728 imagines

366 4749 677 4811 adoravere,
707 4754 917 4801 constat
941 4761 1034 4801 eos
1073 4748 1332 4802 creatoris
1359 4749 1574 4804 monitis
1622 4750 1939 4814 contraisse,

367 4838 457 4908 qui
487 4846 760 4896 creaturas
785 4839 1008 4893 adorare
1036 4838 1264 4893 inhibuit
1312 4855 1475 4907 seque
1511 4839 1680 4894 solum
1714 4841 1941 4895 adorare

369 4930 618 4983 instituit.
661 4927 773 4982 Non
797 4938 975 4983 autem
1006 4931 1266 4987 creatoris
1304 4931 1522 4984 monitis
1562 4932 1615 4984 in
1666 4931 1940 4987 adorando

369 5027 642 5071 creaturas
670 5018 964 5073 contraisse
1009 5020 1257 5074 credendi
1284 5029 1409 5074 sunt
1443 5034 1456 5073 :
1503 5035 1607 5074 non
1649 5020 1811 5089 igitur
1839 5022 1939 5075 iui-

373 5106 504 5158 tium
536 5105 745 5160 timoris
778 5107 1008 5171 Domini,
1037 5115 1096 5160 ut
1124 5108 1198 5163 illi
1234 5109 1494 5177 garriunt,
1527 5111 1785 5180 imagines
1813 5113 1940 5166 ado-

373 5210 494 5249 rare
525 5202 625 5248 est.
662 5193 778 5261 Quo
803 5196 1122 5250 documento
1146 5199 1469 5266 approbatur
1496 5199 1704 5255 initium
1736 5201 1942 5256 timoris

375 5285 606 5352 Domini,
644 5301 751 5339 non
786 5287 841 5340 iu
882 5287 1192 5342 adoratione
1224 5302 1400 5342 rerum
1427 5303 1586 5343 sensu
1620 5290 1938 5354 carentium,

371 5376 466 5443 sed
492 5375 545 5428 in
568 5374 943 5431 observatione
960 5391 1079 5434 esse
1104 5377 1498 5432 Dominicorum
1530 5390 1937 5448 prteceptorum.

368 5468 460 5534 Ille
496 5467 694 5530 etenim
731 5469 996 5524 veraciter
1033 5467 1195 5524 Deum
1236 5470 1388 5524 timet
1423 5470 1516 5541 qui
1553 5472 1772 5528 cunctis.
1795 5473 1944 5527 vani-

375 5558 572 5613 tatibus
591 5559 782 5628 spretis
814 5559 888 5613 illi
918 5573 976 5615 se
1009 5559 1106 5615 soli
1128 5559 1229 5615 [ide
1253 5567 1308 5616 et
1331 5561 1583 5632 operibus
1619 5565 1941 5619 serviturum

374 5648 610 5714 exhibet.

1147 298 1324 355 LIBRI
1361 298 1698 355 CAROLINI.
1742 331 1808 339 --
1846 298 2065 354 CAPIT.
2107 299 2195 353 DE
2233 297 2418 357 IMAG.
2458 333 2528 342 -—
2565 303 2695 356 LIB.
2738 303 2823 356 Ill.

3482 305 3622 362 H78

2610 414 2837 470 CAPUT
2864 414 3054 469 XXIX.

2045 499 2498 557 Demeatissimum
2556 514 2604 558 et
2662 509 2863 560 ratione
2915 525 3096 562 carens
3150 509 3344 563 dictum
3398 510 3620 566 Joannis

2114 573 2394 650 presbyteri
2420 573 2799 650 Orientalium,
2828 579 2883 630 in
2910 594 2970 630 eo
2997 579 3149 650 quod
3187 580 3280 644 ait,
3327 581 3465 650 quod
3516 598 3620 636 non

2116 645 2386 715 assistente
2413 645 2720 713 imperatore
2770 648 2941 713 imago
2989 645 3102 715 ejus
3131 645 3466 703 honoratur:
3512 667 3616 704 non

2114 713 2253 784 enim
2281 712 2642 784 inhonoratur,
2672 712 2926 784 quatenus
2970 712 3022 768 ei
3061 734 3196 770 nunc
3235 717 3615 772 dominatorem

2117 783 2346 836 omnium
2373 781 2862 857 lasani-Christum,
2885 785 3153 839 visibiliter
3196 786 3342 857 nobis
3390 804 3492 843 non
3524 805 3618 857 ap-

2113 860 2377 920 parentem
2400 891 2415 916 ,
2474 852 2743 906 invisibilis
2781 855 2918 907 enim
2965 865 3037 908 est
3081 855 3378 910 carnalibus
3427 852 3617 912 nostris

2115 920 2280 993 oculis
2322 935 2348 993 _:
2395 922 2527 993 sicut
2570 923 2707 975 enim
2762 923 2902 976 Deus
2948 924 3135 993 ubique
3180 925 3310 978 inest
3354 927 3615 980 honoran-

2113 989 2396 1111 damvejus
2444 991 2752 1060 imaginem,
2785 993 2939 1046 sicuti
2974 1003 3021 1046 et
3048 989 3413 1064 imperatorem
3456 993 3620 1049 Pater

2114 1076 2253 1111 sensi
2285 1098 2299 1111 .

2114 1076 2299 1112 sensu.

2112 1150 2188 1204 De
2236 1166 2300 1204 eo
2338 1150 2478 1218 quod
2528 1152 2846 1221 generaliter
2895 1168 3083 1207 omnes
3132 1144 3227 1207 aut
3273 1153 3474 1208 dixisse
3525 1162 3617 1209 aut

2043 1239 2344 1293 dicentibus
2391 1242 2749 1296 consensisse.
2774 1243 3142 1311 perhibentur,
3183 1244 3326 1311 quod
3373 1244 3618 1314 exemplo

2040 1331 2396 1400 imperialium
2456 1319 2776 1402 imaginum,
2834 1352 2968 1405 quas
3005 1338 3058 1390 in
3099 1337 3346 1392 civitates
3393 1339 3618 1394 emissas

2041 1421 2258 1474 obviant
2294 1424 2448 1476 cunei
2477 1424 2793 1491 populorum
2827 1441 2947 1479 eum
2999 1427 3171 1481 cereis
3207 1436 3262 1480 et
3298 1428 3620 1497 thymiama-

2041 1512 2204 1575 tibus,
2235 1513 2412 1581 imago
2441 1528 2652 1582 quoque
2679 1515 2975 1570 Salvatoris
3002 1517 3115 1571 sive
3152 1526 3457 1572 sanctorum
3500 1534 3618 1573 om-

2040 1601 2186 1656 nium
2215 1604 2484 1658 adoranda
2513 1606 2600 1670 sit,
2630 1606 2682 1659 in
2711 1609 3136 1676 prmeedentibus
3152 1609 3266 1677 jam
3287 1611 3613 1678 disputatum

2040 1703 2141 1755 est,
2193 1705 2247 1749 et
2289 1697 2381 1765 qui
2420 1696 2660 1765 judieum
2703 1709 2754 1754 et
2810 1701 3192 1770 imperatorum
3239 1705 3498 1775 imagines
3544 1723 3612 1762 ex

2042 1784 2236 1851 quibus
2282 1784 2357 1838 illi
2412 1786 2654 1854 exempla
2699 1803 2910 1843 sumere
2960 1790 3271 1856 moliuntur,
3329 1795 3615 1850 adoranda:

2044 1888 2150 1926 non
2201 1875 2325 1939 sint,
2369 1875 2510 1930 beati
2558 1876 2866 1948 Hieronymi
2904 1881 3082 1934 verbis
3119 1884 3468 1951 approbatum
3511 1894 3618 1941 est.

2043 1963 2196 2019 Nunc
2235 1974 2413 2020 autem
2459 1968 2763 2035 specialiter
2811 1972 2973 2024 verba
3019 1970 3239 2028 Joannis
3282 1976 3617 2034 discutienda

2043 2063 2186 2118 sunt,
2216 2056 2302 2124 qui
2328 2057 2381 2109 in
2407 2057 2506 2111 hoc
2535 2060 2746 2128 negotio
2770 2062 3036 2129 reperitur
3059 2072 3114 2118 et
3142 2066 3385 2121 crebrius
3406 2071 3618 2125 caeteris

2043 2144 2252 2200 locutus
2304 2146 2489 2212 fuisse,
2534 2159 2591 2203 et
2641 2165 2746 2204 non
2799 2152 2976 2206 minus
3021 2154 3318 2210 delirasse:
3363 2159 3616 2226 quoniam

2042 2235 2254 2303 quidem
2290 2253 2597 2306 quanquam
2634 2243 2938 2309 generalem
2975 2245 3212 2298 omnium
3248 2261 3488 2303 errorem
3523 2265 3610 2305 se-

2041 2335 2254 2395 quatur,
2287 2330 2517 2397 speciale
2558 2339 2738 2386 tamen
2769 2333 2970 2402 aliquid
3005 2335 3179 2391 eidem
3215 2339 3385 2392 errori
3419 2355 3616 2412 augere

2042 2425 2287 2481 conatur,
2327 2427 2382 2473 et
2414 2428 2474 2473 ut
2526 2436 2666 2487 reor,
2720 2425 3057 2493 generalibus
3110 2428 3266 2497 nugis
3321 2429 3438 2483 ideo
3489 2447 3619 2486 suas

2043 2507 2212 2578 magis
2241 2511 2517 2580 magisque
2546 2528 2716 2583 nugas
2745 2515 3013 2570 associare
3053 2519 3279 2582 curavit,
3329 2520 3452 2588 quia
3501 2537 3618 2575 om-

2041 2595 2188 2649 nium
2222 2599 2486 2654 vanitates
2510 2601 2635 2656 huic
2659 2610 2808 2657 tanto
2839 2605 3010 2659 errori
3051 2607 3436 2662 accumulando
3473 2609 3618 2664 sulli-

2040 2703 2165 2742 cere
2190 2689 2408 2744 minime
2432 2691 2680 2746 credidit.
2708 2692 2870 2760 Quasi
2900 2695 3063 2764 igitur
3087 2697 3426 2766 imperatoris
3457 2703 3616 2755 modo

2040 2777 2182 2832 Deus
2211 2779 2394 2834 localis
2427 2781 2516 2845 sit,
2547 2791 2600 2836 et
2629 2781 2754 2836 dum
2806 2800 2912 2837 uno
2938 2783 3055 2839 loco
3099 2795 3182 2840 est
3216 2787 3323 2840 alio
3369 2803 3489 2842 esse
3522 2805 3618 2843 ne-

2039 2878 2220 2936 queat,
2237 2870 2435 2926 idcirco
2449 2871 2565 2940 ejus
2581 2873 2866 2942 imaginem
2879 2875 3018 2929 sicut
3031 2875 3317 2946 imaginem
3334 2877 3616 2946 imperato-

2041 2959 2114 3011 ris
2138 2960 2463 3015 adorandam
2490 2971 2732 3019 astruere
2755 2965 2972 3021 allectat
2995 2983 3007 3018 :
3031 2967 3173 3034 quod
3203 2969 3416 3036 penitus
3439 2970 3616 3024 omnis

2039 3049 2178 3104 ratio
2193 3059 2356 3104 vetat.
2377 3051 2516 3106 Deus
2528 3053 2668 3108 enim
2690 3069 2951 3124 nusquam
2970 3056 3162 3109 absens
3191 3064 3274 3110 est
3301 3073 3314 3108 :
3339 3056 3429 3125 qui
3456 3057 3501 3110 si
3525 3073 3616 3110 us-

2041 3145 2182 3214 piam
2210 3146 2403 3199 absens
2431 3158 2533 3209 est,
2551 3147 2734 3200 localis
2747 3156 2829 3202 est
2862 3162 2876 3200 :
2903 3149 2949 3202 si
2987 3148 3172 3203 localis
3191 3157 3406 3213 est,nec
3435 3151 3614 3204 omnia

2039 3234 2281 3288 continet
2307 3250 2406 3288 nec
2432 3235 2609 3289 omnia
2634 3235 2834 3304 implet.
2863 3235 3054 3292 Omnia
3077 3247 3257 3293 autem
3287 3245 3340 3293 et
3360 3239 3611 3310 complet,

2040 3333 2097 3379 et
2123 3324 2307 3393 implet
2337 3340 2351 3377 :
2387 3340 2651 3395 nusquam
2685 3325 2848 3394 igitur
2869 3328 3064 3383 absens
3090 3337 3202 3393 est;
3235 3343 3354 3397 qua:
3382 3329 3509 3383 dum
3539 3329 3612 3384 ita

2041 3431 2100 3470 se
2125 3416 2374 3478 habeant,
2408 3431 2513 3470 non
2541 3424 2624 3470 est
2663 3415 2716 3469 in
2743 3417 3126 3472 'materialibus
3165 3417 3485 3486 imaginibus
3521 3418 3612 3472 ad-

2040 3506 2278 3559 orandus
2322 3505 2402 3558 vel
2437 3505 2775 3573 qumrendus,
2807 3505 2901 3560 sed
2955 3506 3010 3559 in
3057 3506 3218 3560 corde
3262 3505 3612 3561 mundissimo

2041 3607 2256 3662 semper
2285 3595 2578 3648 habendus.
2620 3594 2752 3648 Nam
2782 3594 2908 3648 dum
2947 3596 3288 3668 imperatoris
3325 3595 3610 3669 imaginem

2040 3687 2267 3742 adorare
2295 3700 2624 3756 perversum,
2657 3684 2896 3756 ejusdem
2941 3705 3154 3759 quoque
3190 3690 3476 3756 imaginem
3517 3689 3610 3760 qui

2039 3778 2226 3835 localis
2276 3788 2378 3843 est,
2425 3778 2642 3848 imagini
2689 3779 2780 3832 Dei
2816 3779 2905 3849 qui
2949 3779 3172 3834 illoealis
3202 3787 3287 3834 est
3310 3780 3610 3835 assimilare

2040 3869 2320 3941 profanum
2365 3871 2452 3936 sit,
2483 3870 2631 3924 illum
2676 3871 2863 3940 procul
2899 3870 3061 3925 dubio
3090 3870 3370 3939 profanum
3404 3880 3458 3926 et
3487 3885 3609 3939 per-

2040 3979 2256 4019 versum
2284 3978 2404 4017 esse
2429 3970 2659 4028 constat,
2701 3962 2793 4032 qui
2836 3978 2866 4016 a
2917 3977 2974 4017 re
3017 3961 3199 4017 illicita
3228 3976 3340 4016 rem
3368 3961 3609 4016 illicitam

2039 4055 2390 4111 corroborare
2415 4053 2644 4119 allectat,
2672 4061 2727 4109 et
2749 4069 2991 4109 errorum
3024 4054 3271 4122 passibus
3298 4054 3450 4123 quasi
3491 4053 3610 4124 qui-

2040 4146 2264 4204 busdam
2286 4146 2539 4217 gradibus
2564 4146 2690 4200 dum
2713 4161 2828 4220 suae.
2858 4147 3051 4200 mentis
3079 4161 3173 4200 seu
3208 4145 3402 4215 linguae
3429 4146 3612 4200 mode-

2041 4253 2225 4294 ramen
2249 4239 2446 4292 habere
2479 4237 2685 4307 nequit,
2725 4237 3011 4300 enerviter,
3043 4237 3179 4306 proh
3217 4235 3397 4290 dolor!
3425 4234 3492 4288 ad
3517 4235 3611 4289 de-

2039 4330 2239 4385 teriora
2269 4329 2522 4384 decurrit.
2548 4328 2700 4395 Quod
2725 4337 2903 4382 autem
2928 4327 3005 4381 ait
3041 4341 3058 4381 :
3100 4326 3293 4382 Christi
3331 4326 3611 4397 imaginem

2040 4420 2398 4474 honorandam
2452 4421 2608 4473 sicuti
2659 4429 2706 4472 et
2751 4419 3028 4488 imaginem
3071 4418 3400 4489 imperatoris
3451 4417 3613 4472 Pater

2043 4511 2220 4570 sensit,
2248 4509 2594 4579 qurerendum
2623 4517 2706 4562 est
2727 4508 2836 4573 ubi,
2864 4517 2956 4562 aut
2990 4508 3224 4578 quando,
3258 4515 3352 4562 aut
3383 4523 3498 4574 cur,
3521 4516 3614 4563 aut

2044 4599 2492 4669 quemadmodum
2541 4599 2644 4653 h‘oc
2690 4599 2849 4652 Pater
2904 4598 3167 4663 senserit,
3205 4607 3299 4652 aut
3343 4599 3473 4668 quid
3519 4597 3613 4663 sit,

2047 4687 2233 4743 sensit.
2289 4687 2665 4756 Nunquidnam
2707 4702 2828 4741 cum
2858 4686 2925 4742 ab
2955 4686 3060 4741 alio
3093 4686 3302 4755 iussum
3328 4695 3490 4752 esset,
3519 4697 3614 4743 aut

2046 4781 2114 4833 ab
2152 4777 2271 4832 aliis
2303 4777 2474 4842 ﬂeret,
2518 4778 2590 4831 ita
2624 4777 2786 4832 Pater
2821 4779 3023 4832 sensit?
3047 4778 3180 4845 Quia
3211 4793 3338 4850 ergo
3371 4796 3470 4834 nos
3507 4795 3614 4834 non

2048 4883 2230 4923 eorum
2253 4883 2463 4923 errores
2491 4869 2583 4938 qui
2612 4869 2666 4922 in
2704 4870 2882 4924 verbis
2924 4878 3050 4924 sunt
3097 4871 3432 4936 discutimus,
3471 4872 3616 4940 quod

2043 4959 2362 5014 immensum
2397 4966 2540 5012 esset
2564 4966 2619 5012 et
2642 4959 2710 5012 ad
2746 4960 3105 5026 peragendum
3144 4958 3378 5024 difﬁcile,
3417 4960 3612 5039 quippe

2043 5065 2164 5106 cum
2203 5063 2339 5119 pene
2369 5047 2544 5101 nullus
2587 5047 2660 5100 ibi
2685 5049 2970 5101 verborum
3003 5049 3137 5104 ordo
3163 5064 3379 5104 sensum
3415 5049 3610 5118 legenti

2043 5138 2250 5201 alI'erat,
2288 5137 2381 5191 sed
2405 5151 2591 5190 eorum
2629 5137 2962 5191 solummodo
2987 5152 3177 5195 sensus
3200 5155 3295 5195 seu
3317 5143 3610 5198 sententias

2043 5225 2480 5294 reprehendendo
2522 5240 2926 5293 percurramus,
2985 5237 3151 5282 restat
3198 5238 3257 5284 ut
3325 5246 3433 5286 non
3481 5232 3608 5301 quid

2047 5315 2243 5378 dicant,
2285 5330 2407 5369 cum
2445 5314 2742 5384 praesertim
2789 5316 2860 5370 ita
2907 5325 2966 5370 ut
3012 5318 3214 5373 dictum
3264 5327 3365 5386 est,
3405 5319 3612 5376 nullum

2047 5421 2183 5477 pene
2221 5420 2438 5460 sensum
2484 5406 2696 5471 habeat,
2733 5407 2827 5461 sed
2875 5408 3004 5476 quid
3053 5409 3230 5462 dicere
3275 5409 3443 5464 velint
3496 5425 3618 5479 per-

2051 5507 2360 5554 tractemus.
2388 5497 2540 5563 Quod
2566 5497 2642 5551 ait
2669 5498 3028 5551 Itonorandam
3071 5499 3185 5568 ejus
3209 5501 3488 5570 imaginem
3515 5503 3619 5554 sic-

2049 5591 2125 5642 uti
2149 5598 2196 5642 et
2221 5589 2580 5658 imperatorem
2607 5586 2770 5639 Pater
2793 5588 2968 5650 sensit,
2987 5588 3128 5643 hunc
3146 5588 3261 5642 vult
3277 5589 3473 5644 habere
3497 5605 3618 5644 sen-

2052 5694 2189 5746 sum,
2219 5685 2277 5732 ut
2306 5677 2648 5743 dicat,.I*ater
2666 5674 2827 5746 jussit
2855 5676 3140 5746 imaginem
3169 5676 3367 5735 Christi
3391 5679 3616 5735 adorare
