4030 6196
480 237 617 291 υἷε)
1328 229 1391 284 Β.
1430 226 1681 287 CAROLI
1720 222 1933 281 MAGNI
1965 220 2117 279 OPP.
2161 221 2340 279 PARS
2372 221 2438 279 Il.
2489 222 2734 281 SECTIO
2771 224 2835 280 ll.
3606 229 3727 286 H30

480 348 616 404 sicut
640 345 1037 413 imperatorem.
1069 340 1223 408 Quod
1255 340 1473 410 quidem
1502 340 1614 402 ubi,
1659 338 1893 408 quando,
1936 350 2053 399 cur,
2070 333 2133 403 Α
2158 349 2254 390 reo
2304 334 2504 393 annulo
2554 336 2943 405 pretiosissima
2997 337 3316 408 smaragdus
3366 339 3600 405 inserta,
3647 352 3728 399 aut

478 435 928 507 quemadmodum
955 441 1166 503 gestum
1195 432 1286 495 sit,
1336 431 1406 486 ab
1432 431 1579 485 omni
1626 428 1840 498 penitus
1872 428 2061 487 catha-
2148 426 2374 499 cilicino
2403 436 2711 498 tegumento
2736 444 2874 483 auro
2917 436 3079 483 texta:
3103 430 3267 485 vestis
3298 429 3471 487 fascia
3525 433 3728 487 minime

478 528 582 583 lico
612 528 908 597 ignoratur.
959 522 1078 579 Non
1118 522 1261 577 enim
1294 520 1454 575 Pater
1478 521 1761 590 imaginem
1799 519 1935 588 ejus,
1965 520 2061 575 sed
2148 521 2413 573 convenit
2433 527 2637 581 assuta,
2692 518 2766 572 ita
2794 519 3014 587 penitus
3049 521 3356 575 divinorum
3410 522 3725 591 eloquiorum

478 620 653 691 ipsum
677 618 1031 686 eumdemque
1065 615 1333 668 honorare
1358 620 1412 667 et
1433 613 1620 668 audire
1640 611 1820 681 jussit,
1848 624 1969 669 cum
1993 609 2062 664 ad

479 713 674 768 ﬂuenta
702 709 952 765 Iordanis
976 714 1163 763 sancta
1194 705 1431 760 Trinitas
1475 705 1527 758 in
1575 705 1784 759 unitate
1810 705 2064 765 substan-

479 803 586 863 tiae,
626 801 789 857 Pater
818 799 1066 854 videlicet
1095 798 1148 850 in
1174 811 1308 850 voce
1353 811 1459 866 qua
1496 795 1728 849 intonuit
1772 812 1786 846 :
1836 792 1937 846 llic
1985 801 2061 846 est

480 891 654 945 Filius
687 908 832 943 meus
884 889 1106 943 dilectus
1160 890 1214 942 in
1258 904 1360 958 quo
1406 886 1534 939 mihi
1578 886 1702 939 bene
1749 883 2059 956 complacui,

479 983 647 1052 ipsum
674 982 851 1034 audite
883 979 1097 1051 (Matth.
1131 978 1236 1049 ιιι),
1264 978 1433 1032 Filius
1461 977 1515 1029 in
1556 964 1797 1045 con-pate,
1829 973 2063 1043 Spiritus

479 1086 607 1127 vero
641 1081 861 1125 sanctus
893 1070 942 1123 in
973 1069 1151 1139 specie
1176 1068 1438 1124 columba:
1483 1066 1803 1121 mirabiliter
1843 1064 2060 1119 claruit.

480 1161 630 1226 Esto,
679 1163 839 1216 Pater
875 1159 1093 1229 juberet
1135 1160 1506 1216 honorandam
1547 1158 1747 1213 Christi
1776 1157 2063 1227 imaginem

479 1253 619 1311 sicut
669 1254 1067 1324 imperatorem,
1092 1252 1337 1322 nunquid
1370 1268 1477 1306 non
1499 1250 1699 1306 rectius
1727 1257 1870 1304 esset
1897 1248 2065 1318 impe-

480 1355 716 1401 ratorem
764 1344 1136 1401 honorandum
1186 1344 1518 1408 decernere,
1568 1341 1726 1396 sicuti
1775 1340 2063 1409 imaginem

479 1436 701 1501 Christi,
747 1444 808 1490 ut
836 1436 1010 1504 imago
1039 1434 1241 1489 Christi
1276 1432 1684 1487 eminentiorem
1732 1432 1787 1486 in
1846 1430 1937 1499 tali
1980 1446 2066 1484 ra-

482 1528 627 1582 tione
674 1526 854 1581 locum
909 1525 1161 1580 teneret?
1225 1523 1344 1578 Non
1386 1538 1515 1594 ergo
1562 1522 1723 1577 Pater
1776 1521 2065 1592 imaginem

481 1617 682 1674 Christi
712 1631 982 1687 quoquam
996 1615 1212 1686 ‘legitur
1248 1624 1342 1668 aut
1386 1614 1674 1684 depingere
1718 1621 1810 1667 aut.
1837 1612 2065 1667 adorare

482 1719 577 1767 aut
605 1711 872 1765 honorare
916 1707 1159 1776 iussisse,
1192 1708 1388 1778 quippe
1428 1707 1520 1777 qui
1550 1722 1609 1761 se
1654 1705 1826 1761 solum
1853 1703 2068 1759 adorari

483 1798 695 1868 sibique
722 1798 821 1854 soli
846 1798 1051 1853 servire
1093 1796 1347 1852 instituit.
1381 1795 1518 1862 Quia
1553 1811 1680 1866 ergo
1718 1796 2070 1865 imperatores

483 1897 535 1942 ct
556 1904 710 1960 reges
738 1888 844 1942 siut
868 1904 899 1941 a
925 1887 1155 1943 subditis
1178 1886 1478 1941 honorandi
1516 1885 1839 1956 quibusdam
1873 1884 2069 1939 divina:

485 1979 778 2048 Scriptum
815 1979 1073 2047 exemplis
1099 1986 1277 2048 potest
1307 1976 1612 2047 approbari.
1638 1975 1695 2030 Si
1721 1975 1867 2031 enim
1897 1975 2068 2029 hono-

484 2067 639 2122 randi
665 2067 885 2125 minime
926 2073 1125 2132 essent,
1165 2080 1505 2139 nequaquam
1537 2065 1703 2119 David
1726 2064 1810 2118 vir
1848 2072 2069 2123 sanctus

486 2156 726 2221 Saulem,
762 2165 1045 2227 postquam
1073 2157 1214 2213 Deus
1244 2158 1312 2212 ab
1346 2170 1411 2212 eo
1458 2163 1777 2220 recesserat,
1803 2153 2068 2209 Christum

486 2248 701 2304 Domini
728 2260 942 2305 vocaret
967 2249 1019 2320 (1
1051 2250 1175 2320 Reg.
1202 2266 1347 2319 xxvi,
1372 2259 1422 2304 et
1445 2248 1510 2302 ΙΙ
1537 2248 1661 2318 Reg.
1694 2246 1757 2317 1).
1782 2247 1899 2303 Non
1922 2246 2067 2301 enim

484 2347 605 2395 erat
631 2341 845 2395 nescius
884 2340 1140 2409 praefatus
1166 2342 1246 2396 vir
1271 2341 1507 2411 divinam
1551 2355 1671 2395 esse
1714 2339 2069 2410 dispensatio-

486 2446 609 2485 nem
666 2431 720 2485 iu
770 2432 944 2485 ollicio
981 2432 1185 2487 ordinis
1234 2432 1456 2501 regalis;
1497 2431 1697 2486 idcirco
1738 2430 1955 2485 Saulem
2012 2430 2066 2484 in

484 2523 671 2576 eadem
710 2522 884 2578 adhuc
912 2522 1170 2593 dignitate
1194 2523 1427 2592 positum
1470 2522 1808 2585 bonorilicat,
1858 2535 1924 2574 ne
1958 2521 2068 2579 Deo

486 2610 737 2681 injuriazu
766 2611 942 2666 facere
976 2608 1267 2678 videretur,
1295 2612 1387 2682 qui
1422 2612 1506 2682 his
1537 2611 1819 2675 ordinibus
1865 2611 2067 2680 imper-

486 2704 729 2758 tiendum
758 2705 1014 2775 honorem
1058 2705 1315 2761 decrevit.
1355 2704 1600 2772 Quandiu
1640 2719 1771 2775 ergo
1805 2705 1859 2759 in
1889 2718 1955 2759 ea
1989 2703 2071 2761 di.-

484 2795 689 2864 gnitate
714 2802 816 2859 est,
848 2796 1196 2850 honorandus
1232 2804 1331 2858 est,
1370 2795 1414 2850 si
1462 2810 1568 2850 non
1597 2803 1817 2864 prepter
1855 2807 1935 2858 se,
1984 2791 2070 2846 vel

485 2891 706 2955 propter
729 2884 994 2939 ordinem.
1034 2885 1188 2940 Unde
1230 2893 1286 2939 et
1323 2885 1655 2955 Apostolus:
1690 2884 1963 2946 Omnibus,
1988 2883 2070 2937 in-

484 2977 623 3046 quit,
665 2978 1005 3047 potestatibus
1034 2977 1423 3033 sublimioribus
1469 2976 1663 3031 subditi
1712 2985 1894 3035 estote.
1944 2973 2069 3033 Non

486 3073 560 3118 est
591 3066 728 3119 enim
774 3074 1000 3134 potestas
1042 3066 1143 3118 nisi
1187 3082 1221 3118 a
1245 3064 1353 3118 Deo
1381 3064 1556 3136 (Rom.
1587 3064 1739 3135 xm);
1780 3072 1836 3119 et
1866 3063 1921 3118 in
1965 3062 2072 3120 alio

487 3153 646 3209 loco:
687 3155 855 3209 Deum
890 3157 1084 3223 timete,
1124 3155 1292 3226 regem
1326 3155 1669 3223 Itonoriﬁcate
1710 3152 1765 3225 (Ι
1813 3153 1930 3208 Pet.
1986 3153 2071 3223 tl).

491 3242 720 3299 Uberior
752 3258 985 3319 namque
999 3259 1064 3299 ex
1089 3244 1191 3298 hac
1216 3244 1425 3299 ratione
1453 3243 1745 3314 disputatio
1763 3244 1897 3298 oriri
1923 3251 2076 3313 pote:

489 3341 594 3397 rat,
623 3332 719 3407 sed
744 3333 869 3407 quia
892 3331 1008 3403 jam
1048 3333 1436 3405 aliquantulum
1480 3349 1545 3389 ex
1586 3332 1737 3388 eain
1782 3333 2075 3403 superiori-

490 3424 591 3478 bus
646 3422 805 3499 hujus
853 3424 1032 3493 operis
1083 3433 1166 3494 est
1212 3424 1456 3495 partibus
1510 3424 1878 3494 disputatum,
1920 3424 2074 3493 nobis

493 3529 637 3569 nunc
654 3521 742 3568 est
769 3513 854 3589 his
878 3513 1256 3585 praetermissis
1281 3514 1349 3570 ad
1373 3514 1477 3569 alia
1506 3506 1909 3571 transeundum.

1059 3623 1286 3680 CAPUT
1316 3624 1485 3679 XXX.

490 3710 566 3767 De
594 3727 654 3768 eo
705 3711 846 3784 quod
875 3714 1217 3786 apocryplias
1253 3724 1302 3768 et
1326 3784 1331 3786 Α
1354 3715 1613 3770 derisione
1641 3716 1830 3786 dignas
1872 3719 2071 3773 nenias

806 3781 916 3835 suis
946 3781 1294 3837 locationibus
1318 3781 1760 3855 interposuerunt.

561 3872 617 3927 Si
667 3873 788 3944 quis
841 3874 1073 3944 ligneam
1131 3875 1350 3930 domum
1399 3877 1703 3945 aediticans,
1742 3880 1788 3935 si
1838 3881 2075 3949 parietes

490 3961 636 4030 cupit
680 3954 1027 4018 'martuoreis
1074 3979 1339 4020 exornare
1394 3967 1631 4032 tabulis,
1696 3976 1790 4024 aut
1858 3973 2074 4031 variare

492 4050 917 4107 multicoloribus
938 4054 1065 4108 vitri
1088 4053 1349 4121 frustulis,
1373 4056 1500 4111 dum
1522 4058 1695 4113 cernit
1717 4059 1862 4130 ligno
1881 4041 2071 4118 eadem

489 4140 704 4196 metalla
735 4157 833 4211 per
858 4153 1108 4201 naturam
1126 4146 1349 4202 minime
1376 4146 1534 4218 posse
1564 4150 1855 4217 cohmrere,
1875 4155 2072 4224 spretis

492 4231 575 4287 his
600 4234 831 4289 metallis
858 4251 979 4305 qua:
999 4237 1142 4308 ligno
1163 4253 1264 4308 per
1290 4249 1539 4295 naturam
1561 4242 1835 4298 cohaerere
1870 4260 2072 4315 nequa-

489 4339 651 4393 quam
673 4336 923 4394 possunt,
975 4328 1135 4400 lignis
1163 4331 1338 4388 denuo
1387 4342 1612 4389 conatur
1649 4336 1945 4405 perlicere;
1974 4346 2070 4397 aut

492 4507 731 4561 materiae
754 4509 806 4562 ei
855 4512 1286 4591 supplementum
1340 4517 1497 4581 desit,
1540 4535 1649 4574 uou
1695 4519 1924 4576 aliorum
1949 4537 2072 4591 pre-

493 4593 752 4650 tiosorum
780 4593 1120 4671 metallorum
1146 4605 1403 4675 materias
1423 4621 1543 4676 quae
1569 4616 1764 4665 stanno
1798 4611 2073 4675 cohaerere

494 4696 790 4755 nequeunt,
822 4689 917 4745 sed
947 4689 1088 4744 idem
1130 4699 1380 4751 stannum
1405 4695 1473 4749 ad
1502 4696 1888 4765 perliciendum
1933 4716 2073 4770 cmp-

495 4784 763 4845 tumopus
784 4778 976 4846 quaerit
1000 4793 1015 4833 :
1043 4779 1116 4857 ita
1143 4780 1396 4838 nimirum
1413 4784 1487 4838 illi
1515 4785 1568 4840 in
1599 4803 1695 4842 sua
1721 4791 1925 4860 synodo
1947 4807 2072 4849 cum

491 4866 695 4923 erroris
717 4869 801 4923 sui
840 4869 1275 4931 instrumentum.
1308 4876 1629 4947 scripturam
1660 4880 1926 4946 videlicet,
1952 4898 2071 4952 qua:

491 4968 590 5023 pro
632 4956 921 5019 aderandis
974 4959 1295 5032 imaginibus
1345 4968 1640 5038 composita
1669 4976 1752 5024 est
1778 5010 1792 5034 ,
1843 4972 2072 5041 ampliﬁ-

496 5058 622 5099 care
659 5045 762 5100 nisi
793 5056 938 5113 sunt,
988 5048 1404 5125 Scripturasque
1448 5056 1658 5127 divinas
1709 5060 1759 5116 ei
1797 5064 2071 5122 cohaerere

468 5134 712 5223 iuiinime
763 5152 922 5207 posse
959 5152 1262 5225 senserunt,
1311 5146 1380 5201 ad
1423 5151 1757 5221 apocryphas
1807 5156 2070 5224 quasdam

490 5236 546 5282 et
570 5230 681 5285 risu
708 5232 899 5302 dignas
924 5236 1125 5290 naenias
1154 5237 1391 5294 dictandi
1436 5243 1629 5310 pedem
1677 5254 1953 5304 verterunt
1977 5266 1993 5314 ;
2014 5259 2070 5305 ct

493 5332 615 5372 cum
651 5321 894 5377 viderent
923 5326 1116 5381 divinae
1170 5328 1304 5400 legis
1345 5333 1653 5389 testimonia
1704 5336 2071 5409 incompeten-

496 5416 577 5495 ter
600 5410 775 5466 eidem
796 5415 945 5484 operi
965 5418 1205 5474 adhibita
1233 5436 1574 5491 nequaquam
1590 5440 1748 5494 posse
1770 5428 2062 5495 cohaerere,

495 5494 626 5577 tales
647 5499 821 5581 eidem
848 5507 1141 5585 sententias
1169 5516 1439 5581 aptavere,
1467 5526 1586 5581 qua:
1606 5513 1656 5568 ei
1676 5528 1840 5570 sensu
1866 5517 2067 5573 verbis-

496 5599 602 5661 que
627 5602 960 5675 nequaquam
989 5607 1210 5666 possent
1248 5599 1452 5658 distare
1469 5641 1484 5668 ,
1510 5603 1763 5673 quoniam
1791 5604 1931 5663 sicut
1957 5605 2064 5664 fer-

2097 3021 2148 3087 ο

2152 607 2470 665 testimonia
2524 608 2741 663 illorum
2807 609 2959 677 operi
3018 624 3362 679 nequaquam
3419 612 3727 665 conveniunt

2152 697 2421 754 abhiblta.
2453 697 2562 754 [les
2588 713 2720 768 ergo
2750 699 2910 753 dubia
2941 706 2997 753 et
3024 699 3079 752 in
3104 701 3506 756 contentionem
3531 702 3726 757 veniens

2149 803 2269 844 non
2307 788 2466 844 debet
2509 789 2683 844 astrui
2727 791 3164 861 apocryphorum
3217 792 3445 856 nmuiis,
3506 794 3594 847 sed
3649 802 3727 847 aut

2158 878 2356 934 divinat
2400 879 2534 947 legis
2576 879 2831 943 oraculis,
2879 888 2974 935 aut
3025 896 3214 936 eorum
3257 883 3548 938 doctorum
3596 885 3724 954 quia

2162 972 2426 1028 catholica
2456 981 2512 1026 et
2540 973 2833 1042 apostolica
2860 974 3102 1029 Ecclesia
3134 976 3492 1046 recipiuntur,
3544 977 3723 1030 saluta-

2161 1062 2316 1119 ribus
2368 1064 2588 1119 monitis
2625 1074 2681 1119 et
2730 1064 3173 1121 luculentissimis
3223 1067 3583 1122 documentis.
3632 1066 3724 1125 Sed

2154 1153 2395 1211 fortasse
2444 1155 2642 1224 aliquis
2692 1154 2917 1222 hujusce
2971 1158 3177 1212 erroris
3243 1159 3723 1228 scrupulosissimus

2156 1254 2502 1301 asseverator
2545 1247 2728 1302 dicet:
2757 1246 2875 1303 Non
2902 1247 2973 1301 illi
3000 1250 3435 1321 apocryphorum
3486 1252 3718 1307 librorum

2160 1337 2458 1393 sententias
2476 1353 2575 1394 suo
2589 1338 2737 1407 operi
2765 1337 3042 1394 inseruere
3062 1340 3130 1394 ad
3149 1355 3262 1395 rem
3274 1342 3602 1412 propositam
3619 1355 3726 1396 eon-

2160 1427 2506 1493 ﬁrmandam,
2552 1428 2648 1483 sed
2698 1429 3025 1487 insultantes
3044 1431 3111 1486 ad
3163 1435 3522 1503 quorumdam
3573 1434 3723 1488 haere-

2164 1516 2395 1571 ticorum
2420 1518 2697 1572 vesaniam
2725 1520 3162 1576 subsannandam
3186 1537 3201 1575 :
3233 1525 3324 1579 cui
3367 1534 3550 1579 noster
3574 1523 3723 1595 stylus

2166 1605 2479 1662 facillimam
2519 1617 2700 1678 potest
2738 1608 2942 1665 inferre
2997 1614 3431 1683 responsionem.
3481 1614 3725 1684 Nunquid

2098 1677 2146 1739 Β
2171 1712 2295 1751 nam
2323 1713 2446 1752 cum
2475 1677 2784 1755 Polemonis
2826 1677 3139 1773 imaginem,
3160 1707 3310 1774 quod
3353 1706 3500 1760 nulla
3528 1677 3723 1761 authen-

2162 1788 2278 1844 tica
2300 1789 2463 1845 lectio
2489 1799 2695 1856 narrat,
2728 1793 2915 1849 dicunt
2943 1796 3230 1864 quemdam
3258 1797 3329 1851 ab
3355 1797 3556 1852 scelere
3597 1809 3724 1850 coer-

2169 1878 2364 1943 cuisse,
2391 1878 2548 1934 alicui
2573 1881 2865 1936 insultant?
2894 1882 3033 1938 Sunt
3060 1884 3243 1954 itaque
3268 1885 3324 1939 in
3350 1886 3532 1940 eadem
3570 1884 3720 1938 lectio-

2164 1985 2239 2025 ne
2252 1972 2519 2040 qumdam,
2543 1988 2665 2042 qum
2692 1975 2768 2029 illi
2796 1976 2862 2030 ad
2890 1992 3002 2030 rem
3031 1978 3365 2048 propositam
3393 1975 3725 2032 allirmandam

2167 2078 2433 2133 posuere;
2467 2072 2595 2118 sunt
2630 2066 2796 2120 etiam
2850 2066 3109 2137 pleraque
3163 2083 3286 2137 quae
3329 2083 3619 2138 quanquam
3659 2067 3719 2121 in-

2169 2153 2421 2208 sultando
2469 2157 2769 2224 posuerint,
2833 2158 2907 2212 ita
2937 2168 3064 2213 sunt
3093 2160 3371 2221 involuta,
3433 2161 3505 2214 ita
3555 2156 3715 2212 inordi-

2170 2250 2317 2307 nate,
2360 2244 2436 2299 ita
2464 2247 2762 2301 enormiter
2808 2249 3037 2318 prolata,
3083 2250 3154 2304 ita
3183 2250 3492 2320 permixtim
3517 2246 3717 2319 digesta,

2170 2343 2237 2388 ut
2298 2348 2435 2405 pene
2486 2335 2576 2389 vix
2627 2337 2957 2406 deprehendi
3012 2339 3193 2395 valeat
3220 2381 3237 2404 ,
3294 2341 3488 2410 vixque
3537 2336 3718 2393 lectoris

2170 2433 2405 2481 mentem
2436 2427 2686 2498 attingat,
2726 2437 2912 2483 utrum
2939 2444 3001 2484 ea
3028 2447 3150 2501 quae
3177 2431 3434 2487 dicuntur
3465 2431 3609 2486 verba
3632 2428 3715 2482 sint

2166 2515 2578 2583 insultantium,
2636 2529 2729 2573 aut
2780 2520 2868 2575 his
2921 2537 3042 2591 quae
3093 2523 3353 2578 dicuntur
3408 2524 3554 2578 tidem
3595 2518 3714 2575 exhi-

2168 2604 2435 2659 bentium.
2484 2607 2615 2673 Quae
2648 2624 2736 2662 res
2775 2617 2829 2664 ct
2879 2611 2928 2664 si
2966 2626 2996 2664 a
3038 2613 3213 2668 doctis
3251 2614 3544 2683 quibusque
3580 2612 3640 2665 ita
3670 2616 3713 2679 ut

2172 2695 2391 2762 dicitur,
2435 2696 2774 2766 intelligitur,
2820 2700 3054 2757 indoctis
3098 2718 3230 2758 vero
3260 2705 3562 2774 quibusdam
3588 2716 3710 2757 soan-

2172 2784 2351 2840 dahun
2378 2801 2637 2856 generare
2662 2789 2992 2858 perhibetur,
3034 2807 3132 2846 nec
3166 2793 3437 2848 immerito
3460 2832 3473 2858 ,
3521 2804 3623 2861 qua:
3654 2788 3709 2842 ita

2173 2878 2440 2949 imperitia
2469 2881 2669 2953 tegitur
2690 2892 2749 2937 ut
2777 2884 2868 2939 vix
2903 2884 3260 2957 intelligatur.

2740 2994 2970 3052 CAPUT
3000 2996 3194 3053 XXXI.

2176 3104 2590 3179 Deliramentum
2636 3124 2823 3179 errore
2846 3107 3055 3178 plenum
3088 3110 3231 3179 quod
3281 3110 3345 3164 de
3378 3116 3561 3179 retrusa
3593 3117 3706 3179 Δ(μω-

2180 3182 2185 3189 ’
2246 3175 2369 3229 dam
2396 3176 2639 3231 dixerunt
2675 3177 2763 3248 qui
2782 3173 3016 3248 idtentoni
3027 3173 3245 3248 jurasse
3283 3191 3328 3233 et
3353 3178 3561 3248 idipsum
3577 3173 3705 3248 jura-

2244 3240 2715 3317 ntenluntirritum
2749 3247 2945 3317 fecisse
2998 3240 3300 3317 perhibetur
3322 3290 3338 3314 ,
3389 3240 3527 3316 cujus
3564 3240 3702 3317 ebe

2246 3315 2704 3388 nonmcdiocriter
2721 3313 2972 3388 delirasse
2994 3313 3516 3388 dignosciturdicens,
3532 3313 3575 3388 ei
3591 3324 3703 3388 cont:

2245 3387 2452 3439 modius
2503 3403 2612 3459 esse
2661 3386 2860 3459 omnia_
2889 3387 2944 3440 in
2979 3377 3187 3459 civitate
3230 3387 3497 3459 lupanaria
3537 3377 3701 3459 ingredi:

2243 3471 2409 3528 quam;
2464 3455 2721 3526 abnegare
2792 3456 3156 3528 adorationent
3221 3452 3457 3528 inutgiuis
3527 3452 3699 3506 Domini

2245 3533 2337 3577 aut
2358 3524 2473 3595 ejus
2496 3524 2693 3579 sancta:
2712 3526 2997 3596 genitricis.

2245 3616 2399 3685 Smpe
2430 3616 2482 3669 in
2509 3616 2611 3671 hoc
2638 3631 2800 3687 opere
2838 3616 3084 3688 cogimur
3112 3619 3294 3674 dicere
3322 3634 3351 3673 a
3395 3616 3541 3672 rebus
3561 3607 3700 3665 noxiis

2173 3708 2419 3777 exetupla
2474 3709 2696 3765 n‘tiuime
2751 3709 2947 3765 debere
2988 3725 3224 3777 sumere,
3257 3719 3312 3767 et
3342 3713 3438 3765 hoc
3479 3708 3583 3761 ideo
3611 3709 3697 3754 tam

2173 3800 2366 3854 crebro
2402 3801 2717 3870 repetimus,
2764 3801 2888 3870 quia
2919 3817 3014 3856 eos
3046 3804 3117 3857 ob
3145 3818 3303 3857 suum
3331 3811 3546 3857 errorem
3586 3789 3698 3846 allir-

2173 3891 2428 3944 mandum
2484 3890 2537 3945 id
2564 3892 2757 3947 crebro
2806 3890 2997 3947 fecisse
3027 3894 3345 3963 reperimus.
3404 3890 3540 3943 Sicut
3581 3879 3696 3936 enim

2172 3979 2363 4034 ordine
2409 3982 2737 4051 competenti
2780 3982 2936 4037 bonis
2963 3982 3175 4037 actibus
3205 3978 3561 4038 adminiculum
3584 3980 3695 4042 prie-

2171 4071 2301 4125 hent
2340 4070 2603 4125 bonorum
2631 4071 2977 4127 nihilominus
3003 4080 3223 4128 actuum
3261 4070 3507 4140 cxctupla,
3553 4064 3611 4118 ita
3632 4057 3694 4112 ui-

2173 4159 2372 4213 mirum
2436 4159 2516 4214 illi
2572 4161 2818 4215 erroneis
2866 4161 3077 4216 actibus
3126 4175 3463 4217 erroneorum
3519 4160 3691 4207 actuum

2172 4259 2423 4320 quaerunt
2451 4250 2722 4320 suffragia.
2756 4250 2837 4306 Ad
2879 4253 3215 4323 propositum
3255 4263 3471 4320 namque
3495 4248 3688 4299 ert-mem

522 4336 923 4429 Pilml’OSSllnt.
975 4328 1135 4400 lignis
1163 4331 1338 4388 denuo
1387 4342 1612 4389 conatur
1649 4336 1905 4405 perlicere
1929 4354 1945 4402 ;
1974 4346 2070 4397 aut
2098 4365 2153 4433 υ
2174 4328 2557 4397 Stal)iliendum
2586 4342 2780 4396 retrusi
2802 4341 3078 4410 cujusdam
3108 4344 3382 4413 proferunt
3403 4332 3687 4427 cvemphuu:

489 4416 536 4469 si
585 4416 704 4484 quis
755 4425 1040 4475 stanneum
1078 4438 1171 4477 vas
1202 4421 1378 4480 facere
1425 4427 1679 4496 cupiens,
1734 4429 1780 4482 si
1831 4416 2107 4498 ejusdem.“

2173 4433 2265 4501 qui
2294 4433 2341 4487 si
2371 4433 2443 4487 ita
2475 4434 2640 4503 gessit
2662 4427 2721 4487 ut
2746 4433 2821 4487 illi
2847 4442 3184 4501 asseverant,
3220 4430 3518 4504 tripertitum
3544 4416 3686 4477 nosci-

2175 4531 2266 4579 tur
2293 4524 2346 4578 in
2378 4538 2440 4579 ea
2460 4534 2613 4594 parte
2630 4532 2875 4594 patrasse
2905 4525 3199 4595 deliquium
3224 4542 3239 4581 :
3271 4525 3379 4580 sive
3397 4514 3508 4589 quia
3528 4513 3688 4567 ὐευιιιο-

2173 4615 2297 4670 nico
2316 4623 2507 4684 sponte
2533 4615 2775 4685 paruerit
2804 4616 3058 4686 alloquio,
3087 4619 3201 4673 sive
3220 4615 3356 4688 quod
3382 4628 3440 4667 co
3474 4603 3687 4663 illicicnte

2172 4717 2233 4759 se
2247 4701 2598 4772 jurejurando
2610 4706 2996 4761 constrinxerit
3018 4748 3033 4772 ,
3063 4708 3178 4763 sive
3193 4709 3348 4764 etiam
3370 4701 3482 4772 quia
3505 4691 3683 4760 itljum‘

2171 4803 2412 4849 mentum
2436 4794 2646 4849 irritum
2669 4793 2859 4851 fecerit
2883 4812 3032 4867 :qute
3056 4800 3157 4854 tria
3180 4814 3281 4854 non
3301 4794 3457 4851 solum
3471 4788 3517 4842 in
3537 4791 3681 4875 axem:

2169 4887 2317 4957 plum
2344 4886 2561 4942 minime
2582 4895 2708 4942 sunt
2735 4888 3073 4954 attrahenda,
3104 4905 3288 4944 verum
3310 4884 3456 4940 etiam
3480 4876 3538 4931 ab
3559 4878 3676 4924 om"I

2170 4956 2434 5030 catholico
2456 4976 2670 5045 penitus
2695 4976 3013 5042 abdicanda,
3048 4979 3298 5046 quoniam
3327 4968 3491 5027 multis
3515 4956 3675 5014 divina:

2170 5064 2302 5134 legis
2322 5072 2448 5118 sunt
2484 5065 2808 5120 testimoniis
2833 5045 3139 5121 interdicta.
3196 5064 3469 5121 Societates
3509 5045 3675 5134 erg?“

2169 5157 2508 5212 seductiones
2548 5170 2653 5210 non
2684 5154 2857 5210 solum
2889 5156 3208 5220 daemonum,
3242 5152 3329 5208 sed
3352 5146 3493 5201 etiam
3534 5130 3672 5191 111810-

2168 5263 2288 5301 rum
2318 5247 2592 5301 hominum
2616 5245 2860 5314 pluribus
2886 5246 3191 5302 divinorum
3235 5237 3535 5308 eloquiorum
3555 5231 3668 5314 Ιξίξ³³⁴

2167 5337 2335 5407 eeptis
2373 5310 2698 5392 inhibentur.
2748 5337 3017 5392 Scribitur
3045 5338 3189 5392 enim
3229 5336 3279 5390 in
3322 5325 3518 5385 Exodo:
3564 5310 3668 5366 Non

2166 5429 2357 5484 audies
2389 5429 2627 5483 auditum
2673 5446 2895 5494 vanum;
2923 5438 2979 5484 et
3012 5429 3068 5484 in
3096 5421 3414 5486 Proverbiis:
3449 5408 3553 5507 Fili,
3578 5412 3660 5507 1ιοίι

2164 5530 2215 5574 te
2257 5519 2507 5573 seducunt
2548 5521 2645 5574 viri
2693 5522 2861 5592 impii.
2892 5520 2952 5576 Si
2997 5536 3125 5593 ergo
3152 5519 3395 5599 malm-uni
3430 5501 3657 5599 hominum

2164 5610 2501 5667 seductiones
2525 5588 2776 5667 vitandi
2792 5618 2919 5667 sunt
2940 5651 2956 5681 ,
2991 5588 3157 5667 multo
3178 5604 3335 5676 magis
3360 5588 3655 5662 malignorum
