4028 6180
445 263 570 319 “8|

1220 264 1398 320 unm
1434 263 1774 322 CAROLlDil.
1815 294 1884 304 —
1919 259 2141 333 eam.
2180 259 2269 314 ne
2303 257 2494 313 IMAG.
2532 287 2603 297 —
2638 257 2767 313 un.
2805 257 2887 311 Iv.
2984 240 2987 241 ί

3536 250 3673 318 κε’εὲ

444 373 722 443 spirituum
777 373 1007 443 alloqaia
1051 383 1108 429 et
1152 391 1407 431 assensus
1439 376 1652 431 vitanda
1692 376 2000 440 creJuntur,
2022 378 2080 445 Α
2106 386 2168 426 so
2188 371 2324 441 pede
2370 377 2573 424 tenere.
2600 369 2946 429 Commodius
2980 370 3110 427 dicit
3154 372 3408 441 templum
3441 372 3534 426 Dei
3564 374 3673 427 vio-

438 464 689 534 quoniam
707 479 831 519 eum
860 465 969 519 sint
989 465 1336 520 humanitatis
1361 466 1582 529 inimici,
1605 474 1659 518 et
1687 465 1843 518 nobis
1865 478 2007 518 sem—

437 567 533 624 per
573 552 774 620 infesti,
820 563 971 608 tanto
1002 570 1214 623 semper
1261 557 1517 612 debemus
1558 556 1623 610 de
1665 570 1851 610 eorum
1888 568 2008 608 esse

438 645 1075 716 deccptione_suspecti,
1133 655 1186 702 et
1234 657 1421 703 contra
1477 664 1665 703 eorum
1740 646 2007 716 nequitias

436 734 625 798 erecti,
666 742 868 804 quanto
900 749 995 789 eos
1041 735 1335 790 subtilioris
1389 751 1508 791 esse
1541 736 1744 791 scimus
1797 746 2007 792 natum:

440 824 521 879 vel
559 824 777 894 ingenii.
835 825 891 880 In
924 839 989 880 eo
1032 842 1245 895 quoque
1299 827 1442 895 quod
1487 827 1714 881 theuioni
1759 826 2003 895 j'travit,

435 913 632 969 divinis
674 915 852 971 verbis
904 917 1097 987 quibus
1135 916 1442 986 juramenta
1486 919 1838 987 prohibentur
1868 936 2002 975 con-

438 1007 602 1060 traiit.
643 1007 698 1061 lu
719 1008 1114 1083 ‘Ecclcsiastico
1154 1024 1385 1079 namque
1409 1011 1704 1065 scribitur:
1735 1011 2001 1065 Jurationi

436 1113 540 1151 non
593 1107 855 1152 assuescat
896 1113 952 1152 os
994 1106 1186 1152 tuum:
1214 1098 1364 1152 multi
1392 1100 1528 1152 enim
1589 1116 1741 1153 casus
1770 1102 1825 1153 in
1883 1099 1997 1154 illa.

436 1187 586 1242 Sicut
634 1190 772 1243 enim
799 1207 974 1245 servus
1000 1191 1343 1261 interrogatus
1392 1191 1602 1244 assidue
1639 1209 1671 1245 a
1696 1191 1856 1245 livore
1889 1209 1997 1247 non

437 1278 716 1345 minuetur,
738 1281 812 1333 sic
838 1280 1003 1333 omnis
1015 1280 1207 1350 jurans
1232 1289 1280 1333 et
1305 1282 1585 1334 nominans
1605 1282 1662 1335 in
1693 1291 1802 1335 toto
1830 1299 1862 1335 α
1883 1299 2002 1350 pec-

434 1375 551 1420 cato
579 1384 682 1420 non
706 1369 1032 1439 purgabitur.
1074 1366 1167 1422 Vir
1202 1369 1422 1422 multum
1460 1370 1655 1439 jurans
1700 1368 2001 1440 implebitur

433 1455 723 1526 iniquitate,
753 1467 801 1511 et
828 1474 931 1512 non
953 1457 1178 1512 discedet
1204 1475 1236 1511 a
1267 1458 1421 1512 domo
1453 1457 1596 1513 illius
1628 1458 1781 1529 plaga
1804 1457 1995 1529 (Eccli.

434 1543 609 1615 sun).
650 1545 765 1614 ipsa
795 1562 1007 1616 quoque
1034 1547 1247 1602 Veritas
1293 1547 1350 1601 in
1375 1547 1664 1618 Evangelio
1692 1548 1857 1604 dicit:
1888 1548 2000 1618 Ego

432 1643 604 1686 autem
625 1634 740 1686 dico
764 1634 924 1697 vobis,
954 1651 1015 1688 ne
1036 1636 1247 1689 omnino
1265 1635 1475 1705 juretis,
1499 1653 1660 1707 neque
1682 1654 1775 1709 per
1791 1637 1994 1703 caelum,

2112 460 2242 524 lare,
2273 475 2436 530 quam
2482 475 2661 515 rerum
2704 460 3103 515 insensatarum
3129 462 3496 517 adorationem
3527 477 3676 533 sper—
3703 490 3712 498 -

2107 564 2256 604 nere.
2304 548 2649 604 Commodius
2678 549 2808 604 dicit
2859 549 3047 605 tollere
3094 552 3333 607 membra
3364 551 3564 607 Christi
3620 560 3677 608 et

2108 639 2285 697 facere
2306 642 2544 695 membra
2572 640 2892 706 meretricis,
2918 656 3079 709 quam
3105 654 3448 716 contemnere
3479 645 3675 699 adora-

2108 732 2306 787 tionem
2355 732 2535 803 operis
2579 730 2861 799 cujuslibet
2919 731 3162 786 artificis.
3209 733 3355 787 Dicat
3406 751 3569 802 ergo,
3626 734 3671 789 si

2105 822 2314 891 uspiam
2383 823 2621 892 reperire
2661 830 2858 891 potest,
2918 823 3122 877 dixisse
3174 823 3495 878 Dominum:
3552 808 3675 881 Non

2105 913 2324 982 abneges
2377 912 2734 966 adorationem
2762 912 3039 981 imaginis,
3102 912 3241 967 sicut
3291 913 3491 969 dixisse
3540 928 3673 971 (Cum

2106 1001 2598 1056 manifestissimum
2647 1011 2747 1066 est,
2784 1002 2904 1056 Non
2939 1003 3272 1056 mire/laberis
3326 1003 3520 1073 (Exod.
3557 1003 3672 1071 xx).

2105 1091 2275 1154 Dicat,
2316 1092 2361 1145 si
2385 1092 2580 1146 alicubi
2623 1093 2859 1161 reperire
2886 1093 3045 1156 valet,
3095 1092 3296 1147 dixisse
3342 1093 3671 1155 Dominum:

2106 1179 2167 1235 Si
2197 1182 2382 1235 videris
2401 1183 2678 1251 imaginem
2707 1192 2755 1235 et
2782 1200 2886 1236 non
2915 1182 3214 1236 adoraveris
3257 1199 3391 1247 eam,
3430 1183 3672 1251 peccasti,

2103 1269 2243 1324 sicut
2293 1272 2629 1339 apertissime
2680 1272 2880 1327 dixisse
2933 1288 3054 1326 eum
3097 1280 3325 1337 constat,
3380 1270 3440 1326 Si
3485 1270 3674 1323 videris

2102 1358 2371 1413 mulierem
2399 1360 2467 1413 ad
2495 1360 2963 1431 concupiscendum
2990 1377 3127 1423 eam,
3149 1363 3266 1430 jam
3316 1361 3595 1413 mwchatus
3620 1376 3672 1412 cs

2101 1465 2216 1504 eam
2238 1451 2293 1503 in
2314 1451 2469 1504 corde
2496 1459 2585 1502 tuo
2614 1449 2824 1520 (Matth.
2853 1448 2929 1519 v).
2962 1448 3091 1515 Qua:
3113 1465 3234 1503 cum
3257 1465 3362 1502 non
3393 1447 3670 1516 repererit,

2102 1540 2450 1596 vehementer
2477 1553 2536 1595 se
2563 1552 2772 1593 errasse
2798 1538 3096 1608 persentiat
3134 1538 3225 1608 qui
3274 1552 3387 1591 rem
3411 1545 3520 1590 tam
3546 1552 3671 1606 pro-

2101 1630 2317 1687 brosam
2339 1638 2650 1698 perpetrare
2696 1629 2764 1683 ob
2789 1628 3094 1682 evitandum
3130 1643 3242 1682 rem
3289 1626 3671 1682 infructuosam

429 1723 553 1792 quia
580 1723 723 1776 sedes
751 1723 846 1778 Dei
874 1733 969 1789 est,
998 1741 1158 1795 neque
1185 1742 1277 1795 per
1301 1735 1495 1781 terram
1520 1766 1536 1791 ,
1565 1728 1690 1796 quia
1716 1726 1996 1781 scabellum
2034 1745 2076 1804 Β
2104 1721 2386 1775 concessit.
2418 1720 2551 1774 Nam
2587 1720 2711 1774 dum
2757 1719 3017 1773 Dominus
3061 1727 3116 1773 et
3142 1734 3240 1788 per
3284 1718 3454 1789 legem
3495 1720 3672 1773 accin-

429 1821 503 1865 est
528 1811 716 1881 pedum
745 1813 881 1882 ejus,
913 1830 1072 1884 neque
1098 1831 1190 1885 per
1216 1814 1655 1886 Hierosolymam,
1680 1819 1803 1887 quia
1819 1817 1999 1871 civitas
2080 1829 2229 1883 .gere
2248 1813 2457 1868 lumbos
2485 1827 2645 1882 super
2670 1813 2856 1875 ubera,
2887 1812 2941 1865 in
2961 1811 3124 1866 corde
3154 1810 3400 1864 videlicet
3423 1809 3671 1890 libidines

428 1910 503 1956 est
548 1905 723 1974 magni
756 1906 910 1974 regis,
939 1921 1100 1976 neque
1138 1922 1233 1976 per
1268 1915 1421 1977 caput
1450 1918 1597 1961 tuum
1616 1908 1849 1977 jurabis,
1875 1910 2000 1980 quia

430 2011 532 2049 non
557 2005 700 2065 potes
746 2013 908 2051 unum
948 1996 1114 2068 pilum
1162 1998 1334 2068 facere
1380 2000 1557 2054 album
1604 2012 1696 2054 aut
1749 2003 1997 2073 nigrum;

427 2084 493 2137 sit
521 2093 693 2138 autem
718 2102 888 2141 sermo
924 2096 1106 2152 vester,
1153 2097 1342 2153 estest,
1372 2106 1476 2143 non
1499 2106 1635 2144 non:
1655 2091 1793 2160 quod
1823 2102 1997 2147 autem

426 2172 649 2244 amplius
678 2185 754 2228 est
776 2193 807 2228 a
830 2175 969 2230 malo
994 2186 1069 2231 est
1092 2176 1307 2247 (Matth.
1340 2178 1412 2249 v).
1443 2180 1613 2237 Porro
1639 2181 1782 2249 quod
1823 2181 1996 2237 eidem

426 2262 651 2318 ἀεικιοηί
685 2280 744 2319 se
781 2264 1045 2335 pcjerasse
1080 2268 1410 2336 perhibetur,
1461 2278 1515 2324 et
1543 2270 1598 2323 in
1626 2270 1728 2325 hoc
1765 2271 1995 2326 absurde

423 2352 597 2420 egisse
644 2351 929 2424 detegitur.
976 2355 1067 2409 Ait
1120 2355 1262 2411 enim
1310 2358 1567 2412 Dominus
1600 2373 1698 2429 per
1731 2359 1988 2430 Moysen:

426 2440 548 2496 Non
568 2443 777 2513 jurabis
802 2445 856 2497 in
902 2447 1110 2500 nomine
1136 2463 1248 2500 meo
1276 2448 1469 2517 injuste
1492 2488 1507 2513 ,
1538 2458 1585 2502 et
1618 2465 1720 2502 non
1748 2449 1991 2519 profanes

425 2546 609 2584 nomen
636 2542 875 2586 sanctum
909 2550 1078 2587 meum
1113 2550 1131 2587 :
1160 2551 1251 2604 ego
1296 2551 1411 2589 sum
1447 2535 1702 2590 Dominus
1744 2537 1880 2591 Deus
1909 2554 1991 2591 ve-

423 2627 528 2671 ster
560 2618 742 2691 (Leuit.
773 2619 915 2690 xix);
958 2629 1013 2674 et
1052 2622 1105 2674 in
1152 2621 1412 2679 Zacharia
1451 2624 1710 2692 propinata
1758 2624 1989 2692 legitur:

430 2705 491 2761 Et
510 2708 866 2777 jnramcnlum
892 2710 1081 2778 falsum
1095 2696 1252 2766 nolite
1276 2713 1506 2783 diligere,
1536 2715 1657 2783 quia
1678 2714 1787 2781 hcce
1814 2716 1992 2767 omnia

423 2796 576 2860 odivi,
600 2792 603 2797 ’
628 2798 752 2852 dicit
793 2799 1044 2854 Dominus
1091 2802 1409 2871 omnipotens
1441 2801 1626 2873 (Zaclt.
1676 2804 1817 2875 γιιι).
1854 2804 1990 2859 Cum

422 2903 550 2958 ergo
576 2889 714 2957 idem
750 2900 993 2945 retrusus
1022 2892 1138 2945 haec
1187 2893 1291 2946 tria
1316 2892 1511 2946 divinis
1537 2893 1713 2948 verbis
1737 2895 1980 2953 obniten-

423 2978 495 3031 tia
521 2982 926 3050 perpetraverit,
952 2980 1068 3051 ejus
1095 2983 1259 3037 abbas
1293 2983 1423 3037 nihil
1452 2984 1504 3036 in
1530 2997 1595 3038 eo
1640 2986 1990 3042 correctionis

2078 1920 2365 1970 resecare,
2413 1911 2468 1959 et
2508 1919 2604 1973 per
2634 1903 2981 1971 Evangelium
3017 1902 3228 1956 lumbos
3249 1901 3562 1972 accingere,
3615 1908 3672 1955 et

2097 1994 2343 2049 lucernas
2357 2002 2556 2056 tenere,
2583 1992 2814 2051 castitati
2834 1991 3037 2046 scilicet
3060 1993 3196 2047 Lena
3222 2006 3384 2061 opera
3403 1991 3671 2045 associare

2078 2093 2442 2157 percenseat,
2498 2091 2552 2138 et
2606 2085 2659 2138 in
2720 2083 2885 2138 divini
2954 2081 3152 2150 eloquii
3199 2082 3351 2136 libris
3403 2081 3669 2135 castitatis

2094 2184 2367 2245 praecepta
2391 2175 2602 2237 dentur,
2631 2187 2894 2240 nusquam
2915 2170 3020 2224 tale
3042 2170 3243 2239 aliquid
3280 2170 3348 2224 de
3372 2170 3664 2238 imaginum

2094 2265 2634 2334 adorationejussum
2677 2262 2841 2316 fuisse
2886 2261 3175 2331 reperitur.
3219 2257 3372 2315 Unde
3407 2259 3532 2315 dum
3582 2274 3668 2311 re-

2078 2365 2246 2419 ,truso
2295 2356 2366 2409 illi
2395 2356 2561 2410 abbas
2589 2369 2738 2417 suus,
2767 2352 2857 2422 qui
2885 2351 2935 2406 ei
2976 2350 3161 2418 utique
3190 2349 3442 2404 ducatum
3477 2346 3667 2409 salutis

2092 2449 2332 2517 praebere
2351 2447 2553 2511 debuit,
2570 2445 2824 2515 peccandi
2849 2444 3084 2498 habenas
3109 2441 3323 2506 laxavit,
3355 2448 3408 2494 et
3433 2439 3521 2510 qui
3545 2454 3667 2491 eum

2092 2538 2159 2590 ab
2181 2537 2382 2592 erroris
2421 2536 2614 2606 laqueo
2654 2550 2758 2604 quo
2802 2534 3030 2588 daemoni
3054 2540 3333 2601 juraverat
3386 2530 3665 2587 retrahere

2092 2627 2294 2690 debuit,
2339 2627 2450 2696 ipse
2478 2640 2690 2696 quoque
2734 2640 2856 2679 cum
2881 2639 2947 2677 eo
2994 2624 3049 2677 in
3089 2623 3291 2677 erroris
3329 2621 3659 2689 voraginem,

2091 2716 2182 2784 qui
2205 2715 2255 2770 ei
2279 2714 2657 2785 gravissimum
2686 2713 2891 2768 facinus
2929 2712 3006 2766 ait
3031 2725 3150 2766 esse
3180 2710 3512 2766 commodius
3537 2725 3664 2778 per-

2090 2804 2428 2873 petrandum,
2462 2803 2687 2866 corruit,
2722 2802 2908 2871 procul
2938 2800 3102 2854 dubio
3122 2798 3491 2868 evangelicum
3531 2797 3664 2859 illud

2070 2896 2365 2965 'implevit:
2403 2895 2464 2951 Si
2506 2912 2693 2960 ctecus,
2723 2895 2913 2963 inquit,
2942 2910 3077 2949 eteco
3117 2894 3364 2947 ducatum
3410 2891 3656 2961 pra'beat,

2092 2987 2242 3038 ambo
2289 2984 2344 3037 in
2373 2983 2570 3052 faveam
2613 2984 2796 3039 cadent
2823 2983 3036 3054 (Matth.
3069 2985 3182 3053 xv).
3231 2981 3486 3048 Quisquis
3529 2995 3658 3049 ergo

423 3070 681 3135 exhibuit,
744 3073 836 3128 sed
862 3074 911 3128 ei
942 3073 1262 3129 deteriorem
1285 3075 1539 3144 peccandi
1586 3076 1725 3128 viam
1754 3078 1989 3133 ostendit
2014 3079 2061 3142 ε
2093 3074 2183 3128 tali
2238 3073 2483 3144 exemplo
2531 3089 2682 3128 suam
2718 3072 2830 3126 vult
2888 3071 3077 3126 fulcire
3121 3071 3473 3125 assertionem
3499 3111 3515 3135 ,
3550 3085 3659 3139 non

423 3161 604 3217 dicens
631 3181 643 3216 :
677 3163 1009 3220 Commodius
1023 3166 1200 3221 tibiest
1212 3167 1386 3221 omnia
1414 3167 1468 3220 in
1484 3168 1688 3222 civitate
1708 3167 1985 3230 lupanaria

418 3251 639 3322 ingredi,
668 3271 824 3325 quam
853 3256 1108 3328 abnegare
1134 3259 1492 3312 adorationem
1536 3260 1780 3329 imaginis
1801 3259 1982 3314 Domi-

417 3342 510 3406 ni,
571 3351 660 3395 aut
703 3344 815 3413 ejus
868 3357 1062 3401 sancta:
1110 3349 1392 3417 genitricis.
1457 3349 1501 3405 0
1549 3351 1983 3420 inmmparabilis

416 3433 748 3487 absurditas!
787 3432 831 3488 Ο
872 3437 1142 3492 exitiabile
1193 3439 1422 3493 malum!
1448 3438 1493 3494 Ο
1522 3441 1740 3494 vesania
1796 3440 1980 3495 multis

414 3524 646 3578 vesaniis
700 3526 1060 3595 praeferenda!
1102 3526 1449 3583 Commodius
1501 3528 1631 3583 dicit
1667 3537 1978 3598 perpetrare

414 3628 527 3666 rem
550 3622 603 3668 et
622 3630 716 3683 per
757 3617 947 3688 legem,
976 3625 1029 3671 et
1077 3633 1175 3687 per
1228 3618 1561 3688 evangelium
1611 3617 1973 3682 interdictam,

412 3718 572 3773 quam
600 3706 868 3759 abstinere
891 3722 948 3761 se
971 3721 1003 3759 a
1030 3722 1087 3761 re
1120 3721 1281 3775 quam
1316 3722 1491 3776 neque.
1518 3721 1614 3775 per
1658 3704 1850 3773 legem,
1885 3719 1979 3759 ne-

414 3808 518 3861 que
539 3808 633 3862 per
685 3795 1017 3864 evangelium
1053 3802 1262 3848 constat
1291 3809 1410 3848 esse
1454 3794 1776 3848 institutam.
1821 3793 1980 3848 Com-

416 3883 627 3936 modius
670 3884 799 3937 dicit
838 3883 1043 3938 facinus
1088 3894 1398 3955 perpetrare
1454 3902 1615 3956 quam
1666 3902 1698 3940 a
1741 3886 1979 3941 facinore

416 3974 705 4027 abstinere.
736 3973 1078 4035 Commodius
1124 3976 1254 4031 dicit
1304 3976 1355 4028 in
1383 3975 1648 4046 profundo
1677 3992 1832 4031 emno
1861 3993 1981 4033 sese

415 4061 558 4115 ultro
583 4063 915 4133 immergere,
961 4078 1119 4131 quam
1147 4063 1287 4117 viam
1320 4064 1449 4121 recti
1472 4065 1724 4139 tramitis
1751 4065 1975 4125 inoffen-

424 4224 641 4242 ~—

2091 3179 2243 3220 suam
2293 3164 2556 3219 insaniam
2587 3163 2910 3218 mediocrem
2938 3162 3030 3217 sed
3067 3160 3281 3215 caneris
3326 3160 3657 3214 demonstrat

2088 3271 2209 3312 esse
2252 3255 2584 3309 validiorem.
2640 3252 2774 3320 Quia
2823 3253 2988 3323 igitur
3032 3251 3246 3305 illorum
3308 3248 3657 3305 absurditais

2087 3345 2341 3400 instantia
2371 3352 2426 3401 et
2463 3358 2724 3414 nugarum
2746 3344 3073 3396 continuitas
3097 3341 3208 3394 sive
3257 3340 3418 3393 etiam
3461 3339 3656 3393 delira-

2087 3442 2387 3487 meutorum
2435 3433 2712 3501 congeries
2780 3431 2941 3485 nullis
3002 3431 3055 3483 in
3116 3443 3303 3482 eorum
3360 3427 3654 3497 volumine,

2086 3521 2238 3589 cujus
2263 3536 2478 3576 errores
2520 3521 2855 3583 discutimus,
2904 3518 3395 3589 intercapedinibus
3440 3517 3651 3591 requie-

2085 3620 2282 3675 scunt,
2355 3610 2543 3665 saltem
2618 3610 2880 3663 librorum
2961 3609 3189 3663 istorum
3248 3607 3650 3676 intercapedine

2086 3704 2176 3774 qui
2212 3704 2352 3758 inter
2384 3704 2543 3757 unius
2586 3702 2746 3756 finem
2788 3711 2843 3757 et
2894 3702 3115 3755 alterius
3164 3701 3373 3755 initium
3434 3706 3517 3753 est
3567 3711 3652 3751 re-

2085 3795 2344 3865 quiescat.
2373 3809 2480 3864 quo
2516 3779 2655 3849 sicut
2696 3792 2911 3846 illorum
2945 3806 3098 3846 error
3144 3793 3218 3846 ita
3247 3791 3410 3846 etiam
3436 3803 3653 3844 eorum-

2086 3884 2208 3937 dem
2277 3898 2517 3937 errorem
2600 3882 2812 3936 assidua
2887 3881 3247 3949 disputatione
3314 3877 3647 3941 discutitur,

2084 3974 2410 4028 coutinuitas
2459 3973 2718 4039 librorum
2770 3971 3046 4026 intervallo
3104 3968 3503 4040 quodammodo
3566 3964 3651 4019 di-

2085 4063 2277 4115 ritnata
2288 4077 2332 4115 r.

1731 4223 3643 4247 Μ..-

1600 4354 1897 4428 LIBER
1950 4353 2450 4447 QUARTUS.

1007 4596 1392 4655 ΡΒΛΞΡΑΤΙΟ.

485 4712 679 4766 Tribus
742 4708 901 4777 hujus
961 4717 1155 4763 nostra:
1207 4706 1582 4776 disputationis
1646 4707 1798 4763 libris
1860 4706 1971 4763 Deo

414 4802 703 4857 auxiliante
725 4799 978 4861 decussis,
1023 4798 1292 4867 inquibus
1328 4798 1569 4865 quaedam
1623 4797 1817 4850 divina:
1839 4796 1972 4867 legis

417 4888 739 4953 testimonia,
779 4898 833 4941 et
858 4888 903 4941 si
928 4888 1178 4950 breviter,
1203 4886 1438 4955 propriis
1468 4894 1646 4941 tamen
1674 4888 1970 4941 secundum

415 4988 721 5036 sanctorum
743 4985 953 5049 patrum
975 4977 1269 5031 doctrinam
1292 4983 1415 5030 sunt
1437 4976 1681 5030 sensibus
1699 4976 1967 5040 restituta,

413 5077 468 5125 et
495 5075 691 5122 nostrae
735 5066 856 5121 fidei
903 5065 1169 5120 confessio
1192 5105 1208 5129 ,
1238 5080 1545 5135 quanquam
1586 5064 1821 5134 pedestri
1859 5080 1973 5120 ser-

412 5170 605 5219 mone,
633 5155 842 5208 sincera
872 5161 1052 5207 tamen
1088 5160 1171 5207 est
1206 5152 1512 5221 apostolicae
1539 5152 1844 5206 traditionis
1885 5151 1976 5204 flr-

412 5244 596 5300 mitate
619 5252 838 5297 exarata
863 5283 880 5310 ,
913 5250 968 5298 et
999 5242 1211 5297 illorum
1258 5241 1350 5311 qui
1407 5255 1575 5295 novas
1602 5240 1973 5295 institutiones

410 5333 662 5389 Ecclesiae
691 5332 889 5387 inferre
940 5333 1193 5397 nitentes,
1246 5346 1336 5385 res
1379 5346 1540 5384 sensu
1586 5337 1836 5385 carentes
1884 5329 1974 5383 ad-

354 5477 363 5483 .
406 5438 565 5480 orare
586 5430 923 5493 percensent,
955 5422 1170 5476 vesania
1192 5418 1586 5492 quodammodo
1604 5427 1689 5473 est
1705 5418 1967 5480 discussa,

406 5515 474 5570 ad
527 5521 779 5584 quartum
840 5529 983 5569 nunc
1031 5514 1224 5567 librum
1274 5525 1372 5566 nos
1424 5509 1775 5579 peraccedere
1830 5509 1968 5562 ratio

406 5588 565 5679 cogit,
594 5607 776 5679 inquo
814 5608 985 5674 siqua
1012 5605 1078 5660 de
1121 5604 1332 5659 illorum
1380 5602 1705 5659 vanitatibus
1737 5599 1968 5666 capitula

2005 4599 2055 4662 ι)
2079 4614 2383 4666 remansere
2444 4601 2669 4656 Domino
2728 4601 3023 4670 Opitulante
3097 4604 3223 4654 sunt
3282 4596 3634 4653 discutienda.

2076 4688 2341 4756 Quoniam
2423 4690 2639 4759 quidem
2714 4689 3099 4744 tumultuosum
3172 4688 3640 4756 inordinatumque

2077 4782 2285 4837 dicendi
2332 4796 2499 4851 genus
2547 4783 2830 4845 evitantes,
2886 4779 3146 4833 librorum
3191 4776 3635 4831 numerositatem

2074 4872 2440 4929 ordinavimus
2465 4911 2480 4936 ,
2534 4878 2590 4924 et
2632 4870 2883 4924 brevitati
2925 4866 3201 4922 studentes
3245 4880 3352 4919 non
3405 4864 3635 4933 amplius

2077 4978 2239 5034 quam
2261 4962 2328 5016 ad
2353 4969 2585 5030 quatuor
2609 4958 2775 5011 libros
2822 4953 2980 5022 hujus
3006 4953 3182 5008 nostri
3224 4952 3405 5021 operis
3429 4965 3636 5007 sermo-

2076 5066 2200 5105 nem
2218 5048 2604 5119 protendimus,
2629 5051 2684 5098 et
2702 5056 2991 5112 paucorum
3008 5039 3364 5110 prolixitatem
3375 5038 3634 5108 plurium-

2075 5155 2181 5210 que
2220 5136 2623 5194 diminutionem
2652 5131 2934 5200 fugientes,
2956 5130 3011 5184 in
3036 5130 3138 5183 hoc
3176 5142 3403 5182 numero
3436 5135 3636 5182 nostra

2074 5223 2448 5297 disputationis
2466 5222 2656 5291 pedem
2678 5219 3027 5280 firmavimus,
3054 5229 3213 5285 quem
3255 5228 3478 5283 prorsus
3494 5213 3635 5277 divi-

2072 5332 2264 5375 norum
2287 5316 2624 5384 eloquiorum
2667 5308 2991 5365 testimoniis
3036 5312 3306 5365 sacratum
3327 5317 3450 5358 esse
3488 5316 3633 5358 eom-

2070 5408 2327 5479 perimus.
2364 5402 2750 5471 Quaternarius
2794 5408 3223 5468 ergonumerus,
3263 5400 3369 5447 eta
3391 5389 3634 5467 physicis

2074 5499 2129 5553 in
2173 5496 2561 5552 elementorum
2612 5505 2679 5545 ac
2722 5487 2903 5543 totius
2927 5483 3239 5554 .mundanaa
3298 5480 3477 5545 molis,
3545 5479 3633 5535 vel

2071 5590 2232 5645 etiam
2268 5587 2477 5643 ratione
2510 5582 2729 5640 humani
2775 5575 3456 5650 corporislahoriosissima
3481 5570 3633 5627 inda-
