4028 6180
451 316 588 372 “83

1332 308 1392 363 Β.
1430 307 1679 364 (ιΑῐιοιι
1721 304 1933 360 MAGNI
1971 303 2126 359 OPP.
2169 302 2346 358 PARS
2382 303 2445 358 Il.
2486 305 2730 361 SECTIO
2764 306 2825 360 ll.

3582 311 3711 367 {I85

447 425 680 494 satione,
702 421 767 477 de
795 421 990 492 quibus
1027 435 1169 474 nunc
1199 417 1378 473 dicere
1403 419 1619 488 longum
1646 425 1760 479 est,
1793 422 2026 470 usntatus
2053 418 2104 473 Α
2130 415 2304 484 imago
2329 416 2580 484 qmelihet
2617 416 2810 471 mortis
2865 416 3089 485 imperio
3149 419 3411 477 destituto
3447 423 3714 494 Erebique

447 517 793 584 approbatur,
830 518 886 566 et
923 527 954 563 a
994 509 1192 564 divinis
1227 508 1421 562 litteris
1450 523 1569 576 qua:
1598 507 1752 575 plura
1791 513 2024 567 sacrata,

447 613 504 659 et
528 603 594 657 ad
611 603 927 673 mysterium
956 600 1276 671 pertinentia
1297 599 1485 653 eodem
1509 613 1732 652 numero
1753 605 2028 651 coarctata

449 710 569 749 esse
592 701 878 756 testantur,
903 689 1304 745 sacratissimus
1331 689 1748 742 demonstratur.
1789 685 2029 752 Quatuor

449 783 648 838 ctenim
678 780 895 834 flumina
919 779 986 833 de
1010 794 1117 833 uno
1159 777 1393 846 paradisi
1441 775 1586 830 fonte
1615 775 1942 836 emanantia,
1975 782 2030 828 et

453 880 687 939 quatuor
710 867 985 939 evangelia
1007 867 1083 921 de
1105 865 1250 920 fonte
1274 865 1409 919 lucis
1435 873 1489 918 et
1517 864 1727 933 origine
1774 861 2032 916 bonitatis

451 959 818 1028 procedentia,
841 967 893 1011 et
914 964 1147 1026 quatuor
1169 956 1415 1015 virtutes,
1445 953 1732 1022 prudentia
1758 952 2027 1014 videlicet,

453 1052 752 1117 fortitudo,
807 1051 1018 1120 justitia
1047 1090 1060 1114 ,
1141 1067 1234 1105 seu
1283 1033 1642 1119 temperantia
1673 1088 1687 1112 ,
1741 1049 2031 1102 humanam

453 1144 620 1196 vitam
643 1142 1039 1196 honestissimis
1093 1141 1292 1210 regulis
1321 1140 1665 1194 moderantes
1690 1152 1808 1191 esse
1837 1135 2034 1190 descri-

453 1236 672 1289 buntur.
721 1235 1007 1300 Quadratis
1049 1233 1211 1287 etiam
1255 1231 1414 1302 lignis
1461 1247 1584 1285 arca
1632 1231 1889 1284 fabricata
1927 1238 2028 1291 est,

457 1329 512 1382 in
551 1342 655 1397 qua
704 1325 923 1380 humani
976 1325 1190 1394 generis
1229 1323 1340 1376 sive
1386 1323 1624 1376 omnium
1676 1321 2032 1374 animantum

454 1421 563 1472 vita
595 1419 750 1487 aquis
786 1424 979 1471 ctntcta
1027 1414 1364 1467 vastantibus
1402 1420 1670 1464 reservata
1712 1418 1832 1463 est:
1893 1424 2034 1462 nunc

457 1525 671 1580 quoque
718 1524 843 1561 arca
878 1514 1078 1562 sanctae
1107 1505 1376 1566 Ecclesize,
1419 1519 1537 1571 quae
1565 1504 1617 1555 in
1664 1499 1824 1568 hujus
1853 1499 2035 1554 smculi

455 1601 771 1671 procellosis
797 1598 1150 1662 teptationum
1180 1596 1387 1649 innatat
1407 1594 1585 1657 undis,
1609 1609 1727 1663 qua:
1743 1593 2036 1646 electorum

459 1692 918 1760 reprohorumque
963 1701 1132 1754 capax
1158 1692 1260 1749 est,
1316 1683 1596 1753 quadratis
1622 1683 1798 1751 lignis,
1833 1681 2037 1735 sanctis

460 1783 667 1837 scilicet
696 1781 830 1835 viris
881 1778 1152 1849 patientia:
1195 1777 1395 1830 virtute
1447 1774 1734 1837 decoratis,
1774 1773 2033 1826 fabricata

461 1881 520 1930 ’ἡ
567 1881 713 1927 tatur
767 1884 996 1940 quorum
1048 1868 1158 1921 vita
1193 1881 1514 1935 quocunque
1545 1863 1778 1918 vertitur
1809 1862 2038 1916 firmiter

467 1973 599 2029 stat,
628 1964 752 2033 quia
781 1977 878 2016 nec
899 1963 950 2014 in
985 1959 1226 2013 adversis
1247 1955 1590 2024 dejicinntur,
1618 1969 1716 2008 nec
1744 1953 1795 2007 in
1823 1967 2040 2022 prospe-

460 2057 537 2110 ris
589 2056 666 2109 sni
690 2054 952 2106 levantur.
990 2050 1228 2116 Quorum
1280 2063 1380 2103 nos
1421 2046 1646 2116 vestigia
1714 2051 2036 2114 sequentes,

457 2157 515 2202 et
538 2162 726 2201 vocum
752 2144 1016 2198 novitates
1055 2142 1306 2203 vitantes,
1347 2146 1402 2194 et
1436 2153 1618 2192 rerum
1642 2153 1802 2192 sensu
1852 2150 2042 2190 caren-

461 2239 593 2292 tium
639 2234 1016 2289 adorationem
1063 2237 1401 2300 spernentes,
1435 2228 1645 2297 solique
1701 2228 1810 2282 Deo
1837 2226 2040 2281 cultum

460 2326 738 2382 servitutis
778 2324 1113 2384 exhibentes,
1152 2319 1375 2390 ejusque
1411 2320 1614 2374 sanctis
1645 2324 2040 2386 competentem

463 2419 723 2473 honorem
757 2411 1150 2484 impendentes,
1174 2409 1228 2463 in
1253 2409 1509 2478 patientia
1549 2415 1734 2464 nostra
1754 2419 2040 2475 possessu-

463 2522 554 2562 ros
578 2520 676 2560 nos
699 2518 981 2573 speramus
1015 2502 1223 2554 animas
1258 2509 1494 2553 nostras.

913 2653 915 2655 ι
977 2611 1204 2667 CAPUT
1237 2609 1524 2665 PRIMUM.

464 2685 832 2740 Falsissimum
844 2694 890 2738 et
919 2684 1024 2737 risu
1042 2682 1256 2751 dignum
1276 2681 1472 2734 dictum
1496 2679 1720 2733 Joannis
1741 2679 2042 2751 presbyteri,

530 2758 620 2839 qui
677 2773 779 2808 non
809 2755 980 2806 minus
1037 2748 1341 2839 etulerian
1390 2751 1682 2839 imaginum
1721 2748 2045 2839 Jadoratione

532 2818 790 2905 insanisse
831 2823 1182 2905 dignoscitur.
1211 2821 1294 2873 Ait
1313 2820 1456 2905 enim
1480 2818 1632 2905 {Otii
1682 2818 2045 2905 adoratnitna-

532 2897 732 2964 ginem,
769 2902 824 2948 et
859 2887 989 2948 dicit
1022 2891 1276 2961 quoniam
1311 2890 1400 2944 hic
1439 2896 1525 2944 est
1573 2888 1824 2944 Christus
1875 2887 2046 2942 Filius

528 2967 646 3030 Dei,
680 2981 787 3020 non
813 2973 1020 3033 peccat.

533 3057 776 3125 Magnam
813 3053 968 3107 nobis
999 3053 1054 3105 in
1077 3052 1178 3105 hoc
1205 3065 1370 3119 opere
1409 3047 1720 3118 disputandi
1757 3047 2039 3102 materiam
2068 3082 2113 3145 C

459 3145 693 3204 Joannes
737 3144 1016 3212 presbyter
1039 3151 1095 3194 et
1136 3141 1342 3208 legatus
1367 3140 1726 3195 Orientalium
1756 3140 1921 3204 dedit,
1945 3141 2039 3209 qui

461 3236 605 3290 inter
638 3241 864 3288 czeteras
894 3247 1006 3285 sua:
1034 3229 1385 3299 professionis
1406 3231 1770 3285 absurditates
1801 3247 1903 3286 nec
1927 3229 2040 3285 falli

459 3325 514 3381 in
544 3325 647 3379 hoc
672 3323 886 3392 negotio
919 3322 985 3376 de
1013 3336 1120 3390 quo
1149 3333 1327 3375 sermo
1359 3321 1443 3374 est
1472 3319 1679 3384 vitavit,
1737 3336 1836 3375 nec
1860 3319 2043 3375 fallere

460 3417 661 3480 timuit,
687 3429 786 3470 nec
814 3413 1030 3468 mentiri
1059 3429 1153 3467 seu
1188 3413 1255 3466 ad
1304 3412 1644 3466 mendacium
1671 3411 1806 3467 alios
1835 3412 2041 3467 hortari

459 3507 697 3563 erubuit.
738 3504 871 3558 Falli
922 3504 1120 3557 etenim
1169 3517 1276 3556 non
1325 3502 1530 3569 vitavit,
1568 3517 1689 3557 cum
1728 3511 2039 3558 sanctarum

462 3601 869 3670 Scripturarum
908 3597 1043 3653 calle
1085 3612 1207 3666 quae
1241 3596 1401 3651 unius
1423 3603 1476 3649 et
1520 3596 1686 3651 solius
1718 3596 1812 3650 Dei
1834 3597 2038 3651 cultum

457 3701 514 3747 et
548 3691 918 3747 adorationem
972 3697 1196 3744 censent
1239 3689 1555 3759 postposito,
1591 3705 1689 3760 per
1723 3689 1951 3760 abrupta
1985 3697 2041 3744 et

459 3786 612 3842 devia
642 3799 834 3838 errans
860 3784 1056 3838 mentis
1089 3798 1198 3837 suto
1232 3783 1425 3852 pedem
1448 3784 1514 3838 ad
1548 3798 1634 3838 res
1660 3798 1821 3838 sensu
1849 3800 2041 3839 caren-

459 3883 544 3929 tes
576 3874 876 3929 adorandas
902 3872 1137 3926 divertit.
1176 3872 1384 3927 Fallere
1410 3888 1516 3928 non
1543 3874 1750 3938 timuit,
1777 3889 1898 3928 cum
1930 3873 2042 3929 cal-

458 3967 563 4021 lem
593 3965 724 4020 recti
779 3963 1128 4018 itinerisase
1175 3962 1594 4033 prietermissum
1650 3963 1770 4018 aliis
1818 3969 2041 4032 printer-

457 4056 675 4111 mittere
695 4062 750 4108 et
782 4068 964 4108 secum
994 4067 1092 4122 per
1116 4052 1254 4105 invia
1285 4067 1469 4108 errare
1497 4053 1678 4106 multis
1726 4053 2040 4108 assertioni-

457 4144 558 4199 bus
583 4159 647 4198 ac
692 4143 871 4211 potius
894 4143 1225 4195 vanitatibus
1251 4142 1538 4210 persuasit.
1578 4143 1792 4196 Mentiri
1821 4158 2038 4212 quoque

455 4239 511 4286 et
531 4232 596 4286 ad
612 4231 947 4286 mendacium
973 4230 1106 4284 alios
1128 4230 1404 4285 exhortari
1421 4247 1527 4286 non
1553 4233 1786 4299 erubuit,
1813 4234 1904 4302 qui
1921 4249 2034 4288 rem

456 4322 696 4376 illicitam
746 4330 1058 4391 perpetrare
1098 4328 1153 4375 et
1197 4319 1536 4375 mendacium
1570 4321 1816 4390 proferre
1845 4337 2038 4391 pecca-

2127 504 2392 572 profundo
2430 506 2659 574 spoliato
2685 508 2750 561 de
2775 507 3022 574 sepulcro
3076 513 3330 575 surrexit,
3364 528 3474 566 nec
3501 513 3715 583 cujusli—

2127 593 2218 646 bet
2245 593 2441 646 terreni
2467 595 2692 649 artificis
2725 611 2860 666 opus
2913 597 3139 665 apostoli
3169 598 3509 657 salutaribus
3546 606 3714 659 moni-

2131 686 2199 740 tis
2233 687 2512 750 institutis,
2557 695 2610 740 et
2641 703 2736 756 per
2784 687 2952 744 totius
2999 691 3184 744 mundi
3224 695 3471 761 compita
3497 696 3564 747 ad
3587 709 3715 764 pm:-

2129 778 2450 831 dicationem
2473 780 2754 834 destinatis
2779 795 2900 834 cum
2948 795 3176 849 corpore
3204 784 3270 837 ad
3300 784 3511 838 coelum
3536 801 3714 840 ascen-

2130 869 2226 933 dit,
2265 878 2320 924 et
2348 869 2413 924 ad
2447 871 2540 924 Dei
2570 871 2747 926 Patris
2801 875 3189 944 omnipotentis
3214 876 3507 931 dexteram
3562 880 3710 932 sedit.

2131 963 2254 1016 lfmc
2275 963 2416 1016 enim
2440 965 2619 1016 omnia
2657 980 2760 1019 non
2785 967 2993 1036 pictura
3043 968 3312 1038 qumlibet,
3341 971 3444 1024 sed
3469 971 3714 1028 Christus

2131 1054 2220 1124 qui
2247 1062 2329 1107 est
2352 1054 2542 1109 unicus
2574 1056 2664 1110 Dei
2700 1056 2876 1112 Patris
2923 1058 3092 1114 Filius
3119 1068 3244 1115 ante
3278 1061 3485 1115 stne-uia
3514 1077 3545 1115 a
3567 1060 3716 1116 Patre

2131 1142 2473 1197 ineffabiliter
2496 1144 2730 1213 genitus,
2761 1146 2814 1200 in
2843 1146 2948 1201 fine
2973 1149 3293 1202 satculorum
3320 1151 3390 1204 ad
3427 1159 3604 1207 terras
3630 1154 3715 1206 hu-

2131 1249 2304 1288 mante
2329 1234 2518 1288 salutis
2565 1250 2726 1289 causa
2751 1238 2947 1292 missus
2971 1240 3196 1309 peregit,
3229 1240 3320 1308 qui
3344 1250 3433 1295 est
3465 1251 3659 1295 unctus
3686 1259 3710 1294 a

2133 1325 2292 1378 Patre
2321 1323 2442 1378 oleo
2481 1324 2681 1379 ltetitize
2707 1342 2817 1395 prte
2848 1329 3194 1384 consortibus
3233 1331 3368 1395 suis,
3413 1333 3507 1401 qui
3533 1349 3715 1387 secun-

2135 1416 2260 1468 dum
2298 1413 2618 1482 Apostolum
2657 1416 2966 1484 pacificavit
3009 1419 3192 1483 omnia
3250 1435 3349 1489 per
3404 1421 3714 1489 sanguinem

2135 1506 2312 1559 crucis
2341 1521 2470 1568 sum,
2523 1507 2634 1560 sive
2661 1523 2780 1575 quae
2809 1507 2862 1560 in
2915 1509 3087 1572 cmlis,
3138 1511 3250 1564 sive
3305 1527 3431 1580 qua:
3484 1511 3537 1565 in
3567 1513 3715 1565 terris

2135 1608 2276 1658 sunt,
2307 1597 2390 1651 cui
2416 1597 2648 1651 flectitur
2673 1614 2833 1652 omne
2854 1614 2991 1668 genu
3018 1601 3339 1663 cwlestium,
3382 1603 3714 1656 terrestrium

2138 1694 2192 1740 et
2227 1686 2575 1741 infernomm.
2613 1688 2692 1742 Ac
2726 1704 2824 1757 per
2866 1690 2969 1744 hoc
3011 1691 3056 1745 si
3107 1692 3230 1761 quis
3297 1692 3593 1762 imaginem
3633 1694 3716 1746 azl~

2138 1791 2302 1830 orans
2332 1776 2482 1840 dicit,
2515 1776 2615 1830 Hic
2640 1787 2714 1831 est
2763 1777 3001 1833 Christus
3031 1779 3203 1834 Filius
3233 1782 3351 1847 Dei,
3404 1799 3516 1837 non
3554 1783 3715 1837 solum

2137 1875 2345 1935 peccat,
2383 1867 2475 1919 sed
2529 1866 2691 1920 etiam
2728 1867 3004 1923 insaniens
3052 1871 3281 1926 sceleste
3331 1872 3452 1942 agit
3501 1873 3592 1942 qui
3648 1873 3714 1927 rei

2142 1962 2248 2008 tam
2298 1955 2543 2008 sublimis
2583 1955 3095 2022 excellentissimum
3155 1975 3350 2013 nomen
3393 1960 3490 2031 (si
3551 1969 3715 2014 tamen

2141 2060 2229 2098 res
2250 2043 2352 2098 dici
2381 2043 2461 2098 fas
2509 2044 2599 2107 sit,
2638 2053 2692 2099 et
2736 2061 2840 2099 non
2867 2046 3047 2114 potius
3076 2061 3257 2100 rerum
3301 2048 3552 2102 omnium
3579 2049 3716 2116 origo

2141 2135 2222 2189 vel
2246 2134 2430 2206 causa)
2457 2145 2566 2188 tam
2597 2135 2691 2189 vili
2719 2136 2795 2190 rei
2825 2145 3040 2206 tamque
3061 2138 3306 2208 ahjectaa,
3336 2148 3397 2194 et
3423 2155 3532 2194 non
3555 2140 3714 2194 solum

2145 2225 2418 2296 mysteriis
2477 2225 2572 2280 sed
2635 2233 2691 2280 et
2747 2227 2855 2280 vita
2912 2228 3118 2282 carenti
3183 2237 3374 2300 aptare
3428 2231 3711 2285 contendit.

2143 2317 2461 2372 Sicutcnim
2507 2317 2684 2387 imago
2711 2317 2964 2387 quaelibet
3014 2318 3233 2375 Christo
3282 2323 3336 2375 in
3370 2331 3565 2376 natura
3592 2336 3714 2376 cete-

2142 2407 2296 2476 quari
2317 2407 2525 2476 nequit,
2557 2406 2630 2460 ita
2663 2407 2824 2461 etiam
2859 2407 2912 2460 in
2953 2409 3171 2462 nomine
3201 2411 3478 2478 ctnrquari
3512 2411 3714 2464 minime

2143 2499 2358 2568 poterit.
2395 2498 2546 2564 Quod
2593 2499 2637 2553 si
2671 2499 2792 2568 quis
2818 2497 2959 2554 forte
2991 2501 3397 2569 tequivoeorum
3452 2501 3710 2556 nominum

2144 2589 2194 2642 in
2225 2590 2364 2642 hanc
2397 2595 2608 2657 partem
2653 2588 2914 2643 rationem
2963 2589 3264 2644 arbitretur
3316 2605 3484 2660 posse
3512 2591 3709 2651 cadere,

2144 2679 2281 2732 sciat
2333 2681 2474 2734 hanc
2511 2695 2673 2750 quam
2725 2695 2870 2734 nunc
2902 2679 3226 2736 discutimus
3273 2682 3600 2736 sententiam
3650 2683 3708 2734 ali

2143 2772 2541 2841 aequivocorum
2574 2771 2851 2826 nominum
2877 2773 3084 2827 ratione
3113 2773 3268 2843 longe
3295 2774 3525 2829 distare.
3568 2773 3710 2828 Aliud

2143 2869 2226 2916 est
2255 2862 2399 2916 enim
2443 2862 2639 2926 dicere,
2682 2861 2845 2916 homo
2893 2862 3070 2932 pictus
3115 2871 3169 2917 et
3196 2879 3382 2928 verus,
3415 2864 3500 2919 leo
3551 2864 3708 2934 pictus

2143 2962 2376 3010 etverus
2415 2961 2469 3008 et
2523 2953 2779 3018 cmlestis,
2818 2963 2980 3023 atque
3021 2954 3164 3009 aliud
3218 2955 3514 3026 imaginem
3570 2954 3705 3008 fateri

2145 3046 2420 3102 Christum
2447 3045 2642 3100 Filium
2670 3045 2765 3099 Dei
2800 3059 2939 3109 esse,
2983 3061 3106 3100 cum
3135 3046 3392 3102 videlicet
3417 3047 3524 3102 illic
3550 3045 3703 3101 nomi-

2145 3137 2230 3192 nis
2259 3137 2329 3192 sit
2358 3144 2562 3191 tantum
2595 3136 2967 3201 consonantia,
2997 3136 3086 3191 hic
3109 3138 3414 3208 perspicuae
3439 3136 3703 3208 professio-

2140 3229 2229 3282 ‘nis
2259 3227 2415 3298 plena
2443 3227 2728 3290 sententia,
2764 3227 3020 3296 quoniam
3059 3229 3464 3297 mquivocorum
3493 3229 3619 3282 ratio
3658 3227 3700 3281 in

2144 3319 2259 3374 solo
2315 3319 2649 3373 tantumdem
2710 3319 2927 3372 nomine
3005 3320 3442 3374 communionem
3523 3319 3700 3376 habet.

2144 3427 2268 3466 mox
2287 3425 2414 3465 vero
2436 3417 2498 3464 ut
2528 3410 2596 3465 ad
2619 3409 2986 3465 definitionem
3015 3411 3340 3480 pervenerit,
3377 3411 3519 3481 quod
3547 3425 3640 3463 non
3661 3408 3698 3461 i-

2144 3504 2228 3558 nis
2255 3503 2564 3558 communio
2589 3518 2722 3558 sono
2763 3503 3100 3556 solummodo
3133 3503 3284 3558 vocis
3306 3505 3539 3573 tegebat,
3586 3499 3698 3554 defi-

2143 3595 2276 3649 nitio
2301 3594 2653 3649 solertissime
2698 3594 2904 3663 pandit.
2936 3593 3096 3649 Aliud
3137 3609 3390 3664 namque,
3433 3603 3490 3648 ut
3515 3589 3698 3664 praefati

2143 3702 2346 3748 sumus,
2408 3693 2463 3740 et
2509 3685 2665 3755 longe
2719 3686 2864 3740 aliud
2916 3694 3038 3750 est,
3100 3686 3366 3756 picturam
3437 3683 3699 3755 quamdam

2143 3775 2357 3829 nomine
2406 3774 2780 3830 tantummodo
2834 3775 2977 3829 illius
3033 3774 3111 3828 rei
3161 3790 3513 3844 nuncupare,
3567 3768 3698 3838 cujus

2141 3866 2320 3936 imago
2349 3874 2433 3920 est
2456 3867 2752 3920 secundum
2797 3867 3195 3935 :equivocorum
3225 3867 3506 3921 nominum
3553 3863 3695 3918 ratio-

2141 3973 2285 4024 nem,
2310 3967 2473 4028 atque
2510 3957 2655 4013 aliud
2686 3973 2800 4013 rem
2836 3959 3166 4014 insensatam
3206 3960 3455 4022 adorare,
3493 3965 3547 4012 et
3569 3969 3695 4011 eam-

2141 4051 2260 4105 dem
2284 4065 2396 4104 rem
2422 4049 2579 4120 plena
2611 4051 2879 4105 sententia
2909 4051 3185 4106 Christum
3229 4051 3322 4107 Dei
3366 4052 3557 4108 Filium
3588 4061 3693 4118 pro.

2094 4141 2098 4146 ’
2140 4139 2279 4194 fiteri
2324 4148 2378 4194 et
2414 4139 2640 4194 dicere:
2681 4138 2786 4193 Hic
2807 4150 2883 4194 est
2914 4139 3153 4194 Christus
3202 4139 3377 4194 Filius
3429 4140 3544 4195 Dei.
3578 4136 3693 4191 Nam

2139 4229 2185 4284 si
2213 4229 2318 4284 tale
2344 4229 2685 4284 mendacium
2715 4228 2978 4298 proferre,
3013 4230 3176 4285 utille
3201 4229 3378 4286 fassus
3400 4239 3499 4292 est,
3525 4241 3688 4299 pecca-

2140 4329 2255 4374 tum
2284 4335 2390 4374 non
2412 4327 2514 4383 est,
2546 4319 2736 4374 illicita
2771 4335 2998 4390 qumque
3023 4331 3343 4392 perpetrare
3364 4321 3564 4376 nullum
3587 4330 3689 4386 pec-

456 4419 568 4464 tum
583 4427 689 4465 non
703 4425 822 4466 esse
843 4411 1095 4466 asseruit.
1111 4410 1388 4465 Aitenim:
1415 4409 1518 4476 Qui
1533 4411 1721 4465 adorat
1734 4413 2032 4482 imaginem,
2061 4429 2116 4491 ι)
2138 4417 2316 4464 catum
2340 4417 2456 4476 est;
2480 4419 2535 4464 et
2578 4410 2622 4464 si
2680 4410 2867 4464 illicita
2910 4427 3136 4481 qumque
3164 4421 3482 4484 perpetrare
3508 4407 3688 4465 nullqu

453 4510 501 4556 et
553 4501 678 4554 dicit
706 4501 829 4569 quia
857 4500 940 4552 hic
964 4509 1038 4552 est
1067 4498 1303 4554 Christus
1331 4498 1506 4553 Filius
1535 4499 1654 4566 Dei,
1702 4516 1808 4554 non
1835 4511 2032 4570 peccat.

453 4593 552 4648 Cui
608 4592 832 4645 vanitati
882 4591 1138 4645 facillima
1188 4593 1655 4662 argumentatione
1710 4594 1816 4648 hoc
1875 4594 2035 4649 modo

453 4689 632 4751 potest
673 4681 852 4745 reniti,
903 4682 1158 4749 quoniam
1183 4684 1229 4737 si
1269 4682 1322 4737 id
1355 4683 1536 4736 dicere
1582 4684 1726 4751 quod
1769 4698 1878 4738 non
1927 4693 2032 4751 est,

453 4771 794 4827 mendacium
842 4786 949 4827 non
1007 4779 1108 4837 est,
1167 4787 1343 4842 neque
1375 4774 1432 4832 id
1475 4774 1656 4830 dicere
1710 4777 1853 4845 quod
1908 4785 2028 4844 est,

451 4876 640 4918 verum
661 4878 781 4918 esse
802 4871 980 4933 potest
1004 4878 1019 4917 :
1054 4879 1120 4919 ac
1145 4878 1242 4934 per
1266 4866 1370 4921 hoc
1390 4867 1436 4920 si
1463 4867 1680 4922 mentiri
1708 4868 1898 4923 vitium
1924 4885 2031 4924 non

449 4963 550 5020 est,
580 4970 754 5025 neque
781 4957 1062 5011 veritatem
1086 4957 1330 5028 proferre
1350 4960 1522 5014 virtus
1543 4969 1656 5027 est;
1688 4970 1743 5016 et
1770 4963 1816 5017 si
1836 4963 2033 5018 verita-

451 5056 561 5104 tem
589 5046 832 5117 proferre
851 5063 916 5104 ac
940 5051 1136 5104 sectari
1162 5051 1336 5107 virtus
1356 5059 1459 5119 est,
1479 5055 1667 5122 procul
1697 5055 1858 5110 dubio
1881 5070 2032 5110 men-

450 5139 541 5194 tiri
570 5139 1011 5208 mendaciumque
1034 5140 1186 5210 sequi
1209 5142 1398 5217 vitium
1427 5152 1530 5198 est.
1574 5144 1724 5200 Unde
1747 5161 1872 5201 cum
1901 5146 2031 5201 dicit

449 5229 572 5298 quis
599 5230 864 5299 picturam
889 5230 1164 5286 Christum
1197 5248 1318 5289 esse
1356 5234 1447 5288 Del
1475 5235 1688 5300 Filium,
1743 5239 2024 5306 mentitur;

451 5327 652 5374 etcum
677 5322 952 5386 mentitur,
983 5336 1266 5392 perperam
1297 5326 1451 5396 agit;
1491 5335 1545 5382 et
1581 5344 1702 5382 cum
1744 5344 2027 5398 perperam

451 5411 580 5477 agit,
597 5419 781 5476 peccat
805 5425 820 5465 :
844 5413 1146 5483 cumigitur
1165 5415 1435 5484 picturam
1465 5417 1598 5472 dicit
1624 5432 1744 5474 esse
1759 5420 1852 5474 Dei
1871 5421 2029 5476 Chri—

452 5506 593 5552 stum
617 5500 712 5555 Dei
734 5501 949 5570 Filium,
970 5515 1179 5574 peccat.
1220 5506 1338 5561 Non
1373 5507 1518 5561 enim
1539 5509 1750 5577 pictura
1775 5510 2028 5579 quaelibet

455 5595 652 5643 nostra:
693 5591 886 5648 salutis
917 5609 1080 5650 causa
1108 5596 1381 5652 hominem
1432 5599 1722 5668 assumpsit
1753 5601 2028 5656 eumdem-

455 5694 560 5750 que
588 5681 842 5752 flagellari
880 5693 934 5739 et
957 5700 1054 5755 pro
1087 5688 1243 5743 nobis
1267 5689 1414 5744 cruci
1458 5687 1596 5760 alIigi
1632 5690 1895 5759 permisit,
1925 5706 2025 5748 nec

2136 4510 2420 4571 peccatum
2446 4511 2550 4568 est,
2605 4510 2912 4557 sanctarum
2962 4501 3369 4573 Scripturarum
3399 4503 3563 4573 vigor,
3586 4510 3689 4566 qua:

2135 4601 2320 4666 utique
2354 4599 2422 4652 ab
2473 4597 2674 4652 illicitis
2701 4597 2974 4652 abstinere
3015 4605 3259 4663 censent,
3290 4595 3549 4654 fatescere
3585 4604 3686 4646 crc-

2135 4689 2342 4744 dendus
2391 4695 2494 4744 est.
2548 4688 2664 4743 Non
2713 4697 2894 4744 autem
2943 4699 3254 4743 sanctarum
3312 4688 3683 4759 Scripturarum

2133 4787 2286 4857 vigor
2309 4801 2431 4855 qua:
2481 4785 2548 4840 ab
2595 4785 2798 4839 illicitis
2833 4784 3136 4862 quibusque
3164 4784 3439 4838 abstinere
3467 4782 3680 4836 musenl.

2133 4875 2396 4930 fatescere
2442 4876 2744 4929 credendus
2784 4883 2866 4929 est
2891 4891 2904 4928 :
2932 4874 3206 4942 estigitur
3229 4873 3337 4928 tale
3371 4866 3682 4927 mendacium

2131 4967 2375 5038 proferre
2401 4975 2702 5035 peccatum.
2726 4965 2858 5018 Nam
2879 4964 3009 5018 dum
3029 4979 3166 5033 pene
3187 4980 3347 5020 omne
3374 4956 3678 5016 mendacium

2133 5059 2275 5127 quod
2327 5056 2546 5111 fallendi
2575 5056 2751 5110 studio
2779 5053 3056 5124 profertur
3086 5062 3369 5124 peccatum
3401 5054 3489 5114 sit,
3532 5044 3686 5106 uiui“)

2132 5149 2306 5220 magis
2362 5149 2465 5202 hoc
2519 5147 2623 5200 tale
2666 5131 3004 5201 menda-cium
3051 5153 3332 5214 peccatum
3385 5159 3499 5200 eSSe
3529 5141 3684 5213 poles"

2131 5256 2254 5297 cum
2313 5247 2424 5292 tam
2482 5237 2641 5290 vilem
2701 5251 2815 5289 rem
2873 5235 3010 5288 tanti
3064 5235 3302 5291 nominis
3373 5227 3673 5290 confessionc

2131 5343 2441 5396 nuncupare
2494 5327 2714 5389 studet,
2771 5332 2826 5380 et
2871 5324 3268 5383 confessionem
3320 5340 3475 5395 quam
3518 5324 3676 5389 paSIOB

2130 5417 2386 5473 Ecclesiae
2431 5416 2606 5471 eidem
2635 5415 2961 5484 redemptori
3009 5416 3258 5486 protulit,
3285 5426 3539 5491 quamque
3561 5419 3673 5476 quo-

2129 5507 2259 5562 tidie
2282 5508 2333 5560 ei
2362 5505 2538 5560 omnis
2581 5513 2766 5560 sancta
2794 5505 3061 5563 catholica
3087 5514 3142 5562 et
3166 5505 3480 5561 universalis
3499 5495 3673 5572 profer!

2129 5596 2388 5661 Ecclesia,
2411 5611 2508 5665 per
2530 5612 2705 5666 quam
2721 5605 2776 5651 et
2833 5597 3071 5653 solvatur
3099 5606 3154 5653 et
3177 5614 3288 5654 sua:
3316 5597 3496 5653 saiutis
3524 5585 3670 5660 speci.-

2132 5705 2254 5747 men
2267 5688 2604 5760 adipiscitur,
2621 5689 2687 5744 de
2699 5704 2757 5745 re
2769 5688 3042 5747 insensata
3057 5691 3177 5763 quis
3193 5689 3636 5763 proferteme
3646 5675 3668 5730 ⁷
