4028 6180
445 331 584 388 1.185

1207 322 1382 378 LIBRI
1420 318 1762 376 COROIJNI.
1806 348 1867 358 —-—
1911 318 2130 373 CAPIT.
2174 316 2259 371 DE
2297 315 2482 368 IJIAG.
2524 343 2585 352 —
2629 313 2753 368 LIB.
2797 312 2880 366 IV.

3545 311 3684 367 H86

439 447 580 502 sicut
602 456 730 512 ergo
766 447 956 494 czctcra
985 437 1132 500 vitia,
1182 437 1254 490 ita
1285 437 1445 490 etiam
1501 434 1763 490 mendacii
1815 432 2005 486 vitium
2037 442 2080 494 Α
2112 431 2198 484 illa
2229 438 2384 484 aetate
2410 428 2573 482 fuisse
2601 427 2865 498 leguntur,
2897 441 2996 495 per
3024 425 3338 496 imaginem,
3369 441 3543 496 neque
3586 441 3684 497 per

440 539 740 594 divinarum
774 533 1171 602 Scripturarum
1209 529 1544 585 documentis
1580 536 1663 582 est
1700 525 2008 581 inhibitum.

440 629 594 687 Unde
619 627 862 698 quisquis
888 623 1124 691 ejusdem
1150 620 1372 675 Joannis
1395 620 1612 674 monitis
1659 624 1827 686 paret,
1863 622 1920 667 ut
1959 623 2014 668 et

441 721 704 789 imagines
751 718 937 772 adoret
986 722 1042 768 et
1092 713 1305 766 easdem
1349 711 1621 766 Christum
1667 708 1762 761 Dei
1817 705 2012 758 Filium

441 810 690 881 appellet,
723 816 775 862 et
801 806 1282 876 supervacuitatem
1310 818 1538 872 nequam
1590 807 1824 860 exercet,
1853 805 1904 852 et
1955 813 2014 850 se

421 897 897 970 'indiseiplinatum
927 912 1044 952 esse
1067 898 1418 951 demonstrat.
1445 895 1501 947 Si
1531 907 1659 962 ergo
1683 894 1784 946 hoc
1811 889 2009 951 scelus,

443 1004 503 1048 ut
545 993 636 1048 ille
687 991 960 1063 professus
985 997 1086 1049 est,
1117 994 1474 1057 perpetretur,
1532 983 1844 1052 implebitur
1880 980 2010 1034 illud

444 1087 586 1157 quod
611 1082 855 1140 Jeremia:
895 1081 1146 1135 vaticinio
1195 1094 1325 1133 voce
1349 1077 1558 1132 Domini
1588 1075 1784 1129 dicitur
1816 1091 1828 1125 :
1863 1071 2013 1124 Men-

445 1175 654 1228 dacium
703 1181 749 1225 et
797 1187 900 1223 non
938 1167 1068 1237 ﬁdes
1107 1166 1323 1220 invaluit
1361 1181 1515 1234 super
1539 1174 1751 1223 terram,
1803 1160 1931 1231 quia
1979 1176 2011 1211 a

447 1259 598 1314 malis
624 1259 765 1311 mala
800 1257 1052 1318 exierunt,
1079 1264 1125 1307 et
1156 1270 1234 1306 me
1263 1270 1364 1306 non
1410 1259 1774 1322 cognoverunt.
1813 1247 2012 1300 Paulus

446 1364 658 1420 quoque
707 1348 952 1418 egregius
997 1345 1321 1415 prredicator
1357 1342 1694 1396 mendacium
1745 1340 2012 1408 deponere

445 1447 500 1492 et
547 1436 826 1491 veritatem
856 1434 997 1502 loqui
1019 1435 1101 1488 his
1124 1433 1301 1486 verbis
1328 1431 1632 1501 persuadet.
1665 1428 1753 1482 Ait
1779 1429 1920 1482 enim
1958 1427 2010 1480 in

446 1527 681 1598 Epistola
707 1526 772 1580 ad
800 1525 1057 1594 Ephesios
1081 1541 1094 1576 :
1118 1523 1434 1592 Deponentes
1463 1519 1812 1582 mendacium,
1845 1517 2013 1587 loqui—

446 1619 572 1672 mini
584 1619 846 1672 veritatem
865 1614 1212 1685 unusquisque
1233 1627 1349 1665 cum
1374 1611 1609 1677 proximo
1635 1626 1753 1672 suo,
1770 1609 1898 1679 quia
1929 1624 2013 1660 su-

445 1725 559 1762 mus
576 1706 788 1759 invicem
813 1702 1043 1756 membra
1065 1700 1279 1772 (Ephes.
1299 1699 1406 1769 tv);
1435 1700 1559 1753 item
1578 1699 1716 1751 idem
1733 1698 1798 1751 ad
1824 1695 2012 1750 Colos-

2114 519 2320 573 colores
2372 517 2581 571 Domini
2655 516 3016 570 fortitudinem
3069 516 3321 569 adorasse
3369 517 3680 583 creduntur,

2112 611 2308 679 quippe
2336 624 2456 663 cum
2487 609 2540 662 in
2567 607 2685 660 rudi
2734 607 2909 660 adhuc
2939 606 3138 659 mundo
3168 607 3392 660 necdum
3429 621 3684 675 quarum-

2114 701 2234 756 dam
2266 699 2655 753 mundanarum
2702 697 2897 750 artium
2937 695 3286 764 experientia:
3333 696 3682 750 haberentur.

2113 788 2245 844 Cum
2275 804 2403 858 ergo
2424 788 2533 841 sint
2558 787 2738 856 plures
2761 785 2941 838 mundi
2966 766 3248 852 partes,'in
3278 785 3473 854 quibus
3515 785 3688 839 homi-

2113 894 2210 932 nes
2226 877 2465 946 pictorim
2482 876 2614 929 artis
2637 874 2745 928 sint
2762 873 2954 943 ignari,
2979 873 3344 941 nunquidnam
3370 873 3564 928 ibidem
3581 873 3686 926 for-

2113 967 2282 1020 titudo
2318 964 2531 1019 Domini
2578 963 2799 1017 minime
2846 961 3084 1015 creditur
3118 961 3369 1015 adorari?
3417 960 3685 1016 Adoratur

2111 1071 2239 1127 ergo
2280 1055 2533 1110 fortitudo
2557 1054 2789 1117 Domini,
2822 1069 2928 1107 non
2973 1067 3071 1122 per
3114 1053 3400 1120 imaginem
3426 1070 3544 1122 qua:
3587 1069 3685 1123 per

2111 1147 2316 1200 colores
2345 1151 2582 1214 apparet,
2620 1150 2680 1197 ut
2725 1142 2812 1196 ille
2855 1141 3106 1204 somniat,
3154 1141 3248 1194 sed
3288 1155 3386 1210 per
3412 1141 3528 1210 ejus
3557 1143 3685 1196 inef-

2112 1236 2325 1292 fabilem
2347 1237 2636 1306 potentiam
2674 1250 2778 1304 qua
2807 1233 2983 1288 omnis
3012 1232 3195 1286 mundi
3221 1248 3482 1302 compago
3501 1235 3686 1288 condi-

2111 1337 2165 1381 ta
2190 1341 2308 1380 esse
2345 1325 2693 1396 dignoscitur.
2743 1324 3015 1377 Adoratur
3057 1323 3218 1377 etiam
3264 1323 3519 1379 fortitudo
3567 1323 3684 1392 ejus

2111 1435 2215 1492 non
2250 1434 2346 1486 per
2371 1418 2629 1486 quasdam
2661 1415 2934 1479 materias,
2982 1416 3075 1469 sed
3103 1427 3199 1482 per
3228 1415 3460 1470 Verbum
3505 1431 3682 1479 suum,

2109 1509 2302 1585 Filium
2334 1509 2596 1569 videlicet,
2635 1523 2792 1575 quem
2837 1514 2962 1560 ante
2991 1506 3183 1560 saecula
3234 1505 3574 1560 ineffabilitcr
3596 1523 3686 1576 ge-

2111 1604 2246 1663 nuit,
2275 1610 2327 1654 et
2361 1613 2457 1670 per
2480 1613 2638 1668 quem
2669 1607 2723 1651 et
2751 1599 2802 1651 in
2831 1613 2936 1666 quo
2962 1599 3212 1652 universa
3235 1599 3454 1660 ereavit,
3484 1599 3576 1668 qui
3605 1609 3686 1655 cst

2111 1691 2331 1743 dextera
2360 1698 2414 1744 et
2441 1688 2698 1742 fortitudo
2732 1687 2926 1752 Patris,
2975 1703 3073 1757 per
3113 1705 3273 1757 quam
3319 1687 3686 1743 fortitudinem

447 1811 630 1852 senses
655 1815 667 1848 :
695 1794 872 1848 Nolite
908 1780 1114 1845 mentiri
1139 1791 1353 1844 invicem
1378 1789 1657 1860 spoliantes
1683 1805 1768 1842 vos
1795 1797 2009 1842 veterem
2043 1774 2089 1832 Β
2118 1781 2256 1835 sicut
2292 1781 2610 1834 universalis
2649 1787 3014 1833 creaturarum
3061 1787 3272 1834 constat
3318 1795 3437 1834 esse
3475 1788 3687 1849 patrata

445 1888 702 1942 hominem
727 1900 843 1937 cum
873 1881 1071 1935 actibus
1098 1881 1206 1934 suis
1231 1878 1453 1950 (Coloss.
1480 1877 1584 1949 ιιι).
1624 1875 1856 1931 Joannes
1879 1889 2014 1944 quo-

445 1993 550 2048 que
573 1973 844 2044 apostolus
863 1971 940 2024 ait
965 1985 980 2024 :
1005 1968 1168 2024 Omne
1193 1967 1522 2021 mendacium
1549 1983 1650 2020 non
1689 1974 1762 2019 est
1793 1965 1857 2017 de
1884 1964 2015 2017 veri-

446 2078 551 2122 tate
595 2065 648 2136 (I
685 2065 843 2118 Joan.
894 2063 976 2133 ιι).
1021 2061 1172 2116 Unde
1200 2060 1401 2130 liquido
1435 2067 1581 2127 patet
1623 2058 1667 2112 si
1693 2058 1924 2126 pictura,
1955 2064 2014 2109 ut

447 2160 536 2214 ille
576 2158 730 2212 fateri
783 2158 1049 2220 humatur,
1101 2153 1349 2209 Christus
1402 2152 1495 2206 Dei
1541 2151 1710 2206 Filius
1764 2166 1870 2205 non
1908 2157 2008 2212 est,

446 2249 781 2304 mendacium
842 2247 912 2301 sit
971 2245 1024 2300 id
1077 2245 1218 2313 quod
1272 2244 1510 2307 dicitur;
1566 2250 1621 2296 et
1665 2242 1711 2296 si
1772 2241 1825 2295 id
1871 2239 2013 2310 quod

444 2339 646 2393 dicitur
697 2335 1034 2391 mendacium
1078 2342 1200 2397 est,
1247 2331 1401 2401 juxta
1431 2331 1671 2401 Apostoli
1703 2346 1888 2386 vocem
1949 2329 2014 2384 de

443 2431 671 2485 veritate
686 2444 788 2484 non
811 2437 912 2482 est.
934 2426 1067 2481 Cum
1091 2426 1254 2497 igitur
1269 2425 1390 2479 talis
1406 2422 1664 2494 professio
1676 2421 2014 2478 mendacium

446 2523 535 2586 sit,
565 2520 747 2591 procul
764 2520 924 2572 dubio
951 2518 1016 2571 de
1043 2517 1227 2571 eadem
1247 2516 1478 2570 veritate
1497 2530 1602 2568 non
1624 2522 1728 2578 est,
1756 2528 1875 2582 qua:
1900 2512 2010 2565 ait:

453 2611 560 2682 Ego
597 2627 712 2665 sum
746 2611 827 2663 via
857 2618 903 2662 et
928 2609 1114 2662 veritas
1151 2616 1197 2660 et
1244 2608 1347 2659 vita
1400 2605 1581 2677 (Joan.
1632 2604 1766 2675 xw).
1825 2601 2014 2658 Cultus

447 2704 590 2758 enim
636 2699 962 2754 adorationis
1007 2699 1106 2752 soli
1155 2697 1281 2760 Deo,
1338 2705 1392 2750 et
1436 2694 1702 2750 confessio
1748 2694 1869 2748 Filii
1919 2693 2014 2748 Dei

447 2792 520 2846 illi
548 2791 646 2846 soli
675 2790 913 2860 quivere
960 2786 1077 2855 ejus
1118 2786 1287 2840 Filius
1327 2785 1693 2840 cocssentialis
1746 2793 1844 2846 est,
1907 2799 2013 2837 non

446 2882 746 2951 adoptivus,
777 2878 1016 2934 exhiberi
1059 2877 1236 2931 debet.
1260 2875 1316 2930 Si
1342 2889 1470 2930 vero
1519 2873 1620 2927 Hic
1668 2872 1933 2943 particula
1959 2872 2014 2926 in

445 2975 632 3026 eodem
675 2972 789 3024 loco
811 2984 908 3039 pro
929 2967 1182 3021 adverbio
1224 2966 1343 3028 loci,
1389 2981 1497 3020 non
1537 2980 1636 3034 pro
1661 2964 2010 3034 pronomine,

446 3065 616 3136 pisita
664 3070 766 3126 est,
817 3068 1086 3127 utcunque
1130 3058 1244 3111 haec
1291 3057 1558 3111 sententia
1604 3064 1749 3111 stare
1799 3061 2011 3124 potest,

447 3152 571 3224 quia
609 3152 748 3205 Deus
776 3150 971 3218 ubique.
991 3155 1093 3202 est.

1077 3255 1304 3313 CAPUT
1326 3257 1388 3312 II.

448 3366 526 3422 De
553 3383 612 3419 eo
642 3366 778 3436 quod
823 3365 1052 3436 Joannes
1083 3383 1186 3420 non
1232 3377 1364 3419 recte
1385 3367 1558 3420 dixit:
1590 3365 1693 3436 Per
1727 3368 2013 3436 imaginem

517 3434 758 3508 quag'per
801 3435 1007 3489 colores
1049 3444 1288 3504 apparet,
1316 3437 1569 3508 adoratur
1596 3434 1856 3508 fortitudo
1899 3434 2016 3508 ejus

516 3505 572 3560 et
592 3505 937 3574 glorificatur,
966 3514 1020 3559 et
1059 3507 1126 3559 ad
1148 3506 1464 3559 memoriam
1490 3505 1768 3558 veniemus
1793 3506 1858 3560 de
1898 3507 2016 3575 ejus

512 3576 566 3630 in
590 3584 732 3630 terra
763 3576 1066 3646 prasentia.

516 3690 666 3747 Hanc
690 3705 901 3762 quoque
925 3689 1246 3745 dementiam
1269 3703 1409 3759 stupe
1433 3695 1761 3741 memoratus
1783 3685 2018 3742 Joannes

446 3780 727 3851 presbyter
747 3778 860 3832 suis
885 3775 1092 3830 frivolis
1120 3776 1316 3829 addere
1356 3791 1460 3828 non
1495 3775 1721 3838 distulit,
1772 3785 1832 3829 ut
1870 3775 2016 3830 dice-

449 3877 532 3922 ret
558 3886 570 3920 :
602 3867 706 3920 Per
725 3868 1002 3936 imaginem
1031 3882 1148 3936 qua:
1167 3882 1258 3936 per
1291 3864 1487 3919 colores
1536 3875 1770 3936 apparet,
1802 3866 2014 3920 Domini

447 3960 805 4030 fortitudinem
827 3959 1061 4023 adorari,
1086 3959 1240 4030 quasi
1284 3957 1540 4012 Dominus
1569 3956 1797 4026 alicujus
1827 3958 1903 4012 rei
1947 3958 2018 4012 sit

450 4054 716 4122 indiguus,
732 4060 787 4105 et
808 4066 904 4120 per
927 4051 1163 4120 aliquam
1192 4066 1304 4105 rem
1337 4066 1489 4106 suam
1512 4050 1878 4106 fortitudinem
1900 4066 2021 4121 qua:

447 4145 647 4199 nullam
675 4145 838 4198 habet
869 4143 1242 4213 indigentiam,
1272 4143 1436 4198 faciat
1454 4144 1688 4199 adorari.
1736 4145 2019 4215 Nunquid-

447 4250 570 4290 nam
595 4233 857 4288 cumcmli
891 4233 1004 4288 sive
1037 4233 1172 4288 lucis
1217 4234 1450 4296 nomine,
1501 4233 1730 4304 primam
1780 4235 2021 4289 omnium

447 4330 766 4384 creaturam,
788 4322 1083 4392 angelicam
1120 4322 1421 4376 condiderit
1457 4331 1727 4384 naturam,
1781 4339 1903 4394 qua:
1952 4326 2020 4379 ab

2112 1869 2335 1930 creatio.
2382 1870 2454 1923 ita
2481 1870 2643 1923 etiam
2685 1877 2940 1939 perpetua
2970 1876 3024 1923 et
3053 1869 3121 1923 ab
3150 1868 3354 1940 angelis
3391 1877 3444 1923 et
3489 1870 3557 1922 ab
3594 1869 3688 1922 hu-

2114 1962 2347 2016 minibus
2384 1961 2433 2015 ei
2479 1960 2783 2014 celebratur
2810 1959 3056 2013 adoratio
3103 1960 3192 2028 qui
3251 1959 3504 2012 nimirum
3549 1960 3686 2014 sicut

2112 2069 2274 2108 causa
2298 2060 2380 2106 εει
2400 2051 2576 2106 οιιιιιίε
2597 2051 2906 2113 creationis,
2937 2051 3008 2104 ita
3031 2050 3195 2104 etiam
3209 2065 3370 2104 causa
3397 2058 3478 2103 est
3491 2048 3685 2116 justis-

2113 2143 2263 2198 sima:
2301 2151 2353 2196 et
2384 2141 2779 2196 decentissima:
2819 2140 3167 2195 adorationis.
3215 2138 3411 2193 Sancta
3449 2140 3612 2209 igitur
3635 2146 3686 2194 et

2113 2233 2432 2289 universalis
2462 2231 2700 2286 Ecclesia
2725 2247 2831 2284 non
2874 2245 2967 2300 per
2989 2230 3266 2300 imagines,
3299 2245 3418 2298 qua:
3437 2245 3503 2282 ex
3544 2228 3688 2283 colo-

2115 2327 2264 2382 ribus
2307 2326 2458 2390 fiunt,
2507 2333 2567 2379 ut
2591 2338 2733 2393 stupe
2768 2330 3099 2378 memoratus
3124 2321 3360 2377 Joannes
3395 2335 3687 2376 nauseasse

2114 2418 2466 2490 dignoscitur,
2497 2417 2662 2471 Deum
2703 2416 2929 2470 adorare
2978 2430 3076 2469 nos
3114 2412 3369 2468 mortales
3418 2411 3684 2477 homines,

2113 2524 2288 2580 neque
2310 2508 2562 2563 mtherias
2600 2515 2914 2577 potestates,
2946 2507 3038 2561 sed
3063 2520 3162 2574 per
3187 2504 3458 2559 Christum
3504 2503 3687 2558 Domi-

2113 2615 2242 2653 num
2279 2597 2593 2663 confitetur,
2623 2612 2744 2651 cum
2771 2613 2880 2651 sua:
2911 2595 3291 2665 redemptionis
3319 2595 3574 2665 mysteria
3601 2610 3688 2649 ce-

2113 2688 2329 2742 lebrans
2351 2688 2572 2754 dignum
2619 2695 2674 2741 et
2725 2686 2952 2755 justum,
3002 2700 3322 2755 :equumque
3346 2694 3401 2739 et
3453 2684 3689 2739 salutare

2115 2772 2248 2836 dicit
2273 2793 2410 2844 esse,
2444 2785 2503 2832 ut
2536 2792 2634 2832 nos
2670 2777 2721 2830 ei
2760 2789 2970 2844 semper
3008 2783 3063 2829 et
3095 2774 3294 2844 ubique
3312 2773 3514 2844 gratias
3556 2788 3688 2843 aga-

2114 2886 2255 2935 mus,
2284 2883 2382 2939 per
2417 2883 2577 2938 quem
2603 2865 2924 2923 ineffabilem
2954 2866 3134 2921 Patris
3161 2866 3496 2934 majestatem
3526 2880 3690 2935 auge-

2116 2962 2196 3017 los
2221 2962 2460 3027 laudare,
2502 2960 2895 3016 dominationes
2939 2959 3184 3023 adorare,
3236 2965 3533 3028 potestates
3579 2966 3691 3012 tre-

2120 3069 2286 3120 mere,
2303 3053 2469 3110 cmlos
2483 3053 2847 3122 cmlorumque
2859 3052 3103 3106 militiam
3119 3052 3340 3121 supplici
3355 3051 3692 3108 confessione

2123 3146 2381 3215 hymnum
2413 3145 2596 3213 gloria:
2615 3150 2827 3197 constat
2850 3142 3135 3196 suavisona
3164 3141 3528 3197 modulatione
3570 3157 3690 3197 can-

2114 3244 2251 3290 tare.
2275 3234 2546 3290 Adoratur
2558 3249 2688 3305 ergo
2701 3231 2960 3288 fortitudo
2979 3232 3096 3302 ejus
3108 3249 3212 3288 non
3229 3247 3327 3302 per
3344 3231 3687 3288 wloriferam

2114 3325 2404 3395 imaginem
2451 3324 2586 3394 ejus,
2631 3324 2726 3378 sed
2766 3339 2862 3395 per
2892 3324 3335 3389 sacratissimam,
3363 3333 3418 3380 et
3451 3323 3692 3378 vivifica-

2114 3415 2306 3469 tricem
2349 3412 2464 3482 ejus
2500 3415 2948 3470 incarnationem.
2980 3413 3253 3469 Adoratur
3298 3413 3414 3482 ejus
3452 3415 3690 3482 potentia

2113 3519 2219 3558 non
2254 3519 2352 3572 per
2375 3505 2661 3572 picturam,
2695 3506 2787 3559 sed
2809 3521 2904 3573 per
2925 3521 3020 3558 sua
3043 3520 3204 3573 opera
3233 3519 3248 3557 :
3280 3519 3377 3574 per
3395 3507 3512 3559 haec
3538 3503 3688 3558 vide-

2113 3593 2258 3658 licet,
2278 3595 2472 3662 quibus
2500 3595 2725 3674 for‘tnam
2740 3596 2880 3650 servi
2903 3597 3163 3666 accipere,
3191 3596 3256 3651 de
3267 3596 3475 3666 virgine
3503 3596 3688 3663 nasci,

2115 3683 2293 3739 surdis
2321 3683 2582 3746 auditum,
2621 3683 2785 3738 mutis
2823 3683 3128 3753 eloquium,
3170 3684 3377 3740 claudis
3412 3699 3652 3754 gressum
3673 3725 3690 3749 ,

2116 3773 2342 3842 leprosis
2362 3773 2475 3827 sive
2487 3774 2699 3829 caeteris
2711 3774 3086 3843 :egritudinum
3111 3775 3371 3830 molestiis
3386 3775 3692 3844 aggravatis

2117 3865 2425 3928 sanitatem,
2463 3865 2692 3920 mortuis
2717 3866 2906 3932 vitam,
2939 3866 3096 3921 cmcis
3126 3865 3306 3920 lumen
3339 3866 3583 3933 reddere,
3607 3866 3690 3920 in-

2117 3956 2269 4010 ferna
2317 3954 2642 4024 exspoliare,
2690 3957 2882 4012 mortis
2934 3958 3216 4028 imperium
3265 3957 3572 4024 destruere,
3623 3959 3690 4015 de

2119 4045 2364 4114 sepulcro
2397 4060 2635 4116 surgere,
2667 4047 2734 4102 ad
2763 4047 2929 4102 ctelos
2983 4047 3272 4102 ascendere
3298 4048 3551 4118 dignatus
3584 4059 3687 4105 est.

2120 4140 2246 4196 Hatc
2270 4147 2395 4196 sunt
2424 4139 2566 4195 enim
2599 4140 2954 4195 instrumenta
2976 4139 3172 4209 quibus
3206 4155 3235 4193 a
3266 4140 3546 4195 catholicis
3582 4140 3692 4194 for-

2122 4231 2294 4287 titudo
2323 4231 2536 4286 Domini
2561 4231 2848 4297 adoratur;
2871 4231 2988 4286 hmo
3007 4231 3301 4284 munimina
3339 4230 3534 4300 quibus
3559 4230 3692 4285 fides

2120 4323 2483 4380 ecclesiastica
2532 4330 2742 4388 tuetur;
2771 4322 2888 4376 haec
2920 4320 3187 4377 confessio
3225 4335 3257 4374 a
3308 4335 3444 4389 qua,
3487 4321 3535 4376 si
3571 4321 3692 4390 quis

447 4413 564 4483 ipso
589 4413 880 4467 creationis
903 4428 1012 4466 sua:
1033 4412 1253 4466 exordio
1298 4411 1393 4466 Dei
1440 4411 1806 4468 fortitudinem
1830 4424 1885 4469 et
1933 4415 2022 4470 ad-
2053 4449 2101 4509 υ
2124 4413 2390 4477 dissentit,
2421 4413 2776 4482 periclitatur,
2803 4427 2964 4482 quam
3010 4412 3057 4466 si
3095 4411 3217 4482 quis
3262 4412 3426 4467 corde
3473 4412 3693 4478 retinet,

446 4524 633 4564 orasse
671 4509 906 4563 creditur
943 4515 1000 4562 et
1051 4507 1317 4572 laudasse,
1346 4507 1473 4578 quia
1502 4509 1728 4562 necdum
1773 4509 2018 4565 homines

446 4609 621 4663 erant,
653 4600 744 4668 qui
783 4600 848 4654 de
869 4599 1172 4671 quibusque
1197 4599 1458 4662 materiis,
1492 4613 1590 4654 nec
1615 4600 1861 4670 quatdam
1906 4615 2020 4654 ma-

449 4691 599 4745 teria:
625 4697 781 4743 erant
814 4691 866 4742 in
895 4690 1090 4758 quibus
1138 4689 1398 4758 imagines
1425 4689 1571 4759 pingi
1609 4697 1848 4760 possent,
1895 4690 2018 4744 ideo

449 4779 660 4833 Domini
709 4779 1073 4832 fortitudinem
1129 4794 1231 4832 nec
1268 4781 1520 4833 adorasse
1565 4779 1818 4834 credendi
1857 4789 2018 4846 sunt,

449 4885 548 4925 nec
575 4869 854 4922 laudasse?
893 4868 983 4922 Ait
1025 4858 1168 4921 enim
1199 4867 1478 4937 Scriptura
1510 4885 1523 4921 :
1572 4867 1796 4933 Quando
1843 4879 2020 4924 creata

447 4968 567 5014 sunt
615 4957 790 5010 omnia
843 4957 1056 5020 sidera,
1104 4956 1260 5009 simul
1301 4956 1646 5010 laudauerunt
1706 4974 1786 5011 me
1842 4975 2018 5013 omnes

447 5046 617 5118 angeli
646 5049 769 5100 mei.
803 5047 902 5102 Ubi
926 5045 1038 5115 jam
1093 5047 1368 5102 evidenter
1412 5046 1730 5109 ostenditur,
1773 5064 1878 5102 non
1925 5065 2022 5119 per

449 5136 736 5207 imaginem
766 5152 886 5206 quae
910 5152 1008 5206 per
1044 5137 1252 5192 colores
1303 5144 1542 5205 apparet,
1599 5138 1691 5192 sed
1725 5154 1822 5208 per
1866 5155 2018 5194 suam

449 5227 771 5284 ineffabilem
795 5227 1088 5297 potentiam
1113 5227 1205 5282 Dei
1230 5226 1593 5282 fortitudinem
1621 5244 1834 5298 semper
1857 5229 2022 5284 fuisse

447 5318 718 5374 laudatam
758 5326 814 5373 et
832 5319 1132 5375 adoratam.
1162 5317 1539 5389 Nunquidnam
1588 5327 1710 5389 post
1757 5320 2020 5375 conditio-

449 5427 571 5467 nem
597 5412 896 5477 hominum,
929 5427 1052 5467 cum
1077 5412 1303 5466 necdum
1324 5411 1552 5482 pictoria
1587 5427 1680 5466 ars
1718 5412 1773 5467 in
1822 5412 2021 5467 mundo

448 5499 770 5565 inolevisset,
804 5499 1064 5556 fortitudo
1094 5501 1306 5556 Domini
1352 5501 1572 5556 minime
1618 5500 1774 5557 fuita
1819 5505 2021 5558 sanctis

448 5592 748 5663 quibusdue
785 5594 1036 5649 adorata?
1065 5594 1305 5664 Denique
1324 5611 1499 5664 neque
1521 5594 1653 5652 Abel
1681 5594 1893 5665 justus,
1919 5601 2021 5652 'ne-

448 5700 553 5756 que
581 5685 784 5755 Enoch,
813 5700 988 5756 neque
1015 5685 1336 5751 Noe,‘neque
1356 5686 1496 5743 ullus
1521 5695 1828 5743 sanctorum
1851 5691 2015 5760 quiin

2125 4505 2350 4560 salutem
2381 4511 2694 4575 perpetuam
2721 4503 3062 4572 adipiscitur;
3094 4503 3197 4558 hoc
3222 4503 3534 4558 memoriale
3571 4517 3694 4573 pcr-

2120 4602 2360 4665 petuum,
2390 4610 2496 4664 quo
2538 4593 2812 4650 Christum
2838 4594 3075 4650 fidelium
3113 4602 3321 4650 mentes
3348 4595 3695 4651 interioribus

2120 4686 2294 4741 oculis
2323 4701 2536 4756 semper
2561 4685 2856 4749 intuentur,
2887 4685 2954 4740 ad
2982 4700 3210 4755 quarum
3250 4700 3433 4741 rerum
3479 4685 3692 4755 plenam

2121 4777 2479 4848 cognitionem
2503 4792 2608 4831 non
2657 4790 2753 4847 per
2779 4776 3046 4847 picturam
3089 4777 3322 4843 venitur,
3359 4778 3460 4847 sed
3509 4793 3606 4847 per
3633 4780 3695 4831 fi-

2122 4870 2263 4933 dem,
2301 4883 2448 4938 spem
2475 4876 2528 4922 et
2561 4867 2921 4923 dilectionem.
2940 4866 3076 4933 Quia
3098 4868 3263 4939 igitur
3291 4867 3432 4922 idem
3459 4866 3695 4923 Joannes

2123 4959 2406 5028 imperitia:
2442 4974 2553 5013 sua:
2587 4958 2771 5013 nubilo
2799 4959 3037 5024 obsitus,
3075 4968 3136 5014 ut
3167 4975 3310 5025 reor,
3342 4959 3486 5014 aliud
3527 4961 3692 5026 dixit,

2123 5051 2246 5105 dum
2277 5058 2454 5104 tamen
2482 5048 2626 5103 aliud
2655 5050 2834 5104 dicere
2876 5051 3054 5116 vellet,
3085 5052 3200 5106 haec
3233 5059 3420 5106 contra
3462 5065 3524 5106 ea
3573 5067 3693 5120 qua:

2122 5140 2276 5204 dixit,
2298 5140 2438 5194 dicta
2460 5137 2758 5195 sufficiant?
2777 5139 3042 5195 Ceterum
3069 5143 3134 5196 ad
3160 5155 3223 5196 ea
3247 5157 3368 5211 qua:
3394 5141 3574 5196 dicere
3599 5157 3693 5198 vo-

2122 5231 2220 5285 luit
2238 5229 2396 5300 hujus
2415 5231 2792 5302 disputationis
2811 5246 2908 5302 pes
2931 5233 3220 5288 vertendus
3243 5240 3356 5298 est,
3384 5239 3445 5287 ut
3469 5241 3523 5288 et
3563 5233 3694 5304 quid

2123 5321 2309 5377 nolens
2340 5321 2684 5387 asseveravit,
2706 5331 2762 5377 et
2785 5323 2915 5393 quid
2933 5323 3117 5378 volens
3139 5322 3318 5378 dicere
3340 5322 3562 5388 studuit,
3588 5324 3693 5381 hu-

2113 5415 2205 5485 jus
2226 5417 2348 5488 styli
2383 5431 2560 5488 pugno
2581 5417 2989 5474 rationabilibus
3027 5419 3195 5474 armis
3234 5420 3439 5476 munito
3479 5421 3694 5490 quatia-

2122 5515 2230 5574 tur,
2251 5517 2518 5578 quatenus
2543 5524 2642 5564 nos
2665 5517 2720 5564 et
2753 5510 2979 5565 dicenda
3017 5524 3137 5581 qua:
3175 5510 3483 5582 impropriis
3511 5513 3692 5568 verbis

2120 5599 2297 5654 obsita
2321 5606 2446 5654 sunt
2465 5600 2715 5664 sensisse,
2741 5608 2795 5654 et
2822 5599 2962 5656 dicta
2981 5615 3100 5670 qua:
3121 5601 3413 5674 intelligere
3436 5603 3489 5658 in
3509 5618 3693 5674 prom-

2119 5697 2214 5760 ptu
2264 5699 2409 5758 sunt,
2459 5691 2780 5760 disputando
2824 5692 3139 5749 contrivisse
3198 5679 3372 5751 lector‘
3412 5703 3688 5762 agnoscat.
