4030 6196
410 318 543 378 H87

1252 321 1312 375 Β.
1354 318 1601 375 CAROLI
1639 317 1853 374 MAGNI
1888 278 2038 373 DPP.
2084 315 2262 371 PARS
2304 314 2366 370 ιι.
2409 311 2648 370 ΞΕΕΤῘΟ
2689 314 2753 368 ll.

3533 313 3654 373 “SS

405 434 531 487 Cum
558 431 698 486 enim
726 431 840 486 ait:
877 431 981 486 Pcr
1007 433 1284 502 imaginem
1314 448 1430 502 qua:
1461 448 1553 501 per
1585 428 1781 484 colores
1804 447 1967 500 appa-
2000 432 2045 488 Α
2073 442 2226 481 suam
2270 426 2540 481 vesaniam
2579 425 2967 480 rationabiliter
3000 429 3443 481 subsannandam
3482 423 3655 479 formi-

404 532 496 584 ret,
515 521 768 575 adoretur
795 520 1045 591 fortitudo
1075 520 1306 582 Domini,
1335 529 1393 573 ut
1427 518 1759 589 conjicimus,
1792 520 1972 573 dicere

404 609 567 663 voluit
604 627 616 662 :
652 609 777 663 Visa
832 608 1064 679 imagine
1108 607 1348 662 colorum
1394 606 1531 662 fucis
1577 621 1732 675 comp
1750 605 1968 676 Iginata,

403 697 658 752 fortitudo
679 698 887 752 Domini
912 698 1172 751 aduratur
1202 714 1214 749 :
1247 695 1391 766 quod
1426 696 1641 767 quidem
1689 702 1743 750 et
1786 695 1836 748 in
1888 709 1971 748 se-

404 788 686 855 quentibus
714 803 847 855 perte
868 786 1140 855 patefecit,
1166 801 1286 839 cum
1315 785 1390 838 ait
1419 801 1433 840 :
1464 783 1533 837 Et
1560 784 1628 837 ad
1662 783 1966 837 memoriam

401 880 653 934 veniemus
679 878 741 931 de
769 879 881 946 ejus
911 879 963 930 in
1002 886 1141 929 terra
1171 876 1467 944 prtrsentia.
1495 874 1590 928 Cui
1615 872 1969 942 propositioni

402 970 501 1022 hoc
524 967 770 1022 facillime
797 981 1081 1037 possumus
1105 964 1516 1032 objicerc,quod
1542 979 1641 1018 nec
1666 962 1972 1031 Scriptura-

401 1078 515 1117 rum
545 1071 851 1118 sanctarum
882 1060 1125 1124 lectione,
1166 1076 1265 1115 nec
1302 1060 1522 1114 Patrum
1568 1060 1830 1130 exemplis
1886 1069 1971 1115 est

400 1155 720 1217 institutum,
766 1154 933 1207 Deum
984 1153 1036 1206 in
1077 1151 1397 1207 manufactis
1424 1152 1741 1221 quibusdam
1773 1150 1971 1204 debere

399 1261 656 1315 qumrere.
691 1242 757 1297 In
796 1243 950 1297 corde
990 1260 1122 1306 meo,
1156 1242 1327 1311 inquit
1352 1241 1539 1306 David,
1570 1256 1673 1294 non
1724 1238 1973 1309 imagini-

398 1336 515 1396 bus,
547 1333 793 1386 abscondi
822 1332 1025 1402 eloquia
1050 1342 1171 1394 tua;
1200 1332 1253 1383 in
1275 1340 1378 1383 toto
1401 1329 1553 1383 corde
1574 1346 1686 1383 meo
1717 1328 1973 1398 exquisivi

398 1434 443 1477 te
460 1424 616 1487 Deus,
643 1440 705 1476 ne
727 1420 943 1491 repellas
967 1438 1046 1473 me
1074 1438 1103 1472 a
1128 1419 1388 1473 mandatis
1412 1420 1514 1471 tuis
1536 1417 1707 1489 (Psal.
1747 1416 1969 1489 cxvnt);

397 1524 451 1569 ct
479 1515 688 1584 Moyses
715 1513 843 1567 dicit
884 1527 898 1564 :
947 1510 1133 1564 Ponite
1175 1510 1326 1564 verba
1368 1510 1579 1563 Domini
1629 1511 1687 1563 in
1731 1509 1973 1563 cordibus

398 1605 607 1669 vestris;
635 1614 689 1657 et
718 1603 971 1657 Dominus
993 1618 1090 1671 per
1114 1601 1429 1671 prophetam
1456 1618 1468 1653 :
1497 1598 1868 1655 Conrertimini
1903 1598 1973 1653 ad

399 1714 477 1751 me
502 1713 564 1749 ea:
586 1706 688 1750 toto
718 1695 871 1748 corde
910 1705 1070 1748 vestro
1102 1674 1260 1765 (15.21.
1296 1692 1390 1764 it);
1421 1701 1473 1747 et
1515 1708 1546 1747 e
1584 1692 1856 1747 contrario
1903 1692 1971 1747 de

2075 518 2223 585 dant,
2252 527 2307 571 et
2341 518 2468 573 dum
2497 533 2555 573 se
2583 533 2614 571 a
2644 517 2799 573 nobis
2822 518 3301 587 reprehendendos
3325 517 3650 584 existimant,

2075 617 2313 663 nostram
2366 607 2593 663 salutem
2650 607 2813 662 zelari
2857 622 2915 661 se
2962 605 3191 675 iactant.
3232 605 3347 661 Nos
3403 606 3579 675 itaque
3604 608 3653 660 in

2076 697 2176 752 hac
2217 705 2370 768 parte
2418 696 2728 751 scandalum
2761 695 2872 767 pati
2922 694 3240 760 formidant,
3304 703 3364 750 ct
3393 709 3454 750 se
3506 695 3653 751 bonis

2071 788 2325 857 operibus
2382 787 2583 843 instare
2608 795 2842 858 putant:
2875 787 2970 841 sed
3032 794 3184 840 tanto
3224 784 3391 839 nobis
3442 783 3669 853 hujusce

2073 878 2242 947 partis
2298 877 2609 932 scandalum
2656 876 2856 931 valebit
2904 876 3129 939 obesse,
3183 883 3396 944 quanto
3451 882 3507 928 et
3560 873 3655 928 illis

2072 969 2242 1039 ipsius
2305 968 2585 1024 insolentis
2614 967 2877 1041 obsequii
2914 965 3177 1022 exhibitio
3210 966 3499 1036 prodesse,
3539 965 3652 1035 quia

2072 1064 2324 1118 nimirum
2370 1064 2504 1118 ordo
2569 1063 2851 1133 exposcit,
2919 1070 2981 1115 ut
3045 1060 3203 1114 talem
3255 1059 3367 1115 illis
3426 1058 3652 1128 prmface

2074 1153 2334 1224 imagines
2373 1152 2502 1207 illati
2531 1153 2779 1222 obsequii
2825 1150 3236 1206 retributionem
3270 1150 3552 1219 impertire
3575 1163 3653 1203 co-

2072 1250 2289 1310 gantur,
2340 1241 2554 1312 qualem
2587 1241 2844 1311 impertiti
2879 1241 3101 1295 honoris
3131 1255 3379 1304 sensum,
3404 1255 3525 1294 cum
3552 1241 3651 1294 sint

2073 1341 2287 1412 penitus
2334 1342 2638 1407 insensatm,
2669 1339 2949 1411 percipere
2975 1347 3295 1394 nascuntur.
3330 1336 3438 1392 Sed
3465 1337 3648 1393 fortas-

2073 1434 2150 1487 sis
2198 1433 2337 1487 hanc
2393 1440 2634 1487 nostram
2687 1430 3035 1486 assertionem
3066 1428 3324 1485 frustrari
3387 1428 3648 1497 cupientes

2074 1522 2293 1576 dicent:
2321 1520 2430 1576 Cur
2456 1535 2550 1575 eos
2599 1520 2922 1590 imaginibus
2957 1534 3118 1574 sensu
3146 1517 3465 1573 carentibus
3498 1516 3645 1570 Iunii-

2073 1611 2227 1665 naria
2256 1610 2642 1666 concinnantes
2677 1616 2734 1664 et
2756 1608 3105 1679 thymiamata
3131 1607 3417 1661 adolentes
3446 1606 3649 1660 subsano

2076 1701 2236 1762 natis,
2266 1716 2388 1754 cum
2433 1707 2489 1754 et
2526 1714 2623 1754 nos
2646 1698 2700 1753 in
2753 1698 2993 1753 basilicis
3025 1711 3177 1766 asque
3226 1711 3396 1751 sensu
3436 1694 3647 1750 carenti-

404 1785 646 1854 reprobis
667 1785 742 1838 ait
766 1802 777 1836 :
802 1781 1035 1853 Populus
1051 1782 1133 1834 hic
1156 1780 1306 1834 labiis
1329 1797 1408 1833 me
1429 1780 1674 1845 honorat,
1693 1796 1782 1833 cor
1799 1788 1972 1833 autem
2007 1766 2051 1824 Ῐῖ
2078 1794 2177 1847 pus
2212 1800 2268 1846 οι
2324 1791 2610 1846 luminaria
2636 1790 3025 1846 concinuemus
3045 1798 3099 1843 ει
3149 1788 3506 1859 thymiama”
3527 1786 3646 1840 ad"-

396 1890 575 1927 eorum
594 1871 742 1942 longe
771 1883 844 1926 est
874 1890 905 1925 a
936 1888 1014 1924 me
1053 1870 1185 1942 (Isa.
1215 1870 1385 1942 xxxx).
1421 1869 1572 1925 Unde
1619 1870 1779 1923 datur
1822 1869 1975 1923 intel-

397 1964 508 2035 ligi,
532 1962 671 2034 quod
697 1980 800 2018 non
824 1962 876 2016 in
900 1964 1062 2016 rebus
1082 1960 1397 2024 visibilibus,
1415 1976 1518 2014 non
1547 1961 1598 2014 in
1631 1957 1972 2024 manufactis,

396 2056 488 2109 sed
520 2055 570 2109 in
595 2055 757 2111 corde
784 2054 927 2108 Deus
971 2060 1055 2106 est
1110 2052 1460 2122 quaerendus;
1518 2067 1618 2106 nec
1667 2051 1976 2105 carnalibus

396 2144 594 2209 oculis,
626 2144 721 2200 sed
770 2143 968 2197 mentis
1024 2142 1357 2196 solummodo
1402 2141 1557 2196 oculo
1612 2142 1971 2211 aspiciendus.

397 2239 529 2293 Nam
556 2253 675 2309 qua:
708 2235 928 2291 vesania
949 2242 1033 2291 est
1062 2234 1272 2289 dicere:
1303 2232 1408 2286 Per
1431 2234 1711 2304 imaginem
1732 2250 1849 2303 quia
1882 2250 1976 2302 per

396 2328 593 2383 colores
617 2336 851 2399 apparet,
880 2326 1135 2380 adoratur
1164 2324 1418 2394 fortitudo
1441 2324 1572 2394 ejus,
1599 2334 1647 2379 et
1667 2325 1735 2377 ad
1775 2341 1971 2378 memo-

398 2419 531 2471 riam
562 2418 820 2472 veniemus
849 2418 913 2471 de
939 2415 1054 2486 ejus
1079 2417 1134 2469 in
1156 2426 1294 2468 terra
1316 2416 1633 2487 prwsentia?
1657 2413 1841 2469 Infelix
1865 2428 1976 2468 me-

398 2508 589 2572 moria,
619 2523 738 2577 quzc
765 2514 823 2560 ut
860 2506 1060 2560 Christi
1096 2512 1461 2570 memoretur,‘
1485 2505 1578 2575 qui
1623 2520 1895 2574 nunquam
1942 2519 1973 2556 a

398 2595 762 2670 pectorejusti
794 2596 1026 2650 hominis
1054 2595 1308 2650 recedere
1338 2595 1513 2659 debet,
1544 2593 1874 2663 imaginariae
1902 2593 1976 2648 vi-

397 2688 564 2745 sionis
585 2697 669 2742 est
698 2687 943 2757 indigna;
995 2701 1094 2740 nec
1120 2686 1277 2740 aliter
1302 2693 1477 2760 potest
1524 2683 1722 2744 Christi
1775 2685 1975 2739 habere

398 2779 452 2834 in
482 2794 540 2833 se
566 2778 931 2850 praesentiam,
959 2776 1061 2838 nisi
1094 2777 1148 2837 iu
1177 2785 1404 2853 pariete,
1430 2792 1522 2836 aut
1553 2782 1605 2835 in
1648 2776 1824 2852 aliqua
1856 2792 1973 2830 ma-

400 2875 534 2930 teria
573 2883 690 2944 ejus
717 2876 914 2930 viderit
947 2875 1232 2944 imaginem
1281 2875 1509 2946 pictam,
1547 2873 1798 2944 quoniam
1852 2870 1975 2926 talis

402 2969 665 3023 memoria
688 2983 808 3039 qum
845 2965 1168 3037 imaginibus
1196 2963 1428 3030 fmetur,
1458 2980 1565 3019 non
1591 2963 1735 3017 venit
1759 2976 1825 3017 ex
1860 2977 1976 3017 cor-

401 3058 484 3113 dis
507 3073 711 3121 amore,
727 3057 820 3111 sed
843 3072 911 3111 ex
940 3056 1162 3110 visionis
1183 3055 1505 3109 necessitate
1534 3072 1548 3108 :
1580 3069 1704 3125 quia
1726 3052 1973 3108 videlicet

2000 3105 2047 3163 (ἶ

2073 1880 2320 1936 leamus?
2394 1880 2603 1947 Quil‘us
2662 1878 2836 1934 facilis
2895 1886 3073 1948 potest
3138 1876 3349 1932 oboriri
3402 1874 3640 1946 o'jectio,

2073 1972 2325 2042 quoniam
2378 1971 2524 2025 aliud
2572 1978 2655 2026 est
2695 1969 2809 2025 loca
2842 1969 3040 2024 divinis
3080 1968 3321 2023 cultibus
3361 1967 3643 2036 mancipata

2074 2060 2433 2115 luminaribus
2469 2059 2808 2129 perlustrari,
2857 2067 2913 2112 et
2950 2058 3004 2112 in
3038 2057 3245 2112 eisdem
3301 2056 3435 2112 locis
3459 2066 3511 2112 et
3533 2070 3642 2110 ora-

2075 2149 2279 2204 tionum
2331 2157 2387 2202 et
2443 2148 2854 2219 tltymiaznatum
2916 2147 3027 2201 Deo
3071 2148 3284 2201 fumum
3339 2144 3548 2209 offerri,
3592 2152 3639 2196 et

2073 2238 2218 2294 aliud
2272 2237 2492 2309 imagini
2537 2236 2724 2292 oculos
2768 2236 2983 2291 habenti
3023 2243 3079 2290 et
3131 2235 3272 2289 nihil
3314 2234 3544 2290 cernenti
3570 2231 3639 2285 lu-

2074 2347 2197 2387 men
2254 2328 2469 2394 oll‘erre,
2514 2338 2569 2384 ct
2633 2344 2792 2383 nares
2838 2328 3060 2383 habenti
3109 2334 3167 2381 et
3216 2327 3352 2382 nihil
3414 2323 3637 2381 odoranti

2073 2422 2427 2493 thymiamata
2451 2421 2698 2487 adolere;
2747 2420 2893 2474 aliud
2948 2427 3030 2474 est
3077 2419 3196 2474 loca
3255 2418 3436 2473 divino
3483 2415 3633 2471 cultui

2073 2512 2376 2582 mancipata
2424 2511 2693 2575 venerari,
2734 2512 2881 2566 aliud
2927 2510 3158 2580 picturis
3197 2510 3522 2580 quibuslibet
3557 2522 3633 2560 co-

2072 2602 2277 2657 loribus
2318 2604 2549 2672 comptis
2573 2601 2861 2656 luminaria
2913 2613 2968 2656 et
3016 2601 3375 2672 thytniamata
3430 2595 3629 2659 olli-rm;

2074 2694 2223 2749 aliud
2252 2695 2473 2749 domum
2515 2692 2817 2763 maiestatis
2850 2692 3060 2748 Domini
3090 2708 3121 2747 a
3148 2692 3399 2748 ﬁdelibus
3442 2689 3633 2760 quibus-

2072 2800 2179 2856 que
2232 2783 2552 2841 aediﬁcatam
2586 2791 2641 2837 et
2683 2797 2714 2837 a
2758 2781 3014 2853 pontifice
3068 2782 3376 2837 dedicatam
3406 2775 3633 2834 solemni-

2076 2889 2158 2936 ter
2203 2876 2487 2943 venerari,
2550 2883 2712 2947 atque
2771 2855 2917 2938 aliud
2959 2882 3015 2930 et
3063 2874 3223 2946 longe
3270 2875 3413 2929 aliud
3461 2870 3629 2941 imagi-

2074 2987 2173 3027 nes
2220 2987 2251 3026 a
2304 2970 2607 3041 pictorilus
2632 2968 2934 3040 quibusque
2956 2970 3290 3038 compositas
3326 2966 3511 3022 oblatis
3531 2978 3627 3017 mu-

2077 3061 2300 3117 neribus
2329 3059 2774 3115 irrationabiliter
2815 3057 3069 3114 osculari.
3106 3057 3310 3112 Domus
3353 3056 3488 3110 enim
3508 3069 3624 3115 mea,

402 3160 508 3202 non
543 3148 680 3202 hanc
706 3146 949 3200 internus
972 3160 1125 3199 amor
1156 3143 1224 3198 ad
1262 3144 1667 3198 memorandum
1697 3142 1974 3197 Christum
2001 3142 2047 3163 “
2077 3152 2155 3206 ai;
2212 3151 2489 3215 Dominus,
2521 3150 2706 3204 domu;
2752 3150 3005 3204 οταιίοηξε
3040 3151 3311 3203 vocabitur
3344 3146 3471 3219 (Ιεα,
3499 3142 3623 3214 un);

407 3238 657 3303 incendit,
683 3238 775 3293 sed
803 3237 1115 3300 necessitas,
1131 3252 1232 3306 qua
1257 3235 1418 3290 etiam
1449 3250 1536 3290 res
1560 3249 1753 3289 exesas
1772 3249 1894 3288 mox
1920 3240 1978 3286 ut

400 3330 647 3385 videmus
670 3329 871 3400 pictas,
899 3337 1170 3397 utcunque
1217 3325 1286 3380 ad
1328 3333 1561 3380 mentem
1599 3323 1807 3378 visione
1846 3322 1979 3377 duce

405 3419 730 3475 reJm-imus.
765 3420 839 3474 De
867 3418 1062 3473 talibus
1083 3433 1210 3488 ergo
1243 3416 1336 3487 qui
1364 3423 1512 3471 tanta
1546 3414 1866 3470 necessitate
1894 3429 1980 3468 ar-

403 3520 637 3573 ctautur,
683 3521 741 3565 ut
800 3511 903 3565 nisi
940 3510 1180 3580 picturas
1226 3508 1477 3573 viderint,
1513 3505 1715 3563 Christi
1769 3491 1982 3561 diﬂicile

410 3609 797 3667 memorentur,
825 3601 1119 3656 timendum
1148 3607 1252 3666 ρει,
1278 3600 1381 3655 nisi
1417 3582 1556 3654 forte
1599 3604 1692 3651 aut
1735 3612 1979 3652 commu-

406 3706 527 3745 nem
556 3691 694 3745 hanc
719 3690 888 3745 lucem
912 3690 1143 3760 quadam
1178 3688 1424 3759 corporis
1466 3687 1712 3743 molestia
1755 3697 1982 3757 urgente

406 3783 647 3836 viventes
688 3781 989 3847 amiserint,
1023 3788 1115 3835 aut
1147 3780 1375 3851 picturis
1399 3779 1632 3848 quodam
1676 3793 1826 3842 casu,
1858 3792 1979 3848 qua:

402 3880 581 3926 tamen
605 3888 708 3926 non
734 3886 947 3940 semper
973 3869 1160 3926 haberi
1181 3877 1423 3940 possunt,
1450 3869 1746 3933 caruerint,
1776 3866 1977 3922 Christi

403 3968 625 4029 prorsus
652 3960 745 4030 qui
773 3974 986 4030 semper
1020 3968 1145 4014 ante
1172 3958 1358 4014 oculos
1396 3959 1675 4014 habendus
1716 3966 1819 4026 est,
1843 3957 1981 4013 obli-

408 4052 702 4106 viscantur.

1051 4119 1278 4177 CAPUT
1320 4118 1406 4174 111.

404 4210 480 4265 De
525 4226 584 4264 eo
608 4210 746 4282 quod
774 4209 955 4264 dicunt
978 4226 1128 4282 :Anon
1157 4207 1627 4282 scandalizandum

470 4296 537 4335 eo
586 4280 729 4350 quod
808 4290 936 4335 ante
1008 4280 1271 4350 imagines
1320 4286 1633 4334 sanctorum

471 4353 623 4416 tiant,
660 4359 718 4405 et
753 4352 937 4406 odoris
962 4351 1334 4421 thymiamata.

1704 4206 1973 4289 uemdam,

1712 4291 1977 4331 ummarta

2078 3238 2205 3293 item
2237 3238 2366 3293 aliti
2392 3256 2404 3292 :
2450 3237 2674 3292 Munera
2696 3247 2907 3308 accepta
2935 3247 3086 3292 erunt
3110 3253 3270 3308 super
3289 3236 3451 3291 altare
3476 3246 3623 3287 meum

2077 3341 2126 3386 et
2151 3331 2338 3385 domus
2362 3331 2614 3384 orationis
2637 3344 2768 3383 mete
2800 3329 3148 3383 honorabitur
3199 3327 3334 3399 (Isa.
3374 3324 3478 3396 ιι).
3508 3319 3626 3376 Mul-

2080 3423 2150 3480 tis
2188 3439 2419 3493 namque
2482 3421 2776 3478 honoribus
2810 3420 2957 3476 locus
3008 3420 3098 3475 ille
3139 3418 3499 3476 sublimandus
3535 3420 3621 3473 est.

2077 3515 2168 3569 ubi
2224 3528 2255 3569 a
2314 3513 2562 3570 ﬁdelibus
2598 3512 2811 3584 populis
2845 3511 3083 3583 undique
3123 3511 3456 3573 convenitur,
3482 3514 3623 3562 etco-

2078 3619 2200 3659 rum
2245 3603 2661 3675 supplicationes
2722 3601 2833 3656 Deo
2898 3601 3193 3658 miserante
3265 3596 3620 3656 exaudiuntur.

2077 3705 2133 3749 et
2158 3704 2354 3750 nostra:
2379 3694 2567 3750 salutis
2590 3693 2849 3765 mysteria
2874 3693 3238 3759 celebrantur,
3278 3702 3333 3748 et
3354 3692 3456 3746 Deo
3476 3682 3622 3742 sacri.

2081 3789 2259 3844 licium
2283 3787 2457 3843 laudis
2493 3786 2752 3852 oll'ertur;
2786 3787 2876 3841 ubi
2900 3787 2968 3842 ad
2996 3785 3315 3858 perferenda
3358 3784 3460 3838 Deo
3482 3773 3620 3833 sacri-

2078 3880 2198 3934 ﬁcia
2246 3895 2278 3934 a
2332 3878 2577 3935 ﬁdelibus
2631 3879 2846 3949 populis
2889 3893 2990 3951 per
3057 3895 3257 3935 manus
3315 3871 3620 3933 sacerdotum

2077 3968 2246 4029 illata.
2307 3968 2582 4038 angelicas
2629 3966 2690 4022 tit
2737 3982 3075 4034 concursus;
3116 3968 3214 4023 ubi
3259 3965 3443 4022 crebro
3461 3952 3617 4015 suavi-

2076 4075 2241 4115 sonus
2287 4060 2628 4128 psallentium
2675 4059 2863 4114 reboat
2934 4066 3253 4124 concentus,
3320 4053 3405 4111 ubi
3448 4047 3615 4105 divinat

2076 4151 2323 4206 lectionis
2365 4152 2575 4206 arentia
2605 4150 2769 4205 corda
2801 4149 3089 4221 irrigantes
3114 4153 3403 4220 personant
3426 4142 3614 4197 ﬂuctus.

2076 4242 2317 4312 Denique
2346 4244 2395 4295 in
2448 4256 2635 4301 eorum
2689 4240 2959 4311 plerisque
3006 4240 3159 4304 locis,
3216 4238 3306 4310 qui
3348 4250 3405 4290 se
3449 4224 3614 4296 imagi-

2076 4335 2235 4391 nibus
2296 4334 2581 4388 luminaria
2633 4342 2689 4388 et
2725 4334 3079 4405 thymiamata
3100 4332 3297 4389 oﬂ‘erre
3334 4324 3612 4398 gloriantur.

470 4406 712 4510 Denique
756 4455 879 4495 cum
934 4406 1125 4496 eadem
1171 4438 1430 4510 synodus,
1483 4435 1643 4507 cujus
1682 4436 1974 4492 lectionem
2007 4446 2058 4506 ι)
2080 4442 2112 4481 ³
2150 4426 2349 4496 (litibus
2398 4439 2496 4479 “05
2532 4424 2625 4493 (ιιιί
2675 4424 2732 4479 Μ
2760 4422 2940 4479 facere
2965 4420 3375 4483 οοῐηθωυῖωυθν

401 4528 772 4585 inculcandam
810 4530 1158 4599 arripuimus,
1191 4529 1346 4599 plura
1370 4529 1596 4584 suadeat
1618 4528 1817 4599 quibus
1852 4528 1976 4583 nul-

402 4622 486 4678 lus
531 4635 676 4677 same
722 4621 921 4677 mentis
949 4635 1231 4677 assensum
1256 4622 1499 4693 prmbere
1545 4620 1783 4686 audebit,
1824 4621 1981 4690 plura

403 4712 716 4769 dissuadere
780 4711 985 4767 nitatur
1031 4726 1064 4765 a
1108 4712 1317 4782 quibus
1353 4711 1533 4767 nullus
1606 4711 1727 4767 sani
1782 4711 1980 4782 capitis

401 4820 647 4875 gressum
673 4802 853 4875 operis
897 4812 1213 4873 retorquere
1243 4803 1489 4868 tentabit,
1515 4803 1669 4872 plura
1709 4803 1983 4872 vituperet

402 4912 524 4967 qua:
577 4912 800 4968 prorsus
841 4906 966 4952 sunt
1013 4896 1299 4961 laudanda,
1348 4904 1454 4953 ete
1494 4895 1769 4951 contrario
1822 4895 1979 4966 plura

405 4988 582 5045 laudet
604 5003 724 5059 qua:
749 4988 964 5059 penitus
997 4996 1123 5043 sunt
1147 4987 1517 5059 vituperanda,
1544 4987 1797 5042 admonet
1814 4986 1980 5042 etiam

404 5095 472 5135 ne
521 5080 644 5150 quis
693 5079 1088 5135 scandalizatur
1134 5093 1201 5134 eo
1226 5080 1377 5150 quod
1399 5089 1526 5134 ante
1575 5078 1843 5150 imagines
1891 5078 1978 5133 lu-

405 5172 634 5228 minaria
688 5173 1083 5229 concinnantur
1130 5180 1186 5227 et
1235 5172 1587 5242 tbymiamata
1641 5170 1976 5235 adoleantur,

405 5262 559 5329 quasi
601 5277 708 5318 non
757 5263 832 5318 illi
898 5261 1247 5319 scandalizati
1290 5261 1420 5324 sint,
1469 5261 1562 5331 qui
1638 5262 1802 5317 rebus
1855 5261 1979 5323 luce

405 5353 712 5408 carentibus
732 5353 1016 5408 luminaria
1062 5352 1373 5416 incendunt,
1403 5358 1460 5405 et
1483 5351 1649 5407 odore
1669 5352 1980 5409 carentibus

406 5441 672 5509 odorifera
697 5444 1048 5515 thymiamata
1099 5442 1351 5499 offerunt.
1398 5441 1475 5497 [lli
1500 5442 1701 5498 etenim
1740 5443 1975 5499 scanda-

409 5536 657 5604 lizantur,
714 5538 807 5608 qui
855 5553 919 5593 ea
958 5555 1078 5608 qua:
1120 5539 1229 5594 Deo
1293 5538 1455 5608 digne
1495 5533 1769 5591 olferenda
1827 5544 1972 5604 sunt,

407 5626 565 5681 rebus
611 5641 771 5682 sensu
823 5629 1133 5683 carentibus
1157 5626 1407 5692 offerunt,
1454 5633 1511 5681 et
1529 5624 1726 5681 offerre
1756 5625 1977 5680 hortan-

410 5723 532 5784 tur;
586 5724 641 5774 et
692 5731 792 5771 nos
850 5717 1290 5801 scandalizandos
1337 5725 1635 5784 autumant,
1689 5732 1720 5771 a
1776 5717 1973 5785 quibus

2087 4515 2197 4570 lum
2225 4514 2335 4584 pati
2378 4521 2648 4583 putamur,
2687 4514 2759 4571 ita
2790 4512 2907 4569 loca
2945 4513 3127 4569 divino
3150 4510 3317 4570 cultui
3347 4500 3611 4569 ωείρειω

2082 4583 2425 4673 despicabilia
2453 4611 2597 4665 sunt,
2646 4610 2706 4657 ut
2755 4602 2897 4658 sicut
2924 4601 3119 4673 legatis
3150 4598 3347 4657 nostris
3387 4594 3494 4681 sive
3523 4583 3608 4681 illif

2080 4695 2173 4765 qui
2211 4703 2450 4764 tempore
2497 4693 2803 4749 reverendze
2836 4672 3110 4749 memoria;
3170 4678 3499 4748 illustrissimi
3525 4672 3609 4773 viti

2082 4786 2251 4857 patris
2312 4785 2437 4850 mei,
2490 4784 2608 4843 sive.
2637 4785 2718 4840 eis
2771 4786 2863 4853 qui
2919 4801 2949 4839 a
2978 4784 3136 4840 nobis
3185 4782 3299 4837 illas
3322 4782 3439 4834 sunt
3469 4769 3604 4824 desti-

2083 4877 2192 4932 nati
2242 4877 2295 4932 in
2330 4886 2533 4946 partes,
2584 4875 2942 4932 referentibus
2967 4876 3340 4946 comperimus.
3375 4864 3607 4937 Ριθΐίικίυθ

2081 4969 2317 5026 ὺθείιίαε
2374 4968 2428 5021 in
2492 4982 2680 5022 eorum
2722 4966 2881 5022 terris
2932 4983 3040 5022 non
3082 4968 3254 5030 solum
3294 4948 3604 5044 luminaribss

2081 5071 2137 5117 et
2190 5060 2648 5132 thymiamatibus,
2678 5059 2774 5116 sed
2816 5060 2980 5115 etiam
3004 5060 3138 5129 ipsis
3166 5060 3344 5114 carent
3391 5039 3597 5114 tegmini-

2080 5155 2197 5214 bus.
2258 5153 2453 5225 quippe
2484 5168 2610 5208 cum
2678 5151 2731 5206 in
2768 5166 2936 5223 regno
2962 5168 2994 5206 a
3048 5153 3157 5207 Deo
3186 5145 3332 5205 nobis
3375 5138 3597 5225 concesso

2078 5243 2316 5299 basilicae
2360 5223 2475 5311 ipso
2502 5240 2800 5311 opitulante
2828 5241 2922 5311 qui
2958 5255 3051 5295 eas
3098 5242 3401 5295 conservare
3441 5223 3593 5289 ἀίξειεν

2080 5341 2188 5398 tur,
2248 5331 2534 5387 afﬂuenter
2580 5346 2714 5386 auro
2758 5339 3108 5402 argentoque,
3163 5321 3377 5400 gemmis
3403 5329 3461 5369 ac
3480 5319 3591 5402 tua"

2076 5428 2283 5498 garitis,
2308 5425 2518 5482 ueteris
2540 5400 2937 5480 venustissimis
2955 5400 3250 5479 redundent
3275 5400 3591 5498 appataﬁbflsi

2074 5495 2131 5573 et
2174 5518 2266 5587 qui
2298 5516 2620 5587 imaginibus
2643 5514 2932 5570 luminaria
2986 5511 3301 5570 concinnare
3321 5495 3589 5563 etthllm'“'

2073 5616 2217 5662 mata
2265 5605 2480 5661 adolere
2511 5606 2838 5674 respuimus,
2872 5604 2985 5660 loca
3018 5601 3208 5658 divinis
3226 5591 3435 5653 eultilus
3467 5588 3595 5634 ωηο·

2080 5696 2254 5768 cipata
2299 5698 2461 5751 rebus
2494 5694 2900 5766 pretiosissimis
2939 5700 3271 5750 exet-namus.
