4028 6180
365 297 513 355 1139‘
1106 386 1115 389 _

1001 400 1228 460 CAPUT
1269 405 1353 460 Ν.

360 498 437 555 De
479 513 540 551 ea
568 495 706 566 quod
740 495 960 567 dicunt;
993 492 1245 567 Ejusdem
1269 496 1514 551 criminis
1543 505 1646 561 est,
1680 498 1773 567 qui
1797 498 1936 552 inta-

428 562 827 638 giues‘speruit,
873 562 1026 638 cujus
1060 571 1115 618 et
1151 563 1646 638 Nabuchodonosor
1684 562 1775 638 qui
1804 576 1929 622 θεῖε

432 631 648 707 regum—
673 632 809 707 Ju‘da
834 631 1055 707 protulit
1097 647 1133 707 e_
1157 633 1436 707 sepulcris,
1462 643 1529 707 et
1548 631 1755 707 Judaici
1790 638 1935 707 regis

428 702 828 776 oculosoccisis
866 702 991 756 ﬁliis
1017 703 1180 769 eruit,
1221 711 1275 758 et
1314 704 1592 759 cherubim
1619 706 1685 761 de
1734 702 1935 776 templo

430 774 673 828 abstulit.

427 893 693 963 imagines
733 909 982 963 namque,
1034 902 1093 949 ut
1141 895 1334 950 crebro
1361 892 1471 964 jam
1503 894 1756 961 diximus,
1784 911 1933 967 sper-

360 985 535 1039 nendo
556 983 821 1055 frangere,
858 986 1215 1040 luminaribus
1247 995 1299 1040 et
1330 986 1769 1056 tbymiamatibus
1796 988 1927 1043 olfe-

362 1076 528 1129 rendo
574 1075 819 1140 adorare,
894 1077 1042 1130 nulla
1094 1076 1305 1144 penitus
1351 1077 1657 1133 autlicntica
1704 1077 1931 1134 lectione

360 1154 627 1230 censetur,
671 1179 845 1234 neque
886 1166 1045 1219 ullius
1094 1167 1262 1220 sancti
1315 1167 1556 1236 exemplo
1585 1167 1700 1222 ﬁeri
1733 1169 1929 1224 debere

361 1262 707 1318 monstratur,
765 1270 885 1309 cum
933 1257 1228 1324 praesertim
1289 1256 1538 1326 frangere
1566 1273 1659 1313 eas
1683 1258 1794 1313 sive
1828 1260 1926 1313 ad-

358 1358 517 1399 orare
547 1361 575 1397 a
602 1346 917 1414 quibusdam
974 1347 1172 1402 sanctis
1213 1348 1368 1416 patrii
1390 1365 1451 1403 us
1481 1349 1549 1403 sit
1578 1351 1924 1421 prohibitum,

358 1441 416 1488 et
464 1448 568 1487 non
615 1434 904 1500 immerito,
962 1436 1087 1504 quia
1133 1452 1159 1489 a
1207 1438 1412 1492 cautela
1456 1448 1540 1493 est
1580 1443 1801 1495 omnino
1850 1457 1929 1497 re-

359 1529 581 1588 motum,
630 1523 774 1591 quod
826 1532 1110 1593 utrumque
1149 1526 1221 1580 illi
1273 1537 1582 1597 perpetrant
1618 1533 1710 1600 qui
1773 1547 1929 1603 syno-

360 1612 457 1667 dos
500 1612 720 1678 i'aciunt,
772 1622 865 1669 aut
906 1616 973 1669 ob
997 1631 1183 1670 earum
1212 1633 1317 1671 non
1371 1622 1729 1676 necessariam
1753 1624 1924 1678 aboli-

359 1694 577 1767 tionem,
630 1711 723 1757 aut
768 1705 930 1758 etiam
964 1706 1033 1761 ob
1081 1721 1267 1761 earum
1295 1708 1706 1779 in0pportunam
1734 1714 1925 1768 adora-

359 1792 578 1847 tionem.
647 1793 839 1849 Dicunt
887 1810 1018 1865 ergo
1090 1797 1181 1866 qui
1233 1810 1325 1853 eas
1375 1809 1637 1869 spernunt
1687 1801 1926 1871 ejusdem

359 1882 600 1938 criminis
645 1898 783 1948 esse,
838 1885 993 1954 cujus
1047 1886 1539 1948 Nabuchodonosor
1574 1895 1665 1963 qui
1693 1898 1929 1964 peccatis

356 1971 663 2028 lsraeliticm
690 1975 867 2045 gentis
896 1976 1348 2033 invalesccntibus
1395 1983 1655 2037 tremendi
1712 1984 1926 2039 arbitrii

357 2062 438 2117 ira
485 2074 707 2133 urgente
740 2063 937 2120 Iudam
983 2081 1207 2136 regnum
1254 2068 1535 2136 destruxit,
1581 2079 1768 2128 muros
1805 2090 1927 2130 san-

356 2161 459 2208 ctae
500 2155 766 2222 quondam
840 2156 1074 2212 civitatis
1128 2161 1360 2224 evertit,
1412 2169 1468 2216 et
1546 2163 1721 2218 diruta
1762 2167 1927 2222 totius

356 2243 540 2312 templi
581 2252 878 2311 venustate,
929 2247 1208 2302 cherubim
1255 2263 1471 2322 quoque
1527 2252 1737 2322 dejecit.
1767 2256 1924 2323 Quod

362 2331 580 2401 quidem
622 2333 666 2387 si
719 2334 790 2388 ita
850 2343 1009 2399 esset,
1060 2351 1165 2391 non
1205 2337 1259 2392 in
1286 2354 1384 2394 nos
1423 2341 1525 2396 hoc
1581 2344 1784 2399 crimen
1807 2360 1926 2414 pos-

355 2427 443 2475 set
486 2420 698 2486 cadere,
745 2422 837 2492 qui
864 2437 956 2478 eas
999 2423 1054 2478 in
1084 2428 1418 2482 ornamentis
1443 2429 1693 2487 Ecclesiae
1725 2433 1925 2491 habere

356 2514 749 2582 permittentes,
812 2516 987 2572 modis
1026 2519 1276 2574 omnibus
1329 2522 1630 2591 spernimus
1673 2525 1919 2592 adorare,

357 2604 452 2659 sed
492 2604 547 2658 in
583 2620 769 2660 eorum
814 2607 1226 2675 prodecessores
1272 2611 1350 2665 vel
1376 2622 1624 2680 parentes
1685 2617 1775 2684 qui
1830 2632 1924 2673 cas

353 2695 689 2749 ornamentis
729 2695 1069 2751 basilicarum
1106 2699 1174 2753 ab
1215 2700 1451 2769 antiquis
1496 2703 1765 2759 adhibitus
1818 2705 1923 2761 fre-

352 2794 477 2854 gere
501 2793 557 2841 ct
616 2786 829 2855 penitus
879 2787 1166 2843 abolendas
1228 2805 1477 2846 sanxere.
1529 2791 1661 2847 Tam
1725 2809 1923 2867 anceps

353 2874 530 2944 itaque
568 2876 787 2943 hujusce
822 2877 990 2946 partis
1036 2877 1088 2930 in
1117 2892 1210 2932 eos
1233 2880 1497 2934 sententia
1544 2882 1776 2950 pendere
1801 2898 1924 2937 cer-

352 2966 517 3031 nitur,
547 2976 603 3020 ut
629 2967 883 3037 quidquid
913 2982 981 3021 cx
1008 2983 1071 3021 ea
1107 2968 1382 3024 molestius
1428 2971 1921 3042 exseerabiliusque

349 3057 669 3126 protulerint
720 3067 818 3113 aut
874 3075 932 3114 se
955 3070 1047 3115 aut
1094 3060 1502 3130 prodecessores
1527 3078 1653 3118 suos
1690 3063 1917 3118 inevita-
1943 3081 1991 3143 α

347 3148 529 3202 biliter
552 3147 808 3204 damnare
848 3149 1148 3203 videantur.
1197 3149 1329 3205 Cum
1381 3150 1547 3222 igitur
1574 3151 1651 3206 illi
1684 3152 1915 3221 majores

347 3252 475 3293 suos
500 3239 568 3292 ob
610 3253 793 3293 earum
819 3238 1162 3294 abolitionem
1202 3250 1478 3311 spernant,
1527 3258 1692 3314 seque
1715 3244 1783 3299 ob
1812 3260 1911 3300 ea-

348 3342 470 3381 rum
512 3328 875 3382 adorationem
923 3342 1172 3400 magnam
1236 3334 1552 3389 meritorum
1599 3339 1914 3406 praerogati-

344 3431 467 3471 vam
517 3417 714 3473 habere
739 3416 963 3486 jactent,
996 3436 1097 3476 nec
1118 3422 1204 3477 isti
1227 3428 1493 3494 corequari
1516 3434 1720 3495 queunt
1744 3428 1912 3483 ωάίίί-

344 3508 618 3563 catoribus
668 3508 811 3564 illius
875 3512 1165 3567 venerandi
1218 3514 1401 3584 templi
1478 3514 1531 3568 in
1573 3515 1749 3581 laude,
1810 3531 1912 3573 nec

342 3595 554 3652 illorum
590 3596 821 3668 majores
862 3600 1099 3670 ejusdem
1129 3605 1470 3659 eversoribus
1515 3619 1580 3659 co
1623 3608 1912 3674 aequabun-

343 3693 431 3740 tur
466 3687 520 3741 in
566 3688 808 3753 crimine,
839 3690 1092 3758 quoniam
1124 3700 1322 3760 quanta
1362 3702 1445 3747 est
1487 3693 1739 3748 distantia
1770 3695 1910 3750 inter

341 3775 592 3843 templum
636 3776 831 3829 summi
879 3777 974 3831 Dei
1002 3777 1143 3847 quod
1179 3776 1499 3835 aediﬁcatum
1527 3789 1613 3837 est
1667 3791 1908 3855 tempore

334 3865 718 3934 prophetarum
763 3881 793 3920 a
820 3866 952 3920 viris
993 3865 1310 3934 illustribus,
1341 3878 1395 3925 et
1420 3871 1678 3940 quasdam
1719 3873 1908 3944 imagi-

335 3969 454 4019 nes,
479 3969 598 4024 quae
625 3971 655 4009 a
680 3956 1004 4025 quibuslibet
1026 3957 1159 4012 ﬁunt
1183 3961 1498 4025 artificibus,
1527 3972 1675 4018 tanta
1719 3966 1905 4035 procul

334 4042 498 4099 dubio
550 4043 804 4100 distantia
837 4054 920 4101 est
958 4048 1098 4102 inter
1126 4047 1363 4117 ejusdem
1406 4055 1589 4124 templi
1628 4070 1905 4114 eversores

331 4139 389 4188 et
432 4133 724 4204 imaginum
778 4144 1193 4206 contemptores.
1227 4139 1334 4197 Sed
1378 4143 1504 4198 dum
1551 4161 1649 4200 nos
1688 4154 1742 4202 et
1772 4147 1903 4205 istos

328 4237 456 4278 vera
489 4222 700 4278 ratiune
723 4264 738 4288 ,
771 4225 862 4294 qui
888 4240 981 4281 eas
1008 4228 1366 4299 inopportune
1392 4233 1691 4293 adorandus
1718 4239 1903 4295 decer-

326 4322 482 4381 nunt,
511 4324 567 4370 et
606 4314 821 4371 illorum
867 4318 1101 4388 majores
1147 4323 1238 4392 qui
1271 4338 1364 4379 eas
1414 4325 1627 4383 incaute
1677 4345 1899 4398 prorsus

1137 295 1314 351 LIBRI
1351 294 1696 352 CAROIJNI.
1729 328 1798 338 -—
1835 296 2054 352 CAPIT.
2096 297 2183 351 DE
2218 297 2406 355 WAG.
2448 330 2515 341 -—
2553 300 2683 357 ιῑτι.
2725 303 2810 359 IV.

3464 306 3601 365 “90

1956 415 2000 469 Α
2030 418 2153 477 sunt.
2179 426 2354 466 omnes
2380 413 2468 481 qui
2495 422 2544 467 te
2568 414 2786 469 oderunt
2821 414 3030 487 (Ibid.).
3075 416 3184 474 Nec
3233 419 3285 474 in
3332 419 3557 490 picturis
3584 461 3602 488 ,

2037 501 2130 555 sed
2161 500 2215 554 in
2245 502 2385 558 atrio
2412 503 2620 559 Domini
2645 505 2796 575 signa
2848 522 2964 571 sua,
3012 508 3201 562 vexilla
3230 511 3476 566 videlicet
3510 513 3605 568 Ιιο-

2038 590 2179 645 stilia
2202 589 2476 649 Chaldaici
2500 594 2615 651 sive
2648 594 2874 651 Rounani
2907 599 3177 655 exercitus
3200 589 3395 670 posita.
3423 603 3607 674 deplo-

2037 692 2119 735 rat
2146 683 2329 739 dic‘ns
2356 699 2371 738 :
2404 684 2471 740 In
2509 688 2680 741 medio
2710 689 2847 742 atrio
2875 699 2965 743 tuo
3003 703 3285 761 posuerunt
3313 695 3466 766 signa
3486 713 3603 762 suo,

2036 781 2083 826 et
2108 774 2259 843 signa
2291 790 2393 830 non
2427 788 2773 847 cognoverunt
2801 789 3050 851 tanquam
3088 784 3144 837 in
3171 785 3251 839 ria
3275 802 3434 856 supra
3463 805 3607 842 sum-

2035 880 2174 918 mum
2205 866 2414 939 (lbid.).
2448 868 2557 923 Nec
2584 870 2849 939 pictorum
2872 871 3085 940 januas,
3110 877 3223 932 sive
3251 880 3605 947 quorumdam

2035 954 2299 1009 artiﬁcum
2350 957 2431 1011 vel
2480 959 2643 1013 etiam
2691 961 3308 1039 pictarum_tal;ularum
3352 971 3604 1025 materias

2035 1043 2312 1099 securibus
2348 1054 2402 1099 et
2435 1048 2599 1102 asciis
2648 1047 2881 1116 deiectas
2927 1051 3089 1109 fuisse
3112 1094 3126 1117 ,
3165 1058 3257 1111 sed
3285 1059 3465 1127 templi
3498 1060 3604 1113 Do-

2035 1134 2201 1199 mini,
2250 1136 2301 1189 in
2331 1152 2438 1205 quo
2464 1148 2620 1193 erant
2646 1150 2830 1197 sancta
2855 1154 3184 1209 sanctorum,
3216 1151 3604 1206 saeratissimas

2027 1221 2224 1290 januas
2249 1226 2532 1283 hostilibus
2573 1231 2757 1285 cuneis
2785 1232 2980 1288 incisas
3007 1234 3166 1291 deﬁet
3206 1237 3388 1292 dicens
3419 1256 3431 1291 τ
3461 1239 3606 1295 Tan-

2032 1328 2187 1381 quam
2232 1316 2287 1368 in
2335 1316 2463 1371 silva
2513 1318 2773 1389 lignorum
2796 1324 3060 1378 securibus
3083 1326 3384 1382 exciderunt
3403 1330 3602 1399 jamtas

2030 1402 2165 1471 ejus,
2194 1403 2409 1473 bipenne
2432 1415 2481 1460 et
2509 1409 2653 1461 ascia
2675 1409 2971 1479 dejecerunt
2993 1430 3056 1467 ea
3081 1414 3290 1486 (Ibid.).
3319 1416 3430 1473 Nec
3458 1434 3604 1473 com-

2030 1492 2334 1549 bustionem
2368 1497 2483 1550 sive
2528 1498 2991 1567 inquinamentum
3020 1506 3373 1571 quarumdam
3417 1508 3603 1578 imagi«

2031 1597 2179 1648 num,
2217 1586 2311 1640 sed
2339 1588 2628 1642 sanctuarii
2662 1589 2872 1646 Domini
2902 1592 3065 1648 animi
3109 1608 3307 1664 angore
3330 1600 3603 1667 prosequi-

2032 1681 2158 1728 tur:
2188 1668 2558 1743 Incenderunt,
2596 1679 2861 1749 inquiens,
2914 1682 3025 1753 igni
3052 1688 3412 1740 sanctuarium
3455 1696 3599 1741 tuum

1960 1746 2005 1805 Β
2032 1765 2087 1818 in
2106 1773 2266 1830 terra,
2286 1765 2582 1836 polluerunt
2612 1746 3003 1825 tabernaculum
3030 1776 3252 1830 nominis
3287 1778 3362 1830 tui
3389 1777 3599 1849 (ΜΛ).

2024 1857 2137 1913 Nec
2181 1874 2302 1913 cum
2334 1859 2419 1914 his
2450 1861 2647 1915 similia
2694 1863 2748 1916 in
2790 1864 2894 1919 alio
2926 1866 3134 1934 psalmo
3166 1865 3327 1923 ﬂebili
3367 1870 3601 1925 modula-

2023 1950 2173 2004 tione
2194 1950 2478 2015 cantabat,
2512 1966 2675 2020 super
2704 1952 2995 2024 imaginum
3024 1966 3419 2028 contemptores
3464 1962 3598 2016 iram

2025 2037 2650 2105 Domiuiell‘undendam,
2688 2044 2781 2097 sed
2833 2058 2997 2114 super
3053 2048 3204 2102 urbis
3252 2049 3364 2105 sive
3415 2053 3598 2121 templi

2024 2142 2305 2184 eversores
2330 2171 2344 2194 ,
2371 2131 2454 2185 vel
2480 2133 2640 2185 etiam
2670 2134 2833 2188 totius
2857 2129 3133 2193 lsraeiifiei
3159 2142 3338 2209 populi
3366 2153 3598 2198 vastato-

2024 2235 2111 2275 res
2164 2222 2353 2276 orabat
2380 2222 2563 2277 dicens
2593 2240 2606 2276 :
2639 2222 2935 2297 Usquequo,
2964 2227 3206 2295 Domine,
3251 2233 3494 2288 irasceris
3544 2237 3597 2292 in

2021 2314 2218 2383 ﬁnem?
2241 2315 2321 2368 An
2344 2316 2398 2369 in
2426 2316 2583 2385 ﬁnem
2605 2318 2905 2372 exardescet
2928 2319 3064 2374 velut
3093 2322 3231 2393 ignis
3263 2324 3404 2380 zelus
3429 2337 3551 2382 tuus
3572 2329 3598 2383 1'

2023 2401 2254 2472 Eﬂ‘unde
2276 2404 2410 2458 iram
2440 2415 2583 2458 tuam
2606 2407 2659 2460 in
2687 2417 2861 2477 gentes
2879 2422 2996 2481 qua:
3019 2422 3069 2465 te
3092 2428 3195 2468 non
3221 2427 3468 2471 noverunt
3494 2458 3509 2483 ,
3550 2429 3596 2473 et

2021 2493 2078 2547 in
2121 2510 2280 2564 regna
2307 2511 2425 2567 qua:
2461 2513 2647 2552 nomen
2675 2510 2822 2553 tuum
2871 2517 2974 2555 non
3023 2504 3385 2560 invocaverunt
3411 2548 3425 2572 ,
3476 2511 3596 2579 quia

2022 2583 2355 2639 comederunt
2380 2584 2564 2652 Iacob,
2593 2598 2641 2641 et
2674 2587 2845 2643 locum
2872 2592 2987 2661 ejus
3025 2593 3384 2652 desnlarerunt
3425 2599 3595 2669 (Psal.

2021 2672 2267 2742 Lxxvtn).
2300 2672 2410 2728 Nec
2436 2674 2503 2729 de
2522 2676 2851 2744 picturarum
2881 2685 3357 2752 contemptoribus,
3382 2690 3473 2743 sed
3498 2692 3595 2745 sub

2021 2764 2238 2818 nomine
2277 2764 2629 2821 ldumarorum
2676 2769 2741 2824 de
2786 2773 3271 2844 cunetisgentibus
3306 2779 3593 2836 Israelitico

2018 2853 2214 2922 populo
2286 2855 2497 2913 infestis
2540 2858 2671 2914 dicit
2722 2874 2738 2914 :
2783 2861 3065 2928 Memento,
3094 2866 3335 2935 Domine,
3362 2871 3605 2939 ﬁliorum

2020 2944 2191 3002 Edam
2219 2948 2274 3001 in
2302 2948 2389 3001 die
2410 2948 2737 3017 Jerusalem,
2765 2955 2855 3024 qui
2883 2956 3064 3011 dicunt
3090 2974 3109 3013 :
3150 2959 3454 3028 Exinanite,
3487 2970 3590 3018 exi-

2022 3039 2197 3094 nanite
2210 3055 2476 3112 quousque
2490 3044 2559 3097 ad
2574 3045 2971 3114 fundamentum
2993 3051 3048 3105 in
3074 3069 3134 3106 ea
3152 3053 3324 3124 (Psal.
3352 3060 3591 3131 cxxxvi).

2017 3128 2128 3186 Nec
2150 3131 2446 3202 imaginum
2472 3135 2836 3192 adorationem
2864 3145 3349 3211 contemnentibus,
3383 3149 3475 3204 sed
3493 3128 3590 3206 sub

2012 3221 2230 3275 nomine
2284 3222 2406 3278 ﬁlia:
2459 3224 2749 3298 Babylonis
2803 3229 3106 3289 Chaldaica:
3146 3235 3259 3292 sive
3302 3237 3590 3305 Quiritium

2011 3313 2155 3382 genti
2177 3316 2536 3372 comminatur
2560 3336 2573 3372 :
2602 3318 2765 3386 Filia,
2783 3321 3054 3393 inquiens,
3080 3325 3359 3397 Babylonis
3378 3331 3588 3397 misera,

2011 3404 2193 3460 beatus
2219 3407 2309 3476 qui
2338 3408 2586 3463 retribuet
2630 3410 2725 3464 tibi
2772 3413 3160 3468 retributionem
3200 3426 3381 3483 tuam,
3432 3436 3589 3491 quam

2010 3495 2295 3559 retribuisti
2322 3496 2509 3561 nobis;
2536 3498 2716 3553 beatus
2742 3503 2832 3570 qui
2858 3504 3044 3557 tenebit
3071 3514 3120 3557 et
3144 3504 3323 3561 allidet
3346 3511 3609 3578 parvulos.

2008 3596 2126 3636 tuos
2155 3583 2224 3636 ad
2251 3593 2450 3654 petram
2483 3586 2665 3656 (Psal.
2705 3604 2901 3645 cxxxvi
2928 3591 2948 3662 )
2979 3609 2993 3646 :
3034 3592 3102 3649 de
3138 3595 3430 3667 imaginum
3458 3614 3587 3655 vero

2007 3674 2468 3742 eontemptoribus
2515 3676 2647 3729 nihil
2694 3676 2801 3732 tale
2840 3681 3049 3748 uspiam
3096 3686 3382 3753 reperitur.
3422 3688 3583 3745 Multa

2008 3761 2091 3816 his
2117 3762 2313 3816 similia
2341 3764 2721 3833 prophetarum
2748 3768 2980 3824 oraculis
3029 3771 3096 3826 de
3140 3774 3324 3843 templi
3369 3776 3583 3833 Domini

2004 3851 2118 3906 sive
2160 3851 2543 3922 Hierosolyma:
2582 3855 2736 3910 urbis
2773 3860 3112 3916 eversoribus
3134 3862 3277 3917 dicta
3302 3863 3583 3922 inveniun-

2004 3948 2109 4003 tur,
2135 3954 2255 4009 qua:
2279 3955 2311 3996 a
2336 3942 2489 3997 nobis
2512 3945 2793 4001 brevitatis
2837 3949 3015 4004 studio
3049 3954 3533 4020 praetermittuntur
3565 3975 3580 4012 :

2002 4031 2260 4087 Dominus
2284 4047 2497 4103 quoque
2524 4043 2578 4090 et
2612 4037 2922 4108 redemptor
2962 4050 3149 4096 noster
3175 4042 3413 4114 ejusdem
3441 4057 3580 4103 tem-

1999 4120 2073 4190 pli
2111 4122 2223 4176 sive
2260 4122 2495 4178 civitatis
2542 4126 2755 4180 ruinam
2800 4136 2921 4198 post
2962 4128 3197 4187 futuram
3250 4131 3462 4192 ﬂevisse
3507 4138 3580 4193 le-

1999 4212 2162 4283 gILur.
2214 4212 2345 4280 Qua:
2386 4217 2567 4271 omnia
2618 4231 2924 4289 quanquam
2966 4225 3210 4295 mysticis
3259 4226 3576 4289 obumbrata

1999 4302 2205 4373 ﬁguris,
2234 4305 2299 4359 de
2327 4304 2601 4372 Ecclesiae,
2630 4307 2745 4363 sive
2768 4310 2961 4365 animae
2984 4315 3328 4371 eversoribus
3370 4320 3575 4388 possint

325 4401 729 4470 abdicaverunt,
760 4407 1227 4475 reprehendamus,
1259 4420 1429 4467 restat
1463 4421 1521 4468 αι
1563 4393 1742 4486 "emi,"
1790 4419 1896 4475 Do_
1929 4424 1974 4481 n
2000 4393 2246 4465 intelligi,
2291 4396 2383 4465 qui
2413 4396 2641 4453 virtutes
2675 4400 2869 4455 animae
2912 4403 3057 4458 velut
3092 4407 3351 4475 quosdam
3391 4425 3575 4470 muros

327 4491 454 4546 mini
493 4507 773 4552 eversores
814 4496 1036 4566 majoris
1068 4500 1344 4572 multoque
1393 4503 1613 4573 majoris
1652 4509 1895 4568 criminis

323 4582 551 4639 nexibus
587 4585 823 4643 irretitos
863 4586 1031 4644 fuisse
1061 4605 1221 4660 quam
1254 4607 1437 4648 earum
1464 4606 1734 4665 spretores
1771 4614 1895 4669 pcr—

322 4673 628 4729 doceamus.
659 4674 775 4732 Non
814 4679 958 4733 enim
988 4681 1173 4736 talium
1204 4682 1497 4756 imaginum
1544 4687 1891 4744 abolitionem

320 4762 507 4831 quales
535 4762 610 4817 illi
639 4778 698 4818 se
734 4767 961 4823 adorare
988 4770 1303 4839 gloriantur,
1332 4774 1602 4846 Propheta
1633 4779 1884 4844 deﬂebat,

317 4853 412 4906 sed
457 4853 712 4922 templum
759 4860 903 4925 quod
942 4862 1470 4921 necdum'fundatum
1494 4878 1629 4935 erat,
1655 4880 1710 4926 et
1738 4875 1889 4931 urbis

316 4954 438 5010 qua:
463 4943 675 4999 caeteris
703 4945 926 5003 urbibus
961 4951 1232 5007 eminebat
1257 4995 1273 5019 ,
1302 4958 1634 5013 eversionem
1656 4965 1887 5032 prophe-

320 5032 424 5087 tico
476 5033 669 5102 spiritu
710 5037 865 5109 longe
897 5049 1019 5109 post
1065 5041 1301 5101 futuram
1351 5049 1647 5117 respiciens
1673 5093 1688 5120 ,
1739 5056 1885 5112 velut

315 5123 641 5217 praeteritam
688 5132 953 5217 cantando
1002 5133 1313 5202 deplorabat
1361 5138 1544 5196 dicens
1589 5161 1603 5196 :
1661 5142 1731 5199 Ut
1758 5149 1884 5217 quid

313 5210 547 5281 repulisti
576 5229 690 5281 nos,
737 5215 900 5285 Deus,
934 5221 989 5274 in
1022 5221 1178 5291 ﬁnem
1204 5225 1229 5278 ?
1259 5228 1427 5283 iratus
1462 5241 1537 5285 est
1581 5233 1731 5302 [uror
1761 5210 1882 5291 tuus

309 5315 466 5370 super
488 5316 605 5355 oves
629 5304 798 5375 gregis
840 5308 920 5360 tui
953 5323 972 5362 :
1008 5321 1262 5367 memento
1312 5321 1729 5390 congregationis
1777 5333 1881 5379 tua:

306 5401 462 5458 quam
505 5392 692 5445 creasti
718 5393 782 5447 ab
813 5395 966 5451 initio
1010 5397 1181 5470 (Psal.
1215 5405 1429 5478 cum).
1455 5406 1565 5464 Nec
1586 5408 1879 5481 imaginum

307 5485 764 5546 contemptorem,
817 5484 913 5539 sed
965 5484 1203 5555 ejusdem
1265 5495 1617 5552 sacratissimi
1694 5501 1876 5571 templi

307 5579 608 5623 eversorem
654 5570 932 5629 inimicum
954 5587 1130 5645 vocat,
1167 5596 1290 5636 cum
1330 5586 1630 5643 subinfert:
1667 5570 1878 5656 Quanta

304 5657 620 5728 malignam:
654 5673 729 5718 est
760 5665 1002 5723 inimicus
1044 5671 1098 5725 in
1143 5676 1341 5731 sanctis
1393 5679 1535 5743 tuis,
1576 5690 1625 5736 et
1665 5680 1875 5739 alariali

1997 4498 2227 4553 quarum
2254 4487 2551 4542 munimine
2569 4498 2758 4546 contra
2785 4492 2911 4547 vitia
2928 4504 3220 4567 pugnatur,
3256 4506 3311 4554 et
3330 4499 3487 4557 ﬁdem
3516 4503 3572 4559 in

1989 4582 2210 4641 pectore
2234 4575 2551 4654 collocatam
2581 4579 2634 4634 in
2672 4595 2777 4651 qua
2817 4581 2927 4638 Deo
2967 4586 3231 4642 sacriﬁcia
3279 4592 3475 4647 munda
3509 4593 3572 4648 li-

1992 4670 2193 4731 tantur,
2237 4668 2390 4736 quasi
2430 4671 2696 4738 quoddam
2723 4674 2975 4743 templum
3002 4692 3215 4748 semper
3244 4679 3568 4741 insectantes

1988 4766 2232 4814 evertere
2266 4760 2577 4827 moliuntur,
2624 4773 2680 4818 et
2734 4767 3088 4835 cogitationes
3158 4774 3385 4829 mundas
3451 4776 3566 4833 sive

1986 4849 2231 4916 quadam
2255 4851 2517 4906 bonorum
2559 4866 2780 4921 operum
2823 4859 3078 4912 exercitia
3106 4861 3251 4915 velut
3278 4865 3561 4932 quemdam

1983 4938 2237 5007 populqu
2286 4951 2562 5009 prostrare
2600 4942 2864 5023 nituntur,
2898 4954 3073 5000 tamen
3118 4947 3467 5006 historialiter
3493 4952 3560 5008 de

1982 5032 2191 5102 prmfati
2236 5034 2417 5101 templi
2475 5035 2753 5090 eversione
2806 5038 2947 5093 dicta
2989 5038 3156 5096 fuisse
3202 5043 3554 5113 accipiuntur.

1984 5121 2135 5177 Unde
2190 5120 2399 5192 liquido
2428 5131 2611 5192 patet,
2662 5124 2893 5195 majores
2915 5142 3100 5183 eorum
3146 5147 3450 5203 quanquam
3500 5137 3554 5192 in

1980 5209 2255 5265 abolendis
2279 5225 2315 5264 a
2330 5211 2674 5267 basilicarum
2702 5218 3035 5274 ornamentis
3077 5220 3398 5292 imaginibus
3420 5239 3555 5296 quo-

1979 5300 2264 5357 dammodo
2294 5302 2495 5358 fuerint
2553 5304 2756 5362 incauti
2775 5348 2790 5373 ,
2822 5310 3230 5369 subversoribus
3255 5322 3436 5372 tamen
3461 5334 3550 5375 sa-

1977 5391 2264 5448 cratissimi
2290 5408 2363 5450 ac
2378 5399 2808 5455 reverendissimi
2829 5401 2975 5457 illius
2999 5405 3183 5474 templi
3209 5421 3546 5479 nequaquam

1977 5491 2102 5538 sunt
2125 5487 2456 5554 coaequandi,
2474 5490 2725 5558 quoniam
2751 5492 2807 5546 in
2828 5492 2953 5549 istis
2971 5496 3183 5564 quidem
3213 5497 3312 5553 fuit
3335 5499 3542 5568 levitas,

1977 5573 2035 5627 in
2058 5572 2162 5628 illis
2184 5586 2312 5630 vero
2335 5578 2620 5646 atrocitas;
2654 5580 2708 5635 in
2737 5580 2856 5636 istis
2894 5582 3161 5652 imperitia
3189 5627 3204 5652 ,
3234 5587 3287 5642 in
3317 5588 3424 5645 illis
3451 5607 3544 5646 ne-

1976 5667 2179 5736 quitia;
2211 5667 2297 5724 isti
2339 5669 2451 5726 Deo
2495 5685 2553 5727 se
2597 5673 2909 5745 obsequium
2930 5686 3191 5748 pnestare
3215 5680 3541 5738 arbitrantes
