4028 6180
461 346 590 400 1191

1357 337 1416 391 Β.
1457 335 1705 391 CAROLI
1744 331 1958 391 MAGNI
1996 330 2148 389 OPP.
2188 327 2368 384 PARS
2408 327 2470 382 il.
2514 323 2755 381 SEC‘i'iO
2784 324 2847 378 ll.

3575 323 3696 380 U93

456 473 548 515 eas
572 458 640 513 ab
657 453 988 511 ornamentis
1003 452 1351 508 basilicarum
1375 451 1730 516 abstulerunt,
1756 451 1828 505 illi
1857 452 2020 504 Deum
2054 449 2099 509 Α
2127 444 2470 516 imperatoris
2494 443 2729 498 hominis
2748 455 2900 510 seque
2925 439 3172 495 mortalis
3206 448 3366 509 atque
3415 442 3695 511 passibilis,

459 549 549 619 qui
573 547 766 618 popqu
789 561 886 600 suo
911 545 1224 599 eratiratus
1256 543 1309 595 in
1355 556 1415 596 se
1444 541 1513 595 ad
1545 541 1874 596 iracundiam
1900 555 2025 608 pro-

461 648 712 696 vocantes
748 636 866 707 ejus
910 637 1129 692 domum
1156 633 1444 689 crudeliter
1470 633 1749 687 diruerunt
1774 673 1788 696 ,
1836 631 2028 700 quibus

461 745 559 785 nos
611 729 889 798 utrinque,
926 728 1035 781 Deo
1082 723 1376 794 opitulante
1401 763 1415 787 ,
1445 722 1755 793 postpositis
1782 762 1796 786 ,
1832 729 1887 776 et
1914 721 2030 774 loca

461 821 641 875 divino
661 819 827 874 cultui
852 817 1153 885 mancipata
1179 828 1504 869 exornamus
1525 853 1541 880 ,
1570 821 1626 868 et
1654 811 1752 869 soli
1783 813 1892 866 Deo
1917 825 2029 866 ser-

464 910 650 964 vitium
675 908 1002 964 adorationis
1032 905 1408 974 impendimus.

1082 1053 1311 1114 CAPUT
1348 1058 1414 1114 γ.

465 1171 616 1237 Quod
643 1168 878 1241 epistola,
915 1185 1095 1241 quam_
1114 1166 1200 1241 illi
1226 1167 1392 1241 sancti
1434 1165 1698 1241 Simeonis
1754 1164 1911 1219 stulte
1949 1165 2033 1241 di-

533 1234 681 1304 cunt,
739 1241 898 1293 missa
927 1234 1019 1292 ’σά
1060 1238 1419 1291 Iustinianum
1465 1237 1848 1305 imperatorem,
1897 1234 2025 1287 mulc

531 1322 641 1363 tum
678 1310 829 1362 distet
868 1327 900 1361 a
937 1307 1125 1361 divinis
1166 1305 1469 1375 Scripturis,
1520 1305 1624 1375 sive
1669 1322 1700 1357 a
1729 1313 2029 1375 sanctorum

533 1380 754 1433 Patrum
791 1376 1135 1438 documentis,
1164 1375 1220 1427 in
1248 1374 1306 1427 eo
1335 1375 1472 1444 quod
1510 1374 1582 1426 ait
1622 1375 1843 1444 prmfata
1871 1374 2032 1444 impe-

533 1449 698 1502 ratori
718 1465 736 1501 :
763 1447 869 1500 Pro
893 1446 1088 1514 quibus
1112 1443 1594 1514 commemorantes
1622 1443 1907 1514 referimus
1941 1443 2034 1514 7di-

538 1517 674 1572 vinis
715 1511 1320 1592 vestris'aurihusuive
1347 1512 1497 1592 innec
1546 1511 1684 1592 quod
1720 1512 1886 1566 eidem
1931 1513 2030 1564 im—

533 1586 760 1653 peratori
780 1581 1138 1637 misericordia
1166 1581 1244 1634 uti
1264 1580 1603 1650 prohibuerit.

537 1696 686 1751 Solet
719 1694 1036 1765 plerumque
1079 1665 1457 1747 hatreticorum
1489 1689 1726 1745 versutia
1769 1692 2032 1760 probrosa

2131 543 2187 590 et
2215 534 2421 590 cunctis
2446 533 2696 590 humanis
2716 530 3204 603 permutationibus
3231 529 3582 599 subiacentis,
3609 547 3697 585 au-

2131 639 2220 678 res
2244 623 2452 678 divinas
2498 620 2905 690 nuncupaverit,
2942 619 3293 688 eamdemque
3330 619 3697 674 misericordia

2132 715 2209 768 uti
2238 713 2593 778 prohibuerit,
2622 720 2678 766 et
2708 712 2775 765 ad
2814 709 3143 764 reddendum
3192 709 3393 762 malum
3426 725 3524 778 pro
3572 710 3698 765 malo

2133 803 2306 858 facilis
2330 802 2508 867 fuerit,
2539 810 2594 856 et
2625 801 2894 871 patienter
2919 815 2985 854 ac
3009 806 3289 854 mansuete
3325 813 3492 868 agere
3526 799 3579 852 in
3617 815 3699 853 ea-

2135 896 2255 950 dem
2285 908 2445 949 causa
2471 892 2812 964 neglexerit;
2843 900 2897 946 et
2933 890 3025 960 qui
3063 890 3322 944 debuerat
3367 906 3470 960 pro
3496 891 3700 944 damna-

2135 994 2311 1039 torum
2348 985 2623 1054 ereptione
2651 983 2901 1038 laborans
2947 982 3083 1035 iram
3125 982 3268 1050 regis
3297 980 3598 1046 refrenare,
3648 982 3698 1034 il-

2134 1073 2237 1128 lius
2263 1074 2400 1128 iram
2437 1073 2606 1142 magis
2629 1072 2906 1142 magisque
2927 1071 3284 1136 succenderit,
3314 1086 3551 1139 eumque
3573 1079 3700 1124 atro.

2134 1165 2270 1219 citer
2314 1165 2382 1218 ad
2427 1163 2764 1218 irascendum
2814 1163 3105 1231 impulerit,
3158 1177 3257 1217 nec
3298 1161 3420 1230 ejus
3473 1165 3699 1232 exemplo

2131 1269 2263 1309 usus
2288 1254 2358 1308 sit
2383 1253 2472 1322 qui
2505 1252 2774 1306 neminem
2805 1251 2915 1304 vult
2935 1251 3110 1319 perire
3134 1268 3148 1315 ;
3186 1260 3240 1305 et
3265 1252 3358 1318 qui
3382 1267 3483 1320 pro
3503 1251 3699 1305 lucran-

2134 1346 2218 1400 dis
2246 1345 2529 1398 animabus
2565 1343 2848 1412 invigilare
2879 1343 3155 1404 debuerat,
3190 1343 3483 1398 anathema
3511 1351 3564 1395 et
3597 1357 3699 1395 ma-

2133 1437 2323 1492 ledicta
2354 1433 2619 1502 injecerit,
2663 1440 2718 1486 et
2745 1433 2918 1488 cidem
2962 1432 3272 1501 imperatori
3317 1432 3493 1486 Deum
3529 1448 3700 1486 conreo

2132 1541 2297 1597 gnare
2321 1525 2537 1581 dixerit.
2573 1523 2702 1589 Qua:
2730 1525 2894 1578 verba
2921 1525 3046 1577 dum
3076 1524 3130 1577 in
3151 1532 3228 1577 tot
3263 1523 3401 1578 locis
3433 1525 3699 1594 rrprchcn-

2135 1619 2353 1679 dantur,
2385 1614 2449 1668 ad
2478 1614 2837 1668 roborandam
2877 1612 3244 1668 adorationem
3275 1615 3573 1684 imaginum
3609 1617 3698 1668 mi-

2137 1720 2240 1758 nus
2299 1705 2486 1758 idonea
2542 1703 2904 1772 reperiuntur,
2964 1705 3215 1772 quoniam
3275 1704 3500 1760 difficile
3545 1716 3699 1775 potest

467 1785 710 1855 quzedam
737 1788 790 1836 et
817 1796 1059 1836 errorem
1098 1779 1374 1835 suadentia
1400 1780 1641 1850 apicibus
1671 1788 1948 1844 annotare,
1979 1787 2036 1834 et

2144 1810 2233 1863 per
2273 1793 2569 1864 proscipitia
2608 1808 2842 1850 currere.
2871 1793 2959 1862 qui
2989 1794 3042 1846 in
3089 1795 3262 1863 planis
3296 1797 3545 1849 cernitur
3591 1798 3700 1849 titu-

466 1881 775 1929 sanctorum
819 1870 1170 1940 quorumdam
1197 1869 1659 1939 probabiliumque
1682 1870 1921 1924 virorum
1943 1884 2040 1923 no-

467 1963 701 2017 minibus
715 1960 1064 2030 pnetitulare,
1091 1967 1354 2027 quatenus
1377 1959 1614 2013 virosum
1632 1958 1883 2028 poculum
1908 1958 2042 2013 mel-

468 2055 534 2108 lis
574 2053 762 2106 illitum
795 2065 989 2120 sapore
1025 2048 1236 2103 facilius
1270 2047 1484 2102 valeant
1511 2049 1579 2103 ad
1611 2049 1902 2118 potandum
1946 2063 2042 2102 ne-

468 2143 764 2198 scientibus
780 2142 1080 2210 quibusque
1113 2140 1410 2210 porrigere.
1463 2139 1613 2194 Unde
1639 2139 1934 2194 timendum
1959 2146 2043 2192 est

468 2248 537 2287 ne
583 2231 810 2302 epistola
867 2245 1028 2299 quam
1077 2229 1153 2282 illi
1211 2227 1489 2296 cujusdam
1555 2229 1727 2300 sancti
1775 2227 2043 2283 Simeonis

470 2326 674 2388 dicunt,
705 2338 771 2378 ex
800 2336 907 2391 qua
937 2319 1242 2375 testimonia
1280 2319 1349 2373 ad
1384 2336 1539 2375 suum
1581 2334 1823 2375 errorem
1870 2320 2008 2375 stab‘

470 2417 707 2472 liendum
735 2416 1024 2478 adducunt,
1059 2427 1164 2466 non
1209 2411 1372 2465 verba
1399 2410 1508 2465 sint
1556 2409 1654 2463 viri
1707 2410 1901 2474 sancti,
1950 2409 2046 2479 sed

473 2505 748 2574 cujusdam
800 2502 1216 2558 machinamenti
1257 2501 1480 2556 versuti.
1527 2501 1789 2566 Quoniam
1830 2500 2045 2569 quidem

475 2595 594 2650 ideo
614 2594 680 2648 de
706 2608 769 2648 ea
791 2608 821 2646 a
849 2591 1002 2648 nobis
1029 2591 1141 2644 sive
1177 2605 1208 2643 a
1237 2588 1447 2644 caneris
1473 2589 1772 2657 quibusque
1791 2587 2046 2642 orthodo-

473 2685 559 2740 xis
606 2684 899 2748 dubitatur,
945 2681 1071 2750 quia
1102 2678 1219 2749 ejus
1259 2694 1437 2735 sermo
1469 2679 1524 2732 in
1553 2679 1875 2748 quibusdam
1915 2677 2048 2732 locis

473 2781 780 2829 sanctarum
807 2771 1211 2841 Scripturarum
1235 2769 1572 2825 documentis
1596 2769 1918 2840 refragatur,
1947 2785 2046 2824 nec

472 2863 852 2935 prmsumimus
920 2859 1038 2930 ejus
1107 2860 1394 2916 lectionem
1454 2859 1508 2913 in
1562 2859 1924 2914 testimonium
1982 2857 2048 2912 ad

475 2973 569 3016 res
600 2957 790 3012 dubias
819 2955 1109 3010 firmandus
1135 2969 1368 3018 sumere,
1399 2967 1558 3022 quam
1583 2953 1828 3007 novimus
1855 2951 2049 3007 divina:

476 3048 609 3118 legis
637 3046 898 3102 institutis
917 3047 1205 3102 contraire.
1233 3044 1350 3099 Non
1372 3044 1516 3100 enim
1542 3059 1641 3100 nos
1661 3060 1728 3098 ex
1755 3042 1871 3111 ejus
1897 3051 2048 3097 textu

2139 1883 2288 1947 bare,
2337 1898 2436 1936 nec
2485 1882 2624 1935 valet
2673 1868 2726 1935 in
2777 1883 3043 1952 ambiguis
3069 1883 3406 1939 diverziculis
3453 1885 3558 1939 dux
3596 1901 3698 1939 esse

2140 1973 2366 2035 itineris,
2403 1971 2495 2042 qui
2545 1971 2744 2042 publici
2773 1972 3006 2026 tramitis
3038 1972 3179 2026 viam
3216 1981 3406 2028 tenere
3451 1974 3628 2043 nequit
3655 1974 3698 2026 in

2140 2066 2446 2134 patentibus
2474 2065 2614 2129 viis;
2645 2073 2700 2119 et
2746 2081 2776 2118 a
2802 2064 3103 2118 liberalium
3147 2065 3554 2134 disciplinarum
3587 2067 3698 2120 sub-

2144 2154 2392 2209 tilissimo
2446 2153 2755 2224 magisterio
2805 2154 3138 2222 reprobatur,
3197 2155 3287 2222 qui
3353 2155 3697 2208 communium

2137 2245 2444 2300 litterarum
2496 2244 2901 2300 usitatissimam
2954 2245 3203 2299 notitiam
3244 2245 3475 2301 minime
3522 2247 3698 2302 habere

2145 2337 2430 2408 .eperitur.
2479 2335 2610 2390 Nam
2645 2334 2771 2390 dum
2810 2336 2874 2389 de
2923 2351 2989 2389 eo
3034 2337 3176 2404 quod
3225 2336 3315 2390 ille
3377 2337 3698 2406 imperatoris

2144 2442 2304 2482 aures
2331 2427 2539 2481 divinas
2577 2427 2726 2490 dixit,
2755 2427 2912 2495 eique
2943 2426 3109 2481 Deum
3151 2441 3492 2503 conregnare
3543 2427 3698 2498 profa-

2147 2525 2233 2570 tus
2263 2523 2364 2580 est.
2395 2523 2583 2570 contra
2614 2530 2798 2569 eorum
2831 2515 3181 2570 deliramenta
3212 2517 3303 2585 qui
3343 2518 3598 2571 hactenus
3635 2526 3700 2570 ta.

2148 2605 2287 2660 libus
2315 2605 2489 2660 adhuc
2513 2606 2671 2676 nugis
2694 2612 2937 2671 utuntur,
2969 2605 3278 2674 plenissime
3318 2607 3377 2660 in
3421 2607 3694 2676 superiori-

2148 2698 2249 2752 bus
2280 2697 2434 2766 hujus
2473 2697 2652 2766 operis
2679 2698 2923 2766 partibus
2965 2714 2994 2750 a
3043 2699 3196 2752 nobis
3235 2698 3443 2752 affatim
3490 2699 3698 2766 disputa-

2148 2795 2261 2840 tum
2287 2788 2378 2852 sit,
2409 2803 2549 2842 nunc
2569 2788 2702 2842 ordo
2726 2788 2966 2854 exposcit
2991 2795 3048 2839 ut
3072 2786 3138 2840 de
3161 2788 3397 2851 caeteris,
3439 2788 3504 2841 de
3526 2787 3697 2855 quibus

2150 2893 2293 2933 nunc
2330 2892 2508 2932 sermo
2557 2885 2640 2932 est
2671 2877 2972 2932 divinorum
3004 2875 3354 2946 .eloquiorum
3405 2877 3695 2931 testimoniis

2149 2982 2367 3036 gressus
2393 2982 2702 3022 sermonum
2733 2975 3037 3021 nostrorum
3072 2967 3397 3031 munientes,
3429 2976 3580 3036 prout
3610 2967 3697 3018 Do-

2151 3057 2329 3110 minus
2356 3055 2584 3118 dederit,
2613 3055 2966 3125 disputemus.
3007 3054 3140 3109 Cum
3170 3057 3313 3110 enim
3353 3056 3694 3111 misericordia

475 3146 705 3217 amplius
729 3145 937 3215 uspiam
970 3144 1163 3214 legisse
1185 3142 1544 3205 meminimus,
1579 3140 1680 3194 nisi
1732 3140 1785 3194 id
1809 3141 1952 3209 quod
1979 3140 2046 3194 ab
2075 3148 2120 3210 C
2153 3147 2228 3200 uti
2271 3148 2646 3214 imperatorem
2691 3145 3028 3214 prohibuisse
3069 3147 3353 3216 reperitur,
3400 3148 3523 3216 quid
3575 3146 3696 3200 aliud

479 3236 588 3293 illis
647 3236 701 3290 in
747 3249 936 3289 eorum
981 3233 1166 3288 codice
1216 3241 1454 3286 taxatqu
1511 3229 1826 3299 reperimus.
1897 3228 2048 3294 Quod

477 3326 697 3397 quidem
740 3324 988 3395 quamvis
1021 3337 1275 3378 sensuum
1323 3323 1716 3390 verborumque
1767 3328 2049 3375 venustate

477 3425 676 3481 careat,
711 3427 766 3472 et
792 3415 1053 3470 insulsum
1077 3414 1260 3469 nescio
1282 3413 1409 3482 quid
1441 3413 1766 3467 rusticumve
1792 3411 2045 3475 redoleat,

479 3509 609 3564 libet
633 3515 810 3561 tamen
852 3506 1004 3560 nobis
1052 3505 1125 3559 ita
1165 3504 1217 3558 id
1263 3512 1467 3568 texere,
1516 3510 1575 3557 ut
1623 3511 1834 3558 constat
1870 3517 1967 3556 nos
1994 3501 2047 3556 in

477 3615 662 3654 corum
686 3597 870 3653 codice
901 3596 1186 3666 reperisse.
1217 3595 1410 3650 Dicunt
1437 3595 1580 3651 enim
1605 3594 1886 3665 praefatum
1932 3610 2051 3649 san-

477 3699 625 3746 ctum
668 3690 974 3743 Simeonem
1007 3686 1158 3754 cujus
1187 3688 1293 3741 vita
1324 3687 1480 3742 nobis
1511 3695 1564 3742 et
1600 3687 1910 3757 praedicatio
1937 3703 2051 3740 ma-

479 3789 572 3835 net
606 3780 809 3850 ignota,
841 3793 941 3848 pro
976 3777 1294 3848 quibusdam
1322 3775 1696 3840 Samaritanis,
1729 3775 2048 3844 imaginibus

479 3872 730 3940 injuriam
770 3868 1144 3932 inferentibus,
1167 3865 1472 3922 Justiniano
1508 3864 1819 3934 imperatori
1867 3863 2050 3918 taliter

479 3961 796 4031 scripsisse:
834 3959 968 4013 «Pro
993 3958 1189 4027 quibus
1235 3965 1720 4012 commemorantes
1766 3954 2049 4010 referimus

482 4051 676 4107 divinis
702 4051 896 4105 vestris
921 4049 1160 4104 auribus.
1196 4068 1214 4101 ι
1265 4049 1332 4102 Et
1386 4048 1621 4102 iterum:
1673 4065 1693 4098 ι
1730 4045 1847 4100 Νοη
1876 4045 2048 4100 habeo

478 4142 622 4213 quod
647 4142 776 4196 dicit
805 4141 932 4196 talia
962 4148 1348 4210 praasumentes
1371 4154 1438 4194 ne
1466 4153 1572 4192 una
1605 4137 1656 4191 in
1683 4137 1763 4192 eis
1786 4136 1931 4191 facta
1956 4137 2051 4190 hu-

479 4230 740 4286 manitate
759 4238 1024 4300 quatenus
1039 4242 1324 4298 precamur
1338 4225 1678 4280 victoriosam
1689 4232 1925 4283 vestram
1943 4223 2050 4278 for-

481 4322 784 4387 titudinem,
838 4336 906 4376 ne
940 4319 1102 4374 faciat
1132 4317 1552 4373 misericordiam
1599 4316 1656 4369 in
1704 4316 1784 4371 eis
1821 4316 1916 4384 qui
1949 4315 2051 4370 hoc

479 4419 954 4485 praesumpseruut,
989 4426 1162 4480 neque
1186 4423 1408 4480 parcere
1431 4408 1556 4472 illis,
1574 4422 1748 4476 neque
1774 4406 2051 4474 quodlibet

2148 3233 2297 3298 facit,
2322 3233 2425 3288 nisi
2448 3233 2697 3287 omnibus
2721 3233 2923 3288 sanctis
2946 3233 3242 3303 Scripturis
3271 3249 3393 3303 qua:
3420 3235 3696 3290 misericor-

2148 3324 2290 3378 diam
2335 3324 2633 3379 habendam
2679 3335 3017 3394 percensent,
3058 3325 3308 3380 rcluctari
3345 3325 3694 3397 dignoscitur?

2155 3413 2301 3470 Unde
2313 3415 2822 3484 periculosissimum
2844 3424 2927 3470 est
2944 3415 3127 3470 talium
3148 3417 3448 3472 litterarum
3461 3426 3693 3489 praecepta

2149 3507 2320 3575 sequi,
2369 3521 2487 3577 qua:
2525 3508 2722 3562 divinis
2772 3508 3070 3587 scripturis
3107 3509 3356 3564 videntur
3408 3512 3588 3566 obniti.
3619 3510 3694 3562 Ait

2147 3597 2290 3650 enim
2319 3598 2576 3652 Dominus
2615 3598 2668 3651 in
2697 3599 3005 3670 Evangelio,
3032 3599 3212 3654 Estote
3235 3602 3583 3656 misericordes
3613 3600 3692 3653 sir-

2149 3694 2205 3738 ut
2230 3696 2276 3739 et
2299 3685 2458 3740 Pater
2478 3696 2640 3740 vester
2659 3687 2952 3740 misericors
2973 3697 3046 3740 est
3072 3687 3223 3755 (Luc.
3249 3687 3326 3758 vr)
3353 3706 3368 3753 ;
3397 3699 3450 3742 et
3481 3689 3652 3742 iterum
3677 3701 3690 3739 :

2147 3775 2297 3829 Beati
2337 3776 2718 3842 misericordes,
2745 3781 2992 3846 quoniam
3021 3779 3118 3848 ipsi
3155 3779 3559 3833 misericordiam
3587 3794 3691 3831 con-

2151 3876 2430 3937 sequentur
2460 3866 2675 3936 (Matth.
2706 3866 2774 3937 v)
2799 3884 2813 3932 ',
2845 3875 2900 3921 et
2931 3868 3120 3922 doctor
3146 3869 3387 3938 gentium
3408 3870 3480 3923 ait
3505 3886 3518 3921 :
3541 3867 3694 3942 Estote

2149 3970 2323 4015 autem
2349 3961 2566 4015 inuicem
2588 3960 2809 4030 benigni,
2845 3961 3222 4025 misericordes,
3265 3961 3517 4016 donantes
3555 3959 3694 4015 uobis-

2148 4050 2399 4121 metipsis,
2453 4051 2587 4105 sicut
2645 4059 2693 4104 et
2748 4049 2887 4105 Deus
2951 4051 3006 4104 in
3062 4049 3270 4105 Christo
3329 4052 3533 4106 donarit
3577 4048 3693 4103 vobis

2150 4141 2365 4213 (Ephes.
2417 4143 2538 4212 vi);
2609 4149 2664 4196 ct
2710 4140 3160 4211 Psalmographus
3208 4142 3336 4196 dicit
3379 4155 3396 4195 :
3450 4140 3692 4194 Dominum

2150 4233 2558 4286 misericordiam
2613 4231 2826 4302 diligere
2875 4225 3058 4303 (Psal'.
3115 4234 3330 4305 xxx");
3364 4242 3419 4288 et
3470 4250 3483 4287 :
3522 4228 3692 4285 miseri-

2150 4323 2329 4377 cordia
2377 4322 2588 4376 Domini
2637 4321 2847 4392 plenam
2898 4340 3007 4377 esse
3059 4339 3261 4377 omnem
3308 4333 3499 4377 terram
3545 4316 3690 4390 (Psal.

2149 4413 2378 4483 cxvm);
2426 4422 2482 4466 et
2555 4413 2695 4466 idem
2746 4413 3002 4468 Dominus
3061 4429 3160 4484 per
3205 4414 3516 4484 prophetam
3549 4408 3687 4464 dicit:

480 4516 672 4572 rogum
715 4510 810 4556 aut
839 4515 1154 4569 responsum
1189 4498 1461 4568 suscipere
1483 4513 1582 4567 pro
1608 4497 1748 4562 illis;
1781 4517 1800 4548 ι
1831 4505 1886 4550 et
1935 4504 2054 4566 post
2083 4496 2130 4554 ο
2157 4503 2295 4568 Quia
2349 4503 2762 4556 misericordiam
2814 4503 2928 4558 uolo
2973 4512 3021 4558 et
3073 4520 3176 4557 non
3217 4503 3528 4572 sacri/icium
3569 4497 3688 4570 (θεε-

481 4605 654 4661 pauca
684 4606 698 4642 :
734 4607 752 4640 ι
785 4588 890 4643 Sed
918 4587 1144 4656 conjuro
1173 4602 1287 4653 vos,
1321 4586 1564 4651 Domine,
1612 4602 1709 4656 per
1736 4587 2050 4641 Emmanuel

483 4681 653 4735 Deum
681 4678 950 4734 excelsum
976 4693 1084 4731 non
1113 4678 1314 4732 morari
1341 4691 1514 4746 neque
1539 4675 1606 4731 ad
1631 4677 1902 4732 modicum
1935 4677 2051 4732 fieri

485 4770 768 4824 ducentem
783 4767 1103 4832 vindictam;
1129 4785 1148 4819 ι
1176 4775 1231 4820 et
1249 4767 1477 4821 iterum:
1505 4785 1524 4818 ι
1549 4766 1694 4833 Quos
1709 4774 1764 4822 et
1774 4767 2048 4837 suscipiet,

484 4857 906 4929 pr0pinquitates
917 4871 1101 4912 eorum
1119 4856 1340 4912 tenebra
1354 4856 1408 4910 in
1421 4856 1944 4925 condemnationem,
1960 4856 2051 4926 qui

482 4953 756 5016 exspectat
773 4961 867 5002 eos
884 4961 1204 5002 consumere
1224 4945 1715 5016 incxstinguibilem
1734 4955 1789 5000 et
1809 4948 2054 5001 tenebro-

483 5053 604 5092 sum
628 5037 827 5108 ignem,
858 5043 914 5090 et
935 5035 1357 5092 anathematizet
1384 5051 1479 5091 eos
1498 5035 1552 5090 in
1579 5035 1842 5092 inferiora
1871 5035 2050 5105 abyssi

484 5130 597 5198 ipse
619 5135 840 5183 sanctus
865 5135 921 5183 et
954 5129 1294 5198 omnipotens
1320 5128 1542 5197 spiritus
1563 5126 1690 5184 Jesu
1723 5127 1925 5184 Christi
1952 5127 2053 5182 Do-

483 5219 617 5273 mini
643 5217 915 5288 nostriqui
941 5231 1006 5273 ex
1027 5217 1186 5272 Patre
1209 5218 1472 5290 procedit,
1486 5219 1555 5273 ad
1580 5219 1907 5289 perdendum
1933 5219 2052 5275 illos

486 5306 541 5360 in
569 5304 774 5361 inﬁnita
799 5308 1120 5377 perditione.
1154 5327 1173 5360 ι
1197 5307 1266 5362 Et
1285 5316 1408 5378 past
1428 5324 1595 5378 pauca
1621 5327 1635 5363 :
1659 5329 1679 5363 ι
1709 5309 1769 5365 In
1801 5311 1921 5380 ipso
1956 5311 2051 5381 qui

485 5404 782 5466 conregnat
805 5396 1003 5467 pietati
1040 5405 1256 5452 vestrae.
1303 5417 1322 5451 ι
1363 5396 1640 5466 In-quihus
1686 5399 2052 5455 stolidissimis

489 5485 664 5540 verbis
690 5495 746 5540 et
769 5500 875 5541 non
896 5485 1069 5542 solum
1089 5485 1287 5558 eloquii
1301 5495 1656 5552 venustatem,
1682 5502 1870 5543 verum
1887 5490 2050 5544 etiam

487 5588 824 5630 communem
853 5575 1100 5647 loquendi
1122 5593 1337 5633 sensum
1359 5577 1685 5648 fugientibus
1703 5586 1760 5634 et
1782 5579 2053 5635 barbaris-

489 5663 594 5716 mis
628 5679 690 5717 ac
713 5664 1032 5721 solmcismis
1054 5677 1362 5722 concretum
1391 5668 1572 5724 nescio
1617 5668 1744 5739 quid
1788 5685 2048 5725 resonan-

490 5748 654 5814 tibus.
688 5753 804 5808 haec
823 5769 1040 5821 prorsus
1062 5757 1542 5825 reprehenduntur,
1576 5757 1720 5826 quod
1761 5757 2045 5814 Justiniani

2153 4595 2251 4665 vr).
2315 4593 2448 4647 Nam
2504 4595 2632 4648 dum
2688 4595 3057 4650 misericordia
3101 4604 3209 4650 tam
3257 4595 3571 4651 authenticis
3615 4591 3691 4644 ba-

2151 4685 2324 4739 benda
2383 4692 2672 4739 censeatur
2715 4685 3017 4754 praeceptis,
3065 4693 3118 4740 et
3170 4700 3292 4740 eam
3365 4701 3424 4741 se
3469 4685 3520 4738 in
3561 4689 3689 4736 aeter-

2151 4789 2281 4828 num
2328 4781 2667 4828 cantaturum
2717 4773 2976 4843 propheta
3031 4781 3275 4840 testetur,
3335 4768 3686 4829 Hisericordias

2150 4873 2285 4926 tuas,
2316 4863 2585 4932 inquiens,
2623 4861 2860 4926 Domine,
2895 4863 2951 4916 in
2977 4872 3227 4918 wternum
3255 4865 3492 4928 cantabo,
3516 4869 3565 4916 et
3584 4859 3686 4912 ita:

2151 4953 2378 5009 Domino
2405 4954 2614 5008 dicatur
2635 4953 2802 5023 diligi,
2830 4953 3073 5022 quisquis
3099 4968 3164 5008 ea
3191 4957 3270 5008 uti
3296 4955 3552 5024 prohibet,
3572 4961 3686 5001 eam-

2150 5056 2256 5111 que
2278 5042 2477 5096 habere
2497 5041 2807 5104 contemnit,
2833 5049 2889 5094 et
2909 5041 3078 5096 Deum
3108 5042 3444 5098 convincitur
3471 5054 3566 5095 non
3589 5033 3686 5088 dilin

2151 5149 2295 5205 gere,
2329 5142 2384 5190 et
2405 5133 2520 5202 ejus
2540 5133 3000 5204 pnestantissimis
3021 5135 3238 5188 monitis
3276 5135 3482 5204 penitus
3510 5134 3685 5184 contra-

2152 5226 2251 5282 irc.
2283 5225 2434 5281 Unde
2467 5233 2522 5278 et
2565 5224 2678 5293 ipsa
2704 5223 2916 5280 Veritas
2955 5223 3261 5294 legisperito
3301 5222 3509 5286 dicenti,
3541 5219 3682 5288 ipsum

2151 5330 2270 5372 esse
2302 5315 2606 5385 proximum
2640 5315 2730 5383 qui
2765 5313 2894 5367 fecit
2923 5313 3379 5379 misericordiam,
3413 5304 3680 5380 reSpoudit:

2162 5403 2324 5470 Vade,
2345 5413 2394 5458 et
2411 5415 2467 5458 tu
2479 5404 2564 5474 {ac
2576 5404 2816 5458 similiter
2829 5401 2980 5476 (Luc.
2996 5402 3074 5473 x).
3099 5403 3216 5470 Quo
3237 5403 3540 5458 documento
3560 5407 3682 5450 mon.

2151 5503 2370 5558 stratur,
2414 5509 2521 5549 non
2553 5493 2729 5548 solum
2767 5509 2800 5548 a
2845 5493 2998 5548 nobis
3034 5494 3278 5548 homines
3316 5493 3406 5563 qui
3443 5491 3581 5546 unius
3611 5494 3684 5536 no-

2151 5585 2357 5640 biscum
2399 5592 2603 5640 naturae
2644 5591 2771 5638 sunt
2807 5583 3134 5654 diligendos,
3172 5583 3265 5640 sed
3301 5584 3460 5639 etiam
3500 5570 3680 5646 angelos

2150 5673 2244 5742 qui
2269 5674 2514 5742 quamvis
2543 5674 2766 5729 alterius
2795 5673 2904 5728 sint
2932 5682 3159 5740 naturas,
3189 5673 3246 5729 in
3283 5688 3349 5729 eo
3379 5682 3537 5728 tamen
3563 5659 3679 5734 quod

2151 5762 2571 5820 misericordiam
2598 5777 2724 5835 erga
2737 5777 2836 5819 nos
2848 5774 3122 5833 exercent,
3139 5773 3193 5821 et
3209 5764 3436 5830 proximi
3458 5772 3560 5818 esse
3583 5763 3677 5811 σθ’
