4028 6180
277 330 419 389 “'95

1067 327 1240 382 LIBRI
1274 327 1613 383 CAROLINI.
1641 357 1708 366 ——
1745 323 1962 378 CAPIT.
2004 323 2089 377 DE
2126 322 2313 377 IMAG.
2352 351 2415 363 —-
2447 321 2575 375 LIB.
2618 321 2703 375 IV.

3388 324 3518 377 “9':

276 444 494 505 duntur,
524 448 579 497 et
611 438 758 509 diligi
794 451 1014 508 prorsus
1047 439 1114 490 ab
1148 452 1212 490 eo
1247 437 1336 505 qni
1376 437 1540 488 Deum
1577 444 1631 490 et
1669 434 1847 504 proxi-
1876 435 1925 495 Α
1952 431 2147 485 malum
2169 446 2264 499 pro
2288 430 2426 484 male
2447 430 2773 487 reddendum
2792 446 2910 487 esse
2935 434 3019 487 his
3041 434 3220 489 verbis
3240 436 3521 498 admonet;

277 548 423 587 mum
455 529 678 600 diligere
713 527 909 592 sanxit,
948 525 1168 581 omnino
1191 523 1463 593 jubentur,
1502 524 1554 577 in
1586 538 1651 577 eo
1684 522 1847 576 etiam

275 621 417 692 quod
433 629 543 676 tam
562 619 736 675 facilis
753 618 820 672 ad
839 617 1163 673 reddendum
1181 608 1378 669 malum
1393 630 1491 682 pro
1510 613 1648 667 malo
1666 611 1846 674 fuerit,

277 709 469 763 divinis
494 722 719 776 prorsus
743 705 962 759 monitis
985 703 1329 758 contradixit.
1366 701 1475 756 Nec
1502 702 1590 756 ille
1613 701 1758 755 enim
1782 701 1851 755 ad

278 798 639 853 exercendam
666 795 959 850 vindictam
986 802 1095 847 tam
1130 809 1352 849 severus
1376 808 1514 854 esse,
1551 808 1651 847 nec
1685 792 1853 861 impe-

280 895 514 941 ratorem
541 887 609 939 ad
632 886 772 939 hanc
795 884 1147 939 exercendam
1175 883 1447 953 impellere
1471 882 1673 947 debuit,
1700 882 1853 952 quip-

281 994 346 1047 pe
376 976 527 1044 cuius
555 975 912 1030 ministerium
939 988 1046 1028 non
1071 972 1232 1027 fuerit
1255 972 1544 1027 vindictam
1568 986 1852 1034 exercere,

282 1077 373 1122 aut
397 1067 751 1121 exercendam
768 1063 979 1134 jubere,
1004 1064 1097 1120 sed
1115 1080 1275 1135 opera
1298 1065 1675 1120 misericordia:
1701 1081 1855 1119 ama-

284 1174 362 1221 re,
383 1166 437 1212 et
458 1157 685 1211 amanda
718 1158 929 1212 caeteris
958 1160 1271 1227 praedicare.
1302 1159 1392 1213 Ait
1421 1160 1563 1215 enim
1599 1160 1857 1215 Dominus

288 1251 340 1304 in
364 1248 575 1323 Exodo:
597 1246 656 1301 Si
678 1249 965 1301 accurreris
996 1248 1108 1302 bovi
1138 1250 1335 1303 inimici
1367 1251 1442 1303 tui
1477 1258 1566 1303 aut
1598 1250 1746 1303 asino
1775 1265 1860 1303 er-

286 1338 446 1401 ranti,
472 1337 627 1390 reduc
652 1337 720 1390 ad
742 1354 859 1420 eum
884 1337 1079 1409 (Exod.
1104 1338 1282 1410 χχιιι).
1332 1338 1429 1394 Cui
1450 1346 1715 1408 praecepto
1737 1338 1860 1393 nul-

288 1427 497 1481 latenus
532 1427 711 1495 paruit
745 1442 866 1481 cum
904 1436 1150 1484 errantes
1181 1428 1432 1497 praefatos
1469 1429 1857 1494 Samaritanos,

288 1519 332 1572 si
364 1526 542 1572 tamen
567 1533 777 1574 errasse
805 1518 1126 1584 creduntur,
1158 1521 1226 1575 ab
1251 1534 1435 1575 errore
1461 1521 1680 1576 minime
1708 1535 1863 1576 revo-

290 1610 452 1674 cavit,
488 1610 581 1665 sed
614 1617 672 1663 ut
704 1610 757 1664 in
790 1610 977 1665 eodem
1013 1626 1194 1665 errore
1231 1612 1487 1682 perirent,
1518 1611 1866 1682 imperatoris

290 1709 525 1756 mentem
544 1701 863 1770 postulando
884 1703 1199 1769 concitavit;
1225 1714 1279 1757 et
1299 1719 1434 1772 quos
1454 1703 1589 1757 vidit
1610 1704 1710 1758 sub
1730 1718 1864 1759 one-

294 1808 353 1845 re
384 1798 725 1860 peccatorum
755 1792 1034 1856 ceeidisse,
1072 1808 1178 1848 non
1206 1792 1378 1847 solum
1404 1808 1509 1846 non
1535 1792 1707 1848 erexit
1725 1831 1740 1855 ,
1771 1791 1865 1847 sed
1901 1759 1942 1817 Β

294 1882 393 1935 sub
431 1880 616 1934 eodem
656 1894 818 1934 onere
856 1880 1109 1935 atrociter
1146 1880 1321 1949 perire
1356 1880 1618 1950 permisit,
1658 1881 1873 1935 dicente

295 1970 524 2027 Domino
549 1988 561 2022 :
589 1968 649 2025 Si
677 1970 869 2025 videris
893 1972 1097 2024 asinum
1120 1972 1340 2025 odientis
1354 1972 1533 2042 jacere
1568 1972 1662 2025 sub
1697 1987 1865 2034 onere,

299 2077 400 2113 non
440 2060 792 2130 pertransibis,
837 2060 927 2114 sed
964 2061 1251 2115 sublevabis
1293 2080 1409 2115 cum
1448 2080 1506 2116 eo
1549 2060 1771 2133 (1ὺὶι1.);
1817 2062 1871 2116 in

297 2151 554 2206 Proverb.
584 2167 795 2221 quoque
817 2153 1071 2206 scribitur
1096 2167 1110 2205 :
1136 2151 1196 2207 Si
1211 2153 1446 2206 esurierit
1468 2152 1708 2206 inimicus
1730 2161 1871 2216 tuus,

300 2245 414 2300 ciba
447 2244 628 2309 illum;
659 2246 705 2298 si
738 2247 865 2311 sitit,
887 2256 1064 2317 potum
1089 2246 1159 2300 da
1179 2246 1259 2300 illi
1280 2263 1297 2301 :
1319 2248 1415 2301 hoc
1452 2249 1589 2302 enim
1612 2245 1874 2316 faciendo,

300 2334 547 2388 carbones
568 2336 703 2405 ignis
724 2352 964 2407 congeras
997 2352 1151 2407 super
1181 2346 1332 2406 caput
1364 2338 1496 2407 ejus,
1528 2336 1669 2391 Deus
1701 2345 1877 2389 autent

303 2424 546 2477 retribuet
575 2425 667 2478 tibi
695 2425 874 2497 (Prov.
902 2426 1051 2498 xxv),
1077 2428 1202 2496 quia
1227 2427 1471 2483 videlicet
1491 2442 1624 2498 quos
1646 2442 1877 2497 peccan-

304 2515 649 2574 doinimicos
672 2516 893 2580 sciebat,
919 2524 974 2572 et
998 2516 1320 2587 spiritalium
1347 2518 1590 2572 ciborum
1614 2517 1807 2571 eduliis
1827 2524 1884 2571 et

303 2606 557 2660 salutaris
590 2606 764 2675 poculi
794 2620 1013 2678 egenos,
1041 2608 1087 2661 si
1116 2608 1418 2663 divinorum
1445 2608 1732 2663 verborum
1757 2623 1881 2663 esca

306 2695 419 2749 sive
452 2702 579 2766 potu
612 2704 899 2761 saturarct,
936 2697 1197 2751 carbones
1234 2697 1374 2768 ignis
1407 2696 1498 2766 qui
1536 2703 1593 2752 et
1630 2703 1881 2765 peceato-

307 2798 429 2837 rum
462 2784 759 2855 rubiginem
795 2795 1189 2853 consumerent,
1224 2798 1280 2841 et
1313 2802 1407 2842 eos
1443 2788 1511 2843 ad
1540 2786 1884 2843 dilectionem

308 2878 401 2931 Dei
441 2885 495 2931 et
534 2878 764 2948 proximi
811 2880 1182 2943 accenderent,
1232 2896 1394 2950 super
1434 2880 1632 2951 capita,
1680 2887 1886 2935 mentes

310 2968 516 3023 scilicet
551 2984 757 3035 eorum,
794 2980 1127 3041 congereret.
1167 2971 1471 3026 Vindictam
1506 2987 1635 3042 ergo
1673 2986 1883 3040 qumre-

311 3074 371 3113 re
396 3067 451 3113 et
479 3059 902 3115 misericordiam
932 3075 1186 3131 spernere
1223 3062 1466 3133 iramque
1494 3078 1732 3128 servare,
1766 3078 1883 3131 qua:

311 3152 490 3206 omnia
514 3152 757 3222 superius
776 3153 962 3224 posita
984 3153 1175 3208 litterze
1199 3151 1482 3224 praefatum
1506 3154 1884 3224 imperatorem

313 3240 541 3295 hortatre
562 3240 725 3295 fuisse
751 3242 1115 3310 perhibentur,
1142 3243 1228 3297 bis
1246 3242 1612 3298 Ecclesiastici
1640 3243 1759 3298 libri
1788 3242 1884 3297 do-

314 3330 579 3384 cumentis
604 3331 920 3386 cohibentur
945 3349 957 3385 :
985 3331 1087 3398 Qui
1116 3350 1190 3399 se,
1220 3334 1413 3404 inquit,
1444 3350 1548 3389 non
1578 3335 1824 3400 vindicat,
1854 3353 1887 3389 a

314 3419 426 3473 Dea
455 3420 672 3473 inveniet
700 3420 998 3485 vindictam,
1036 3432 1081 3476 et
1105 3434 1316 3492 peccata
1344 3425 1489 3478 illius
1524 3424 1776 3489 servabit;
1810 3442 1890 3478 re-

314 3510 492 3581 linque
510 3512 747 3580 proxima
772 3514 972 3566 nocenti
992 3521 1057 3577 te,
1084 3523 1131 3567 et
1157 3523 1278 3567 tunc
1300 3518 1492 3585 petenti
1518 3513 1610 3567 tibi
1629 3513 1891 3568 solventur

316 3609 546 3671 peccata.
594 3598 766 3656 Homo
800 3603 997 3658 homini
1026 3614 1191 3658 servat
1232 3606 1386 3667 iram,
1420 3618 1467 3657 et
1500 3620 1532 3656 a
1568 3602 1674 3656 Deo
1705 3602 1891 3671 quaerit

317 3688 609 3755 medelam;
647 3692 701 3745 in
737 3691 997 3747 hominem
1034 3693 1135 3746 sibi
1167 3691 1389 3746 similem
1424 3708 1529 3745 non
1561 3689 1712 3743 habet
1745 3689 1895 3742 mise-

318 3780 617 3843 ricordiam,
644 3788 691 3835 et
727 3782 791 3835 de
819 3784 1041 3852 peccatis
1066 3784 1174 3835 suis
1200 3781 1512 3852 deprecatur
1531 3797 1550 3834 :
1571 3782 1679 3850 ipse
1712 3779 1894 3833 retinet

320 3875 475 3933 iram,
509 3880 555 3923 et
577 3872 997 3940 propitiationem
1024 3873 1147 3941 petit
1178 3890 1210 3924 a
1240 3872 1367 3935 Dea,
1397 3872 1512 3941 quis
1537 3868 1895 3940 deprecabitur

321 3975 413 4026 pro
448 3958 648 4011 delictis
683 3958 796 4028 ejus
822 3958 1008 4030 (Eccli.
1035 3959 1260 4031 xxvm)?
1292 3960 1424 4014 item
1449 3960 1599 4015 Isaiae
1621 3958 1759 4013 vatis
1778 3974 1898 4013 ora-

322 4047 444 4101 culo
468 4060 565 4115 pro
593 4047 749 4102 malis
777 4049 915 4102 mala
942 4049 1164 4104 reddere
1205 4050 1308 4104 hoc
1344 4051 1501 4104 modo
1538 4050 1853 4119 prohibetur
1872 4063 1891 4102 :

322 4137 531 4201 Audite,
560 4137 749 4205 inquit,
781 4137 931 4192 verba
958 4138 1188 4203 Domini,
1211 4140 1301 4210 qui
1327 4140 1514 4201 timetis
1543 4155 1729 4194 nomen
1759 4139 1893 4204 eius,

323 4227 521 4299 dicite:
545 4226 758 4283 Fratres
783 4232 944 4287 nostri
970 4231 1090 4285 estis
1117 4232 1205 4302 qui
1235 4248 1321 4285 vos
1361 4231 1578 4285 oderunt
1612 4240 1658 4284 et
1695 4230 1896 4285 abomi-

325 4316 565 4372 nantibus
590 4335 696 4384 vos,
723 4330 780 4373 ut
804 4337 991 4375 nomen
1020 4320 1231 4375 Domini
1259 4321 1639 4391 magni/iretur,
1667 4330 1714 4375 et
1743 4338 1901 4391 appa-

1950 522 2027 575 ait
2046 523 2186 575 enim
2211 524 2264 576 in
2287 522 2509 591 epistola
2531 524 2598 578 ad
2620 524 2921 580 Romanos:
2948 526 3124 581 Nolite
3142 527 3420 597 prudentes
3437 529 3524 596 [ie-

1951 611 1996 662 ri
2017 610 2157 679 apud
2182 604 2507 676 vosmetipsos
2524 652 2537 677 ,
2563 612 2694 667 nulli
2716 614 2911 668 malum
2936 633 3029 684 pro
3052 616 3195 670 mala
3222 616 3491 671 reddentes
3509 660 3525 682 ,

1949 702 2271 771 providentes
2295 703 2428 758 bona
2451 722 2553 759 non
2574 704 2741 758 solum
2763 723 2940 761 caram
2959 707 3067 762 Dea
3082 748 3097 772 ,
3119 716 3208 763 sed
3248 711 3406 764 etiam
3439 727 3528 764 ca-

1954 806 2065 844 ram
2092 792 2327 847 omnibus
2347 793 2657 857 hominibus,
2681 796 2728 848 si
2748 795 2867 864 ﬁeri
2895 806 3089 865 potest;
3125 797 3262 867 quod
3297 816 3364 852 εκ
3393 799 3534 852 vobis

1951 887 2056 941 est,
2095 896 2217 933 cum
2254 883 2491 936 omnibus
2518 882 2814 937 hominibus
2842 900 3022 954 pacem
3052 885 3252 949 habete,
3290 902 3393 941 non
3426 904 3533 941 vos-

1952 970 2193 1040 metipsas
2215 971 2542 1040 defendentes
2559 1013 2571 1036 ,
2597 972 2687 1026 sed
2704 973 2824 1027 date
2842 973 3012 1027 locum
3035 976 3161 1040 iraa;
3185 978 3432 1047 scriptum
3458 988 3533 1031 est

1953 1061 2089 1113 enim
2116 1076 2133 1114 :
2158 1060 2291 1114 Mihi
2324 1062 2637 1125 vindictam;
2666 1079 2757 1132 ego
2794 1064 3093 1129 retribuam,
3128 1066 3253 1121 dicit
3278 1067 3531 1120 Dominus

1958 1149 2135 1220 (Rom.
2165 1152 2285 1221 xu).
2327 1151 2384 1206 Si
2408 1167 2537 1223 ergo
2559 1154 2918 1224 nosmetipsos
2941 1157 3142 1227 egregii
3163 1158 3535 1227 prmdieatoyis

1960 1239 2282 1296 documento
2316 1242 2603 1299 defendere
2650 1244 2871 1300 minime
2903 1246 3192 1312 debemus,
3228 1249 3349 1316 quis
3385 1246 3536 1303 furor

1959 1340 2061 1395 est,
2093 1347 2279 1401 quaeve
2305 1334 2572 1391 dementia
2602 1344 2660 1390 ut
2695 1351 2875 1392 rerum
2911 1338 3305 1394 insensatarum
3341 1356 3536 1395 secun-

1963 1422 2091 1476 dum
2118 1424 2546 1479 exhortationem
2571 1428 2883 1482 earumdem
2906 1428 3203 1483 litterarum
3229 1446 3346 1500 qum
3369 1430 3538 1486 Justi—

1963 1514 2124 1568 niano
2157 1514 2336 1570 missae
2363 1522 2514 1578 sunt,
2550 1516 2771 1585 injurias
2797 1517 3084 1574 defendere
3112 1519 3419 1573 Studeamus
3438 1559 3453 1583 ,
3484 1526 3541 1572 et

1961 1604 2179 1671 pictatis
2201 1619 2364 1670 opera
2391 1620 2511 1671 quae
2542 1622 2641 1657 nec
2668 1623 2765 1673 pro
2793 1608 2993 1659 nostris
3017 1610 3232 1673 quidam
3257 1608 3542 1659 calumniis

1967 1692 2214 1747 amittere
2237 1693 2511 1758 debemus,
2541 1708 2638 1761 pro
2662 1694 2996 1763 picturarum
3019 1694 3380 1760 contumeliis,
3406 1709 3542 1765 quas

1971 1786 2075 1840 illze
2103 1786 2324 1839 minime
2351 1786 2606 1851 sentiunt,
2636 1786 2989 1841 amittamus?
3023 1785 3139 1841 Non
3165 1788 3328 1857 igitur
3355 1787 3408 1842 in
3439 1789 3542 1842 hac

1968 1890 2119 1949 parte
2143 1880 2377 1947 scriptor
2398 1877 2634 1946 ejusdem
2660 1878 2901 1949 epistol-.e
2937 1879 3108 1933 sancti
3143 1879 3242 1933 viri
3283 1878 3540 1948 Stephani

1966 1971 2378 2041 protomartyris
2396 1970 2636 2039 exempla
2656 1978 2871 2024 secutus
2896 1978 2981 2024 est
3008 1985 3130 2024 cum
3157 1970 3405 2024 videlicet
3436 1970 3545 2038 ille,

1971 2062 2098 2116 dum
2130 2063 2367 2131 lapidum
2391 2061 2651 2131 grandine
2681 2061 2912 2129 undique
2950 2061 3053 2115 sibi
3089 2062 3253 2115 misso
3292 2062 3550 2117 atrociter

1973 2160 2311 2221 quateretur,
2340 2150 2490 2205 ﬂexis
2516 2150 2803 2220 poplitibus
2826 2165 2925 2219 pro
2947 2151 3383 2219 persecutoribus
3420 2167 3547 2207 ora-

1976 2240 2072 2304 vit,
2100 2240 2199 2294 iste
2222 2254 2347 2293 vero
2371 2239 2660 2308 imaginum
2685 2237 2907 2306 injurias
2941 2253 3061 2306 qua:
3090 2239 3159 2293 ab
3195 2238 3300 2292 illis
3332 2240 3551 2294 minime

1976 2330 2280 2384 sentiuntur
2306 2344 2410 2382 non
2437 2328 2632 2389 ferens,
2662 2326 2899 2396 ejusdem
2924 2326 3130 2395 injuria-
3157 2334 3554 2397 perpetratores

1978 2418 2265 2489 pcrniciter
2293 2424 2349 2472 et
2376 2418 2577 2486 absque
2604 2416 2969 2471 misericordia
2996 2432 3189 2487 magna
3211 2418 3311 2473 sub
3338 2426 3556 2473 attesta-

1979 2509 2123 2563 tione
2162 2507 2545 2562 interimendos
2585 2521 2703 2561 esse
2741 2507 2979 2577 rogavit,
3017 2522 3311 2577 eorumque
3347 2509 3557 2563 animas

1981 2597 2339 2653 anathematis
2371 2596 2584 2651 vinculo
2606 2610 2774 2651 nexas
2794 2596 2861 2650 ad
2880 2605 3139 2666 perpetua
3167 2598 3427 2668 supplicia
3457 2598 3555 2653 de-

1983 2690 2185 2743 stinare
2222 2688 2448 2743 curavit.
2486 2687 2732 2757 Neglexit
2764 2688 2967 2743 interea
3006 2689 3316 2744 earumdem
3352 2689 3559 2744 littera-

1983 2793 2102 2831 rum
2141 2777 2372 2845 scriptor
2406 2776 2674 2845 patienter
2712 2776 2825 2831 sive
2863 2787 3142 2832 mansuete
3174 2779 3229 2831 in
3266 2778 3368 2834 bac
3409 2788 3560 2849 parte

1983 2882 2161 2936 agere,
2191 2867 2497 2936 sprevitque
2517 2866 2632 2934 ejus
2654 2866 3086 2936 prsedicationem
3115 2869 3438 2938 adimplere,
3468 2870 3561 2939 qui

1985 2957 2054 3010 ad
2084 2955 2586 3011 Thessalonicenses
2618 2956 2841 3012 scribit:
2867 2955 3134 3012 Patientes
3166 2968 3326 3013 estate
3350 2959 3419 3013 ad
3443 2976 3558 3013 am-

1987 3061 2096 3109 nes,
2120 3043 2281 3099 videte
2303 3060 2364 3098 ne
2381 3045 2497 3115 quis
2520 3042 2714 3097 malum
2740 3061 2836 3115 pro
2864 3044 3004 3099 mala
3037 3047 3197 3100 alicui
3232 3047 3436 3112 reddat,
3472 3049 3564 3102 sed

1988 3152 2186 3207 semper
2203 3136 2341 3208 quod
2365 3135 2554 3190 bonum
2578 3144 2651 3190 est
2674 3137 2890 3190 invicem
2915 3138 3205 3200 sectamini,
3229 3146 3276 3191 ct
3300 3139 3359 3193 in
3388 3154 3564 3193 omnes

1988 3224 2040 3294 (I
2074 3224 2251 3279 Thess.
2280 3226 2357 3297 v),
2387 3225 2636 3294 illiusque
2663 3226 2878 3281 monitis
2897 3228 3217 3297 contempsit
3236 3242 3449 3297 parere,
3472 3229 3565 3298 qui

1987 3316 2063 3370 ait
2085 3334 2098 3369 :
2126 3315 2316 3370 Melior
2331 3327 2405 3371 est
2426 3326 2727 3371 mansuetus
2746 3334 2864 3370 cum
2883 3317 3176 3372 humilitate
3194 3335 3353 3389 quam
3372 3320 3461 3389 qui
3482 3319 3565 3372 di-

1988 3409 2112 3462 vidit
2136 3409 2370 3478 prwdam
2399 3425 2517 3462 cum
2546 3407 2929 3463 contumeliosis
2957 3406 3138 3476 (Prov.
3172 3407 3319 3479 xvi);
3353 3416 3408 3463 et
3434 3408 3562 3462 dum

1990 3497 2171 3552 debuit
2195 3497 2247 3550 in
2270 3497 2561 3565 eripiendis
2586 3497 2798 3551 miseris
2821 3498 2956 3551 iram
2982 3496 3123 3566 regis
3151 3495 3424 3552 refrenare
3439 3486 3565 3562 ,‘di—

1990 3596 2145 3641 cente
2173 3586 2491 3641 Salomone:
2518 3587 2659 3640 Erue
2679 3604 2764 3640 eas
2798 3586 2887 3656 qui
2920 3586 3184 3640 ducuntur
3217 3586 3286 3640 ad
3324 3598 3563 3652 mortem,

1992 3687 2038 3731 et
2063 3676 2254 3731 redime
2275 3677 2364 3747 qui
2390 3676 2790 3744 interﬁciuntur,
2822 3692 2886 3730 ne
2908 3693 3128 3741 parcas;
3150 3678 3195 3731 si
3219 3687 3393 3732 autem
3415 3679 3566 3732 dixe-
3650 3660 3659 3672 ’

1995 3766 2065 3819 ris
2091 3781 2109 3818 :
2137 3765 2260 3820 Non
2282 3767 2402 3819 navi
2424 3767 2578 3829 hunc,
2611 3768 2741 3820 scito
2766 3767 2891 3831 quia
2921 3764 3177 3819 Dominus
3205 3767 3364 3820 corda
3395 3768 3565 3821 hami-

1994 3873 2118 3910 num
2143 3858 2299 3921 navit,
2327 3866 2372 3911 et
2395 3859 2484 3927 qui
2506 3858 2661 3925 ﬁnxit
2682 3858 2921 3927 spiritum
2948 3858 3185 3912 omnibus
3214 3858 3301 3913 ille
3329 3861 3423 3913 scit
3453 3876 3567 3913 om-

1995 3948 2105 4013 nia,
2133 3948 2221 4017 qui
2251 3947 2424 4000 reddet
2453 3948 2731 4018 unicuique
2757 3948 3040 4001 secundum
3068 3965 3223 4019 opera
3253 3966 3350 4004 sua
3382 3949 3565 4021 (Prov.

1996 4040 2169 4108 xxrv),
2198 4052 2352 4090 versa
2386 4038 2499 4091 vice
2535 4038 2601 4092 ad
2639 4037 3066 4093 interfectionem
3110 4047 3164 4094 et
3202 4042 3571 4098 crudelitatem

1996 4130 2351 4187 exercendam
2378 4131 2718 4201 imperatoris
2743 4132 2982 4187 animum
3007 4134 3119 4188 suis
3147 4133 3343 4191 litteris
3362 4137 3571 4191 excita-

1997 4224 2092 4277 vit.
2130 4223 2265 4289 Quia
2310 4239 2441 4295 ergo
2476 4223 2528 4277 hi
2561 4223 2651 4293 qui
2680 4222 2934 4292 injuriam
2971 4224 3267 4295 patiuntur,
3310 4226 3573 4281 liberandi

1998 4327 2138 4379 sunt,
2171 4314 2305 4369 liber
2330 4314 2743 4370 Ecclesiasticus
2767 4316 3118 4370 demonstrat.
3155 4316 3248 4370 Ait
3274 4317 3417 4371 enim
3441 4331 3455 4369 :
3484 4316 3572 4370 Li-

326 4417 432 4460 reat
462 4408 586 4477 ipsis
618 4410 674 4461 in
694 4409 1026 4479 jucunditate
1059 4428 1258 4476 eorum,
1299 4421 1345 4465 et
1382 4410 1461 4464 illi
1492 4410 1893 4481 confundentur.
1924 4410 2123 4510 Dberu
2164 4424 2281 4462 eum
2319 4410 2409 4480 qui
2445 4408 2696 4477 injuriam
2732 4408 2932 4477 patitur
2965 4408 3029 4461 de
3066 4423 3227 4461 manu
3263 4408 3486 4478 protervi
3526 4418 3575 4460 rt

328 4494 584 4550 Dominus
627 4513 840 4568 quoque
882 4500 935 4553 in
981 4499 1266 4572 Evangelia
1302 4501 1549 4556 inimicos
1586 4501 1698 4555 sive
1741 4515 1903 4569 prave

328 4592 565 4652 agentes,
591 4603 695 4641 non
723 4588 858 4642 iram
884 4589 1266 4654 suscitandam,
1300 4607 1397 4645 nec
1427 4591 1718 4645 vindictam
1753 4604 1905 4645 exer-

330 4674 572 4740 condam,
616 4691 718 4731 nec
765 4678 1043 4734 maledicta
1097 4682 1430 4751 congerenda
1477 4681 1760 4750 pnecepit,
1809 4680 1905 4735 sed

329 4763 670 4821 dilectionem
707 4782 835 4839 erga
870 4785 964 4825 eos
1003 4770 1357 4826 exhibendam
1396 4773 1479 4826 his
1523 4772 1905 4827 sacratissimis

332 4856 508 4909 verbis
537 4856 763 4911 instituit
787 4872 802 4910 :
825 4857 1034 4929 Diligite
1063 4862 1297 4915 inimicas
1326 4872 1531 4924 vestras,
1564 4872 1611 4915 et
1641 4872 1785 4916 orate
1810 4879 1903 4932 pro

330 4947 402 5000 eis
434 4946 524 5016 qui
557 4962 642 4999 vos
669 4958 1077 5017 persequuntur;
1099 4950 1378 5003 benedicite
1408 4949 1769 5004 maledicentes
1798 4967 1902 5014 vos,

332 5035 614 5103 benefacite
634 5036 708 5088 eis
730 5038 821 5106 qui
851 5054 935 5092 vos
963 5037 1198 5098 aderunt,
1232 5048 1286 5092 ut
1316 5040 1428 5093 sitis
1465 5038 1565 5107 ﬁlii
1604 5038 1780 5093 Patris
1819 5056 1904 5093 ve-

334 5129 428 5180 stri
456 5128 546 5198 qui
568 5128 624 5180 in
650 5127 790 5182 ccelis
820 5138 912 5189 est,
946 5130 1035 5199 qui
1064 5129 1223 5183 salem
1254 5146 1406 5183 suum
1438 5131 1568 5182 oriri
1597 5130 1723 5199 facit
1751 5147 1908 5201 super

336 5218 494 5272 bonas
516 5228 563 5271 et
588 5219 772 5283 malos,
796 5228 845 5273 et
868 5219 996 5290 pluit
1020 5237 1173 5291 super
1187 5221 1359 5290 justas
1379 5231 1424 5274 et
1450 5221 1668 5290 injustas
1691 5222 1903 5293 (.llatth.

339 5309 411 5381 v).
447 5310 580 5364 Nam
618 5310 664 5365 si
704 5311 782 5366 illi
814 5327 945 5368 voce
979 5312 1214 5367 veridica
1250 5313 1500 5384 diligendi
1533 5315 1710 5384 potius
1747 5330 1908 5384 quam

340 5399 689 5456 maledicendi
720 5411 773 5456 et
800 5403 1119 5458 exsecrandi
1157 5412 1283 5458 sunt
1315 5406 1407 5475 qui
1449 5420 1547 5461 nos
1585 5406 1816 5461 oderunt
1857 5414 1915 5461 et

340 5499 752 5559 persequuntur,
778 5493 867 5563 qui
895 5494 1078 5564 utique
1099 5493 1276 5566 imago
1302 5494 1394 5549 Dei
1414 5510 1619 5561 sumus,
1643 5496 1914 5552 multomi-

343 5594 444 5633 nus
463 5579 538 5634 illi
557 5580 904 5638 maledicendi
926 5598 1017 5639 seu
1035 5583 1300 5656 plectendi
1323 5594 1463 5651 sunt,
1481 5588 1571 5657 qui
1588 5587 1817 5657 picturis
1837 5588 1915 5644 in-

334 5662 511 5735 jus-ias
528 5669 773 5740 injecisse
797 5673 1057 5730 feruntur.
1098 5673 1206 5733 Vas
1238 5693 1448 5749 quoque
1472 5679 1748 5735 electionis
1783 5681 1912 5735 nulli

590 5783 863 5846 Ριτιιοι..
911 5787 1186 5850 XCVIII.

2004 4516 2139 4570 a’gre
2158 4501 2297 4570 {eras
2322 4500 2377 4553 in
2395 4500 2571 4553 anima
2590 4507 2714 4562 tua;
2738 4498 2792 4551 in
2809 4497 3101 4567 judicando
3125 4508 3229 4552 esto
3250 4497 3462 4569 pupillis
3484 4500 3578 4551 mi-

2004 4592 2223 4644 sericors
2246 4599 2299 4643 ut
2319 4599 2487 4660 pater,
2510 4598 2557 4641 et
2574 4606 2671 4658 pro
2696 4589 2801 4642 viro
2822 4589 2979 4642 matri
3000 4588 3210 4642 illorum
3235 4603 3253 4642 :
3276 4597 3323 4642 et
3352 4590 3455 4643 eris
3477 4589 3578 4643 vel-

2006 4691 2059 4734 ut
2100 4680 2243 4750 [ilius
2285 4679 2535 4734 Altissimi
2563 4679 2803 4733 abediens
2822 4719 2836 4742 ,
2864 4688 2911 4732 et
2938 4678 3264 4733 miserebitur
3290 4679 3383 4732 tibi
3412 4682 3579 4749 magis

2003 4790 2158 4843 quant
2188 4782 2353 4827 mater
2378 4771 2566 4844 (Eccli.
2596 4773 2691 4843 tv).
2728 4773 2829 4827 Per
2881 4771 3072 4827 Isaiam
3110 4786 3323 4842 quoque
3348 4774 3579 4841 prophe-

2008 4874 2115 4918 tam
2149 4863 2220 4918 ita
2246 4864 2312 4918 de
2342 4864 2443 4919 hac
2468 4878 2525 4917 re
2550 4862 2745 4918 dicitur
2769 4876 2785 4914 :
2810 4861 3066 4931 lnquirite
3088 4860 3370 4930 judicium,
3398 4861 3579 4931 eripite

2006 4954 2255 5024 injuriam
2284 4953 2634 5021 accipientem,
2662 4959 2710 5003 et
2730 4950 2967 5019 judicate
2984 4948 3202 5020 pupilla,
3229 4958 3277 5002 et
3292 4948 3582 5018 justiﬁcate

2009 5041 2247 5103 viduam,
2283 5049 2331 5094 et
2365 5040 2527 5093 venite
2562 5038 2913 5107 disputemus,
2949 5038 3074 5091 dicit
3112 5037 3366 5091 Dominus
3400 5053 3418 5090 :
3450 5046 3497 5091 et
3536 5036 3581 5090 si

2009 5134 2200 5201 fuerint
2228 5139 2437 5200 peccata
2469 5137 2631 5182 vestra
2657 5135 2711 5180 ut
2732 5127 3058 5196 phamicium,
3088 5136 3143 5179 ut
3170 5128 3336 5181 nivem
3361 5127 3577 5180 dealba-

2011 5223 2104 5286 ba;
2131 5223 2176 5275 si
2205 5230 2376 5274 autem
2402 5229 2457 5272 ut
2485 5219 2773 5282 coccinum,
2813 5227 2867 5272 ut
2904 5216 3081 5271 lanam
3117 5217 3291 5272 albam
3322 5219 3537 5289 efﬁciam
3560 5233 3581 5273 :

2011 5317 2192 5387 eripite
2225 5314 2482 5382 direptum
2531 5310 2595 5365 de
2637 5328 2795 5365 manu
2837 5310 3138 5381 injuriantis
3185 5326 3303 5364 eum
3338 5308 3472 5379 (lsa.
3513 5309 3579 5382 ι).

2014 5406 2167 5462 Unde
2186 5405 2231 5460 si
2253 5403 2374 5474 quis
2394 5401 2505 5457 vult
2526 5401 2640 5456 ﬁeri
2663 5400 2807 5456 velut
2827 5401 2968 5456 Illius
2988 5400 3232 5455 altissimi
3262 5400 3376 5467 Dei,
3398 5402 3585 5471 utique

2013 5500 2267 5571 operibus
2292 5496 2450 5553 bonis
2469 5496 2737 5560 instando,
2765 5502 2819 5548 et
2846 5494 2992 5564 cupit
3018 5494 3101 5549 sui
3128 5508 3159 5548 a
3183 5494 3293 5549 Deo
3315 5493 3580 5561 misereri,

2014 5599 2068 5647 et
2092 5597 2436 5661 peccatorum
2473 5587 2722 5643 sordibus
2741 5585 2907 5651 ablui,
2939 5586 3024 5641 his
3049 5585 3228 5656 potius
3255 5585 3412 5641 debet
3438 5585 3584 5641 salu-

2014 5680 2267 5735 berrimis
2294 5678 2510 5734 monitis
2532 5678 2606 5730 uti
2639 5692 2799 5745 quam
2847 5674 2991 5729 illius
3038 5675 3275 5743 epistolae
3316 5676 3579 5746 perversi-

3060 5796 3137 5855 38
