4028 6180
331 346 462 404 IIS?

1102 342 1278 398 LIBRI
1312 343 1653 399 CAROLINI.
1693 374 1764 384 -—
1796 344 2016 400 CAPIT.
2058 345 2146 400 DE
2182 342 2370 400 IMAG.
2411 372 2481 382 -—
2512 344 2639 399 LIB.
2680 345 2773 401 IV.

3429 355 3557 409 “98

398 460 507 514 Sed
530 472 598 512 ne
644 458 765 527 quis
788 472 885 511 nos
921 462 1073 525 putet
1099 455 1614 525 aliquemjudicare,
1670 463 1761 509 aut
1780 455 1897 510 cui-
1929 454 2288 523 Aprophetas
2335 454 2448 510 sive
2495 456 2852 526 hagiographa
2917 458 3222 527 recipiant,
3264 461 3340 517 illi
3379 471 3435 517 et
3482 481 3568 521 re-

328 550 450 606 dam
474 546 628 617 cujus
651 547 831 601 meriti
857 561 1044 601 sumus
1065 547 1258 615 Ignari,
1284 546 1586 605 detrahere,
1613 552 1903 614 cognoscat

330 653 428 692 nos
454 653 562 693 non
582 638 748 691 vitam
777 634 1003 704 alicujus
1023 633 1173 704 justi,
1194 651 1302 688 non
1332 634 1585 689 meritum
1609 633 1898 697 discutere,

327 726 421 781 sed
460 726 625 781 verba
656 723 992 781 solummodo
1012 722 1310 778 ventilabro
1334 722 1637 776 divinorum
1660 720 1899 789 eloquio-

329 832 448 872 rum
474 818 713 872 studiose
733 816 1016 879 ventilare,
1038 829 1160 884 qua:
1210 814 1632 882 incompelenter
1656 812 1723 866 ad
1745 827 1898 867 erro-

326 922 443 961 rem
466 905 815 962 nutriendum
842 907 910 959 ad
938 903 1171 958 medium
1210 910 1335 957 sunt
1353 902 1600 967 deducta,
1626 918 1752 957 eum
1792 904 1903 957 sint

325 1013 574 1053 errorum
597 994 777 1051 nervis
801 1008 1183 1063 usquequaque
1204 1001 1474 1046 concreta.
1501 991 1611 1047 Nec
1628 992 1772 1046 enim
1794 992 1899 1046 alia

326 1084 573 1153 ejusdem
598 1083 869 1140 Simeonis
890 1084 1051 1137 verba
1083 1081 1416 1145 discutimus,
1435 1096 1553 1150 quae
1574 1087 1633 1135 ut
1655 1080 1901 1149 superius

331 1175 583 1237 diximus,
627 1188 892 1243 nusquam
930 1187 1030 1226 nos
1076 1170 1268 1239 legisse
1314 1170 1676 1235 meminimus,
1721 1169 1902 1224 sedea

336 1263 675 1319 solummodo
717 1278 836 1332 qua:
863 1276 1048 1317 eorum
1075 1260 1317 1330 apicibus
1358 1259 1699 1314 narrantibus
1743 1273 1901 1313 sensu

329 1339 699 1425 percipimus;
726 1361 782 1406 et
814 1366 938 1407 cum
975 1350 1277 1405 nesciamus
1329 1356 1509 1402 utrum
1541 1347 1781 1416 ejusdem
1814 1346 1902 1402 Si—

328 1444 554 1506 meonis,
583 1450 644 1496 ut
680 1441 758 1496 illi
785 1440 1045 1503 fatentur,
1072 1447 1166 1493 aut
1202 1438 1422 1493 alterius
1445 1437 1721 1505 cujusdam
1743 1438 1904 1492 verba

331 1534 441 1588 sint
464 1533 517 1586 in
547 1531 664 1600 ejus
706 1531 922 1586 nomine
956 1536 1275 1599 praenotata,
1331 1529 1576 1582 novimus
1620 1535 1800 1582 tamen
1841 1541 1903 1581 ea

329 1622 480 1679 muni
521 1620 872 1689 ambiguitate
914 1618 1204 1688 poSIpoSita
1230 1633 1260 1671 a
1294 1625 1603 1672 sanctarum
1659 1616 1902 1685 Scriptu-

329 1729 511 1769 ramm
538 1712 785 1768 sensibus
809 1711 1002 1773 aliena,
1017 1717 1071 1764 et
1092 1710 1284 1764 merito
1299 1709 1366 1763 ab
1382 1707 1906 1763 omiecclesiastico

328 1805 577 1875 dogmate
602 1802 917 1859 abdicanda.

934 1892 1158 1947 CAPUT
1199 1891 1261 1945 VI
1276 1931 1290 1945 .

330 2007 406 2062 De
430 2025 488 2062 eo
511 2006 647 2078 quod
669 2004 908 2078 omnibus
935 2004 1190 2078 Itteg'etricis
1207 2002 1571 2078 Samaritanus
1589 2010 1892 2078 ceteriores,

399 2088 449 2131 et
479 2072 829 2131 sumat-itania
864 2074 1143 2127 deteriores
1174 2089 1258 2126 eos
1306 2073 1483 2125 dicunt
1508 2073 1600 2135 qui
1644 2072 1897 2140 imagines

397 2147 691 2210 destruunt,
720 2160 837 2198 cum
882 2152 1117 2213 parentes
1144 2158 1324 2213 eorum
1351 2141 1635 2213 secundum
1684 2140 1897 2213 illorum

399 2216 688 2286 opinionem
712 2210 947 2286 omnibus
974 2212 1229 2265 hcrreticis
1259 2211 1538 2264 deteriores
1562 2210 1780 2280 fuerint,
1810 2210 1898 2280 qui

400 2282 575 2359 utique
600 2284 851 2354 imagines
873 2282 1195 2335 destruxere.

398 2376 517 2431 Non
545 2372 844 2429 sufﬁciebat
884 2372 994 2427 illis
1037 2372 1447 2441 prodecessores
1497 2370 1608 2424 sive
1650 2379 1901 2440 parentes

330 2482 518 2524 eorum
551 2464 909 2521 formidolosis
948 2462 1379 2517 anathematibus
1422 2462 1673 2517 abdicare
1717 2477 1781 2516 ac
1822 2461 1898 2515 di-

331 2562 503 2618 versis
558 2558 814 2615 conviciis
866 2557 1134 2622 lacerare,
1183 2554 1289 2609 nisi
1312 2569 1404 2609 eos
1435 2552 1685 2608 omnibus
1733 2552 1904 2607 hmre—

335 2650 456 2707 ticis
510 2634 774 2704 dixissent
821 2647 1117 2702 deteriores
1167 2643 1334 2700 fuisse
1358 2684 1371 2707 ,
1427 2643 1519 2712 qui
1567 2649 1769 2712 quanto
1809 2656 1904 2698 eos

333 2738 688 2795 atrocioribus
751 2735 962 2806 injuriis
1014 2735 1283 2791 exsecrari
1344 2736 1716 2797 contendunt,
1754 2740 1903 2787 tanto

334 2831 561 2901 amplius
587 2828 784 2884 divinis
828 2827 1047 2882 monitis
1096 2826 1490 2881 contradicunt.
1522 2824 1719 2879 Dicunt
1758 2823 1903 2879 enim

334 2919 703 2975 Samaritanos
747 2917 995 2974 omnibus
1040 2916 1312 2971 haereticis
1346 2914 1661 2978 deteriores,
1717 2915 1905 2982 eisque

335 3010 391 3064 in
427 3010 653 3064 crimine
677 3007 971 3079 praeferunt
1009 3021 1103 3061 eos
1150 3005 1242 3074 qui
1280 3004 1544 3074 imagines
1594 3003 1899 3057 destruunt.

334 3102 555 3157 Constat
590 3100 735 3155 enim
782 3097 1010 3166 majores
1034 3110 1224 3151 eorum
1261 3095 1520 3164 imagines
1544 3092 1898 3158 destruxisse,

334 3201 389 3247 et
439 3191 731 3247 secundum
783 3203 972 3243 eorum
1015 3186 1324 3257 opinionem
1371 3184 1463 3253 qui
1511 3182 1773 3253 imagines
1810 3182 1904 3236 de-

335 3291 548 3338 struunt
570 3281 925 3337 Samaritanis
962 3278 1258 3334 deteriores
1298 3284 1442 3341 sunt,
1466 3284 1520 3330 et
1559 3273 1903 3338 Samaritani,

337 3382 397 3426 ut
445 3373 521 3426 illi
559 3372 730 3434 aiunt,
786 3370 1035 3425 omnibus
1072 3368 1343 3423 haereticis
1389 3367 1686 3422 deteriores
1730 3373 1904 3421 sunt:

338 3463 589 3518 omnibus
624 3462 804 3532 igitur,
849 3468 910 3515 ut
947 3460 1025 3514 illi
1070 3460 1338 3523 fatentur,
1369 3458 1639 3512 haereticis
1678 3456 1909 3522 majores

338 3565 526 3604 eorum
579 3549 873 3604 deteriores
944 3547 1128 3611 fuere,
1188 3562 1325 3617 quos
1392 3553 1604 3601 constat
1647 3546 1907 3613 imagines

339 3641 686 3695 destruxissc.
716 3639 852 3694 Nam
892 3640 1020 3694 dum
1073 3640 1200 3704 sint,
1256 3646 1317 3692 ut
1346 3636 1444 3707 ipsi
1475 3643 1803 3699 asseverant,
1836 3636 1907 3690 ah

339 3730 577 3785 omnium
631 3731 1008 3785 hmrcticorum
1064 3728 1419 3783 deterioribus
1466 3734 1559 3780 aut
1598 3741 1696 3795 per
1731 3725 1911 3780 carnis

341 3824 623 3877 materiam
648 3823 947 3893 propagati,
989 3832 1081 3876 aut
1118 3822 1171 3874 in
1204 3820 1604 3889 Scripturarum
1649 3818 1912 3887 dogmati-

340 3914 440 3966 bus
472 3910 704 3975 educati,
735 3919 831 3963 aut
885 3926 985 3981 per
1025 3926 1216 3964 manus
1253 3909 1650 3979 impositionem
1691 3907 1758 3961 ad
1790 3922 1914 3976 per-

340 4002 543 4071 agenda
598 4000 919 4054 Christiana:
942 4000 1216 4071 religionis
1265 3999 1521 4070 mysteria
1571 3999 1906 4063 consecrati,

342 4089 647 4144 mirandum
678 4096 759 4142 est
784 4089 876 4159 qui
917 4104 976 4144 se
1002 4089 1213 4144 caeteris
1238 4087 1515 4143 catholicis
1551 4088 1605 4141 in
1652 4089 1911 4141 constitu-

343 4179 577 4233 tionibus
610 4178 929 4233 exhihendis
954 4218 969 4243 ,
1004 4184 1058 4233 et
1096 4178 1351 4233 Ecclesiae
1390 4177 1765 4231 traditionibus
1805 4183 1915 4230 sta-

341 4267 552 4323 tuendis
572 4268 957 4324 eminentiores
997 4269 1325 4332 existiment,
1358 4275 1671 4336 tantamque
1704 4282 1763 4322 se
1787 4280 1913 4322 auc-

342 4356 575 4411 toritatis
620 4359 1028 4428 praerogativam
1079 4360 1280 4414 habere
1317 4357 1542 4427 jactent,
1598 4372 1720 4413 cum
1771 4358 1911 4414 hanc

340 4461 434 4500 eos
466 4447 663 4501 habere
703 4462 801 4502 nec
827 4448 1163 4518 propriorum
1187 4457 1399 4503 actuum
1433 4448 1546 4503 sive
1566 4448 1913 4503 documento-
1932 4470 1988 4533 ι)

342 4551 457 4589 rum
485 4536 759 4601 exercitia,
804 4553 903 4591 nec
944 4537 1204 4606 majorum
1252 4553 1471 4592 suorum
1518 4535 1758 4606 exempla
1778 4551 1906 4605 pro-

340 4627 484 4680 bent.
518 4626 653 4680 Nam
678 4627 722 4681 si
748 4627 834 4681 isti
862 4628 931 4682 ob
959 4628 1250 4698 imaginum
1273 4629 1640 4683 adorationem
1661 4627 1912 4682 omnibus

337 4717 615 4775 catholicis
639 4721 956 4791 praeferendi
985 4734 1127 4788 sunt,
1158 4723 1271 4793 jam
1306 4741 1414 4781 non
1460 4726 1513 4780 in
1539 4725 1781 4781 Ecclesia
1805 4726 1911 4780 vir-

338 4820 511 4865 tutum
533 4821 848 4879 sectatores,
887 4817 981 4869 scd
1005 4816 1298 4884 imaginum
1334 4816 1648 4872 adoratores
1676 4817 1913 4872 eminen-

337 4902 526 4955 tiorem
560 4901 738 4956 locum
778 4905 1072 4969 tenebunt;
1104 4915 1160 4961 et
1193 4907 1237 4960 si
1277 4907 1566 4976 imaginum
1599 4907 1913 4962 adoratores

336 4993 473 5045 intra
500 5000 742 5046 sanctam
766 4994 1060 5051 Ecclesium
1096 4996 1504 5051 eminentiorem
1557 4996 1734 5051 locum
1765 5004 1914 5052 tene-

336 5082 487 5144 bunt,
506 5076 620 5149 jam
643 5096 747 5136 non
766 5084 1073 5151 virtutibus,
1099 5086 1191 5141 sed
1218 5087 1492 5141 erroribus
1516 5094 1601 5142 est
1616 5088 1908 5142 utendum:

333 5178 416 5226 est
456 5179 636 5226 autem
665 5173 968 5241 virtutibus,
996 5193 1103 5230 non
1148 5177 1425 5231 erroribus
1476 5178 1771 5245 utendum;
1804 5194 1911 5233 non

333 5261 493 5331 igitur
519 5261 607 5317 isti
631 5263 699 5316 ob
718 5264 1010 5335 imaginum
1032 5266 1398 5321 adorationem
1437 5268 1689 5324 omnibus
1725 5270 1913 5324 catho-

333 5347 450 5403 lieis
502 5347 819 5419 praeferendi
882 5361 1028 5409 sunt.
1066 5353 1407 5409 ‘Samaritani
1452 5370 1721 5426 namque,
1778 5373 1914 5427 quos

332 5436 407 5491 illi
459 5438 646 5495 dieum
687 5442 937 5498 omnibus
968 5442 1237 5499 bzereticis
1284 5439 1623 5509 deteriores,’
1648 5462 1753 5502 non
1789 5455 1916 5501 sunt

332 5527 567 5583 haeretici
616 5529 1045 5587 Christianorum
1077 5573 1092 5598 ,
1146 5533 1246 5588 sed
1295 5531 1600 5591 Iudmorum
1644 5576 1661 5600 ,
1704 5552 1807 5593 nec
1854 5552 1913 5592 se

333 5630 528 5670 novum
561 5618 999 5688 Testamentum,
1052 5622 1150 5677 sed
1181 5622 1347 5677 Vetus
1402 5630 1588 5679 tenere
1630 5623 1908 5692 fatentur;

328 5707 421 5775 qui
457 5723 580 5766 cum
624 5710 796 5769 Iudaei
830 5714 1288 5771 resurrectionem
1328 5728 1614 5786 ternorum
1655 5718 1909 5777 crethnt.

2003 543 2392 600 surrectionem
2423 556 2682 615 spernunt
2703 587 2719 612 ,
2766 555 2821 602 et
2868 549 3113 618 exceptis
3155 552 3393 623 quinque
3437 555 3573 627 legis

2002 631 2153 686 libris
2197 646 2385 690 omnes
2430 634 2737 704 Scripturas
2775 645 2828 692 et
2861 638 3072 694 Veteris
3119 651 3174 695 et
3196 640 3331 698 Novi
3383 644 3571 699 Testa-

2001 725 2167 778 meuti
2212 734 2554 795 postpouunt.
2605 727 2740 782 Sunt
2801 738 2981 785 autem
3040 732 3280 802 reliquiae
3322 738 3567 807 gentium

2000 827 2135 880 quas
2180 812 2546 871 Sennacherib
2593 830 2690 870 rex
2744 818 3092 890 Assyriorum
3134 824 3326 879 decem
3389 828 3567 884 tribu~

1999 903 2101 959 bus
2146 904 2308 958 Israel
2354 905 2409 959 in
2479 905 2660 963 Medos
2683 909 2978 975 translatis,
3037 912 3105 967 ad
3159 917 3566 974 custodiendam

2000 982 2199 1047 tei’ram
2244 995 2407 1049 Israel
2452 997 2621 1052 misit.
2657 996 2761 1064 Qui
2807 1000 2935 1055 dum
2968 1000 3213 1058 leonibus
3250 1007 3567 1083 enitet-isque

1999 1084 2250 1154 pessimis
2292 1085 2422 1142 feris
2483 1088 2569 1144 vel
2627 1091 2946 1159 quibusdam
3002 1095 3164 1149 rebus
3216 1095 3569 1154 ineommodis

2000 1173 2056 1227 in
2120 1183 2266 1228 terra
2318 1175 2487 1230 Israel
2536 1185 2890 1243 vastarentur,
2962 1187 3018 1235 et
3066 1181 3385 1251 legationem
3456 1189 3567 1257 regi

2002 1261 2242 1318 facerent
2285 1276 2344 1319 se
2398 1265 2453 1319 in
2488 1266 2675 1322 eadem
2730 1268 2947 1339 regione
3003 1272 3296 1338 perdurare
3346 1275 3568 1332 minime

2002 1352 2181 1407 valere
2208 1353 2312 1408 nisi
2358 1353 2594 1424 legitima
2641 1357 2733 1412 Dei
2773 1367 2931 1413 terrae
2965 1361 3318 1430 custodirent,
3346 1366 3565 1434 quidam

2003 1441 2069 1496 de
2113 1442 2290 1497 levitis
2348 1446 2415 1499 ad
2465 1460 2558 1501 eos
2590 1448 2739 1503 missi
2784 1448 2949 1504 fuisse
2994 1452 3569 1527 perhibentur,aqui-

2000 1533 2104 1587 bus
2153 1533 2287 1602 legis
2316 1537 2665 1592 caeremonias
2694 1538 3036 1595 docerentur.
3090 1543 3298 1608 Quibus
3324 1562 3392 1601 ex
3418 1555 3570 1618 parte

2003 1623 2269 1690 susceptis
2313 1631 2369 1677 et
2408 1625 2462 1677 in
2516 1626 2759 1692 pluribus
2805 1629 3074 1681 haereseos
3126 1633 3374 1697 partibus
3408 1648 3570 1687 usur-

2003 1712 2167 1781 patis,
2204 1711 2337 1767 adeo
2372 1728 2559 1767 eorum
2607 1714 2838 1769 barbara
2865 1716 3137 1784 gentilitas
3161 1720 3340 1775 cordis
3362 1728 3570 1776 tumore

1930 1794 2189 1855 Binflata
2241 1810 2344 1866 est,
2386 1809 2447 1855 ut
2490 1802 2800 1870 postpositis
2859 1802 3077 1870 Iudatis,
3133 1807 3227 1876 qui
3276 1809 3460 1878 utique
3506 1811 3573 1865 dc

1999 1887 2165 1945 Iacob
2198 1891 2440 1960 germine
2476 1892 2809 1960 processisse
2876 1896 3204 1961 creduntur,
3260 1913 3320 1953 se
3365 1900 3567 1954 solum-

2001 1982 2160 2038 modo
2184 1982 2324 2038 ﬁlios
2366 1981 2534 2039 Iacob
2575 1999 2696 2039 esse
2725 1985 3043 2055 glorientur,
3077 1996 3236 2057 atque
3260 1989 3337 2043 ita
3362 1989 3573 2046 Iudaeo-

2000 2090 2124 2129 rum
2173 2077 2603 2131 communionem
2664 2077 2806 2132 sicut
2847 2085 2903 2132 et
2948 2088 3265 2134 exterarum
3328 2090 3458 2152 gent
3480 2098 3570 2136 um

1999 2185 2256 2240 spernere
2298 2168 2440 2225 fastu
2494 2170 2799 2240 impellente
2853 2180 3133 2241 cogantur.
3209 2173 3284 2227 De
3334 2189 3572 2242 quorum

1998 2260 2171 2329 stirpe
2232 2266 2352 2314 erat
2413 2259 2698 2315 Samaritis
2766 2259 2997 2324 femina,
3048 2276 3168 2330 quae
3229 2263 3298 2317 ad
3350 2272 3571 2332 puteum

1998 2351 2295 2407 Dominicis
2324 2352 2605 2421 colloquiis
2652 2353 3074 2418 eommunicans,
3113 2354 3259 2408 inani
3300 2353 3570 2423 jactantia

2000 2447 2212 2510 patrem
2252 2455 2409 2494 suum
2447 2438 2614 2495 Iacob
2665 2441 2757 2510 qui
2813 2441 2915 2496 sibi
2942 2448 3166 2510 puteum
3215 2441 3471 2508 dedisset,
3517 2452 3571 2498 et

2004 2529 2402 2598 redemptorem
2453 2530 2643 2586 mundi
2687 2545 2755 2586 eo
2824 2528 3082 2598 majorem
3132 2545 3245 2585 non
3295 2546 3416 2587 esse
3451 2549 3571 2588 cum

2004 2635 2196 2690 magna
2249 2621 2621 2677 eervicositate
2681 2622 2975 2685 asserebat,
3028 2619 3369 2690 majorcsque
3448 2638 3575 2678 suos

2000 2727 2111 2767 non
2170 2710 2579 2782 Hierosolymis,
2628 2712 2722 2767 sed
2752 2712 2806 2766 in
2834 2720 3015 2766 monte
3057 2713 3312 2768 adorasse
3340 2712 3569 2768 dicebat.

1998 2802 2177 2869 Quam
2202 2802 2631 2859 oen'icositatem
2678 2802 2839 2858 simul
2862 2814 2992 2858 cum
3026 2802 3218 2873 hydria
3236 2809 3298 2857 et
3326 2802 3572 2858 incredu-

2004 2898 2159 2954 litate
2200 2899 2469 2967 deposuit,
2522 2906 2579 2953 et
2630 2898 2959 2954 salutaribus
3009 2897 3231 2953 monitis
3282 2895 3574 2966 acquievit.

2000 2987 2136 3055 Quae
2181 2990 2311 3058 quid
2355 2989 2550 3060 typicis
2598 2988 2841 3044 innuerit
2896 2988 3178 3059 mysteriis
3222 2988 3269 3043 si
3338 2987 3579 3042 breviter

2002 3095 2384 3151 exsequamur,
2452 3097 2565 3137 non
2606 3090 2697 3136 est
2752 3081 3166 3150 inconsequens.
3218 3079 3404 3138 Gessit
3449 3094 3579 3149 ergo

2007 3180 2197 3242 typum
2261 3174 2425 3227 tonius
2498 3172 2716 3227 humani
2768 3172 3000 3243 generis,
3070 3172 3217 3241 quod
3266 3179 3581 3226 senescente

2003 3259 2119 3331 jam
2168 3262 2371 3317 nume
2407 3262 2475 3316 ad
2516 3261 2803 3317 Domuum
2849 3261 3014 3326 venit,
3067 3261 3165 3331 qui
3221 3269 3372 3319 sexta
3394 3260 3581 3331 utique

2007 3358 2167 3405 aetate
2219 3351 2402 3406 mundi
2448 3351 2515 3405 ad
2566 3359 2787 3419 puteum
2838 3351 2997 3414 sedit,
3052 3350 3143 3419 qui
3194 3350 3379 3404 mundi
3422 3347 3583 3419 hujus

2008 3451 2286 3497 terrenum
2316 3442 2555 3496 laborem
2586 3450 2648 3495 et
2684 3455 2926 3496 errorem
2972 3444 3254 3493 tenebrosa
3303 3438 3582 3507 profundi-

2013 3540 2121 3586 tate
2161 3532 2454 3601 signiﬁcat;
2513 3532 2668 3594 sedit,
2713 3530 2954 3599 inquam,
2999 3529 3355 3584 humilitatem
3402 3528 3579 3584 carnis

2010 3636 2107 3691 pro
2158 3621 2313 3675 nobis
2361 3628 2623 3690 suscepta:
2662 3619 2938 3691 fatigatus,
2996 3619 3370 3674 inﬁrmitatem
3435 3617 3580 3687 ejus-

2009 3714 2133 3768 dem
2171 3712 2349 3769 carnis
2406 3712 2744 3783 signiﬁcans,
2798 3712 3047 3781 quamvis
3125 3708 3232 3765 alio
3299 3710 3575 3765 intellectu

2009 3805 2182 3859 sessio
2204 3803 2323 3871 ejus
2352 3805 2645 3875 magisterii
2669 3811 2724 3859 et
2744 3804 3004 3859 doctrinae
3026 3804 3343 3874 dignitatem
3356 3804 3583 3859 demon-

2012 3903 2166 3951 stret.
2221 3896 2405 3950 Sitivit
2444 3912 2551 3950 non
2589 3904 2798 3951 tantum
2843 3911 3058 3966 aquam,
3110 3896 3206 3951 sed
3244 3895 3407 3952 ﬁdem
3446 3908 3583 3965 gen-

2012 3987 2147 4041 tium
2175 3985 2395 4040 haurire
2442 3987 2681 4056 cupiens.
2728 3986 2879 4044 Unde
2937 3996 2993 4042 et
3031 3986 3306 4056 discipulis
3354 3985 3582 4040 mandu-

2013 4092 2138 4133 care
2187 4075 2524 4132 hortantibus
2571 4078 2749 4132 cibqu
2790 4093 2853 4133 se
2873 4077 3009 4132 dixit
3052 4079 3255 4133 habere
3299 4093 3459 4147 quem
3507 4077 3582 4131 illi

2008 4171 2302 4227 nescirent.
2350 4169 2576 4226 Sitiebat
2624 4187 2753 4241 ergo
2785 4171 2943 4228 ﬁdem
2983 4171 3260 4242 gentilium
3291 4179 3350 4225 ut
3386 4170 3584 4225 faceret

2013 4265 2068 4320 in
2104 4265 2182 4321 ea
2236 4264 2565 4321 voluntatem
2629 4263 2823 4331 Patris,
2862 4272 2917 4320 et
2953 4264 3241 4335 perﬁceret
3264 4278 3401 4333 opus
3443 4259 3582 4333 ejus.

2010 4354 2266 4411 Promisit
2314 4369 2443 4426 ergo
2489 4370 2548 4411 se
2582 4356 2656 4410 illi
2711 4356 2962 4411 daturum
3004 4371 3199 4426 aquam
3228 4355 3425 4421 vivam,
3467 4352 3582 4427 Spi-

2014 4446 2177 4500 ritum
2236 4445 2486 4501 videlicet
2517 4460 2676 4516 quem
2732 4446 3005 4517 accepturi
3043 4454 3197 4501 erant
3219 4446 3502 4501 credentes
3526 4445 3580 4503 in

2010 4552 2156 4592 eum.
2211 4536 2358 4592 Dixit
2402 4552 2533 4607 ergo
2589 4552 2710 4592 eam
2748 4538 2984 4607 quinque
3030 4538 3177 4593 viros
3230 4538 3505 4601 habuisse,
3532 4538 3583 4593 id

2007 4636 2124 4694 est,
2172 4628 2409 4697 quinque
2457 4629 2763 4686 carnalibus
2834 4631 3083 4686 sensibus
3149 4646 3304 4686 usam
3379 4630 3583 4695 fuisse,

2010 4727 2067 4774 et
2111 4734 2329 4775 sensum
2355 4736 2514 4790 quem
2556 4721 2771 4776 tandem
2826 4723 3050 4778 haberet
3080 4738 3188 4792 quo
3217 4723 3434 4779 Christo
3470 4737 3584 4779 cre-

2009 4811 2190 4866 ditura
2234 4820 2378 4877 erat,
2462 4829 2585 4868 cum
2635 4829 2743 4883 quo
2790 4814 3091 4884 legitimum
3138 4823 3323 4884 posset
3383 4816 3589 4872 habere

2004 4902 2357 4967 connubium,
2396 4903 2510 4971 jam
2537 4919 2641 4957 non
2664 4918 2818 4958 suum
2845 4918 2964 4959 esse
2988 4921 3003 4956 :
3031 4918 3158 4957 nam
3186 4911 3241 4958 ct
3267 4910 3387 4973 post
3432 4904 3590 4972 quin-

2008 5007 2117 5061 que
2159 4993 2402 5048 carnales
2426 4993 2806 5061 respnsiones
2834 5002 2985 5048 sexta
3034 4993 3388 5062 responsione
3413 4993 3583 5047 numi-

2012 5090 2106 5137 nat
2120 5081 2423 5138 Christum.
2452 5081 2630 5136 Prima
2658 5096 2889 5151 namque
2917 5082 3032 5151 ejus
3054 5084 3332 5151 responsio
3355 5091 3438 5138 est
3470 5101 3482 5136 :
3511 5081 3587 5136 Tu

2012 5188 2132 5227 cum
2168 5176 2248 5229 ..ἐι
2273 5173 2513 5235 Iudaeus.
2542 5174 2803 5244 quomodo
2824 5191 2863 5228 α
2892 5191 2972 5228 me
2996 5175 3167 5229 bibere
3183 5176 3355 5246 petis?
3382 5175 3587 5233 Secun-

2012 5262 2124 5318 da:
2162 5262 2403 5326 Dominus,
2460 5280 2620 5332 neque
2672 5264 3021 5320 [imitarium
3072 5265 3234 5320 habes
3283 5276 3331 5320 et
3398 5275 3589 5337 puteus

2006 5349 2151 5409 altus
2194 5363 2303 5417 est;
2325 5353 2529 5407 tertia:
2564 5354 2801 5420 Domine,
2829 5355 2900 5410 da
2940 5356 3067 5410 mihi
3107 5356 3248 5411 hanc
3303 5374 3492 5428 aquam
3535 5367 3590 5415 ut

2014 5457 2175 5513 neque
2217 5443 2413 5507 sitiam,
2460 5460 2624 5515 neque
2680 5446 3010 5499 reuiumltzc
3054 5447 3310 5512 Itsurire;
3359 5457 3588 5519 quarta:

2014 5533 2141 5591 Non
2182 5535 2346 5589 habeo
2394 5536 2608 5601 citant;
2664 5538 2892 5605 quinta:
2930 5536 3091 5592 ι”ἰλεο
3144 5540 3270 5611 quia
3339 5543 3592 5615 propheta

2012 5640 2068 5679 es
2094 5640 2114 5679 :
2150 5635 2323 5696 patres
2344 5626 2509 5680 nostri
2532 5627 2588 5679 in
2604 5639 2778 5681 meme
2807 5627 2904 5681 hoc
2924 5627 3271 5686 admoverunt
3288 5618 3584 5705 (Ianuar),

2016 5730 2142 5771 nam
2167 5715 2269 5771 ista
2314 5716 2591 5785 responsio
2630 5717 2865 5772 carnalis
2920 5726 3022 5774 est.
3081 5719 3400 5780 Carnalibus
3434 5725 3581 5780 enim
