4028 6180
600 310 742 371 “99

1492 311 1552 366 Β.
1594 309 1844 365 CAROLI
1884 308 2097 363 MAGNI
2142 307 2294 366 OPP.
2336 307 2515 362 PARS
2549 308 2612 365 ιι.
2662 308 2904 365 SECTIO
2944 313 3008 366 ll.

3687 325 3785 382 {200

599 425 758 480 datus
803 424 979 478 fuerat
1017 423 1177 477 locus
1229 430 1477 477 terrenus
1526 423 1619 476 ubi
1656 431 1898 485 orarent,
1953 437 2064 478 non
2105 430 2165 477 ut
2198 425 2244 483 Α
2276 420 2474 476 tabulis
2503 422 2671 493 digito
2730 423 2947 479 Domini
3002 424 3268 495 scriptum
3304 427 3391 492 sit,
3420 437 3475 484 et
3499 432 3560 486 ab
3592 433 3790 504 Apostolo

599 517 777 570 locum
811 522 904 576 aut
943 528 1058 568 rem
1088 512 1324 582 aliquam
1370 512 1425 566 in
1471 526 1538 566 eo
1571 512 1803 582 positam
1853 512 2169 575 adorarent,

599 608 693 663 sed
718 607 774 661 in
830 605 1021 661 eodem
1065 604 1184 659 loco
1211 604 1499 659 adorarent
1543 603 1849 668 Dominum,
1900 602 2173 672 spiritales

597 707 780 756 autem
818 698 873 754 in
918 697 1111 767 spiritu
1153 704 1209 751 et
1262 695 1513 755 veritate.
1572 710 1679 750 non
1706 696 1762 749 in
1822 694 2170 765 imaginibus,

523 768 540 847 ί
596 805 705 846 non
765 790 818 844 in
855 789 1100 859 picturis,
1169 803 1277 842 non
1331 789 1387 843 in
1418 788 1579 841 rebus
1640 801 1803 842 sensu
1861 786 2173 841 carentibus

528 865 535 876 ’
593 891 844 938 oraturos
866 880 1121 935 Dominus
1173 879 1328 935 dixit.
1376 878 1533 945 Quod
1571 886 1930 948 posteaquam
1955 877 2169 932 locutus

520 1030 527 1033 ,
593 982 694 1037 est,
744 979 896 1052 sexta
924 969 1165 1024 mulieris
1207 968 1484 1037 responsio
1506 967 1784 1023 Christum
1824 965 2023 1022 fatetur
2048 950 2167 1020 oin-

516 1049 529 1119 έ
590 1064 740 1118 nium
789 1049 1013 1116 istorum
1083 1074 1203 1114 esse
1252 1060 1548 1114 doctorem.
1609 1057 1751 1112 Dicit
1802 1057 1948 1112 enim
1990 1070 2005 1109 :
2042 1054 2168 1111 Scio

510 1122 526 1163 ³
585 1144 837 1214 quoniam
887 1140 1105 1194 Messias
1156 1141 1289 1194 venit
1343 1140 1433 1210 qui
1493 1138 1688 1191 dicitur
1732 1136 2010 1201 Christus;
2039 1152 2159 1190 cum

587 1234 803 1299 venerit,
832 1234 941 1303 ipse
965 1231 1296 1286 annuntiabit
1326 1229 1471 1284 nobis
1505 1230 1700 1284 omnia.
1734 1228 1840 1284 Sed
1868 1229 2045 1284 adhuc
2080 1242 2168 1283 er-

588 1330 694 1390 rat,
740 1323 864 1392 quia
911 1337 1034 1376 eum
1099 1336 1260 1390 quem
1318 1329 1602 1373 venturum
1669 1328 1873 1387 sperat,
1953 1318 2166 1374 venisse

586 1428 698 1470 non
741 1413 906 1477 videt,
953 1412 1044 1482 qui
1074 1426 1228 1465 error
1264 1410 1634 1465 misericordia
1664 1409 1877 1463 Domini
1907 1408 2161 1475 dicentis,

587 1501 703 1572 Ego
768 1519 885 1556 sum
934 1503 1024 1573 qui
1067 1511 1237 1557 tecum
1289 1500 1493 1571 loquor,
1544 1507 1800 1568 tanquam
1837 1500 2048 1554 adulter
2069 1515 2165 1555 ex-

584 1589 820 1658 pellitur.
860 1588 977 1654 Quo
1033 1588 1217 1642 audito
1272 1588 1403 1641 nihil
1455 1589 1755 1657 respondit,
1811 1591 1923 1654 sed,
1975 1592 2162 1647 relicta

580 1680 796 1751 hydria,
864 1679 1158 1750 cupiditate
1204 1679 1452 1734 videlicet
1498 1687 1660 1748 atque
1738 1695 1924 1736 amore
1978 1683 2160 1738 saeculi

2274 511 2510 580 primum
2530 514 2841 569 mandatum
2859 515 3187 571 nominetur.
3207 516 3303 572 Ait
3322 518 3465 573 enim
3487 535 3501 574 :
3528 518 3709 579 Honora
3723 545 3789 599 pa-

2276 608 2406 653 trem
2427 610 2476 653 et
2513 612 2748 665 matrem,
2787 603 3014 673 quodest
3052 605 3365 661 mandatum
3399 610 3609 678 primum
3632 615 3678 668 in
3702 633 3784 685 pro

2274 688 2517 742 missione
2562 689 2776 760 (Ep/tes.
2817 692 2915 764 vi),
2981 694 3034 748 in
3084 710 3147 749 ea
3197 696 3445 753 videlicet
3500 703 3790 768 promissione

2273 791 2380 845 qua
2435 784 2618 833 statim
2662 779 2891 848 subjecit
2923 796 2939 836 :
2968 792 3025 836 ut
3072 784 3145 838 sis
3199 784 3461 857 lonngus
3488 803 3790 860 superterreut

2273 877 2320 920 et
2368 867 2493 923 bene
2540 869 2633 922 tibi
2660 871 2749 925 sit.
2798 870 3353 930 Animadvertendum
3380 894 3508 932 sane
3532 889 3789 952 estquam:

2273 957 2381 1011 sint
2435 956 2814 1026 damnationis,
2868 963 2960 1033 qui
2985 974 3244 1032 parentes
3289 970 3542 1027 conviciis
3574 972 3785 1040 laceram,

2272 1055 2365 1101 aut
2424 1049 2867 1107 anathematibus
2926 1064 3301 1123 exsecrantur,
3352 1074 3481 1114 cum
3544 1065 3666 1117 tanti
3707 1066 3787 1121 sint

2270 1136 2469 1223 meriti,
2516 1144 2831 1209 tantamque
2862 1144 3337 1210 repromissionem
3369 1149 3611 1217 habeant,
3629 1155 3788 1223 quieos

2262 1221 2417 1291 juxta
2468 1225 2761 1282 Dominicte
2804 1230 2952 1285 vocis
3004 1231 3290 1303 imperium
3359 1221 3790 1310 bonoranthuo‘

2269 1317 2413 1369 niam
2452 1326 2656 1385 quanto
2703 1334 2797 1373 eos
2841 1322 2933 1389 qui
2972 1322 3099 1378 huic
3137 1337 3413 1398 prmeepto
3450 1336 3789 1403 parentoptima

2268 1404 2536 1459 demulcet
2589 1409 2896 1476 promissio,
2951 1419 3101 1468 tanto
3149 1413 3270 1470 illos
3312 1419 3405 1487 qui
3450 1421 3615 1476 eidem
3650 1424 3788 1480 Domi-

2267 1494 2391 1549 niro
2448 1495 2675 1565 imperio
2750 1500 3105 1568 reluctantur,
3161 1504 3509 1567 formidolosa
3571 1511 3789 1570 deterrere

2268 1585 2426 1639 debet
2491 1587 2784 1643 damnatio.
2854 1590 2911 1645 ln
2966 1591 3209 1650 Levitico
3268 1612 3485 1668 quoque
3547 1605 3784 1659 scribitur:

2270 1674 2637 1749 Unusquisque
2677 1689 2879 1748 patrem
2919 1698 3073 1737 suum
3124 1695 3171 1739 et
3219 1698 3439 1744 matrem
3487 1710 3625 1748 suam
3655 1697 3787 1749 timeat

582 1769 745 1839 hujus
794 1785 901 1840 quo
945 1769 1049 1824 sibi
1092 1768 1337 1823 homines
1367 1769 1434 1823 de
1473 1770 1756 1823 tenebrosa
1797 1769 2159 1839 profunditate
2191 1764 2236 1824 Β
2264 1764 2448 1834 (Leuit.
2480 1767 2630 1839 xxx);
2679 1771 2732 1823 in
2780 1769 3165 1829 Ecclesiastieo
3214 1792 3428 1848 quoque
3485 1783 3548 1837 de
3577 1786 3787 1839 honoran-

579 1870 636 1918 ει
683 1870 898 1917 terrena
927 1860 1335 1916 conversatione
1358 1859 1616 1913 hauriunt
1654 1860 2007 1930 voluptatem,
2053 1878 2159 1932 qua

577 1961 829 2026 percepta
880 1954 1056 2009 denuo
1100 1953 1153 2006 in
1228 1950 1344 2020 ejus
1397 1951 1695 2021 appetitum
1772 1952 2154 2018 inardescunt,

578 2051 719 2104 sicin
767 2046 969 2106 dictum
1033 2054 1160 2100 est:
1203 2044 1280 2099 De
1325 2061 1464 2115 aqua
1510 2043 1605 2097 illa
1652 2046 1742 2114 qui
1786 2045 1968 2099 biberit
2020 2046 2158 2100 sitiet

574 2139 767 2192 iterum
800 2153 820 2191 :
852 2136 922 2190 Iit
955 2136 1010 2189 in
1030 2135 1305 2195 civitatem,
1357 2133 1482 2202 quia
1515 2132 1765 2188 videlicet
1791 2135 1990 2188 mundo
2016 2149 2157 2203 prec-

577 2226 777 2281 dicavit
814 2225 958 2295 quod
989 2223 1243 2287 credidit,
1291 2222 1452 2275 corde
1497 2221 1728 2276 credens
1766 2222 1833 2276 ad
1868 2220 2154 2290 justitiam,

526 2294 529 2299 ἱ
576 2332 672 2373 ore
732 2294 997 2371 conﬁtens
1046 2315 1114 2369 ad
1162 2315 1410 2371 salutem.
1469 2310 1616 2385 Quia
1674 2330 1804 2385 ergo
1840 2314 2002 2383 paulo
2039 2313 2156 2368 lon-

575 2409 694 2478 gius
740 2423 771 2462 a
826 2423 884 2463 re
949 2407 1226 2477 proposita
1274 2407 1503 2479 digressi
1562 2423 1767 2472 sumus,
1839 2405 1906 2460 ad
1954 2419 2153 2476 propo-

574 2501 740 2554 situm
788 2500 963 2556 denuo
1007 2507 1363 2554 revertamur.
1407 2498 1737 2554 Samaritani
1765 2512 2001 2568 namque.
2025 2511 2151 2551 cum

573 2592 684 2646 sint
730 2589 978 2661 gentiles,
1037 2599 1093 2646 et
1154 2589 1279 2645 ﬁcte
1314 2588 1651 2645 Judaismum
1704 2596 1886 2643 tenere
1934 2586 2152 2641 videan-

572 2689 680 2744 tur,
732 2695 837 2734 non
886 2679 1116 2750 amplius
1158 2680 1371 2735 cmteris
1420 2678 1711 2735 incredulis
1754 2685 1942 2733 contra
1967 2676 2152 2731 Eccle-

570 2770 706 2825 siam
784 2769 972 2824 smvire
1019 2777 1348 2833 noscuntur,
1404 2784 1541 2839 quos
1581 2768 1799 2838 quidem
1875 2767 1965 2822 isti
2021 2766 2148 2821 dum

560 2862 856 2916 luereticos
883 2860 1313 2915 Christianorum
1350 2868 1560 2931 putent,
1604 2860 1961 2929 omnibusque
1982 2858 2150 2913 luere-

563 2953 689 3007 ticis
735 2951 1025 3021 nequiores
1047 2952 1379 3016 existiment,
1439 2954 1674 3022 quadam
1722 2952 1803 3007 eis
1857 2951 2145 3006 clementia

565 3040 769 3105 favent,
815 3056 939 3096 cum
972 3040 1204 3109 majores
1229 3056 1357 3097 suos
1386 3042 1442 3097 in
1468 3043 1706 3112 nequitia
1729 3041 1835 3098 illis
1856 3040 2142 3113 praeferen-

568 3132 668 3185 dos
701 3144 822 3185 esse
880 3133 1214 3200 perdocent:
1242 3146 1350 3185 non
1388 3132 1533 3187 enim
1576 3140 1661 3188 est
1686 3133 1931 3187 omnium
1969 3133 2145 3188 deter-

567 3220 757 3286 rimus,
829 3221 1014 3276 cuiin
1051 3220 1208 3291 culpa
1252 3221 1392 3278 alius
1435 3223 1661 3293 quilibet
1711 3224 1986 3279 invenitur
2006 3239 2145 3295 prmo

554 3308 844 3370 ferendus.

1204 3422 1436 3480 CAPUT
1465 3424 1574 3481 VII.

680 3572 759 3611 eo
782 3627 793 3630 _
813 3558 954 3629 quod
981 3568 1175 3629 quanto
1212 3559 1367 3629 plura
1388 3628 1395 3630 _
1415 3561 1649 3630 exempla
1695 3560 2061 3614 htvretieorum
2091 3570 2139 3614 et

630 3626 885 3697 imagines
912 3626 1264 3697 spernentium
1320 3628 1397 3684 vel
1449 3626 1840 3700 despicientium
1894 3630 2134 3700 trahunt,

630 3705 776 3768 tanta
805 3706 1042 3767 parentes
1082 3714 1204 3753 suos
1246 3699 1545 3768 majoribus
1573 3699 1816 3753 conviciis
1855 3709 1903 3752 et
1924 3699 2139 3768 injuriis

628 3765 1124 3839 inhonbrantpqstos
1176 3765 1357 3839 procul
1409 3768 1569 3823 dubio
1608 3784 1787 3823 eorum
1807 3765 2055 3839 sequaces
2082 3770 2137 3823 in

611 3834 728 3889 Jtac
782 3844 932 3906 parte
965 3834 1133 3907 fuisse
1163 3834 1499 3908 proﬁtentur.

615 3973 1039 4030 'Vetustissimus
1100 3990 1207 4030 non
1274 3975 1446 4031 solum
1489 3977 1933 4048 philosophorum
1957 4018 1972 4042 ,
2041 3980 2138 4035 sed

554 4063 721 4117 etiam
756 4073 1033 4120 oratorum
1091 4081 1209 4122 mos
1252 4074 1353 4131 est,
1406 4083 1529 4122 cum
1574 4069 1780 4139 aliquid
1829 4071 2133 4139 approbare

544 4155 742 4221 velint,
784 4156 957 4211 autin
988 4156 1104 4226 ipso
1152 4158 1369 4227 negotio
1425 4158 1492 4213 de
1548 4174 1657 4227 quo
1696 4160 1894 4228 agitur,
1942 4169 2035 4214 aut
2063 4175 2132 4216 ex

554 4248 718 4304 rebus
775 4246 915 4312 aliis,
976 4255 1073 4301 aut
1120 4256 1268 4303 certe
1321 4248 1660 4303 extrinsecus
1717 4249 2008 4318 probanda:
2055 4251 2133 4305 rei

553 4339 1071 4409 argumentationem
1121 4352 1416 4393 assumere.
1471 4337 1618 4404 Quos
1644 4338 1735 4394 isti
1762 4339 1889 4394 dum
1918 4339 1975 4394 in
2027 4354 2132 4396 cac-

554 4431 688 4485 teris
727 4430 995 4499 imperitia
1042 4430 1433 4509 interveniente
1469 4429 1620 4499 sequi
1671 4438 2044 4496 contemnunt,
2073 4432 2127 4486 in
2159 4448 2210 4509 ι)

552 4519 658 4573 hac
690 4517 945 4571 nimirum
997 4525 1149 4587 parte
1172 4518 1323 4588 sequi
1364 4501 1585 4573 omnino
1628 4519 1973 4585 contendunt,
2002 4534 2125 4575 cum

544 4605 965 4679 prodecessores
1020 4608 1136 4662 sive
1176 4617 1431 4677 parentes
1499 4625 1627 4666 suos
1697 4611 1766 4666 ob
1832 4611 2126 4682 imaginum

553 4694 922 4763 abolitionem,
965 4705 1059 4751 aut
1097 4711 1165 4751 ex
1215 4697 1332 4768 ipso
1384 4701 1616 4769 negotio,
1647 4710 1740 4755 aut
1777 4700 1993 4757 aliunde
2033 4710 2126 4757 aut

550 4789 893 4845 extrinsecus
933 4794 1247 4857 argumenta
1276 4796 1550 4843 sumentes
1573 4790 1830 4844 damnare
1852 4799 2121 4858 statuunt,

548 4890 605 4936 et
653 4878 911 4935 conviciis
973 4876 1231 4941 lacerare,
1310 4877 1744 4935 anathematibus
1816 4894 2121 4947 exsecrere,

550 4970 911 5028 insanissimis
934 4969 1117 5025 verbis
1154 4967 1480 5024 inhonorare
1519 4985 1628 5025 non
1661 4979 1927 5038 metuunt,
1953 4986 2126 5042 quan-

548 5072 710 5135 toque
761 5061 912 5132 plura
953 5061 1312 5132 quorumdam
1359 5061 1738 5118 hmreticorum
1772 5063 2021 5134 exempla
2067 5064 2124 5119 in

538 5151 914 5208 testimonium
949 5150 1190 5217 trahunt,
1259 5164 1490 5219 quorum
1533 5166 1639 5217 eos~
1674 5165 1934 5222 sequaces
1955 5151 2122 5209 misse

545 5243 884 5314 profitemur,
918 5250 1069 5296 tanto
1096 5250 1151 5296 et
1179 5256 1274 5297 eos
1295 5242 1630 5312 gravioribus
1658 5243 2124 5301 exsecrationibus

546 5334 816 5399 abdicant,
842 5340 909 5405 (et
931 5348 990 5389 se
1033 5332 1231 5387 divinis
1248 5332 1469 5388 monitis
1512 5349 1631 5403 quae
1672 5336 1989 5403 parentibus
2020 5336 2119 5390 ho—

546 5437 735 5477 norem
778 5423 1194 5494 impendendum
1262 5424 1541 5489 sanciunt,
1586 5424 1857 5479 contraire
1905 5424 2120 5480 demon-

547 5521 740 5567 strant.
780 5510 1020 5578 Honora,
1076 5513 1248 5583 inquit
1282 5514 1558 5579 Dominus,
1614 5524 1814 5585 patrem
1866 5525 2015 5569 tuum
2069 5526 2118 5568 et

548 5612 766 5655 matrem
788 5611 952 5668 tuam,
994 5612 1052 5658 ut
1072 5604 1197 5659 bene
1214 5606 1280 5659 sit
1301 5606 1394 5660 tibi
1424 5604 1620 5674 (Exod.
1661 5605 1777 5675 xx).
1808 5605 1964 5673 Quod
1988 5608 2113 5676 qui-

556 5693 679 5747 dem
718 5702 1043 5761 prseceptum
1089 5703 1236 5752 tanta
1286 5698 1606 5753 auctoritate
1630 5700 1792 5768 viget,
1850 5708 1907 5754 ut
1946 5708 1999 5754 et
2058 5700 2114 5754 in

2262 1854 2682 1926 dispareutibus
2732 1860 2995 1916 scribitur
3027 1881 3039 1916 :
3072 1863 3179 1930 Qui
3209 1867 3432 1923 honorat
3474 1882 3655 1942 patrem
3673 1888 3786 1928 sum

2264 1945 2491 2017 longiori
2551 1951 2656 2005 vita
2718 1954 2888 2017 vivet;
2949 1963 2996 2008 et
3047 1957 3137 2026 qui
3166 1957 3379 2012 obaudit
3422 1972 3631 2030 patrem,
3674 1963 3787 2031 refri-

2262 2048 2407 2107 gerat
2455 2052 2699 2107 matrem,
2727 2053 2777 2097 et
2822 2048 2974 2114 quasi
3002 2045 3278 2103 .Dominus
3331 2054 3512 2106 serviet
3553 2055 3625 2108 his
3656 2056 3785 2125 quise

2262 2141 2658 2198 generavcrunt,
2712 2134 2769 2187 in
2813 2152 2965 2205 opere
2988 2146 3037 2189 et
3066 2154 3302 2194 sermone
3323 2152 3373 2194 et
3401 2146 3543 2197 omni
3562 2148 3781 2215 patientis,

2266 2231 2315 2275 et
2362 2221 2648 2278 benedictio
2700 2227 2815 2296 ejus
2860 2228 2916 2281 in
2961 2231 3236 2285 novissimo
3277 2244 3453 2287 manet
3498 2237 3667 2307 (Eccli.
3702 2238 3781 2306 ιιι).

2257 2311 2390 2367 Item
2438 2313 2493 2368 in
2521 2313 2905 2374 Ecclesiastico
2937 2337 2949 2372 :
2984 2318 3113 2385 Fili,
3165 2326 3365 2379 sustine
3390 2338 3638 2382 senectam
3657 2331 3781 2399 patris

2256 2403 2355 2468 tui,
2398 2412 2447 2457 et
2476 2421 2579 2459 non
2627 2409 2899 2463 contristes
2929 2426 3047 2464 eum
3089 2413 3145 2466 in
3189 2416 3298 2469 vita
3343 2416 3509 2486 ipsius
3538 2429 3621 2473 :et
3658 2419 3695 2473 si
3717 2419 3783 2472 de-

2253 2492 2367 2561 ﬁcit
2417 2510 2609 2561 sensu,
2660 2497 2731 2551 da
2777 2501 3001 2567 veniam,
3050 2513 3099 2557 et
3143 2522 3206 2559 ne
3247 2524 3466 2576 spernas
3510 2527 3616 2563 eum
3636 2512 3681 2564 in
3714 2519 3782 2563 tu

2255 2583 2461 2638 virtute.
2515 2585 2639 2641 Non
2699 2599 2773 2642 est
2817 2590 2912 2644 tibi
2956 2593 3148 2662 gloria,
3199 2598 3289 2650 sed
3324 2604 3583 2671 confusio.
3631 2603 3781 2656 Doctor

2251 2676 2415 2730 etiam
2445 2688 2687 2748 gentium
2736 2682 2868 2738 dicit
2899 2701 2913 2737 :
2966 2672 3116 2749 Filii,
3151 2688 3355 2744 obedite
3390 2695 3675 2762 parentibus
3710 2710 3781 2765 per

2252 2768 2464 2836 omnia,
2522 2769 2619 2822 hoc
2660 2772 2797 2825 enim
2839 2773 3004 2843 placet
3056 2775 3279 2833 Domino
3331 2781 3547 2853 (Ephes.
3605 2784 3688 2855 vt).
3732 2782 3776 2840 Si

2255 2858 2401 2912 enim
2430 2859 2687 2915 honorem
2719 2862 3049 2931 impendere,
3092 2868 3206 2923 sive
3248 2871 3472 2926 obedire
3518 2873 3780 2944 parentibus

2250 2944 2361 3002 Deo
2416 2947 2612 3019 placet,
2652 2952 2893 3008 convicia
2935 2955 3016 3011 eis
3041 2965 3095 3011 et
3149 2962 3549 3019 exsecrationes
3582 2965 3780 3033 ingerere

2250 3036 2428 3093 modis
2478 3039 2729 3094 omnibus
2776 3041 3061 3111 displicet;
3118 3055 3175 3101 et
3215 3048 3261 3102 si
3308 3050 3362 3104 id
3397 3068 3504 3106 non
3556 3053 3776 3124 diSplicel.

2249 3141 2422 3195 neque
2466 3128 2599 3184 illud
2650 3130 2845 3200 placet.
2889 3133 3064 3191 Grave
3128 3153 3259 3210 ergo
3313 3150 3367 3195 et
3412 3141 3771 3199 formidolosum

2245 3229 2333 3276 est
2373 3231 2625 3291 parentes
2668 3240 2776 3279 non
2832 3225 3134 3296 honorare;
3192 3236 3571 3300 gravissimum
3595 3242 3770 3291 veroet

2243 3309 2805 3369 formidolosissimum
2846 3331 2940 3372 eos
2995 3320 3315 3387 abominari,
3361 3334 3459 3379 aut
3512 3327 3776 3381 anathema-

2245 3401 2430 3465 tizare,
2484 3401 2695 3457 dicente
2725 3404 2994 3461 Domino:
3025 3405 3128 3472 Qui
3171 3410 3501 3467 maledixerit
3542 3414 3773 3485 patrisuo,

2241 3498 2334 3542 aut
2381 3492 2543 3544 matri
2592 3509 2729 3558 sum,
2787 3504 2952 3548 morte
3003 3499 3262 3551 moriatur
3324 3500 3525 3570 (Ea-od.
3572 3502 3671 3573 xxi)
3701 3507 3776 3554 τοι

2240 3577 2456 3644 iterum,
2504 3579 2817 3637 Maledictus
2860 3584 3035 3650 homo,
3081 3588 3172 3656 qui
3216 3605 3321 3643 non
3370 3591 3670 3661 honoriﬁca:
3702 3608 3774 3661 pa-

2240 3678 2371 3723 trem
2413 3688 2588 3737 suum,
2639 3683 2732 3727 aut
2778 3685 2999 3731 matrem
3043 3694 3214 3746 suam,
3257 3691 3306 3735 et
3341 3681 3478 3737 dicet
3511 3686 3663 3738 omnis
3698 3698 3771 3753 po-

2238 3756 2414 3827 pulus,
2448 3758 2596 3823 Fiat,
2646 3761 2743 3830 ﬁat
2779 3762 2955 3835 (Deut.
3012 3770 3205 3839 xxv").
3255 3770 3311 3824 ln
3346 3772 3643 3827 Proverbiis
3666 3787 3772 3842 quo-

2237 3863 2344 3918 que
2390 3851 2689 3906 scribitur:
2721 3853 2825 3919 Qui
2882 3856 3147 3912 maledicit
3194 3862 3333 3930 patri
3386 3881 3485 3918 suo
3548 3876 3592 3918 et
3632 3863 3772 3925 matri,

2237 3942 2597 4013 exstinguetur
2625 3941 2838 3998 lucerna
2871 3946 2987 4015 ejus
3035 3948 3090 4001 in
3135 3951 3320 4005 mediis
3367 3954 3589 4007 tenebris
3623 3952 3768 4023 (Prae.

2237 4032 2351 4102 xx).
2406 4030 2539 4085 ltem
2600 4033 2672 4087 ibi
2705 4050 2716 4086 :
2770 4033 2873 4099 Qui
2914 4035 3114 4107 repellit
3158 4049 3358 4109 patrem
3400 4061 3553 4097 suum
3601 4053 3644 4097 et
3684 4058 3771 4094 ηια-

2235 4131 2364 4176 trem
2400 4137 2570 4186 suam,
2621 4130 2669 4176 et
2718 4124 2940 4178 a'stimat
2970 4142 3027 4180 se
3063 4142 3166 4182 non
3213 4146 3449 4199 peccare,
3506 4134 3587 4186 hic
3626 4129 3764 4202 parti-

2235 4229 2351 4284 ceps
2390 4223 2467 4268 est
2512 4215 2622 4267 viro
2645 4215 2804 4285 impio
2846 4215 3027 4287 (Prov.
3070 4222 3288 4293 xxvm).
3338 4223 3491 4280 Unde
3534 4222 3769 4280 sciendum

2235 4312 2338 4369 est,
2388 4318 2495 4358 non
2538 4319 2633 4360 eos
2659 4320 2779 4360 esse
2821 4307 3110 4365 mediocris
3154 4311 3398 4380 insaniae,
3451 4316 3542 4384 qui
3584 4329 3671 4385 pro
3699 4327 3769 4366 re-

2236 4395 2336 4450 bus
2381 4408 2540 4449 sensu
2594 4396 2907 4451 carentibus
2964 4398 3018 4455 in
3060 4399 3294 4469 majores
3344 4419 3473 4459 suos
3523 4402 3766 4459 maledicta

2232 4497 2337 4537 non
2355 4483 2749 4551 pertimescunt
2778 4500 3091 4556 congerere,
3136 4499 3190 4544 et
3214 4490 3340 4545 dum
3361 4492 3670 4563 imaginibus
3691 4504 3765 4543 vo-

2230 4572 2348 4627 lunt
2384 4572 2580 4638 favere,
2610 4589 2712 4629 nec
2739 4585 2990 4644 parentes
3033 4581 3422 4647 pertimescunt
3458 4585 3765 4640 inhonorare.

2230 4680 2331 4720 nec
2376 4665 2573 4721 divinis
2628 4666 2866 4722 oraculis
2921 4668 3211 4726 contraire.
3265 4670 3374 4728 Nos
3414 4674 3626 4744 quidem
3670 4673 3765 4726 lucc

2228 4753 2490 4822 dicentes,
2546 4772 2653 4812 non
2719 4757 2935 4812 illorum
2985 4759 3280 4829 majoribus
3337 4763 3595 4828 favemus,
3652 4774 3766 4833 quos

2228 4844 2285 4900 in
2355 4846 2458 4901 hoc
2519 4861 2733 4916 quoque
2781 4848 2999 4919 negotio
3046 4850 3278 4907 absurde
3322 4855 3497 4925 egisse
3536 4852 3767 4923 comperi-

2232 4949 2371 4999 mus,
2422 4935 2516 4990 sed
2565 4944 2764 5005 quanta
2804 4936 2877 4990 sit
2925 4938 3151 4992 istorum
3201 4944 3565 5013 praesumptio,
3606 4943 3654 4997 in
3700 4948 3766 4995 ta-

2230 5022 2372 5080 libus
2443 5026 2590 5080 ausis
2637 5023 2832 5080 divina:
2892 5026 3025 5097 legis
3089 5030 3410 5088 testimoniis
3464 5036 3757 5090 demonstra

2230 5128 2369 5169 mus.

2866 5222 3100 5281 CAPUT
3129 5226 3262 5283 Vill.

2226 5312 2304 5366 De
2323 5329 2384 5366 eo
2413 5312 2552 5383 quod
2595 5311 2878 5384 secundum
2915 5312 3165 5370 Demetrii
3198 5318 3406 5374 diaconi
3451 5322 3659 5384 dictum,
3697 5320 3761 5372 is-

2301 5380 2449 5460 caute
2480 5392 2547 5460 “et
2610 5380 2942 5460 inordinate,
3000 5396 3243 5453 parentes
3316 5406 3495 5444 eorum
3538 5380 3756 5460 regerunt.

2297 5450 2650 5530 duos_li‘bros_
2692 5450 3079 5530 inargentatos,
3127 5471 3188 5509 eo
3230 5459 3370 5530 quod
3419 5450 3662 5530 quiddam
3694 5456 3756 5530 de

2294 5521 2607 5603 imaginibus
2627 5521 2687 5573 in
2712 5520 2791 5572 his
2813 5521 3174 5603 continebatur
3197 5520 3547 5582 comburentes
3590 5537 3637 5582 et
3656 5525 3755 5580 alts—

2295 5606 2405 5643 rius
2446 5588 2566 5644 libri
2614 5589 2720 5643 duo
2772 5588 2900 5658 folia
2944 5593 3313 5660 praeciderunt.

2295 5606 2405 5643 ηαδ
2446 5606 2566 5644 non
2614 5606 2720 5643 auo
2773 5606 2900 5649 [oua
2945 5606 3313 5649 ννιεααεηιιιτ.

2292 5702 2427 5759 Cum
2486 5703 2763 5759 in'neutra
2790 5712 2944 5774 parte
2981 5705 3339 5785 moderamen.
3375 5710 3649 5776 habentes,
3682 5716 3755 5760 M'

3917 2482 3919 2581 ι

3917 2862 3919 2967 1

3917 2992 3919 3075 ι
