4028 6180
323 344 449 402 {illi

1094 337 1267 395 LIBRI
1304 335 1665 395 CAROLINI.
1709 364 1780 374 ——
1817 331 2046 389 CAPIT.
2080 333 2177 388 DE
2199 331 2403 388 ἰδίω.»
2426 362 2499 376 --
2533 331 2676 389 ΜΒ..
2707 332 2794 387 IV.

3441 327 3587 382 L201

315 477 423 532 que
440 459 530 515 isti
550 456 775 515 rationis
793 463 1162 520 coerceantur,
1184 467 1358 525 neque
1380 452 1593 509 illorum
1612 450 1891 521 prodeces-
1914 448 1968 507 Α
1992 445 2177 501 illicita
2204 446 2553 513 sublimatus;
2586 446 2693 502 illis
2711 446 3077 502 auferentibus
3103 445 3246 514 quod
3270 444 3501 500 habebat
3521 455 3579 501 et

315 567 468 608 seres
492 549 714 606 coerciti
759 546 925 602 fuisse
964 546 1259 601 credantur
1284 544 1534 609 habenis,
1562 543 1656 598 sed
1677 543 1894 610 utrique

2000 535 2200 593 habere
2226 537 2506 602 debuerat,
2554 538 2980 609 incompetenter
3025 535 3237 601 amisit,
3275 535 3395 591 istis
3422 536 3577 591 exhi-

315 643 701 698 convincantnr
723 653 820 707 per
831 638 1055 706 abrupta
1069 635 1277 691 etinvia
1292 634 1421 691 ferri
1432 633 1661 690 eifrenes
1688 649 1896 688 rerum-
2000 629 2251 685 bentibus
2275 644 2395 699 qua:
2414 645 2514 685 nec
2541 630 2775 685 habebat
2802 644 2903 684 nec
2933 628 3135 684 habere
3158 629 3448 694 debuerat,
3493 629 3577 683 in-

315 747 419 802 que
429 728 819 800 prohibitarum
831 732 883 781 et
900 723 1143 794 proiectu
1158 724 1455 779 carentium
1468 737 1747 793 sequaces,
1764 724 1892 777 dum

314 824 363 877 vi
376 821 581 884 .lelicet,
597 819 735 873 sicut
746 817 938 872 crebro
944 814 1058 883 iam
1069 813 1269 869 dictum
1282 822 1384 878 est,
1399 814 1488 868 isti
1501 813 1763 883 imagines
1772 828 1893 882 sup-

311 909 526 980 pliciter
547 912 805 962 censeant
830 904 1076 969 adorare,
1104 903 1182 957 illi
1210 902 1555 971 impatienter
1583 902 1891 957 censuerint

313 999 581 1069 frangere,
602 1004 663 1050 ut
685 993 989 1048 Demetrius
1011 1007 1198 1048 eorum
1229 993 1489 1047 diaconus
1512 992 1590 1047 ait
1620 1006 1636 1045 :
1666 992 1889 1046 Incaute

308 1098 357 1143 et
381 1087 679 1143 inordinate
702 1085 838 1138 inter
878 1091 1065 1137 cratera
1107 1091 1342 1153 egerunt,
1371 1082 1502 1136 duos
1529 1081 1688 1135 libros
1741 1082 1888 1136 inar-

308 1190 541 1254 gentatos
566 1192 626 1232 eo
660 1176 799 1249 quod
846 1174 1087 1245 quiedam
1132 1176 1187 1228 in
1235 1175 1310 1228 eis
1355 1174 1643 1244 imaginum
1688 1175 1882 1227 mentio

308 1274 586 1328 haberetur
597 1268 972 1331 comburentes,
1000 1275 1049 1319 et
1074 1264 1290 1319 alterius
1318 1265 1437 1318 libri
1474 1265 1579 1318 duo
1601 1264 1732 1333 folia
1750 1280 1887 1335 prte—

309 1363 556 1426 cidentes,
598 1357 752 1428 quasi
802 1371 909 1410 non
952 1355 1109 1410 aliter
1162 1355 1456 1424 imaginum
1484 1355 1652 1424 possit
1680 1355 1883 1409 mentio

308 1452 445 1516 ﬁeri,
473 1450 578 1506 nisi
623 1448 871 1519 protinus
917 1454 1241 1503 censeantur
1292 1446 1524 1501 adorari.
1574 1445 1709 1500 Nam
1757 1446 1882 1501 dum

308 1543 484 1598 nullus
511 1539 939 1610 recipiendorum
964 1538 1208 1594 codicum
1231 1538 1316 1593 vel
1356 1538 1593 1592 tenuiter
1620 1536 1882 1607 imagines

307 1632 530 1688 adorare
552 1637 886 1700 percenseat,
928 1629 983 1682 in
1008 1627 1256 1699 pluribus
1281 1636 1462 1681 tamen
1485 1628 1696 1681 illarum
1724 1641 1879 1681 men-

306 1724 383 1778 tio
400 1720 794 1791 quodammodo
823 1718 904 1773 ﬁt.
936 1717 1039 1784 Qui
1068 1718 1114 1772 si
1140 1732 1330 1772 omnes
1360 1718 1412 1771 in
1442 1718 1638 1786 quibus
1664 1717 1876 1770 illarmn

1999 728 2397 787 consequenter
2416 720 2734 789 acquisivit;
2767 719 2860 790 qui
2907 734 3011 775 nec
3032 733 3130 789 pro
3157 718 3283 775 ullis
3327 720 3577 774 instanti-

1997 808 2098 863 bus
2125 810 2296 878 culpis
2341 809 2468 866 folia
2499 812 2752 880 perdidit,
2801 826 2903 867 nec
2931 826 3032 881 pro
3076 812 3398 882 quibusdam
3438 812 3575 867 insi-

1995 899 2190 968 gnibus
2217 900 2428 956 meritis
2456 902 2827 957 adorationem
2871 903 3106 969 invenit,
3135 911 3194 959 et
3231 911 3435 973 quanto
3462 919 3576 958 me-

1997 988 2104 1043 ruit
2141 998 2288 1044 recte
2314 990 2501 1046 habita
2551 992 2827 1058 amittere,
2870 1000 3023 1048 tanto
3072 993 3329 1049 nimirum
3375 994 3575 1048 meruit

1994 1077 2218 1135 inhibita
2241 1083 2541 1151 acquirere.
2560 1082 2936 1153 Nnnquidnam
2951 1101 3142 1142 omnes
3160 1085 3354 1141 libriin
3376 1086 3574 1155 quibus

1992 1181 2125 1221 auro
2146 1178 2434 1239 argentove
2458 1170 2542 1226 vel
2571 1172 2736 1226 etiam
2757 1172 3085 1242 quibuslibet
3103 1173 3374 1229 coloribus
3403 1173 3572 1228 histo-

1992 1258 2087 1314 rim
2121 1260 2266 1314 inter
2303 1262 2600 1331 scripturas
2626 1264 2854 1332 pictoria
2875 1273 2993 1319 arte
3015 1264 3231 1320 insertae
3262 1276 3417 1330 sunt,
3444 1265 3579 1334 quia

1992 1348 2254 1420 imagines
2279 1352 2503 1418 habent,
2543 1363 2637 1409 aut
2664 1356 2732 1411 ab
2771 1356 2879 1411 illis
2919 1364 3046 1412 sunt
3073 1359 3426 1414 comburendi
3455 1359 3572 1415 sive

1989 1437 2336 1507 praecidendi,
2370 1450 2464 1496 aut
2492 1444 2562 1498 ab
2588 1444 2709 1499 istis
2737 1445 2948 1505 colendi
2972 1446 3088 1502 sive
3114 1448 3409 1503 adorandi?
3430 1448 3573 1505 Nun-

1988 1528 2244 1596 quidnam
2266 1530 2454 1585 sericae
2482 1532 2594 1587 sive
2615 1535 2983 1602 quarumlibet
2997 1538 3347 1592 materiarum
3366 1546 3569 1606 vestes,

1988 1616 2100 1671 sive
2125 1617 2285 1685 pallia
2315 1619 2566 1676 humanis
2596 1623 2782 1678 usibus
2807 1634 2934 1693 apta
2969 1634 3068 1681 aut
3103 1627 3303 1685 divinis
3328 1629 3564 1686 cultibus

1987 1707 2310 1777 mancipata,
2360 1708 2557 1778 figuris
2598 1712 2922 1781 quibusdam
2987 1715 3237 1772 decorata
3290 1719 3568 1789 variisque

304 1784 508 1869 men-tio
545 1810 637 1876 sit,
664 1810 1015 1864 comburendi
1045 1816 1188 1872 sunt,
1213 1808 1381 1862 multa
1412 1784 1633 1878 prorsus
1651 1808 1879 1877 scriptu-

1983 1795 2254 1853 coloribus
2278 1797 2476 1863 fucata,
2510 1815 2577 1855 eo
2622 1804 2767 1871 quod
2799 1804 3063 1875 imagines
3111 1806 3331 1874 habent,
3363 1818 3458 1864 aut
3475 1784 3570 1865 —ab

303 1917 488 1958 rarum
517 1902 874 1955 instrumenta
898 1899 1171 1968 peribunt.
1214 1898 1456 1952 Primum
1493 1911 1723 1966 namque
1751 1912 1883 1951 uua-

302 2007 526 2062 qnzeqne
546 2005 633 2045 res
655 1988 929 2059 probanda
971 1996 1075 2051 est,
1107 1996 1161 2042 et
1188 1995 1376 2057 postea
1396 1985 1704 2054 iudicanda.
1731 1985 1883 2052 Quod

301 2097 423 2137 cum
449 2081 694 2151 pluribus
723 2080 837 2133 sive
862 2079 1163 2133 divinarum
1211 2078 1325 2132 sive
1364 2078 1755 2131 mundanarum
1801 2076 1882 2131 le-

300 2188 424 2243 gum
475 2170 735 2240 exemplis
790 2170 960 2238 possit
1010 2168 1318 2238 approbari,
1379 2168 1618 2237 ipsorum
1668 2180 1882 2236 quoque

300 2266 579 2320 rhetorum
611 2261 945 2317 documentis
970 2269 1149 2330 potest
1177 2259 1367 2325 astrui,
1398 2259 1488 2328 qui
1515 2259 1747 2329 primum
1790 2273 1883 2329 ge-

300 2373 401 2411 nus
425 2361 721 2424 posuerimt
759 2352 1188 2417 deliberativum,
1212 2350 1504 2405 secundum
1548 2350 1882 2404 demonstra-

302 2448 494 2509 tivum,
529 2446 746 2500 tertium
769 2443 1041 2513 iudiciale,
1073 2451 1134 2497 ut
1160 2442 1410 2497 videlicet
1444 2439 1702 2509 quidquid
1746 2438 1880 2493 deli-

305 2536 514 2591 beratio
543 2543 637 2589 aut
675 2533 1038 2597 abnuendum,
1089 2540 1182 2587 aut
1226 2533 1557 2602 sequendum
1596 2530 1878 2599 repererit,

298 2625 686 2682 demonstratio
732 2625 786 2678 id
837 2631 933 2678 aut
977 2623 1271 2687 laudabile,
1314 2630 1408 2676 aut
1458 2621 1882 2691 reprehensibile

297 2718 652 2781 demonstret,
679 2714 954 2784 iudiciale,
1006 2722 1099 2769 aut
1135 2714 1331 2784 pmnis,
1363 2721 1458 2768 aut
1478 2712 1716 2782 praemiis
1750 2728 1878 2768 sen-

299 2807 521 2861 tentiam
547 2803 644 2862 det
670 2819 686 2859 :
716 2819 787 2860 ne
826 2805 873 2860 si
901 2820 1008 2860 non
1026 2804 1280 2873 iudiciale
1308 2804 1425 2859 hazc
1451 2804 1557 2859 duo
1598 2804 1877 2873 sequentia

298 2912 493 2967 genera
525 2896 852 2966 praecedant,
876 2895 1052 2950 versis
1078 2895 1133 2949 in
1162 2894 1493 2950 contrarium
1534 2893 1713 2949 causis
1746 2893 1879 2948 deli-

296 2987 591 3042 berationis
637 2986 882 3042 examine
910 2985 1229 3055 praeposito,
1260 2984 1745 3040 demonstrationis
1782 3000 1876 3040 or-

296 3079 422 3133 dine
450 3077 714 3149 neglecto,
745 3076 902 3132 aliter
928 3092 1018 3132 res
1056 3077 1310 3147 quaelibet
1353 3090 1512 3144 quam
1534 3075 1741 3144 iustum
1789 3084 1873 3131 est

297 3167 581 3238 iudicetur.
614 3168 672 3221 In
707 3168 959 3222 omnibus
1007 3168 1171 3238 igitur
1202 3169 1364 3223 rebus
1417 3165 1713 3222 moderatio
1759 3166 1873 3220 sive

298 3259 644 3313 mediocritas
665 3258 910 3312 habenda
933 3266 1034 3320 est,
1065 3267 1117 3313 et
1135 3258 1395 3313 memoria
1425 3258 1766 3312 retinendum
1790 3264 1875 3311 est

298 3349 429 3403 illud
456 3347 902 3416 philosophicum,
938 3347 1021 3401 Ne
1038 3349 1163 3418 quid
1192 3349 1346 3402 nimis
1373 3363 1535 3417 :qua:
1577 3347 1877 3403 moderatio

299 3436 634 3508 probationis
653 3451 865 3506 semper
888 3436 1147 3493 societate
1172 3438 1454 3492 mulcenda
1475 3445 1576 3491 est.
1595 3436 1713 3491 Non
1732 3437 1875 3492 enim

298 3532 373 3585 ait
394 3530 679 3600 Apostolus
711 3548 727 3585 ι
761 3530 953 3585 Omnia
986 3532 1176 3602 absque
1201 3531 1555 3585 moderatione
1592 3538 1641 3582 et
1685 3529 1877 3599 absque

296 3623 599 3693 probatione
620 3623 934 3688 comburite;
965 3624 1078 3686 sed,
1108 3622 1318 3685 Omnia,
1345 3620 1539 3689 inquit,
1566 3618 1799 3689 probate,
1828 3627 1875 3671 et

296 3713 434 3783 quod
457 3712 647 3767 bonum
679 3722 752 3767 est
795 3714 1007 3766 retinete
1038 3712 1091 3782 (I
1116 3711 1266 3766 Thes.
1293 3711 1371 3782 v).

910 3826 1135 3882 CAPUT
1174 3826 1263 3880 IX.

302 3936 376 3991 De
403 3956 463 3992 eo
503 3938 641 4008 quod
679 3939 733 3991 in
758 3938 936 3993 eodem
969 3938 1099 3991 libro
1123 3939 1177 3991 in
1201 3938 1393 3993 tabulis
1426 3941 1682 4008 argenteis
1711 3938 1874 3994 Leon-

369 4008 471 4061 tius
493 4007 524 4060 a
550 4007 760 4061 Secreta
796 4009 1047 4077 imagines
1082 4022 1297 4062 cernens
1341 4007 1699 4062 acutissimum
1724 4018 1769 4062 et
1795 4010 1877 4063 in-

367 4077 779 4196 gfninsissimum
823 4078 906 4130 sui
945 4077 1138 4130 erroris
1177 4077 1578 4132 emolumentum
1618 4080 1883 4133 invenisse

367 4162 400 4198 a
422 4146 622 4198 oriatus
656 4155 752 4198 est.

366 4156 622 4216 gloriatus
656 4156 752 4199 est.

367 4257 426 4311 In
449 4271 516 4311 eo
536 4256 765 4327 denique
787 4256 946 4321 libra,
979 4258 1032 4311 in
1058 4273 1165 4326 quo
1190 4258 1297 4313 dno
1326 4257 1449 4313 folia
1488 4261 1558 4314 oh
1587 4260 1874 4329 quamdam

298 4345 594 4415 imaginum
622 4346 951 4401 mentionem
981 4346 1033 4400 in
1071 4361 1257 4402 eorum
1295 4348 1476 4417 priore
1504 4348 1714 4419 synodo
1755 4365 1874 4419 qua:

1984 1887 2092 1943 illis
2118 1897 2242 1943 sunt
2275 1893 2690 1956 concremanda,
2720 1902 2815 1948 aut
2841 1894 2911 1949 ab
2937 1895 3056 1952 istis
3085 1898 3391 1953 adoranda?
3417 1899 3572 1954 Nun-

1984 1978 2239 2047 qnidnam
2268 1979 2487 2033 metalla
2536 1981 2651 2036 sive
2695 1982 2836 2052 ligna
2882 1985 3215 2054 quibuslibet
3242 1987 3571 2046 utilitatibus

1984 2064 2213 2121 formata
2241 2109 2256 2133 ,
2302 2083 2368 2124 eo
2407 2070 2553 2139 quod
2605 2071 2900 2141 sculptorio
2955 2074 3039 2129 vel
3083 2076 3249 2131 etiam
3296 2077 3577 2135 caelatorio

1983 2170 2148 2226 opere
2177 2159 2497 2227 quibusdam
2548 2162 2880 2231 imaginibus
2928 2165 3277 2232 decorentur,
3323 2169 3446 2224 ideo
3476 2180 3569 2226 aut

1982 2247 2051 2301 ab
2075 2247 2181 2302 illis
2207 2250 2569 2306 comburenda
2592 2263 2684 2305 aut
2732 2252 3050 2323 frangenda,
3083 2268 3178 2313 aut
3205 2259 3272 2315 ab
3298 2260 3416 2316 istis
3442 2271 3570 2318 sunt

1983 2337 2291 2393 adoranda?
2335 2340 2525 2395 Infelix
2574 2357 2728 2398 mens
2757 2360 2877 2414 quae
2923 2362 3138 2418 semper
3178 2360 3270 2405 aut
3312 2352 3366 2406 in
3408 2369 3567 2411 exse-

1981 2428 2218 2494 crandis,
2264 2437 2360 2484 aut
2406 2446 2438 2486 e
2481 2434 2755 2489 cantrario
2806 2435 2861 2489 in
2904 2438 3193 2498 adorandis
3239 2441 3565 2513 imaginibus

1980 2526 2191 2574 arstuat.
2221 2517 2410 2575 Infelix
2440 2536 2652 2587 sensus,
2677 2524 2771 2593 qui
2798 2540 3014 2597 semper
3042 2528 3096 2583 in
3122 2530 3439 2588 abdicandis
3479 2550 3564 2589 re—

1979 2610 2082 2664 bus
2106 2625 2228 2679 quze
2254 2611 2371 2668 sine
2415 2612 2713 2670 offensione
2747 2617 2935 2673 haberi
2965 2628 3188 2688 queunt,
3236 2630 3293 2678 et
3339 2625 3459 2680 sine
3484 2626 3574 2681 oli-

1981 2697 2229 2756 fensione
2291 2701 2507 2758 adorari
2561 2715 2854 2774 nequeunt,
2921 2709 3159 2766 anhelat.
3195 2711 3390 2769 Infelix.
3436 2732 3566 2771 con-

1979 2793 2211 2847 suetudo
2239 2808 2361 2863 qua:
2403 2796 2794 2854 mediocritatis
2824 2806 2978 2857 recto
3006 2805 3224 2860 tramite
3251 2818 3579 2878 aspernata,

1978 2883 2142 2937 ﬁxam
2178 2891 2362 2939 tenere
2389 2886 2630 2958 regulam
2655 2890 2924 2958 nesciens,
2943 2892 3051 2950 huc
3079 2894 3313 2966 illucque
3352 2913 3565 2969 semper

1977 2975 2289 3030 nutabunda
2335 2977 2676 3046 deﬂectitur,
2726 2984 2887 3039 modo
2948 2986 3252 3047 inordinate
3304 2993 3585 3049 abdicans.

1978 3064 2123 3133 quod
2172 3080 2517 3136 nequaquam
2550 3077 2635 3125 est
2688 3072 3071 3141 abdicandum,
3121 3080 3281 3134 modo
3329 3079 3563 3137 infausto

1978 3153 2210 3209 adorans
2261 3157 2403 3225 quod
2447 3174 2555 3214 non
2607 3170 2689 3215 est
2719 3164 2937 3231 penitus
2990 3166 3352 3238 adorandum;
3405 3173 3589 3229 modo-

1978 3242 2119 3297 ultra
2167 3261 2331 3315 quam
2361 3248 2496 3304 ordo
2537 3252 2704 3322 exigit
2769 3269 2882 3309 rem
2935 3258 3158 3315 minime
3207 3259 3562 3330 dejiciendam

1977 3333 2179 3404 deiicit,
2228 3339 2389 3393 modo
2426 3340 2569 3396 ultra
2621 3358 2779 3412 quam
2809 3349 2943 3403 ordo
2990 3362 3233 3421 exposcut
3288 3371 3399 3411 rem
3455 3372 3583 3412 nou.

1978 3425 2203 3480 nimium
2245 3430 2608 3487 extollendam
2651 3435 2893 3502 extollit,
2936 3447 2992 3493 et
3039 3441 3209 3496 rebus
3235 3447 3560 3502 necessariis

1976 3515 2210 3577 omissis,
2239 3518 2399 3572 rebus
2442 3534 2548 3575 non
2596 3526 2916 3580 necessariis
2940 3528 3168 3595 instans,
3208 3539 3304 3588 aut
3328 3535 3397 3590 ob
3424 3536 3565 3592 ima-

1977 3603 2160 3672 ginum
2186 3607 2536 3665 abolitionem
2567 3620 2661 3666 aut
2684 3615 2754 3668 ob
2789 3630 2976 3672 earum
2999 3621 3390 3691 adorationem,
3414 3630 3556 3696 quod

1978 3706 2266 3767 utrumque
2308 3715 2414 3755 non
2457 3704 2725 3769 convenit,
2766 3709 3002 3778 synodos
3051 3726 3305 3786 aggregat
3331 3758 3347 3783 ,
3401 3721 3554 3788 quasi

1977 3784 2299 3843 Christianae
2344 3790 2590 3862 religioni
2647 3804 2740 3850 aut
2787 3796 2840 3851 in
2892 3798 3158 3866 habendo,
3208 3784 3301 3859 aut
3356 3784 3557 3863 iuvnon

1977 3876 2252 3932 adorando
2282 3880 2550 3948 quoddam
2575 3885 2781 3952 possint
2809 3886 3000 3944 afferre
3031 3891 3416 3961 praeiudicium,
3432 3912 3555 3951 cum

1976 3966 2227 4022 videlicet
2264 3969 2527 4041 imagines
2557 3974 2691 4029 nihil
2729 3977 2774 4031 si
2810 3993 2917 4033 non
2961 3980 3226 4037 habentur
3272 3984 3555 4057 derogant,

1979 4058 2111 4112 nihil
2146 4059 2192 4113 si
2242 4060 2509 4118 habentur
2541 4076 3014 4141 pmrogant,cum
3071 4084 3246 4130 tamen
3299 4077 3559 4133 abdicata:

1977 4151 2265 4218 quamdam
2297 4152 2569 4210 incautam
2601 4158 2876 4216 levitatem
2899 4161 3144 4232 afferant,
3170 4167 3406 4224 adoratas
3430 4185 3561 4227 vero

1979 4244 2193 4314 culpam
2232 4246 2469 4302 inurunt.

2586 4341 2812 4400 CAPUT
2868 4345 2932 4399 Χ.

299 4437 368 4490 ob
389 4435 677 4490 alrolcndas
721 4436 985 4506 imagines
1013 4449 1163 4509 gesta
1205 4450 1316 4505 est,
1365 4441 1589 4509 praecisa
1641 4441 1869 4504 fuerant,
1902 4484 1955 4544 υ
1980 4442 2134 4508 Quod
2156 4446 2312 4528 nulla.
2328 4446 2600 4531 Evangelii
2625 4451 2775 4534 lectio
2801 4455 3183 4544 tradat'de‘sum
3203 4460 3271 4513 ad
3291 4460 3564 4532 Abgarunr

300 4525 637 4580 habebantur
681 4526 734 4582 in
789 4527 984 4583 tabulis
1014 4531 1285 4599 argenteis
1327 4530 1569 4600 quaedam
1614 4532 1876 4604 imagines

298 4618 437 4672 sicut
461 4616 515 4670 in
545 4617 780 4672 vasculis
818 4618 933 4674 sive
974 4619 1029 4673 in
1074 4619 1319 4689 pluribus
1365 4622 1526 4677 rebus
1574 4623 1760 4679 haberi
1788 4639 1876 4678 sou

300 4706 426 4768 lant,
450 4721 586 4775 quas
615 4707 669 4761 in
698 4709 933 4764 secunda
983 4724 1171 4764 eorum
1219 4711 1425 4782 synodo
1469 4728 1589 4782 qua:
1633 4728 1733 4782 pro
1779 4715 1876 4769 ad-

295 4794 515 4849 orandis
537 4795 863 4864 imaginibus
892 4807 1178 4869 aggregata
1201 4807 1303 4865 est,
1326 4816 1450 4857 mox
1475 4810 1536 4856 ut
1561 4802 1817 4858 Leontius
1843 4818 1874 4858 a

299 4882 519 4939 Secreta
565 4886 863 4954 conspexit,
895 4902 1149 4958 magnum
1201 4904 1260 4944 se
1301 4891 1383 4945 sui
1423 4892 1628 4947 erroris
1664 4894 1875 4949 emolu-

298 4982 540 5028 mentum
561 4974 832 5031 invenisse
853 4979 1083 5047 putavit,
1107 4994 1306 5049 eosque
1346 4983 1570 5053 insignis
1595 4982 1761 5040 fuisse
1786 4986 1876 5040 de-

299 5064 516 5119 mentiae
535 5062 813 5131 iudicavit,
844 5068 1100 5136 aquibus
1147 5069 1202 5123 in
1229 5072 1419 5127 eodem
1447 5071 1585 5127 libro
1611 5074 1701 5127 ubi
1743 5074 1877 5129 ima-

301 5155 454 5226 gines
498 5165 688 5222 erant,
736 5158 806 5213 ob
861 5158 1158 5229 imaginum
1209 5163 1537 5217 mentionem
1592 5165 1698 5221 duo
1749 5166 1875 5222 folia

301 5247 541 5302 abscissa
566 5246 733 5303 fuisse
773 5250 1056 5320 cognovit;
1108 5250 1294 5320 sicque
1319 5251 1460 5307 idem
1484 5252 1622 5309 liber
1656 5269 1755 5324 per
1799 5257 1877 5309 in-

300 5337 524 5392 tervalla
573 5345 877 5409 temporum
926 5340 1093 5396 variis
1136 5341 1416 5397 eventibus
1459 5342 1874 5413 disparibusque

300 5425 478 5481 modis
501 5436 556 5481 et
582 5428 651 5482 ab
681 5428 789 5483 illis
837 5437 921 5485 est
966 5438 1190 5499 propter
1208 5430 1512 5501 imaginum
1542 5432 1873 5488 mentionem

302 5516 504 5571 abscidi
527 5516 819 5585 iudicatus,
848 5528 902 5575 et
928 5520 997 5575 ab
1037 5521 1156 5576 istis
1183 5531 1403 5592 propter
1448 5522 1710 5593 imagines
1754 5539 1875 5594 qute

302 5606 642 5663 habebantur
668 5609 724 5663 in
754 5611 952 5667 tabulis
992 5612 1207 5667 adorari
1243 5610 1455 5681 iussus;
1487 5615 1557 5670 ab
1585 5614 1693 5670 illis
1717 5613 1874 5670 folio-

306 5715 423 5752 rum
448 5698 716 5768 iacturam
748 5701 943 5770 iniuste
981 5717 1287 5772 perpessus,
1317 5704 1530 5761 abistis
1558 5706 1871 5762 adorationc

2294 4518 2573 4589 imaginem
2600 4522 2821 4587 misisse,
2851 4535 2907 4579 ut
2934 4525 3011 4581 illi
3036 4527 3243 4583 dicunt.

2048 4602 2389 4679 Evangelium
2413 4620 2497 4667 est
2522 4613 2721 4670 bonum
2750 4618 3020 4683 nuntium,
3044 4628 3101 4675 et
3138 4637 3326 4677 revera
3355 4624 3552 4679 bonum

1976 4698 2244 4764 nuntium,
2274 4702 2528 4769 quoniam
2558 4704 2650 4773 qui
2690 4705 2744 4761 id
2766 4707 3065 4778 suscipth
3091 4711 3211 4765 Filii
3233 4708 3329 4767 Dei
3359 4728 3553 4768 vocan.

1976 4796 2081 4842 tur.
2110 4787 2207 4843 Est
2248 4791 2392 4845 enim
2447 4794 2627 4850 amnis
2655 4795 2988 4864 quadriﬂuus
3035 4799 3104 4853 ab
3148 4815 3262 4855 uno
3296 4801 3550 4856 ineffabili

1975 4876 2218 4934 Paradisi
2242 4878 2388 4936 fonte
2413 4897 2749 4954 progressus,
2779 4894 2833 4940 et
2859 4887 2911 4940 in
2943 4896 3173 4957 quatuor
3200 4904 3386 4945 amnes
3415 4891 3554 4947 insi-

1975 4970 2153 5039 gniter
2179 4970 2475 5037 derivatos,
2502 4982 2556 5025 et
2584 4974 2652 5029 ad
2690 4977 2898 5031 arentia
2932 4978 3093 5031 corda
3145 4978 3415 5049 irriganda
3466 4996 3552 5035 sa—

1976 5059 2203 5115 lubriter
2225 5061 2473 5116 emissus.
2506 5064 2601 5118 Est
2629 5066 2715 5118 via
2736 5081 2855 5134 quze
2890 5067 3037 5124 ducit
3055 5073 3122 5124 ad
3148 5071 3439 5136 vitam,.est
3459 5072 3550 5127 lux

1975 5170 2006 5209 a
2030 5155 2266 5209 tenebris
2288 5154 2542 5209 vitiorum
2566 5158 2845 5223 reducens,
2885 5168 2940 5214 et
2966 5160 3226 5225 inoffenso
3245 5164 3379 5219 calle
3401 5178 3548 5233 gres-

1976 5259 2070 5299 sus
2098 5244 2402 5298 mortalium
2427 5245 2493 5299 ad
2520 5246 2756 5303 coelestia
2783 5248 3035 5321 dirigens.
3055 5252 3150 5308 Est
3177 5254 3327 5309 urbis
3361 5252 3551 5309 ﬂoren-

1976 5335 2201 5391 tissime:
2226 5336 2640 5401 munimentum,
2658 5338 2710 5393 in
2743 5355 2850 5408 quo
2872 5341 3099 5397 ﬁrmiter
3128 5351 3271 5399 stare
3295 5353 3555 5415 prmstam

1974 5427 2243 5482 tissimum
2277 5427 2399 5483 vitae
2425 5428 2840 5485 emolumentum
2862 5472 2876 5498 ,
2919 5450 2948 5487 a
2993 5450 3101 5503 quo
3126 5436 3374 5491 recedere
3400 5438 3547 5507 peri-

1975 5518 2367 5573 culosissimum
2407 5519 2785 5576 detrimentum
2814 5532 2917 5579 est.
2950 5525 3087 5579 Sunt
3122 5525 3321 5581 ﬂuenta
3353 5528 3545 5582 verita-

1974 5615 2064 5677 tis,
2097 5631 2215 5685 quae
2242 5614 2425 5670 fallere
2462 5613 2680 5685 fallique
2714 5618 2989 5683 nesciunt,
3009 5619 3061 5674 in
3092 5636 3319 5689 quorum
3350 5622 3541 5676 vastis-

1976 5706 2128 5760 simis
2179 5706 2427 5761 amnibus
2474 5722 2597 5761 cum
2635 5708 2787 5776 plura
2822 5709 3219 5768 Dominicorum
3271 5720 3540 5783 gestorum
