4028 6180
544 300 682 357 1305

1446 298 1504 353 Β.
1543 298 1793 355 CAROLI
1830 294 2051 353 MAG.“
2082 293 2231 350 OPP.
2275 296 2454 354 PARS
2489 300 2553 354 ll.
2596 299 2838 356 SECTID
2876 300 2940 356 Il.

3643 310 3749 369 ιεοι

541 413 774 485 insignia
794 412 1117 478 habeantur,
1141 413 1387 467 eumdem
1404 413 1688 468 Dominum
1710 412 1911 482 Abgarl
1938 410 2113 479 cuju-
2141 414 2187 469 A
2212 426 2320 465 non
2347 427 2534 469 omnes
2572 422 2697 469 sunt
2724 416 2798 469 ad
2832 430 2927 471 res
2944 414 3138 471 dubias
3167 415 3506 475 allirmandas
3533 419 3583 474 in
3626 427 3765 479 testim

540 506 665 560 dam
693 502 837 575 regis
868 502 1150 573 epistolam
1199 504 1521 573 suscepisse,
1577 505 1736 573 eique
1781 503 2114 574 reciprocam

540 595 840 650 destinasse
851 594 1077 648 minime
1096 593 1325 648 habetur
1346 612 1358 646 :
1386 609 1504 662 qua:
1534 595 1651 649 «hiat
1677 594 1919 664 epistola:
1936 609 2061 648 cum
2082 609 2113 647 a

540 685 713 742 sancti
738 685 1013 756 Evangelii
1051 684 1283 740 lectione
1309 686 1418 739 sint
1462 685 1676 755 penitus
1703 693 2007 750 extraneae,
2059 692 2116 739 et

538 792 570 830 a
593 777 753 831 beato
779 775 995 831 Geiasio
1042 776 1306 830 Roinanas
1339 776 1493 831 urbis
1535 778 1805 842 antistite,
1846 778 1930 832 vel
1955 795 1984 832 a
2011 793 2115 833 (xe-

539 865 670 920 teris
688 880 840 935 aque
866 864 1153 919 catholicis
1195 872 1251 919 et
1286 866 1600 921 orthodoxis
1632 867 1765 922 viris
1809 868 1949 922 inter
1979 882 2112 936 spec

538 957 769 1025 eryphas
797 957 1093 1027 scripturas
1137 970 1358 1024 prorsus
1402 958 1688 1027 deputatas,
1719 975 1823 1014 non
1879 968 2006 1015 sunt
2057 961 2111 1014 in

536 1035 903 1100 testimonium
950 1046 1349 1115 quodammodo
1384 1047 1758 1115 producendus,
1789 1051 1913 1118 quia
1942 1050 2013 1103 ad
2046 1064 2110 1105 ea

534 1150 655 1207 quae
708 1138 760 1191 in
802 1139 1155 1207 quaestionem
1212 1139 1434 1193 veniunt
1482 1140 1823 1209 approbanda
1879 1140 1964 1195 vel
2012 1141 2113 1195 im-

532 1230 806 1298 probanda
835 1231 974 1285 sicut
994 1237 1049 1284 et
1073 1238 1285 1285 cetera:
1319 1232 1669 1306 aprocrvphae
1695 1232 1976 1303 scripturae
2000 1233 2107 1287 mi-

534 1333 638 1373 nus
683 1327 809 1373 sunt
859 1319 1084 1374 idoneze.
1113 1319 1317 1374 Harum
1369 1334 1499 1389 ergo
1538 1329 1719 1376 textus
1767 1338 1891 1376 cum
1930 1324 2000 1377 sit
2042 1325 2110 1379 ab

532 1407 873 1477 cvangelistis
895 1408 1118 1463 minime
1146 1409 1199 1462 in
1228 1410 1503 1465 codicibus
1528 1411 1931 1480 evangeliorum
1954 1420 2112 1466 taxa-

534 1505 707 1562 tns,et
729 1498 967 1552 meritos
990 1497 1273 1553 catholicis
1295 1499 1434 1554 inter
1461 1500 1769 1569 apocrypha
1802 1500 2107 1569 deputatus,

532 1598 587 1645 et
614 1589 681 1644 ab
709 1589 834 1645 istis
868 1591 937 1645 ob
968 1591 1365 1645 adorandarum
1396 1590 1707 1662 imaginum
1745 1606 1993 1646 errorem
2017 1593 2111 1647 ad-

533 1679 846 1733 strucndum
895 1680 955 1733 in
986 1681 1192 1750 synodo
1231 1680 1445 1744 allatus,
1490 1696 1591 1736 nec
1631 1682 1746 1736 suis
1774 1682 1992 1750 quidem
2022 1682 2138 1741 vel.

2216 504 2455 558 monium
2518 505 2859 575 proferendi,
2920 507 3048 577 (una
3118 524 3221 563 nec
3273 525 3463 566 omnes
3510 522 3752 572 auctorum

2215 606 2442 646 suorum
2488 602 2614 647 sunt
2669 595 3091 663 prostitulatione
3128 598 3355 661 muniti,
3418 610 3511 655 aut
3548 604 3750 660 virorum

2214 680 2432 736 fortium
2487 692 2541 738 et
2587 684 3149 754 eloquentissimorum
3189 688 3329 758 stylo
3375 690 3584 760 digesti.
3613 694 3752 751 Vene-

2214 773 2399 828 rabilis
2436 774 2623 844 itaque
2661 774 2863 830 Gelasii
2915 792 3067 847 papa:
3115 787 3540 850 caeterortunque
3574 792 3752 852 patrum

2214 862 2479 918 doctrinis
2505 865 2858 930 iastituimnr,
2893 868 3031 923 vitas
3051 868 3292 933 Patrum,
3328 871 3504 935 Pauli,
3532 874 3752 939 Antonii,

2215 947 2526 1014 Hilarionis,
2562 951 2648 1007 vel
2692 961 3011 1009 caeterorum
3039 972 3213 1024 thea
3256 958 3418 1013 beato
3466 959 3753 1033 Hieronymo

2213 1046 2307 1092 aut
2331 1039 2490 1095 edita:
2515 1049 2658 1104 sunt,
2686 1052 2780 1096 aut
2823 1044 2891 1098 de
2914 1045 3109 1099 Gueco
3150 1046 3205 1100 in
3248 1046 3481 1103 latinum
3517 1052 3752 1107 translate

2212 1143 2538 1197 sermonem,
2583 1140 2677 1187 aut
2702 1133 2923 1189 illorum
2944 1137 3227 1194 doctorum
3254 1149 3382 1195 sunt
3408 1141 3549 1212 style

2212 1235 2441 1289 quorum
2470 1233 2664 1277 castora
2689 1227 2946 1294 opuscula
2982 1242 3013 1281 a
3040 1237 3230 1284 sancta
3268 1231 3536 1289 catholica
3565 1242 3617 1288 et
3651 1249 3751 1303 apo-

2212 1312 2402 1367 stolica
2448 1313 2689 1369 Ecclesia
2736 1318 3142 1386 suscipiuntur,
3199 1336 3325 1377 cum
3373 1323 3529 1377 omni
3579 1324 3752 1380 honore

2212 1402 2500 1472 suscipere,
2531 1412 2761 1461 caeteras
2779 1422 2908 1462 vero
2928 1423 3159 1477 quarum
3182 1419 3435 1467 auctores
3454 1413 3751 1484 ignorantur,

2212 1488 2354 1546 inter
2381 1494 2717 1563 apocryphas
2738 1497 3037 1565 scripturas
3075 1498 3359 1568 deputare.
3390 1501 3528 1557 Cum
3550 1517 3666 1571 ergo
3693 1502 3751 1557 illi

2211 1581 2504 1652 imaginum
2528 1585 2901 1643 adorationem
2930 1590 3093 1645 modo
3121 1592 3429 1649 divinorum
3450 1594 3750 1665 eloquium

2197 1672 2569 1729 .commatibus
2607 1674 3036 1744 incompetcnter
3068 1680 3345 1745 adhibitis,
3378 1683 3543 1739 modo
3574 1684 3749 1754 ignoto»

532 1770 765 1824 tenuiter
786 1768 932 1823 favet
953 1743 1300 1839 sequacibus,
1325 1771 1627 1840 przesertim
1649 1786 1769 1825 eum
1790 1743 1990 1827 ibidem
2014 1787 2108 1827 ne-
2141 1743 2185 1802 B
2212 1777 2332 1815 l‘llm
2354 1765 2711 1833 quorumdam
2738 1743 3016 1823 ductorum
3044 1770 3227 1835 dictis,
3262 1743 3428 1828 modo
3455 1743 3755 1844 apocrypha-

529 1875 799 1930 quaquam
822 1858 1071 1930 Abgarus-
1102 1863 1329 1917 Domino
1366 1862 1654 1933 imaginem
1700 1865 1988 1933 quamdam
2018 1865 2111 1920 ad-

528 1957 778 2005 oraturus
801 1950 1100 2019 postulasse
1126 1951 1357 2022 legatur,
1390 1960 1483 2006 aut
1507 1952 1646 2008 idem
1662 1955 1902 2009 omnium
1926 1955 2107 2009 Domi;

526 2058 627 2095 uus
663 2042 834 2096 eidem
872 2042 1092 2112 Abgnro
1121 2044 1410 2112 quamdam
1458 2045 1749 2116 imaginem
1778 2047 2107 2101 adorandam

525 2130 821 2185 destinasse
835 2132 1202 2199 perhibeatur.
1236 2132 1294 2187 Si
1321 2148 1451 2188 vero
1475 2134 1531 2188 hi
1549 2134 1639 2204 qui
1668 2150 1854 2190 earum
1878 2136 2107 2192 lectione

525 2236 681 2275 suum
715 2236 958 2275 errorem
1008 2220 1199 2277 fulcire
1237 2223 1534 2278 moliuntur
1577 2225 1795 2279 easdem
1823 2225 2101 2294 epistolas,

525 2328 687 2367 imam
710 2328 740 2367 a
765 2313 991 2368 Domino
1044 2322 1381 2385 susceptam,
1431 2316 1657 2370 alteram
1695 2317 1916 2371 missam
1962 2316 2105 2371 allii-

525 2417 671 2458 iaare
700 2403 879 2469 velint,
912 2405 1169 2468 dicentes,
1199 2420 1307 2459 non
1343 2406 1525 2459 omnia
1551 2406 1752 2475 scripta
1780 2407 1834 2461 in
1860 2408 2104 2477 Evange-

525 2494 594 2549 l'ro
637 2510 758 2563 quas
800 2509 832 2549 a
873 2495 1100 2551 Domino
1131 2495 1276 2550 dicta
1305 2495 1390 2551 vel
1434 2495 1576 2552 facta
1618 2506 1762 2561 sunt,
1794 2507 1848 2552 et
1881 2507 2105 2553 utantur

525 2584 835 2638 testimonio
858 2583 1083 2641 Joannis
1135 2585 1405 2640 dicentis:
1440 2586 1614 2641 Multa
1648 2587 1859 2659 quidem
1895 2597 1945 2642 et
1993 2588 2102 2643 alia

521 2676 675 2745 signa
688 2676 806 2745 fecit
824 2674 1330 2747 Jerusinconapectu
1352 2676 1733 2747 discipulorum
1751 2696 1967 2733 suorum
1983 2696 2101 2751 quin

521 2782 624 2820 non
650 2776 774 2822 sunt
799 2767 992 2838 scripta
1019 2768 1077 2821 in
1122 2767 1254 2821 libro
1279 2768 1376 2821 hoc
1421 2766 1601 2839 (Joan.
1646 2769 1777 2840 xx),
1816 2770 2101 2826 advertant

522 2856 623 2911 hoc
648 2857 714 2910 de
743 2856 1016 2911 miraculis
1039 2870 1151 2911 non
1186 2856 1253 2911 de
1275 2856 1542 2926 epistolis,
1571 2857 1639 2911 de
1683 2858 1852 2928 signis
1898 2873 2004 2912 non
2035 2861 2100 2914 de

521 2947 1016 3013 constitutionibus,
1044 2947 1269 3018 intelligi
1330 2963 1510 3017 posse.
1575 2948 1730 3016 Quod
1783 2966 1913 3007 vero
1967 2951 2098 3019 ipsa:

519 3040 755 3109 epist
782 3042 851 3095 ab
874 3042 1180 3111 evangelica
1196 3042 1422 3097 lectione
1437 3050 1656 3099 remotae
1676 3051 1733 3098 et
1756 3059 1786 3097 a
1810 3043 2090 3099 catholicis

521 3132 665 3185 inter
688 3133 990 3201 apocrypha
1009 3132 1278 3201 deputata:
1305 3134 1433 3198 sint,
1462 3142 1516 3188 et
1557 3134 1610 3188 in
1639 3149 1826 3188 earum
1858 3135 2089 3190 lectione

520 3217 915 3274 adorandarurn
942 3221 1231 3290 imaginum
1257 3222 1401 3276 nulla
1427 3223 1745 3278 documenta
1769 3225 2088 3291 habeantur,

521 3308 865 3365 manifestum
891 3319 997 3366 est.
1025 3311 1134 3367 Nos
1162 3320 1217 3367 et
1244 3312 1538 3381 imaginum
1558 3313 1921 3370 adorationem
1944 3330 2093 3385 sper—

519 3402 715 3465 nimus,
757 3410 812 3458 et
847 3417 947 3458 eas
980 3402 1129 3458 inter
1146 3404 1451 3474 apocrypha
1478 3404 1715 3476 legentes
1752 3406 1929 3460 omnia
1970 3420 2092 3476 pro-

518 3493 731 3560 bamus,
760 3502 815 3549 et
837 3510 958 3565 quae
978 3496 1118 3551 bona
1158 3504 1284 3551 sunt
1318 3496 1636 3552 retinemus.

1109 3606 1335 3664 CAPUT
1389 3607 1490 3665 XI.

519 3716 672 3792 Quod
708 3717 787 3772 illi
835 3717 955 3778 libri
1000 3731 1261 3789 gestorum
1307 3730 1535 3792 patrum,
1580 3738 1803 3792 quorum
1852 3732 2091 3778 auctores

552 3796 555 3797 '
589 3789 912 3859 ignorantur,
950 3805 1049 3842 non
1088 3789 1316 3859 prorsus
1343 3790 1516 3844 idonei
1537 3789 1638 3844 sint
1682 3791 1751 3844 ad
1796 3793 2091 3846 testimonia

623 3858 796 3921 unda,
835 3868 884 3910 et
936 3859 1005 3916 ad
1040 3858 1149 3913 lucc
1191 3875 1308 3925 qua:
1348 3861 1405 3913 in
1452 3861 1830 3915 contentionem
1883 3862 2091 3915 veniunt

591 3927 922 3996 aﬁirmonda.

585 4037 890 4107 Apostolica
922 4054 1017 4095 nos
1044 4043 1294 4097 admonet
1336 4041 1653 4111 praedicatio
1677 4084 1691 4107 ,
1750 4043 1929 4099 omnia
1967 4059 2093 4113 pro-

517 4129 662 4191 bare,
700 4136 756 4182 et
787 4143 850 4182 ea
879 4144 998 4198 mne
1049 4132 1189 4186 bona
1237 4140 1362 4185 sunt
1410 4134 1665 4187 retinere.
1703 4132 1856 4199 Quod
1902 4133 1967 4188 de
2003 4133 2094 4188 do-

515 4220 809 4272 ctrinarum
838 4220 1238 4276 diversitatibus
1274 4238 1433 4291 quam
1464 4222 1703 4276 maxime
1740 4222 1965 4292 intelligi
1995 4237 2092 4291 po-

517 4318 639 4363 test.
663 4308 781 4363 Non
809 4311 956 4364 enim
981 4326 1077 4365 nos
1099 4312 1340 4366 oinnium
1363 4320 1582 4367 actuum
1607 4311 1690 4366 vel
1721 4311 1884 4366 etiam
1911 4325 2093 4365 rerum

2116 3091 2162 3155 C

2207 1866 2330 1906 rum
2351 1853 2541 1908 naaniis
2581 1855 2881 1923 approbare
2922 1855 3194 1924 affectent,
3229 1862 3653 1920 animadvertere
3678 1864 3750 1918 de-

2205 1940 2336 1997 bent
2364 1957 2477 1997 rem
2502 1959 2560 1998 se
2597 1945 2984 2013 impossibilem
3022 1952 3285 2019 agendam
3319 1955 3747 2024 arripuisse,cnm

2205 2034 2453 2090 videlicet
2492 2050 2593 2091 nec
2634 2037 2938 2093 divinorum
2983 2041 3322 2111 eloquiorum
3359 2047 3657 2101 testimonia
3692 2044 3746 2100 ad

2205 2124 2523 2193 peregrinos
2545 2140 2738 2181 sensus
2758 2126 3019 2204 violenter
3044 2145 3144 2185 nec
3169 2132 3385 2187 valeant
3416 2150 3518 2189 nec
3546 2136 3746 2190 debeant

2204 2213 2477 2282 usurpari,
2508 2226 2610 2270 nec
2647 2215 2954 2285 ignotorum
2981 2221 3317 2288 pranlicatio,
3360 2238 3589 2292 quorum
3621 2224 3747 2294 spiri-

2204 2309 2295 2358 tus
2314 2304 2544 2358 necdum
2573 2307 2785 2374 probati
2809 2317 2934 2362 sunt
2960 2325 3030 2363 an
3058 2326 3125 2364 ex
3145 2311 3255 2366 Deo
3284 2313 3419 2380 sint,
3452 2316 3508 2369 in
3536 2317 3744 2370 testimo-

2203 2399 2352 2454 nium
2364 2400 2556 2456 debeat
2570 2402 2816 2471 produci,
2839 2419 2939 2459 nec
2953 2408 3385 2477 apocrypborum
3404 2410 3604 2466 frivolis
3613 2411 3743 2466 rebus

2202 2490 2464 2559 ambiguis
2491 2497 2547 2545 et
2566 2492 2796 2546 necdum
2820 2493 3134 2551 deliberatis
3162 2497 3398 2553 ﬁrmitas
3428 2499 3598 2555 valeat
3619 2498 3742 2554 exhi-

2200 2580 2317 2635 beri
2352 2599 2364 2635 :
2393 2583 2653 2650 quoniam
2678 2583 2727 2639 si
2746 2583 3035 2652 cujuslibet
3055 2589 3217 2643 verba
3248 2587 3507 2646 falsitatis
3534 2589 3646 2646 fuco
3669 2605 3745 2644 nc-

2202 2689 2473 2744 quaquam
2500 2676 2741 2732 vitianda
2762 2685 2910 2744 sunt,
2933 2679 3103 2735 multo
3133 2681 3313 2736 minus
3329 2682 3518 2738 divina
3539 2682 3736 2752 eloquia,

2200 2778 2321 2834 quae
2345 2773 2472 2821 sunt
2493 2767 2708 2837 eloquia
2734 2776 2905 2835 casta,
2928 2779 3211 2841 argentum
3234 2772 3357 2841 igne
3380 2774 3739 2834 examinatum,

2199 2858 2593 2925 quodammodo
2625 2860 2695 2914 ad
2727 2860 2864 2915 alias
2885 2876 2976 2915 res
3001 2876 3163 2930 quam
3182 2863 3319 2917 ordo
3346 2878 3409 2918 se
3434 2864 3591 2920 habet
3609 2878 3736 2918 usur-

2197 2949 2373 3016 panda
2403 2956 2564 3014 sunt;
2591 2957 2647 3004 et
2673 2965 2797 3006 cum
2837 2951 2895 3005 in
2929 2952 3181 3008 humanis
3209 2955 3448 3024 negotiis
3482 2955 3611 3010 viles
3643 2953 3735 3008 sive

2201 3039 2397 3108 ignotae
2416 3055 2661 3110 personae
2684 3043 2754 3096 ad
2793 3055 2859 3096 ea
2898 3057 3017 3111 quae
3059 3043 3115 3097 in
3156 3046 3516 3114 qumstionem
3549 3042 3735 3100 veniunt

2193 3131 2555 3200 approbanda,
2575 3132 2797 3189 minime
2818 3134 3193 3199 admittantur,
3205 3136 3559 3193 multominus
3577 3137 3626 3191 in
3644 3143 3738 3188 tan-

2193 3219 2265 3273 tis
2285 3220 2447 3274 rebus
2465 3234 2584 3289 qutn
2599 3218 2836 3275 ctelestis
2863 3220 3159 3291 magisterii
3189 3224 3496 3280 eruditione
3509 3222 3733 3293 indigent.

2192 3309 2586 3379 incogniton
2601 3311 2880 3367 doctorum
2903 3321 2996 3367 aut
3019 3316 3449 3384 apocrypharum
3475 3315 3732 3383 scriptura-

2192 3416 2311 3455 rum
2340 3401 2644 3456 testimonia
2677 3411 2803 3457 sunt
2840 3403 3191 3458 admittenda.
3224 3404 3521 3461 Probanda:
3538 3416 3736 3471 namque

2190 3498 2315 3545 sunt
2335 3490 2615 3561 scripturae
2645 3500 2701 3547 et
2721 3494 2904 3548 subtili
2928 3495 3322 3550 examinatione
3338 3495 3724 3566 perscrutamh.

2190 3589 2247 3636 et
2270 3589 2581 3639 sanctorum
2605 3592 2819 3653 patrum
2840 3587 3162 3642 testimoniis
3197 3588 3535 3651 roboranda,
3556 3601 3662 3656 qua
3676 3582 3729 3637 ad

2190 3686 2277 3726 res
2296 3672 2485 3727 dubias
2508 3671 2849 3730 allirmandas
2883 3676 3025 3730 intra
3066 3684 3310 3731 sanctam
3356 3676 3642 3733 Ecclesiam
3680 3674 3724 3727 in

2192 3763 2552 3823 testimonium
2602 3773 2729 3819 sunt
2766 3765 3146 3835 producendus,
3176 3768 3433 3836 quoniam
3475 3777 3529 3823 et
3568 3778 3727 3822 servus

2189 3866 2420 3923 nequam
2441 3855 2495 3909 in
2523 3855 2834 3926 Evangelio,
2863 3870 2930 3909 eo
2952 3856 3097 3927 quod
3132 3857 3419 3926 pecuniam
3450 3852 3722 3912 nummula-

2192 3945 2290 4001 riis
2332 3962 2440 4001 non
2473 3947 2697 4010 dederit,
2725 3962 2754 4000 a
2777 3947 3007 4002 Domino
3035 3948 3277 4017 arguitur
3306 3963 3321 4003 :
3346 3950 3489 4005 unde
3515 3948 3633 4003 dare
3653 3957 3730 3999 no-

2189 4036 2276 4092 bis
2296 4037 2548 4091 convenit
2576 4036 2862 4106 pecuniam
2898 4036 3294 4104 nummulariis,
3343 4052 3414 4093 ne
3454 4036 3587 4093 forte
3627 4046 3726 4088 cum

2191 4126 2379 4181 eodem
2433 4141 2588 4180 servo
2637 4141 2945 4197 arguamur,
2995 4142 3157 4196 quam
3210 4135 3340 4181 tunc
3392 4120 3728 4181 nummulariis

2193 4216 2591 4285 impendimus,
2639 4232 2760 4271 cum
2806 4217 3103 4287 scripturas
3149 4216 3415 4285 quaslibet
3447 4223 3725 4272 sanctorum

2190 4313 2405 4374 patrum
2433 4305 2665 4360 examini
2686 4304 3062 4362 diseernendas
3084 4308 3439 4376 importunus.
3464 4305 3720 4364 Pecuniam

516 4404 730 4467 gustum
774 4412 965 4467 capere
1022 4400 1306 4469 permisit,
1370 4409 1429 4456 ut
1492 4402 1647 4471 quasi
1700 4408 2090 4472 prtegustantes
2111 4427 2169 4488 Β
2193 4409 2426 4465 namque
2461 4394 2807 4449 nummularii
2829 4396 3220 4464 quadripertito
3247 4397 3406 4451 modo
3431 4394 3722 4488 examinant.

515 4487 694 4540 onmia
742 4488 883 4543 bona
933 4488 1268 4545 solummodo
1323 4492 1638 4556 retinentes,
1675 4492 1813 4546 mala
1863 4506 2088 4562 quaeque

517 4575 833 4644 abjiciamus
855 4616 869 4641 ,
914 4578 1057 4645 quod
1104 4578 1220 4633 ﬁeri
1269 4582 1471 4649 absque
1504 4582 1736 4650 quadam
1778 4581 2116 4641 illicitorum.

517 4669 917 4740 perpetratione
967 4685 1306 4742 nequaquam
1345 4679 1540 4742 potest,
1589 4674 1683 4728 sed
1729 4674 1960 4743 probare
1989 4688 2089 4729 nos

513 4759 690 4830 jussit,
712 4767 768 4814 et
807 4760 1036 4830 spiritali
1066 4761 1248 4830 palato
1274 4764 1560 4832 degustare
1584 4776 1772 4819 omnes
1815 4763 2089 4818 doctrinas

514 4859 568 4907 et
590 4864 685 4906 eas
709 4866 828 4922 quae
850 4866 880 4906 a
907 4852 1036 4907 viris
1069 4853 1462 4922 probatissimis
1486 4854 1648 4909 illatae
1684 4854 1897 4909 interna
1926 4848 2090 4908 satie-

517 4950 626 4997 tate
650 4950 857 4998 mentes
885 4943 1133 4998 reﬁciunt
1185 4945 1523 5001 solummodo
1564 4945 1815 5009 retinere,
1864 4952 2091 4999 exteras

514 5048 643 5088 vero
669 5047 859 5088 omnes
882 5048 1005 5088 cum
1028 5035 1139 5089 suis
1163 5036 1473 5091 auctoribus
1492 5033 1740 5104 abjieere.
1776 5034 1928 5090 Unde
1963 5050 2089 5089 cum

515 5137 651 5192 pene
674 5123 730 5176 in
763 5125 1013 5179 omnibus
1033 5124 1401 5192 hujuscemodi
1436 5127 1717 5196 scripturis
1744 5128 1863 5180 hare
1904 5126 2089 5197 regula

516 5231 735 5283 prorsus
768 5217 838 5271 sit
877 5217 1230 5281 observanda,
1254 5218 1309 5271 in
1353 5217 1506 5272 libris
1553 5231 1769 5288 quoque
1803 5218 1895 5286 qui
1939 5225 2087 5288 gesta

516 5306 870 5371 quorumdam
913 5316 1221 5359 sanctorum
1249 5312 1466 5375 patrum
1495 5307 1747 5371 retinent,
1775 5308 1988 5375 penitus
2006 5314 2091 5361 est

517 5396 885 5450 custodienda.
900 5396 1163 5462 Quoniam
1181 5405 1235 5449 et
1247 5411 1439 5466 magna
1453 5396 1664 5451 illomm
1678 5403 1763 5450 est
1782 5397 2086 5460 multitudo,

517 5494 571 5540 et
591 5487 746 5541 ’varia
774 5489 1017 5544 narratio
1042 5489 1359 5558 diversaque
1378 5487 1706 5558 praedicatio,
1723 5493 1778 5542 et
1802 5494 1953 5542 tanto
1978 5487 2091 5557 ple-

522 5590 743 5644 rumque
765 5580 829 5633 de
845 5579 1057 5634 illorum
1076 5580 1239 5635 dictis
1258 5595 1288 5633 a
1307 5579 1553 5635 ﬁdelibus
1578 5576 1871 5644 dubitatur,
1887 5587 2091 5649 quanto

523 5668 778 5721 nimirum
833 5684 1020 5725 eorum
1080 5681 1328 5726 auctores
1374 5673 1721 5737 ignorantur,
1770 5676 1927 5737 atque
1968 5668 2088 5724 ideo

2190 4490 2371 4539 utrum
2391 4498 2584 4537 aurum
2613 4484 2893 4553 probatum
2914 4486 3004 4551 sit,
3035 4493 3215 4539 utrum
3228 4499 3444 4554 purum,
3464 4500 3559 4541 nec
3574 4482 3725 4550 aliquo

2189 4572 2313 4629 fuco
2360 4572 2613 4629 falsitatis
2635 4573 2903 4629 introrsus
2945 4575 3226 4637 vitiatum,
3277 4590 3346 4630 an
3394 4576 3534 4644 regis
3573 4570 3723 4641 potius

2188 4680 2350 4734 quam
2377 4666 2589 4735 tyranni
2622 4666 2971 4734 inscriptione
3003 4666 3270 4736 signatum
3313 4667 3419 4731 sit,
3471 4665 3551 4721 vel
3584 4661 3722 4717 etiam

2187 4756 2487 4826 plenissimi
2511 4757 2767 4826 ponderis
2788 4757 3151 4825 aequalitatem
3179 4767 3332 4827 gerat
3377 4777 3390 4813 :
3425 4773 3542 4829 quae
3567 4751 3719 4811 omnia

2188 4849 2247 4903 in
2291 4849 2468 4918 magni
2518 4848 2920 4919 patrisfamilias
2956 4850 3203 4918 pecunia,
3234 4849 3289 4905 id
3315 4857 3419 4913 est,
3474 4850 3528 4904 in
3576 4838 3720 4901 nostri

2190 4937 2520 5005 redemporis
2535 4937 2799 4993 doctrinis
2817 4953 2849 4992 a
2878 4939 3269 5001 nummulariis,
3298 4954 3331 4993 a
3348 4938 3544 4995 sanctis
3564 4929 3721 4989 videli-

2188 5035 2273 5083 cet
2297 5035 2353 5083 et
2389 5028 2844 5099 eloquentissimis
2892 5030 3045 5094 viris,
3068 5030 3286 5101 superni
3335 5031 3476 5101 ignis
3505 5020 3720 5082 examine

2187 5121 2588 5191 perquiruntur.
2615 5119 2886 5187 Quaeritur
2911 5136 3043 5190 ergo
3081 5121 3136 5174 iu
3176 5119 3585 5189 uniuscujusque
3605 5110 3708 5168 sui

2186 5220 2358 5281 pturze
2384 5226 2622 5274 nummo,
2638 5217 2816 5264 utrum
2840 5226 3029 5265 aurum
3048 5212 3483 5281 probatissimum
3497 5199 3715 5270 signa“

2188 5315 2317 5355 arca
2342 5299 2551 5354 Domini
2595 5298 2770 5353 valeat
2811 5299 3087 5363 exornari,
3119 5300 3205 5354 vel
3230 5300 3397 5354 etiam
3426 5297 3581 5354 totius
3611 5303 3716 5346 sal-

2189 5389 2379 5444 ctuarii
2419 5403 2555 5458 opus
2579 5387 2932 5457 resplendeat,
2968 5397 3028 5443 ut
3055 5389 3309 5445 videlicet.
3338 5389 3392 5443 in
3414 5403 3475 5443 ea
3494 5376 3715 5455 spiritali!

2189 5477 2563 5549 intelligentia:
2584 5477 2730 5533 nitor
2746 5478 3002 5544 emineat,
3030 5493 3138 5550 quo
3157 5478 3340 5534 divina
3364 5477 3445 5533 lex
3487 5470 3703 5536 intem“

2188 5578 2278 5626 tur
2309 5577 2367 5627 et.
2392 5571 2561 5626 totius
2588 5568 2842 5626 Ecclesia
2869 5570 3217 5642 pulchritudo
3248 5576 3509 5627 coruscet.
3540 5556 3704 5630 ρειαί*

2189 5670 2278 5717 tur
2299 5670 2478 5717 utrum
2508 5677 2704 5731 purum
2729 5662 2802 5718 sit
2830 5671 2886 5718 et
2912 5659 3061 5719 nullo
3080 5662 3332 5720 falsitatis
3351 5660 3706 5718 fucointrorsm
