4028 6180
301 340 438 397 1Ξο5

1082 336 1252 418 LIBRI
1291 336 1629 395 CAROLlNl.
1672 366 1738 375 —-
1772 333 1991 390 CAPIT.
2036 334 2122 387 DE
2160 332 2347 388 IMAG.
2387 364 2458 374 --
2498 334 2623 389 LIB.
2666 335 2733 391 iV

3422 341 3562 399 1206

293 455 568 518 vitiatum,
598 466 669 509 ne
695 450 836 507 forte
872 447 1099 518 alicujus
1132 451 1401 507 hazreseos
1425 461 1735 519 perversum
1774 446 1873 502 do-
1898 450 1951 511 Α
1979 444 2264 501 admodum
2292 444 2492 500 factum
2537 447 2649 511 sit,
2673 447 2889 517 penitus
2931 449 3227 503 dubitetur.
3258 450 3394 507 Nam
3426 454 3553 509 dum

293 561 418 616 gma
448 543 623 601 nitore
648 540 976 609 eloquentia:
1013 547 1235 603 tectum,
1260 548 1317 594 et
1355 539 1510 608 quasi
1540 536 1874 606 spiritalibus

293 633 540 688 sensibus
575 630 873 687 immistum
918 629 1145 684 interius
1170 628 1334 683 lateat
1376 629 1779 690 obumbratum,
1819 632 1875 678 et

291 723 418 777 dum
448 731 683 793 putatae
710 721 834 790 quis
867 720 1033 775 divini
1066 721 1213 775 verbi
1255 720 1533 790 percipere
1560 733 1870 781 nummum.

293 813 458 869 virosi
483 812 754 882 dogmatis
774 811 1035 881 percipiat
1055 810 1331 865 exitiabile
1351 810 1570 864 malum.
1598 808 1873 875 Qumritur

291 921 360 960 an
390 905 533 975 regis
558 905 693 959 ineo
719 903 790 958 sit
811 901 1112 972 inscriptio,
1142 917 1210 957 an
1245 902 1483 972 tyranni,
1513 901 1640 970 quia
1662 900 1873 955 scilicet

292 999 395 1053 hoc
414 1013 444 1053 a
469 996 801 1052 doctissimis
830 995 963 1049 viris
984 994 1039 1048 in
1064 993 1367 1063 hujusmodi
1393 993 1678 1063 scripturis
1699 992 1871 1049 soler-

294 1089 499 1143 Iissima
532 1086 872 1156 indagatione
893 1092 1285 1153 perscrutatur,
1326 1091 1508 1141 utrum
1538 1082 1604 1137 ad
1641 1082 1871 1137 salutem

293 1181 484 1234 animae
508 1178 816 1248 pertineant
836 1184 891 1233 et
916 1176 1058 1246 regis
1084 1175 1277 1240 nostri,
1306 1175 1396 1243 qui
1416 1174 1654 1229 salvator
1674 1172 1759 1228 vel
1782 1188 1871 1228 sa-

294 1268 484 1323 lutaris
508 1267 726 1331 dicitur,
767 1265 1023 1322 salutaria
1068 1265 1271 1321 monita
1317 1266 1570 1327 habeant,
1605 1280 1672 1319 ne
1698 1262 1866 1328 forte,

293 1359 603 1430 postpositis
628 1358 732 1421 his,
756 1357 963 1425 antiqui
993 1357 1165 1410 hostis
1185 1355 1430 1424 quaedam
1459 1354 1616 1409 noxia
1663 1353 1869 1408 machi-

295 1457 545 1503 namenta
574 1448 827 1510 habeant,
855 1454 909 1501 et
935 1447 1060 1500 dum
1091 1447 1395 1514 sequendus
1432 1446 1501 1499 sit
1530 1445 1595 1510 is,
1631 1445 1722 1513 qui
1767 1445 1862 1508 ait,

294 1542 433 1595 Data
451 1550 525 1595 est
548 1541 675 1592 mihi
693 1540 861 1593 omnis
880 1547 1102 1608 potestas
1121 1538 1176 1591 in
1203 1535 1329 1591 calo
1350 1547 1396 1591 et
1416 1538 1470 1590 in
1491 1546 1630 1591 terra
1649 1534 1866 1604 (Matth.

294 1630 508 1702 xxvm),
541 1631 631 1699 qui
664 1645 761 1699 per
787 1629 1149 1683 humilitatem
1176 1634 1389 1681 terrena
1429 1624 1739 1679 coelestibus
1786 1638 1874 1677 so-

293 1724 476 1789 ciavit,
503 1724 607 1787 ille,
637 1724 784 1792 quod
805 1721 966 1786 absit,
994 1728 1255 1789 sequatur
1291 1718 1384 1787 qui
1409 1718 1535 1772 dum
1561 1730 1658 1785 per
1687 1724 1873 1786 tyran-

1975 550 2196 605 prorsus
2234 551 2303 590 an
2338 536 2390 591 id
2419 539 2563 606 quod
2612 537 2797 592 retulit
2828 538 2968 592 idem
3002 540 3286 611 presbyter
3332 542 3386 597 in
3414 546 3552 601 veri-

1977 634 2086 681 tate
2108 634 2318 697 gestum
2355 628 2426 682 sit
2465 628 2761 698 ignoretur,
2809 630 3019 685 etiamsi
3066 648 3120 685 ιη
3153 633 3381 691 veritate
3428 652 3554 707 ges.

1974 726 2091 773 tum
2129 716 2294 773 fuisse
2315 719 2652 789 probaretur,
2679 720 2964 776 sollicitius
3008 722 3371 793 indagandum
3400 728 3553 782 esset

1973 824 2205 878 quonam
2235 810 2392 865 modo
2429 818 2638 880 gestum
2664 810 2830 866 luisse
2870 814 3271 881 perhiberetur,
3296 818 3551 885 quoniam

1973 900 2190 969 quidem
2222 900 2481 955 miracula
2508 900 2777 955 interdum
2824 916 2921 971 per
2951 905 3229 972 reprobos,
3279 906 3553 965 interdum

1973 995 2137 1050 etiam
2163 1011 2260 1065 per
2284 995 2460 1050 aerias
2506 1004 2819 1066 potestates,
2874 996 3190 1067 plerumque
3241 1011 3417 1055 tamen
3461 1015 3557 1071 per

1972 1092 2188 1141 sanctos
2210 1101 2451 1155 quosque
2479 1085 2591 1140 sive
2631 1100 2728 1154 per
2766 1086 3007 1155 angelica
3038 1087 3340 1143 ministeria
3395 1089 3552 1145 fiunt.

1973 1174 2126 1242 Quod
2151 1175 2198 1229 si
2228 1176 2459 1244 quodam
2487 1175 2693 1244 antiqui
2727 1176 2901 1231 hostis
2925 1175 3322 1233 ﬂexuosissimo
3345 1179 3553 1233 machi—

1973 1274 2227 1321 namento
2256 1274 2433 1321 actum
2462 1274 2564 1332 est,
2595 1281 2702 1321 non
2734 1266 2908 1321 solum
2934 1284 2999 1321 ex
3025 1284 3092 1323 eo
3112 1269 3334 1324 minime
3351 1271 3552 1339 poterit

1974 1355 2267 1425 imaginum
2321 1357 2564 1412 adoratio
2590 1357 2785 1421 astrui,
2839 1357 2930 1412 sed
2961 1359 3122 1412 etiam
3148 1374 3272 1415 cum
3331 1368 3554 1415 auctore

1972 1464 2073 1502 suo
2107 1449 2422 1517 cunctisque
2458 1448 2574 1517 ejus
2604 1448 2940 1503 illusionibus
2978 1458 3238 1519 perpetuo
3268 1451 3426 1507 debet
3456 1452 3551 1507 abo

1968 1538 2094 1607 jici;
2120 1540 2165 1593 si
2200 1554 2327 1593 vero
2350 1555 2445 1608 per
2475 1539 2748 1609 angelicas
2780 1548 3074 1608 apparatus
3107 1550 3317 1611 gestum
3340 1551 3441 1605 est,
3495 1551 3555 1596 ut

1974 1630 2227 1700 pleraque
2248 1630 2399 1699 signa
2424 1630 2537 1685 fieri
2564 1630 2758 1692 solent,
2786 1646 2821 1684 n
2846 1646 2890 1684 -c
2923 1646 2987 1685 ex
3016 1646 3081 1685 eo
3110 1632 3325 1699 quidem
3352 1632 3430 1687 rei
3460 1648 3556 1687 cn-

1970 1722 2183 1791 jusdam
2218 1723 2548 1779 irrationalis
2572 1723 2816 1778 adoratio
2842 1724 3041 1793 poterit
3073 1724 3391 1789 inolescere,
3421 1740 3555 1794 quo-

292 1788 471 1871 nidem
501 1788 693 1869 similis
720 1812 999 1867 Altissimo
1016 1788 1334 1878 arroganter
1346 1822 1464 1863 esse
1484 1806 1673 1869 voluit,
1689 1804 1872 1859 divino
1901 1788 1949 1848 Β
1974 1788 2121 1867 uiam
2145 1812 2454 1868 credibilius
2480 1814 2696 1882 quidem
2721 1822 2803 1869 est
2830 1788 2932 1869 nec
2953 1815 3278 1870 miraculum
3300 1788 3403 1872 loci
3434 1788 3557 1871 έθη-

285 1909 590 1978 justissimo
633 1905 838 1975 judicio
888 1905 957 1959 ad
1005 1902 1261 1957 inferiora
1303 1900 1541 1968 dilapsus
1584 1896 1873 1952 infeliciter

292 2002 422 2055 ruit.
455 1999 725 2066 Quaeritur
746 1998 911 2051 etiam
942 2012 970 2050 a
1017 1994 1219 2048 talibus
1247 1990 1643 2054 nummulariis,
1688 1996 1870 2043 utrum

294 2090 429 2144 tanti
504 2087 913 2159 patrisfamilias
979 2099 1235 2140 nummus
1270 2081 1573 2154 plenissimi
1619 2079 1874 2149 ponderis

291 2181 651 2251 aequalitatem
693 2188 859 2251 gerat,
886 2179 940 2233 id
980 2186 1083 2242 est,
1108 2187 1292 2230 utrum
1322 2175 1569 2231 doctrina
1621 2172 1874 2243 quailibet

292 2274 623 2345 propheticis
648 2282 809 2340 atque
833 2270 1142 2340 apostolicis
1167 2267 1433 2323 doctrinis
1459 2263 1769 2326 concordet,
1804 2278 1874 2318 ne

296 2366 436 2419 forte
484 2364 589 2418 illis
632 2361 1030 2433 quodammodo
1070 2359 1396 2414 dissentiens
1453 2364 1547 2410 aut
1602 2352 1873 2423 superﬂua

294 2471 520 2525 qumque
550 2466 638 2510 aut
665 2455 844 2508 minus
868 2452 1022 2523 plena
1046 2450 1367 2521 promulget,
1394 2448 1646 2518 quoniam
1683 2455 1737 2501 et
1777 2446 1871 2500 do-

296 2549 447 2602 naria
475 2548 594 2602 auri
622 2554 677 2600 et
697 2545 907 2616 argenti
933 2559 1053 2613 qum
1076 2543 1130 2596 in
1156 2556 1320 2610 opere
1348 2539 1687 2595 tabernaculi
1719 2553 1749 2591 a
1779 2553 1875 2606 po-

296 2638 421 2707 pqu
441 2636 825 2699 offerebantur,
855 2650 884 2687 a
924 2634 1230 2703 legislatore
1251 2632 1319 2686 ad
1347 2632 1558 2701 pondus
1575 2630 1871 2685 sanctuarii

294 2744 528 2798 appensa
578 2727 1031 2797 suscipiebantur.
1098 2723 1253 2779 Unde
1305 2722 1464 2776 datur
1499 2720 1727 2790 intelligi
1779 2733 1875 2773 eas

293 2820 590 2890 scripturas
635 2819 750 2874 sive
804 2816 1101 2879 doctrinas,
1133 2815 1219 2870 vel
1268 2815 1433 2869 etiam
1461 2829 1627 2883 opera
1674 2829 1705 2867 a
1744 2827 1875 2867 vero

294 2909 622 2979 legislature,
652 2908 949 2963 mediatore
969 2906 1220 2960 videlicet
1250 2904 1344 2959 Dei
1371 2913 1427 2958 et
1458 2903 1755 2965 hominum,
1784 2916 1875 2957 ve-

295 3002 497 3055 raciter
547 3001 689 3054 intra
725 3004 969 3054 sanctam
994 2995 1292 3052 Ecclesiam
1341 3009 1462 3049 esse
1503 2992 1874 3062 suscipienda,

295 3106 414 3160 quae
439 3106 467 3144 a
495 3091 731 3159 pondere
759 3086 1076 3151 sanctuarii,
1118 3085 1172 3140 id
1194 3092 1279 3140 cst
1310 3084 1379 3139 ab
1401 3085 1749 3153 antiquorum
1778 3100 1877 3154 pa-

297 3191 435 3236 trum
466 3198 675 3246 norma,
701 3193 1039 3248 nequaquam
1069 3185 1195 3232 sunt
1225 3176 1476 3232 sensibus
1516 3176 1599 3231 vel
1619 3177 1873 3246 operibus

292 3274 620 3342 disgregsta.
650 3272 777 3325 "me
801 3285 931 3340 ergo
956 3269 1138 3324 omnia
1160 3268 1287 3323 dum
1336 3267 1646 3338 singillatim
1673 3267 1788 3322 sive
1816 3267 1872 3321 in

293 3361 449 3419 libris
469 3360 561 3428 qui
587 3359 960 3413 inscribuntur
996 3357 1160 3412 Gesta
1188 3357 1432 3419 Patrum,
1462 3357 1575 3411 sive
1596 3357 1651 3410 in
1692 3357 1872 3411 omni-

296 3451 396 3503 bus
443 3447 644 3516 passim
697 3447 1037 3516 dogmatibus
1085 3445 1285 3500 fuerint
1333 3445 1582 3514 prudenti
1626 3446 1875 3500 examine

295 3539 521 3610 quaesita
549 3546 604 3593 et
625 3554 832 3593 summa
856 3538 1120 3593 industria
1144 3545 1379 3606 reperta,
1398 3535 1728 3589 confidenter
1748 3543 1877 3588 sunt

294 3632 605 3685 earumdem
629 3632 888 3687 librorum
935 3630 1183 3699 dogmata
1212 3627 1295 3681 vel
1334 3626 1640 3680 testimonia
1682 3624 1749 3679 ad
1787 3639 1875 3678 res

296 3721 487 3776 dubias
509 3722 910 3775 conﬁt-mandas
935 3721 989 3773 in
1021 3720 1254 3773 medium
1279 3718 1622 3780 deducenda;
1649 3730 1749 3769 nec
1773 3730 1873 3784 po-

294 3812 422 3867 terit
450 3813 573 3867 talis
620 3812 847 3881 pecunia
896 3825 926 3863 a
967 3809 1207 3877 quolibet
1249 3807 1564 3875 improbari,
1614 3822 1735 3875 quae
1778 3821 1877 3874 per

293 3904 428 3958 tales
450 3902 747 3971 trapezitas
778 3900 913 3953 tanti
941 3894 1206 3953 examinis
1228 3896 1573 3967 indagatione
1598 3896 1767 3951 valuit
1781 3910 1875 3964 ap-

294 3994 532 4065 probari.
782 3980 787 3987 ’

914 4078 1141 4135 CAPUT
1180 4077 1294 4133 XII.

296 4194 370 4247 De
379 4209 437 4247 eo
447 4193 586 4263 quod
602 4192 882 4264 Dionysius
896 4190 1398 4264 presbyterecclest'w
1410 4189 1797 4264 Ascalonitanre
1815 4193 1871 4247 in

360 4261 542 4318 eadem
563 4261 763 4334 synodo
789 4261 1024 4316 retulisse
1053 4262 1237 4334 fertur,
1260 4261 1538 4332 quemdam
1558 4262 1871 4334 monac/uim

361 4351 540 4389 coram
568 4331 796 4402 intagine
836 4343 1033 4387 sancta:
1069 4331 1259 4386 Maria:
1300 4347 1501 4400 semper
1533 4331 1747 4402 virginis
1792 4332 1874 4386 lu-

362 4421 573 4459 cernam
611 4400 954 4466 illitminasse,
1004 4413 1050 4457 et
1099 4412 1213 4473 post
1242 4402 1450 4473 tertium
1501 4400 1577 4455 vel
1616 4400 1873 4471 quintum

362 4491 453 4528 seu
482 4476 638 4557 egiam
657 4484 858 4527 sextum
893 4471 1121 4528 mensem
1162 4471 1462 4525 redeuntem
1500 4473 1870 4525 inexstinctum

364 4560 635 4616 repensse.

360 4676 583 4745 Legitur
611 4676 841 4744 denique
890 4675 943 4729 in
973 4673 1212 4744 ejusdem
1246 4668 1439 4745 synodi
1488 4671 1718 4728 lectione
1749 4672 1872 4726 υἱο-

293 4766 481 4835 nysius
508 4764 793 4834 presbyter
813 4764 1055 4820 ecclesia:
1085 4763 1478 4818 Ascalonitante
1502 4763 1556 4816 in
1582 4777 1727 4834 sazpe
1757 4776 1876 4831 me-

293 4866 500 4913 morata
534 4856 739 4925 synodo
764 4855 1014 4911 retulisse
1029 4855 1317 4923 quemdam
1343 4854 1667 4908 monachum
1692 4868 1876 4908 coram

295 4947 524 5016 imagine
550 4948 731 5007 beatae
755 4946 850 5003 Dei
889 4946 1167 5016 genitricis
1199 4944 1382 4998 Maria:
1411 4943 1689 4999 lucernam
1733 4958 1869 4996 con-

294 5041 562 5102 cinnasse,
578 5045 765 5107 etpost
779 5044 1033 5107 quartum
1055 5037 1139 5091 vel
1152 5037 1399 5106 quintum
1427 5050 1525 5090 nec
1544 5050 1650 5088 non
1676 5042 1731 5089 et
1755 5047 1909 5087 sex:

296 5135 409 5181 tum
450 5141 690 5182 mensem
736 5127 1117 5183 inexstiuctam
1181 5126 1467 5195 reperisse.
1520 5123 1622 5190 Qui
1667 5123 1876 5178 relatus

294 5220 443 5283 dum,
472 5217 613 5271 sicut
632 5225 684 5273 et
708 5225 904 5273 caetera
942 5232 1063 5287 quae
1089 5217 1285 5271 ibidem
1315 5215 1482 5270 relata
1507 5224 1651 5279 sunt,
1679 5230 1784 5268 non
1809 5215 1879 5269 ob

295 5310 441 5367 aliud
488 5308 651 5364 fuerit
681 5309 896 5375 allatus,
936 5310 1042 5364 nisi
1068 5310 1138 5364 ob
1180 5308 1475 5377 imaginum
1500 5306 1875 5361 stabiliendam

295 5402 684 5463 adorationem,
713 5415 816 5456 nec
841 5401 909 5456 de
935 5416 1001 5455 eo
1027 5399 1169 5454 sicut
1194 5413 1294 5453 nec
1316 5397 1382 5452 de
1428 5396 1641 5453 catteris
1686 5398 1875 5452 eadem

297 5489 588 5562 imaginum
619 5489 864 5546 adoratio
895 5489 1182 5559 quemdam
1212 5488 1411 5559 poterit
1453 5487 1699 5543 obtinere
1723 5487 1877 5557 vigo-

297 5596 431 5646 rem,
455 5582 650 5650 quippe
666 5595 791 5637 cum
816 5589 871 5636 et
894 5582 960 5635 de
985 5578 1100 5648 ejus
1121 5579 1225 5634 fide
1253 5579 1343 5647 qui
1373 5578 1425 5633 id
1454 5576 1719 5644 retulerit,
1738 5579 1879 5633 etde

298 5668 440 5725 facto
477 5679 655 5726 utrum
686 5670 888 5726 factum
918 5671 1007 5736 sit,
1036 5678 1091 5725 et
1119 5671 1185 5725 de
1237 5677 1499 5738 tempore,
1525 5670 1744 5739 quando
1794 5670 1877 5724 fa-

299 5770 439 5816 ctum
454 5764 543 5829 sit,
558 5770 613 5819 et
628 5763 693 5820 de
709 5762 830 5820 loco
856 5763 946 5818 ubi
977 5760 1175 5816 factum
1206 5759 1294 5826 sit,
1327 5759 1471 5815 etde
1495 5760 1656 5816 modo
1684 5776 1877 5829 quem—

1970 1903 2045 1957 eti
2062 1904 2360 1958 reverentia
2376 1903 2555 1972 potius
2566 1919 2726 1972 quam
2741 1901 2969 1972 alicujus
2994 1905 3243 1974 imaginis
3261 1906 3549 1975 praesentia

1971 2003 2183 2065 gestum
2224 1993 2411 2058 fuisse,
2441 1994 2486 2049 si
2516 2002 2695 2050 tamen
2728 2004 2938 2064 gestum
2967 2004 3072 2050 est.
3114 1996 3545 2052 Venerabiliores

1971 2088 2117 2143 enim
2148 2096 2273 2142 sunt
2320 2086 2558 2141 basilica:
2606 2088 2857 2156 imagine,
2908 2096 2965 2142 et
3014 2088 3380 2143 reverentiora
3427 2099 3554 2143 sunt

1972 2177 2088 2232 loca
2116 2177 2349 2232 cultibus
2377 2178 2680 2248 mancipata
2705 2178 2919 2242 divinis,
2945 2178 3273 2247 quibuslibet
3306 2179 3552 2247 picturis,

1973 2268 2201 2323 Domino
2230 2276 2537 2331 attestante,
2569 2270 2661 2338 qui
2686 2268 2862 2337 majus
2890 2271 3024 2324 (Ιιχίι
3051 2286 3172 2325 esse
3198 2271 3368 2326 altare
3387 2286 3549 2341 quam

1974 2374 2170 2413 munus
2196 2358 2339 2426 quod
2365 2358 2418 2413 in
2444 2374 2508 2413 eo
2540 2359 2786 2423 offertur,
2827 2358 3107 2429 majusque
3143 2377 3263 2416 esse
3295 2361 3552 2431 templum

1974 2465 2106 2504 auro
2125 2451 2266 2519 quod
2290 2451 2341 2504 in
2367 2466 2433 2506 eo
2459 2459 2564 2515 est,
2597 2453 2722 2520 quia
2746 2452 2948 2523 templo
2973 2464 3027 2507 et
3045 2453 3202 2508 altari
3225 2469 3418 2507 aurum
3442 2454 3557 2508 sive

1976 2556 2199 2596 munera
2254 2550 2655 2597 consecrantur.
2712 2543 2967 2611 Legimus
3043 2559 3277 2613 namque
3334 2545 3552 2600 beatum

1973 2632 2293 2701 Gregorium
2316 2635 2518 2690 dixisse
2546 2636 2687 2703 quod
2708 2636 2762 2688 in
2790 2636 3019 2704 quadam
3036 2636 3257 2691 basilica
3270 2636 3556 2707 ingruente

1977 2725 2399 2779 insolentissima
2437 2741 2700 2795 aquarum
2732 2726 3004 2781 alluvione
3037 2728 3351 2782 earumdem
3394 2741 3561 2796 aqua-

1976 2831 2095 2871 rum
2126 2815 2376 2871 incursus
2398 2831 2567 2885 usque
2594 2818 2662 2872 ad
2688 2817 2951 2872 fenestras
2976 2817 3338 2888 pervenerint,
3363 2831 3562 2887 easque

1978 2904 2123 2959 intus
2151 2906 2363 2961 Domini
2408 2907 2609 2960 virtute
2644 2907 2929 2962 resistente
2968 2908 3188 2962 minime
3225 2909 3433 2963 intrare
3466 2923 3562 2977 po-

1976 2994 2164 3055 tuisse,
2193 3002 2246 3047 et
2265 2993 2548 3048 luminaria
2571 3010 2694 3065 quae
2714 3010 2744 3048 a
2768 2996 3082 3050 custodibus
3104 2995 3340 3051 basilica:
3360 2996 3561 3051 dudum

1981 3080 2195 3137 fuerant
2217 3084 2515 3149 exstincta,
2561 3085 2627 3138 ab
2649 3084 2851 3139 eisdem
2876 3086 3193 3140 custodibus
3222 3086 3563 3155 postmodum

1981 3173 2283 3231 illuminata
2318 3183 2529 3246 reperta
2561 3175 2763 3231 fuisse:
2809 3177 2952 3245 quod
2989 3176 3205 3245 quidem
3245 3175 3563 3232 miraculum

1979 3280 2087 3320 non
2136 3266 2385 3337 imaginis
2413 3264 2717 3333 cujuslibet,
2768 3267 2862 3322 sed
2905 3268 3077 3322 sancti
3118 3267 3219 3323 loci
3263 3269 3564 3323 reverentia

1978 3356 2181 3412 factum
2208 3356 2373 3413 fuisse
2393 3358 2723 3429 perhibetur.
2767 3358 2824 3412 Si
2854 3375 2982 3429 ergo
3006 3360 3057 3413 id
3080 3359 3397 3413 miraculum
3420 3360 3566 3428 quod

1974 3449 2373 3505 Ascalonitana:
2393 3450 2636 3505 ecclesia:
2664 3452 2947 3521 presbyter
2977 3465 3105 3518 erga
3148 3449 3439 3518 imaginem
3472 3464 3568 3519 ap-

1977 3541 2224 3609 paruisse
2268 3541 2450 3596 retulit
2501 3542 2570 3595 ob
2624 3542 2871 3596 eamdem
2918 3540 3205 3609 imaginem
3250 3539 3566 3610 apparuisse

1979 3637 2271 3696 constaret,
2317 3647 2422 3685 non
2450 3631 2570 3684 ideo
2599 3632 2858 3701 imagines
2881 3631 3169 3685 adorandae
3192 3630 3399 3697 forent,
3431 3647 3567 3700 quo-

1978 3722 2125 3774 niam
2150 3737 2257 3776 non
2279 3720 2461 3775 omnia
2483 3735 2581 3788 per
2604 3735 2725 3790 qua:
2756 3720 2840 3774 vel
2878 3720 2932 3774 in
2966 3719 3163 3788 quibus
3192 3720 3453 3775 miracula
3478 3735 3569 3789 ap-

1978 3826 2206 3883 paruere
2228 3813 2500 3867 adoranda
2523 3812 2841 3875 creduntur;
2865 3812 2911 3865 si
2937 3826 3066 3881 ergo
3086 3812 3266 3865 omnia
3289 3811 3343 3864 in
3369 3811 3569 3880 quibus

1978 3901 2061 3956 vel
2086 3916 2184 3971 per
2212 3917 2334 3971 qum
2372 3902 2630 3955 miracula
2665 3901 2913 3970 quaedam
2956 3916 3252 3970 apparuere
3286 3902 3565 3957 adoranda

1978 4004 2123 4058 sunt,
2151 4009 2288 4063 pene
2313 3993 2447 4049 nihil
2475 3994 2771 4048 remanebit
2790 3993 2934 4064 quod
2961 4010 3066 4048 non
3088 3994 3377 4049 adoretur:
3403 3995 3564 4064 quip-

1978 4101 2045 4156 pe
2069 4101 2192 4141 cum
2215 4094 2294 4140 tot
2320 4085 2593 4155 tantisque
2618 4084 2792 4141 modis
2816 4099 2955 4155 pene
2986 4085 3041 4139 in
3069 4085 3320 4141 omnibus
3344 4092 3564 4142 creata.

1980 4180 2056 4235 ris
2094 4179 2273 4234 divina
2305 4178 2562 4233 miracula
2588 4187 2804 4233 ostensa
2828 4179 2962 4242 sint,
3006 4177 3060 4232 in
3098 4177 3297 4247 quibus
3322 4178 3448 4234 huic
3471 4191 3568 4234 no-

1979 4280 2106 4324 strae
2146 4268 2493 4338 disputationi
2517 4268 2790 4322 immorari
2813 4267 3047 4322 otiosum
3087 4277 3188 4330 est,
3220 4266 3474 4336 quoniam
3509 4268 3565 4322 in

1979 4360 2350 4430 superioribus
2393 4358 2554 4426 hujus
2594 4359 2775 4428 operis
2821 4358 3066 4427 partibus
3111 4373 3177 4414 ex
3223 4360 3325 4415 hac
3361 4373 3421 4415 re
3465 4358 3568 4414 ali-

1909 4473 1957 4533 D
1980 4451 2295 4520 quantulum
2326 4450 2552 4504 Domino
2587 4456 2858 4503 annuente
2895 4447 3226 4518 disputatum
3254 4457 3357 4504 est.

2563 4561 2791 4619 CAPUT
2832 4561 2967 4616 XIII.

1981 4662 2133 4729 Quod
2159 4664 2269 4717 lucc
2296 4662 2524 4743 synodus
2562 4660 2860 4743 nullatenus
2894 4662 3212 4743 a’qniparart'
3252 4659 3428 4743 possit.
3467 4656 3568 4712 Ni-

2049 4750 2208 4787 ca'nm
2233 4728 2453 4802 synodo,
2492 4749 2793 4803 quanquam
2818 4734 2873 4786 in
2893 4728 3072 4803 eodem
3094 4734 3161 4786 sit
3182 4728 3382 4801 agitata
3409 4728 3525 4803 loco
3543 4767 3560 4792 ,

2047 4798 2436 4858 sicutloamtcs
2476 4798 2743 4872 presbyter
2784 4802 3066 4872 adulanter
3102 4798 3567 4872 dixi—ssegperhifte-

2050 4883 2155 4937 tur,
2177 4874 2362 4944 quippe
2383 4868 2501 4944 cum
2530 4872 2594 4924 ab
2616 4868 2676 4926 éa
2708 4890 2813 4926 non
2856 4871 3024 4926 solum
3055 4874 3111 4927 in
3140 4870 3365 4935 steteris,
3402 4868 3493 4923 sed
3518 4876 3567 4923 et

2048 4944 2102 4997 in
2132 4942 2363 5015 symboto
2385 4943 2681 5011 discrepare
2708 4951 2970 4994 noscatur.

2049 5034 2364 5102 Quanquam
2396 5031 2559 5100 igitur
2590 5030 2704 5084 haec
2735 5030 2975 5099 synodus
3007 5029 3059 5083 in
3092 5029 3271 5084 Nicma
3300 5026 3568 5097 Bithynice

1980 5126 2113 5178 urbe
2135 5123 2205 5177 sit
2223 5122 2446 5194 agitata,
2472 5134 2809 5189 nequaquam
2833 5119 3123 5174 secundum
3151 5118 3363 5173 illorum
3388 5125 3567 5171 osten-

1982 5216 2267 5275 tationem,
2298 5221 2351 5266 et
2390 5210 2680 5265 secundum
2712 5209 2935 5264 Joannis
2971 5208 3272 5280 presbyteri
3310 5207 3570 5261 adulatio-

1981 5321 2102 5359 nem
2137 5302 2454 5373 aequiparari
2497 5301 2637 5356 valet
2678 5309 2878 5356 sancta:
2906 5299 3135 5356 Nicaeum
3178 5298 3403 5370 synodo,
3439 5313 3570 5366 quo-

1980 5399 2123 5452 niam
2154 5412 2276 5451 cum
2310 5395 2363 5449 in
2397 5393 2642 5464 pluribus
2672 5395 2740 5448 ab
2774 5408 2837 5447 ea
2873 5392 3171 5457 discordet,
3207 5407 3309 5446 nec
3338 5389 3392 5445 in
3425 5405 3567 5460 sym-

1980 5488 2103 5543 bolo
2137 5486 2351 5558 quidem
2384 5486 2433 5541 ei
2470 5485 2691 5541 omnino
2724 5483 3033 5540 concordat.
3073 5484 3246 5539 Habet
3274 5483 3418 5537 enim
3450 5483 3568 5536 hmo

1983 5581 2033 5633 in
2071 5596 2182 5633 sua:
2213 5577 2334 5633 ﬁdei
2371 5574 2706 5647 professione
2737 5591 2873 5630 nova
2927 5576 3089 5630 verba
3139 5588 3364 5644 quaeque
3401 5582 3455 5627 et
3490 5573 3569 5628 in-

1982 5672 2179 5725 usitata
2205 5685 2327 5740 qua:
2352 5684 2383 5723 a
2414 5675 2599 5725 sancta
2628 5666 2843 5722 Nieaena
2885 5668 3089 5738 synodo
3129 5680 3465 5736 nequaquam
3510 5664 3564 5717 in

1983 5760 2226 5833 symbolo
2270 5766 2396 5816 sunt
2438 5765 2723 5823 annotata,
2772 5757 2840 5813 de
2882 5757 3077 5828 quibus
3119 5757 3172 5811 in
3218 5756 3360 5811 tertii
3404 5752 3566 5823 hujus
