4028 6180
573 333 597 387 l
607 328 710 388 207

1429 332 1489 386 Β.
1528 332 1778 388 (ᾈιίοιι
1815 329 2025 385 MAGNI
2065 324 2214 385 OPP.
2260 327 2440 385 PARS
2475 331 2537 385 ll.
2582 330 2824 386 SECTIO
2864 330 2924 386 ll.

3680 339 3789 397 {308

569 442 752 511 operis
786 441 907 497 libri
943 442 1179 497 exordiis
1220 450 1375 513 prout
1397 443 1681 508 valuimus,
1711 442 1936 497 Domino
1963 442 2145 510 opitu-
2170 441 2221 500 Α
2250 440 2485 495 Trinitas
2514 441 2671 495 Pater
2692 449 2747 495 et
2776 441 2942 496 Filius
2966 448 3019 495 et
3046 441 3276 511 Spiritus
3298 454 3547 513 sanctm;
3575 459 3791 503 creatura

572 532 742 605 lante,
769 533 1177 601 disputavimus.
1202 534 1374 589 Habet
1394 535 1555 589 etiam
1596 543 1717 605 post
1757 535 2148 589 confessionem

574 631 777 677 sancta:
804 622 1082 679 Trinitatis
1105 623 1494 679 confessionem
1520 640 1733 695 quoque
1758 624 2149 680 adorandarum

576 714 868 783 imaginum
892 715 1135 781 inditam,
1160 732 1321 786 quam
1349 732 1521 786 neque
1547 717 1600 771 in
1623 719 2005 786 prophetarum
2029 731 2151 771 ora-

574 806 740 872 culis,
789 820 961 877 neque
1004 807 1057 862 in
1103 810 1499 879 evangeliorum
1549 810 1828 875 tonitrnis,
1878 825 2052 879 neque
2096 809 2148 863 in

577 900 945 968 apostolorum
972 901 1333 971 dogmatibus,
1358 918 1533 971 neque
1569 901 1623 957 in
1662 902 1991 957 anteriorum
2029 914 2153 954 san-

577 996 789 1043 ctarum
818 990 1145 1059 synodorum
1173 990 1431 1045 relatibus
1460 990 1543 1045 vel
1581 991 1942 1060 quorumlibet
1968 989 2153 1043 ortho-

568 1077 841 1134 doxorum
879 1087 1094 1150 patrum
1122 1080 1384 1137 doctrinis
1408 1082 1615 1151 uspiam
1645 1082 1942 1152 reperimus
1983 1081 2154 1136 inser-

573 1177 706 1224 tam.
744 1170 923 1240 Longe
955 1171 1150 1240 quippe
1179 1180 1234 1227 et
1265 1171 1403 1226 ultra
1438 1187 1600 1242 quam
1626 1172 1731 1227 dici
1768 1180 1964 1241 potest,
1997 1171 2154 1240 longe

574 1260 643 1311 ab
673 1258 763 1313 illa
795 1260 908 1314 haec
934 1259 1116 1324 distat,
1148 1262 1447 1329 priesertim
1472 1278 1595 1317 cum
1623 1261 1711 1316 illa
1737 1262 2031 1317 Ecclesium
2058 1278 2152 1316 ca-

574 1347 833 1402 tholicam
856 1349 926 1402 'ab
952 1362 1135 1403 errore
1163 1352 1412 1416 reducat,
1444 1352 1545 1405 ista
1576 1367 1607 1405 e
1629 1352 1903 1407 contrario
1924 1352 1977 1405 in
1998 1368 2151 1406 erro-

574 1452 689 1491 rem
720 1438 973 1503 inducat;
1021 1440 1109 1492 illa
1138 1456 1168 1492 a
1197 1441 1657 1509 periculosissimo
1691 1442 1833 1495 Arrii
1877 1440 2154 1509 naufragio

574 1541 693 1579 eam
721 1527 979 1595 depellat,
1022 1529 1125 1583 ista
1167 1527 1286 1583 eam
1331 1531 1384 1584 in
1426 1530 1816 1586 adorandarum
1860 1532 2153 1602 imaginum

576 1612 914 1685 naufragium
940 1625 1184 1671 coactam
1212 1618 1479 1688 impellat;
1513 1621 1600 1674 illa
1635 1620 1828 1677 Filium
1864 1621 2010 1677 Patri
2036 1637 2155 1677 esse

576 1704 1084 1761 consubstantialem
1114 1716 1169 1763 et
1198 1718 1520 1764 comternum
1561 1712 1880 1780 perdoceat,
1927 1714 2028 1768 ista
2067 1729 2153 1768 res

2250 545 2377 584 vero
2412 533 2605 600 partim
2633 539 2715 585 est
2741 532 3040 595 invisibilis,
3069 533 3210 587 sicut
3241 535 3442 601 anima,
3473 538 3663 606 partim
3689 541 3792 594 visic

2249 622 2390 685 bilis,
2417 622 2557 676 sicut
2593 635 2806 689 corpus,
2837 621 3093 677 invisibili
3136 624 3402 679 ternarias
3444 642 3694 683 numerus
3716 631 3798 681 tri-

2249 713 2429 767 buitur
2456 729 2469 766 :
2500 728 2668 781 quare
2702 713 2922 783 diligere
2949 714 3117 768 Deum
3149 714 3436 784 triplicitcr
3464 716 3722 785 jubemur,
3742 736 3797 774 es

2250 813 2356 857 toto
2378 805 2551 867 corde,
2578 822 2641 858 ea:
2666 814 2773 859 tota
2801 806 2999 870 anima,
3028 817 3077 860 et
3110 823 3176 860 ea:
3200 816 3307 860 tota
3338 819 3514 862 mente
3543 809 3708 879 (Deut.
3731 828 3795 875 ri,

2252 890 2411 945 Leuit.
2441 893 2585 961 xm);
2614 893 2826 961 corpori
2848 894 3225 962 quaternarius
3245 904 3472 964 propter
3494 898 3797 952 evidentissi.

2252 997 2393 1036 mam
2422 991 2671 1037 naturam
2695 981 2832 1051 ejus,
2866 984 2920 1038 id
2942 990 3056 1048 est,
3084 985 3313 1039 calidam
3337 995 3393 1039 et
3424 984 3696 1056 frigidam,
3718 989 3796 1041 hu-

2251 1074 2449 1128 midam
2474 1083 2529 1129 et
2563 1075 2781 1131 siccam.
2814 1075 3089 1131 Universae
3113 1091 3243 1146 ergo
3278 1085 3549 1132 creatura:
3586 1089 3798 1148 septena-

2254 1162 2386 1226 rius,
2412 1165 2497 1218 cui
2525 1163 2772 1233 adjuncta
2802 1173 3003 1220 sanctae
3026 1166 3306 1221 Trinitatis
3331 1169 3642 1239 cognitione
3665 1171 3796 1225 dena-

2254 1255 2367 1309 rius
2407 1271 2664 1310 uumerus
2701 1256 2997 1325 perficitur,
3025 1256 3079 1309 in
3105 1271 3212 1326 quo
3238 1265 3323 1311 est
3346 1260 3531 1312 omnis
3560 1260 3798 1328 sapientia-

2253 1345 2562 1414 disciplina,
2617 1360 2737 1414 quae
2787 1345 2855 1400 ad
2907 1346 3153 1401 homines
3199 1348 3528 1403 erudiendos
3574 1348 3793 1416 pertinet,

2254 1443 2553 1489 creatorem
2584 1444 3001 1504 creaturamqne
3022 1436 3369 1505 dignoscere,
3402 1444 3462 1491 et
3486 1436 3630 1491 illum
3654 1438 3798 1491 colent

2255 1523 2638 1588 dominantem,
2667 1525 2826 1578 istam
2856 1523 3151 1592 subjectam
3178 1524 3357 1579 fateri.
3388 1525 3469 1580 Ac
3497 1541 3595 1596 per
3617 1527 3707 1581 hoc
3723 1527 3793 1581 ad-

2248 1614 2451 1683 junctis
2493 1615 2618 1669 huic
2655 1615 2951 1684 disciplinae
2976 1614 3184 1671 duobus
3217 1616 3660 1671 eminentissimis
3691 1632 3795 1685 pra:-

2258 1706 2445 1776 ceptis,
2475 1703 2773 1761 dilectionis
2797 1705 2892 1759 Dei
2932 1704 3180 1760 videlicet
3201 1714 3254 1760 et
3276 1707 3536 1776 proximi,
3563 1707 3793 1761 duodena-

576 1795 877 1852 iusensatas
903 1798 1127 1855 adorare
1148 1811 1492 1869 percenseat:
1523 1802 1611 1857 illa
1638 1805 1930 1859 secundum
1957 1805 2153 1859 divini-
2187 1783 2231 1842 Β
2258 1796 2370 1851 rius
2394 1811 2654 1850 numerus
2674 1795 2970 1863 Ρθτίίοίῑυτ·
2999 1795 3134 1849 Nam
3161 1796 3263 1851 θῐδί
3286 1797 3516 1867 lmeram
3536 1798 3796 1865 septenario

578 1894 742 1940 tatem
772 1888 1097 1957 comqualem
1136 1889 1283 1944 Patri
1323 1890 1517 1946 Filium
1545 1890 1798 1955 affirmet,
1831 1894 1932 1947 ista
1957 1893 2157 1963 quasli-

575 1974 666 2028 bet
698 1974 937 2042 picturas
981 1991 1122 2031 arca:
1168 1979 1475 2033 testamenti
1506 1980 1738 2047 Domini,
1783 1982 1931 2035 cruci
1976 1981 2157 2035 Domi-

577 2065 731 2130 nicae,
758 2067 1002 2136 corporis
1022 2076 1076 2123 ct
1100 2070 1376 2139 sanguinis
1401 2070 1665 2126 Dominici
1690 2079 2046 2137 sacramento,
2073 2071 2156 2125 vel

575 2155 788 2210 caeteris
825 2157 1206 2214 sacratissimis
1247 2160 1408 2214 rebus
1441 2162 1739 2230 coaequales
1776 2175 1896 2217 esse
1933 2160 2152 2225 deliret;

576 2244 669 2297 illa
701 2246 754 2299 in
780 2246 953 2302 tribus
980 2248 1361 2318 cotequalibus,
1388 2251 1848 2315 coessentialibus,
1874 2249 2158 2306 eoa-ternis

578 2336 826 2404 personis
855 2352 1017 2391 unam
1072 2338 1268 2394 divina:
1312 2339 1611 2409 majestatis
1667 2342 2024 2396 substantiam
2065 2339 2160 2394 ad-

580 2425 842 2479 orandam
872 2425 1226 2482 saluberrime
1263 2430 1489 2493 sentiat,
1526 2430 1630 2485 ista
1668 2429 1928 2499 imagines
1964 2443 2159 2484 secun-

578 2514 708 2569 dum
752 2516 1032 2571 servitium
1078 2526 1280 2572 sanctae
1322 2518 1601 2575 Trinitatis
1646 2520 1947 2575 adorandus
1988 2520 2159 2588 impu-

578 2606 769 2659 denter
808 2605 987 2672 dicat;
1036 2607 1093 2661 in
1139 2607 1226 2661 illa
1276 2609 1595 2664 damnentur
1634 2609 1851 2664 Arriani
1894 2609 2160 2680 dogmatis

574 2710 810 2762 errores,
839 2697 895 2753 in
928 2704 1031 2754 ista
1074 2700 1428 2757 nihilominus
1452 2702 1770 2758 abdicentur
1795 2702 2021 2758 istorum
2047 2718 2160 2757 ma-

571 2785 750 2857 jores;
793 2789 848 2843 in
894 2789 985 2845 illa
1029 2800 1380 2846 exsecrentur
1425 2808 1612 2848 eorum
1656 2794 2021 2863 blasphemiae,
2065 2794 2187 2864 qui.

578 2877 775 2933 Filium
798 2882 1207 2937 coessentialem
1237 2883 1383 2938 Patri
1412 2884 1760 2953 pertinaciter
1788 2900 1889 2939 nec
1912 2883 2153 2947 credunt,

575 2981 675 3021 nec
704 2966 960 3035 fatentur,
996 2972 1051 3025 in
1095 2972 1202 3027 ista
1247 2974 1588 3029 abominetur
1613 2990 1799 3030 eorum
1829 2976 2038 3045 puritas
2066 2977 2159 3045 qui

573 3068 755 3127 spreta
784 3060 1119 3129 picturarum
1146 3064 1461 3121 adoratione
1489 3066 1589 3121 soli
1617 3067 1728 3121 Deo
1760 3080 1819 3122 se
1860 3067 2154 3122 servituros

575 3159 794 3204 strenua
824 3161 1000 3207 mente
1030 3162 1083 3209 et
1109 3155 1302 3210 devoto
1339 3166 1559 3225 pectore
1597 3160 1949 3227 prolitentur;
1985 3159 2038 3213 in
2068 3159 2156 3213 illa

577 3247 698 3307 post
724 3239 1115 3296 confessionem
1145 3252 1345 3298 sancta:
1371 3246 1652 3303 Trinitatis
1682 3248 1929 3303 remissio
1959 3264 2155 3318 pecca-

578 3338 775 3396 torum,
824 3333 1004 3388 carnis
1054 3336 1379 3391 resurrectio
1426 3348 1481 3392 et
1528 3339 1638 3392 vita
1688 3338 1852 3394 futuri
1903 3341 2084 3395 smculi
2126 3357 2157 3395 a

580 3420 922 3489 pontificibus
962 3423 1303 3491 perducetur,
1351 3427 1404 3480 in
1453 3427 1554 3481 ista
1601 3436 1722 3498 post
1765 3430 2156 3485 confessionem

577 3512 815 3580 ejusdem
857 3523 1059 3569 sanctae
1101 3524 1156 3569 ct
1190 3518 1360 3573 unica:
1410 3518 1689 3575 Trinitatis
1730 3521 2023 3591 imaginum
2062 3522 2158 3575 ad-

577 3602 753 3656 oratio
780 3603 1202 3672 incompetenter
1221 3607 1507 3673 statuitur;
1538 3608 1590 3662 in
1616 3608 1706 3663 illa
1730 3610 1842 3664 sive
1869 3612 1922 3664 in
1946 3610 2156 3665 caeteris

576 3708 634 3763 sy
645 3693 795 3748 nodis
820 3708 921 3763 pro
939 3694 1203 3751 defunctis
1228 3695 1471 3753 ﬁdelibus
1497 3698 1607 3754 Deo
1631 3699 1954 3755 sacrificium
1977 3699 2157 3755 οὕτωτί

578 3801 685 3838 non
735 3786 1076 3855 prohibetur,
1128 3788 1180 3841 iu
1228 3790 1329 3843 ista
1381 3788 1646 3846 defunctis
1690 3792 2159 3860 prodecessoribus

578 3878 691 3930 sive
720 3878 1029 3945 parentibus
1053 3894 1083 3932 a
1114 3879 1235 3935 [iliis
1262 3880 1349 3935 vel-
1387 3883 1790 3937 successoribus
1817 3884 2157 3937 anathemata

579 3969 929 4038 ingeruntur;
971 3978 1026 4025 et
1068 3981 1128 4023 nt
1168 3980 1364 4026 caetera
1404 3981 1679 4027 taceamus
1716 3988 1837 4042 quae
1878 3988 2158 4027 recensere

578 4056 794 4125 longum
819 4063 931 4121 est,
968 4056 1023 4111 in
1052 4057 1139 4112 illa
1164 4074 1396 4114 eccm"
1433 4059 1583 4115 fuere
1618 4060 1921 4129 pontifices,
1945 4061 1998 4115 in
2030 4061 2155 4125 ista,

576 4155 634 4199 ut
663 4145 766 4215 ipsi
789 4156 1120 4211 asseverant,
1147 4164 1321 4205 cccvl.
1351 4149 1502 4205 Unde
1529 4165 1635 4203 non
1663 4150 1933 4206 immerito
1954 4152 2070 4206 haac
2088 4152 2156 4206 ab

578 4236 665 4289 illa
707 4235 1036 4292 duodenario
1077 4253 1302 4294 numero
1339 4240 1616 4295 subtracto
1653 4240 1837 4305 distat,
1879 4242 1992 4297 sive
2030 4257 2157 4312 quia

577 4328 717 4382 idem
756 4342 1009 4384 numerus
1037 4328 1171 4385 duos
1204 4331 1260 4384 in
1298 4345 1357 4385 se
1389 4331 1656 4400 perfectos
1684 4348 1937 4389 numeros
1971 4335 2149 4397 habet,

2257 1899 2499 1945 numero,
2527 1885 2583 1939 in
2603 1899 2710 1953 quo
2733 1885 3023 1940 humanam
3050 1892 3298 1940 naturam
3323 1888 3527 1957 partim
3551 1888 3791 1950 visibilem,

2256 1974 2451 2042 partim
2474 1972 2795 2028 invisibilem
2807 1973 3165 2029 demonstrari
3177 1974 3437 2042 diximus,
3451 1977 3678 2045 quinque
3692 1976 3795 2045 legis

2257 2061 2379 2117 libri
2408 2076 2503 2131 per
2539 2077 2675 2130 quos
2701 2062 2769 2117 ad
2798 2062 2892 2117 Dei
2921 2063 3285 2132 cognitionem
3307 2073 3362 2119 et
3390 2066 3462 2119 ad
3498 2065 3792 2120 dilectionem

2258 2151 2352 2207 Dei
2377 2161 2431 2206 et
2451 2152 2685 2221 proximi
2709 2152 2921 2207 venitur
2945 2153 3229 2217 addantur,
3250 2156 3615 2210 duodenarius
3641 2154 3791 2209 nihilo-

2256 2243 2434 2297 minus
2476 2257 2730 2298 numerus
2753 2242 3055 2311 completur
3099 2261 3112 2296 :
3160 2243 3248 2298 cui
3276 2245 3323 2298 si
3349 2253 3587 2314 quatuor
3610 2259 3793 2313 cvange-

2258 2332 2452 2387 liorum
2478 2333 2599 2388 libri
2625 2332 3001 2402 adjungautur,
3023 2335 3091 2389 ad
3114 2342 3326 2390 sextum
3349 2335 3622 2392 decimum
3646 2352 3791 2391 nume-

2258 2442 2375 2480 rum
2400 2427 2534 2482 ordo
2561 2427 2919 2496 protenditur,
2946 2428 3199 2496 quoniam
3226 2435 3283 2482 et
3304 2428 3452 2483 idem
3483 2428 3795 2485 duodenarius

2255 2518 2499 2586 partibus
2528 2517 2642 2571 suis
2672 2516 3059 2587 multiplicatus
3095 2518 3164 2573 ad
3201 2529 3419 2575 sextum
3449 2522 3696 2576 decimum
3718 2535 3792 2573 nu-

2258 2622 2463 2662 merum
2487 2608 2767 2678 pervenit,
2792 2610 3054 2678 assumpti
3076 2610 3221 2665 enim
3246 2626 3339 2665 sex
3370 2627 3516 2681 quos
3542 2611 3623 2666 bis
3648 2610 3791 2665 habet.

2257 2707 2312 2753 et
2340 2699 2446 2754 duo
2471 2714 2606 2769 quos
2632 2700 2808 2755 sexies
2832 2700 3025 2763 habet,
3053 2709 3107 2756 et
3133 2708 3244 2756 tres
3265 2716 3407 2771 quos
3431 2710 3619 2773 quater
3639 2702 3789 2757 habet.

2256 2799 2312 2846 et
2337 2798 2568 2861 quatuor
2592 2807 2728 2860 quos
2761 2798 2845 2846 ter
2878 2792 3069 2857 habet,
3109 2800 3166 2847 et
3199 2807 3335 2847 unus
3359 2807 3528 2861 quem
3555 2791 3790 2847 duodecies

2257 2879 2448 2944 habet,
2485 2887 2695 2934 sextum
2722 2878 2991 2935 decimum
3021 2894 3307 2936 numerum
3334 2881 3607 2945 emciunt,
3642 2889 3694 2934 ut
3718 2894 3787 2949 per

2257 2970 2356 3025 has
2404 2971 2641 3040 quinque
2696 2978 2878 3040 partes
2928 2971 2983 3024 in
3037 2971 3232 3040 quibus
3282 2972 3526 3041 quinque
3577 2972 3787 3025 librorum

2259 3059 2425 3131 figura
2453 3069 2685 3126 tenetur,
2713 3070 2767 3116 et
2796 3070 3000 3133 septem
3032 3062 3086 3116 in
3113 3062 3306 3131 quibus
3329 3071 3579 3118 creatura
3608 3059 3787 3116 visibilis

2256 3162 2313 3206 et
2360 3152 2642 3207 invisibilis
2686 3154 3107 3216 demonstratur,
3158 3161 3220 3206 et
3263 3163 3500 3222 quatuor
3544 3154 3593 3207 iu
3637 3151 3788 3220 quibus

2257 3254 2443 3302 sancta
2491 3247 2765 3318 evangelia
2808 3248 3182 3317 designantur,
3235 3247 3305 3302 ad
3356 3245 3783 3303 sextumdecimum

2256 3351 2539 3391 numerum
2559 3337 2931 3405 perveniatur;
2963 3336 3053 3392 ubi
3076 3346 3131 3391 et
3159 3336 3211 3390 in
3235 3336 3423 3392 decem
3450 3335 3670 3406 decalogi
3689 3346 3777 3402 pre

2256 3435 2426 3496 cepta,
2463 3434 2518 3481 et
2561 3426 2617 3479 in
2662 3441 2757 3481 sex
2791 3426 2958 3482 totius
2998 3425 3344 3498 perfectionis
3386 3442 3592 3481 summa
3627 3419 3782 3493 quain

2257 3533 2395 3573 novo
2419 3517 2764 3574 Testamento
2805 3533 2902 3588 per
2941 3518 3289 3573 mediatorem
3333 3518 3432 3573 Dei
3472 3525 3526 3573 et
3562 3514 3783 3571 hominum

2254 3606 2380 3661 data
2409 3615 2492 3663 est
2510 3648 2524 3674 ,
2555 3608 2876 3672 ostenditur,
2903 3615 2964 3662 ut
2990 3623 3087 3678 per
3115 3608 3399 3663 duodecim
3443 3605 3779 3677 apostolum.

2255 3707 2311 3752 et
2334 3714 2430 3768 per
2456 3707 2689 3769 quatuor
2715 3698 3131 3769 evangeliorum,
3161 3706 3216 3753 et
3240 3712 3334 3768 per
3354 3698 3586 3753 sedecim
3610 3692 3782 3750 nobilis.

2256 3789 2517 3844 simorum
2544 3796 2723 3843 vatum
2752 3789 2844 3857 qui
2871 3788 3041 3844 libros
3064 3787 3264 3842 habent
3290 3788 3547 3851 tonitrua,
3575 3785 3638 3840 ad
3664 3780 3781 3835 unius

2257 3882 2595 3937 solummodo
2618 3880 2715 3936 Dei
2736 3881 3000 3936 culturam
3019 3888 3074 3935 et
3093 3880 3486 3944 adorationem,
3500 3876 3676 3949 spretis
3684 3886 3780 3927 cun-

2256 3974 2360 4028 etis
2390 3973 2717 4027 vanitatibus
2744 3970 3075 4036 mortalium,
3106 3978 3313 4024 mentes
3337 3970 3623 4040 erigantur.

2328 4061 2463 4116 Cum
2508 4076 2638 4130 ergo
2681 4061 2788 4114 sint
2832 4058 3113 4114 duodecim
3158 4059 3512 4127 patriarchae,
3553 4051 3776 4111 duodecim

2256 4152 2494 4207 minores
2535 4152 2828 4222 prophetae,
2874 4149 3155 4205 duodecim
3198 4149 3362 4203 etiam
3414 4144 3652 4218 apostoli,
3687 4153 3708 4181 ⁸
3739 4144 3779 4191 α

2256 4246 2440 4317 plures
2468 4243 2836 4313 hujuscemodi
2863 4244 2955 4313 qui
2976 4243 3029 4297 in
3056 4242 3251 4297 divinis
3268 4242 3467 4297 litteris
3488 4242 3552 4295 ab
3576 4230 3775 4293 studiosis

2258 4338 2551 4394 lectoribus
2572 4336 2816 4405 indagari
2842 4342 3086 4405 possunt,
3114 4341 3240 4389 sunt
3261 4334 3426 4389 etiam
3453 4334 3505 4388 in
3527 4330 3689 4387 eodem
3710 4338 3776 4377 ω·

575 4419 688 4472 sive
712 4418 837 4487 quia
862 4418 919 4472 in
946 4420 1182 4475 ternario
1205 4435 1363 4491 quem
1388 4429 1580 4491 quater
1621 4423 1804 4487 habet,
1831 4431 1887 4478 et
1927 4424 1982 4478 in
2021 4441 2155 4494 qua-
2184 4458 2236 4522 υ
2259 4444 2409 4484 mero
2453 4428 2622 4483 multa
2670 4442 2791 4498 quae
2831 4427 2899 4482 ad
2944 4426 3195 4499 physicos
3239 4426 3506 4495 pertinent
3547 4421 3772 4522 collocata.

558 4504 815 4564 ternario
838 4525 997 4579 quem
1029 4519 1111 4566 ter
1136 4513 1319 4577 habet,
1346 4515 1661 4584 mysterium
1687 4523 1888 4570 sancite
1917 4516 2153 4571 Trinita-

576 4602 646 4655 tis
689 4600 747 4655 in
786 4609 1021 4671 quatuor
1056 4605 1350 4675 evangeliis
1392 4614 1445 4660 et
1488 4615 1719 4677 quatuor
1757 4608 2153 4678 evangeliorum

575 4690 778 4744 fontem
821 4693 1065 4745 eamdem
1113 4702 1354 4748 sanctam
1402 4694 1721 4752 Trinitatem
1766 4712 1887 4752 esse
1932 4698 2153 4752 demon-

573 4788 740 4845 strat;
779 4779 893 4834 sive
920 4779 1045 4849 quia
1083 4781 1223 4836 idem
1249 4782 1610 4839 duodenarius
1646 4801 1902 4842 numerus
1937 4801 2153 4842 omnem

572 4869 909 4939 disciplinam
957 4870 1359 4941 dignoscentem
1401 4881 1459 4928 et
1502 4874 1894 4931 discernentem
1942 4884 2155 4931 creatu-

574 4976 688 5014 ram
718 4969 877 5030 atque
898 4970 1200 5017 creatorem
1230 4972 1285 5019 et
1324 4965 1391 5019 ad
1430 4980 1659 5035 superna
1689 4965 1970 5021 ducentem
1989 5006 2003 5029 ,
2035 4980 2154 5035 quae

574 5053 647 5106 illi
679 5053 884 5123 synodo
909 5055 1119 5124 penitus
1144 5054 1326 5122 deest,
1355 5057 1456 5113 hoc
1485 5058 1645 5113 modo
1674 5058 2027 5113 demonstrat.
2060 5055 2156 5112 Est

576 5153 755 5198 autem
778 5152 992 5201 creator
1014 5148 1171 5210 Deus,
1195 5164 1261 5203 ex
1288 5163 1396 5218 quo
1423 5149 1623 5215 omnia,
1647 5164 1743 5219 per
1765 5164 1924 5220 quem
1949 5149 2150 5214 omnia,

579 5236 628 5288 in
655 5251 762 5305 quo
786 5237 988 5304 omnia,
1024 5238 1234 5295 dicente
1256 5238 1514 5309 Apostolo
1538 5258 1550 5293 :
1576 5239 1837 5306 Quoniam
1862 5258 1927 5295 ea:
1951 5241 2082 5311 ipso,
2104 5250 2155 5295 et

580 5341 668 5385 per
696 5328 883 5396 ipsum,
921 5338 970 5384 et
1008 5329 1060 5383 in
1088 5334 1197 5400 ipso
1238 5341 1357 5385 sunt
1400 5332 1576 5385 omnia
1616 5330 1793 5403 (Rom.
1822 5333 1923 5403 xl),
1953 5341 2007 5387 et
2038 5333 2157 5387 ideo

653 5449 678 5475 ⁸
715 5437 785 5512 Et
801 5438 974 5509 plures
995 5441 1359 5512 hujuscemodi
1381 5459 1497 5512 qua:
1519 5445 1575 5498 in
1596 5443 1785 5498 divinis
1806 5444 2011 5507 litteris,
2046 5454 2151 5500 ctc.

586 5506 908 5580 lituendator
938 5506 1106 5563 mutat
1142 5513 1193 5564 in
1221 5506 1402 5580 plura,
1422 5528 1527 5580 qua
1560 5514 1857 5569 mutatione
1889 5506 2017 5568 nihil
2041 5523 2159 5569 erat

586 5591 758 5651 opus,_
766 5578 810 5631 si
834 5594 931 5651 pro
958 5596 1074 5651 qna;-
1094 5578 1410 5635 collocasset
1434 5578 1543 5651 qui.

658 5647 685 5685 ι’
720 5647 854 5702 Sunt
885 5647 1156 5701 duodecim
1195 5653 1327 5703 venti
1359 5647 1607 5705 iurandum
1645 5654 1698 5705 in
1728 5654 1947 5707 circuitu
1976 5655 2156 5707 termi-

590 5724 766 5769 natum
791 5732 883 5785 per
917 5727 1139 5785 quatuor
1167 5718 1278 5773 σαεΙὶ
1309 5730 1486 5788 partes
1520 5724 1817 5787 pedluntcs.
1866 5723 2026 5788 Lego,
2058 5733 2158 5778 ter-

2258 4519 2395 4573 Sunt
2417 4533 2647 4587 namque
2671 4517 2724 4571 in
2747 4517 2967 4571 zodiaco
2991 4516 3193 4572 circulo
3217 4515 3497 4571 duodecim
3519 4513 3667 4582 signa.
3684 4516 3773 4574 (1³³³

2254 4609 2400 4664 illum
2446 4607 2602 4680 quasi
2657 4607 2874 4678 quidam
2921 4620 3249 4676 gemmarum
3296 4605 3511 4659 ordines
3553 4596 3769 4655 ambiunt;

2255 4698 2283 4738 δ
2312 4706 2437 4752 sunt
2464 4697 2747 4752 duodecim
2777 4697 2923 4751 venti
2953 4696 3209 4751 mundum
3240 4696 3293 4749 in
3319 4694 3543 4749 circuitu
3571 4683 3771 4744 teruatim

2252 4806 2349 4861 per
2387 4797 2618 4860 quatuor
2654 4788 2777 4844 caeli
2817 4796 2998 4857 partes
3040 4786 3354 4858 perflantes;
3387 4791 3508 4840 sunt
3541 4772 3769 4870 duodecim

2254 4894 2498 4942 menses,
2549 4877 2743 4947 quibus
2791 4892 2966 4931 anuus
3013 4877 3317 4946 perﬁcitur;
3373 4882 3494 4929 sunt
3540 4865 3766 4958 duodecim

2255 4972 2401 5026 hora:
2438 4970 2635 5041 quibus
2671 4969 2789 5025 dies
2823 4969 3140 5038 completur,
3178 4978 3233 5023 et
3269 4969 3420 5037 plura
3461 4948 3765 5032 hujuscemodi

2254 5077 2374 5132 quae
2396 5062 2464 5116 ab
2491 5060 2717 5116 eruditis
2749 5060 2881 5114 viris
2915 5069 2970 5113 et
3002 5059 3290 5114 secundum
3327 5052 3637 5112 saecularium
3662 5044 3765 5097 liue-

2257 5166 2437 5208 rarum
2463 5150 2820 5220 cognitionem
2851 5148 3189 5217 indagantur,
3221 5154 3274 5202 et
3299 5142 3596 5217 spiritaliter
3618 5143 3765 5224 secuti:

2255 5243 2380 5299 dum
2411 5239 2835 5296 ecclesiasticam
2870 5238 3168 5294 doctrinam
3202 5236 3571 5306 intelliguntur.
3603 5224 3761 5279 Nam“

2254 5332 2392 5387 forte
2418 5330 2613 5401 aliquis
2636 5328 2795 5398 hujus
2818 5330 2988 5384 nostri
3014 5327 3194 5400 operis
3216 5328 3536 5383 obtrectator
3552 5331 3637 5374 nos
3654 5323 3759 5367 mor;

2258 5442 2443 5496 natim.
2487 5438 2643 5494 Venti
2675 5446 2801 5492 sunt
2837 5436 3147 5507 duodecim,
3174 5452 3402 5506 quorum
3426 5416 3757 5507 quatugrilli'f

2258 5490 2476 5579 iisiiss,
2506 5490 2986 5579 caeterilaterales.
3016 5490 3080 5559 Hi
3109 5490 3174 5561 ex
3191 5490 3423 5579 'quatuor
3442 5490 3608 5579 intmdi

2257 5574 2357 5634 bus
2394 5578 2762 5648 manipulatim
2805 5577 3037 5648 spirant,
3091 5586 3200 5629 tres
3232 5576 3300 5630 ab
3343 5574 3551 5648 oriente,
3588 5574 3677 5648 lt?

2257 5629 2911 5713 essent:"iam-rae
2945 5629 3072 5708 tres,
3108 5654 3162 5699 et
3208 5629 3320 5698 tres
3363 5660 3395 5699 a
3437 5629 3749 5707 scptcntrioﬂe-

2262 5720 2374 5775 lloc
2399 5718 2619 5776 Carolus
2648 5716 2795 5782 dicit,
2826 5715 3065 5771 ternatim
3092 5716 3338 5784 perﬂare.
