4028 6180
371 348 506 407 1209

1148 340 1323 393 unm
1359 336 1677 395 CAROLlNI
1735 368 1804 377 -
1842 337 2062 391 CAPIT.
2105 338 2192 391 DE
2228 322 2414 393 uno.
2455 367 2525 378 -
2554 337 2681 392 LIB.
2722 337 2811 394 tv.

3464 346 3603 402 ηιο

359 464 488 517 dere
527 460 750 519 ηίιειωι,
792 469 858 510 eo
895 455 1037 523 quod
1076 458 1142 508 de
1182 454 1435 524 physicis,
1468 455 1533 506 de
1561 452 1645 504 his
1684 449 1930 503 videlicet
1956 452 1999 505 Α
2031 448 2450 518 meritorumque
2494 449 2791 519 impuritas.
2832 450 3063 506 Possunt
3106 457 3249 511 enim
3286 457 3340 512 in
3374 457 3461 515 his
3493 461 3606 520 eis-

359 566 479 622 qua
516 550 570 604 in
614 546 992 601 mathematica
1030 544 1313 607 habentur,
1352 542 1594 610 exempla
1632 540 1928 609 posuimus,

360 642 503 711 legat
529 640 745 694 beatum
775 635 1158 705 Hieronymum
1177 675 1190 699 ,
1219 642 1271 688 et
1308 650 1407 688 nos
1433 640 1524 686 aut
1548 648 1668 687 cum
1696 644 1761 685 eo
1788 646 1931 684 mor-

359 732 504 795 deat,
544 736 637 781 aut
665 727 780 796 ejus
812 725 1111 780 doctrinam
1141 735 1563 792 caterorumque
1592 721 1812 775 Patrum
1842 736 1933 775 se-

358 826 582 888 quentes
608 817 909 870 litterarum
932 830 1038 869 non
1058 813 1268 867 nescios
1291 819 1657 881 recognoscat.
1679 811 1767 864 Ait
1787 818 1932 864 enim

361 911 500 964 idem
540 908 730 963 doctor
765 906 892 959 dum
932 906 996 959 de
1039 912 1189 958 veste
1229 902 1542 958 sacerdotali
1588 902 1927 970 disputaret:

364 1017 382 1047 ι
417 994 698 1050 Rationale
725 994 778 1046 in
800 990 976 1046 medio
996 991 1227 1059 positum
1251 999 1448 1043 terram
1469 989 1789 1051 edisserunt,
1812 1003 1931 1057 quae

358 1089 426 1142 ad
461 1089 633 1141 instar
659 1084 841 1155 puncti
871 1082 996 1137 licet
1029 1083 1208 1137 omnia
1245 1082 1298 1134 in
1334 1096 1392 1136 se
1426 1082 1648 1146 habeat,
1686 1091 1863 1135 tamen
1899 1094 1931 1133 a

359 1177 565 1231 cunctis
592 1174 819 1227 vallatur
849 1171 1159 1232 elementis;
1194 1170 1474 1225 duodecim
1499 1170 1702 1239 lapides
1729 1169 1809 1222 vel
1842 1184 1934 1223 zo-

360 1265 573 1320 diacum
604 1264 1029 1331 interpretantur
1053 1260 1334 1323 circulum,
1365 1259 1447 1314 vel
1476 1260 1756 1313 duodecim
1784 1274 1933 1312 men-

358 1371 465 1420 ses,
492 1363 548 1409 et
572 1353 798 1423 singulis
822 1351 1104 1406 versiculis
1129 1350 1337 1420 singula
1366 1351 1643 1420 assignant
1669 1358 1927 1417 tempora,

356 1455 411 1500 et
436 1443 521 1498 his
545 1451 728 1497 ternos
754 1441 1009 1511 deputant
1037 1454 1269 1494 menses.
1303 1438 1412 1493 Nec
1436 1439 1592 1492 alicui
1619 1439 1833 1507 gentilis
1853 1439 1932 1491 vi-

356 1536 545 1590 deatur
567 1531 849 1600 expositio.
884 1528 998 1585 Non
1024 1530 1168 1584 enim
1201 1530 1245 1583 si
1278 1530 1518 1584 calestia
1546 1538 1601 1582 et
1628 1529 1720 1581 Dei
1751 1528 1931 1596 dispo-

356 1628 603 1683 sitionem
654 1624 918 1680 idolorum
971 1621 1275 1679 hominibus
1321 1619 1671 1680 infamarunt,
1728 1618 1930 1672 idcirco

357 1717 448 1771 Dei
480 1715 721 1784 neganda
758 1721 842 1766 est
879 1710 1233 1781 providentia,
1273 1724 1392 1779 qua
1429 1717 1575 1762 certa
1613 1707 1731 1776 lege
1760 1705 1930 1759 currit

2031 538 2259 608 demque
2290 539 2422 594 locis
2451 548 2506 593 et
2542 557 2570 594 a
2607 541 2792 608 pravis
2823 556 2985 611 prava
3021 558 3263 616 quaque,
3295 555 3351 602 et
3382 565 3413 604 a
3446 555 3605 608 rectis

2031 637 2178 682 recta
2214 644 2440 697 quaque
2477 629 2677 698 peragi.
2718 628 2852 683 Nam
2891 631 2943 684 in
2975 633 3106 687 urbe
3130 650 3247 702 qua
3275 636 3375 691 fuit
3410 649 3607 697 metro-

2028 719 2165 790 polis
2193 719 2407 791 IEgypti
2445 736 2562 790 qua
2591 738 2622 774 a
2650 721 2949 786 Titanibus,
2981 724 3033 779 id
3066 735 3178 790 est,
3218 743 3249 781 a
3286 729 3604 800 Gigantibus

2031 811 2243 865 condita
2283 810 2449 866 fuisse
2487 812 2815 880 perhibetur,
2846 822 2900 867 et
2940 815 3008 869 ab
3041 816 3120 871 eis
3161 817 3362 875 Thanis
3393 832 3603 892 vocata,

2029 900 2195 954 multa
2218 910 2376 969 atque
2402 903 2658 969 stupenda
2688 917 2717 954 a
2743 901 2924 973 Moyse
2947 905 3108 959 divini
3135 909 3365 963 nominis
3390 910 3603 967 invoca-

2032 987 2175 1042 tione
2201 997 2324 1044 sunt
2363 997 2577 1053 peracta
2616 990 2906 1056 miracula,
2949 1001 3002 1047 et
3041 1010 3072 1047 a
3103 993 3267 1065 Magis
3306 997 3603 1057 Pharaonis

2027 1080 2296 1134 aeriarum
2323 1088 2647 1153 potestatum
2683 1081 3114 1138 insolentissimis
3139 1088 3409 1143 exercitiis
3436 1091 3603 1145 multa

2027 1178 2244 1239 peracta
2270 1171 2559 1241 prastigia,
2590 1171 2642 1224 in
2667 1170 3013 1241 ejusdemque
3037 1172 3281 1231 Thaneos
3310 1179 3600 1243 suburbiis,

2029 1268 2082 1313 et
2126 1275 2156 1312 a
2198 1261 2399 1315 sanctis
2424 1262 2556 1315 viris
2596 1261 2775 1331 Moyse
2811 1262 3059 1317 videlicet
3099 1274 3152 1319 et
3187 1266 3366 1322 Aaron
3406 1284 3604 1325 memo-

2029 1348 2195 1401 randa
2225 1358 2347 1403 sunt
2374 1358 2520 1418 gesta
2545 1350 2806 1419 prodigia,
2837 1361 2892 1405 et
2920 1367 2947 1405 a
2978 1353 3277 1408 damonum
3309 1357 3604 1414 cultoribus

2029 1437 2250 1492 nefariis
2274 1437 2598 1506 quibuslibet
2632 1441 3125 1497 consecrationibus
3164 1444 3276 1499 sive
3316 1447 3605 1501 invocatio-

2028 1528 2186 1581 nibus
2215 1526 2444 1580 infausta
2483 1527 2763 1598 figmenta,
2808 1530 2991 1598 sicque
3028 1530 3128 1586 loci
3157 1536 3462 1590 communio
3492 1537 3605 1591 nul-

2029 1619 2136 1671 lum
2167 1618 2271 1672 illis
2292 1619 2474 1673 valens
2497 1618 2689 1673 afferre
2714 1619 3101 1689 prajudicium,
3130 1631 3184 1678 et
3211 1625 3328 1679 istis
3349 1627 3435 1694 pia
3460 1642 3604 1696 qua.-

2027 1722 2131 1777 que
2161 1709 2463 1777 agentibus,
2489 1717 2544 1763 et
2574 1709 2680 1763 illis
2708 1711 2965 1779 probrosa
2995 1728 3221 1782 quaque
3246 1720 3605 1786 perpetranti-

354 1814 409 1860 ct
446 1806 618 1860 fertur
658 1812 713 1859 et
753 1803 892 1872 regit
934 1800 1114 1855 omnia
1156 1814 1170 1852 :
1209 1806 1264 1853 et
1306 1799 1362 1852 in
1404 1796 1505 1851 10b
1545 1795 1832 1851 Arclurum
1874 1803 1927 1848 θῐ
1959 1799 2001 1857 Β
2029 1799 2130 1854 bus
2162 1815 2446 1854 commune
2484 1802 2711 1869 prabuit
2748 1803 3059 1873 hospitium.
3104 1805 3244 1861 Urbs
3282 1807 3465 1877 itaque
3507 1809 3605 1864 Sa—

353 1894 605 1950 Orionem
637 1902 692 1948 et
718 1892 1024 1955 Mazuroth,
1056 1891 1159 1945 hoc
1181 1896 1295 1953 est,
1324 1888 1603 1942 zodiacum
1631 1885 1922 1959 circulum,

353 1994 406 2039 et
436 1992 629 2042 catera
671 1990 938 2036 astrorum
981 1981 1198 2034 nomina
1242 1979 1488 2048 legimus,
1532 1994 1635 2033 non
1666 1977 1806 2046 quod
1835 1992 1926 2029 ea-

354 2076 475 2130 dem
505 2075 642 2144 apud
676 2073 928 2128 Hebraos
955 2072 1214 2126 vocabula
1246 2071 1383 2132 sint,
1418 2070 1512 2125 sed
1539 2069 1663 2138 quia
1694 2083 1791 2122 nos
1819 2082 1925 2121 non

354 2181 635 2236 possumus
660 2181 777 2235 qua
808 2165 1059 2219 dicuntur
1087 2164 1191 2219 nisi
1232 2162 1503 2219 consuetis
1525 2160 1745 2216 vocibus
1772 2157 1928 2213 intel-

355 2260 541 2329 ligere.
580 2280 597 2309 ι
634 2258 728 2311 Est
758 2271 973 2325 quoque
1013 2255 1101 2309 hic
1138 2270 1396 2309 numerus
1431 2253 1613 2307 multis
1654 2250 1926 2321 mysteriis

355 2358 720 2413 consecratus,
753 2362 872 2417 qua
904 2348 1111 2418 singula
1153 2355 1399 2400 retexere
1436 2343 1718 2399 brevitatis
1750 2342 1927 2397 studio

353 2455 459 2494 non
490 2438 746 2502 valemus,
784 2448 839 2494 et
871 2447 931 2492 ut
966 2452 1124 2492 nosse
1156 2438 1446 2506 possimus,
1485 2435 1603 2489 ideo
1636 2433 1762 2487 huic
1791 2433 1925 2486 isto-

354 2544 472 2583 rum
502 2528 707 2598 synodo
734 2527 1013 2582 duodecim
1050 2525 1331 2596 pontifices
1363 2525 1541 2580 minus
1568 2520 1731 2578 fuisse
1764 2537 1927 2592 quam

355 2619 430 2672 illi
458 2626 657 2672 sancta
686 2617 915 2671 Nicana
944 2618 1166 2687 synodo,
1193 2618 1318 2685 quia
1349 2615 1627 2670 duodecim
1653 2613 1925 2685 apostolo-

355 2726 472 2765 rum
504 2709 868 2764 sacratissima
893 2708 1274 2778 praedicatione
1301 2708 1413 2761 sive
1438 2706 1778 2769 auctoritate,
1804 2703 1925 2773 qui-

354 2802 453 2857 bus
484 2800 627 2854 illam
652 2813 877 2869 prorsus
898 2804 1112 2853 constat
1135 2812 1254 2852 esse
1281 2797 1540 2851 munitam
1557 2836 1571 2860 ,
1602 2796 1761 2849 istam
1794 2809 1895 2849 con

354 2900 461 2946 stat
483 2905 600 2945 esse
635 2889 689 2943 in
721 2889 988 2959 plerisque
1016 2897 1358 2952 extraneam;
1396 2896 1449 2941 et
1482 2887 1677 2955 quibus
1710 2885 1800 2939 illa
1830 2884 1899 2939 ad

355 2981 537 3037 bibitis
580 2981 735 3050 quasi
778 2979 1098 3049 quibusdam
1144 2977 1643 3048 inexpugnabilibus
1690 2976 1928 3030 turribus

355 3083 610 3130 exornata
636 3075 702 3128 ad
726 3074 915 3128 altiora
938 3073 1233 3143 consurgit,
1263 3073 1346 3127 his
1368 3072 1470 3127 ista
1493 3072 1672 3126 minus
1696 3071 1928 3127 inventis

354 3166 599 3220 mutilata
644 3166 711 3220 ad
756 3164 1023 3220 deteriora
1067 3164 1334 3229 decurrit;
1382 3163 1472 3218 illa
1521 3164 1605 3218 his
1646 3163 1927 3218 duodecim

354 3258 580 3327 gemmis
608 3259 662 3312 in
703 3257 899 3327 quibus
933 3256 1213 3312 duodecim
1242 3256 1479 3311 tribuum
1513 3255 1760 3317 nomina,
1790 3254 1928 3309 anti-

355 3364 585 3419 quorum
617 3356 830 3417 patrum
857 3348 1105 3403 videlicet
1141 3348 1346 3402 notitia
1372 3347 1453 3402 vel
1488 3346 1730 3415 exempla
1756 3346 1928 3400 virtu-

356 3450 492 3505 tum,
520 3439 718 3507 scripta
746 3445 890 3504 sunt,
919 3447 1232 3503 exornatur,
1255 3438 1451 3506 quibus
1476 3437 1578 3489 ista
1602 3435 1817 3503 penitus
1840 3450 1929 3488 ca-

356 3545 477 3584 rere
505 3526 860 3598 dignoscitur;
890 3528 976 3583 his
1003 3527 1282 3582 duodecim
1309 3524 1482 3594 portis
1512 3524 1655 3577 illius
1676 3523 1928 3591 pulcher-

359 3622 508 3675 rima
542 3619 796 3684 civitatis,
833 3618 1320 3674 sacratissimarum
1356 3616 1562 3670 scilicet
1595 3614 1930 3668 constitutio-

358 3727 506 3776 num,
548 3727 743 3766 arcana
784 3716 1152 3779 penetrantur,
1194 3723 1314 3777 qua
1355 3707 1408 3761 in
1449 3706 1549 3760 ista
1592 3718 1930 3773 nequaquam

358 3803 639 3857 habentur.
678 3800 887 3855 Nullam
913 3816 1045 3871 ergo
1069 3801 1211 3854 inter
1248 3799 1391 3861 illam
1427 3808 1483 3852 et
1518 3799 1676 3853 istam
1713 3798 1931 3852 merito-

359 3908 478 3946 rum
501 3891 741 3961 reperire
764 3890 1033 3960 quivimus
1056 3888 1513 3949 concordantiam,
1540 3894 1738 3956 prater
1758 3887 1931 3940 nomi-

358 3983 444 4036 nis
468 3980 803 4035 solummodo
838 3979 1270 4042 consonantiam,
1312 3984 1461 4031 ut‘et
1497 3976 1586 4031 illa
1614 3991 1678 4031 eo
1707 3977 1851 4046 quod
1877 3976 1932 4030 in

359 4069 642 4140 metropoli
669 4068 938 4139 Bithynia
966 4068 1098 4123 urbe
1127 4067 1304 4123 Nicaa
1331 4068 1397 4122 ad
1418 4067 1714 4138 profectum
1744 4067 1931 4121 Eccle-

360 4161 456 4216 sia
481 4160 679 4231 agitata
713 4167 797 4215 est
833 4159 1069 4223 Nicaua,
1099 4167 1154 4214 et
1192 4158 1297 4213 ista
1339 4158 1465 4228 quia
1503 4158 1720 4222 ibidem,
1763 4173 1935 4227 quan-

360 4264 523 4319 quam
551 4248 656 4303 alio
682 4254 806 4302 voto
833 4247 1141 4316 disparique
1166 4247 1359 4302 merito
1385 4254 1533 4316 gesta
1563 4257 1677 4312 est,
1706 4247 1935 4317 appelle-

363 4350 450 4394 tur
470 4340 819 4396 nihilominus
858 4338 1091 4394 Nicana.
1125 4339 1242 4394 Non
1268 4338 1413 4394 enim
1440 4340 1717 4394 nominum
1744 4355 1936 4395 conso-

363 4432 544 4486 nantia
571 4447 734 4486 unam
774 4447 987 4502 semper
1016 4432 1123 4487 vim
1166 4433 1366 4487 habere
1392 4432 1647 4499 creditur,
1679 4434 1931 4502 quoniam

361 4524 615 4595 pleraque
656 4533 967 4580 sanctorum
1014 4532 1068 4579 et
1106 4524 1395 4581 illustrium
1439 4525 1677 4579 virorum
1715 4524 1931 4580 nomina

361 4614 687 4683 quibuslibet
731 4614 1054 4685 ignobilibus
1096 4615 1403 4671 hominibus
1445 4615 1611 4669 indita
1660 4615 1934 4684 rep~riun-

362 4711 472 4765 tur,
497 4703 691 4772 quippe
725 4718 847 4758 cum
894 4719 1235 4774 nequaquam
1282 4721 1479 4760 nomen
1517 4706 1693 4759 meriti
1736 4706 1937 4776 irroget

363 4794 751 4862 aequalitatem,
793 4796 888 4850 sed
921 4796 1100 4850 meriti
1122 4798 1402 4867 aqualitas
1430 4799 1663 4853 nominis
1679 4808 1937 4867 proroget

365 4884 700 4954 dignitatem.
727 4884 863 4939 Cum
885 4900 1015 4955 ergo
1040 4886 1162 4941 ideo
1183 4903 1302 4942 eam
1330 4888 1541 4958 magnis
1564 4889 1806 4943 attollere
1826 4905 1937 4943 me-

367 4973 593 5028 ritorum
622 4972 921 5043 insignibus
947 4973 1213 5038 affectent,
1238 4976 1381 5044 quod
1407 4976 1459 5028 in
1487 4976 1673 5030 eodem
1697 4993 1806 5046 quo
1829 4979 1939 5046 pri-

365 5066 486 5118 dem
518 5070 703 5117 saneta
740 5063 974 5133 synodus
1002 5063 1205 5128 fuerat,
1246 5066 1362 5118 hac
1392 5079 1606 5134 quoque
1633 5067 1705 5120 sit
1741 5066 1939 5137 agitata

367 5152 504 5215 loco,
529 5151 812 5205 advertant
834 5167 940 5207 non
969 5165 1136 5206 unum
1160 5166 1374 5221 semper
1404 5167 1524 5207 esse
1551 5154 1691 5209 sicut
1723 5172 1821 5210 nec
1846 5172 1940 5210 no-

366 5241 529 5297 minis
555 5240 798 5310 alicujus,
820 5241 895 5296 ita
922 5242 1086 5297 etiam
1113 5256 1213 5297 nec
1234 5242 1336 5297 loci
1357 5241 1643 5312 cujuslibet
1666 5248 1935 5301 meritum.

365 5332 628 5398 Quoniam
654 5346 778 5386 cum
804 5347 912 5386 non
950 5332 1196 5387 homines
1226 5347 1333 5402 pro
1361 5332 1512 5399 locis,
1554 5336 1650 5390 sed
1686 5335 1803 5391 loca
1842 5351 1942 5405 pro

368 5422 676 5478 hominibus
712 5423 853 5478 sicut
889 5431 946 5478 et
987 5432 1196 5479 caetera
1230 5430 1456 5479 terrena
1494 5434 1756 5481 creatura
1801 5425 1940 5481 facta

365 5513 492 5575 sint,
524 5528 631 5567 non
651 5512 730 5568 eis
753 5513 993 5582 prabent
1017 5512 1375 5569 emolumenta
1403 5514 1537 5569 situs
1563 5514 1820 5580 locorum,
1846 5518 1941 5571 sed

358 5603 656 5659 eminentia
682 5605 1018 5682 meritorum,
1048 5618 1145 5659 nec
1167 5604 1452 5675 plurimtun
1476 5606 1615 5660 valet
1641 5607 1741 5662 loci
1765 5606 1941 5675 cujus-

370 5693 497 5750 libet
539 5695 815 5761 sanctitas,
864 5696 909 5750 si
952 5702 1130 5751 tamen
1175 5694 1228 5749 in
1275 5695 1580 5752 hominibus
1617 5696 1686 5752 sit
1724 5706 1939 5754 actuum

2025 1890 2212 1945 maria
2237 1890 2381 1944 Luza
2400 1930 2415 1955 ,
2446 1905 2565 1959 qua
2588 1907 2618 1946 a
2644 1901 2831 1948 sancto
2856 1895 3162 1963 patriarcha
3188 1896 3354 1953 Jacob
3382 1899 3566 1955 Bethel
3587 1942 3601 1966 ,

2025 1977 2079 2032 id
2116 1986 2198 2033 est
2244 1979 2433 2033 domus
2474 1980 2603 2045 Dei,
2659 1984 2977 2038 vocabulum
3021 1986 3210 2040 sortita
3249 1995 3361 2050 est,
3407 1990 3459 2043 in
3498 2007 3601 2061 qua

2027 2068 2166 2123 idem
2208 2069 2515 2138 patriarcha
2558 2072 2758 2127 scalam
2798 2074 2863 2128 de
2902 2082 3045 2129 terra
3088 2077 3157 2132 ad
3197 2079 3391 2133 coelum
3435 2096 3605 2151 usque

2026 2164 2359 2227 tangentem,
2404 2160 2728 2230 angelosque
2766 2163 2861 2217 Dei
2902 2165 3252 2221 ascendentes
3291 2178 3345 2223 et
3385 2170 3604 2225 desreu-

2025 2244 2214 2300 dentes
2246 2261 2344 2315 per
2366 2262 2486 2301 eam
2523 2249 2682 2315 vidit,
2721 2253 3061 2318 postmodum
3096 2255 3292 2311 vitulos
3319 2272 3510 2314 aureos
3548 2261 3602 2315 in

2026 2333 2404 2389 oll'endiculum
2444 2336 2636 2393 domus
2671 2339 2836 2395 lsrael
2881 2342 3085 2405 habuit,
3128 2361 3264 2414 quos
3306 2348 3378 2403 ibi
3419 2365 3604 2419 regum

2027 2424 2292 2492 pessimus
2316 2423 2603 2481 Jeroboam
2642 2429 2893 2486 colendos
2934 2434 3246 2503 constituit,
3276 2448 3330 2490 et
3358 2438 3507 2494 locus
3541 2441 3604 2495 de

2026 2529 2134 2584 quo
2179 2517 2264 2570 vir
2306 2524 2525 2572 sanctus
2572 2519 2648 2573 ait
2697 2537 2711 2573 :
2776 2519 2904 2576 Vere
2950 2522 3206 2580 Dominus
3253 2536 3329 2582 est
3377 2530 3435 2583 in
3490 2529 3604 2585 loco

2026 2606 2144 2668 isto,
2191 2614 2240 2659 et
2283 2622 2375 2676 ego
2424 2608 2710 2662 nesciebam
2741 2608 2895 2680 (Gen.
2938 2613 3150 2685 xxvut),
3201 2624 3256 2669 et
3295 2632 3452 2686 quem
3493 2628 3605 2673 stu-

2028 2708 2158 2762 pore
2217 2710 2412 2765 magno
2469 2697 2742 2754 admirans
2785 2701 3081 2757 terribilem
3123 2720 3242 2759 esse
3287 2707 3451 2775 dixit,
3507 2724 3605 2765 nec

2027 2784 2174 2839 aliud
2231 2786 2306 2841 ibi
2358 2801 2477 2842 esse
2526 2787 2628 2843 nisi
2678 2788 2896 2844 domum
2944 2791 3038 2847 Dei
3092 2802 3146 2848 et
3182 2804 3393 2865 portam
3445 2799 3604 2864 cali,

2027 2882 2212 2944 postea
2256 2874 2430 2932 lactus
2460 2887 2543 2932 est
2578 2878 2769 2934 domus
2810 2880 2969 2946 idoli,
3010 2890 3065 2937 et
3103 2883 3409 2943 Israelitica
3461 2890 3603 2956 genti

2028 2978 2190 3017 causa
2227 2966 2448 3035 periculi
2468 3006 2485 3033 ,
2529 2982 2630 3022 nec
2661 2971 2828 3025 erecti
2854 2986 2885 3025 a
2910 2973 3222 3041 patriarcha
3247 2975 3436 3046 lapidis
3471 2994 3604 3034 con-

2029 3057 2281 3123 secratio,
2336 3072 2437 3113 nec
2485 3059 2623 3114 sacri
2675 3061 2928 3132 unguinis
2974 3063 3248 3131 delibutio,
3301 3083 3400 3122 nec
3450 3084 3605 3124 reve-

1950 3132 1996 3195 C
2029 3149 2180 3203 rcndi
2210 3149 2445 3206 nominis
2479 3151 2762 3220 appellatio
2792 3153 3008 3209 nefandi
3033 3157 3176 3228 regis
3201 3156 3484 3215 Jeroboam
3511 3179 3608 3218 ne-

2029 3241 2254 3310 quitiam
2276 3257 2308 3295 a
2330 3257 2585 3312 perversa
2607 3245 2818 3301 actione
2843 3246 3099 3312 cohibuit,
3127 3250 3218 3305 sed
3240 3249 3416 3308 locum
3447 3268 3606 3323 quem

2028 3351 2059 3390 a
2089 3343 2238 3391 tanto
2267 3337 2581 3406 patriarcha
2615 3337 2936 3393 admiratum
2962 3340 3148 3406 scivit,
3179 3342 3334 3397 idolis
3369 3344 3608 3415 polluere

2028 3438 2135 3477 non
2171 3422 2498 3481 formidavit.
2533 3423 2685 3480 Unde
2719 3425 2879 3480 datur
2904 3427 3157 3499 intelligi,
3186 3429 3343 3486 facile
3367 3434 3608 3501 potuisse

2028 3511 2083 3564 in
2124 3511 2299 3566 Nicaa
2334 3513 2595 3583 Bithynia
2634 3515 2785 3578 urbe,
2831 3517 2922 3570 ubi
2960 3517 3168 3584 pridem
3205 3528 3392 3575 sancta
3431 3522 3609 3580 fuerat

2029 3602 2264 3672 synodus
2278 3603 2567 3667 celebrata,
2583 3617 2892 3672 perversum
2909 3608 3300 3665 adorandarum
3315 3613 3608 3685 imaginum

2029 3693 2283 3748 constitui
2311 3693 2534 3764 dogma,
2565 3694 2610 3749 si
2639 3694 2691 3747 in
2720 3696 2906 3751 Bethel
2932 3712 2964 3751 a
2993 3700 3320 3768 nequissimo
3358 3720 3486 3774 rege
3511 3704 3605 3760 Je-

2030 3783 2251 3837 roboam
2279 3792 2569 3851 potuerunt
2598 3783 2737 3839 idola
2764 3786 2923 3854 poni,
2956 3788 3044 3842 ubi
3072 3787 3240 3845 Jacob
3267 3792 3485 3848 domum
3512 3796 3606 3849 Dei

2030 3887 2149 3929 esse
2171 3874 2304 3928 dixit
2326 3882 2380 3928 et
2402 3882 2615 3942 portam
2634 3876 2787 3943 cali;
2811 3886 2865 3932 et
2888 3878 2935 3932 si
2962 3880 3072 3936 illic
3097 3882 3152 3936 in
3172 3891 3447 3952 posterum
3472 3890 3605 3944 tanti

2030 3964 2350 4035 patriarcha
2389 3967 2793 4025 consecratione
2831 3969 3036 4024 nullum
3077 3972 3244 4027 valuit
3285 3973 3436 4031 locus
3475 3979 3608 4033 obti-

2032 4068 2161 4106 nere
2187 4053 2425 4124 vigorem
2442 4095 2458 4119 ,
2488 4055 2689 4110 nullam
2715 4057 2801 4114 his
2832 4062 3159 4130 temporibus
3185 4064 3449 4136 Bithynia
3477 4070 3608 4125 urbs

2033 4141 2088 4195 in
2126 4143 2227 4197 hac
2258 4152 2412 4212 parte
2447 4146 2789 4214 antiquorum
2813 4148 3033 4205 Patrum
3060 4152 3259 4209 valebit
3282 4155 3482 4212 habere
3511 4159 3606 4212 de-

2035 4234 2361 4302 fensionem,
2395 4237 2488 4292 sed
2523 4239 2799 4295 hominum
2825 4241 3206 4301 diversissimis
3233 4246 3340 4303 huc
3377 4247 3609 4319 illucque

2034 4328 2379 4398 vergentibus
2401 4332 2886 4398 permutationibus
2915 4334 3031 4390 loca
3058 4351 3156 4405 pro
3177 4338 3450 4395 hominum
3476 4358 3609 4412 qua-

2035 4421 2274 4476 litatibus
2295 4429 2351 4474 et
2378 4437 2408 4476 a
2438 4422 2640 4478 sanctis
2665 4437 2823 4491 posse
2851 4425 3195 4492 sanctiﬁcari,
3228 4438 3281 4482 et
3302 4445 3332 4483 a
3362 4442 3610 4500 peccato-

2036 4511 2187 4565 ribus
2208 4510 2370 4579 pollui
2395 4510 2735 4567 manifestum
2768 4521 2872 4568 est.
2912 4512 3161 4584 Legimus
3188 4517 3406 4573 domum
3429 4521 3521 4576 Dei
3557 4524 3608 4576 in

2038 4602 2150 4657 Silo
2191 4603 2259 4659 ab
2300 4602 2559 4658 Eleazaro
2594 4611 2649 4659 et
2686 4603 2916 4660 Phinees
2953 4608 3319 4665 sacerdotibus
3352 4627 3491 4668 arca
3534 4621 3603 4668 te-

2035 4691 2288 4748 stamenti
2340 4691 2549 4746 Domini
2599 4692 2713 4747 sive
2746 4694 3076 4750 tabernaculi
3127 4698 3477 4756 collocatione
3527 4720 3611 4759 sa-

2037 4781 2472 4852 criﬁciorumque
2517 4782 2735 4851 jugibus
2790 4785 3154 4843 oblationibus
3200 4801 3566 4847 consecratam
3592 4835 3607 4861 ,

2037 4887 2092 4935 et
2134 4879 2475 4950 postmodum
2521 4879 2591 4934 ab
2637 4878 2812 4947 Oplmi
2850 4888 2906 4935 et
2940 4880 3170 4938 Pbinees
3213 4884 3337 4939 liliis
3368 4887 3481 4940 Heli
3526 4903 3611 4941 sa-

2038 4970 2349 5026 cerdotibus
2405 4970 2800 5039 perpetratione
2854 4969 3204 5026 nefandorum
3250 4990 3471 5044 operum
3531 4976 3612 5030 in-

2041 5063 2337 5132 quinatam.
2402 5059 2657 5128 Legimus
2714 5074 2929 5129 quoque
2987 5060 3163 5117 Salem
3223 5065 3608 5122 nobilissimam

2039 5152 2308 5223 quondam
2353 5151 2572 5213 urbem,
2606 5166 2726 5220 qua
2756 5158 2938 5219 postea
2985 5150 3150 5209 Jebus
3192 5157 3304 5211 sive
3348 5156 3564 5229 Solyma
3596 5200 3613 5226 ,

2043 5259 2161 5313 qua
2192 5258 2336 5297 nunc
2370 5256 2466 5312 per
2503 5241 2886 5296 derivationem
2924 5242 3287 5316 Hierosolyma
3322 5249 3612 5318 vocitatur,

2042 5334 2268 5404 primam
2290 5340 2411 5402 post
2439 5330 2696 5386 diluvium
2720 5347 2750 5385 a
2777 5342 2963 5389 sancto
2983 5336 3099 5389 viro
3122 5335 3265 5402 Sem,
3293 5339 3383 5407 qui
3403 5348 3608 5411 postea,

2042 5422 2313 5488 utferunt,
2327 5421 2713 5477 Melchisedech
2739 5431 2958 5478 vocatus
2971 5433 3070 5489 est,
3086 5427 3355 5483 conditam
3383 5437 3437 5483 et
3460 5430 3605 5483 inha-

2042 5512 2289 5575 bitatam,
2328 5519 2385 5567 et
2423 5510 2762 5580 postmodum
2804 5512 2872 5567 ab
2911 5516 3226 5571 exsecrabili
3256 5527 3413 5588 gente
3453 5518 3603 5575 Jchu-

2044 5618 2271 5658 satorum
2304 5603 2603 5666 subactam,
2628 5610 2683 5655 et
2703 5601 2863 5671 longo
2888 5611 3126 5674 tempore
3154 5623 3321 5676 usque
3351 5612 3417 5665 ad
3445 5611 3608 5664 David

2043 5706 2365 5761 possessam.
2403 5692 2655 5761 Legimus
2697 5707 2909 5761 quoque
2945 5696 3365 5754 sacratissimum
3411 5717 3472 5756 ac
3522 5717 3601 5755 rc-
