4028 6180
496 275 625 333 iiii

1367 265 1426 321 Β.
1465 262 1714 320 CAROLI
1754 261 1969 317 MAGNI
2007 260 2156 319 OPP.
2198 260 2379 317 PARS
2418 260 2482 316 ll.
2526 260 2769 320 SECTIO
2807 264 2872 320 II.

3647 270 3761 328 lii?

492 384 928 445 verentissimum
950 381 1205 450 templum
1237 378 1447 435 Domini
1480 394 1513 434 a
1534 377 1702 433 David
1728 375 2071 433 sanctissimo
2096 380 2149 439 Α
2176 376 2307 430 tiam
2331 375 2577 432 locorum
2598 378 2845 449 quzedam
2874 377 2955 435 vis
2986 395 3150 434 unam
3174 382 3344 452 possit
3390 383 3606 439 habere
3638 400 3760 441 sem-

493 486 678 535 vatum
700 473 1041 545 dispositum,
1072 479 1127 527 ct
1161 485 1193 525 a
1228 469 1516 525 Salomone
1553 469 1879 533 dedicatum,
1918 484 2083 538 ange-

495 567 675 623 lorum
701 563 947 620 excubiis
977 560 1379 630 frequentatum
1404 600 1416 621 ,
1451 558 1646 613 divinis
1694 558 1928 614 oraculis
1955 558 2081 613 illu-

495 665 726 714 stratum
752 694 768 720 ,
814 649 1303 709 sacratissimarum
1334 647 1776 703 caeremoniarum
1806 646 2084 716 perpetuis

496 745 963 803 observationibus
985 749 1367 813 praeparatum,
1398 738 1540 808 quod
1572 738 1643 793 ob
1682 745 1761 791 tot
1784 736 2082 791 charisma-

497 848 613 893 tum
639 836 867 907 iusignia
890 835 957 891 ab
993 833 1228 901 antiquis
1252 831 1495 902 patribus
1533 828 1710 884 fuerat
1742 835 2080 891 veneratum,

496 945 529 983 a
555 926 1004 997 subsequentibus
1046 924 1348 995 quibusque
1390 920 1633 992 ejusdem
1662 920 1877 990 generis
1912 918 2085 988 pessi-

498 1020 603 1075 mis
647 1018 863 1088 regibus
904 1016 1170 1071 idolorum
1215 1014 1467 1069 sordibus
1489 1013 1806 1083 czeterisque
1835 1010 2083 1081 ﬂagitiis,

499 1111 636 1181 proh
685 1109 864 1165 dolor!
904 1108 1267 1178 inquinatum,
1299 1114 1353 1161 et
1383 1106 1474 1159 ubi
1527 1104 1787 1158 Dominus
1835 1109 2089 1157 sanctua—

499 1200 636 1252 rium
675 1215 828 1253 suun
857 1207 912 1252 et
941 1198 1117 1253 locum
1159 1196 1509 1252 habitationis
1541 1194 1724 1264 gloria:
1748 1209 1860 1247 sua:
1888 1191 2089 1247 consti-

499 1298 705 1356 tuerat,
750 1289 1028 1344 Manasscs
1063 1303 1157 1341 rex
1189 1287 1472 1341 duodecim
1500 1287 1667 1356 signis
1699 1285 1955 1353 omnique
1987 1285 2089 1339 mi-

499 1380 627 1436 litim
649 1381 770 1436 cadi
799 1396 925 1434 aras
964 1379 1157 1433 erexit.
1206 1378 1335 1431 Post
1382 1378 1832 1431 restaurationem
1872 1393 2089 1446 quoque

502 1472 583 1525 sui
636 1478 692 1524 et
742 1468 926 1539 Aggagi
980 1468 1093 1524 sive
1142 1466 1420 1522 Zachariar
1458 1465 1798 1535 prophetiam
1844 1466 2088 1520 eamdem

501 1576 718 1631 quoque
747 1562 964 1614 domum
993 1574 1024 1612 a
1076 1558 1391 1615 Graecorum
1424 1558 1639 1628 regibus
1668 1559 1896 1627 legium:
1924 1558 2091 1615 fuisse

503 1648 865 1719 profanatam,
898 1662 1000 1702 nec
1022 1664 1053 1701 a
1076 1648 1451 1717 perpetrandis
1473 1648 1634 1703 rebus
1662 1648 1860 1702 illicitis
1878 1648 2089 1701 illarum

2183 479 2282 539 per
2313 466 2707 533 constantiam,
2733 469 2861 537 quia
2898 485 3000 526 nec
3026 471 3274 526 homines
3302 488 3441 528 cum
3470 473 3584 527 sint
3611 484 3761 534 muta-

2182 556 2337 621 biles,
2363 557 2523 613 unius
2541 574 2754 630 semper
2768 561 3072 615 retinentur
3101 563 3419 618 tenacitatis
3449 565 3631 635 rigore
3648 583 3763 623 coa-

2184 649 2391 713 stricti,
2428 650 2727 718 praesertim
2767 666 2890 705 cum
2912 659 2967 705 et
2988 650 3154 708 Iudas
3181 655 3274 725 qui
3299 656 3589 725 quondam
3612 656 3762 715 fuerat

2184 740 2479 810 apostolus,
2504 743 2845 812 postmodum
2872 744 3098 801 eﬂ'ectus
3122 754 3205 802 est
3228 755 3491 816 apostata
3515 765 3531 812 ;
3568 758 3623 802 et
3639 750 3762 804 Pau-

2184 832 2269 887 lus
2287 832 2379 902 qui
2401 833 2671 902 quondam
2699 833 2875 891 fuerat
2898 835 3095 891 Saulus
3121 847 3177 892 et
3199 847 3534 907 persecutor
3553 880 3570 904 ,
3600 848 3762 909 postea

2184 921 2407 978 ell'ectus
2439 932 2523 978 est
2559 924 2749 979 doctor
2791 927 3029 994 gentium
3073 935 3128 982 et
3155 929 3527 996 praedicator;
3583 940 3635 984 et
3666 931 3763 987 loca

2185 1029 2306 1083 quae
2353 1015 2558 1085 pridem
2614 1015 2830 1073 fuerant
2879 1018 3081 1075 divinis
3129 1018 3369 1074 cultibus
3425 1020 3761 1089 mancipata,

2184 1115 2372 1175 postea
2402 1105 2602 1163 fuerint
2626 1124 2658 1163 a
2695 1109 2946 1178 gentibus
2965 1109 3287 1179 profanata;
3317 1120 3378 1167 et
3405 1112 3651 1181 explosis
3673 1113 3763 1182 ple-

2188 1212 2415 1266 rumque
2444 1196 2913 1265 profanationibus
2942 1201 3058 1257 loca
3084 1216 3206 1270 qua:
3237 1203 3462 1271 impura
3492 1203 3765 1260 credeban-

2187 1294 2293 1348 tur,
2338 1288 2532 1342 divinis
2559 1289 2900 1357 postmodum
2935 1291 3170 1347 cultibus
3195 1292 3611 1360 mancipentur.
3636 1293 3761 1349 Inso-

2188 1378 2316 1431 lenti
2341 1387 2599 1446 praeterea
2621 1380 2889 1439 desiderio
2912 1389 3022 1438 tam
3055 1382 3142 1438 isti
3169 1399 3336 1453 quam
3364 1399 3571 1439 eorum
3596 1385 3765 1453 prode—

2190 1483 2434 1523 cessores
2484 1471 2748 1540 synodum
2791 1473 3035 1529 ambiunt
3066 1476 3293 1543 agitare,
3317 1490 3558 1546 eamque
3580 1490 3665 1530 sex
3690 1489 3761 1528 ve-

2188 1560 2522 1617 nerabilibus
2579 1564 2798 1632 synodis
2849 1580 2971 1632 qua:
3012 1580 3117 1634 pro
3151 1568 3488 1635 quihusdam
3536 1566 3762 1623 Ecclesia:

2191 1650 2515 1706 utilitatibus
2560 1652 2788 1707 diversis
2833 1656 3204 1725 temporibus,
3260 1658 3357 1723 sed
3415 1672 3530 1713 non
3577 1658 3758 1712 diversa

505 1750 723 1795 aetatum
762 1740 1009 1795 homines
1042 1739 1144 1793 loci
1174 1738 1507 1807 compescuit
1556 1738 1855 1792 reverentia
1884 1778 1898 1801 ,
1956 1754 2090 1806 quo-
2121 1729 2165 1784 Β
2194 1740 2343 1795 (idea
2364 1742 2565 1796 sanctis
2591 1742 2722 1797 viris
2746 1744 2959 1813 agitata:
2979 1755 3106 1800 sunt
3129 1747 3425 1809 associare,
3465 1755 3525 1800 et
3548 1747 3760 1816 septima:

507 1848 626 1885 rum
684 1838 888 1886 mentes
937 1830 1328 1885 diabolicarum
1388 1828 1764 1882 illecebrarum
1829 1828 2091 1882 infecerat

504 1922 730 1979 saevitia.
767 1919 1075 1976 Iudaeorum
1118 1935 1311 1988 nempe
1360 1927 1589 1973 caterva:
1624 1935 1743 1988 quae
1773 1921 2089 1977 meritorum

505 2013 806 2083 insignibus
831 2019 1080 2067 carentes
1110 2010 1293 2079 templi
1323 2010 1660 2064 solummodo
1687 2026 1745 2064 se
1789 2010 2088 2069 munitione

506 2105 644 2158 tueri
675 2104 1119 2168 arbitrabantur,
1173 2104 1259 2159 his
1291 2117 1389 2172 per
1434 2096 1723 2157 Jeremiain
1770 2118 1803 2159 a
1864 2103 2092 2159 Domino

505 2195 684 2250 verbis
707 2201 1006 2265 arguuntur
1035 2210 1049 2247 :
1082 2191 1279 2254 Nolite,
1314 2192 1512 2263 inquit,
1549 2192 1810 2260 conﬁdere
1836 2193 1893 2245 in
1922 2193 2089 2247 verbis

507 2286 788 2351 mendacii,
815 2284 1043 2339 dicentes
1073 2300 1090 2338 :
1124 2282 1392 2354 Templum
1422 2281 1668 2343 Domini,
1712 2282 1959 2353 templum
1988 2282 2094 2339 Do—

508 2378 677 2443 mini,
706 2376 954 2447 templum
992 2376 1205 2435 Domini
1234 2384 1309 2430 est
1338 2415 1355 2440 ,
1399 2384 1454 2430 et
1488 2384 1682 2430 cetera
1717 2374 1935 2445 (Jerem.
1969 2375 2089 2447 vn).

511 2466 569 2521 Si
596 2480 726 2537 ergo
766 2467 835 2521 ad
859 2468 984 2523 novi
1008 2467 1342 2522 Testamenti
1372 2477 1612 2539 tempora
1636 2468 1935 2532 veniamus,
1975 2484 2096 2527 eas-

511 2559 630 2615 dem
663 2574 878 2627 quoque
911 2567 1225 2616 sanctorum
1255 2559 1496 2614 locorum
1524 2576 1555 2614 a
1579 2560 1762 2628 pravis
1786 2559 2095 2614 hominibus

510 2648 916 2721 profanationes
952 2660 1296 2720 perpetratas
1340 2651 1507 2707 fuisse
1548 2653 1879 2721 reperiemus
1908 2691 1923 2715 ,
1971 2666 2095 2710 cum

514 2743 763 2799 videlicet
785 2744 841 2799 in
863 2745 1041 2799 crucis
1062 2761 1193 2813 rupe
1222 2746 1337 2801 sive
1359 2746 1413 2799 in
1435 2746 1552 2800 loco
1574 2745 1991 2801 resurrectionis
2012 2745 2095 2801 vel

511 2834 674 2889 etiam
726 2836 782 2890 in
824 2851 989 2905 specu
1023 2836 1327 2892 Betheleem
1354 2876 1371 2903 ,
1415 2838 1506 2891 ubi
1556 2838 1816 2893 Dominus
1844 2838 2098 2907 parvulus

516 2927 702 2996 vagiit,
742 2928 883 2981 idola
925 2928 1099 2997 posita
1127 2927 1295 2984 fuisse
1317 2944 1348 2982 a
1375 2929 1668 3000 gentilibus
1686 2930 2094 2998 perhibeantur.

513 3016 607 3131 Ait
630 3018 773 3072 enim
808 3020 1000 3074 beatus
1023 3020 1383 3090 Hieronymus
1413 3038 1427 3073 :
1466 3038 1485 3071 ‹
1525 3020 1610 3076 Ab
1634 3020 1855 3075 Adriani
1892 3029 2099 3091 tempo-
2125 3066 2170 3131 Ο

518 3106 667 3162 ribus
697 3123 867 3177 usque
898 3110 965 3164 ad
987 3111 1273 3179 imperium
1293 3111 1632 3169 Constantini
1662 3128 1759 3182 per
1788 3129 1960 3168 annos
1988 3115 2097 3168 cir-

519 3198 656 3253 citer
679 3214 885 3265 etxxx,
932 3201 988 3255 in
1027 3202 1146 3256 loco
1187 3205 1602 3259 resurrectionis
1640 3205 1986 3260 simulacrum
2011 3207 2101 3261 Jo-

518 3289 621 3355 vis,
670 3290 723 3344 in
756 3292 936 3347 crucis
982 3309 1116 3362 rupe
1147 3302 1327 3348 statua
1376 3310 1444 3349 ex
1492 3311 1760 3350 marmore
1804 3298 2024 3351 Veneris
2069 3312 2100 3352 a

518 3383 807 3452 gentilibus
839 3385 1014 3452 posita
1063 3386 1359 3450 colebatur,
1391 3387 1826 3444 existimantibus
1853 3405 2101 3459 perseeu-

519 3478 683 3532 tionis
712 3478 1018 3533 auctoribus
1066 3480 1209 3548 quod
1244 3480 1492 3535 tollerent
1530 3481 1687 3536 nobis
1730 3480 1890 3536 ﬁdem
1920 3498 2101 3537 resur-

520 3567 781 3623 rectionis
806 3576 863 3622 et
878 3569 1075 3636 crucis,
1106 3570 1151 3624 si
1184 3570 1299 3625 loca
1342 3580 1529 3626 sancta
1575 3588 1674 3642 per
1710 3572 1850 3628 idola
1880 3575 2101 3643 polluis-

518 3665 660 3713 sent.
692 3657 967 3712 Bethleem
994 3675 1137 3713 nunc
1174 3667 1415 3714 nostram
1457 3669 1512 3716 et
1541 3662 1980 3731 augustissimum
2007 3679 2101 3718 ur-

516 3748 603 3804 bis
624 3747 797 3804 locum
819 3789 835 3808 .
860 3750 928 3803 de
953 3765 1059 3819 quo
1092 3750 1374 3805 Psalmista
1398 3752 1542 3806 canit
1569 3767 1583 3804 :
1626 3750 1827 3807 Veritas
1867 3753 1932 3807 de
1957 3763 2096 3807 terra

516 3848 632 3892 orta
655 3849 750 3902 est,
790 3840 944 3895 lucus
988 3841 1329 3895 inumbrabat
1365 3841 1587 3907 Tamuz,
1617 3843 1666 3896 id
1688 3851 1789 3907 est,
1816 3843 2094 3909 Adonidis,

514 3938 571 3984 et
596 3929 648 3983 in
695 3945 856 3999 specu
882 3932 973 3986 ubi
1019 3931 1268 3986 Christus
1309 3934 1577 4002 quondam
1610 3935 1863 4004 parvulus
1909 3936 2093 4005 vagiit,

516 4018 744 4074 Veneris
773 4021 1014 4077 amasios
1058 4022 1431 4093 plangebatur.
1476 4045 1496 4075 ι
1541 4023 1597 4078 Si
1636 4041 1763 4095 ergo
1802 4026 2097 4083 nativitatis

515 4109 714 4165 Christi
743 4113 919 4168 locum
945 4114 1205 4170 Adonidis
1232 4116 1383 4170 lucus
1411 4118 1587 4185 potuit
1612 4118 1895 4187 inquinare
1919 4160 1933 4183 ,
1965 4120 2095 4188 quid

416 4266 430 4280 ⁸
515 4201 716 4256 mirum
741 4203 787 4257 si
811 4211 1011 4259 sanctae
1028 4206 1218 4275 synodi
1242 4206 1417 4260 locum
1437 4222 1705 4277 perversae
1727 4211 2096 4263 conventionis

516 4295 673 4350 turba
700 4296 876 4364 potuit
898 4297 965 4351 ad
992 4312 1078 4350 res
1108 4297 1327 4352 illicitas
1350 4300 1662 4353 statuendus
1691 4301 1994 4368 usurpare?
2029 4300 2095 4353 Et

512 4386 557 4440 si
584 4386 846 4441 Calvaria:
877 4389 1076 4442 montis
1113 4389 1310 4454 locum,
1359 4405 1519 4459 quem
1545 4391 1793 4445 Christus
1819 4392 1885 4446 ad
1917 4393 2093 4447 crucis
2126 4427 2173 4485 Β

515 4483 777 4543 tropaeum
826 4492 1059 4546 pergens
1110 4477 1345 4547 glorioso
1383 4479 1516 4533 calle
1557 4480 1804 4543 calcavit,
1845 4495 1874 4534 a
1922 4482 2094 4549 genti—

514 4565 658 4619 libus
682 4566 914 4633 positum
949 4568 1175 4622 Veneris
1206 4570 1549 4624 simulacrum
1580 4569 1822 4636 fmdavit,
1850 4572 1978 4640 quid
2000 4573 2094 4626 nii-

514 4671 636 4709 rum
694 4654 739 4709 si
777 4655 956 4710 locum
1004 4673 1166 4726 quem
1217 4660 1489 4728 quondam
1534 4669 1844 4715 sanctorum
1872 4661 2091 4715 Patrum

515 4745 743 4814 insignis
768 4754 983 4801 caterva
1012 4747 1081 4801 ad
1104 4747 1263 4802 ﬁdem
1286 4749 1607 4804 catholicam
1632 4750 1988 4805 roborandam
2011 4752 2095 4805 in-

513 4837 674 4902 sedit,
706 4838 927 4893 demcns
947 4847 1133 4908 postea
1155 4841 1494 4895 sacerdotum
1521 4842 1808 4897 multitudo
1834 4844 1901 4897 ad
1928 4858 2094 4899 novas

513 4934 568 4983 et
587 4924 845 4981 Ecclesiae
863 4927 1166 4983 contrarias
1194 4929 1606 4986 constitutiones
1642 4932 1971 4987 roborandus
2002 4948 2095 5002 ap-

514 5022 705 5094 petiit?
738 5021 806 5076 Et
831 5021 877 5075 si
906 5021 1084 5077 locum
1112 5024 1522 5079 resurrectionis
1551 5040 1710 5094 quem
1737 5024 1986 5081 Christus
2010 5041 2096 5082 rc-

512 5111 782 5181 surgendo
842 5113 1221 5182 angelicosque
1293 5123 1467 5170 cretus
1534 5115 1851 5169 mortalibus
1915 5123 2097 5169 osten-

513 5201 690 5257 dendo
738 5201 959 5267 dicavit,
1012 5199 1162 5256 Jovis
1204 5202 1553 5257 simulacrum
1599 5203 1924 5273 profanavit,
1967 5204 2098 5272 quid

514 5292 714 5349 mirum
735 5291 781 5345 si
804 5292 1099 5361 imaginum
1122 5292 1364 5347 adoratio
1389 5309 1418 5347 a
1443 5294 1780 5350 (lenientibus
1797 5295 2097 5365 quibusque

517 5380 568 5435 in
596 5384 786 5437 eadem
820 5384 892 5438 sit
920 5391 1121 5439 statuta
1159 5385 1292 5439 urbe
1322 5384 1598 5454 Bithyniae,
1626 5386 1680 5439 in
1712 5402 1820 5454 qua
1849 5384 2097 5441 Christus

519 5473 722 5541 pridem
746 5489 777 5527 ει
795 5474 1114 5530 venerandis
1140 5476 1460 5544 puesulibus
1482 5478 1805 5545 prmdicatus
1829 5486 1912 5532 est
1936 5479 2097 5535 unius

520 5577 641 5615 cum
672 5563 835 5619 Patre
866 5580 985 5619 esse
1018 5566 1368 5621 substantim?
1410 5565 1506 5621 llis
1548 5567 1728 5636 itaque
1763 5567 2097 5625 documentis

521 5661 696 5723 potest
732 5657 1011 5723 approbari
1043 5658 1182 5724 quod
1210 5672 1315 5712 non
1339 5658 1631 5712 secundum
1659 5656 1870 5712 illorum
1891 5655 2099 5725 iactan-

2192 1831 2381 1901 synodi
2414 1834 2812 1902 nuncupatione
2830 1836 3059 1890 censeri.
3088 1836 3220 1891 Nam
3250 1837 3381 1891 dum
3413 1846 3473 1892 et
3506 1836 3582 1891 illi
3604 1846 3655 1891 et
3688 1836 3757 1891 isti

2191 1925 2245 1978 in
2272 1924 2374 1979 hac
2402 1939 2464 1978 re
2504 1926 2806 1995 importune
2841 1929 3130 1983 credantur
3170 1928 3450 1993 inhiasse,
3492 1944 3662 1998 neque
3696 1928 3758 1982 illi

2191 2030 2366 2085 neque
2400 2016 2490 2070 isti
2518 2017 2659 2072 hanc
2687 2019 2755 2075 ad
2788 2033 2900 2073 sum
2934 2020 3247 2073 ambitionis
3292 2016 3557 2075 effectum
3594 2020 3751 2073 value-

2193 2112 2317 2158 runt
2338 2106 2652 2173 perducere.
2684 2105 2977 2177 Cupientes
3009 2124 3138 2177 ergo
3165 2110 3313 2164 illam
3351 2125 3479 2179 quae
3508 2110 3574 2164 ab
3597 2123 3755 2163 eorum

2191 2193 2666 2261 prodecessoribus
2693 2196 2907 2251 incaute
2943 2207 2998 2252 et
3022 2199 3317 2254 cnormiter
3364 2208 3523 2269 gesta
3545 2208 3623 2254 est
3646 2199 3754 2253 abo-

2194 2283 2324 2347 lere,
2352 2292 2407 2338 et
2431 2301 2583 2342 suam
2606 2302 2725 2355 quae
2754 2288 2933 2357 inepte
2962 2298 3017 2343 et
3039 2290 3232 2345 stolide
3257 2290 3612 2345 nihilominus
3632 2296 3754 2359 gesta

2194 2382 2278 2431 est
2303 2382 2542 2432 statuere
2565 2417 2580 2439 ,
2611 2379 2925 2449 paradigma
2948 2379 3226 2449 cujusdam
3259 2381 3523 2437 retulere.
3559 2379 3654 2447 Qui
3679 2392 3752 2432 se:

2194 2468 2377 2522 aureis
2400 2469 2636 2522 nummis
2659 2470 2947 2538 septimum
2978 2472 3165 2527 volens
3190 2473 3491 2535 associare,
3530 2472 3649 2525 dum
3671 2469 3750 2522 ad-

2195 2560 2410 2614 mittere
2431 2561 2581 2614 nisus
2606 2570 2689 2615 est
2714 2577 2936 2617 aureum
2954 2604 2968 2626 ,
3017 2577 3218 2617 aereum
3252 2563 3375 2619 loco
3396 2563 3551 2617 aurei
3589 2561 3752 2615 dicitur

2194 2650 2508 2716 admisisse;
2528 2667 2636 2721 quo
2653 2653 2740 2706 isti
2770 2653 2993 2722 expulso
3020 2669 3242 2709 aureum
3267 2656 3453 2709 aureis
3474 2669 3533 2708 se
3552 2651 3747 2723 glorian-

2197 2750 2285 2797 tur
2313 2744 2639 2808 associasse;
2668 2744 2759 2812 qui
2795 2745 2841 2798 si
2876 2745 3161 2816 diligenter
3194 2746 3485 2800 advertant
3513 2743 3633 2798 dum
3668 2740 3748 2795 nisi

2198 2843 2325 2889 sunt
2351 2835 2470 2889 loco
2507 2836 2632 2890 terei
2658 2837 2905 2906 ingerere
2931 2853 3173 2900 aureum,
3206 2838 3461 2893 intulisse
3493 2837 3746 2891 creduntur

2198 2934 2511 2990 stanneum,
2541 2935 2595 2981 et
2619 2929 2907 2997 septimum
2930 2930 3120 3000 synodi
3151 2946 3442 2985 numerum
3479 2943 3630 2999 quem
3650 2942 3745 2994 pro-

2200 3015 2514 3072 decessores
2535 3033 2723 3072 eorum
2743 3034 2894 3075 aenea
2928 3021 3134 3089 synodo
3163 3019 3458 3073 voluerunt
3491 3015 3742 3084 complere,

2204 3115 2424 3162 stannea
2471 3108 2557 3162 isti
2587 3108 2936 3165 nihilominus
2961 3111 3166 3179 synodo
3194 3109 3467 3180 applicata
3495 3108 3744 3163 moliuntur

2198 3199 2509 3266 a'iimplere,
2558 3200 2652 3254 sed
2689 3201 2903 3269 repulso
2940 3215 2972 3255 a
3006 3200 3223 3269 septimi
3266 3202 3483 3257 numeri
3518 3193 3738 3281 ~mysterir

2198 3311 2421 3350 nummo
2446 3310 2618 3360 aueo,
2649 3296 2839 3351 abacto
2863 3310 3076 3365 quoque
3112 3304 3368 3360 stanneo,
3419 3294 3517 3350 soli
3546 3296 3740 3346 tantum-

2196 3384 2357 3438 modo
2379 3400 2472 3438 sex
2504 3385 2858 3439 remanebunt
2881 3426 2897 3449 ,
2937 3401 3072 3454 quos
3100 3393 3157 3440 et
3186 3387 3397 3440 numeri
3426 3381 3666 3455 perfectio
3691 3386 3735 3431 et

2201 3474 2377 3544 fulgor
2399 3475 2681 3530 catholicae
2703 3476 3022 3531 eruditionis
3052 3476 3305 3540 illustrat,
3342 3477 3399 3531 in
3430 3476 3613 3546 quibus
3633 3469 3736 3526 etin

2200 3567 2320 3622 ﬁdei
2347 3568 2580 3635 puritate
2597 3567 2948 3636 purissimum
2968 3583 3160 3622 aurum
3186 3567 3394 3630 rutilat,
3414 3576 3469 3623 et
3488 3567 3539 3620 in
3553 3572 3734 3617 numera

2196 3656 2548 3726 perfectionis
2587 3657 2757 3727 gloria
2788 3666 3018 3727 regnat:
3046 3658 3301 3727 quoniam
3335 3657 3390 3711 in
3423 3653 3624 3712 senario
3653 3662 3732 3702 ηιιο

2198 3762 2368 3811 mero,
2403 3746 2495 3815 qui
2526 3747 2711 3815 utique
2747 3745 3020 3816 perfectus
3043 3754 3125 3802 est
3142 3788 3157 3811 ,
3183 3745 3565 3815 perfectionem
3587 3734 3734 3795 Ecde-

2196 3836 2429 3891 siastica:
2451 3836 2848 3905 praedicationis
2880 3836 3079 3891 habere
3104 3837 3373 3901 videntur,
3412 3844 3473 3891 ut
3502 3833 3552 3888 in
3576 3826 3728 3883 tribus:

2195 3926 2339 3995 quod
2364 3934 2449 3983 est
2489 3925 2606 3994 ejus
2632 3926 2922 3989 medietas,
2963 3935 3164 3981 sancta:
3193 3926 3480 3981 Trinitatis
3511 3913 3733 3979 confessio

2194 4019 2517 4085 declaretur,
2547 4019 2602 4073 in
2615 4020 2841 4083 duobus,
2874 4020 3116 4089 quodest
3140 4018 3257 4087 ejus
3287 4019 3449 4074 tertia
3468 4030 3602 4087 pars,
3626 4009 3730 4064 άιιο-

2197 4125 2315 4163 rum
2346 4116 2789 4164 testamentorum
2827 4111 2941 4165 sive
2971 4111 3200 4165 duorum
3229 4109 3580 4168 talattorum,
3610 4094 3731 4155 inid-

2196 4201 2369 4256 lectus
2386 4200 2637 4256 videlicet
2662 4210 2718 4257 ct
2739 4200 3070 4270 operationis
3092 4215 3288 4255 munus
3309 4215 3340 4253 a
3363 4206 3547 4254 sancta
3576 4200 3624 4248 et
3637 4186 3727 4243 ιιιιί-

2194 4307 2258 4347 ca
2304 4292 2568 4347 Trinitate
2615 4306 2937 4347 concessum
2987 4292 3275 4358 immatur;
3334 4306 3497 4360 porro
3534 4289 3582 4342 in
3629 4291 3726 4337 υηον

2196 4387 2341 4455 quod
2366 4394 2447 4441 est
2480 4392 2636 4441 sexta
2681 4385 2798 4453 ejus
2827 4400 2973 4454 pars,
3019 4385 3135 4439 sive
3159 4384 3360 4439 veteris
3378 4380 3601 4439 hominis
3622 4386 3723 4429 eon-

2196 4478 2347 4541 ditio,
2381 4477 2475 4547 qui
2512 4485 2669 4532 sexto
2707 4477 2793 4531 die
2817 4475 3083 4532 formatus
3118 4483 3231 4541 est,
3262 4475 3378 4531 sive
3410 4474 3530 4531 novi
3560 4477 3726 4525 διείπω-

2193 4567 2327 4637 ptio,
2355 4580 2515 4636 quem
2544 4580 2644 4635 pro
2668 4566 2839 4622 salute
2866 4567 3049 4621 mundi
3076 4575 3229 4621 sexta
3253 4574 3414 4621 aetate
3440 4560 3603 4621 saeculi
3628 4550 3720 4609 Filii

2192 4673 2421 4727 persona
2445 4659 2700 4729 suscepit,
2722 4659 3126 4714 evidentissima
3140 4659 3551 4719 demonstratur,
3577 4650 3722 4713 sit!!!”

2194 4748 2250 4802 in
2286 4748 2371 4803 his
2393 4762 2488 4802 sex
2531 4747 2912 4802 sacratissimis
2940 4748 3160 4818 synodis
3181 4755 3236 4803 et
3268 4755 3469 4803 sanctae
3492 4732 3717 4799 Trinitatis

2194 4833 2510 4906 mysterium
2557 4837 2907 4905 prtedicatur,
2945 4845 3000 4891 et
3053 4837 3283 4891 duorum
3325 4833 3717 4891 testamentum“

2195 4926 2546 4982 consonantia
2567 4926 2651 4981 vel
2676 4925 2985 4980 intellectus
3008 4934 3064 4979 et
3087 4926 3418 4994 operationis
3444 4932 3615 4978 munus
3640 4914 3713 4966 h8-

2193 5017 2354 5072 betur
2384 5025 2440 5072 et
2469 5017 2760 5072 Dominica:
2781 5017 3172 5071 incarnationis
3212 5031 3314 5085 pro
3336 5017 3556 5070 humana
3576 5003 3710 5061 saluie

2196 5105 2328 5160 fides
2352 5106 2689 5174 perducetur,
2720 5108 2775 5159 'et
2797 5104 2924 5174 quia
2950 5104 3085 5159 nihil
3112 5106 3302 5158 horum
3345 5104 3449 5158 illis
3472 5103 3623 5157 deest.

2195 5194 2333 5248 narii
2373 5194 2580 5249 numeri
2616 5193 2946 5262 perfectione
2970 5193 3304 5250 muniuntur.
3341 5192 3458 5249 lam
3488 5199 3600 5244 vero
3615 5189 3710 5248 (1⁸⁸³

2196 5295 2305 5341 tam
2343 5285 2559 5341 ardenti
2587 5285 2851 5342 desiderio
2884 5301 3039 5340 suam
3085 5287 3348 5355 synodum
3383 5278 3595 5350 antiquis
3620 5283 3710 5338 Si"?

2194 5379 2317 5434 o-Jis
2338 5376 2560 5446 cupiunt
2573 5377 2841 5431 associare
2887 5376 3144 5431 associari
3169 5376 3287 5430 haec
3297 5374 3506 5444 quidem
3526 5364 3706 5455 εηιὶιῐιιιτξ

2195 5471 2408 5525 cuidam
2464 5469 2884 5525 Ariminensium
2931 5469 3137 5539 synodo
3199 5474 3363 5536 atque
3420 5459 3707 5520 ιιιιιιιηιαιη

2194 5570 2398 5632 potest,
2432 5559 2685 5631 quoniam
2727 5560 2869 5616 sicut
2894 5560 2950 5616 in
2986 5559 3076 5615 illa
3102 5557 3354 5631 ὃμονσίων
3379 5549 3615 5613 confusio
3637 5539 3708 5594 δι’

2196 5655 2406 5710 dicatur
2430 5694 2443 5719 ,
2478 5653 2552 5708 ita
2574 5653 2631 5708 in
2654 5653 2755 5710 ista
2778 5653 2945 5711 solius
2969 5652 3062 5708 Dei
3091 5651 3326 5709 cultores
3347 5659 3406 5707 et
3427 5648 3533 5705 veri
3560 5639 3703 5725 δάοησ
