4028 6180
320 316 461 373 HIS

1092 309 1268 364 LIBRI
1304 305 1647 364 CAROLINI.
1686 335 1758 344 —
1786 299 2008 358 CAPIT.
2051 301 2139 356 DE
2176 301 2364 355 IMAG.
2405 331 2474 341 -
2510 299 2637 355 LIB.
2676 299 2760 354 IV.

3428 299 3564 354 HM

319 440 468 487 tores
510 432 898 487 exsecrantur;
949 431 1006 477 et
1048 424 1188 478 sicut
1234 422 1288 475 in
1336 421 1429 475 illa
1462 421 1797 474 diversarum
1831 416 1885 469 in
1914 415 1962 471 Δ
1989 428 2110 481 qua:
2135 413 2203 466 ab
2229 411 2527 467 artiﬁcibus
2563 428 2630 466 ex
2663 410 2891 466 diversis
2917 411 3158 466 materiis
3179 409 3259 476 ﬁt,
3291 412 3565 468 absurdis—

318 520 581 574 Trinitatc
636 516 1063 571 substantsarum
1117 509 1632 580 perniciosissimum
1694 508 1886 574 dogma

318 608 594 671 statuitur,
623 606 699 659 ita
723 607 778 659 in
792 604 896 659 ista
929 603 1263 657 diversarum
1310 616 1493 654 rerum
1506 597 1681 653 cultus
1705 606 1757 652 et
1793 596 1888 649 ad—

314 698 488 754 oratio
517 697 621 752 soli
647 694 948 752 Deodebita
964 699 1327 761 pereensetur.
1356 690 1436 745 Sit
1464 704 1593 758 ergo
1627 689 1679 742 in
1702 686 1888 754 hujus-

317 789 525 846 cemodi
554 801 782 841 numero
817 785 991 854 prima
1032 783 1271 853 synodus
1320 777 1758 840 Ariminensinm,
1802 790 1887 830 se-

315 880 489 935 cunda
534 878 621 932 illa
648 893 769 946 quae
802 878 875 931 ab
909 875 1134 929 istorum
1170 870 1646 940 prodecessoribus
1669 883 1768 935 pro
1795 867 1888 920 ba-

314 969 587 1023 silicarum
619 965 901 1021 abolendis
942 963 1223 1017 ornatibus
1252 969 1397 1030 gesta
1447 966 1550 1022 est,
1584 956 1741 1010 tertia
1769 955 1885 1008 hmc

312 1078 434 1132 qua:
459 1062 527 1115 ab
552 1059 666 1114 istis
704 1059 776 1112 ob
804 1056 1097 1123 imaginum
1131 1053 1337 1107 cultum
1361 1059 1413 1105 et
1434 1049 1802 1104 adoratiouem
1830 1047 1885 1101 in

313 1153 446 1206 urbe
473 1150 650 1204 Nicaea
680 1147 879 1218 agitata
922 1156 1046 1200 est:
1077 1145 1152 1197 ita
1203 1143 1464 1196 duntaxat
1510 1148 1568 1193 ut
1598 1139 1771 1206 prima
1814 1138 1886 1192 sit

311 1254 562 1296 nummus
590 1252 780 1300 aereus,
825 1235 1057 1290 secunda
1086 1221 1361 1296 stanneus,
1402 1230 1559 1284 tertia
1580 1229 1882 1298 plumbeus,

309 1332 566 1403 quoniam
593 1343 717 1382 cum
742 1328 974 1381 habeant
1000 1325 1139 1379 inter
1158 1338 1215 1377 se
1250 1331 1552 1391 temporum
1572 1320 1884 1373 distantiam

311 1436 582 1492 magnam,
613 1430 792 1473 tamen
820 1417 1017 1471 habent
1041 1413 1396 1483 quorumdam
1424 1426 1673 1465 errorum
1692 1424 1886 1464 conso-

308 1514 569 1568 nantiam.
610 1511 680 1566 At
707 1510 754 1564 si
782 1510 1006 1563 istorum
1047 1506 1186 1560 fastu
1219 1513 1276 1559 et
1306 1503 1667 1559 ostentatione
1686 1517 1882 1556 secunv-

308 1603 375 1657 da
401 1601 685 1672 ahjicitur,
718 1613 817 1653 nos
846 1611 1058 1666 quoque
1086 1595 1165 1650 eis
1186 1595 1253 1649 ad
1276 1608 1394 1648 eam
1421 1608 1487 1647 ex
1527 1593 1628 1647 hoc
1661 1607 1885 1645 numero

308 1692 663 1762 abjiciendam
692 1689 1071 1744 adminiculum
1101 1688 1436 1756 praebeamus
1463 1702 1477 1741 :
1507 1693 1557 1738 et
1587 1685 1761 1754 prima
1789 1685 1881 1748 sit,

306 1786 595 1857 utprtefati
620 1799 838 1849 sumus,
874 1780 1313 1843 Ariminensium,
1358 1777 1591 1832 secunda
1622 1792 1749 1831 vero
1771 1777 1887 1831 hree

307 1895 429 1951 quae
456 1879 524 1934 ab
566 1877 685 1932 istis
719 1883 870 1945 gesta
906 1881 1023 1934 est,
1076 1871 1247 1940 prima
1276 1868 1554 1931 videlicet,
1596 1876 1656 1922 ut
1681 1866 1886 1938 pnefati

308 1986 513 2035 sumus,
542 1981 791 2023 nummus
816 1979 1004 2028 armis,
1037 1971 1091 2017 et
1126 1963 1252 2031 quia
1289 1961 1378 2016 illa
1402 1960 1783 2024 contemnitur,
1807 1974 1888 2014 se.

310 2060 483 2118 cunda
528 2059 754 2114 istorum
798 2072 917 2125 qua:
944 2053 1179 2123 plumbei
1228 2051 1430 2105 nummi
1482 2051 1659 2105 locum
1708 2058 1881 2112 tonet,

311 2157 682 2220 computetur;
727 2155 888 2216 atque
918 2145 1004 2199 his
1029 2143 1358 2214 postpositis,
1391 2156 1484 2195 sex
1519 2140 1888 2195 tantummodo

311 2264 411 2305 nos
447 2246 648 2303 sanctis
670 2241 1063 2297 universalibus
1094 2239 1315 2309 synodis
1346 2246 1399 2291 et
1426 2236 1687 2290 localibus
1712 2234 1889 2288 conci-

312 2316 421 2402 liis,
456 2353 577 2407 qua:
606 2335 675 2389 ab
720 2333 806 2388 his
836 2347 935 2385 nec
962 2330 1067 2384 ﬁde
1112 2345 1215 2383 nec
1248 2327 1632 2396 prmdicatione
1675 2325 1888 2377 dissen~

313 2428 455 2481 tiunt
482 2423 718 2480 ωηιθωὶ
749 2422 935 2479 simus,
979 2427 1035 2472 et
1069 2417 1136 2471 ad
1183 2416 1447 2471 tremendi
1481 2414 1745 2470 examinis
1765 2412 1890 2468 ulti-.-

314 2520 495 2589 mique
522 2517 622 2574 diei
660 2531 760 2570 nos
801 2512 919 2567 ﬁdei
967 2509 1276 2579 integritate
1294 2517 1347 2562 et
1369 2509 1637 2562 honorum
1665 2519 1888 2574 operum

316 2607 663 2665 incrementis
696 2603 913 2659 omnino
950 2599 1246 2660 terriﬁcum
1286 2611 1648 2667 praeparemus
1695 2595 1891 2649 advena

315 2710 450 2766 tum,
483 2698 575 2769 qui
620 2695 735 2765 ejus
762 2694 996 2765 glorioso
1026 2692 1200 2746 reditu
1232 2689 1621 2750 celebrabitur,
1668 2687 1735 2741 de
1778 2701 1886 2755 quo

315 2793 383 2847 ab
420 2789 645 2858 angelis,
677 2785 932 2856 apostolis
966 2784 1166 2838 dictum
1191 2789 1276 2835 est
1313 2798 1325 2832 :
1369 2778 1480 2833 Viri
1503 2778 1727 2841 Galilei,
1762 2776 1888 2847 quid

314 2880 465 2934 statis
497 2877 802 2947 aspicientes
830 2874 884 2927 in
909 2870 1132 2925 caelum?
1162 2870 1246 2923 hic
1269 2868 1424 2922 Iesus
1458 2867 1545 2937 qui
1576 2866 1883 2935 adsumptus

315 2981 389 3026 est
420 2987 451 3024 α
478 2969 637 3033 vobis,
660 2968 737 3022 sic
758 2966 919 3021 veniet
942 2962 1379 3035 quemadmodum
1402 2960 1604 3015 vidistis
1616 2975 1734 3013 eum
1754 2974 1884 3012 eun—

313 3071 417 3114 tem
446 3060 503 3113 in
533 3058 721 3113 ctutum
746 3056 886 3129 (Act.
914 3054 975 3124 1).

893 3144 1122 3201 CAPUT
1160 3144 1296 3199 XIV.

319 3241 408 3313 De_
450 3257 510 3295 eo
558 3237 698 3310 quod
744 3236 1029 3313 Gregorius
1069 3234 1427 3288 Neocaesaream
1465 3232 1731 3313 episcopus
1765 3233 1882 3286 ait:

387 3306 661 3363 Lmtentur
693 3314 748 3360 et
794 3306 1062 3363 exsultent
1109 3314 1164 3358 et
1195 3309 1520 3373 ptmsuinant
1564 3306 1654 3371 qui
1703 3316 1886 3373 veram

391 3378 589 3432 Christi
622 3376 906 3444 imaginem
940 3376 1166 3443 benigno
1194 3371 1373 3444 animo
1403 3371 1659 3444 facientes
1682 3382 1736 3424 et
1768 3371 1890 3426 dili-

388 3456 574 3519 gentes
606 3454 662 3502 et
690 3442 1010 3519 venerantes
1031 3442 1096 3499 ad
1132 3442 1586 3519 salutemnnima:
1612 3450 1665 3495 et
1697 3456 1889 3519 corpo-

389 3509 467 3573 ris
493 3518 796 3579 atterentes,
818 3530 977 3584 quam
999 3517 1110 3582 ipse
1133 3511 1381 3568 sacriﬁcii
1400 3509 1668 3584 perfector
1682 3519 1735 3564 et
1750 3512 1889 3563 Deus

390 3599 631 3644 nostram
694 3602 760 3640 ex
813 3580 967 3640 nobis
1014 3580 1079 3638 ex
1141 3591 1255 3636 toto
1306 3580 1604 3647 suscipiens
1654 3593 1888 3632 massam

391 3658 683 3714 secundum
711 3664 918 3722 tempus
951 3653 1260 3722 voluntariae
1300 3648 1889 3722 passionisniu‘siguum

388 3737 441 3783 ct
484 3728 539 3783 in
576 3715 893 3781 memoriam
938 3721 1275 3776 manifestam
1301 3715 1423 3774 suis
1471 3717 1691 3772 tradidit
1729 3715 1892 3772 disci-

388 3799 550 3867 polis.

387 3885 633 3954 Gregorii
656 3882 819 3953 igitur
837 3880 1086 3935 Neocscsa
1094 3892 1197 3932 reae
1222 3877 1456 3946 episcopi
1481 3874 1669 3929 inutile
1688 3874 1890 3928 dictum

320 3988 375 4036 et
397 3977 682 4048 imperitiae
701 3973 886 4029 nubilo
912 3980 1111 4028 tectum
1138 3986 1202 4027 ac
1227 3970 1441 4038 ineptia:
1478 3966 1767 4022 involucris
1790 3966 1891 4020 ob-

321 4071 505 4132 situm,
538 4067 594 4119 in
621 4080 685 4119 eo
705 4078 920 4132 quoque
936 4061 1350 4131 reprehenditur
1367 4058 1507 4128 quod
1526 4059 1599 4112 ait
1636 4072 1651 4111 :
1692 4056 1893 4111 Lceten—

322 4173 411 4216 (ur
437 4169 483 4216 et
523 4158 778 4214 exsultent
809 4166 858 4211 et
903 4164 1290 4227 prcrsumantur
1323 4155 1412 4226 qui
1468 4170 1641 4209 veram
1691 4151 1890 4207 Christi

322 4254 601 4324 imaginem
630 4251 877 4321 facientes
902 4258 950 4303 et
993 4248 1266 4319 diligentes
1297 4257 1344 4301 et
1377 4255 1675 4301 venerantes
1703 4245 1772 4298 ad
1803 4263 1893 4300 sa-

323 4344 481 4396 Iutem
526 4341 716 4395 animo:
758 4349 807 4394 et
835 4340 1067 4410 corporis
1105 4339 1333 4407 oﬂ‘erunt
1357 4377 1372 4401 ,
1410 4346 1465 4390 et
1507 4344 1721 4389 caetera.
1753 4335 1890 4402 Quid

324 4447 556 4501 namque
584 4431 636 4485 in
667 4431 769 4496 hac
810 4430 1040 4493 ditione,
1088 4427 1257 4481 (tutari
1285 4435 1335 4479 et
1383 4424 1682 4499 exsultare,
1735 4426 1805 4480 sit
1840 4426 1894 4480 in
1925 4420 1975 4481 Β
1996 4413 2143 4484 Poris
2189 4417 2245 4465 ει

323 4533 569 4593 promptu
613 4530 697 4578 est
744 4522 1075 4591 intelligere;
1114 4520 1242 4590 quid
1274 4534 1400 4573 vero
1427 4519 1498 4574 sit
1527 4518 1668 4588 quod
1707 4516 1892 4586 adjun-

324 4623 470 4668 ctum
497 4621 600 4676 est,
647 4622 695 4667 et
738 4621 1125 4683 prwsumantur
1152 4651 1168 4675 ,
1215 4610 1415 4664 nullius
1463 4609 1675 4679 penitus
1706 4623 1898 4663 sensus

329 4705 510 4759 lectori
544 4703 737 4773 ingerit
774 4703 1047 4762 iudicium,
1077 4702 1202 4770 quia
1251 4707 1307 4754 et
1347 4715 1379 4753 a
1403 4691 1679 4753 sensuum'
1699 4697 1898 4767 regulis

326 4803 409 4847 est
436 4794 685 4854 alienum,
725 4801 779 4845 et
804 4808 834 4846 a
860 4792 1065 4846 Latinae
1096 4790 1382 4845 locutionis
1416 4787 1721 4857 integritate
1746 4787 1899 4855 peni-

331 4893 418 4937 tus
445 4891 759 4937 extraneum
791 4899 805 4934 :
837 4882 1030 4951 quippe
1055 4897 1178 4937 cum
1207 4882 1253 4935 si
1284 4882 1350 4935 de
1375 4878 1790 4950 praesumptione
1815 4877 1898 4931 di-

327 4986 451 5028 cere
473 4970 642 5026 voluit
666 5011 682 5034 ,
713 4985 819 5025 non
859 4972 1068 5026 duobus
1092 4969 1519 5040 praecedentibus
1550 4969 1653 5022 hoc
1678 4966 1897 5021 tertium

332 5064 504 5117 valeat
540 5062 591 5115 in
641 5074 828 5115 sensus
880 5075 1071 5129 sapore
1122 5062 1411 5122 colum-ere,
1459 5058 1565 5112 nisi
1615 5056 1753 5111 forte
1780 5056 1899 5110 illos

331 5152 462 5207 dixit
483 5151 653 5207 hetari
672 5160 725 5206 et
739 5151 1031 5213 exsultare,
1060 5150 1150 5220 qui
1172 5164 1282 5205 rem
1312 5148 1551 5202 illicitum
1579 5155 1678 5201 eta
1698 5146 1899 5201 sanctis

330 5241 574 5311 patribus
596 5239 919 5309 prohibitam
939 5241 1164 5294 adorare
1185 5247 1533 5306 praesumam,
1551 5246 1606 5291 et
1628 5237 1720 5305 qui
1741 5242 1899 5289 tantae

331 5331 764 5403 praesumptionis
786 5332 1110 5399 instigantur
1136 5329 1387 5393 stimulis,
1415 5337 1476 5382 ut
1498 5328 1551 5382 in
1585 5327 1899 5384 adoratione

333 5437 513 5477 rerum
541 5435 703 5476 sensu
729 5421 1029 5476 carentium
1075 5420 1282 5475 cunctis
1319 5419 1589 5475 contraire
1617 5418 1901 5473 videantur

330 5513 656 5569 authenticis
698 5512 1014 5582 Seripturis.
1054 5510 1099 5567 Ο
1139 5511 1362 5567 demens
1386 5510 1621 5581 episcopi
1658 5510 1819 5566 dictio
1847 5518 1902 5564 et

333 5608 442 5661 risu
468 5606 656 5675 digna!
700 5620 822 5674 quae
856 5619 1017 5674 quam
1054 5602 1248 5658 dixerit
1275 5616 1459 5657 veram
1481 5600 1682 5657 Christi
1713 5599 1902 5668 imagi-

324 5714 459 5754 nem
486 5714 592 5755 non
617 5697 893 5755 evidenter
909 5695 1162 5753 ostendit.
1189 5694 1292 5762 Qui
1327 5695 1371 5751 si
1400 5693 1539 5749 hanc
1557 5692 1693 5749 dixit
1717 5705 1901 5745 veram

1989 504 2133 559 sime
2151 512 2205 557 et
2237 504 2662 572 ineompeteater
2700 503 2911 557 locutus
2940 510 3055 566 est,
3104 517 3227 557 cum
3261 503 3562 571 praesertim

1989 593 2191 663 liquido
2230 604 2408 664 pateat
2456 597 2723 649 neminem
2773 593 3081 649 mortalium
3129 609 3315 648 veram
3358 593 3563 651 Christi

1986 700 2145 752 posse
2200 684 2435 741 formare
2503 685 2808 753 imaginem.
2866 684 2998 739 Cum
3055 684 3201 739 enim
3249 700 3378 740 vera
3431 685 3565 740 dici-

1988 782 2095 839 tur,
2139 776 2367 830 multum
2394 776 2464 830 ab
2491 774 2594 831 hae
2618 791 2737 844 quae
2760 776 2830 829 ab
2851 774 3150 828 artificibus
3174 772 3393 842 ﬁngitur
3413 774 3565 828 elon-

1986 874 2162 935 gatur,
2188 866 2441 934 quoniam
2493 872 2752 935 quantum
2787 864 2988 919 veritas
3013 878 3041 917 a
3075 861 3311 917 falsitate
3344 861 3563 927 differt,

1987 961 2198 1008 tantum
2223 970 2350 1008 vera
2380 953 2583 1009 Christi
2622 953 2799 1022 imago
2824 953 2892 1007 ab
2920 940 2983 1005 ea
3007 951 3202 1015 distat,
3243 966 3405 1020 quam
3429 951 3564 1004 arti-

1986 1044 2104 1099 ﬁcis
2137 1046 2293 1100 docta
2328 1044 2442 1099 sive
2471 1045 2684 1099 indocta
2709 1059 2900 1099 manus
2920 1059 3019 1112 pro
3038 1052 3196 1112 captu
3221 1043 3418 1111 ingenii
3448 1041 3563 1097 for-

1982 1144 2114 1195 mat.
2171 1135 2227 1189 Si
2259 1151 2386 1190 vero
2446 1136 2512 1190 de
2558 1136 2806 1204 corporis
2861 1142 2916 1189 et
2960 1133 3240 1203 sanguinis
3296 1132 3565 1188 Dominici

1983 1229 2242 1298 mysterio
2289 1229 2429 1297 quod
2461 1228 2697 1296 quotidie
2734 1228 2791 1281 in
2845 1235 3184 1281 sacramento
3233 1241 3262 1278 a
3313 1224 3565 1285 ﬁdelibus

1984 1320 2215 1375 sumitur
2243 1320 2423 1374 dicere
2449 1319 2634 1383 voluit,
2658 1319 2801 1388 quod
2838 1320 2978 1374 inter
3006 1310 3173 1387 ipsam
3197 1318 3411 1387 quidem
3447 1334 3567 1373 sua.

1983 1424 2103 1471 rum
2132 1425 2394 1480 nugarum
2416 1409 2959 1478 conglomerationem
2982 1423 3119 1476 pene
3136 1407 3408 1475 patefecit,
3437 1424 3561 1464 cum

1982 1500 2059 1552 ait
2088 1517 2101 1551 :
2144 1498 2314 1563 Quam
2341 1500 2449 1569 ipse
2476 1500 2725 1567 sacriﬁcii
2762 1499 3021 1569 perfector
3055 1510 3105 1552 et
3142 1499 3283 1552 Deus
3331 1508 3566 1553 nostram

1981 1606 2046 1644 ea:
2074 1590 2221 1643 nobis
2245 1607 2311 1643 ex
2339 1598 2445 1644 tota
2474 1590 2759 1658 suscipiens
2792 1606 3022 1643 massam
3049 1589 3338 1643 secundum
3365 1598 3565 1659 tempus

1986 1681 2295 1737 voluntaria:
2327 1683 2587 1753 passionis
2616 1684 2673 1736 in
2710 1684 2917 1752 signum
2947 1691 2999 1735 et
3030 1682 3089 1734 in
3122 1680 3428 1733 memoriam
3451 1694 3568 1732 ma-

1918 1748 1963 1807 B
1990 1775 2234 1844 nifestam
2262 1748 2371 1828 suis
2403 1775 2623 1829 tradidit
2660 1748 2966 1844 discipulis,
3018 1782 3073 1827 et
3116 1773 3172 1827 in
3208 1772 3310 1826 hoc
3354 1785 3569 1840 quoque

1987 1880 2097 1919 non
2124 1865 2467 1921 mediocriter
2487 1865 2711 1919 erravit.
2735 1864 2851 1920 Non
2871 1864 3015 1919 enim
3036 1862 3326 1931 imaginem
3349 1869 3443 1917 aut
3469 1861 3570 1916 ali-

1987 1971 2149 2026 quam
2192 1955 2717 2025 przeﬁgurationem,
2746 1954 2838 2010 sed
2889 1954 3236 2021 semetipsum
3266 1952 3378 2006 Deo
3419 1950 3567 2006 Patri

1986 2063 2084 2118 pro
2117 2048 2273 2101 nobis
2296 2048 2351 2101 in
2382 2046 2704 2101 sacriﬁcium
2730 2045 2944 2107 obtulit,
2975 2051 3031 2097 et
3057 2043 3148 2112 qui
3175 2042 3443 2112 quondam
3467 2043 3567 2097 sub

1987 2139 2176 2193 umbra
2197 2138 2332 2209 legis
2365 2140 2420 2192 id
2444 2139 2565 2208 agni
2596 2137 2960 2191 immolatione
2979 2176 2993 2197 ,
3027 2135 3140 2193 sive
3163 2135 3217 2188 in
3247 2134 3567 2203 quihusdam

1989 2231 2152 2284 rebus
2174 2229 2491 2300 imaginarie
2517 2227 2964 2298 prznﬁgurabatur
3000 2224 3328 2288 offerendos,
3361 2222 3570 2277 veraci-

1988 2331 2074 2378 ter
2103 2337 2167 2377 ea
2204 2335 2585 2376 eonsummaus
2614 2334 2735 2389 quae
2763 2319 2831 2373 de
2858 2333 2919 2373 se
2955 2326 3137 2371 vatum
3179 2314 3415 2370 oraculis
3445 2329 3571 2384 pro-

1986 2415 2205 2485 phetata
2234 2419 2378 2476 sunt,
2414 2413 2524 2466 Deo
2545 2411 2691 2465 Patri
2719 2418 2801 2465 est
2824 2409 3041 2464 victima
3063 2407 3314 2463 salutaris
3334 2406 3567 2470 oblatus.

1986 2522 2089 2562 nec
2131 2505 2286 2560 nobis
2335 2504 2471 2574 legis
2498 2503 2901 2557 transeuntibus
2930 2502 3139 2557 umbris
3192 2498 3570 2567 imaginarium

1985 2596 2257 2668 querulum
2280 2595 2556 2657 indicium,
2583 2594 2675 2649 sed
2698 2595 2785 2649 sui
2801 2593 3079 2662 sanguinis
3102 2598 3157 2646 et
3178 2589 3419 2658 corporis
3438 2605 3573 2642 cori--

1986 2687 2109 2743 tulit
2159 2693 2577 2741 sacramentum.
2605 2682 2724 2737 Non
2752 2683 2898 2736 enim
2927 2680 3204 2750 sanguinis
3228 2687 3285 2733 et
3327 2679 3572 2747 corporis

1988 2778 2249 2834 Dominici
2277 2776 2590 2847 mysterium
2618 2770 2927 2843 imagojam
2962 2786 3105 2826 nunc
3140 2764 3429 2825 dicendum
3462 2777 3568 2833 est,

1988 2867 2083 2923 sed
2116 2866 2335 2930 veritas,
2369 2880 2476 2919 non
2502 2863 2694 2917 umbra
2740 2861 2835 2916 sed
2886 2874 3116 2927 corpus,
3150 2874 3256 2917 non
3297 2858 3571 2928 exemplar

1987 2958 2291 3019 futurorum
2316 2957 2411 3012 sed
2442 2956 2495 3009 id
2517 2953 2662 3024 quod
2687 2952 3085 3022 exemplaribus
3106 2950 3571 3020 praeﬁgurahatur.

1989 3049 2109 3106 Jam
2145 3048 2440 3107 secundum
2474 3046 2757 3102 Canticum
2803 3044 3141 3099 canticorum
3166 3041 3414 3112 aspiravit
3437 3041 3571 3104 dies,

1990 3149 2040 3195 et
2080 3150 2270 3193 amota:
2302 3147 2422 3191 sunt
2452 3137 2649 3190 umbra:
2692 3134 2870 3205 (Cant.
2900 3132 2984 3205 tl),
3033 3131 3150 3201 jam
3192 3133 3314 3189 ﬁnis
3346 3132 3482 3201 legis
3506 3132 3574 3186 ad

1978 3227 2251 3299 justitiam
2280 3227 2427 3282 omni
2451 3225 2691 3281 credenti
2715 3224 2962 3279 Christus
2987 3223 3230 3287 advenit,
3258 3222 3370 3291 jam
3401 3222 3576 3293 legem

1986 3318 2315 3387 adimplevit,
2337 3315 2451 3385 jam
2479 3316 2571 3385 qui
2592 3315 2813 3370 sedebat
2844 3314 2896 3368 in
2929 3314 3151 3381 regione
3188 3313 3396 3371 umbra:
3429 3328 3576 3367 mor-

1987 3413 2080 3476 tis,
2109 3412 2282 3466 lucem
2313 3424 2561 3478 magnam
2594 3407 2761 3469 vidit,
2797 3405 2909 3474 jam
2939 3405 3183 3459 velamen
3215 3401 3372 3457 faciei
3404 3400 3577 3472 Moysi

1989 3504 2228 3566 decidit,
2277 3510 2333 3555 et
2366 3501 2545 3555 velum
2593 3498 2778 3567 templi
2808 3498 3038 3552 scissum
3084 3509 3287 3548 arcana
3329 3492 3485 3548 nobis
3521 3499 3578 3546 et

1988 3594 2167 3661 ignota
2201 3604 2428 3663 qumque
2475 3587 2744 3649 ostendit,
2794 3585 2907 3654 jam
2955 3599 3114 3639 verus
3158 3580 3574 3645 Melchisedech,

1988 3680 2235 3736 Christus
2259 3677 2524 3739 videlicet,
2554 3690 2648 3728 rex
2687 3675 2887 3743 justus,
2934 3688 3028 3726 rex
3061 3672 3243 3742 pacis,
3283 3686 3385 3724 non
3406 3684 3572 3738 pecu-

1990 3774 2118 3829 dum
2144 3771 2392 3826 victimas
2416 3809 2433 3833 ,
2484 3768 2580 3822 sed
2622 3766 2705 3821 sui
2736 3765 2892 3820 nobis
2927 3764 3168 3832 corporis
3206 3772 3260 3817 et
3297 3760 3577 3828 sanguinis

1990 3862 2217 3921 contulit
2240 3866 2656 3915 sacramentum.
2684 3856 2795 3910 Nec
2816 3856 2892 3909 ait
2930 3873 2942 3909 :
2982 3854 3108 3908 llaec
3130 3861 3216 3909 est
3250 3854 3426 3921 imago
3451 3867 3574 3905 eor-

1987 3954 2137 4026 poris
2172 3960 2226 4007 et
2245 3950 2520 4020 sanguinis
2552 3949 2677 4014 mei,
2715 3948 2809 4003 sed
2847 3965 2861 4001 :
2905 3945 3021 4000 Hoc
3055 3955 3132 4000 est
3154 3961 3342 4015 corpus
3368 3960 3560 4005 meum,

1987 4044 2128 4117 quod
2160 4058 2252 4114 pro
2280 4039 2420 4109 vobis
2463 4038 2730 4101 tradetur;
2761 4043 2815 4090 et
2853 4053 2866 4088 :
2905 4033 3006 4088 Hic
3037 4044 3110 4088 est
3156 4033 3372 4104 sanguis
3399 4049 3569 4097 meus,

1990 4136 2079 4209 qui
2110 4150 2204 4205 pro
2233 4130 2412 4185 multis
2442 4128 2740 4198 effundetur
2772 4128 2827 4181 in
2854 4124 3207 4181 remissionem
3238 4131 3571 4195 peccatorum

1993 4229 2207 4303 (Matth.
2241 4223 2412 4295 sxw).
2441 4221 2575 4277 Cum
2603 4236 2732 4290 ergo
2751 4261 2767 4284 ,
2799 4227 2857 4274 ut
2884 4217 3095 4288 praefati
3121 4231 3325 4278 sumus,
3358 4230 3459 4269 nec
3486 4231 3574 4269 ar-

1991 4322 2197 4376 tiﬁcum
2220 4333 2353 4388 opus
2381 4330 2509 4369 vera
2538 4312 2740 4368 Christi
2761 4312 2931 4382 possit
2956 4310 3131 4378 imago
3158 4308 3287 4372 dici,
3316 4322 3418 4362 nec
3447 4321 3572 4361 cor-

2291 4404 2565 4478 sanguinis
2588 4403 2704 4472 ejus
2744 4401 3058 4472 mysterium
3089 4397 3230 4468 quod
3258 4397 3312 4451 in
3348 4395 3577 4449 veritate

1994 4517 2203 4580 gestum
2222 4521 2340 4561 esse
2369 4509 2580 4558 constat
2605 4515 2711 4554 non
2728 4498 2780 4551 in
2804 4497 2993 4566 ﬁgura,
3026 4492 3220 4547 merito
3247 4497 3340 4545 aut
3362 4490 3415 4543 in
3435 4503 3570 4558 quo-

1994 4597 2121 4652 libet
2166 4597 2359 4651 horum
2402 4591 2576 4646 autin
2616 4595 2842 4655 utroque
2881 4581 3173 4654 Gregorius
3209 4580 3574 4637 Neoczesarem

1996 4690 2280 4760 episcopus
2325 4684 2755 4756 reprehenditur,
2787 4679 2879 4748 qui
2927 4687 3007 4732 tot
3041 4675 3254 4732 iniiciis
3303 4672 3574 4740 tantisque

1997 4778 2333 4837 documentis
2381 4774 2542 4830 talem
2588 4771 2841 4841 ineptiam
2878 4766 3171 4839 protulisse
3207 4762 3568 4819 convincitur.

1996 4873 2056 4930 In
2072 4885 2139 4927 eo
2161 4885 2293 4940 ergo
2310 4866 2454 4938 quod
2470 4866 2611 4921 idem
2632 4864 2915 4934 episcopus
2937 4860 3013 4914 ait
3028 4860 3094 4913 de
3114 4856 3332 4912 Christo
3357 4872 3372 4907 :
3398 4851 3572 4918 Quam

1997 4964 2105 5033 ipse
2135 4959 2382 5027 sacrificii
2415 4956 2672 5027 perfector
2703 4963 2755 5008 et
2787 4952 2923 5007 Deus
2962 4960 3196 5005 nostram
3229 4963 3292 5001 ex
3324 4944 3470 4999 nobis
3511 4958 3575 4997 ea:

1997 5063 2104 5107 toto
2136 5050 2422 5118 suscipiens
2450 5060 2697 5105 massam,
2740 5041 2888 5111 iusta
2913 5048 2997 5096 est
3025 5034 3399 5108 reprehensio,
3437 5048 3574 5102 quo-

1999 5145 2146 5200 niam
2172 5153 2297 5193 cum
2331 5148 2509 5189 massa
2546 5130 2863 5200 perditionis
2888 5143 3056 5197 genus
3090 5125 3383 5181 humanum
3423 5121 3569 5175 dica-

2000 5244 2086 5288 tur
2111 5244 2236 5287 cum
2263 5223 2511 5293 originali
2540 5228 2777 5292 peccato,
2807 5219 3024 5275 incaute
3058 5223 3297 5272 nostram
3323 5227 3390 5268 ex
3419 5209 3575 5265 nobis

1997 5338 2066 5378 ex
2088 5328 2202 5375 toto
2230 5316 2503 5373 Christum
2523 5313 2824 5383 suscepisse
2855 5324 3093 5365 massam
3119 5308 3258 5363 idem
3288 5304 3585 5375 episcopus

1998 5409 2245 5482 profatus
2265 5412 2388 5462 est:
2422 5404 2546 5479 quia
2580 5402 2834 5459 videlth
2869 5413 3175 5471 quanquam
3216 5394 3463 5453 Christus
3492 5400 3573 5446 to-

2000 5514 2111 5559 tam
2135 5502 2425 5557 humanam
2457 5505 2727 5559 naturam,
2749 5506 2968 5547 carnem
2987 5488 3239 5545 videlicet
3250 5501 3371 5542 cum
3402 5482 3572 5538 sensi-

2001 5597 2102 5651 bus
2131 5591 2263 5655 suis,
2291 5599 2346 5646 et
2374 5588 2609 5643 animam
2635 5601 2757 5641 cum
2781 5583 2990 5639 ratione
3022 5595 3138 5645 sua,
3165 5594 3270 5634 non
3297 5574 3575 5631 divinitate

2005 5688 2058 5742 in
2094 5682 2480 5740 humanitatem
2517 5692 2806 5742 conversa,
2833 5689 3007 5746 neque
3040 5669 3373 5729 humanitate
3412 5667 3465 5721 in
3492 5663 3586 5717 di.-
