4028 6180
554 302 691 355 1918

1430 298 1490 349 Β.
1527 295 1775 351 CAROLI
1814 295 2027 352 MAGNI
2064 296 2214 352 OPP.
2253 295 2434 351 PARS
2469 296 2533 350 η.
2576 296 2747 351 SECT
2751 296 2816 354 1⁸)
2850 296 2917 351 ll.

3667 302 3781 360 ιειϐ

554 413 834 467 vinitatem
866 417 1089 477 mutata,
1118 410 1211 466 sed
1235 416 1581 479 permanente
1606 408 1889 479 utriusque
1918 417 2123 466 natura:
2153 414 2191 469 Α
2226 409 2523 479 imaginem
2570 409 2624 463 in
2680 409 2923 478 ejusdem
2969 410 3181 465 Domini
3226 410 3496 466 honorem
3549 418 3783 483 erexisse,

551 502 909 572 proprietate.
939 500 1084 555 Deus
1112 502 1332 555 verbum
1365 501 1635 555 hominem
1679 499 1734 553 in
1762 502 1969 556 unitate
2005 517 2128 571 pcr-

551 605 698 645 sonre
724 589 1037 658 susceperit,
1081 589 1317 646 hominis
1355 598 1537 646 tamen
1559 594 1820 664 originale
1847 602 2128 663 peccatum

551 698 661 737 non
694 683 950 751 suscepit,
980 696 1044 736 ac
1069 696 1167 750 per
1214 684 1319 737 hoc
1358 684 1649 739 absurdum
1682 693 1767 740 est
1806 686 1987 740 dicere
2029 700 2127 740 no-

555 782 725 828 stram
768 789 837 828 ex
881 774 1035 828 nobis
1072 789 1139 828 ex
1186 781 1300 828 toto
1351 789 1474 829 eum
1518 776 1818 844 suscepisse
1870 791 2123 830 massam.

556 863 678 918 Ideo
698 879 826 934 ergo
853 872 1090 918 nostram
1126 879 1193 919 ex
1235 865 1391 920 nobis
1434 872 1603 920 totam
1631 867 1851 922 minime
1891 869 2129 936 suscepit

557 950 790 1010 inassam
832 955 955 1024 quia
987 954 1262 1024 originalis
1292 956 1495 1026 peccati
1524 972 1631 1026 quo
1655 973 1813 1012 omne
1846 959 2128 1013 hominum

555 1058 724 1112 genus
758 1052 883 1098 ante
917 1044 1241 1112 baptismum
1289 1060 1587 1100 connexum
1631 1054 1870 1112 tenetur,
1923 1061 2128 1116 nequa-

555 1146 717 1201 quam
748 1135 1047 1203 suscepisse
1095 1134 1393 1191 credendus
1425 1143 1510 1190 est
1530 1153 1747 1191 noxam.
1789 1138 1959 1192 Tanta
2001 1152 2130 1210 ergo

556 1218 698 1285 illius
722 1223 925 1292 antiqui
951 1225 1159 1295 peccati
1203 1232 1288 1280 est
1317 1242 1440 1281 cum
1473 1242 1577 1296 quo
1606 1229 1878 1282 nascimur
1924 1242 2126 1292 massa,

556 1324 615 1368 ut
641 1314 687 1369 si
706 1314 1064 1384 particulatim
1095 1314 1333 1385 diligenti
1373 1317 1800 1372 consideratione
1837 1318 2127 1381 dividatur,

555 1406 735 1460 omnia
781 1406 836 1460 in
888 1421 953 1460 eo
1003 1407 1302 1461 criminalia
1344 1408 1553 1475 possint
1610 1409 1836 1462 inveniri
1888 1417 2127 1477 peccata.

556 1496 690 1550 Nam
737 1505 793 1552 et
830 1498 1078 1566 superbia
1116 1506 1199 1552 est
1221 1499 1357 1563 illic,
1401 1500 1526 1568 quia
1556 1500 1718 1553 homo
1738 1501 1791 1553 in
1830 1515 1925 1554 sua
1955 1501 2133 1569 potius

558 1600 678 1640 esse
716 1600 877 1654 quam
928 1587 984 1641 in
1009 1587 1102 1641 Dei
1132 1596 1399 1657 potestate
1418 1589 1636 1655 dilexit;
1675 1598 1728 1643 et
1766 1590 2130 1661 sacrilegium,

556 1678 681 1746 quia
702 1676 812 1733 Deo
838 1692 945 1733 non
974 1678 1230 1743 credidit;
1262 1686 1318 1733 et
1350 1680 1719 1745 homicidium,
1750 1682 1875 1749 quia
1916 1695 1974 1736 se
1998 1697 2135 1751 prae—

2227 496 2573 566 ejusdemque
2622 498 2874 568 imaginis
2916 499 3156 554 ﬁmbrias
3206 515 3267 555 se
3314 502 3500 558 denuo
3549 506 3784 575 tetigisse,

2229 587 2416 641 subter
2468 602 2629 656 quam
2681 588 2971 658 imaginem
3013 589 3239 644 herbam
3283 595 3585 660 quamdam
3632 604 3788 652 ortam

2227 675 2408 739 fuisse,
2442 692 2563 745 qua:
2590 677 2636 731 si
2663 677 2937 746 paulatim
2971 692 3323 735 succrescens
3363 683 3682 739 summitate
3707 700 3787 741 sua

2227 768 2417 837 pedem
2457 768 2743 839 contigerit
2779 777 2972 824 erecttc
2998 770 3270 839 imaginis,
3296 773 3521 827 cunctis
3544 776 3790 844 aegritudi-

2228 859 2387 913 nibus
2408 859 2669 913 medetur.
2698 858 2755 913 ln
2775 874 2882 928 quo
2903 861 3117 927 quidem
3144 859 3309 927 facto,
3333 863 3379 917 si
3407 870 3593 918 tamen
3614 862 3786 919 factum

2227 959 2347 999 esse
2371 947 2637 1010 credatur,
2676 946 2821 1000 nulla
2867 948 3161 1018 imaginum
3191 951 3442 1006 adoratio
3470 954 3789 1010 commenda

2229 1044 2339 1089 tur.
2386 1036 2443 1090 Si
2472 1051 2603 1107 ergo
2649 1036 2738 1091 illa
2770 1038 2959 1092 mulier
2998 1038 3215 1094 feminei
3259 1055 3426 1095 sexus
3473 1040 3789 1097 facilitateet

2229 1125 2458 1193 quadam
2509 1125 2673 1179 animi
2720 1125 2936 1180 levitate
2959 1137 3213 1198 percepto
3241 1130 3501 1184 sanitatis
3532 1131 3784 1195 beneﬁcio,

2230 1224 2414 1284 utpote
2441 1216 2656 1270 Domini
2679 1232 2892 1286 semper
2912 1206 3256 1287 prasentiam
3286 1235 3562 1289 quarens,
3586 1236 3788 1291 eumque

2231 1306 2428 1374 ubique
2453 1320 2572 1360 esse
2611 1321 2770 1375 posse
2808 1307 3089 1375 ignorans,
3130 1307 3427 1378 imaginem
3471 1310 3662 1376 erexit,
3686 1311 3787 1379 quis

2233 1403 2340 1450 tam
2363 1412 2554 1450 vecors
2597 1396 2867 1466 perceptis
2937 1411 3109 1451 sacrae
3179 1396 3303 1452 ﬁdei
3366 1398 3785 1461 cbarismatibus,

2230 1500 2460 1555 eumque
2502 1487 2700 1555 ubique
2745 1501 2867 1540 esse
2914 1502 3022 1540 non
3069 1486 3318 1541 nesciens
3355 1496 3417 1542 ut
3462 1486 3582 1556 ejus
3617 1488 3785 1544 habere

2232 1584 2392 1645 queat
2423 1576 2787 1644 praesentiam,
2826 1576 3026 1630 idcirco
3055 1574 3346 1647 imaginem
3379 1578 3563 1647 eriget
3593 1592 3785 1648 eamque

2233 1667 2509 1721 adorabit?
2561 1667 2628 1721 Et
2675 1667 2721 1721 si
2768 1667 2856 1721 illa
2899 1667 3098 1721 mundo
3135 1682 3233 1722 nec
3267 1668 3398 1722 dum
3440 1670 3511 1722 ab
3551 1668 3783 1723 idolorum

556 1740 799 1837 cipitavit
821 1768 876 1822 in
898 1777 1162 1835 mortem;
1191 1740 1247 1823 et
1271 1769 1552 1826 fornicatio
1580 1740 1857 1840 spiritalis,
1875 1740 2131 1842 quoniam
2168 1740 2209 1799 Β
2236 1758 2468 1813 (mnibus
2503 1758 2728 1812 liberato
2771 1757 2901 1812 νίείε
2942 1766 3279 1812 ηιοηυοτυω
3316 1761 3670 1825 quorumdam
3704 1757 3783 1811 Μ’

556 1858 835 1929 integritas
873 1861 1068 1915 mentis
1098 1860 1345 1916 humana:
1386 1862 1693 1931 serpentina
1735 1864 1987 1919 suasione
2016 1881 2135 1920 cor-

557 1958 714 2018 rupta
750 1958 866 2014 est;
897 1958 952 2004 et
978 1948 1206 2016 furtum,
1238 1952 1363 2020 quia
1396 1952 1549 2007 cibus
1576 1954 1881 2022 prohibitus
1905 1970 2131 2025 usurpa-

557 2049 646 2095 tus
671 2049 792 2106 est;
827 2048 883 2096 et
909 2042 1166 2107 avaritia,
1196 2043 1323 2112 quia
1359 2044 1641 2113 plusquam
1671 2045 1915 2101 suﬁicere
1940 2047 2015 2101 illi
2042 2048 2136 2102 de-

555 2132 702 2196 buit,
743 2133 984 2202 appetiit.
1037 2132 1243 2199 Quibus
1270 2136 1520 2190 omnibus
1557 2143 1708 2191 tanto
1730 2145 1813 2192 est
1841 2138 2132 2192 humanum

557 2238 727 2293 genus
781 2223 1067 2289 irretitum,
1119 2234 1179 2279 ut
1214 2225 1281 2279 de
1302 2224 1541 2294 legitimo
1577 2228 1739 2281 etiam
1788 2228 2133 2284 matrimonio

554 2321 870 2382 procreatus
899 2314 1042 2368 dicat
1079 2331 1093 2367 :
1133 2313 1200 2368 In
1223 2315 1585 2385 iniquitatibus
1608 2327 1884 2386 conceptus
1912 2333 2057 2382 sum,
2084 2327 2133 2372 et

554 2405 610 2458 in
633 2404 858 2471 peccatis
881 2404 1077 2475 peperit
1104 2421 1187 2458 me
1222 2414 1390 2458 mater
1425 2422 1540 2460 mea
1578 2406 1729 2477 (Psal
1761 2407 1857 2478 LI).
1887 2407 2134 2475 Christus

557 2507 686 2564 ergo
707 2493 800 2548 Dei
814 2494 987 2548 virtus
1006 2502 1061 2547 et
1075 2494 1170 2548 Dei
1193 2494 1455 2563 sapientia
1476 2505 1724 2551 naturam
1749 2498 2003 2563 hominis,
2024 2512 2132 2555 non

560 2582 768 2651 peccati
797 2597 1054 2647 massam,
1087 2584 1341 2652 suscepit.
1395 2583 1522 2647 Sed,
1555 2594 1614 2639 ut
1664 2584 1732 2640 ad
1765 2587 1819 2641 id
1851 2587 2135 2643 redeamus

557 2674 700 2728 unde
716 2673 939 2743 digressi
968 2690 1173 2741 sumus,
1192 2675 1260 2731 de
1285 2676 1525 2745 ejusdem
1547 2680 1783 2750 episcopi
1803 2681 2135 2752 professione

556 2763 946 2833 aliquantulum
971 2780 1004 2821 a
1037 2767 1194 2823 nobis
1218 2769 1537 2839 ambigitur,
1565 2772 1658 2841 qui
1680 2780 1848 2827 totam
1881 2789 1947 2829 ex
1979 2775 2134 2830 nobis

555 2863 797 2909 nostram
832 2855 1107 2913 Christum
1139 2860 1440 2928 suscepisse
1467 2875 1699 2917 massam
1721 2862 1921 2919 dixisse
1952 2865 2134 2934 perhi-

553 2946 744 3011 betur,
775 2946 1032 3016 quoniam
1056 2958 1149 3003 aut
1172 2965 1362 3019 magna
1400 2966 1523 3006 eum
1552 2953 1655 3014 hoc
1681 2955 1923 3023 proﬁteri
1949 2956 2129 3011 ineru-

555 3038 690 3094 ditio
727 3041 920 3109 coegit,
952 3048 1046 3094 aut
1068 3040 1318 3095 immanis
1343 3057 1497 3097 error
1541 3044 1594 3097 id
1619 3059 1740 3099 eum
1768 3045 2013 3114 proferre
2038 3046 2134 3100 im-

552 3129 710 3199 pulit.
746 3128 881 3182 Nam
904 3130 1032 3184 dum
1061 3146 1158 3185 nos
1175 3146 1297 3185 eum
1322 3140 1377 3186 et
1395 3133 1664 3188 cru-litum
1691 3143 1745 3188 et
1770 3136 2130 3189 orthodoxum

555 3234 677 3276 esse
715 3219 973 3283 velimus,
1009 3222 1251 3289 exemplo
1288 3223 1495 3276 Domini
1543 3225 1809 3279 neminem
1859 3225 2132 3295 cupientes

552 3310 734 3380 perire.
763 3351 778 3376 ,
832 3310 878 3366 si
922 3311 1186 3366 utrumvis
1224 3312 1448 3365 istorum
1479 3312 1554 3366 illi
1600 3314 1787 3378 deest,
1840 3322 1895 3370 et
1946 3330 2130 3370 revera

554 3406 739 3470 deest,
806 3404 1090 3460 mallemus
1127 3405 1182 3460 id
1238 3406 1379 3474 quod
1419 3405 1660 3476 profatus
1701 3416 1787 3462 est
1848 3408 2130 3478 imperitiae

552 3495 737 3565 potius
762 3509 924 3566 quam
954 3495 1232 3551 schismati
1270 3496 1544 3564 deputare.

1153 3626 1383 3683 CAPUT
1420 3626 1537 3685 XV.

554 3716 632 3772 De
645 3733 704 3771 eo
715 3716 852 3788 quod
863 3715 1188 3789 Epiphanius
1200 3718 1451 3789 diaconus
1469 3719 1757 3789 imaginum
1771 3721 2127 3777 adorationem

625 3786 859 3862 astruere
880 3786 1224 3862 volens,_dixit
1242 3786 1540 3862 :Quoniam
1567 3786 1655 3862 hic
1677 3790 1888 3862 titulum
1913 3793 2127 3862 erigens

623 3856 857 3921 Domini,
886 3864 941 3911 et
971 3871 1030 3910 se
1079 3857 1193 3924 ipsa
1242 3864 1469 3926 tangens
1512 3859 1739 3914 ﬁmbriis
1783 3861 1920 3914 tituli
1967 3856 2124 3918 sicuti

621 3926 837 3999 quidem
891 3927 1105 3999 venitur
1146 3934 1391 3999 sanctum
1434 3928 1814 3999 Evangelium,
1869 3933 2124 3999 quoniam

622 3995 850 4049 salutem
890 3996 1082 4065 adepta
1118 4003 1202 4050 est
1247 3996 1386 4050 inter
1425 3995 1657 4052 medium
1700 4000 1787 4054 ille
1832 3995 2124 4056 et'Domini

626 4065 897 4141 imaginis,
927 4065 1090 4141 herba
1114 4066 1358 4141 quzedam
1405 4069 1724 4141 germinavit
1750 4085 1868 4139 qua:
1928 4086 2123 4141 appro-

622 4134 891 4203 pinquans
936 4136 1123 4204 pedem
1170 4136 1309 4188 tituli
1358 4134 1546 4192 omnes
1584 4134 1924 4195 inﬁrmitates
1947 4134 2120 4195 curat.

624 4247 778 4318 Saepe
793 4247 905 4316 jam
933 4248 986 4302 in
1009 4248 1113 4304 hoc
1134 4263 1296 4317 opere
1320 4248 1568 4314 diximus,
1597 4252 1737 4320 quod
1767 4260 1821 4307 et
1844 4255 2124 4324 perspicue

550 4347 790 4410 apparet,
813 4355 949 4409 pene
968 4355 1155 4395 omnes
1180 4354 1366 4395 eorum
1393 4343 1707 4408 sententias,
1736 4359 1869 4413 quas
1894 4347 1963 4400 ob
1990 4348 2124 4402 ima-

550 4430 734 4501 ginum
764 4430 1131 4485 adorationem
1160 4431 1215 4484 in
1242 4446 1338 4487 sua
1364 4434 1570 4502 synodo
1597 4435 1959 4504 protulerunt,
1991 4453 2125 4507 quo-
2155 4445 2203 4504 ι)

551 4518 837 4573 dammodo
868 4518 1031 4573 tantis
1063 4533 1181 4573 esse
1224 4518 1449 4590 ignavias
1477 4521 1795 4592 caiiginibus
1829 4525 2121 4597 interpola-

553 4613 659 4668 tas,
689 4610 750 4657 ut
772 4603 1075 4672 eloquentia
1111 4620 1379 4676 sensuque
1412 4617 1658 4664 carentes
1694 4609 1907 4666 diﬁicile
1931 4626 2121 4667 earum

552 4708 744 4749 sensus
771 4694 1033 4748 lectorum
1064 4695 1291 4765 attingat
1316 4704 1543 4752 mentes.
1582 4696 1718 4753 Cum
1746 4715 1875 4770 ergo
1905 4700 2121 4756 illarum

554 4783 874 4854 ineptissimi
936 4791 1113 4840 textus
1164 4800 1425 4856 compago
1453 4787 1866 4859 haudquaquam
1904 4804 1967 4845 ea
2003 4807 2125 4861 qua:

550 4874 752 4948 profari
790 4875 1033 4947 cupiunt,
1070 4877 1303 4932 evidenti
1346 4892 1593 4933 sermone
1635 4881 1919 4950 exprimat,
1960 4883 2127 4947 habet

549 4974 733 5023 tamen
776 4967 918 5039 inter
964 4968 1153 5023 eadem
1183 4969 1471 5023 verborum
1502 4968 1683 5024 nubila
1729 4972 1974 5040 quaedam
2001 4987 2125 5042 per-

548 5061 735 5131 spicua
771 5060 967 5117 indicia
998 5060 1278 5115 nominum
1319 5059 1587 5127 videlicet,
1619 5077 1715 5118 seu
1744 5077 1926 5117 rerum
1955 5065 2128 5118 notis-

548 5153 809 5206 simarum
854 5151 1173 5216 mentiones,
1199 5151 1363 5206 veluti
1407 5166 1528 5206 cum
1564 5152 1708 5206 inter
1747 5152 1939 5209 densas
1972 5162 2124 5208 tene-

545 5240 673 5295 bras
699 5239 1055 5310 quorumdam
1083 5240 1311 5294 torrium
1346 5240 1564 5310 igniculi
1589 5241 1928 5308 interlucent,
1956 5251 2012 5297 ut
2032 5258 2128 5313 per

548 5342 729 5381 rerum
770 5327 1032 5383 vocabula
1073 5334 1129 5382 et
1169 5342 1256 5382 res
1303 5328 1615 5383 notissimas
1662 5329 1880 5385 lectoris
1916 5331 2127 5386 animus

545 5430 610 5469 ea
656 5431 776 5486 quae
831 5417 1133 5487 exprimere
1180 5417 1370 5473 volunt
1423 5420 1738 5486 persentiat.
1811 5420 2128 5490 Exprimere

548 5505 773 5570 ctenim,
792 5505 846 5559 ni
861 5504 1037 5571 fallor,
1061 5508 1114 5561 in
1133 5507 1339 5577 prolata
1361 5509 1628 5563 sententia
1652 5508 1983 5579 Epiphanius
2009 5511 2129 5565 dia-

547 5608 717 5648 conus
745 5593 895 5649 nisus
916 5604 1019 5663 est,
1044 5597 1322 5651 mulierem
1365 5612 1397 5650 a
1419 5595 1684 5666 profluvio
1722 5598 1997 5667 sanguinis
2025 5598 2128 5652 Do-

552 5682 762 5737 minicae
803 5687 967 5743 vestis
1009 5687 1235 5743 ﬁmbriae
1268 5698 1411 5744 tactu
1455 5698 1715 5751 sanatam,
1766 5690 1979 5744 titulum
2010 5691 2122 5746 sive

2232 1851 2436 1905 minum
2495 1851 2547 1902 in
2596 1849 2822 1903 urbibus
2863 1849 3056 1903 statuis
3108 1850 3178 1903 ob
3225 1849 3588 1918 quarumdam
3630 1863 3781 1903 ret-inn

2232 1944 2549 1998 memoriam
2598 1945 2711 1997 sive
2763 1940 2967 1997 cultum
3016 1942 3253 2006 creetis,
3316 1941 3597 2003 similiter,
3653 1950 3781 2009 prout

2232 2032 2399 2086 valuit
2444 2046 2606 2102 agere
2632 2031 2860 2096 studuit,
2894 2031 3016 2100 quis
3054 2044 3199 2084 sanae
3239 2030 3441 2084 mentis
3468 2028 3585 2097 ejus
3606 2029 3781 2083 actibus

2232 2140 2509 2181 assensum
2537 2125 2813 2194 prtebebit,
2841 2132 2894 2178 et
2916 2124 3200 2178 Dominum
3243 2139 3349 2178 non
3384 2123 3441 2176 in
3471 2122 3777 2183 manufactis,

2232 2218 2329 2273 sed
2375 2218 2428 2272 in
2476 2219 2615 2274 coelo
2657 2219 2740 2272 vel
2778 2220 2958 2288 potius
2996 2218 3197 2287 ubique
3239 2232 3358 2272 esse
3406 2217 3632 2273 credens
3679 2214 3777 2269 talia

2233 2326 2393 2379 agere
2430 2311 2677 2366 curabit?
2728 2310 2836 2364 Aut
2882 2310 2929 2365 si
2979 2307 3117 2363 forte
3163 2309 3252 2363 illa
3292 2308 3667 2378 superstitioso
3694 2306 3776 2359 ritu

2232 2400 2421 2455 habuit
2447 2401 2621 2455 zelum
2644 2400 2758 2465 Dei,
2784 2401 2883 2455 sed
2905 2415 3011 2453 non
3038 2400 3331 2454 secundum
3354 2399 3659 2462 scientiam,
3683 2397 3779 2465 quis

2233 2492 2533 2547 catholicus
2566 2492 2622 2546 in
2660 2490 2765 2546 ﬁde
2793 2491 3079 2546 roboratus
3116 2505 3183 2544 ex
3226 2489 3344 2558 ejus
3369 2491 3585 2545 actibus
3624 2489 3671 2543 in
3698 2489 3776 2542 hac

2233 2590 2387 2652 parte
2424 2581 2667 2651 exempla
2731 2591 2924 2644 sumet,
2974 2582 3165 2650 hisque
3209 2580 3411 2635 similia
3468 2578 3658 2635 faciet?
3694 2579 3776 2630 Aut

2234 2674 2280 2727 si
2302 2671 2442 2726 forte
2468 2671 2558 2725 illa
2584 2671 2888 2725 rudimento
2910 2670 3277 2725 conversionis
3303 2684 3418 2723 sua:
3444 2685 3564 2738 qua:
3585 2667 3773 2722 necdum

2234 2762 2405 2817 solido
2429 2762 2551 2817 cibo
2582 2761 2723 2815 vesci
2754 2768 2984 2830 poterat,
3016 2760 3134 2814 ideo
3175 2768 3361 2814 tenero
3388 2760 3516 2814 cibo
3542 2759 3771 2817 utebatur,

2234 2862 2293 2907 ut
2326 2853 2395 2908 ad
2412 2852 2810 2923 percipiendum
2838 2851 3066 2906 solidum
3091 2852 3269 2906 cibum
3297 2850 3556 2921 paulatim
3584 2847 3771 2916 sumptis

2234 2947 2439 3001 viribus
2481 2954 2783 3010 cresceret,
2827 2945 3033 3000 scilicet
3067 2953 3126 2999 ut
3164 2960 3262 3014 per
3299 2960 3416 2999 rem
3459 2945 3701 3000 visibilem
3731 2949 3771 2993 et

2235 3038 2573 3093 tractabilem
2611 3037 2678 3091 ad
2716 3036 3003 3092 invisibilis
3043 3046 3098 3091 et
3143 3036 3433 3093 iueﬁ‘abilis
3472 3038 3565 3092 Dei
3604 3034 3768 3091 cultum

2160 3095 2206 3159 C
2235 3129 2542 3194 accederet,
2572 3129 2693 3198 quis
2726 3127 2840 3196 ejus
2882 3129 2935 3183 in
2978 3129 3082 3183 hoc
3108 3127 3251 3183 facto
3292 3129 3539 3184 imitator
3566 3127 3766 3206 eﬁcctus.

2232 3231 2415 3291 spreta
2468 3220 2623 3276 solidi
2680 3221 2785 3274 cibi
2834 3220 3168 3285 fortitudine,
3226 3221 3294 3275 ad
3345 3221 3584 3275 infantia:
3626 3217 3766 3271 deum

2232 3310 2380 3365 cibos
2408 3311 2588 3380 cupiat
2616 3326 2735 3365 esse
2764 3311 3043 3365 redactus?
3083 3311 3139 3363 ln
3167 3310 3432 3365 miraculo
3478 3310 3634 3381 igitur
3652 3307 3765 3375 quod

2232 3400 2285 3455 in
2321 3401 2486 3456 herba
2521 3400 2598 3466 ﬁt,
2628 3402 2673 3457 si
2711 3409 2891 3454 tamen
2930 3393 3132 3454 factuni
3169 3398 3332 3454 fuisse
3366 3400 3631 3458 credatur.
3653 3409 3761 3464 qum.

2230 3501 2288 3546 ut
2330 3493 2418 3547 ille
2464 3491 2641 3547 fassus
2680 3500 2782 3556 est,
2834 3492 3045 3547 cunctis
3086 3491 3502 3561 :egritudinibus
3542 3488 3762 3546 medetur.

2230 3584 2643 3653 haudquaquam
2675 3585 2874 3653 poterit
2902 3583 3114 3638 illorum
3156 3583 3387 3638 assertio
3417 3575 3765 3651 quodammodo

2228 3674 2427 3739 fulciri,
2472 3675 2725 3744 quoniam
2753 3690 2856 3729 non
2889 3683 2949 3728 ut
2971 3674 3150 3729 herba:
3171 3680 3263 3727 aut
3301 3673 3560 3743 imagines
3577 3669 3764 3724 adoren-

2229 3772 2316 3818 tur
2346 3765 2399 3819 id
2440 3763 2638 3819 factum
2690 3763 2858 3819 fuisse
2900 3764 3233 3834 perhibetur,
3281 3764 3374 3818 sed
3421 3771 3483 3818 ut
3513 3757 3761 3816 inﬁdelium

2226 3863 2458 3919 mentes,
2499 3855 2694 3924 Spretis
2730 3855 3058 3908 vanitatibus
3092 3853 3376 3917 idolorum,
3405 3853 3477 3907 ad
3502 3864 3633 3904 verse
3662 3843 3760 3900 ﬁdni

2226 3945 2528 3998 rudimenta
2567 3952 3032 4007 converterentur,
3057 3944 3312 4012 quoniam
3339 3941 3628 3997 secundum
3650 3936 3763 4003 Apo-

2225 4034 2420 4089 stolum
2465 4034 2617 4103 signa
2661 4048 2767 4087 non
2793 4048 2891 4103 pro
2932 4032 3203 4096 ﬁdelibus,
3227 4032 3320 4087 sed
3364 4046 3467 4100 pro
3507 4023 3761 4083 inﬁdelibus

2224 4127 2347 4181 data
2378 4126 2543 4180 fuisse
2572 4126 2883 4179 creduntur.
2911 4124 3150 4178 Ecclesia
3178 4137 3409 4190 namque
3433 4117 3692 4176 catholica,
3715 4118 3760 4163 ιιι

2227 4216 2293 4272 ad
2335 4217 2491 4272 ﬁdem
2526 4225 2811 4278 cresceret,
2858 4215 3134 4270 miraculis
3162 4223 3279 4269 erat
3322 4210 3619 4271 nutrienda,
3639 4212 3683 4258 el
3715 4208 3759 4255 ιιι

2224 4310 2341 4379 ejus
2378 4310 2584 4365 novella
2622 4307 2881 4378 plantatio
2922 4307 3356 4369 convalesceret,
3414 4300 3635 4359 assiduis
3670 4298 3759 4348 erat

2227 4399 2655 4470 irrigatiouibus-
2677 4398 2922 4453 fovenda.

2230 4555 2420 4610 Inutile
2440 4555 2639 4626 dictum
2661 4554 2945 4626 Epiphanii
2977 4554 3189 4626 diaconi
3217 4543 3757 4626 νερτεὴεηάίῑανιίηξρ

2291 4626 2430 4696 quod
2454 4626 2570 4679 ait:
2592 4622 2901 4696 Multa'qum
2936 4626 2990 4678 in
3018 4624 3172 4678 nobis
3198 4622 3482 4677 sacrantur
3499 4622 3753 4696 gratique}!

2294 4682 2507 4750 sacrata
2533 4711 2640 4750 non
2674 4682 3002 4765 suscipiunt;
3048 4702 3097 4765 et
3124 4700 3241 4765 post
3266 4708 3436 4762 pauca
3459 4707 3478 4744 :
3499 4688 3598 4743 Nec
3621 4682 3753 4765 ῃιξιῇο

2294 4781 2442 4820 mum
2467 4766 2608 4837 sicut
2636 4750 2940 4837 veneranda
2985 4750 3040 4834 et
3064 4750 3395 4837 bonura'mur
3437 4769 3492 4837 et
3513 4750 3753 4837 ampliﬁcf-

2294 4850 2454 4889 mur:
2487 4834 2602 4904 ipse
2631 4835 2774 4890 enim
2818 4829 3031 4904 signum
3060 4829 3285 4886 vivificm
3317 4830 3496 4884 crucis
3532 4829 3634 4904 sint}
3657 4830 3751 4904 Off:

2293 4904 2440 4959 tione
2475 4894 2622 4958 fatur
2662 4920 2691 4958 a
2720 4894 2898 4965 nobis“,
2923 4903 3228 4956 veneranda
3254 4907 3357 4964 est,
3397 4907 3452 4952 et
3478 4894 3753 4965 suﬁiciemut‘

2295 4976 2507 5046 signum
2552 4963 2968 5046 ejusaccipere
3015 4963 3497 5046 sanctiﬁcatiOnem
3534 4963 3747 5046 per)“:

2297 5034 2439 5099 facta
2496 5060 2526 5097 a
2579 5033 2733 5097 nobis
2785 5033 2854 5097 ad
2900 5056 3023 5096 eum
3072 5040 3440 5112 adorationem
3477 5033 3749 5112 ειυῖιξξιΨ---ξξδ

2297 5113 2474 5168 fronte
2519 5113 2961 5177 sanctiﬁcatione,
2991 5118 3046 5164 et
3070 5126 3191 5177 quae
3228 5109 3281 5162 in
3310 5122 3434 5162 aere
3457 5101 3546 5175 per
3565 5101 3746 5177 digitum

2297 5126 2474 5168 tronte
2519 5126 2961 5177 sanctiﬁcatione,
2991 5126 3046 5164 ϐῐ
3108 5126 3191 5164 uae
3228 5126 3281 5162 In
3310 5126 3434 5162 aere
3457 5126 3546 5175 per
3565 5126 3745 5171 υιδιιυξι·

2297 5182 2499 5239 faetum
2540 5183 2751 5253 signum
2807 5180 3031 5250 eﬁ‘ugari
3069 5126 3343 5253 daemones
3387 5175 3745 5253 speratDUSL-‘i‘l;

2539 5224 2872 5322 Ei°'i}?{§giﬁe
2915 5224 3014 5319 θοι·
3061 5224 3253 5322 nomen
3300 5224 3745 5322 signiﬁcatiouigﬁ

2297 5324 2549 5397 primam
2566 5307 3044 5397 formafqhorioris
3067 5307 3382 5373 deducimus
3411 5326 3475 5397 et.
3493 5307 3747 5397 ossuhﬂ‘f

2297 5382 2418 5446 cam
2451 5401 2505 5446 et
2535 5391 2924 5446 honorabiliter
2959 5390 3285 5445 honorantes
3310 5385 3614 5454 accipiem0§
3643 5382 3742 5454 53B:

2298 5461 2701 5536 cliﬁeationem,
2736 5476 2862 5513 nam
2896 5468 3135 5536 et_saera
3160 5457 3369 5536 diversa
3392 5447 3745 5536 κ’ἐῇιὶῇῒξςρξῗ

2299 5533 2398 5585 has
2414 5517 2722 5586 osculamur
2748 5539 2802 5583 et
2830 5528 3220 5599 amplectimur,
3245 5534 3301 5581 et
3322 5517 3740 5580 sanctiﬁcatione“

2214 5624 2221 5625 ί
2297 5601 2587 5669 quamdam
2616 5612 2913 5669 speramus.

2301 5658 2361 5746 ἐξ
2382 5690 2588 5755 videris,
2618 5658 2787 5758 inquit
2809 5689 3106 5757 Scriptura,
3128 5688 3297 5743 virum
3316 5686 3523 5741 «locem
3549 5679 3594 5732 in
3613 5658 3735 5727 vcrb“
