4030 6196
337 294 472 351 1217

1117 300 1293 356 unm
1331 298 1673 361 CAROLINI.
1712 338 1780 347 —
1817 294 2169 371 caetrae
2205 316 2396 373 lMAG.
2438 348 2508 358 -
2549 318 2674 375 LIB.
2715 319 2802 377 tv.

3446 324 3584 383 1218

335 409 464 474 suis,
488 410 618 463 scito
643 406 767 480 quia
794 427 932 481 spem
960 412 1109 467 habet
1140 414 1387 484 insipiens
1410 418 1577 486 magis
1598 433 1755 487 quam
1783 420 1907 483 ille;
1940 431 1982 485 Α
2011 424 2244 481 cultibus
2271 430 2592 499 mancipatis
2627 432 2808 487 dicere
2836 432 3023 499 voluit,
3061 434 3114 489 in
3142 436 3245 491 hoc
3277 452 3392 507 ejus
3422 441 3585 498 dictio

334 506 389 550 et
407 499 461 551 in
479 497 806 569 multiloquio
826 510 1092 570 peccatum
1114 518 1216 556 non
1234 507 1416 558 deerit.
1443 506 1745 561 Secundum
1769 508 1911 564 hanc

335 602 466 658 ergo
489 604 659 643 sacra:
682 589 976 660 Scriptura:
1012 594 1334 649 sententiam
1362 597 1696 667 Epiphanius
1732 601 1915 656 diaco-

334 684 458 746 nus,
481 680 574 749 qui
607 682 661 735 in
687 680 872 736 eadem
895 684 1101 752 synodo
1123 686 1277 740 velox
1304 686 1358 739 in
1384 688 1565 743 verbis
1590 698 1645 743 et
1670 692 1913 745 munito-

335 773 464 841 quia
509 787 642 827 usus
681 770 847 826 fuisse
878 774 1213 842 perhibetur,
1251 784 1307 830 et
1342 792 1492 846 spem
1529 779 1730 835 habere
1774 782 1903 837 insi-

332 869 573 932 ptentem
610 862 784 931 magis
826 877 987 931 quam
1029 878 1089 917 se
1129 866 1385 931 ostendit,
1409 876 1464 921 et
1490 869 1545 923 in
1572 871 1912 941 multiloquio

334 960 515 1004 errata
569 966 797 1022 quaeque
840 955 1127 1009 contraxit.
1185 955 1320 1010 Nam
1366 958 1491 1013 dum
1542 962 1597 1015 in
1642 964 1911 1033 superiori

335 1041 571 1110 capitulo
606 1043 661 1096 in
699 1039 816 1110 ejus
851 1045 1009 1115 nugis
1049 1060 1080 1099 a
1114 1047 1271 1102 nobis
1301 1048 1685 1117 aliquantulum
1726 1054 1913 1123 dispu—

335 1137 504 1186 tatum
543 1132 636 1198 sit,
666 1133 721 1187 in
758 1133 862 1189 hoc
902 1135 1250 1192 nihilominus
1288 1140 1676 1209 aliquantulum
1721 1144 1907 1215 dispu-

338 1222 559 1278 tandum
589 1232 690 1278 est.

404 1332 771 1403 Disposuimus
798 1335 1008 1404 quidem
1039 1337 1093 1390 in
1129 1352 1313 1393 earum
1350 1341 1772 1411 professionibus
1804 1362 1908 1401 non

320 1423 519 1487 verba,
571 1424 665 1480 sed
708 1426 1004 1480 sententias
1053 1427 1352 1493 discutere,
1398 1447 1497 1485 nec
1549 1431 1909 1490 litteraturam

333 1512 429 1564 sed
468 1526 661 1566 sensus
703 1513 981 1579 ventilare,
1011 1516 1264 1584 quoniam
1308 1517 1623 1575 litteratum:
1663 1523 1908 1578 ordinem

334 1600 387 1654 in
419 1601 504 1655 his
533 1601 802 1655 inﬁnitum
832 1611 914 1657 est
937 1620 1197 1672 quaerere,
1232 1608 1427 1678 quippe
1452 1624 1577 1663 cum
1614 1610 1758 1664 nulla
1787 1628 1909 1667 sen-

338 1690 504 1743 tentia
554 1689 609 1743 in
650 1689 886 1758 ejusdem
929 1693 1176 1749 lectionis
1212 1697 1423 1765 prolixo
1468 1707 1615 1754 textu
1661 1716 1759 1769 per
1784 1716 1905 1756 eam

331 1780 501 1848 possit
544 1786 689 1835 stare
716 1821 731 1844 ,
787 1781 844 1835 in
895 1783 1033 1838 raris
1082 1793 1260 1840 autem
1310 1788 1597 1842 verborum
1639 1791 1908 1846 erratibus
1940 1768 1983 1827 Β

332 1878 387 1923 et
441 1871 759 1927 eruditionis
807 1872 932 1927 lima
994 1890 1095 1930 nec
1143 1875 1272 1931 dum
1329 1879 1511 1947 politis
1572 1880 1725 1937 facile
1770 1884 1911 1939 inter

329 1975 585 2014 sensuum
639 1971 818 2016 errata
868 1963 1191 2034 disputatur.
1271 1969 1370 2025 Ubi
1416 1986 1545 2043 ergo
1600 1974 1652 2028 in
1701 1974 1910 2044 prolixa

331 2050 579 2107 lectionis
628 2053 770 2107 serie
816 2068 915 2110 nec
957 2071 1208 2113 sensuum
1259 2073 1344 2116 est
1390 2065 1599 2133 puritas
1640 2081 1741 2121 nec
1791 2081 1910 2121 ver-

328 2141 522 2196 borum
580 2141 892 2213 integritas,
957 2144 1168 2202 difIicile
1208 2150 1274 2205 de
1311 2152 1536 2222 singulis
1584 2153 1903 2225 disputatur,

325 2232 582 2299 quoniam
610 2232 662 2285 in
688 2232 957 2289 inﬁnitum
986 2236 1362 2307 disputationis
1388 2245 1519 2298 ordo
1544 2246 1903 2313 protenditur.

327 2318 386 2372 Si
416 2319 560 2374 enim
589 2322 654 2376 de
693 2323 924 2393 singulis
970 2328 1259 2382 verborum
1298 2332 1569 2387 erratibus
1603 2334 1908 2403 disputetur

326 2409 456 2465 dum
482 2412 679 2468 debent
722 2430 925 2470 arcana
968 2417 1178 2485 rimari,
1207 2429 1262 2475 et
1287 2436 1349 2476 ea
1394 2438 1514 2492 qua:
1551 2423 1618 2478 ad
1646 2425 1903 2482 ecclesia-

327 2504 494 2560 sticas
540 2522 626 2562 res
682 2510 955 2578 pertinent
1022 2513 1208 2568 solerti
1261 2516 1602 2587 indagatione
1649 2521 1898 2586 scrutari,

323 2598 690 2664 grammaticae
715 2601 850 2656 artis
879 2603 1203 2672 multiplices
1231 2607 1448 2676 regulaa,
1477 2624 1596 2678 qum
1625 2612 1677 2663 in
1704 2611 1902 2668 scholis

322 2684 626 2755 discuntur,
660 2690 800 2745 tradi
842 2692 1183 2749 videbuntur.
1219 2695 1327 2752 Sed
1363 2699 1488 2752 dum
1522 2701 1574 2754 in
1611 2701 1713 2756 hoc
1737 2717 1902 2772 opere

322 2777 492 2831 nostri
537 2777 751 2834 itineris
792 2796 1010 2850 gressus
1062 2784 1351 2855 plurimum
1401 2789 1741 2858 impediatur,
1786 2793 1901 2847 sive

320 2866 447 2935 quia
502 2883 688 2924 eorum
764 2876 1030 2929 sermonis
1094 2877 1404 2934 diﬁicultate
1457 2881 1712 2937 nonnulla
1770 2884 1901 2954 quid

318 2956 623 3025 signiﬁcare
657 2961 817 3016 velint
840 2962 1051 3020 diﬁicile
1096 2966 1578 3036 deprehendantur,
1617 2973 1728 3027 sive
1772 2975 1897 3043 quia

316 3059 505 3100 eorum
580 3051 976 3109 enuntiationes
1046 3056 1394 3114 harbarismis
1455 3076 1518 3116 ac
1578 3062 1896 3120 soloecismis

315 3137 633 3208 caaterisque
681 3140 825 3195 vitiis
896 3142 1120 3199 infectas
1172 3148 1373 3202 nostris
1442 3149 1894 3218 disputationibus

316 3226 513 3291 coacti,
544 3228 671 3297 quia
701 3244 787 3284 res
817 3231 1003 3302 exigit,
1041 3233 1431 3303 interserimus,
1465 3238 1577 3294 sive
1602 3242 1727 3310 quia
1771 3258 1893 3296 cum

314 3315 461 3369 inter
501 3329 756 3389 corrupta
809 3336 996 3376 eorum
1048 3326 1208 3380 verba
1261 3329 1498 3398 corrupti
1549 3331 1895 3389 nihilominus

313 3420 509 3461 sensus
538 3408 676 3474 sint,
712 3418 767 3464 et
796 3426 895 3466 nos
925 3414 1210 3469 verborum
1257 3419 1697 3485 reprehensiones
1728 3423 1893 3492 proli-

313 3495 501 3549 xitatis
526 3511 687 3554 causa
710 3501 1040 3568 amittentes,
1066 3520 1317 3559 sensuum
1337 3508 1673 3565 solummodo
1696 3513 1890 3566 seriem

314 3584 649 3640 inculcemus
678 3596 734 3642 et
758 3588 1026 3646 laboriose
1055 3593 1128 3658 id,
1160 3594 1355 3665 quippe
1392 3612 1514 3651 cum
1554 3615 1719 3652 unum
1758 3616 1892 3670 pen-

312 3676 438 3729 deat
474 3690 542 3729 ex
580 3677 774 3745 altera,
806 3680 1145 3753 alterumque
1189 3687 1259 3740 sit
1301 3688 1563 3743 insertum
1602 3690 1655 3743 in
1696 3691 1887 3759 altero,

312 3764 592 3831 faciamus,
617 3778 786 3824 restat
812 3784 891 3837 ut,
915 3784 1182 3830 annuente
1209 3776 1456 3846 Domino,
1478 3784 1773 3853 postposita
1806 3801 1893 3839 re-

310 3856 665 3925 prehensione
699 3876 819 3931 quae
858 3866 1140 3921 verborum
1177 3869 1324 3924 vitiis
1359 3874 1585 3939 accidit,
1631 3891 1888 3931 sensuum

310 3952 520 3999 tantum
563 3948 898 4029 inordinatqs
937 3956 1457 4026 conglomerationes
1501 3965 1756 4033 spiritalis
1783 3982 1886 4037 pu-

304 4036 397 4104 gni
445 4036 672 4094 illisione
715 4054 1052 4112 quassantes,
1086 4060 1319 4118 coeptum
1372 4053 1553 4108 iteret
1597 4036 1797 4127 magna
1818 4073 1885 4114 ex

306 4132 461 4193 parte
494 4136 768 4195 peractum
810 4147 1116 4203 pergamus.
1159 4137 1249 4192 Ait
1291 4141 1432 4195 enim
1466 4144 1723 4212 prtefatns
1760 4148 1886 4217 Epi-

303 4216 537 4283 phanius
568 4219 844 4288 diaconus,
882 4225 1033 4293 cujus
1063 4232 1383 4286 sententiam
1412 4235 1681 4294 discutere
1707 4256 1885 4310 cmpe-

306 4321 529 4361 ramus:
563 4308 735 4364 Multa
755 4330 872 4383 quae
908 4316 962 4369 in
989 4309 1137 4373 nobis
1168 4334 1447 4378 sacrantur
1480 4329 1767 4384 orationem
1795 4350 1885 4386 sa-

2012 514 2263 573 frustrari
2304 529 2502 589 potest,
2526 523 2778 591 quoniam
2816 539 2952 594 pene
2980 526 3116 580 nihil
3138 536 3222 581 est
3251 529 3305 582 in
3347 530 3429 584 bis
3462 546 3583 603 quae

2013 610 2469 676 enumeravimus,
2511 613 2656 681 quod
2683 628 2788 668 non
2815 628 2914 686 per
2941 618 3281 673 sacerdotum
3310 624 3586 678 orationes

2013 702 2068 748 et
2112 701 2545 756 consecrationes
2612 712 2979 769 consecretur,
3027 707 3120 760 sed
3168 715 3223 762 et
3269 712 3589 769 exorcismis

2011 794 2066 840 et
2092 788 2220 843 salis
2255 798 2308 843 et
2350 806 2503 861 aqua:
2545 795 2856 862 aspersione
2902 797 2980 849 uti
3021 800 3583 868 consuevitEcclesia,

2011 891 2239 944 quorum
2296 896 2536 935 omnium
2600 886 3037 944 consecrationes
3076 889 3161 942 vel
3219 891 3588 948 institutiones

2011 965 2079 1019 ab
2113 966 2243 1033 ipsis
2285 968 2543 1025 Ecclesia:
2589 972 2910 1027 rudimentis
2940 976 3004 1028 ab
3044 976 3406 1033 Ecclesiarum
3447 997 3585 1051 prte—

2010 1057 2216 1113 sulibus
2246 1062 2454 1116 tradita:
2494 1062 2660 1119 fuisse
2691 1074 3004 1132 noscuntur,
3032 1078 3087 1124 et
3125 1071 3179 1125 in
3220 1072 3376 1129 libris
3398 1090 3583 1130 sacer-

2009 1144 2278 1205 dotalibus
2306 1161 2540 1207 exaratae
2569 1155 2856 1211 habentur.
2884 1157 3017 1213 Cum
3050 1177 3179 1232 ergo
3217 1164 3269 1218 id
3299 1164 3439 1220 idem
3468 1167 3582 1221 dia-

2008 1250 2177 1293 conus
2196 1239 2317 1295 ideo
2334 1241 2575 1297 intulerit
2598 1253 2654 1299 ut
2672 1245 2951 1317 imagines,
2968 1266 3194 1318 quarum
3216 1254 3581 1313 adorationem

2009 1328 2085 1383 illi
2123 1346 2346 1400 prorsus
2408 1338 2668 1393 rohorare
2730 1348 2975 1405 aestuant,
3017 1351 3082 1398 de
3119 1361 3346 1415 quarum
3389 1351 3574 1421 utique

2008 1423 2412 1477 consecratione
2443 1425 2588 1479 nulla
2627 1434 2711 1482 est
2734 1428 3098 1486 ecclesiastica
3128 1433 3414 1503 institutio,
3440 1440 3582 1494 vasis

2008 1509 2091 1563 vel
2123 1512 2333 1567 cmteris
2372 1516 2531 1569 rebus
2574 1516 2770 1572 divinis
2806 1519 3039 1576 cultibus
3073 1525 3393 1594 mancipatis
3430 1544 3580 1583 asso-

2008 1601 2195 1668 ciaret,
2241 1605 2341 1659 hoc
2399 1606 2739 1662 introducere
2785 1610 3028 1674 moliens,
3060 1620 3119 1665 ut
3156 1614 3295 1668 sicut
3319 1616 3434 1671 haec
3460 1618 3579 1674 sine

2009 1695 2344 1749 oralionibus
2367 1708 2699 1763 consecrata,
2732 1700 2803 1754 ita
2841 1701 2960 1756 illas
2989 1717 3202 1773 quoque
3227 1707 3343 1761 sine
3375 1708 3582 1763 oratio-

2011 1786 2168 1840 nibus
2207 1798 2551 1845 consecratas
2578 1806 2699 1846 esse
2733 1794 3067 1861 perdoceret,
3111 1796 3163 1850 in
3199 1812 3264 1851 eo
3291 1798 3407 1865 ejus
3432 1800 3582 1855 moli-

2010 1889 2133 1927 men
2161 1879 2362 1931 cassari
2401 1886 2598 1947 potest,
2630 1882 2772 1950 quod
2824 1882 3050 1936 istorum
3099 1889 3581 1942 consecrandorum

2009 1964 2064 2018 in
2098 1965 2248 2020 libris
2282 1968 2707 2025 sacerdotalibus
2744 1972 2942 2040 scripta
2984 1973 3232 2039 habetur,
3274 1985 3328 2028 et
3356 1991 3453 2044 per
3493 1992 3582 2032 sa-

2009 2057 2252 2111 cerdotes
2292 2059 2605 2115 solemniter
2637 2062 2947 2117 celebratur
2990 2066 3166 2133 prisca
3203 2067 3437 2130 traditio,
3468 2067 3582 2121 illa-

2009 2162 2125 2201 rum
2158 2163 2285 2204 vero
2316 2166 2489 2220 neque
2529 2157 3035 2222 consecrandarum,
3073 2172 3246 2226 neque
3283 2160 3580 2216 adoranda-

2007 2252 2124 2290 rum
2156 2237 2262 2291 ulla
2292 2240 2498 2308 uspiam
2542 2242 2595 2295 in
2627 2244 2711 2298 his
2737 2260 2857 2312 qua:
2884 2246 2952 2300 ab
2981 2247 3217 2301 Ecclesia
3249 2251 3580 2319 recipiuntur

2004 2325 2235 2381 habetur
2272 2328 2560 2386 institutio.
2608 2333 2666 2386 In
2693 2349 2759 2388 eo
2783 2349 2912 2389 vero
2947 2337 3091 2405 quod
3127 2337 3201 2390 ait
3229 2355 3242 2390 :
3272 2338 3385 2392 Nec
3417 2339 3581 2410 pluri-

2002 2430 2145 2468 mum
2179 2416 2311 2470 sicut
2350 2421 2643 2474 veneranda
2671 2431 2717 2475 et
2738 2422 3061 2477 honoramur
3087 2434 3136 2479 et
3162 2427 3578 2497 ampliﬁcamur:

2001 2505 2109 2576 ipse
2136 2509 2271 2561 enim
2299 2510 2504 2579 signum
2552 2512 2767 2580 uiuiﬁcae
2808 2514 2977 2569 crucis
3009 2517 3120 2570 sine
3150 2519 3385 2573 oratione
3427 2537 3580 2575 sacra

2003 2595 2148 2664 fatur
2177 2615 2210 2651 a
2251 2599 2398 2653 nobis
2427 2601 2720 2656 veneranda
2766 2612 2861 2670 est,
2909 2605 2961 2660 id
3004 2620 3125 2659 eum
3170 2615 3299 2677 puto
3348 2609 3580 2666 voluisse

2002 2686 2199 2751 dicere,
2246 2689 2390 2756 quod
2428 2691 2637 2754 signum
2685 2695 3003 2750 venerandze
3051 2698 3247 2764 crucis,
3292 2700 3434 2768 quod
3480 2716 3579 2757 nos

2000 2774 2296 2832 honoriﬁce
2315 2780 2470 2835 nobis
2496 2782 2730 2837 indimus
2755 2786 2958 2854 absque
2982 2786 3212 2854 quadam
3237 2789 3573 2845 sawrdotum

1999 2865 2243 2920 oratione
2282 2868 2366 2921 vel
2412 2872 2838 2937 consecratione,
2875 2881 2960 2927 est
2993 2882 3048 2928 et
3081 2885 3259 2929 tamen
3307 2887 3579 2934 sacratum

1999 2953 2230 3010 habetur
2257 2976 2270 3010 :
2304 2957 2357 3011 in
2384 2973 2490 3027 quo
2516 2961 2772 3016 nimirum
2809 2963 2967 3027 dicto,
3003 2965 3143 3020 sicut
3168 2974 3224 3020 et
3260 2967 3315 3021 in
3344 2971 3575 3037 cmteris,

1998 3059 2105 3099 non
2152 3047 2478 3102 mediocrem
2521 3066 2673 3104 suam
2721 3053 3056 3108 demonstrat
3101 3055 3386 3123 insaniam,
3435 3059 3578 3128 quod

2000 3135 2211 3205 signum
2261 3140 2439 3194 crucis
2492 3158 2600 3195 non
2657 3143 2816 3198 aliam
2864 3145 3058 3215 quaerit
3115 3149 3579 3206 consecrationem

1994 3241 2155 3295 quam
2195 3243 2314 3284 eam
2344 3246 2464 3299 qua:
2503 3249 2601 3303 per
2622 3234 2718 3289 Dei
2763 3244 2817 3289 et
2849 3236 3129 3293 hominum
3173 3238 3315 3297 facta
3346 3250 3430 3297 est
3464 3257 3579 3298 me-

1993 3317 2279 3373 diatorem.
2314 3321 2467 3387 Quod
2499 3338 2628 3379 vero
2676 3324 2995 3393 subiunxit:
3035 3327 3107 3382 Et
3152 3331 3466 3401 stt/ﬁcienmr
3504 3334 3578 3386 si-

1992 3425 2152 3478 gnum
2201 3411 2317 3478 ejus
2372 3414 2607 3483 accipere
2643 3417 3111 3485 sanctiﬁcationem
3157 3436 3251 3490 per
3280 3438 3398 3492 qua:
3433 3423 3576 3493 facta

1993 3518 2025 3553 a
2051 3500 2197 3554 nobis
2230 3502 2300 3554 ad
2320 3519 2439 3555 cum
2462 3504 2823 3560 adorationem
2853 3509 3066 3578 quidam
3099 3511 3154 3564 in
3184 3511 3354 3580 fronte
3377 3517 3576 3569 sancti-

1991 3587 2255 3654 ﬁcatione,
2292 3599 2342 3642 et
2363 3607 2480 3660 qua:
2517 3593 2570 3645 in
2609 3610 2728 3646 aere
2752 3612 2847 3664 per
2876 3596 3096 3667 digitum
3132 3598 3328 3667 factum
3365 3601 3571 3672 signum

1990 3678 2213 3748 e/fugari
2257 3680 2519 3736 dwmones
2564 3701 2853 3753 speramus,
2903 3690 2969 3744 ad
3015 3690 3068 3745 id
3117 3693 3259 3760 quod
3322 3696 3570 3763 superius

1990 3767 2200 3822 illatum
2243 3776 2325 3823 est
2352 3772 2608 3838 pertinet.
2657 3773 2847 3830 Crucis
2889 3778 3052 3848 igitur
3074 3780 3285 3849 signum
3315 3799 3569 3854 magnum

1990 3855 2043 3909 in
2087 3872 2146 3910 se
2189 3857 2387 3913 habere
2438 3865 2774 3932 mysterium,
2805 3866 2960 3935 eique
3004 3868 3266 3937 imagines
3304 3888 3411 3927 non
3448 3890 3569 3931 esse

1988 3945 2398 4014 mquiparandas
2458 3951 2799 4009 evidentibus
2834 3966 2916 4010 est
2956 3957 3167 4014 indiciis
3200 3963 3566 4035 manifestum,

1987 4044 2041 4090 et
2087 4037 2143 4090 in
2183 4039 2554 4105 superioribus
2620 4042 2780 4111 hujus
2840 4047 3024 4117 operis
3071 4051 3356 4118 partibus,
3409 4067 3570 4125 prout

1987 4127 2249 4182 Dominus
2288 4130 2489 4185 donare
2530 4133 2781 4202 dignatus
2809 4145 2911 4200 est,
2949 4139 3395 4197 demonstratum.
3433 4145 3568 4201 Nam

1989 4220 2115 4274 dum
2157 4221 2438 4293 imagines,
2469 4232 2529 4278 ut
2571 4227 2822 4294 superius
2852 4228 3104 4296 diximus,
3138 4233 3280 4287 nulla
3323 4237 3570 4292 oratione

1986 4315 2071 4367 vel
2122 4329 2313 4369 manus
2359 4315 2705 4385 impositione
2759 4331 3060 4387 sacrentur,
3127 4327 3305 4381 crucis
3351 4329 3564 4398 signum

301 4405 453 4448 erata
483 4412 588 4451 non
621 4402 934 4472 suscipiunt.
972 4405 1124 4472 Quod
1150 4411 1368 4479 quidem
1399 4430 1521 4469 cum
1562 4417 1656 4482 ita,
1697 4428 1754 4473 ut
1798 4421 1878 4475 di-

1995 4404 2291 4475 uhicunque
2354 4407 2619 4476 ingeritur
2679 4410 2847 4465 divini
2920 4415 3156 4471 nominis
3223 4417 3564 4475 invocatione

299 4490 464 4555 citur,
526 4490 733 4547 nullum
785 4495 1004 4565 plenum
1057 4516 1273 4557 sensum
1331 4505 1544 4574 habeat,
1602 4511 1707 4565 hoc
1759 4528 1883 4568 eum

298 4578 618 4648 conﬁcimus
638 4584 873 4639 voluisse
896 4587 1200 4657 signiﬁcare
1228 4600 1287 4647 ut
1310 4594 1544 4651 diceret:
1573 4599 1734 4654 Multa
1756 4611 1883 4657 sunt

300 4670 355 4722 in
384 4672 545 4727 nobis
579 4683 791 4729 sacrata
832 4692 952 4746 qua:
993 4695 1090 4748 per
1124 4685 1421 4741 sacerdotis
1459 4691 1756 4747 orationem
1796 4695 1879 4749 vel

298 4777 492 4817 manus
530 4763 931 4835 impositionem
961 4772 1179 4826 minime
1202 4786 1505 4831 sacrautur.
1544 4778 1696 4847 Quod
1728 4784 1772 4837 si
1803 4785 1877 4839 ita

297 4862 404 4915 est,
433 4853 665 4922 qualiter
689 4871 877 4912 verum
904 4875 1023 4916 esse
1050 4864 1219 4931 possit
1268 4881 1372 4920 non
1406 4870 1541 4924 satis
1584 4871 1871 4931 elucescit:

296 4944 551 5010 quoniam
580 4960 912 5018 quaacunque
956 4951 1010 5006 in
1036 4954 1276 5010 Ecclesia
1303 4968 1603 5024 sacrantur,
1646 4964 1759 5018 sive
1789 4981 1878 5021 ec-

293 5032 582 5090 clesiastici
640 5039 859 5095 ordines
884 5082 900 5106 ,
957 5043 1071 5097 sive
1114 5048 1501 5104 sacrandorum
1552 5054 1874 5123 templorum

293 5125 396 5179 ded
419 5127 681 5194 cationes,
712 5131 828 5187 sive
861 5145 1071 5192 caetera:
1115 5137 1486 5207 hujuscemodi
1536 5147 1874 5206 constitutio-

293 5230 408 5279 nes,
438 5231 537 5285 per
567 5221 929 5280 sacerdotales
952 5226 1319 5287 ecclesiastico
1340 5248 1491 5290 more
1509 5240 1874 5295 consecratio-

292 5319 389 5359 nes
415 5304 571 5373 ﬁunt,
598 5309 795 5382 quippe
824 5329 945 5368 cum
987 5318 1055 5373 ad
1091 5320 1259 5388 ipsam
1282 5322 1602 5380 Christiana:
1622 5327 1743 5383 ﬁdei
1772 5346 1870 5386 no-

291 5396 554 5453 hilitatem
581 5415 680 5470 per
703 5418 865 5473 quam
897 5407 964 5462 ad
991 5418 1216 5465 caeteros
1242 5413 1439 5482 gradus
1478 5419 1770 5480 acceditur.
1814 5422 1868 5476 in

290 5485 424 5555 ipsis
468 5487 709 5547 infantia:
764 5496 1086 5554 rudimentis
1140 5516 1239 5572 per
1282 5506 1622 5563 sacerdotum
1677 5526 1869 5567 manus

289 5576 661 5648 impositiones
686 5595 741 5640 et
766 5587 833 5641 ad
858 5588 1027 5645 Deum
1053 5592 1329 5651 orationes
1355 5599 1620 5655 veniatur.
1655 5600 1712 5657 Si
1739 5619 1868 5660 vero

289 5669 355 5725 de
385 5672 518 5728 locis
543 5676 658 5730 sive
689 5679 830 5734 vasis
853 5681 937 5737 vel
962 5682 1287 5748 quibuslibet
1323 5692 1642 5749 utensilibus
1669 5696 1864 5755 divinis

1988 4492 2234 4560 infertur,
2270 4503 2325 4550 et
2357 4496 2483 4550 dum
2515 4498 2598 4552 ha:
2630 4503 3093 4558 consecrationem
3148 4508 3434 4575 quamdam
3465 4525 3566 4565 nec

1986 4585 2221 4640 habeant
2247 4603 2348 4643 nec
2395 4590 2594 4646 habere
2624 4602 2825 4660 queant
2861 4610 2962 4649 nec
3003 4596 3253 4665 debeant,
3282 4599 3412 4655 illud
3437 4616 3565 4657 vero

1982 4677 2118 4731 adeo
2147 4686 2230 4730 est
2272 4694 2301 4730 a
2332 4681 2672 4749 redemptore
2708 4684 2889 4739 mundi
2933 4694 3224 4754 sacratum,
3254 4697 3314 4742 ut
3344 4704 3449 4744 non
3476 4705 3567 4745 so-

1981 4764 2091 4820 lum
2138 4766 2438 4836 cujuspiam
2485 4774 2892 4830 consecratione
2936 4776 3206 4847 indigeat,
3256 4782 3350 4835 sed
3392 4781 3560 4836 divini

1977 4860 2214 4913 nominis
2247 4860 2587 4918 invocatione
2624 4865 2830 4920 illatum
2866 4868 3239 4942 aliaqumque
3277 4884 3562 4927 consecret

1977 4955 2031 5001 et
2054 4949 2357 5004 benedicat.
2398 4951 2568 5007 Porro
2591 4957 2733 5022 quod
2760 4958 2836 5010 ait
2866 4975 2878 5009 :
2912 4958 3171 5013 Similiter
3198 4972 3246 5015 et
3280 4964 3566 5032 imaginem

1974 5054 2067 5108 per
2094 5056 2280 5094 nomen
2316 5043 2719 5112 signiﬁcationis
2746 5048 2816 5100 ad
2836 5036 3059 5118 primam
3096 5057 3319 5111 Iormam
3342 5055 3565 5112 honoris

1975 5127 2306 5193 deducimus,
2349 5140 2395 5186 et
2435 5134 2729 5190 osculantes
2763 5154 2877 5191 eam
2908 5150 2956 5193 et
2989 5142 3366 5198 honorabiliter
3395 5146 3563 5201 Itono-

1974 5232 2149 5277 rantes
2196 5225 2508 5295 accipiemus
2556 5228 3042 5297 sancti/icationem,
3068 5246 3228 5299 quam
3265 5233 3336 5288 sit
3359 5236 3555 5292 absur-

1973 5312 2100 5366 dum
2149 5329 2417 5385 quamque
2478 5334 2509 5372 a
2559 5320 2770 5375 ratione
2828 5322 3061 5378 alienum
3118 5325 3321 5395 liquido
3382 5338 3553 5399 patet.

1973 5403 2118 5458 Dixit
2146 5405 2312 5471 enim,
2346 5407 2633 5493 imaginem
2668 5426 2767 5480 per
2803 5427 2996 5467 nomen
3043 5414 3454 5485 signiﬁcationis
3484 5422 3552 5477 ad

1971 5496 2159 5565 prima:
2193 5495 2382 5554 forma:
2420 5500 2703 5568 honorem,
2748 5504 2800 5558 id
2838 5511 2940 5571 est,
2986 5505 3056 5560 ad
3094 5508 3291 5575 sancti,
3318 5510 3369 5564 in
3399 5509 3555 5580 cujus

1970 5585 2189 5639 nomine
2228 5588 2607 5656 praetitulatur,
2659 5594 3059 5650 venerationem
3121 5612 3280 5668 posse
3323 5601 3547 5657 deduci:

1968 5678 2111 5745 quod
2141 5678 2253 5733 ﬁeri
2289 5694 2446 5749 posse
2472 5683 2672 5738 nullius
2710 5685 2934 5741 rationis
2965 5688 3179 5746 indiciis
3212 5693 3292 5746 cvi
3308 5694 3550 5751 ﬂentibus
