4028 6180
589 252 736 355 ςξιό

1437 295 1496 350 Β.
1536 293 1787 352 CAROLI
1831 294 2045 351 MAGNI
2082 294 2239 351 OPP.
2274 294 2452 350 PARS
2476 294 2538 353 ll.
2584 296 2824 352 SECTIO
2856 298 2915 352 ll.

3667 305 3767 358 iii“

587 421 763 485 potest
783 410 1091 482 approbari.
1136 409 1193 465 Si
1212 408 1451 464 nominis
1480 411 1850 466 tantummodo
1870 409 2153 478 inscriptio
2184 414 2229 474 Α
2256 424 2379 462 mur
2402 424 2521 463 eam
2543 417 2595 464 et
2618 409 3007 463 honorabiliter
3030 409 3335 474 adoramus.
3355 411 3768 471 sanctiﬁcationeui

585 519 682 559 eas
721 501 789 555 ad
831 499 1143 555 eorumdem
1182 507 1493 553 sanctorum
1541 513 1774 567 quorum
1815 498 2032 553 nomina
2074 513 2165 552 su—

583 593 1019 664 perseribuntur,
1054 590 1311 645 honorem
1337 589 1577 654 deducit,
1617 604 1747 658 ergo
1772 588 2027 658 quaelibet
2054 603 2163 652 res.

584 681 675 736 cui
705 679 876 735 sancti
916 678 1192 747 cujusdam
1234 692 1429 735 nomen
1471 676 1905 743 superscribitur,
1933 676 2000 729 ad
2025 674 2166 741 ejus-

586 772 709 825 dem
741 770 910 825 sancti
936 769 1194 823 honorem
1222 767 1556 822 oonscendit.
1579 767 1722 837 Ergo
1743 765 1968 835 lapides,
1999 765 2161 834 ligna,

588 871 784 927 vestes,
816 861 929 917 sive
974 858 1226 913 animalia
1264 858 1508 926 quaedam
1544 858 1902 926 quorumdam
1951 864 2166 909 sancto-

583 966 708 1004 rum
742 949 1047 1005 nominibus
1090 946 1475 1016 superscripta,
1519 946 1586 999 ad
1608 944 1919 998 eorumdem
1952 954 2166 999 sancto-

580 1057 712 1096 rum
760 1043 1017 1096 honorem
1069 1045 1369 1101 transeunt,
1422 1051 1653 1105 quorum
1692 1043 1816 1089 sunt
1859 1034 2166 1089 nominibus

584 1139 913 1201 pramotata;
946 1136 1001 1183 et
1030 1128 1075 1183 si
1110 1128 1327 1183 nomina
1356 1128 1716 1195 superscripta
1745 1126 1859 1179 haec
1888 1140 2009 1194 quin
2033 1141 2165 1178 enu-

589 1222 913 1278 meravimus
938 1219 1005 1275 ad
1033 1233 1218 1273 eorum
1247 1231 1479 1285 quorum
1504 1216 1719 1269 nomina
1751 1222 1875 1268 sunt
1902 1214 2164 1267 honorem

584 1312 880 1381 perducere
921 1308 1141 1363 minime
1180 1313 1402 1375 queunt,
1434 1318 1534 1359 nec
1572 1305 1694 1359 illas
1726 1319 1943 1373 quoque
1992 1303 2166 1356 nomi-

588 1417 715 1457 num
768 1399 1148 1469 inseriptioncs
1176 1398 1243 1451 ad
1269 1406 1580 1452 sanctorum
1617 1398 1876 1451 honorem
1905 1397 2166 1465 quodam-

586 1490 746 1543 modo
766 1490 1087 1557 perducunt,
1110 1495 1165 1540 et
1187 1487 1231 1540 si
1268 1486 1411 1540 istud
1436 1486 1685 1555 prudenti
1725 1486 2165 1540 consideratione

591 1578 870 1639 abnuitur,
899 1584 954 1629 et
983 1575 1112 1629 illud
1137 1574 1320 1628 solerti
1346 1575 1671 1644 indigatione
1715 1574 1983 1641 abjicitur.
2025 1572 2167 1629 Olfe-

588 1676 779 1723 runtur
818 1666 1037 1720 cuilibet
1066 1678 1250 1719 eorum
1285 1663 1378 1733 qui
1416 1663 1677 1732 imagines
1717 1663 1961 1726 adorant,
2015 1662 2164 1717 verbi

2262 500 2332 554 ab
2357 514 2420 554 ea
2448 501 2694 568 accipere
2728 500 3026 569 cupientes,
3058 516 3221 569 quam
3263 518 3362 557 nec
3397 502 3485 558 illa
3513 504 3672 569 habet,
3699 523 3769 563 nec

2256 590 2420 643 nobis
2462 590 2738 658 impertire
2765 591 2925 644 valet.
2956 591 3171 658 Quanto
3196 607 3328 662 ergo
3363 604 3532 662 potest
3571 613 3690 654 caro
3712 598 3769 653 lu-

2257 693 2386 732 men
2425 680 2670 746 reddere,
2720 697 2843 736 cum
2889 684 3004 751 ipsa
3039 697 3148 737 non
3196 684 3405 750 videat;
3446 686 3614 741 odoris
3648 702 3770 746 sensu

2263 774 2471 828 carenti
2518 774 2772 842 odorem,
2823 792 2945 831 cum
3003 778 3117 846 ipsa
3161 780 3347 834 eodem
3401 796 3553 837 sensu
3605 797 3759 843 careat;

2254 863 2427 917 surdo
2457 864 2732 928 auditum,
2776 881 2899 921 cum
2935 882 3042 922 non
3085 870 3297 935 audiat;
3346 880 3492 928 muto
3532 873 3766 942 eloquium,

2258 965 2384 1004 cum
2414 951 2528 1020 ipsa
2554 969 2659 1008 non
2687 954 2966 1024 loquatur;
3000 957 3161 1013 debili
3188 961 3436 1015 manibus
3458 972 3657 1027 laet-um,
3678 982 3766 1020 eun

2254 1039 2377 1108 ipsa
2418 1041 2549 1096 nihil
2589 1044 2816 1113 palpare
2856 1056 3047 1115 queat;
3088 1049 3281 1106 claude
3302 1068 3559 1121 gressum,
3584 1069 3679 1123 quo
3704 1056 3768 1111 illa

2256 1131 2477 1197 penitus
2514 1143 2694 1200 caret;
2744 1146 2957 1192 mortuo
2985 1139 3171 1203 vitam,
3208 1157 3331 1195 cum
3371 1143 3484 1212 ipsa
3524 1160 3614 1199 non
3643 1148 3767 1203 vim:

2266 1229 2414 1275 tanto
2458 1223 2807 1279 nihilominus
2861 1227 3017 1282 nobis
3067 1231 3538 1286 sanctiﬁcationem
3584 1235 3769 1303 ingerere

2266 1312 2424 1377 valet,
2442 1328 2544 1381 qua
2571 1315 2682 1383 ipsa
2709 1317 2924 1385 penitus
2947 1330 3115 1374 caret.
3132 1322 3186 1375 ln
3215 1338 3380 1391 parvo
3404 1339 3525 1379 vero
3544 1339 3767 1391 commate,

2263 1402 2404 1469 quod
2449 1416 2711 1473 superest,
2752 1424 2858 1462 non
2887 1418 2969 1464 est
3013 1412 3213 1467 diutius
3258 1413 3645 1482 immorandum,
3675 1435 3770 1489 quo-

2262 1491 2410 1545 niam
2453 1508 2588 1562 pene
2628 1504 2799 1551 totum
2845 1498 2897 1551 in
2942 1502 3313 1568 superioribus
3364 1508 3684 1562 commatibus
3702 1525 3769 1577 per

2262 1592 2446 1651 partes
2484 1584 2696 1639 videtur
2742 1603 2862 1642 esse
2913 1605 3237 1646 connexum.
3285 1595 3377 1649 Ait
3405 1598 3540 1651 enim
3566 1615 3578 1650 :
3609 1597 3767 1652 Numa

2265 1687 2418 1726 sacra
2450 1672 2653 1728 diversa
2679 1693 2801 1731 vasa
2828 1678 3075 1735 habentes
3096 1682 3192 1737 Im:
3217 1684 3515 1740 osculantur
3549 1696 3591 1741 et
3626 1688 3765 1758 ample-

589 1758 781 1829 gratia,
797 1756 1024 1811 duarum
1061 1754 1382 1808 feminarum
1404 1754 1747 1823 pulchrarum
1778 1754 2039 1822 imagines
2073 1769 2163 1807 su-
2191 1744 2240 1804 Β
2269 1764 2457 1817 clima,»
2497 1775 2547 1819 ει
2577 1769 3042 1836 sanctiﬁcatione",
3081 1775 3363 1842 quamdam
3402 1794 3659 1846 spcmmu
3688 1744 3767 1832 ξςοη

586 1849 976 1920 perscriptione
999 1853 1265 1909 carentes,
1281 1860 1416 1915 quas
1435 1845 1522 1899 ille
1546 1846 1937 1915 parvipendens
1959 1844 2161 1914 abjicit,

586 1943 928 2009 abjcctasque
958 1938 1197 2008 quolibet
1239 1928 1305 1991 in
1343 1937 1464 1991 loco
1486 1934 1669 2003 jacere
1705 1936 1992 2003 permittit,
2036 1935 2166 1990 dicit

589 2031 665 2085 illi
702 2031 869 2099 quis:
927 2028 1044 2084 Una
1094 2027 1310 2081 illarum
1362 2033 1562 2081 sancta:
1606 2024 1786 2080 Maria:
1833 2026 2010 2095 imago
2058 2033 2161 2089 est,

590 2120 751 2189 abjici
799 2134 905 2174 non
931 2118 1122 2183 debet;
1171 2116 1342 2171 altera
1369 2116 1606 2178 Veneris,
1636 2130 1754 2184 qua:
1777 2116 1997 2170 omnino
2025 2114 2162 2184 abji-

587 2211 773 2265 cienda
801 2218 903 2273 est,
942 2209 1105 2263 vertit
1146 2223 1205 2262 se
1252 2207 1320 2260 ad
1361 2207 1622 2276 pictorem
1673 2222 1925 2276 quaerens
1969 2209 2037 2262 ab
2075 2223 2161 2269 eo.

583 2300 708 2366 quia
746 2299 798 2352 in
823 2297 1074 2352 omnibus
1098 2295 1383 2351 simillima:
1413 2303 1554 2359 sunt,
1579 2311 1697 2365 quae
1724 2296 1937 2350 illarum
1961 2305 2163 2351 sancta:

585 2390 764 2444 Mariae
819 2390 997 2459 imago
1053 2389 1142 2454 sit,
1188 2386 1272 2442 vel
1320 2403 1440 2456 quae
1463 2387 1719 2442 Veneris?
1762 2387 1856 2442 Ille
1900 2388 2024 2443 huic
2069 2387 2163 2441 dat

583 2479 1095 2547 superscriptionem
1124 2485 1324 2532 sanctae
1347 2477 1545 2542 Mariae,
1578 2477 1656 2531 illi
1684 2492 1812 2532 vero
1853 2478 2158 2546 superscri-

581 2571 819 2640 ptionem
864 2569 1087 2624 Veneris
1128 2586 1141 2621 :
1182 2568 1285 2621 ista
1327 2568 1453 2637 quia
1504 2568 2018 2638 superscriptionem
2063 2569 2160 2623 Dei

581 2661 859 2729 genitricis
887 2661 1067 2726 habet,
1113 2660 1357 2729 erigitur,
1386 2660 1700 2723 honoratur,
1731 2661 2035 2725 osculatur;
2069 2661 2157 2715 illa

583 2754 711 2822 quia
756 2753 1159 2822 inscriptionem
1186 2752 1412 2807 Veneris
1431 2751 1619 2806 dinem
1645 2750 1921 2820 cujusdam
1945 2750 2157 2822 profugi

582 2845 862 2914 genitricis
887 2845 1067 2907 habet,
1092 2843 1363 2914 dcjicitur,
1402 2845 1779 2913 exprobratur,
1808 2853 2152 2909 exsecratur;

582 2935 700 3004 pari
734 2944 974 3002 utrmque
1003 2944 1131 2990 sunt
1160 2934 1353 3005 ﬁgura,
1398 2935 1619 3005 paribus
1664 2935 1957 2998 coloribus,
2002 2936 2155 3003 pari-

583 3027 789 3094 busque
828 3024 985 3080 factae
1016 3025 1283 3090 materiis,
1334 3026 1791 3094 superscriptione
1836 3034 2045 3079 tantum
2075 3026 2157 3079 di-

580 3123 747 3168 stant.
799 3115 952 3168 Dicat
988 3116 1142 3181 mihi,
1162 3131 1369 3184 quaeso,
1400 3116 1726 3185 Epiphanius
1759 3117 2036 3183 diaconus,
2064 3118 2154 3185 qui

580 3218 680 3272 per
723 3204 957 3258 nominis
1002 3205 1408 3273 inscriptionem
1468 3207 1732 3276 imagines
1780 3208 1847 3261 ad
1895 3207 2155 3261 honorem

576 3295 768 3362 prima:
811 3295 999 3349 fma:
1022 3296 1217 3349 deduci
1251 3311 1409 3363 posse
1444 3297 1599 3361 dixit,
1624 3297 1716 3351 ubi
1743 3298 1855 3352 hinc
1896 3298 2155 3353 sanctitas

576 3383 736 3453 hujus
758 3394 1052 3454 antequam
1080 3387 1567 3454 superseriberetur
1597 3386 1730 3442 fuit?
1759 3389 1841 3443 vel
1887 3390 1978 3443 ubi
2008 3389 2155 3444 illius

576 3473 922 3543 exprobratio
992 3474 1309 3543 priusquam
1366 3477 1858 3544 superscriberetur
1909 3479 2154 3533 exstitit?

576 3563 976 3635 Superscriptio
1028 3566 1246 3635 itaque,
1304 3582 1424 3637 qua:
1467 3568 1794 3637 imaginibus
1837 3569 1946 3625 indi
1993 3570 2149 3635 solet,

575 3657 870 3711 secundum
919 3671 1125 3712 morem
1168 3656 1492 3724 litterarum,
1518 3660 1713 3728 quibus
1757 3667 1905 3714 tanta
1937 3660 2019 3715 vis
2046 3669 2146 3725 est,

575 3757 634 3803 ut
659 3751 818 3803 tacite
835 3748 1141 3818 loquantur,
1165 3757 1221 3803 et
1241 3764 1628 3819 nonnunquam
1652 3751 1794 3804 dicta
1823 3752 2145 3815 absentium,

574 3851 959 3904 nonnunquam
991 3852 1119 3891 vero
1146 3838 1492 3905 praesentium
1524 3839 1641 3893 sine
1670 3854 1801 3893 voce
1827 3840 2145 3906 edisseram,

576 3927 823 3982 notitiam
867 3926 1068 3981 inferre
1096 3926 1255 3991 valet,
1298 3926 1407 3982 illis
1429 3942 1559 3982 vero
1604 3928 1933 3999 imaginibus
1952 3930 2149 3998 quibus

573 4017 796 4081 inditur,
826 4016 1307 4071 sanctiﬁcationem
1348 4018 1604 4073 exhibere
1643 4034 1748 4073 non
1775 4026 1973 4087 potest.
2015 4018 2149 4073 San-

568 4108 826 4163 ctiﬁcatio
861 4108 1006 4162 enim
1053 4108 1408 4162 rationalibus
1436 4109 1699 4164 creaturis
1733 4110 1996 4164 bonorum
2020 4125 2148 4178 ope-

568 4214 690 4252 rum
716 4198 1045 4253 exhibitione
1071 4206 1126 4252 et
1153 4198 1467 4251 meritorum
1503 4198 1877 4268 pmerogativis
1905 4199 2147 4253 concedi-

570 4299 687 4354 tur;
733 4291 893 4344 rebus
931 4304 1060 4344 vcro
1101 4288 1504 4343 irrationalibus
1546 4298 1600 4343 et
1625 4304 1787 4345 sensu
1810 4291 2140 4357 carentibus,

569 4387 754 4451 utpote
778 4389 903 4435 sunt
928 4395 1057 4435 vasa
1097 4378 1294 4433 divinis
1322 4380 1555 4435 cultibus
1595 4381 1918 4450 mancipata,
1965 4389 2019 4436 et
2058 4383 2142 4438 his

565 4469 765 4524 similia
794 4485 900 4522 non
930 4469 1382 4539 superscriptioue
1410 4470 1665 4537 qualibet,
1702 4471 1797 4525 sed
1826 4460 2142 4526 sacerdotali

565 4559 977 4613 consecratione
1012 4566 1064 4611 et
1092 4558 1255 4611 divini
1287 4559 1518 4612 nominis
1540 4559 1877 4615 invocatione
1909 4562 2137 4617 accedit.

565 4648 646 4702 Ac
673 4662 769 4715 per
788 4647 891 4700 hoc
916 4646 1149 4700 evidenti
1171 4647 1381 4701 ratione
1412 4656 1764 4714 monstratur,
1787 4650 1985 4704 nullam
2012 4651 2142 4705 ima-

566 4740 784 4810 ginibus
814 4739 1076 4794 inhaerere
1100 4755 1259 4810 posse
1293 4742 1772 4798 sanctiﬁcationem
1793 4759 1889 4815 per
1916 4745 2143 4813 quamli-

565 4833 657 4887 bet
691 4831 1234 4901 superscriptionem,
1267 4818 1529 4902 quoniam
1550 4834 1650 4887 ista
1690 4849 1810 4904 qua:
1851 4835 2024 4889 beata:
2044 4835 2140 4889 Dei

564 4922 845 4995 genitricis
880 4922 1062 4978 Mariae
1098 4924 1610 4993 superscriptionem
1659 4925 1901 4989 sortitur,
1933 4933 1990 4978 et
2019 4940 2139 4992 quae

560 5015 834 5084 quondam
861 5014 1259 5084 despicabiliter
1291 5013 1500 5082 abjecta
1521 5014 1712 5082 jaeuit,
1740 5030 1883 5069 nunc
1909 5029 2136 5068 venera-

563 5105 746 5159 biliter
793 5107 1106 5172 adornatur,
1155 5112 1415 5177 quantum
1461 5106 1628 5161 valuit
1680 5106 2138 5176 contemptoribus

560 5198 674 5253 suis
702 5205 881 5266 spreta
903 5196 1094 5266 jacens
1123 5199 1332 5262 obesse,
1375 5205 1582 5253 tantum
1616 5196 1967 5254 nihilominus
1992 5201 2136 5256 valet

560 5286 860 5342 cultoribus
902 5288 1015 5341 suis
1055 5273 1234 5341 erecta
1280 5296 1335 5340 et
1374 5286 1598 5340 adorata
1636 5288 1909 5357 prodesse,
1951 5300 2017 5344 et.
2043 5290 2133 5345 illa

559 5384 819 5445 quantum
843 5385 1027 5446 posset
1064 5376 1256 5445 juvare
1282 5378 1329 5433 si
1357 5379 1674 5447 erigeretur,
1716 5387 1927 5435 tantum
1954 5390 2132 5450 potest

556 5464 753 5519 laedere
779 5480 899 5518 cum
931 5466 1228 5534 spernitur.
1262 5465 1413 5533 Quod
1446 5454 1574 5523 vero
1600 5469 1675 5522 ait
1699 5486 1711 5521 :
1740 5469 1807 5522 Et
1835 5471 2129 5526 osculantes

554 5568 672 5606 eam
697 5564 744 5606 et
769 5554 1144 5609 honorabiliter
1172 5556 1451 5612 adorantes
1488 5559 1799 5628 accipientis
1832 5562 2131 5630 sanctiﬁca-

559 5641 768 5706 tionem,
798 5651 1003 5698 tantum
1030 5646 1234 5700 valeret
1272 5658 1529 5717 quantum
1565 5650 1609 5704 si
1646 5649 1882 5705 diceret:
1909 5650 2127 5707 Oscula-

2265 1855 2406 1926 enim
2439 1857 2506 1911 ad
2530 1858 2777 1914 homines
2800 1875 2898 1930 per
2926 1878 3075 1927 vasa,
3104 1866 3196 1919 sed
3227 1868 3293 1919 ad
3326 1882 3452 1921 vasa
3476 1883 3564 1937 per
3583 1868 3767 1923 homines

2264 1945 2430 1999 divini
2455 1948 2687 2003 nominis
2711 1951 3048 2007 invocatione
3072 1963 3126 2008 et
3156 1970 3432 2010 sacrorum
3459 1959 3765 2027 mysteriorum

2264 2036 2626 2092 celebratione
2666 2040 3025 2096 sanctiﬁcatio
3058 2045 3235 2109 venit;
3266 2060 3369 2100 nec
3399 2048 3533 2101 vasis
3569 2047 3766 2118 imagines

2262 2130 2604 2196 comquanda:
2629 2140 2773 2197 sunt,
2803 2134 3058 2201 quoniam
3086 2136 3140 2191 iu
3170 2138 3338 2203 vasis,
3369 2155 3472 2194 non
3503 2140 3552 2194 in
3582 2140 3765 2211 imagini-

2259 2220 2382 2283 bus,
2412 2219 2521 2275 Deo
2561 2222 2887 2277 sacriﬁcium
2932 2225 3176 2280 oliertur.
3206 2226 3345 2281 Nam
3375 2229 3421 2283 si
3462 2247 3492 2284 a
3521 2231 3658 2295 vasis,
3680 2245 3763 2299 qua

2262 2311 2445 2380 utique
2492 2312 2829 2367 sanctiﬁcata
2878 2324 3035 2381 sunt,
3107 2317 3416 2374 hominibus
3462 2320 3760 2383 sanctiﬁcatio,

2261 2408 2321 2455 ut
2347 2398 2600 2465 diximus,
2627 2404 2849 2458 minime
2867 2404 3190 2473 impertitur‘,
3221 2409 3563 2464 multominus
3589 2411 3646 2463 ab
3670 2411 3762 2463 ima-

2260 2490 2475 2559 ginibus
2497 2492 2853 2560 impertietur,
2882 2508 3002 2562 qum
3026 2510 3126 2551 nec
3150 2497 3489 2555 sanctiﬁcare
3513 2514 3601 2554 nec
3620 2497 3763 2554 sandi‘

2260 2580 2409 2634 ﬁcari
2438 2589 2684 2650 possunt.

2833 2673 3059 2732 CAPUT
3092 2676 3258 2732 XVII.

2260 2761 2767 2841 Ridiculosissitnum
2808 2766 3003 2841 dictum
3034 2767 3319 2841 Epfplianit
3350 2769 3759 2841 reprehenditur,ir

2437 2850 2497 2886 eo
2525 2836 2663 2905 quod
2702 2837 2774 2889 ait
2797 2852 2814 2889 :
2840 2836 2920 2889 Ex
2947 2836 3165 2906 proprio
3202 2836 3630 2895 vcntt'e'locutus.

2328 2922 2482 2990 Quod
2509 2926 2562 2980 in
2588 2928 2774 2981 eadem
2801 2931 3005 2998 synodo
3031 2931 3288 2985 scribitur
3317 2948 3383 2987 eo
3414 2932 3548 3004 quod
3569 2930 3758 3001 peclatus

2260 3013 2593 3083 Epiphanius
2617 3018 2682 3071 de
2703 3021 2932 3086 quodam
2967 3021 3121 3085 dixit,
3150 3022 3234 3076 Ea:
3264 3025 3477 3095 proprio
3501 3031 3646 3078 ventre
3664 3021 3757 3075 locr-

2176 3085 2226 3147 (ἶ
2257 3113 2362 3169 tus,
2391 3122 2696 3178 quanquam
2722 3085 2887 3163 rebus
2914 3111 2981 3165 ad
3010 3112 3167 3166 ﬁdem
3194 3085 3573 3182 pertinentibus
3611 3110 3756 3167 nullum

2256 3193 2443 3251 afferat
2463 3196 2851 3265 pra-judicium,
2873 3211 2928 3254 et
2950 3201 3077 3255 huic
3099 3203 3313 3274 negotio
3332 3205 3399 3258 de
3418 3219 3519 3274 quo
3541 3217 3682 3259 sermo
3702 3207 3755 3255 αςι

2256 3301 2357 3341 nec
2380 3287 2673 3357 quidquam
2709 3289 2794 3343 vel
2820 3291 3023 3361 irroget
3056 3291 3139 3346 vel
3164 3294 3406 3363 deroget,
3430 3294 3541 3348 ideo
3577 3302 3712 3346 tamen
3733 3303 3753 3340 θ

2255 3377 2412 3431 nobis
2436 3394 2540 3433 non
2567 3388 2649 3433 est
2670 3382 3114 3448 prietermissum,
3131 3385 3387 3451 quoniam
3406 3384 3646 3439 indoctum
3665 3377 3752 3449 quid

2252 3475 2409 3520 sonat
2430 3474 2485 3521 et
2511 3468 2801 3533 insulsum,
2823 3480 2878 3524 et
2901 3470 3026 3540 quia
3060 3488 3158 3526 nec
3194 3472 3393 3526 debent
3421 3488 3514 3527 nec
3544 3475 3753 3542 possunt:

2253 3560 2343 3613 tali
2372 3561 2639 3631 scriptura
2671 3578 2823 3616 novae
2851 3563 3104 3632 quaalibct
3139 3565 3545 3619 constitutiones
3568 3554 3754 3615 Ecclesia

2250 3651 2554 3720 prorogari,
2583 3667 2703 3720 qua:
2739 3660 2815 3707 tot
2853 3654 3026 3707 modis
3066 3664 3241 3723 potest
3273 3653 3594 3734 reprehendi.
3632 3649 3752 3703 Omne

2250 3744 2395 3798 enim
2433 3743 2576 3813 quod
2611 3744 3085 3812 irreprehensibile
3122 3754 3220 3811 est,
3257 3747 3364 3802 hoc
3409 3746 3580 3815 recipit
3619 3748 3751 3796 sancta

2250 3832 2515 3889 catholica
2542 3834 2813 3900 Ecclesia;
2873 3837 3016 3906 quod
3043 3847 3224 3893 autem
3256 3839 3310 3892 in
3364 3839 3588 3909 pluribus
3626 3844 3749 3900 repre-

2249 3921 2521 3989 henditur,
2553 3925 2657 3979 hoc
2693 3927 2761 3981 ab
2797 3927 3164 3982 ecclesiastico
3216 3928 3462 3998 dogmate
3512 3924 3747 3980 abdicatur.

2248 4013 2360 4068 Nec
2384 4015 2542 4069 debet
2576 4015 2719 4071 illius
2765 4016 3010 4072 lectionis
3057 4034 3176 4086 qua:
3232 4013 3748 4087 reprehensionibuset

2247 4104 2444 4159 talibus
2471 4106 2628 4176 nugis
2649 4114 2732 4161 est
2759 4106 2914 4176 plena
2931 4147 2946 4172 ,
2973 4108 3038 4162 de
3067 4109 3356 4163 aderandis
3382 4105 3666 4176 imaginibus
3684 4098 3748 4151 Oli-

2246 4198 2451 4251 servari
2477 4214 2723 4253 censura.
2753 4198 3014 4255 Dixerunt
3050 4214 3241 4269 nempe
3267 4200 3540 4269 quemdam
3573 4209 3629 4249 ex
3661 4202 3747 4260 P"°'

2243 4289 2362 4357 prio
2381 4298 2564 4343 ventre
2594 4289 2850 4344 locutum.
2868 4290 3020 4358 Quod
3045 4292 3247 4347 dictum
3270 4309 3374 4346 non
3397 4290 3554 4346 solum
3576 4303 3602 4341 a
3622 4279 3745 4339 doctis

2247 4391 2433 4431 verum
2483 4378 2646 4432 etiam
2692 4379 2759 4433 ab
2797 4379 3026 4434 indoctis
3065 4379 3284 4434 auribus
3318 4378 3588 4448 respuitur,
3609 4380 3652 4426 cl
3682 4383 3745 4420 τὺ·

2247 4467 2342 4521 luti
2372 4467 2516 4522 anile
2543 4469 2810 4537 quoddam
2831 4469 3238 4524 deliramentum
3261 4470 3523 4525 abnuitur.
3544 4466 3609 4520 Ex
3626 4459 3743 4516 corde

2242 4558 2385 4612 enim
2413 4573 2497 4623 ea,
2527 4574 2645 4627 qua:
2670 4574 2822 4613 mens
2846 4560 3090 4629 concepit
3121 4560 3300 4630 lingua
3352 4561 3618 4627 interprete
3652 4562 3741 4621 ΡΝ·

2241 4649 2534 4720 ducuntur;
2561 4666 2628 4704 ex
2653 4658 2840 4705 ventre
2862 4667 2923 4706 ea
2946 4651 3394 4707 administrantur
3411 4666 3523 4723 qua
3546 4650 3592 4703 ia
3606 4658 3739 4701 seces—

2240 4757 2359 4795 sum
2388 4744 2551 4796 missa
2586 4751 2910 4812 egeruntur:
2940 4751 2995 4797 et
3024 4744 3164 4798 sicut
3187 4760 3293 4799 non
3326 4751 3494 4815 potest
3515 4731 3737 4806 conquod

2237 4834 2553 4903 plerumque
2574 4843 2628 4889 et
2664 4834 2718 4888 in
2765 4835 2975 4905 divinis,
3000 4834 3217 4901 litteris,
3244 4845 3299 4891 et
3343 4840 3396 4891 in
3424 4826 3737 4891 consuetudim

2234 4922 2568 4992 loquentium
2588 4939 2687 4992 pro
2715 4933 2891 4979 mente
2920 4926 3031 4981 sive
3058 4941 3217 4982 sensu
3243 4926 3476 4997 ponitur,
3498 4930 3736 4979 escaswﬂ‘

2237 5012 2418 5078 ﬁcere,
2448 5014 2733 5067 lmmorum
2759 5012 3100 5069 collectiones
3132 5015 3350 5079 habere,
3387 5017 3457 5070 ita
3488 5028 3580 5067 non
3600 5009 3736 5078 ροιεει

2236 5112 2425 5156 venter
2449 5103 2802 5171 cogitationes
2827 5104 3126 5174 concipere,
3153 5120 3349 5174 easque
3370 5119 3454 5174 per
3484 5099 3623 5155 verba
3644 5105 3734 5163 P"°’

2234 5191 2450 5247 ducere.
2482 5193 2690 5247 [labent
2729 5208 2857 5263 ergo
2880 5194 3088 5265 singula
3128 5197 3365 5251 membra
3400 5191 3556 5249 oﬂicia
3578 5186 3733 5245 sua,ut

2234 5285 2470 5353 quinque
2497 5300 2686 5338 sensus
2729 5285 2967 5354 quinque
3007 5287 3368 5340 membrorum
3402 5282 3615 5354 partibus
3653 5271 3731 5325 (ἥδ’

2232 5373 2419 5428 tributi
2465 5373 2591 5437 sint,
2617 5382 2840 5442 excepto
2877 5381 3043 5438 tactu,
3067 5375 3159 5443 qui
3185 5372 3428 5445 quamvis
3450 5372 3500 5425 in
3534 5362 3729 5422 manibus

2231 5468 2411 5523 sedem
2438 5468 2642 5522 habere
2663 5474 2895 5537 putetur,
2932 5482 3029 5538 per
3056 5476 3251 5522 (vetera
3296 5464 3520 5521 membra
3553 5453 3727 5511 (limans

2226 5556 2329 5613 est.
2374 5557 2443 5612 Et
2474 5557 2769 5611 secundum
2821 5556 3259 5626 philosophorum
3308 5549 3651 5625 experientiam
3684 5539 3724 5593 in

2227 5651 2386 5705 corde
2412 5658 2495 5704 est
2519 5650 2695 5718 timor,
2722 5649 2775 5705 in
2813 5650 2993 5721 splene
3012 5649 3197 5706 laetitia
3214 5691 3229 5719 ,
3256 5649 3307 5705 in
3322 5647 3493 5721 iecore
3510 5638 3722 5706 volup“
