4028 6180
267 327 404 385 l‘ill

1056 321 1236 379 LIBRI
1269 318 1610 379 CAROLINI.
1651 350 1720 360 —
1741 317 1974 374 CAPIT.
2019 317 2106 374 DE
2143 316 2330 374 lMAG.
2367 349 2438 362 —
2471 319 2602 375 LIB.
2645 321 2733 378 IV.

3389 315 3530 372 tm

265 442 324 498 in
361 441 536 496 tribus
571 433 882 492 ventriculis
909 435 1143 500 cerebri,
1169 435 1226 490 in
1247 435 1519 490 anteriore
1541 433 1633 504 qui
1673 441 1757 487 est
1785 431 1852 485 ad
1883 436 1928 492 Α
1954 430 2310 498 quorumdam
2331 441 2639 486 sanctorum
2663 429 2928 502 imagines
2947 431 3019 487 ob
3045 446 3228 488 rerum
3259 439 3532 503 gestarum

265 531 483 597 faciem,
501 543 715 593 sensus,
741 525 797 580 in
829 541 896 581 eo
919 527 1015 596 qui
1049 526 1318 596 posterior
1345 527 1416 580 ad
1443 526 1711 580 cervicem
1739 529 1842 587 est,

273 632 468 687 motus,
495 621 550 675 in
575 634 643 674 eo
676 632 808 673 vero
835 617 930 687 qui
956 617 1100 671 inter
1126 623 1417 686 utrumque
1443 629 1555 680 est,
1587 613 1849 670 memoria

269 713 451 782 vigere
489 712 913 774 demonstratur,
942 708 998 761 in
1037 707 1384 778 pulmonibus
1421 705 1728 770 auhelandi,
1758 719 1853 759 vo-

269 819 360 860 ces
381 799 748 862 modiﬁcandi,
781 799 1032 869 spiritum
1059 798 1287 853 ducendi
1307 797 1542 853 olﬁcittm
1571 797 1800 850 habetur
1835 813 1850 848 :

269 901 514 948 ventrem
536 897 740 953 autem,
767 903 928 956 quem
959 888 1126 942 maris
1149 895 1358 942 constat
1382 887 1582 942 habere
1601 885 1852 954 ﬁguram,

270 999 519 1041 escarum
559 990 767 1036 tantum
801 979 1234 1035 confectionibus
1267 979 1660 1048 humerumque
1695 979 1860 1034 colle-

270 1076 544 1131 ctionibus
565 1071 910 1127 manifestum
937 1079 1022 1125 est
1049 1071 1332 1125 inservire.
1359 1070 1492 1124 Nam
1522 1071 1568 1124 si
1598 1069 1736 1125 forte
1760 1071 1860 1124 hu—

269 1163 427 1234 jusce
463 1164 595 1218 dicti
645 1175 890 1216 errorem
943 1162 1029 1216 his
1071 1161 1236 1216 velint
1275 1160 1618 1215 adminiculis
1649 1160 1856 1224 fulcire,

272 1255 418 1326 quod
443 1254 765 1324 plerumque
793 1253 1000 1306 ventris
1032 1253 1234 1306 mentio
1264 1251 1316 1305 in
1353 1251 1522 1306 sacris
1555 1251 1750 1306 litteris
1777 1263 1862 1304 re—

267 1345 534 1415 periatur,
576 1351 636 1398 ut
669 1351 753 1398 est
781 1341 929 1404 illud,
985 1338 1170 1395 Venter
1217 1357 1364 1394 meus
1399 1341 1738 1396 conturbatus
1781 1349 1858 1395 est

274 1435 492 1507 (Thren.
529 1451 566 1498 ι,
601 1433 742 1486 Hab.
773 1449 853 1495 III,
889 1432 1062 1486 Eccle.
1097 1431 1195 1502 ιι),
1229 1433 1372 1496 sive,
1414 1431 1653 1487 Ventrem
1683 1450 1855 1487 meum

272 1525 426 1581 doleo
480 1524 671 1598 (Eccli.
707 1523 946 1595 nxvtt),
975 1533 1029 1578 et
1077 1534 1274 1578 ctctera
1324 1521 1726 1592 hujuscemodi,
1763 1526 1859 1579 ad-

271 1626 487 1674 vertant
509 1610 784 1687 nunquam
803 1615 966 1684 hujus
985 1616 1215 1671 membri
1244 1616 1563 1672 vocabulum
1585 1632 1686 1686 pro
1707 1617 1856 1672 locu-

270 1707 436 1769 tione,
470 1706 564 1760 sed
593 1721 694 1775 pro
715 1705 838 1760 aliis
859 1715 1020 1776 atque
1047 1706 1167 1760 aliis
1212 1708 1373 1763 rebus
1417 1721 1538 1777 qua:
1582 1723 1680 1778 per
1725 1723 1855 1763 ven-

1951 519 2270 574 rnemoriatn
2297 529 2354 574 et
2379 521 2730 576 aediﬁcion
2765 522 3217 592 pulchritudines,
3245 539 3277 578 a
3307 526 3537 582 catholi-

1951 608 2033 662 cis
2069 609 2284 666 habitas
2313 609 2480 666 fuisse
2516 611 2571 665 in
2608 611 2868 668 basilicis.
2897 611 3050 667 Sicut
3069 628 3201 682 ergo
3233 616 3538 672 occisorum

1953 699 2216 769 pecudum
2240 702 2490 758 sacriﬁcii
2523 719 2656 758 usus
2682 713 2737 758 et
2766 718 2797 757 a
2835 705 3038 758 sanctis
3063 714 3190 760 ante
3218 705 3392 776 legem
3439 723 3540 779 pa-

1956 789 2127 845 tribus
2159 790 2356 862 legitur
2391 791 2719 857 celebratus,
2751 800 2806 847 et
2835 793 2888 846 in
2933 793 3049 864 lege
3093 809 3124 848 a
3174 794 3402 851 Domino
3444 811 3541 866 per

1931 877 2176 950 'lloysen
2200 889 2286 934 est
2315 882 2565 944 traditus,
2598 883 2781 938 dicant
2811 883 2904 938 ubi
2932 885 3326 940 adorandarutn
3351 887 3542 958 imagi-

1957 984 2088 1022 num
2113 985 2242 1024 usus
2265 979 2358 1024 aut
2383 979 2509 1026 ante
2535 972 2707 1043 legem
2733 989 2763 1026 a
2799 975 3143 1042 patriarchis,
3181 985 3274 1030 aut
3325 979 3379 1032 in
3427 978 3546 1050 lege

1958 1075 2056 1128 per
2081 1060 2461 1128 legislatorem,
2489 1071 2582 1116 aut
2611 1064 2665 1116 in
2703 1079 2841 1118 novo
2879 1073 3206 1122 testamento
3235 1084 3265 1122 a
3317 1069 3545 1126 Domino

1959 1161 2013 1204 et
2037 1152 2322 1217 salvatore,
2352 1161 2444 1206 aut
2471 1154 2538 1208 ab
2572 1155 2828 1223 apostolis
2849 1155 2935 1210 vel
2958 1158 3028 1210 ab
3065 1158 3378 1226 apostolicis
3412 1159 3546 1215 viris

1959 1241 2030 1295 sit
2053 1241 2366 1308 institutus;
2401 1252 2454 1298 et
2478 1260 2598 1299 cum
2621 1245 2833 1300 illorum
2862 1247 3156 1303 celebratio
3181 1259 3289 1303 tam
3315 1252 3546 1306 authen-

1961 1331 2122 1386 ticam
2155 1333 2349 1388 habeat
2373 1335 2741 1402 traditionem,
2765 1337 2950 1391 dicant
2984 1353 3144 1407 quem
3185 1339 3410 1394 istarum
3446 1343 3544 1396 ad-

1957 1422 2136 1477 oratio
2167 1423 2409 1478 obtineat
2441 1426 2701 1488 vigorem.
2735 1426 2838 1494 Qui
2868 1428 2993 1483 dum
3027 1429 3129 1484 hoc
3157 1430 3337 1486 dicere
3365 1433 3549 1502 nequi-

1955 1512 2152 1578 verint,
2185 1527 2298 1566 rem
2319 1529 2377 1568 se
2398 1515 2640 1570 inutilem
2669 1517 2957 1584 pro-tulisse
2975 1520 3317 1586 erubescant,
3345 1530 3397 1576 ct
3427 1523 3546 1577 ica-

1957 1609 2101 1659 niter
2129 1616 2441 1662 sanctorum
2464 1609 2856 1664 sacriﬁciorum
2887 1611 3145 1666 oblationi
3177 1613 3550 1669 adorationem

1957 1699 2248 1768 imaginum
2290 1702 2564 1756 associare
2609 1706 2758 1756 uisos
2806 1702 2976 1760 fuisse
3019 1705 3343 1774 resipiscam
3387 1713 3551 1777 atque

273 1807 413 1851 trem
442 1795 837 1866 signiﬁcantur,
865 1796 1073 1866 tropice
1099 1797 1360 1866 positum,
1396 1799 1463 1852 de
1487 1800 1683 1868 quibus
1713 1815 1854 1854 nunc
1887 1799 1929 1858 Β
1961 1802 2307 1861 cognoscant.
2337 1792 2618 1859 Quomodo
2667 1810 2798 1865 ergo
2847 1803 3030 1866 patest
3085 1797 3235 1851 credi
3287 1799 3550 1869 imagines

267 1890 549 1960 disputare
576 1889 793 1960 longum
823 1899 924 1944 est.
958 1890 1090 1945 Illud
1115 1891 1282 1956 enim,
1315 1893 1486 1947 sicubi
1517 1892 1721 1947 dictum
1749 1905 1852 1958 est,

266 1981 660 2051 tropologicum
689 1987 791 2046 est,
819 1979 964 2036 istud
987 1997 1117 2035 vero
1140 1981 1572 2052 acyrologicum;
1611 1997 1708 2051 per
1727 1983 1858 2037 illud

269 2072 624 2126 obumbratur
647 2072 934 2142 allegorice
982 2072 1202 2136 veritas,
1233 2088 1332 2142 per
1383 2073 1526 2126 istud
1572 2073 1858 2128 mutilatur

269 2177 462 2216 sensus
505 2163 747 2232 puritas;
799 2162 928 2216 illud
961 2163 1098 2217 nitet
1128 2165 1429 2234 mysteriis,
1461 2165 1604 2219 istud
1649 2165 1859 2235 squalet

271 2253 507 2323 ineptiis.
527 2253 795 2309 Cmterum
823 2255 867 2310 si
899 2257 964 2310 de
989 2256 1326 2326 Pythonibus
1345 2259 1524 2314 dicere
1551 2259 1855 2325 voluerunt,

271 2361 407 2414 quos
435 2347 772 2416 septuaginta
807 2348 1156 2420 ventriloquos
1191 2352 1614 2418 transtulerunt,
1647 2353 1714 2407 de
1741 2353 1860 2424 qui—
1896 2417 1906 2425 θ

273 2435 376 2490 btts
407 2451 460 2489 tn
502 2435 921 2491 Dcuteronomio
957 2437 1193 2508 legitur:
1233 2438 1356 2493 Non
1396 2441 1686 2494 invenietur
1713 2443 1768 2496 in
1810 2451 1860 2495 te

270 2524 502 2580 lustrans
539 2525 708 2587 ﬁlium
749 2544 902 2581 suum
929 2537 1020 2582 ant
1047 2528 1221 2600 filium
1249 2547 1302 2583 tn
1346 2531 1482 2600 igne,
1529 2542 1577 2584 et
1616 2531 1858 2587 divinans

269 2620 665 2687 divinationem,
694 2639 964 2692 angurans
992 2633 1038 2676 et
1070 2624 1378 2694 ornspicans
1412 2635 1459 2678 et
1504 2626 1862 2681 medicamini—

271 2717 366 2769 bus
399 2714 1052 2784 infuscans,incantator,
1098 2717 1480 2788 ventriloquus,
1521 2727 1568 2773 et
1617 2729 1861 2790 portenta

269 2805 569 2876 inspiciens,
600 2812 646 2860 et
676 2806 1002 2876 interrogans
1039 2817 1270 2862 mortuos
1301 2810 1321 2881 (
1339 2809 1494 2862 Deut.
1530 2825 1662 2864 xvttt
1681 2808 1700 2880 )
1719 2851 1732 2874 ,
1763 2823 1863 2864 nec

273 2897 378 2953 hoc
407 2899 826 2968 reprehensione
851 2908 1020 2960 caret,
1047 2899 1300 2970 quoniam
1325 2917 1444 2956 cum
1469 2901 1546 2956 illi
1573 2903 1862 2972 quemdam

272 2992 547 3048 hominem
562 3008 626 3048 ex
642 2994 862 3064 proprio
882 3003 1072 3049 ventre
1106 2995 1342 3050 locutum
1391 2993 1556 3050 fuisse
1603 2995 1860 3061 dixerint,

276 3090 336 3136 ut
362 3082 658 3155 Pythonem
677 3125 692 3150 ,
718 3101 818 3141 nec
845 3087 914 3140 ab
939 3085 1108 3155 ipsius
1144 3084 1359 3154 quidem
1388 3085 1650 3156 Pythonis
1676 3095 1863 3142 ventre

275 3173 455 3238 homo,
471 3175 565 3230 sed
594 3175 864 3247 malignus
891 3175 1130 3246 loquitur
1153 3176 1396 3246 spiritus,
1421 3155 1494 3232 ita
1521 3177 1782 3232 duntaxat
1805 3184 1866 3231 ttt
1889 3155 1936 3222 ο

276 3266 465 3320 eodem
497 3265 742 3336 Pythone
767 3268 856 3336 qui
891 3266 1261 3336 venlriloquus
1283 3267 1500 3333 dicitur,
1523 3282 1622 3337 per
1663 3282 1725 3322 os
1766 3269 1867 3322 hu-

277 3372 438 3410 mano
460 3371 612 3410 more
633 3355 890 3426 loquente
914 3357 982 3412 de
998 3365 1186 3411 ventre
1207 3355 1326 3424 eius
1351 3357 1575 3426 spiritus
1603 3357 1865 3413 immundi

278 3462 442 3503 voces
467 3447 776 3511 audiantur,
807 3454 884 3513 et,
909 3461 1167 3518 responsa
1213 3448 1409 3502 dentur
1426 3489 1440 3514 ,
1465 3464 1601 3518 quos
1646 3449 1866 3519 quidem

278 3538 649 3612 ventriloquos
679 3535 733 3594 in
758 3538 1104 3612 Assyriorum
1137 3540 1251 3594 sive
1276 3537 1654 3610 Egyptiorutu
1687 3540 1864 3610 genti-

280 3629 397 3694 bus,
429 3630 568 3701 apud
593 3645 728 3702 quos
754 3632 979 3702 magica:
1025 3639 1172 3686 artes
1217 3630 1450 3700 copiosa:
1498 3637 1644 3695 sunt,
1684 3629 1868 3698 plures

279 3735 400 3775 esse
429 3719 770 3776 manifestum
808 3729 910 3776 est.

845 3809 1072 3866 CAPUT
1119 3809 1311 3866 XVIII.

279 3906 475 3962 Contra
505 3924 592 3977 eos
614 3907 704 3977 qui
725 3907 905 3977 dicunt
933 3905 1077 3977 :iQui
1109 3905 1399 3977 imaginem
1429 3904 1699 3977 idolorum
1725 3905 1870 3960 dixe-

351 3985 478 4031 runt
520 3975 912 4046 daemoniorum
959 3976 1289 4046 imaginibus
1337 3975 1590 4046 similem,
1615 3982 1872 4030 accusent

348 4047 481 4104 Abel
509 4055 562 4101 et
591 4045 704 4102 Noe
733 4055 788 4101 et
814 4044 1096 4100 Abraham
1115 4053 1171 4102 et
1205 4046 1426 4115 Moysen
1456 4055 1511 4101 et
1549 4044 1768 4100 Samuel
1815 4054 1873 4100 et

350 4117 542 4189 David,
569 4116 713 4186 quod
741 4117 845 4187 ipsi
876 4117 1052 4172 aliena
1093 4126 1150 4174 et
1193 4130 1405 4189 pagana
1448 4116 1717 4172 sacriﬁcia
1759 4115 1872 4170 Deo

354 4188 678 4243 tibaverunt.

353 4279 626 4346 Quantum
659 4277 714 4332 in
750 4277 855 4334 hoc
887 4277 1124 4348 capitulo
1151 4285 1327 4342 sonat,
1348 4285 1404 4333 et
1423 4293 1524 4333 nos
1549 4293 1614 4333 ex
1640 4276 1762 4332 aliis
1781 4292 1875 4332 eo-

211 4420 218 4427 .
289 4389 406 4429 rum
439 4373 600 4428 dictis
621 4371 832 4442 experti
859 4385 1044 4427 sumus
1061 4411 1076 4436 .
1104 4371 1210 4426 hoc
1239 4370 1582 4426 introducere
1607 4369 1870 4433 nituntur,

289 4477 348 4522 ut
377 4467 502 4536 quia
524 4482 556 4520 a
583 4465 808 4538 paganis
831 4465 1104 4535 quondam
1129 4469 1434 4520 occisorum
1470 4463 1738 4533 pecudum
1783 4477 1874 4517 sa-

285 4559 488 4616 criﬁcia
516 4560 852 4617 daemonibus
879 4557 1195 4621 litabantur,
1223 4571 1323 4612 nec
1361 4564 1542 4610 tamen
1575 4555 1645 4612 ob
1685 4554 1790 4610 hoc
1839 4569 1871 4608 a

237 4680 246 4689 -
284 4653 490 4708 sanctis
515 4651 652 4706 viris
669 4651 726 4706 in
752 4651 922 4704 veteri
949 4649 1066 4719 lege
1098 4647 1634 4717 prmtcrmittebamr,
1657 4646 1788 4716 quin
1815 4653 1872 4700 et

285 4747 354 4799 ab
379 4745 484 4800 illis
516 4744 819 4800 occisorum
841 4743 1107 4812 pecudum
1134 4739 1245 4796 Deo
1267 4739 1501 4795 victima:
1515 4737 1868 4802 oﬁerreutur,

287 4851 388 4890 nec
433 4835 555 4888 ideo
592 4833 663 4888 sit
709 4832 1234 4904 praetermittendum
1265 4830 1394 4899 quin
1437 4829 1580 4884 intra
1625 4837 1871 4887 attactam

286 4923 586 4978 Ecclesium
613 4921 876 4991 imagines
901 4921 1210 4984 adorentur,
1239 4935 1338 4989 pro
1370 4935 1436 4975 eo
1465 4920 1608 4990 quod
1637 4935 1668 4974 a
1699 4921 1875 4992 genti-

288 5017 427 5072 libus
469 5014 611 5070 idola
644 5014 990 5080 colebantur;
1015 5011 1108 5068 sed
1131 5012 1274 5068 sicut
1309 5013 1364 5067 in
1398 5012 1520 5066 aliis
1549 5014 1746 5068 euhoe
1775 5027 1873 5066 ne-

288 5107 433 5179 gotio
469 5103 858 5159 assertionibus
890 5117 1084 5158 eorum
1106 5101 1442 5171 obiectiones
1469 5103 1742 5158 incassum
1781 5102 1876 5158 ad-

291 5197 472 5252 hibita:
506 5193 856 5267 frustrantur,
885 5195 960 5250 ita
1003 5194 1168 5248 etiam
1217 5193 1336 5248 hac
1379 5207 1596 5262 quoque
1645 5186 1878 5262 obiectio

289 5291 714 5358 incompetcnter
734 5287 973 5344 adhibita
998 5285 1282 5358 prudentis
1306 5285 1625 5340 assertionis
1657 5284 1875 5354 obiectu

291 5381 660 5438 irustrahitur.
701 5379 1044 5436 Manifestum
1092 5387 1178 5435 est
1209 5393 1444 5447 namque
1485 5377 1698 5447 pridem
1739 5385 1797 5432 et
1843 5393 1876 5432 a

289 5475 494 5530 sanctis
515 5473 650 5529 viris
676 5472 786 5528 Deo
813 5471 1194 5540 omnipotenti,
1217 5477 1274 5524 et
1302 5483 1338 5523 a
1383 5468 1666 5540 gentilium
1699 5484 1879 5525 sacer-

291 5567 508 5624 dotibus
561 5566 867 5622 occisornm
913 5563 1183 5633 pecudum
1229 5559 1496 5617 sacriﬁcia
1545 5561 1880 5618 daemonibus

291 5661 470 5716 oblata
509 5658 698 5726 fuisse,
733 5666 804 5728 et,
841 5655 1145 5728 antiquitus
1193 5653 1552 5709 nefandarum
1599 5655 1880 5710 hominum

295 5751 582 5808 simulacra
603 5749 902 5808 daemonico
929 5747 1186 5804 instinctu
1213 5745 1386 5815 posita
1434 5745 1486 5798 in
1540 5744 1798 5816 delubris,
1829 5754 1884 5802 et

1903 4512 1952 4572 υ

1957 1899 1987 1935 a
2027 1883 2310 1938 catholicis
2343 1885 2412 1938 ad
2446 1884 2779 1940 adorandum
2809 1886 3076 1958 conditas,
3099 1902 3222 1942 cum
3274 1904 3373 1942 nec
3421 1889 3533 1958 ipsa

1957 1975 2175 2042 quidem
2203 1975 2485 2042 gent-ilium
2513 1976 2801 2031 simulacra
2827 1977 3060 2048 primum
3097 1979 3164 2033 ad
3205 1978 3539 2033 adorandum

1957 2065 2346 2134 perhibeantur
2374 2065 2592 2121 condita
2634 2065 2836 2122 fuisse?
2891 2068 3318 2124 Simulacrorum
3366 2069 3551 2138 itaque

1959 2171 2091 2210 usus
2117 2164 2340 2212 exortus
2370 2165 2473 2222 est,
2503 2175 2625 2212 cum
2652 2175 2717 2214 ex
2745 2161 3014 2216 desiderio
3047 2169 3387 2216 mortuorum
3417 2179 3552 2232 quo-

1960 2246 2215 2300 rumlibet
2240 2247 2479 2300 virorum
2507 2246 2726 2303 fortium
2749 2257 2842 2303 aut
2863 2264 3050 2319 regum
3073 2259 3166 2304 aut
3193 2253 3552 2321 quarumdam

1959 2340 2174 2393 urbium
2211 2339 2574 2406 conditorum,
2601 2351 2692 2395 aut
2720 2342 3082 2412 quarumlibet
3115 2345 3312 2398 artium
3360 2344 3553 2400 inven-

1964 2439 2140 2487 torum
2175 2435 2438 2506 imagines
2462 2437 2544 2492 vel
2576 2436 2778 2509 eﬁigies
2807 2439 2874 2495 ab
2899 2438 2985 2493 his
3012 2440 3102 2509 qni
3133 2457 3226 2496 eos
3253 2441 3556 2496 dilexerant

1962 2525 2361 2594 conderentur,
2395 2535 2842 2604 utgposlerorum
2893 2531 2974 2587 vel
3036 2532 3356 2588 tlilectorum
3405 2533 3558 2588 dolor

1961 2615 2188 2674 haberet
2218 2619 2434 2690 aliquod
2457 2622 2522 2676 de
2558 2622 2856 2693 imaginum
2897 2625 3352 2695 contemplatione
3382 2612 3592 2682 reme:

1963 2711 2152 2776 dium;
2195 2713 2287 2766 sed
2316 2711 2574 2782 paulatim
2624 2715 2766 2769 hunc
2811 2729 3051 2770 errorem
3102 2717 3557 2786 persuadeu‘tibus

1964 2801 2300 2856 dtcmouibus
2329 2803 2402 2857 ita
2426 2804 2479 2858 in
2509 2813 2755 2882 posteros
2783 2806 3087 2877 irrepsisse,
3111 2817 3168 2862 ιιι
3190 2825 3326 2880 quos
3355 2809 3427 2864 illi
3453 2825 3556 2879 pro

1965 2895 2082 2949 sola
2133 2897 2370 2952 nominis
2410 2900 2672 2954 memoria
2710 2901 3008 2970 pingemlos
3057 2913 3401 2970 censuerant,
3431 2920 3558 2960 suc-

1967 3003 2214 3045 cessores
2242 2989 2373 3045 deos
2403 2992 2780 3048 existimarent
2815 3004 2976 3066 atque
3006 2996 3266 3061 colerent,
3299 3005 3353 3052 et
3388 2997 3441 3051 in
3473 2997 3562 3053 bis

1967 3083 2071 3139 sibi
2117 3084 2390 3140 daemones
2436 3086 2746 3144 sacriﬁcare
2800 3089 3006 3144 illectos
3043 3105 3287 3160 quosque
3332 3092 3562 3147 miseros

1966 3184 2370 3244 percenserettt.
2397 3175 2512 3232 Hoc
2537 3179 2700 3234 etiam
2724 3181 2970 3250 exemplo
2984 3182 3118 3236 adeo
3133 3183 3408 3238 cernimus
3429 3186 3564 3238 ima-

1969 3269 2154 3340 ginum
2177 3286 2336 3326 usum
2359 3271 2678 3340 inolescere,
2695 3281 2754 3328 ut
2778 3291 2899 3346 quae
2919 3277 3071 3346 prius
3089 3278 3159 3332 ob
3179 3289 3559 3336 Ornamentttm

1965 3357 2317 3418 basilicarum
2343 3373 2398 3419 et
2421 3367 2743 3421 memoriam
2775 3378 2932 3423 etant
2959 3369 3350 3439 compaginatzc
3379 3387 3561 3426 terunt

1968 3460 2280 3522 gestarum,
2321 3454 2653 3512 inolescente
2700 3459 2961 3527 paulatim
3010 3457 3218 3513 nefario
3271 3477 3373 3516 usu
3427 3463 3566 3517 adeo

1970 3556 2115 3595 nunc
2151 3557 2181 3595 a
2206 3543 2488 3598 catholicis
2515 3545 2820 3615 quibusque
2852 3547 3200 3615 extollantur,
3234 3560 3295 3605 ut
3341 3551 3567 3607 adoren-

1970 3639 2079 3696 tur,
2098 3633 2285 3702 eisque
2309 3633 2618 3700 luminaria,
2651 3638 3023 3708 tbymiamata,
3042 3641 3295 3709 primitiae
3315 3643 3400 3698 vel
3419 3658 3568 3714 quae-

1971 3723 2094 3778 dam
2134 3726 2454 3781 munuscula
2515 3728 2830 3794 offerantur,
2879 3738 2954 3796 et,
2991 3732 3134 3800 quod
3189 3735 3419 3803 nequius
3459 3743 3562 3800 est,

1969 3824 2031 3871 ut
2065 3817 2120 3870 in
2159 3817 2384 3873 Guccia:
2437 3822 2688 3890 partibus
2732 3821 2933 3878 factum
2992 3824 3252 3894 legimus,
3284 3829 3569 3897 pontiﬁces

1971 3906 2063 3976 qui
2107 3906 2278 3961 solum
2319 3909 2486 3964 Deum
2527 3911 2892 3980 adorandum,
2919 3915 3200 3986 solumque
3237 3917 3522 3976 colendum
3547 3961 3565 3986 ,

1973 3996 2160 4068 illique
2183 3997 2284 4052 soli
2307 4001 2652 4057 serviendum
2676 4004 2976 4074 prmdicare
3017 4007 3336 4075 debuerant,
3358 4018 3416 4064 et
3464 4012 3567 4082 ipsi

1973 4086 2053 4142 eis
2079 4103 2138 4142 se
2166 4089 2463 4145 servi-turos
2491 4090 2780 4156 fateantur,
2799 4109 3001 4164 easque
3027 4098 3206 4154 colant
3234 4109 3290 4154 et
3314 4101 3566 4168 adorent,

1974 4187 2030 4234 et
2049 4193 2238 4234 earum
2261 4183 2664 4253 contemptores
2694 4183 2968 4254 soliusque
2989 4187 3089 4242 Dei
3114 4188 3372 4255 cultores,
3383 4206 3570 4246 veros-

1970 4287 2081 4344 que
2115 4274 2431 4329 adoratorcs
2469 4276 2540 4330 ob
2573 4291 2760 4330 carum
2785 4287 3154 4349 contemptum
3199 4293 3254 4336 et
3283 4283 3571 4340 lueretieos

1965 4366 2234 4436 judicent,
2263 4377 2318 4423 et
2341 4369 2803 4428 anathematizare
2851 4373 3124 4430 affectent.
3169 4377 3288 4432 Uno
3335 4394 3572 4450 namque

1979 4469 2034 4516 et
2060 4475 2201 4530 pene
2228 4460 2346 4531 pari
2381 4463 2572 4527 modo,
2604 4471 2666 4517 ttt
2690 4464 2901 4534 praefati
2933 4482 3138 4530 sum-us,
3169 4470 3571 4526 adorandomm

1979 4559 2034 4606 et
2058 4552 2406 4606 colendorum
2435 4553 2846 4611 simulacrorum
2868 4559 2953 4614 vel
2983 4561 3162 4628 potius
3189 4559 3494 4616 dtemonum
3514 4570 3570 4617 et

1980 4642 2272 4712 gentilibus
2300 4645 2663 4714 nequissimus
2701 4663 2835 4704 usus
2875 4649 3113 4718 inolevit,
3156 4660 3212 4708 et
3259 4653 3566 4721 catholicis,

1979 4735 2123 4803 quod
2145 4749 2252 4788 non
2292 4734 2408 4789 sine
2431 4737 2666 4805 quodam
2697 4739 2863 4794 animi
2895 4755 3134 4798 mturare
3167 4745 3566 4813 prosequimur,

1979 4825 2374 4880 adorandarutu
2409 4826 2702 4898 imaginum
2739 4829 3072 4900 ineptissima
3105 4835 3440 4890 consuetudo
3477 4849 3570 4892 ao-

1979 4914 2196 4982 crescit,
2227 4923 2280 4970 et
2319 4915 2406 4970 res
2443 4917 2511 4972 ad
2549 4918 2696 4973 aliud
2743 4921 2992 4986 conditae,
3016 4922 3087 4976 ad
3133 4921 3280 4977 aliud
3318 4923 3576 4979 videntur

1978 5019 2275 5078 usurpatae.
2294 5008 2411 5065 Non
2437 5011 2581 5064 enim
2605 5027 2704 5066 nos
2731 5012 2996 5082 imagines
3021 5014 3075 5068 in
3103 5013 3342 5068 basilicis
3367 5015 3578 5083 positas

1979 5103 2120 5157 idola
2133 5118 2529 5172 nuncupamus,
2551 5104 2646 5158 sed
2667 5119 2736 5158 ne
2762 5103 2901 5158 idola
2922 5119 3209 5174 nuncupett
3218 5113 3326 5170 tur,
3342 5105 3578 5162 adorare

1979 5209 2075 5249 eas
2103 5203 2158 5249 et
2175 5195 2356 5249 colere
2377 5195 2562 5264 eisque
2587 5195 2868 5250 servitium
2895 5195 3209 5266 impendere
3236 5211 3572 5262 recusamus,

1977 5290 2234 5357 quoniam
2259 5289 2582 5359 plerumth
2607 5305 2716 5343 non
2741 5303 2859 5354 res,
2886 5290 2982 5346 sed
3011 5305 3177 5345 causa
3201 5289 3283 5344 rei
3313 5303 3412 5360 pro
3463 5303 3578 5346 soc-

1979 5381 2090 5437 lere
2113 5391 2415 5452 reputatur,
2439 5384 2568 5438 dum
2595 5382 2847 5438 videlicet
2873 5383 3042 5438 multa
3081 5383 3279 5454 quibus
3301 5383 3442 5438 bene
3479 5396 3550 5453 po

1980 5480 2086 5527 test
2109 5473 2190 5528 uti
2219 5473 2364 5528 male
2389 5488 2491 5530 usa
2522 5473 2576 5528 in
2621 5473 2888 5546 ﬂagitium
2936 5482 3345 5540 convertamur,
3385 5474 3575 5544 sicque

1977 5581 2086 5620 una
2110 5565 2412 5636 eademque
2443 5579 2534 5622 res
2555 5567 2693 5621 bene
2721 5566 3004 5621 mentibus
3021 5581 3132 5621 non
3157 5573 3242 5620 est
3267 5578 3432 5620 causa
3457 5564 3573 5634 pia-

1981 5659 2110 5723 culi,
2135 5667 2193 5715 ct
2219 5659 2357 5714 male
2387 5660 2666 5716 utentibus
2697 5666 2784 5716 est
2823 5673 2987 5714 causa
3034 5658 3281 5730 periculi.
3328 5655 3572 5712 Sollicito

1981 5765 2111 5820 ergo
2145 5751 2553 5822 praecavendum
2592 5759 2676 5806 est
2710 5759 2765 5806 et
2810 5765 3020 5806 summa
3066 5749 3328 5806 industria
3379 5761 3574 5816 procu-
