4028 6180
539 219 676 277 £225

1381 260 1387 273 ε
1454 218 1515 271 Β.
1546 217 1796 273 CABOLI
1835 218 2048 274 MAGNl
2085 220 2234 276 OPP.
2268 221 2464 276 PARS.
2504 223 2564 277 ll.
2601 223 2841 280 SECTIO
2874 224 2941 279 ll.

3621 233 3724 289 122i

536 329 791 392 randum,
820 342 889 384 ne
917 327 1045 381 dum
1097 326 1311 396 quidam
1353 334 1657 381 nostrorum
1707 328 1966 397 quasdam
2014 344 2101 383 res
2127 337 2171 393 Α
2202 331 2345 386 lem?
2383 334 2474 402 qui
2520 336 2587 389 ab
2636 336 2766 404 ipsis
2811 336 3092 392 cunabulis
3151 337 3376 392 Domino
3426 354 3729 398 consecratus

537 418 676 472 ultra
699 432 859 486 quam
889 415 1023 472 ordo
1047 415 1286 484 exposcit
1327 416 1619 470 sublimare
1656 414 1928 479 aﬁ‘ectant,
1957 424 2107 470 vetu-

536 508 758 562 stissimi
790 507 934 561 illius
956 517 1012 560 et
1041 506 1237 561 cariosi
1262 505 1463 559 erroris
1493 504 1714 561 redivivi
1748 505 1859 560 illis
1897 506 2107 561 cineres

535 596 933 659 convalescant,
964 603 1019 649 et
1062 593 1343 648 victoriam
1397 610 1557 663 quam
1606 595 1661 649 in
1705 611 1894 666 campo
1928 597 2107 665 adepti

535 692 678 748 sunt,
715 685 856 739 intra
900 685 1052 739 urbis
1085 685 1284 739 moenia
1319 686 1566 753 perdant,
1590 688 1906 758 subigatque
1934 688 2109 743 civilis

535 775 663 830 belli
713 774 1167 843 insuspicabiliter
1210 774 1393 829 dolosa
1443 776 1636 840 illusio,
1676 793 1812 845 quos
1860 778 2109 847 subigere

534 866 743 919 externi
786 865 956 919 hostis
991 873 1175 933 aperta
1221 865 1462 933 nequivit
1509 866 1779 934 impulsio.
1811 866 1945 922 Cum
1980 880 2109 936 ergo

537 953 611 1006 illi
630 952 959 1008 accusandus
979 953 1219 1023 garriant
1240 962 1455 1007 sanctos
1472 962 1674 1021 patres,
1687 954 1820 1009 Abel
1842 955 2106 1019 videlicet,

538 1045 648 1099 Noe
675 1054 727 1099 et
754 1044 1047 1108 Abraham,
1082 1044 1298 1114 Moysen
1317 1084 1331 1109 ,
1360 1044 1663 1100 Samuelem
1705 1054 1760 1100 et
1790 1047 1975 1110 David,
2002 1062 2108 1101 non

535 1150 629 1189 eos
657 1136 812 1190 nobis
841 1149 1098 1191 accusare
1129 1135 1281 1201 libet,
1300 1136 1393 1189 sed
1419 1134 1658 1200 laudare,
1687 1137 1898 1191 dicente
1924 1137 2112 1191 Eccle-

536 1225 752 1279 siastico
774 1239 789 1277 :
815 1224 1112 1279 Laudemus
1140 1225 1275 1277 viros
1302 1226 1555 1294 gloriosos
1571 1234 1617 1278 et
1641 1236 1880 1295 parentes
1907 1235 2110 1279 nostros

536 1314 589 1365 in
637 1315 971 1383 generatione
999 1330 1117 1377 sua,
1144 1312 1365 1366 multam
1416 1312 1639 1383 gloriam
1688 1314 1808 1383 fecit
1854 1315 2111 1369 Dominus

534 1403 922 1471 magniﬁcentia
940 1419 1056 1467 sua,
1076 1420 1108 1455 a
1125 1401 1317 1456 sceculo
1336 1403 1659 1457 dominantes
1688 1405 1742 1457 in
1761 1406 2109 1474 potestatibus

535 1492 643 1544 suis
689 1492 923 1545 homines
967 1492 1143 1561 magni
1184 1493 1367 1546 virtute
1390 1503 1438 1547 et
1465 1494 1743 1563 prudentia
1778 1512 1875 1548 sua
1903 1496 2111 1566 prwditi

536 1581 591 1635 in
623 1582 874 1651 dignitate
900 1583 1299 1651 prophetarum,
1326 1592 1374 1636 et
1419 1584 1728 1654 imperantes
1772 1586 1827 1638 in
1869 1586 2110 1656 praesenti

534 1670 756 1741 populo,
789 1680 836 1724 et
892 1672 948 1724 in
1002 1671 1186 1725 virtute
1228 1673 1520 1742 prudentia:
1563 1674 1739 1744 populi
1782 1675 2110 1727 sanctissima

537 1762 711 1826 verba,
749 1771 803 1815 et
832 1772 1028 1817 czctera
1061 1761 1249 1833 (Eccli.
1288 1766 1455 1832 κων).
1484 1763 1616 1830 Quis
1653 1780 1781 1835 ergo
1806 1774 1914 1819 tam
1938 1764 2114 1834 profa-

539 1865 662 1903 nam
693 1851 889 1906 habeat
921 1859 1187 1916 mentem,
1212 1860 1272 1905 ut
1316 1852 1473 1919 Abel,
1498 1855 1588 1923 qui
1623 1856 1691 1909 ab
1720 1856 1835 1924 ipso
1886 1857 2112 1916 Domino

530 1941 709 2007 justus
731 1942 1026 2011 appellatus
1050 1950 1153 2007 est,
1179 1958 1437 1998 accusare
1461 1945 1686 2000 audeat?
1706 1945 1859 2015 cujus
1889 1952 2109 2020 sanguis

539 2032 603 2085 de
630 2040 773 2086 terra
798 2033 865 2086 ad
894 2032 1177 2086 Dominum
1201 2033 1462 2088 clamasse
1484 2035 1698 2105 legitur,
1723 2036 1814 2105 qui
1837 2039 2112 2108 exemplar

537 2130 592 2177 et
617 2140 805 2177 norma
837 2132 919 2178 est
937 2124 1175 2178 omnium
1199 2122 1488 2191 justorum,
1514 2127 1604 2196 qui
1624 2128 1831 2196 primus
1859 2144 2112 2199 persecu-

539 2214 741 2267 tioaem
766 2216 1006 2282 passuris
1031 2215 1233 2269 sanctis
1252 2215 1485 2284 praevius
1523 2218 1747 2283 exstitit,
1776 2227 1830 2273 et
1879 2220 2114 2276 civitatis

541 2304 633 2359 Dei
664 2319 825 2373 quam
856 2302 1090 2359 ﬂuminis
1149 2305 1380 2374 impetus
1411 2305 1664 2371 laetiﬁcat,
1695 2309 1901 2377 primus
1925 2309 2115 2366 funda-

540 2403 721 2448 menta
740 2393 892 2463 jecit.
919 2392 1027 2448 Aut
1050 2395 1171 2464 quis
1211 2394 1324 2450 Noe
1375 2396 1552 2450 virum
1593 2395 1799 2465 justum
1857 2415 2113 2455 accusare

538 2486 871 2554 praesumat?
902 2500 1060 2554 quem
1096 2485 1357 2541 Dominus
1384 2487 1610 2556 gratiam
1640 2503 1819 2543 coram
1863 2505 1921 2544 se
1967 2491 2115 2545 inve-

539 2576 686 2631 nisse
714 2583 962 2663 testatur,
994 2575 1086 2644 qui
1120 2574 1385 2630 secundus
1412 2585 1535 2645 post
1565 2577 1738 2632 Adam
1774 2579 1993 2633 immani
2022 2596 2113 2652 ge-

540 2666 687 2721 neris
711 2673 866 2735 pater
893 2666 1042 2720 orbis
1068 2667 1276 2720 exstitit
1304 2676 1599 2736 reparator,
1616 2676 1670 2722 et
1696 2670 1749 2723 in
1770 2676 1897 2740 typo
1914 2671 2111 2728 Christi

539 2760 630 2828 qui
657 2758 949 2812 Ecclesium
982 2758 1207 2812 diversis
1227 2759 1475 2829 gentibus
1496 2759 1705 2828 plenam
1730 2760 1871 2814 inter
1891 2760 2135 2816 munda-7

539 2863 729 2902 norum
788 2846 1045 2901 ﬂuctuum
1099 2848 1363 2902 immanes
1411 2848 1676 2917 procellas
1720 2851 2114 2919 gubernaturus

539 2948 677 3004 erat,
711 2954 850 2992 arca:
877 2938 1105 2993 diversis
1138 2938 1501 2994 animantibus
1526 2940 1715 3008 plenae,
1739 2942 1879 2996 inter
1934 2943 2113 2997 horri-

2206 437 2373 491 usque
2402 425 2468 478 ad
2494 425 2825 494 decrepitam
2854 436 3188 489 senectutem
3234 429 3285 480 in
3314 429 3528 483 Domini
3576 430 3729 485 militi:

2205 517 2470 572 militavit.
2498 519 2606 573 Aut
2639 519 2842 574 David?
2883 520 2976 588 qui
3015 519 3098 573 vir
3131 520 3325 574 dicitur
3362 520 3733 577 secundan

2206 607 2416 662 Domini
2431 608 2696 671 inventus,
2713 618 2769 664 et
2789 609 2842 662 in
2856 625 2921 664 eo
2941 610 3151 664 meritis
3170 620 3480 665 sanctorum
3501 612 3729 679 pra-latus,

2205 708 2265 753 ut
2288 709 2343 753 et
2366 700 2431 754 de
2463 698 2680 754 Christo
2710 700 2947 769 apertius
2985 701 3194 755 cunctis
3227 701 3583 770 prophetarit,
3603 710 3649 755 et
3668 717 3732 757 se-

2207 790 2440 843 cundum
2474 788 2702 843 formam
2746 790 2888 844 servi
2935 788 3052 844 eius
3096 800 3250 858 pater
3294 790 3368 844 sit
3416 799 3726 859 nuncupatus.

2208 876 2448 943 Quorum
2475 878 2519 931 si
2537 877 2720 932 laudes
2731 886 2785 932 et
2807 879 3061 947 mysteria
3084 878 3399 948 singillatim
3419 877 3731 947 proferamus,

2209 977 2334 1022 ante
2360 969 2474 1024 dies
2499 985 2661 1037 quam
2699 970 2863 1023 verba
2888 970 3140 1025 cessabit.
3186 969 3301 1023 Non
3350 972 3497 1024 enim
3535 969 3604 1023 illi
3632 969 3733 1024 ode-

2210 1059 2399 1114 rebant
2437 1059 2548 1113 Deo
2580 1058 2841 1113 sacriﬁcia
2887 1073 3125 1129 pagana,
3154 1057 3249 1112 sed
3292 1058 3564 1128 mysteriis
3591 1059 3731 1127 plena,

2210 1148 2333 1217 quia
2358 1147 2586 1202 necdum
2613 1164 2643 1202 a
2674 1148 2824 1217 pagis
2847 1147 3252 1217 Atheniensium
3278 1148 3475 1217 pagani
3498 1162 3733 1215 nz-ncupa-

2209 1238 2423 1302 bantur,
2454 1237 2668 1306 quando
2681 1237 2794 1303 jam
2816 1237 2886 1291 ab
2916 1236 3021 1292 illis
3046 1236 3156 1290 Deo
3178 1235 3505 1290 sacriﬁcium
3526 1234 3736 1289 oll‘ereba-

2211 1334 2317 1390 tur,
2340 1334 2413 1389 et,
2433 1333 2493 1379 ut
2519 1326 2591 1378 ita
2621 1324 2871 1387 dixerim,
2897 1325 3123 1377 necdum
3140 1323 3476 1378 Athenarum
3499 1325 3616 1377 urbs
3636 1339 3736 1377 con-

2211 1415 2320 1471 dita
2360 1422 2496 1479 erat,
2525 1429 2626 1468 nec
2667 1412 2900 1482 Cecrops
2948 1411 3343 1468 oﬂ‘erendorum
3395 1411 3734 1466 sacriﬁciuman

2211 1503 2580 1558 institutiones
2609 1512 2662 1556 et
2690 1517 2906 1555 ararum
2931 1502 3232 1557 ercetiones
3266 1512 3321 1555 ct
3346 1502 3635 1555 daemonum
3671 1515 3736 1566 ap-

2210 1594 2526 1664 pellationes
2560 1592 2849 1662 gentilibus
2888 1593 3199 1655 tradiderat,
3228 1606 3353 1645 cum
3381 1588 3496 1659 jam
3544 1589 3662 1643 Abel
3697 1597 3735 1639 et

2143 1666 2188 1726 Β
2212 1683 2325 1737 Noe
2357 1690 2411 1737 et
2434 1681 2704 1736 Abraham
2747 1680 2857 1734 Deo
2902 1680 3167 1735 sacriﬁcia
3213 1680 3539 1735 obtulerant.
3578 1678 3736 1733 Otrere-

2210 1774 2360 1835 bant,
2388 1771 2624 1839 inquam,
2650 1771 2817 1823 sancti
2842 1769 2954 1824 sive
2981 1778 3106 1823 ante
3139 1769 3333 1840 legem,
3362 1769 3476 1823 sive
3510 1770 3601 1823 sub
3632 1768 3734 1836 lege,

2211 1860 2473 1916 sacriﬁcia
2499 1859 2689 1929 typicis
2717 1860 2987 1929 mysteriis
3006 1860 3347 1925 obumbrata,
3372 1875 3492 1929 qua:
3541 1859 3589 1913 in
3630 1874 3733 1913 novo

2214 1960 2532 2008 testamento
2554 1967 2651 2023 per
2675 1953 3023 2007 mediatorcm
3037 1951 3131 2005 Dei
3146 1962 3198 2005 et
3219 1952 3521 2016 hominum,
3547 1950 3735 2020 expulsis

2210 2044 2544 2098 obumbratis
2565 2044 2781 2113 prmﬁgu
2791 2043 3110 2106 rationibus,
3140 2052 3264 2098 sunt
3284 2044 3546 2112 completa
3562 2084 3576 2106 ,
3597 2050 3641 2096 et
3661 2042 3730 2094 Ec-

2212 2131 2389 2185 clesia:
2427 2132 2644 2195 tradita,
2674 2132 2870 2201 quibus
2897 2147 3063 2201 usque
3093 2133 3145 2186 in
3173 2134 3333 2187 ﬁnem
3360 2133 3475 2202 ipso
3496 2131 3731 2185 auxiliante

2212 2221 2317 2275 erit
2346 2228 2618 2274 contenta.
2643 2220 2753 2275 Cur
2786 2236 2914 2291 ergo
2948 2222 3153 2290 antiqui
3178 2229 3363 2291 patres
3389 2221 3649 2276 visibiliter
3666 2232 3728 2271 sa-

2212 2308 2571 2365 criﬁcaverint
2620 2320 2674 2365 et
2723 2311 2960 2366 carnalia
3014 2311 3277 2366 sacriﬁcia
3328 2298 3727 2366 Deo-litaverint.

2211 2399 2356 2453 beati
2382 2399 2661 2469 Augustini
2693 2402 2870 2455 verbis
2910 2400 3078 2456 lector
3123 2411 3403 2472 agnoscat.
3448 2401 3533 2454 Ait
3567 2400 3683 2454 enim
3716 2412 3727 2449 :

2219 2509 2237 2541 ι
2281 2491 2410 2558 Qua:
2431 2498 2554 2546 sunt
2578 2493 2738 2546 etiam
2777 2507 2929 2547 sacra
2958 2493 3238 2561 spiritalia,
3261 2508 3492 2562 quorum
3519 2489 3729 2559 imagines

2214 2583 2484 2639 carnalem
2531 2583 2784 2653 populum
2834 2584 3107 2638 celebrare
3131 2585 3436 2653 oportebat,
3455 2589 3512 2637 ut
3534 2579 3729 2652 paeligu-

2214 2679 2354 2733 ratio
2392 2677 2515 2732 novi
2568 2676 2745 2747 populi
2812 2676 3070 2731 servitute
3114 2677 3314 2732 veteris
3362 2678 3530 2739 ﬁeret,
3552 2684 3728 2743 quorum

2215 2770 2441 2825 duorum
2470 2768 2784 2838 populorum
2815 2767 3166 2824 diﬁ‘erentiam
3192 2768 3358 2823 etiam
3386 2767 3441 2821 in
3465 2774 3728 2834 unoquoque

2214 2870 2459 2916 nostrum
2481 2860 2606 2915 licet
2629 2860 2928 2925 advertere,
2943 2875 3064 2914 cum
3086 2860 3313 2930 quisque
3333 2860 3403 2913 ab
3427 2867 3568 2912 utero
3588 2852 3728 2908 matris

2216 2958 2453 3005 veterem
2480 2950 2749 3005 hominem
2778 2964 2997 3005 necesse
3024 2957 3107 3005 est
3130 2957 3269 3019 agat,
3296 2949 3471 3004 donec
3507 2945 3657 3000 veniat
3681 2941 3728 2993 al

540 3044 793 3083 sonorum
819 3028 1075 3083 ﬂuctuum
1106 3028 1367 3085 illisiones
1405 3032 1612 3085 exstitit
1651 3034 1993 3100 gubernator,
2020 3035 2111 3104 qui
2139 3018 2186 3080 ο
2208 3042 2500 3112 juvenilem
2527 3042 2869 3106 mlatem,ubi
2885 3040 2999 3110 jam
3019 3057 3123 3097 non
3146 3049 3228 3096 est
3247 3055 3470 3096 necesse
3496 3035 3727 3093 carnaliter

540 3126 621 3171 tot
649 3117 962 3172 meritorum
991 3128 1286 3173 exornatur
1316 3119 1632 3188 insignibus,
1665 3130 1725 3176 ut
1767 3122 1855 3177 ille
1906 3132 2114 3179 tantum

541 3224 666 3263 cum
687 3207 906 3262 Daniele
930 3221 984 3261 et
1010 3205 1111 3262 Job
1135 3210 1190 3263 in
1222 3210 1308 3264 die
1332 3208 1521 3277 judicii
1546 3211 1854 3268 liberandus
1882 3215 2111 3280 dicatur,

541 3297 821 3352 Ezechiele
840 3305 1150 3363 attestante,
1174 3299 1265 3367 qui
1294 3300 1370 3354 ait
1398 3314 1412 3353 :
1449 3300 1511 3355 Si
1536 3302 1883 3371 pestilentiam
1936 3305 2113 3357 immi-

540 3402 655 3439 sero
699 3403 852 3457 super
891 3397 1085 3441 terram
1124 3387 1301 3452 illam,
1333 3398 1381 3443 et
1430 3390 1661 3458 eﬂ‘udera
1704 3391 2114 3462 indignationem

540 3495 707 3531 meum
742 3495 897 3549 super
937 3495 1052 3532 eam
1095 3480 1151 3533 in
1194 3481 1528 3550 sanguinem,
1571 3492 1626 3535 ut
1669 3483 1907 3552 auferam
1946 3501 2012 3537 ex
2052 3501 2116 3539 ea

541 3569 800 3621 hominem
822 3577 868 3621 et
881 3568 1205 3638 jumentum,
1230 3578 1277 3623 et
1303 3568 1418 3622 Noe
1438 3579 1487 3623 et
1511 3570 1697 3624 Daniel
1717 3580 1766 3624 et
1794 3571 1893 3625 Job
1919 3572 2115 3640 fuerint

539 3663 597 3715 in
618 3661 786 3714 medio
811 3662 944 3731 ejus,
962 3662 1070 3714 vivo
1086 3678 1199 3731 ego,
1216 3662 1341 3716 dicit
1356 3662 1610 3717 Dominus
1631 3663 1784 3727 Deus,
1802 3666 1925 3735 quia
1942 3664 2112 3732 [ilium

539 3760 587 3803 et
610 3749 777 3818 ﬁlium
801 3767 902 3803 non
925 3750 1233 3815 liberabant,
1249 3751 1339 3804 sed
1362 3752 1459 3823 ipsi
1472 3752 1684 3821 justitia
1706 3770 1803 3807 sua
1826 3753 2113 3807 liberabant

543 3841 746 3894 animas
771 3841 1295 3914 suas(Ezecli.x1v).
1342 3844 1399 3897 In
1439 3845 1634 3913 quibus
1690 3846 1862 3900 tribus
1913 3846 2115 3901 sanctis

542 3931 717 3984 omnis
749 3940 1057 3986 sanctorum
1084 3934 1371 3991 multitudo
1389 3937 1650 4006 signatur,
1674 3947 1732 3993 ut
1757 3954 1856 4009 per
1877 3940 1989 3996 Noe
2014 3941 2116 3997 Ec-

539 4022 719 4076 clesia:
755 4024 1161 4092 gubernatores,
1193 4040 1289 4093 per
1334 4027 1606 4111 Danigldm
1642 4030 1876 4101 virgines
1909 4041 1963 4087 et
1989 4049 2115 4087 con-

542 4114 798 4177 tinentes,
827 4127 924 4183 per
951 4113 1051 4168 Job
1081 4114 1348 4186 coniugati
1378 4125 1433 4171 et
1455 4120 1775 4186 pmnitentes
1800 4122 2111 4177 innuantur.

542 4205 648 4258 Aut
667 4206 785 4274 quis
797 4206 1070 4260 Abraham
1091 4207 1453 4275 patriarcham
1476 4224 1734 4264 accusare
1755 4210 2003 4267 affectet?
2023 4216 2113 4283 qui

541 4303 624 4348 est
640 4294 813 4362 prima
841 4294 1171 4348 credentium
1199 4296 1283 4349 via
1312 4304 1366 4349 et
1394 4297 1536 4352 beati
1564 4299 1787 4355 seminis
1824 4317 1977 4356 serus
2018 4318 2115 4372 pa-

542 4393 645 4445 ter,
661 4384 746 4436 cui
779 4398 884 4435 non
915 4383 1100 4452 legalis
1118 4385 1476 4452 observantia,
1504 4388 1596 4442 sed
1625 4387 1754 4444 ﬁdes
1779 4391 2112 4450 credulitatis

542 4484 627 4527 est
654 4472 719 4525 ad
740 4470 1008 4539 justitiam
1050 4485 1328 4543 reputata;
1379 4479 1467 4546 qui
1518 4479 1835 4535 Trinitatem
1878 4482 1932 4536 in
1987 4491 2111 4553 typo

542 4561 749 4624 videns,
789 4571 842 4615 et
888 4563 1145 4617 unitatem
1195 4566 1247 4618 in
1303 4567 1559 4637 mysterio
1619 4582 1901 4635 venerans,
1945 4572 2111 4627 divini

540 4650 723 4720 judicii
759 4666 975 4716 arcana,
995 4660 1051 4705 et
1078 4653 1141 4707 de
1172 4654 1397 4725 conjuge
1422 4673 1525 4710 anu
1559 4658 1915 4728 suscipienda:
1955 4664 2112 4718 sobo-

543 4743 608 4795 lis
626 4743 948 4810 stupendum
974 4743 1290 4799 miraculnm
1313 4747 1497 4802 audire
1521 4752 1845 4818 promeruit;
1864 4754 1955 4823 qui
1987 4754 2110 4809 ﬁdei

540 4831 697 4901 cujus
748 4833 861 4902 ipse
919 4835 1189 4903 specimen
1243 4837 1453 4901 tenuit,
1508 4838 1715 4894 futuras
1760 4843 1902 4897 circa
1952 4844 2110 4898 ﬁnem

543 4924 725 4980 mundi
759 4927 1033 4994 angustias
1077 4925 1372 4996 ﬁguraliter
1410 4929 1598 4995 sensit,
1627 4946 1748 4985 cum
1777 4932 1920 4986 circa
1952 4934 2111 4988 ﬁnem

542 5014 647 5070 diei
676 5022 851 5068 terror
884 5016 1081 5071 nimius
1112 5026 1164 5071 et
1192 5019 1507 5075 tenebrosus
1552 5037 1718 5092 super
1762 5037 1885 5077 cum
1936 5024 2111 5079 irruit.

544 5104 649 5159 Aut
689 5105 809 5173 quis
846 5104 1061 5175 Moysen
1114 5106 1471 5177 legislatorem
1500 5125 1755 5166 accusare
1794 5114 2117 5181 prmsumat?

542 5191 611 5246 de
644 5209 751 5261 quo
776 5194 1035 5264 scriptum
1067 5203 1181 5259 est,
1210 5197 1353 5265 quod
1398 5208 1545 5254 esset
1592 5200 1912 5256 mitissimus
1956 5218 2118 5272 super

544 5296 732 5335 omnes
754 5283 845 5351 qui
885 5285 1232 5340 morabantur
1257 5286 1313 5341 in
1339 5294 1480 5341 terra
1498 5328 1514 5352 ,
1541 5290 1633 5357 qui
1671 5291 1724 5344 in
1757 5298 1883 5361 typo
1912 5291 2115 5349 Christi

548 5379 809 5434 mediator
833 5380 976 5436 inter
1008 5382 1174 5436 Deum
1205 5389 1260 5437 et
1296 5382 1541 5438 homines
1568 5383 1868 5439 consistens
1904 5385 2119 5441 devicto

549 5467 877 5535 nequissimo
924 5470 1080 5525 hoste
1132 5470 1382 5540 populum
1438 5470 1503 5525 de
1555 5471 1810 5527 servitute
1864 5472 2119 5544 Egyptia

549 5555 718 5624 signis
741 5572 803 5613 ac
824 5560 1080 5630 prodigiis
1103 5560 1434 5615 terribilibus
1459 5561 1730 5617 liberavit.
1758 5562 1864 5618 Aut
1895 5562 2120 5618 Samue-

2215 3147 2423 3200 sapere,
2453 3133 2545 3187 sed
2583 3140 2758 3201 potest
2782 3132 2849 3186 ad
2883 3132 3145 3201 spiritalia
3167 3132 3446 3187 voluntate
3472 3124 3727 3186 conveniet

2215 3222 2539 3277 intrinsecus
2568 3222 2877 3293 regenerari
2908 3236 2922 3274 :
2967 3221 3109 3291 quod
3147 3236 3276 3292 ergo
3314 3221 3372 3275 in
3418 3234 3521 3274 uno
3561 3211 3723 3271 homine

2216 3321 2362 3366 recte
2385 3312 2612 3366 educato
2636 3313 2824 3366 ordine
2856 3319 3063 3365 naturae
3095 3309 3483 3380 disciplinaque
3501 3299 3721 3371 contingit.

2216 3403 2338 3468 hoc,
2364 3402 2707 3472 proportione
2752 3402 2805 3455 in
2851 3402 3104 3456 universo
3146 3414 3343 3471 genere
3386 3401 3601 3453 humano
3640 3387 3720 3443 ﬁeri

2216 3506 2310 3561 per
2333 3493 2566 3548 divinam
2604 3492 3014 3561 providentiam,
3040 3491 3329 3562 peragique
3369 3484 3724 3561 pulcherrimum

2213 3590 2314 3635 est.
2362 3601 2379 3632 ι

2805 3670 3031 3727 CAPUT
3067 3670 3205 3725 XIX.

2216 3787 2411 3841 Contra
2434 3802 2521 3839 eos
2544 3785 2632 3855 qui
2653 3783 2834 3855 dicunt
2863 3798 2885 3855 ς
2923 3781 2979 3835 Si
3010 3790 3228 3836 sanctus
3251 3775 3569 3855 Epiphanius
3587 3774 3723 3855 imagi-

2284 3870 2419 3912 num,
2453 3849 2757 3908 desiruetor
2800 3852 2902 3906 fuit
2945 3859 2999 3905 et
3037 3866 3221 3906 earum
3265 3849 3602 3922 abominator,
3629 3850 3723 3922 (tyg-

2286 3925 2443 3999 modo
2475 3922 2591 3999 ejus
2620 3923 2864 3999 discipuli
2897 3922 3159 3999 imagines
3187 3919 3536 3999 depingebant
3570 3914 3724 3999 ing:

2284 3986 2523 4065 priorum
2550 3986 2772 4065 insula,
2793 3994 2846 4046 in
2898 3986 3110 4065 templo
3137 3986 3278 4065 quod
3327 3986 3557 4065 eiusde“)

2284 4055 2500 4118 nomine
2526 4063 2891 4125 titulaverunt,
2920 4055 3035 4113 cum
3065 4055 3293 4113 videlicet
3316 4055 3479 4128 multa
3496 4055 3721 4128 pingam?

2283 4149 2401 4203 quae
2421 4150 2524 4186 non
2546 4132 2852 4203 adorantur,
2876 4124 2923 4184 et
2959 4129 3257 4200 plerumque
3280 4145 3312 4182 a
3344 4127 3489 4182 bonis
3512 4124 3718 4189 magith

2285 4201 2411 4255 mali
2437 4201 2677 4272 discipuli
2700 4202 2957 4254 oriantur.

2288 4297 2475 4366 Magna
2502 4310 2561 4350 se
2597 4294 2652 4348 in
2680 4294 2782 4348 hac
2821 4301 2975 4363 parte
3004 4291 3079 4346 illi
3122 4292 3187 4346 de
3219 4290 3414 4360 quibus
3449 4297 3607 4342 sermo
3629 4284 3713 4338 est.

2147 4367 2197 4430 θ
2218 4386 2283 4440 ad
2319 4400 2474 4440 suum
2508 4385 2749 4438 errOrem
2783 4380 3036 4435 tuendum
3064 4394 3339 4433 armorum
3370 4374 3609 4446 reperisse
3628 4380 3718 4437 gﬂ-
3747 4414 3757 4427 ,

2219 4476 2462 4531 tulantur
2504 4474 2896 4536 instrumenta,
2930 4486 2995 4526 eo
3040 4471 3183 4539 quod
3229 4470 3283 4523 in
3327 4467 3493 4523 insula
3525 4464 3719 4552 Cypro":

2218 4564 2494 4634 cujusdam
2521 4563 2692 4617 sancti
2719 4562 2822 4616 viri
2848 4559 3130 4630 Epiphanii
3157 4558 3432 4629 discipulis
3456 4552 3645 4611 basilica
3660 4544 3720 4598 di.

2214 4664 2373 4711 eatur
2401 4654 2565 4708 fuisse
2597 4652 2826 4721 depicta,
2853 4650 3006 4719 quasi
3030 4648 3172 4703 nulla
3198 4662 3285 4702 res
3305 4648 3471 4717 possit
3490 4640 3614 4715 pingi
3631 4645 3718 4703 qua!

2218 4763 2326 4802 non
2359 4745 2613 4801 continuo
2658 4744 2851 4799 debeat
2874 4740 3107 4795 adorari.
3149 4739 3282 4795 Cum
3312 4753 3440 4808 ergo
3484 4728 3715 4819 imaginet"

2218 4833 2582 4891 habendarum
2606 4832 2690 4887 vel
2716 4846 2822 4885 non
2845 4827 3210 4884 habendarum
3233 4842 3362 4882 usus
3388 4838 3487 4879 non
3518 4809 3714 4889 prejudi-

2214 4933 2302 4979 cet
2325 4923 2604 4979 catholica:
2631 4920 2751 4975 ﬁdei
2774 4918 3017 4988 puritati,
3045 4925 3254 4973 constat
3273 4916 3508 4971 eumdem
3531 4900 3712 4975 Epipha‘

2216 5018 2365 5072 nium
2397 5016 2510 5070 sive
2538 5013 2703 5068 alium
2730 5010 3022 5081 quemlibet
3042 5016 3287 5066 sanctum
3310 5009 3497 5070 virum,
3522 5013 3603 5055 nec
3619 4996 3719 5049 ima‘

2216 5100 2400 5178 ginuni
2438 5104 2605 5161 fuisse
2635 5105 3047 5166 destruetorem,
3087 5116 3187 5155 nec
3210 5093 3708 5180 earumadoraloremo

2217 5198 2615 5269 discipulosque
2643 5194 2760 5265 ejus
2781 5194 2865 5249 vel
2892 5193 3158 5264 quoslibet
3184 5191 3471 5248 catholicos
3487 5186 3608 5239 viros
3630 5186 3709 5229 non

2220 5292 2342 5346 ideo
2383 5289 2635 5345 basilicas
2672 5287 2912 5343 colorum
2954 5285 3091 5340 fucis
3119 5285 3437 5354 depinxisse,
3464 5286 3517 5335 ut
3538 5274 3711 5363 ρὶςιυξτ

2222 5380 2597 5441 adorarentur,
2626 5377 2721 5432 sed
2744 5384 2803 5431 ut
2826 5391 2892 5430 ex
2914 5375 3000 5429 eis
3022 5374 3321 5445 parietibus
3341 5359 3640 5442 pulchritudo
3656 5359 3711 5448 it?

2220 5470 2472 5532 ferretur,
2501 5475 2555 5524 et
2585 5481 2765 5521 rerum
2804 5474 3077 5536 gestarum
3108 5461 3482 5533 aspicientibus
3510 5450 3709 5547 tnve

2225 5563 2573 5630 ίπετιιιονειυτ.
2625 5559 2739 5615 Non
2770 5559 2911 5614 enim
2973 5558 3096 5627 quia
3125 5555 3401 5627 Epiphanii
3436 5537 3641 5613 discipuli
3669 5537 3707 5584 in
