4028 6180
597 167 733 227 1227

593 282 686 355 qui
716 294 857 338 verte
886 280 1042 346 lucis,
1083 279 1185 337 hoc
1221 286 1304 336 cst
1353 276 1576 343 Christi,
1613 275 1822 345 fulgore
1844 289 1955 329 sua:
1982 271 2177 343 praedi-

593 373 823 431 cationis
848 372 1032 429 verbis
1056 370 1241 428 mundi
1271 370 1550 435 tenebras,
1592 367 1900 425 diiiidentim
1926 365 2178 420 videlicet

594 466 898 537 caliginem,
942 465 1293 529 irradiarunt,
1321 460 1669 518 manifestum
1699 469 1823 528 est;
1857 459 1965 516 illis
1988 475 2021 516 a
2066 459 2174 515 Do-

593 558 745 614 mino
765 564 819 613 et
844 558 900 613 in
934 564 1081 613 terra
1105 568 1205 626 per
1230 553 1645 610 insulihtionem
1677 552 1855 617 datur,
1885 558 1941 606 et
1967 563 1998 605 e
2038 548 2176 604 coelo

595 651 652 705 in
685 648 812 720 igne
852 647 1270 718 linguarumque
1312 644 1576 702 divisione
1611 642 1848 714 Spiritus
1893 640 2066 696 sancti
2109 637 2179 692 ad

594 739 923 795 innuendam
948 738 1044 793 Dei
1068 745 1122 794 et
1141 735 1374 810 proximi
1400 734 1741 809 dilectionem
1780 731 2075 796 emittitur;
2105 727 2174 783 il—

594 834 664 891 iis
689 832 928 890 solvendi
965 832 1294 904 ligandiqne,
1336 837 1559 901 peccata
1606 824 1917 882 remittendi
1957 831 2013 879 et
2045 821 2181 878 reti-

594 925 778 990 nendi,‘
807 932 1051 979 mortuos
1072 922 1393 987 suscitandi,
1431 920 1704 975 darmones
1729 915 1998 986 ejiciendi,
2023 913 2181 969 infir-

594 1030 714 1070 mos
737 1014 981 1081 curandi,
1019 1023 1321 1083 ceteraque
1345 1008 1718 1081 hujuscemodi
1750 1022 1913 1078 opera
1940 1005 2175 1062 faciendi

593 1108 754 1161 datur
773 1113 1035 1175 potestas,
1065 1111 1121 1159 et
1149 1118 1340 1159 omnes
1365 1110 1556 1173 gentes
1592 1099 1854 1165 docendi,
1882 1105 1938 1153 et
1976 1098 2033 1152 in
2071 1112 2173 1153 no-

592 1195 741 1250 mine
762 1201 965 1250 sanctis
990 1192 1277 1249 Trinitatis
1293 1191 1605 1261 baptizandi
1627 1187 1909 1246 confertur
1939 1187 2177 1242 auctori-

593 1296 706 1355 tas;
744 1287 852 1344 iilis
875 1288 1112 1359 gaudere
1136 1285 1352 1356 jussum
1393 1293 1497 1352 est,
1539 1284 1683 1355 quod
1724 1281 1938 1338 nomina
1984 1293 2174 1336 eorum

590 1389 812 1437 aeternas
834 1380 958 1435 vita)
999 1376 1238 1435 caelestis
1268 1375 1411 1433 liber
1437 1376 1639 1431 inserta
1685 1381 1901 1439 teneat;
1938 1371 2049 1427 illis
2090 1370 2175 1426 di-

591 1480 740 1527 ctum
768 1478 890 1526 est:
927 1469 1078 1524 Beati
1120 1465 1260 1523 oculi
1282 1466 1375 1537 qui
1421 1465 1591 1521 vident
1623 1480 1742 1534 quia
1769 1478 1857 1518 vos
1883 1461 2096 1526 videtis,
2126 1468 2176 1515 et

592 1576 749 1616 aures
776 1576 896 1632 quat
943 1559 1167 1614 audiunt
1195 1572 1313 1629 qua:
1341 1556 1535 1611 auditis
1562 1555 1713 1628 (Luc.
1755 1554 1833 1626 χ),
1861 1554 1985 1624 quia
2021 1553 2175 1609 vide-

593 1654 721 1710 licet
746 1652 1043 1708 secundum
1065 1649 1307 1719 ejusdem
1335 1648 1549 1705 Domini
1581 1654 1637 1703 et
1664 1646 1961 1702 Salvatoris
2003 1644 2177 1702 nostri

594 1743 724 1799 Iesu
768 1742 973 1799 Christi
1003 1742 1412 1797 veracissimam
1440 1739 1829 1805 testimonium,
1865 1736 2018 1792 multa
2059 1753 2181 1809 pro-

592 1837 763 1908 pheta!
788 1843 836 1890 et
868 1848 1014 1905 reges
1042 1832 1312 1888 uoluerunt
1338 1830 1511 1887 videre
1562 1845 1680 1902 qua:
1719 1829 1798 1885 illi
1827 1828 2087 1894 videbant,
2128 1837 2178 1884 et

595 1928 785 1984 audire
804 1943 922 1999 quis
950 1925 1031 1982 illi
1057 1924 1358 1989 audiebant,
1389 1922 1646 1994 quoniam
1678 1921 1921 1977 omnium
1946 1920 2182 1987 patriar-

594 2021 822 2076 charum
857 2025 915 2073 et
955 2016 1345 2087 prophetarum
1374 2011 1578 2083 egregii
1626 2018 1822 2077 cattus,
1868 2023 2182 2080 quanquam

593 2112 991 2181 redemptorem
1009 2106 1191 2162 mundi
1208 2111 1495 2160 venturum
1515 2116 1617 2173 pro
1639 2101 1815 2159 salute
1840 2101 2025 2156 mundi
2051 2115 2182 2171 pro-

592 2204 791 2276 phetiae
813 2199 1039 2271 spiritus
1059 2196 1368 2254 eruditione
1396 2194 1618 2260 scirent,
1646 2206 1880 2263 eumque
1905 2192 2182 2248 interioris

596 2296 827 2353 intuitus
861 2292 1019 2350 oculo
1043 2288 1442 2361 quodammodo
1488 2295 1797 2353 cernerent,
1844 2299 1969 2341 eum
1998 2292 2181 2340 tamen

595 2403 760 2459 quem
804 2382 1162 2457 corporaliter
1203 2388 1490 2436 venturum
1529 2379 1792 2443 sciebant,
1826 2377 2185 2449 corporaliter

594 2494 819 2538 cernere
848 2476 1172 2533 aestuabant.
1204 2473 1307 2541 Qui
1343 2472 1471 2528 dum
1498 2479 1579 2528 tot
1610 2472 1933 2526 meritorum
1957 2468 2186 2540 insigni-

593 2576 696 2629 hus
723 2570 1022 2632 emineant,
1061 2574 1249 2636 totque
1281 2562 1677 2620 beatitudinum
1714 2560 2030 2618 excellentia
2061 2559 2181 2628 pal-

593 2669 764 2733 icant,
798 2664 1071 2722 incassum
1102 2661 1182 2719 eis
1225 2659 1302 2716 illi
1330 2674 1560 2730 quorum
1589 2671 1805 2715 errores
1830 2653 2178 2718 discutimus,

594 2763 954 2831 imperatores
983 2771 1114 2812 suos
1137 2752 1442 2810 assimilarc
1470 2749 1745 2806 alieetant.
1778 2747 2009 2818 Liquida
2029 2761 2185 2800 nam-

594 2866 700 2922 que
721 2857 873 2921 patet
903 2846 1176 2919 apostolos
1209 2843 1492 2917 prophetis
1518 2841 1773 2912 praelatos
1802 2854 1953 2905 esse;
1984 2838 2030 2893 si
2054 2852 2186 2908 apo-

593 2942 751 2999 stolis
776 2941 1139 3012 imperatorcs
1182 2949 1394 2999 eorum,
1441 2941 1501 2988 ut
1530 2931 1605 2987 illi
1639 2929 1945 2995 somniant,
1979 2927 2187 2983 similes

594 3043 744 3101 sunt,
797 3031 1079 3108 prophetis
1126 3025 1513 3100 praeferuntur,
1547 3022 1641 3095 qui
1685 3022 1986 3086 Christum,
2021 3033 2185 3108 quem

596 3123 956 3196 corporaliter
980 3128 1272 3177 venturum
1301 3116 1566 3182 sciebant,
1592 3110 1949 3183 corporaliter
1974 3124 2081 3165 non
2104 3107 2187 3162 vi-

597 3217 824 3282 derunt;
840 3213 885 3269 si
898 3210 1176 3284 prophetis
1190 3205 1572 3279 praeferuntur,
1590 3200 1986 3271 redemptorem
2000 3197 2184 3254 mundi

597 3305 958 3378 corporaliter
999 3301 1286 3360 viderunt;
1333 3296 1730 3366 redemptorem
1768 3299 1961 3346 autem
1998 3289 2184 3345 mundi

597 3413 695 3457 eos
706 3393 1064 3468 corporaliter
1084 3406 1190 3446 non
1207 3387 1427 3453 vidisse,
1442 3383 1844 3441 evidentissime
1869 3388 2051 3452 patet:
2077 3394 2185 3435 non

598 3491 766 3565 igitur
785 3485 1067 3565 prophetis
1090 3483 1450 3554 imperatores
1472 3489 1660 3533 eorum
1682 3472 2066 3545 prml‘eruntur,
2085 3485 2188 3527 nec

598 3564 878 3654 apostolis,
908 3585 970 3633 ut
998 3575 1075 3631 illi
1108 3575 1315 3638 dicunt,
1347 3568 1554 3626 similes
1576 3575 1724 3624 sunt.
1749 3565 2030 3636 Quomodo
2055 3579 2188 3636 ergo

598 3671 862 3745 apostolis
888 3674 1091 3739 queant
1119 3659 1428 3726 assimilari,
1461 3674 1585 3716 cum
1614 3673 1722 3715 non
1748 3655 1921 3712 solum
1948 3670 2056 3711 non
2078 3654 2188 3711 sint

598 3766 680 3820 eis
706 3761 975 3819 similibus
1000 3756 1215 3813 nteritis
1251 3752 1590 3825 aequiparati,
1623 3748 1895 3818 similique
1935 3746 2188 3803 sanctita-

600 3858 673 3914 tis
716 3856 894 3912 nitore
920 3848 1156 3923 praediti,
1189 3860 1378 3902 verum
1400 3845 1564 3901 etiam
1590 3856 1780 3899 eorum
1803 3836 2189 3896 sacratissimis

600 3945 1078 4020 praedicationibus
1121 3942 1178 3996 in
1224 3939 1473 4012 pluribus
1506 3936 1791 3991 videantur
1831 3930 2037 3989 obniti?
2079 3928 2188 3985 Aut

600 4034 872 4110 quomodo
898 4038 1154 4105 poterunt
1185 4045 1374 4087 eorum
1412 4041 1533 4083 csse
1560 4025 1787 4091 similes,
1822 4037 2053 4095 quorum
2094 4035 2189 4076 ne-

602 4132 812 4206 gligunt
845 4143 968 4186 esse
993 4121 1291 4198 sequaces?
1315 4121 1397 4177 illi
1421 4118 1612 4176 sectati
1638 4124 1765 4173 sunt
1786 4114 2030 4173 coelestia
2058 4127 2185 4185 per-

602 4223 879 4296 petimque
891 4232 1165 4283 mansura,
1194 4214 1284 4270 isti
1307 4219 1586 4269 sectantur
1599 4207 1881 4265 terrestria
1893 4217 2121 4276 quicque
2131 4212 2187 4260 et

603 4294 838 4381 caduca;
865 4311 964 4378 illi,
981 4315 1164 4380 spreto
1191 4304 1413 4369 mundo,
1435 4298 1666 4358 Domino
1680 4297 1957 4354 adhaerere
1981 4294 2187 4351 malue-

603 4416 752 4475 runt,
788 4406 879 4464 isti
910 4402 1096 4460 mundi
1124 4397 1337 4471 pompis
1361 4395 1587 4466 ejusque
1624 4389 1821 4446 fumeis
1845 4388 2057 4459 gaudiis
2090 4388 2186 4443 ad-

605 4503 895 4565 haerentes,
918 4494 1235 4568 plerumque
1255 4489 1469 4547 Domini
1497 4493 1765 4558 prmeepta
1794 4489 2085 4553 spernunt;
2122 4481 2189 4537 il-

606 4593 646 4648 li
703 4587 1137 4662 persecutionem
1189 4590 1414 4655 propter
1453 4577 1726 4649 justitiam
1788 4576 2138 4646 patiebantur
2169 4613 2187 4640 ,

608 4683 697 4739 isti
719 4680 1038 4753 plerumque
1062 4683 1288 4747 propter
1315 4668 1636 4740 injustitiam
1656 4672 2085 4738 persequuntur;
2112 4663 2189 4718 illi

608 4772 963 4830 tradebantur
983 4768 1039 4825 in
1066 4764 1334 4831 conciliis,
1360 4770 1415 4818 et
1441 4758 1854 4830 ilagcllabantur
1880 4758 1936 4812 in
1961 4772 2193 4828 synago-

607 4866 710 4938 gis,
742 4862 834 4922 isti
858 4862 1222 4937 praedicantur
1250 4858 1306 4913 in
1332 4853 1591 4924 subjectis
1616 4851 1869 4919 urbibus,
1895 4858 1951 4905 et
1991 4847 2192 4905 collau-

607 4961 806 5019 dantur
854 4959 909 5015 in
958 4954 1206 5030 populis;
1261 4949 1476 5008 illorum
1521 4944 1765 5018 epistolae
1811 4952 2028 4999 :cterna:
2068 4940 2195 4996 vita:

608 5049 938 5111 commercia
969 5056 1220 5120 gerentes
1266 5041 1606 5100 ducebantur
1651 5033 1891 5107 legendae
1924 5048 2022 5104 per
2063 5047 2192 5103 pro-

609 5143 820 5201 vincias
842 5148 899 5198 et
924 5140 1192 5211 regiones,
1223 5136 1453 5191 istorum
1477 5132 1745 5204 imagines
1773 5139 1827 5185 et
1848 5127 2052 5200 ciligies
2072 5141 2197 5196 gen-

612 5238 822 5293 tilicutn
850 5240 907 5290 et
947 5229 1251 5288 obsoletum
1294 5223 1583 5297 quemdam
1628 5236 1869 5280 errorem
1896 5220 2197 5276 referentes

614 5330 903 5388 adoranda:
929 5324 1390 5386 circumferuntur
1412 5337 1510 5393 per
1534 5322 1684 5377 vicos
1719 5328 1774 5376 ct
1809 5320 2085 5386 civitates;
2121 5318 2197 5373 illi

1473 165 1532 219 Β.
1573 162 1822 220 CAROLI
1864 159 2076 219 MAle
2113 157 2263 214 OPP.
2301 158 2479 213 PARS
2520 160 2581 215 ll.
2625 159 2867 218 SECTI'G
2906 159 2967 217 ll.
3076 179 3085 187 ·

2202 274 2250 333 Α
2279 278 2415 335 tant,
2449 274 2594 341 quod
2623 287 2683 329 se
2707 273 2854 345 diligi
2882 274 3092 345 sibique
3114 289 3331 346 parere,
3374 293 3543 349 seque
3560 282 3796 345 culleum

2275 361 2343 418 ab
2373 362 2682 445 hominibus
2708 364 2990 435 videntur;
3021 366 3129 423 illis
3148 368 3384 425 dicitur:
3412 369 3562 426 Beati
3599 379 3679 445 qui
3697 395 3799 433 seu

2272 452 2431 521 neut,
2450 444 2582 524 ‘quz‘a
2608 452 2842 512 ridebitis
2863 455 3081 528 (Matth.
3098 458 3184 530 v);
3206 459 3323 516 'mtis
3335 461 3566 518 dicitur:
3582 444 3718 521 Risu
3731 470 3799 522 έο-

2272 540 2383 596 lore
2401 543 2667 610 miscetur,
2692 553 2741 599 et
2760 554 2995 601 extrema
3016 548 3198 618 gaudii
3217 548 3394 606 luctus
3427 565 3633 623 occupet
3660 557 3799 629 (PM.

2272 631 2419 704 xxv);
2466 633 2545 688 illi
2575 634 2843 705 gaudente
2884 639 3087 694 mundo
3125 642 3443 699 contristati
3480 654 3620 713 sunt,
3644 651 3802 704 contri-

2273 734 2419 781 stato
2469 728 2648 784 denuo
2703 730 2906 786 mundo
2959 731 3200 801 gavisuri
3251 742 3401 799 sunt,
3452 735 3541 792 isti
3592 740 3804 809 gaudente

2274 816 2475 873 mundo
2494 818 2753 889 gaudent,
2776 821 3100 878 contristato
3122 824 3322 880 mundo
3350 827 3800 895 contristabuuter;

2274 907 2350 963 illi
2377 917 2573 967 euntes
2596 909 2651 965 in
2696 911 2978 979 mundum,
3006 912 3161 983 cujus
3201 913 3435 986 ﬁguram
3458 919 3801 987 praeteritur-am

2273 1004 2657 1073 przedicabant,
2697 1004 2817 1076 ejus
2862 1008 3055 1064 noxios
3102 1018 3258 1066 actus
3303 1009 3531 1078 ﬂebant,
3577 1015 3803 1072 mittentes

2274 1095 2465 1150 :eterni
2496 1094 2708 1153 fructus
2733 1098 2962 1164 semina,
2987 1099 3077 1155 isti
3103 1100 3159 1155 in
3180 1103 3387 1158 mundo
3412 1102 3619 1159 fundati
3641 1107 3698 1161 de
3711 1120 3801 1177 pro-

2277 1185 2537 1254 speritate
2580 1187 2769 1242 mundi
2798 1189 3116 1257 gaudentes,
3161 1190 3550 1261 amplexantur
3576 1200 3803 1265 pacatis

2275 1276 2403 1331 vita:
2428 1291 2717 1347 prospera;
2752 1278 2832 1334 illi
2862 1281 3142 1338 venientes
3164 1284 3232 1339 ad
3250 1282 3522 1351 judicium
3559 1289 3744 1345 venient
3761 1291 3799 1345 ὴ

2276 1367 2658 1434 exsultatione,
2695 1370 2873 1425 securi
2898 1370 2966 1426 de
2994 1380 3198 1428 aeterna
3237 1377 3801 1449 rentuneratione,por-

2277 1466 2455 1513 tantes
2477 1458 2783 1529 manipulos
2802 1461 3080 1517 hominum
3103 1477 3204 1532 per
3237 1478 3397 1520 suam
3422 1467 3799 1538 pmdicationcst

2277 1561 2683 1615 conversurum,
2703 1550 2795 1605 isti
2816 1551 3033 1608 venient
3058 1566 3186 1608 cum
3206 1569 3408 1627 magno
3429 1566 3654 1613 tremzre
3672 1559 3797 1614 redii-

2208 1616 2255 1677 Β
2282 1636 2386 1691 turi
2411 1637 2678 1693 rationem
2700 1654 2928 1709 operum
2954 1655 3198 1698 suorum.
3228 1616 3498 1715 Sedquid
3518 1647 3801 1718 amplissim-

2282 1728 2593 1784 moramur?
2620 1729 2748 1798 quid
2777 1729 2990 1800 longius
3012 1734 3344 1802 evagamur!
3368 1736 3503 1806 quid
3539 1736 3604 1792 de
3621 1738 3798 1807 iugati-

2280 1817 2383 1874 bus
2425 1818 2576 1874 silvis
2620 1820 2865 1907 modicos
2904 1819 3070 1878 tiores
3113 1822 3458 1895 colligimus,
3490 1840 3699 1896 quorum
3726 1841 3799 1881 nec

2282 1911 2624 1966 millesimam
2637 1912 2855 1982 quidem
2868 1921 3078 1983 partem
3103 1914 3360 1986 colligere
3387 1916 3652 1974 valemus?
3673 1917 3797 1972 Tata

2281 2008 2367 2058 est
2399 2002 2655 2058 distantia
2682 2004 2827 2059 inter
2850 2004 3127 2075 apostolos
3143 2013 3200 2062 et
3229 2004 3616 2077 imperatores,
3649 2020 3798 2079 qunti

2282 2090 2427 2147 inter
2467 2099 2686 2150 sanctos
2729 2101 2786 2150 et
2817 2101 3155 2164 peccatores,
3201 2103 3258 2151 et
3289 2111 3417 2152 cum
3462 2097 3671 2169 apostoli
3702 2098 3795 2153 cmi-

2283 2190 2447 2238 neant
2489 2183 2614 2239 novi
2650 2185 2961 2240 testamenti
2997 2186 3204 2242 sanctis
3230 2188 3521 2255 omnibus,
3544 2188 3692 2244 multo
3719 2203 3796 2241 stn-

2282 2273 2424 2344 plius
2461 2274 2704 2331 eminere
2743 2276 3038 2332 creduntur
3074 2279 3479 2348 peccatoribus.
3513 2278 3557 2337 0
3599 2279 3794 2341 aduhtio,

2282 2379 2382 2420 cur
2409 2371 2558 2420 tanta
2597 2365 2914 2435 przesumis?
2944 2363 2990 2423 0
3022 2366 3200 2423 oleum
3225 2371 3480 2427 rancoris
3519 2370 3680 2442 potius
3705 2386 3796 2426 cta-

2284 2452 2484 2510 bcrans
2499 2454 2766 2523 nidorem,
2782 2469 2947 2525 quam
2969 2454 3213 2513 lenitatis
3229 2467 3328 2514 aut
3340 2460 3578 2516 nectaris
3596 2460 3791 2515 nitoml

2284 2558 2317 2598 a
2345 2544 2719 2601 sacerdotibus
2754 2546 3025 2612 venderis,
3055 2562 3087 2602 a
3130 2548 3462 2618 prtesulibus
3499 2550 3550 2604 iu
3589 2549 3795 2605 lectorum

2284 2632 2641 2707 quorumdam
2670 2635 2849 2705 capita
2875 2635 3062 2702 illinis,
3090 2643 3146 2691 et
3170 2637 3317 2707 quod
3342 2637 3602 2709 Propheta
3621 2637 3705 2694 sibi
3732 2637 3792 2692 ad-

2286 2722 2465 2779 hiberi
2490 2723 2775 2780 exhorruit
2799 2742 2814 2779 :
2868 2724 3078 2792 Oleum,
3106 2726 3386 2796 inquiens,
3413 2738 3793 2790 peccatorum

2284 2815 2568 2887 impinguet
2586 2824 2740 2887 caput
2764 2832 2937 2871 meum
2953 2815 3127 2888 (Psal.
3147 2816 3318 2889 cui),
3347 2818 3403 2875 id
3427 2816 3792 2890 pontiﬁcum»

2289 2915 2380 2960 tus
2398 2905 2783 2978 imperatorum
2802 2906 3071 2975 capitibus
3098 2906 3256 2974 indit,
3290 2917 3349 2964 et
3382 2908 3524 2980 quod
3546 2907 3794 2978 evangelia

2210 2968 2259 3031 ε
2288 2968 2525 3066 virgines
2543 2995 2831 3051 emendum
2843 2968 3099 3052 dixerunt
3121 3011 3153 3052 a
3177 2968 3689 3067 venditoribushoc:
3699 2996 3793 3068 ptui

2286 3083 2441 3140 dolor
2465 3085 2479 3140 l
2507 3083 2693 3141 fideles
2730 3093 2787 3139 et
2822 3085 3077 3147 maxime,
3089 3087 3276 3157 populi
3323 3096 3563 3145 rectores
3596 3094 3743 3145 emunt
3769 3099 3791 3137 ι

2284 3173 2628 3243 prtesulibus.
2665 3173 2821 3243 Quod
2863 3189 2995 3244 ergo
3023 3191 3093 3232 ex
3128 3177 3324 3233 eodem
3359 3178 3588 3249 Spiritu,
3612 3175 3740 3232 idest
3769 3187 3793 3225 ι

2285 3275 2476 3323 sancto
2509 3267 2736 3338 Spiritu,
2781 3268 3001 3324 eosdem
3051 3268 3446 3340 imperatores,
3479 3272 3726 3342 prudentes
3755 3274 3792 3317 et

2287 3360 2512 3416 idoneos
2536 3358 2710 3416 factos
2741 3374 2862 3416 esse
2885 3360 3086 3416 virtute
3110 3360 3179 3417 ad
3199 3360 3585 3431 perfectionem
3608 3372 3725 3414 suam
3742 3353 3791 3407 ia-

2289 3461 2492 3519 tentur,
2539 3451 2888 3508 manifestum
2930 3460 3016 3509 est
3038 3468 3231 3509 omnes
3258 3453 3450 3511 fideles
3480 3453 3570 3524 qui
3595 3449 3790 3506 veraciter

2285 3542 2580 3602 Christiani
2608 3550 2768 3610 sunt,
2798 3551 3049 3621 sanctum
3087 3543 3287 3600 habere
3332 3543 3607 3617 Spiritum,
3640 3540 3793 3595 dicente

2284 3634 2583 3705 Apostolo:
2632 3635 2881 3709 Quisquis
2921 3637 3179 3709 Spiritum
3207 3636 3410 3692 Christi
3445 3652 3546 3692 non
3578 3629 3791 3695 Ιωῡεῌιίι

2288 3741 2393 3780 non
2418 3736 2494 3781 est
2522 3726 2639 3797 ejus
2669 3725 2852 3799 (Rom.
2880 3725 3030 3799 vni),
3051 3727 3198 3797 quod
3220 3727 3460 3799 Spiritus
3488 3722 3792 3785 sanctidontm

2288 3825 2345 3876 et
2364 3825 2488 3887 post
2512 3817 2841 3888 baptismum
2862 3832 2962 3888 per
2991 3832 3182 3874 manus
3210 3818 3598 3889 impositionem
3619 3808 3789 3869 infundi-

2289 3922 2400 3982 tur,
2437 3924 2494 3971 et
2521 3915 2646 3972 vita:
2673 3915 2939 3971 munditia
2966 3915 3266 3971 secundum
3312 3916 3616 3972 meritorum
3643 3908 3789 3964 distan-

2290 4009 2424 4064 tiam
2453 4008 2683 4081 singulis
2724 4006 3089 4073 distribuitur,
3135 4006 3355 4062 dicente
3383 4020 3508 4061 vase
3541 3996 3789 4059 electionis:

2291 4101 2585 4174 Unicuique
2614 4101 2743 4155 data
2776 4108 2852 4155 est
2880 4100 3054 4172 gratia
3075 4098 3366 4154 secundum
3385 4107 3658 4153 mensuram
3674 4085 3787 4161 (Epi-

2290 4196 2389 4267 tv).
2416 4193 2735 4265 Quanquam
2780 4192 2946 4263 igitur
2973 4191 3029 4248 in
3067 4190 3175 4249 alio
3218 4190 3343 4248 loco
3379 4189 3672 4247 scribatur:
3706 4176 3788 4267 Nos

2289 4264 2427 4345 enim
2454 4287 2523 4343 ad
2545 4264 2848 4342 mensuram
2873 4285 2965 4340 dat
2988 4283 3132 4340 Deus
3165 4282 3425 4354 Spiritum
3447 4281 3615 4353 (Joon.
3636 4272 3724 4343 tu),
3744 4264 3788 4320 Id

2292 4395 2605 4437 mensuram
2653 4387 2837 4434 tamen
2886 4375 3138 4434 ﬁdelibus
3187 4374 3489 4445 quibusque
3528 4368 3786 4438 impertiit";

2291 4473 2437 4544 quod
2461 4477 2644 4525 autem
2672 4467 2752 4523 ait
2780 4482 2796 4521 :
2841 4464 2967 4521 Non
2993 4465 3133 4519 enim
3179 4463 3249 4518 ad
3279 4475 3571 4518 mensuram
3598 4450 3789 4544 dati)!"

2292 4541 2549 4635 Spiritum
2565 4602 2582 4629 ,
2640 4561 2745 4615 hoc
2772 4559 2839 4615 de
2865 4557 2980 4613 solo
3001 4556 3140 4612 Filio
3162 4555 3257 4625 qui
3299 4541 3789 4635 consubstantialisest

2290 4624 2443 4712 Patri
2486 4665 2544 4711 et
2566 4624 2812 4725 Spiritui
2862 4660 3055 4708 sancto
3104 4649 3455 4721 intelligatur,
3500 4642 3581 4711 cui
3627 4650 3714 4693 non
3742 4624 3789 4683 ιδ

2292 4763 2603 4805 mensuram
2625 4746 2850 4817 spiritus
2873 4745 3031 4800 datur
3048 4784 3066 4811 ,
3103 4743 3363 4814 quoniam
3389 4739 3540 4813 juxta
3568 4727 3692 4790 Pauli

2294 4855 2413 4897 cem
2459 4857 2472 4894 :
2506 4837 2575 4893 In
2603 4812 2715 4909 ip—so
2753 4836 2991 4891 habitare
3029 4812 3375 4906 corporaliter
3414 4828 3571 4887 omnis
3591 4812 3790 4895 ριιιὶιιάο

2296 4932 2584 4988 divinitatis
2611 4932 2843 4987 creditur
2880 4929 3021 5003 (Col.
3042 4929 3129 5004 ιι).
3152 4929 3310 4997 Quod
3337 4937 3513 4984 autem
3548 4920 3609 4978 ad
3632 4922 3786 4972 ωωευι

2296 5041 2416 5081 ram
2469 5024 2587 5081 dari
2612 5023 2848 5095 Spiritus
2893 5031 2949 5079 et
2993 5022 3221 5095 singulis
3267 5019 3475 5093 singula
3520 5009 3786 5098 distrilmrft

2296 5125 2458 5189 prout
2479 5116 2614 5182 vult,
2653 5091 2874 5181 dicitur,
2921 5115 3027 5172 hoc
3052 5091 3122 5170 de
3160 5091 3406 5171 ﬁdelibus
3440 5108 3700 5181 quibusque
3732 5091 3791 5145 di-

2298 5220 2446 5268 ctum
2472 5224 2594 5266 esse
2617 5209 2821 5278 absque
2840 5207 3199 5277 ambiguitate
3218 5206 3494 5277 accipitur.
3532 5195 3625 5253 Sed
3648 5196 3787 5278 quin:

2299 5303 2385 5358 vis
2414 5271 2851 5372 unumquemque
2875 5271 3269 5355 catholicorum
3299 5271 3502 5355 constet
3523 5271 3789 5372 habere???

614 5423 761 5480 beati
791 5422 906 5477 fore
929 5436 961 5476 a
984 5417 1214 5474 Domino
1237 5415 1367 5472 dicti
1393 5422 1540 5480 sunt,
1569 5427 1817 5469 cumcos
1840 5411 2081 5468 odissent
2103 5411 2201 5466 lto-
2301 5397 2469 5452 Υίῐιιηὶ
2497 5403 2765 5458 sanctum,
2784 5392 2939 5463 Ῐυλῑίὶ
2978 5391 3122 5462 quod
3162 5390 3407 5462 superius
3457 5374 3788 5480 [ﬁliumfilan

617 5517 824 5581 mines,
855 5522 910 5571 et
943 5510 1215 5584 persecuti
1241 5508 1491 5572 inissent,
1524 5515 1577 5562 et
1601 5520 1762 5561 omne
1782 5505 1982 5560 malum
2005 5504 2199 5560 adver-

619 5624 720 5664 sus
750 5624 849 5665 eos
874 5605 1198 5661 mentientes
1221 5601 1508 5668 dixissent,
1530 5599 1621 5654 isti
1648 5598 1702 5653 in
1725 5614 1790 5654 eo
1813 5616 1872 5655 se
1893 5601 2081 5658 beatos
2100 5619 2199 5675 pu-

2302 5498 2356 5544 et
2377 5486 2637 5557 exemplis
2663 5484 3069 5551 illustravimus,
3097 5482 3306 5538 nullum
3333 5490 3504 5535 tamen
3527 5477 3691 5528 nostra!
3706 5465 3789 5560 ίξξιπς

2305 5588 2374 5642 tis
2405 5568 2686 5640 hominem
2703 5579 2996 5637 secundum
3035 5576 3343 5649 apostolica:
3370 5578 3607 5630 mensum:
3625 5555 3783 5631 gratii-m
