4028 6180
325 174 463 233 1229

321 284 585 355 Spiritum
613 299 861 346 sanctum
890 296 1163 364 accepisse
1186 300 1370 356 dicere
1391 310 1666 373 audemus,
1696 320 1789 366 aut
1817 314 1897 367 af-

321 379 541 434 firmare
566 379 827 437 valemus.

906 538 1133 598 CAPUT
1171 544 1313 602 XXI.

315 658 470 754 Begu
507 665 649 754 quod
673 666 921 754 dixerunt
942 688 964 753 _:
987 671 1160 754 liabet
1204 678 1348 754 enim
1409 686 1727 754 prophetia:
1757 690 1894 747 Ecce

384 732 528 832 rvirgo
566 734 633 832 in.
666 747 811 791 utero
839 743 1077 832 aqcipjct,
1102 756 1152 826 et
1195 751 1359 830 pariet
1399 732 1738 832 iutilia

383 800 727 899 hajiqautem
748 800 1096 899 prophetiam
1111 815 1166 898 in
1193 800 1478 899 imagittexn
1506 800 1885 899 nos\vidcntcs:

382 871 633 967 videlicet
660 871 1007 967 virginén'rin
1045 884 1186 941 ulnis
1210 871 1478 967 ferentem

377 944 652 1026 quomodo
686 944 1072 1026 sustinebimus
1104 970 1213 1009 non
1246 944 1474 1016 adorare

380 1012 513 1097 Quis
546 1014 975 1097 htdisciplipatus
1005 1032 1182 1097 mente
1227 1012 1481 1086 resistere

379 1082 755 1167 allapso-uiam
788 1084 979 1159 dignos
1030 1094 1178 1167 enim
1210 1082 1478 1167 maps};
1496 1082 1885 1166 eamihi:

375 1153 655 1249 orationis,
694 1166 753 1211 ut
795 1153 903 1214 non
941 1164 1261 1221 accedentes
1283 1153 1887 1249 itidigniﬁaaan-s-dppli-

376 1221 521 1277 cium
544 1225 852 1284 subeamus.

376 1353 686 1427 Propbetia,
739 1376 859 1431 qua;
888 1363 1151 1436 virginem
1201 1382 1588 1444 concepturam
1627 1386 1683 1435 et
1711 1380 1882 1439 filium

303 1447 602 1515 parituram
630 1449 859 1520 intonat,
891 1471 997 1511 non
1031 1457 1142 1527 jam
1187 1461 1242 1517 in
1268 1463 1489 1521 incertis
1535 1477 1591 1524 et
1617 1474 1883 1546 ambiguis

300 1546 385 1593 est
408 1543 713 1609 qumrenda,
749 1547 844 1601 sed
883 1547 935 1602 in
964 1561 1180 1619 pectore
1211 1556 1509 1625 retinenda,
1537 1579 1636 1619 nec
1661 1543 1882 1633 cjusvar-

301 1643 440 1683 cana
469 1634 726 1703 mysteria
751 1644 876 1691 sunt
914 1638 967 1693 in
991 1641 1235 1710 picturis,
1265 1649 1358 1702 sed
1381 1649 1434 1704 in
1463 1652 1659 1708 divinis
1685 1654 1879 1715 litteris
1910 1672 1956 1730 Β

300 1733 593 1792 earumque
618 1726 1076 1801 explanatoribus,
1105 1737 1362 1807 apostolis
1394 1741 1639 1812 videlicet
1665 1763 1880 1805 eorum-

298 1828 403 1883 que
435 1820 859 1888 successoribus,
892 1823 1280 1899 investiganda,
1307 1840 1360 1886 et
1387 1833 1491 1889 fide
1512 1840 1689 1906 potius
1716 1857 1877 1910 quam

295 1905 469 1961 oculis
516 1907 791 1965 intuenda.
825 1912 942 1968 Non
979 1917 1125 1971 enim
1157 1919 1297 1976 idem
1338 1926 1702 1985 nobilissimus
1731 1941 1879 1988 vates

293 1994 459 2053 lsaias
484 1998 757 2073 Evangelii
787 2004 942 2060 nobis
976 2009 1158 2077 potius
1182 2025 1342 2081 quam
1394 2018 1689 2087 prophetia:
1734 2023 1879 2078 refe-

296 2103 420 2143 rens
441 2102 686 2161 saporem
710 2095 786 2149 ait
810 2112 823 2149 :
850 2093 961 2151 Nisi
995 2098 1278 2169 pinxeritis
1292 2111 1346 2159 et
1369 2109 1723 2167 adoraveritis
1744 2112 1877 2168 ima-

286 2180 463 2250 gines,
486 2198 591 2238 non
616 2188 1031 2257 permanebitis;
1072 2192 1167 2246 scd
1194 2193 1287 2260 ait,
1318 2194 1381 2251 Si
1398 2214 1503 2252 non
1531 2201 1872 2272 credideritis,

290 2285 397 2323 non
418 2273 783 2340 permanebitis
808 2272 946 2347 (Isa.
998 2278 1117 2349 vn).
1155 2280 1494 2339 Manifestum
1553 2287 1736 2359 itaque
1766 2302 1869 2359 est,

289 2373 416 2412 eum
454 2361 547 2430 qui
574 2362 629 2416 in
680 2366 950 2422 mandatis
998 2367 1194 2425 divinis
1247 2372 1370 2428 fidei
1414 2375 1725 2448 integritate
1759 2382 1873 2438 vult

287 2463 625 2518 permanere,
655 2462 712 2509 et
741 2456 808 2510 ad
842 2464 1102 2512 :eternam
1139 2465 1633 2522 remunerationem
1663 2472 1866 2540 venire,

290 2537 651 2597 instrumenta
682 2557 780 2614 per
813 2559 933 2615 quae
966 2548 1035 2602 ad
1059 2549 1176 2605 hzec
1201 2553 1383 2606 veniat
1410 2566 1519 2609 non
1567 2556 1622 2611 in
1648 2537 1871 2629 parieti-

287 2631 409 2696 bus,
439 2647 546 2687 non
577 2633 630 2688 in
663 2636 878 2703 tabulis,
914 2654 1022 2694 non
1059 2640 1113 2695 in
1139 2643 1385 2712 picturis,
1416 2662 1523 2701 non
1552 2648 1607 2703 in
1642 2651 1865 2720 quibus-

285 2720 417 2778 libet
461 2723 764 2782 visibilibus
800 2729 982 2795 rebus,
1037 2733 1132 2787 sed
1171 2733 1225 2787 in
1259 2736 1420 2790 corde
1448 2751 1546 2806 per
1589 2737 1769 2808 fidem,
1809 2742 1866 2799 in

285 2831 382 2869 ore
397 2829 496 2884 per
521 2816 931 2883 confessionem,
966 2822 1022 2879 in
1050 2839 1213 2895 opere
1232 2842 1329 2896 per
1352 2829 1614 2886 bonorum
1644 2842 1865 2891 actuum

291 2906 680 2962 exbibitionem
714 2910 915 2966 habere
936 2913 1152 2979 debere,
1205 2925 1260 2971 et
1312 2921 1537 2976 credere
1599 2923 1862 2995 virginem

1106 185 1283 244 [ΑΗΒ]
1322 190 1771 254 C.\ROl.lNl.’—-
1803 204 2022 263 CAPIT.
2067 212 2152 268 DE
2191 216 2375 273 BMG.
2418 253 2487 263 -—
2525 225 2648 282 LIB.
2693 229 2776 286 IV.

3430 249 3566 304 1:230

1922 327 1969 381 Α
2000 335 2145 421 rens,
2168 334 2261 379 aut
2280 325 2537 387 Bctsabee
2563 335 2901 396 SJomonem
2924 355 3159 416 jactans,
3189 364 3279 409 aut
3302 355 3573 421 Elisabcth

2000 407 2260 470 Joannem
2316 419 2578 489 bajulans,
2619 438 2711 483 aut
2755 435 3007 502 qumlibet
3056 443 3251 500 mulier
3292 450 3573 517 parvulum

2000 516 2156 559 suum
2185 514 2434 613 .tcnens?
2468 515 2535 571 Et
2564 528 2622 573 ut
2657 524 2725 579 ad
2773 528 3000 596 gentiles
3028 530 3239 592 fabulas
3269 514 3571 613 veniamus,

1997 606 2118 660 qua:
2145 596 2458 672 plerumque
2484 607 2706 679 depicta:
2732 613 3095 690 inveniantur,
3138 628 3281 683 unde
3314 631 3456 688 scire
3481 650 3573 691 va-

1996 683 2168 741 lemus
2210 698 2389 747 utrum
2436 696 2614 755 Venus
2641 704 2711 757 sit
2736 706 2948 766 Ainean
2980 722 3187 784 tenens,
3215 735 3282 774 an
3309 723 3569 786 Alcmena

1995 774 2276 891 Herculem
2320 799 2564 858 portans,
2609 810 2676 849 an
2704 797 3077 863 Andromacha
3111 810 3437 883 Astyanacta
3478 837 3571 891 ge-

1992 871 2162 968 rens?
2195 871 2330 930 Nam
2356 879 2399 933 si
2437 896 2535 950 pro
2554 886 2657 940 alia
2688 888 2794 945 alia
2828 894 3104 966 aduratur,
3148 904 3415 964 dementia
3445 871 3565 984 est;

1990 956 2036 1010 si
2068 967 2245 1019 tamen
2267 982 2329 1021 ea
2355 987 2475 1040 qua}
2506 978 2773 1035 adoranda
2808 985 3020 1053 penitus
3041 1008 3149 1048 non
3168 1004 3269 1063 est,
3291 958 3566 1072 aduratur:

1988 1054 2205 1156 vesania
2239 1067 2359 1114 est:
2390 1067 2534 1132 quod
2572 1078 2860 1143 utrumque
2904 1083 3202 1140 cavendum
3232 1098 3334 1144 est.
3378 1054 3566 1166 Pingi:

1989 1148 2077 1196 tur
2095 1145 2259 1202 etiam
2309 1152 2497 1208 eadem
2545 1157 2703 1215 beata
2737 1164 2888 1235 virgo
2938 1172 3168 1240 qualiter
3206 1145 3566 1254 aselli

1985 1236 2130 1293 mine
2158 1250 2328 1308 vecta,
2355 1260 2579 1314 puerum
2623 1253 2678 1308 in
2707 1255 2848 1312 ulnis
2892 1258 3072 1320 ferens
3121 1265 3317 1341 Jasxph
3362 1277 3564 1343 prtevio

1987 1328 2378 1438 itrEgyptum_
2409 1339 2788 1414 descenderit,
2844 1353 3141 1420 qualiterve
3329 1328 3564 1438 A‘igyp‘o

1985 1419 2053 1475 ad
2113 1430 2313 1479 terram
2362 1426 2526 1484 Israel
2585 1436 2806 1493 redierit
2871 1419 2974 1514 (in
3025 1446 3271 1516 pluribus
3330 1419 3563 1530 namque

1982 1513 2225 1568 materiis
2279 1516 2394 1573 haec
2455 1521 2679 1580 historia
2760 1530 2966 1593 inditur
2992 1578 3007 1602 ,

1978 1699 2279 1765 potatoriis,
2307 1701 2575 1762 interdum
2604 1710 2659 1764 in
2686 1715 2876 1770 sericis
2916 1718 3265 1792 indumentis,
3325 1730 3557 1799 plerum-

1980 1801 2086 1856 que
2142 1797 2325 1849 tamen
2372 1794 2427 1850 in
2478 1802 2792 1876 stragulis),
2863 1812 3233 1881 nunquidnam
3285 1794 3400 1877 huic
3442 1839 3559 1879 om-

1978 1884 2069 1939 nia
2105 1885 2375 1944 adoranda
2412 1896 2583 1951 sunt?
2629 1897 2763 1954 Cum
2799 1915 2930 1975 ergo
2976 1906 3029 1961 in
3065 1911 3306 1981 quolibet
3360 1917 3556 1975 horum

1977 1974 2157 2046 imago
2183 1987 2386 2035 sancta:
2406 1982 2633 2054 virginis
2656 1974 2882 2058 puerum
2912 1974 3146 2053 tenentis
3171 2000 3412 2069 peeua'lis
3441 2007 3556 2062 ani-

1977 2066 2176 2120 mantis
2207 2076 2357 2139 tergo
2378 2082 2631 2143 suscepta
2671 2078 2947 2148 adoratur,
2984 2066 3226 2156 nunquid
3254 2107 3361 2146 non
3384 2093 3555 2166 ipsius

1975 2154 2269 2214 animantis
2301 2177 2421 2216 eum
2453 2178 2518 2219 ea
2554 2167 2732 2239 imago
2769 2171 3066 2231 adoraturi
3106 2179 3254 2235 nullo
3284 2154 3427 2240 enim
3459 2202 3555 2258 pa-

1973 2256 2063 2303 cto
2078 2250 2134 2304 in
2150 2255 2422 2313 adorando
2446 2260 2727 2332 utriusque
2744 2264 3013 2337 imaginis,
3037 2272 3261 2345 virginis
3281 2250 3552 2349 videlicet,

1975 2342 2089 2396 sive
2119 2344 2431 2415 animantis,
2462 2354 2706 2422 quazdam
2730 2366 2909 2426 potest
2923 2360 3039 2419 fieri
3060 2342 3381 2440 diremptio;
3413 2342 3552 2442 prae;

1972 2435 2157 2490 sertim
2180 2451 2302 2493 cum
2323 2441 2484 2499 unius
2498 2445 2607 2500 sint
2632 2450 2892 2519 materia},
2921 2469 3135 2525 unoque
3154 2459 3380 2517 artificis
3403 2463 3551 2537 inge-

1969 2522 2060 2577 nio
2071 2529 2477 2603 cotupaginataa,
2499 2542 2594 2588 aut
2626 2538 2904 2611 utriusque
2924 2543 3167 2601 adoratio
3184 2559 3268 2605 est
3293 2522 3550 2620 spernen-

1970 2613 2054 2682 da,
2074 2627 2166 2672 aut
2189 2629 2431 2692 utrasque
2444 2634 2569 2679 sunt
2590 2627 2895 2686 adorandzn.
2911 2631 3018 2689 Sed
3033 2636 3174 2691 dicet
3190 2613 3420 2697 {orta-sse
3434 2645 3547 2714 spi-

1968 2709 2192 2764 nosulus
2232 2706 2429 2784 aliquis
2455 2729 2470 2768 :
2496 2715 2621 2773 Hinc
2667 2722 2899 2779 assertio
2944 2726 3201 2783 adorandi
3256 2721 3547 2791 animantis

1965 2798 2275 2857 frustranda
2329 2812 2433 2873 est,
2465 2808 2717 2877 quoniam
2766 2827 2890 2866 cum
2933 2815 3226 2884 quemlibet
3273 2820 3545 2880 hominem

1965 2890 2223 2946 cathedra
2249 2905 2558 2968 susceptum
2581 2908 2674 2954 aut
2702 2902 2896 2959 baculo
2923 2904 3166 2961 innixum
3194 2925 3356 2967 causa
3401 2913 3545 2968 salu-

283 3008 405 3064 qua:
425 2994 759 3054 Salvatorem
786 3002 1008 3070 protulit
1032 3004 1232 3068 mundi,
1262 3022 1367 3061 non
1394 3007 1447 3062 in
1472 2986 1864 3070 mundanorum
1892 3017 1938 3078 C
1969 2991 2188 3078 innoxius
2214 2986 2531 3055 adoramus’
2575 3006 2683 3045 non
2711 3007 2835 3047 cum
2875 3007 2941 3049 eo
2994 2997 3306 3054 cathedram
3368 3019 3545 3075 neque

282 3084 553 3140 artificum
595 3088 867 3158 operibus,
901 3092 996 3146 sed
1037 3092 1091 3147 in
1138 3097 1326 3150 αξιοιεηί
1375 3105 1429 3153 et
1476 3099 1857 3160 inenarrabilis

281 3173 508 3231 artificis
545 3190 729 3247 opere,
772 3179 827 3235 id
857 3189 961 3247 est,
1012 3183 1069 3238 in
1116 3185 1427 3244 cmlestibus
1455 3192 1671 3248 sedibus
1715 3209 1855 3252 esse.

285 3258 439 3320 Unde
486 3281 707 3323 necesse
738 3278 822 3325 est
881 3279 943 3326 ut
987 3273 1233 3344 quisquis
1285 3292 1405 3333 eam
1456 3280 1682 3338 adorare
1719 3284 1861 3339 desi-

277 3353 452 3418 derat,
503 3371 610 3411 non
657 3358 713 3412 in
759 3359 1000 3416 colorum
1049 3363 1204 3432 fucis,
1255 3369 1442 3422 nonin
1492 3373 1859 3431 matcrialibus

276 3442 524 3511 opificiis,
566 3460 672 3500 non
713 3445 769 3501 in
797 3450 1126 3519 quibuslibet
1151 3453 1403 3523 officinis,
1438 3462 1532 3513 sed
1563 3460 1653 3516 illo
1703 3478 1855 3518 men-

279 3531 348 3585 tis
375 3532 547 3588 aciem
576 3535 723 3605 figat,
754 3553 862 3607 quo
880 3555 1001 3596 eam
1042 3558 1167 3598 cum
1213 3545 1429 3601 Christo
1466 3563 1692 3620 regnare
1730 3568 1858 3607 eon-

275 3633 404 3679 stat.
435 3623 569 3681 Nam
597 3628 723 3684 dum
750 3630 825 3685 illi
855 3630 1126 3688 dixerint:
1160 3634 1315 3690 Hanc
1340 3647 1515 3693 autem
1531 3641 1856 3711 prophetiam

271 3719 328 3773 in
366 3720 645 3792 imaginem
667 3740 761 3778 nos
787 3725 1033 3790 videntes,
1071 3727 1302 3783 videlicet
1328 3730 1577 3800 virginem
1613 3733 1669 3786 in
1716 3733 1855 3790 ulnis

271 3807 517 3876 ferentem
541 3827 690 3880 qum
703 3814 902 3881 genuit,
925 3815 1186 3883 quomodo
1217 3818 1583 3875 sustinebimus
1621 3837 1724 3889 non
1759 3824 1856 3878 ad-

267 3910 423 3952 drare
454 3909 504 3952 et
529 3903 798 3955 osculari?
829 3902 957 3968 Quis
985 3905 1404 3979 indisciplinatus
1432 3922 1597 3966 mente
1621 3915 1853 3971 resistere

268 3990 520 4045 audebit?
546 4000 602 4046 et
629 4008 728 4049 nos
764 4009 904 4064 pene
928 3997 1118 4054 cadem
1151 4001 1315 4055 verba
1347 4016 1502 4069 sono,
1529 4019 1637 4059 non
1667 4020 1848 4075 sensu,

267 4081 438 4136 secuti
468 4084 779 4154 ingerimus.
805 4087 955 4144 Hanc
977 4098 1155 4145 autem
1182 4092 1451 4162 picturam
1476 4095 1530 4150 in
1559 4098 1736 4153 tabula
1758 4109 1851 4155 aut

268 4173 477 4241 pariete
497 4183 803 4243 cernentes,
835 4177 1102 4248 virginem
1128 4181 1378 4238 videlicet
1416 4183 1680 4254 depictam
1714 4203 1845 4259 pue-

268 4279 387 4317 rum
428 4263 481 4318 in
508 4265 651 4321 ulnis
688 4266 971 4337 ferentem,
1003 4274 1275 4340 quomodo
1313 4290 1704 4345 prtcsumemus
1731 4296 1845 4336 rem

1964 3075 2216 3131 baculum
2256 3078 2484 3135 adorare
2512 3092 2897 3152 monstramur,
2929 3088 3024 3143 sed
3052 3089 3269 3147 homine
3310 3093 3544 3150 salutato

1961 3166 2051 3225 illa
2100 3168 2389 3225 insalutata
2434 3187 2711 3230 remanere
2753 3177 3064 3235 creduntur.
3119 3181 3282 3252 Cujus
3316 3187 3542 3256 spinula:

1959 3259 2063 3316 hoc
2094 3261 2253 3317 modo
2290 3264 2608 3332 quassanda:
2631 3275 2792 3321 sunt:
2841 3267 2960 3324 Alia
2994 3280 3076 3326 est
3100 3272 3340 3331 definitio
3369 3277 3543 3334 homi-

1959 3349 2061 3414 nis,
2109 3350 2215 3405 alia
2269 3351 2447 3408 baculi
2501 3354 2614 3410 sive
2665 3359 2977 3416 cathedrae:
3013 3365 3268 3432 quoniam
3322 3369 3539 3437 quidem

1957 3440 2121 3496 homo
2146 3442 2401 3498 delinitur
2430 3445 2525 3510 ita,
2556 3445 2729 3501 Homo
2755 3459 2831 3503 est
2861 3452 3062 3507 animal
3090 3455 3370 3525 rationale,
3399 3476 3541 3514 mor-

1954 3533 2081 3598 tale,
2109 3534 2325 3600 risibile,
2351 3544 2407 3589 et
2440 3547 2635 3591 caztera
2668 3537 3036 3607 hujuscemodi
3060 3560 3075 3609 ;
3104 3547 3364 3603 cathedra
3408 3566 3537 3608 vero

1956 3622 2040 3677 vel
2068 3622 2290 3679 baculus
2322 3638 2429 3678 non
2458 3626 2648 3680 eodem
2687 3629 2845 3682 modo
2870 3628 3219 3702 definiuntur,
3262 3639 3355 3694 sed
3395 3639 3538 3697 vires

1954 3728 2117 3767 sensu
2151 3714 2367 3784 vitaque
2393 3724 2659 3783 carentes,
2696 3733 2797 3788 pro
2818 3719 3044 3777 artificis
3057 3727 3402 3805 experientia
3450 3734 3535 3788 vel

1953 3803 2228 3860 voluntate
2239 3805 2307 3859 ad
2328 3804 2505 3861 officia
2527 3808 2721 3877 quibus
2748 3813 3053 3867 necessaria
3064 3803 3190 3870 sunt
3208 3831 3533 3889 praeparata,

1953 3902 2009 3950 et
2034 3903 2228 3949 caetera
2255 3893 2664 3967 hujuscemodi;
2697 3899 2787 3956 ubi
2813 3900 3018 3972 liquido
3047 3913 3200 3974 patet
3221 3907 3368 3964 aliud
3410 3926 3536 3971 esse

1954 3983 2274 4038 rationalem
2315 3985 2586 4041 hominem
2628 3988 2912 4046 salutando
2948 3992 3346 4060 adorare,aliud
3364 4003 3544 4054 calin--

1953 4075 2106 4129 dram
2142 4075 2225 4130 vel
2248 4076 2519 4140 baculum,
2549 4086 2607 4133 ut
2627 4088 2752 4150 pote
2778 4095 2866 4136 res
2887 4081 3206 4151 insensatas,
3234 4085 3529 4147 insalutata

1952 4165 2283 4236 relinquere.
2307 4167 2366 4222 in
2398 4167 2708 4227 definitione
2730 4186 2858 4228 vero
2882 4173 3133 4246 virginea:
3153 4178 3267 4236 sive
3290 4185 3532 4251 pecuniis

1948 4259 2239 4314 animantis
2260 4259 2529 4332 imaginis,
2562 4277 2685 4317 cum
2719 4273 2964 4336 utrmque
2989 4267 3098 4324 sint
3122 4284 3287 4328 sensu
3310 4273 3530 4346 vitaque

266 4358 595 4416 insensatam
631 4363 879 4431 adorare,
915 4371 970 4419 et
1001 4380 1138 4436 opus
1170 4366 1455 4437 cujuslibet
1494 4370 1719 4427 artificis
1754 4388 1843 4429 os-
1869 4361 1921 4420 1)
1941 4363 2208 4418 carem“:
2251 4369 2317 4410 ex
2341 4368 2448 4410 una
2474 4357 2701 4413 "mem
2738 4356 2914 4425 ίδοίίεν
2940 4377 3049 4418 υηο
3076 4366 3374 4438 “idemque
3394 4372 3525 4426 επιῖ·

264 4449 478 4505 eulari?
512 4450 645 4519 Quis
683 4453 1111 4525 indisciplinatus
1141 4459 1246 4515 tale
1284 4458 1495 4516 facinus
1530 4472 1843 4533 perpetrare

262 4538 499 4606 audebit,
526 4549 586 4597 ut
617 4543 987 4602 adorationem
1024 4547 1123 4603 soli
1151 4550 1382 4605 creatori
1411 4551 1647 4607 debitam
1681 4570 1841 4611 crea-

260 4630 400 4684 turis
438 4631 731 4702 impendat,
762 4643 817 4690 et
845 4638 971 4692 dum
1009 4639 1124 4694 vult
1175 4639 1356 4697 favere
1384 4642 1629 4712 picturis,
1669 4646 1840 4701 sacris

260 4721 527 4777 renitatur
546 4723 874 4794 Scripturis?
890 4728 1040 4795 Esto,
1071 4730 1247 4802 imago
1275 4742 1474 4790 sancta:
1496 4736 1592 4791 Dei
1619 4738 1841 4805 genitri-

260 4814 338 4867 cis
388 4815 660 4873 adoranda
715 4826 819 4885 est,
878 4822 1021 4876 unde
1069 4822 1209 4879 scire
1258 4840 1543 4895 possumus
1588 4843 1708 4897 qua:
1770 4829 1841 4884 sit

257 4904 375 4971 ejus
400 4907 596 4977 imago,
624 4916 719 4963 aut
745 4911 939 4979 quibus
963 4913 1179 4970 indiciis
1220 4931 1252 4972 a
1280 4919 1491 4973 cmteris
1514 4919 1840 4990 imaginibus

257 4994 581 5051 dirimatur?
615 4998 811 5068 quippe
853 5017 976 5055 cum
1016 5003 1163 5058 nulla
1210 5004 1266 5059 in
1302 5007 1554 5062 omnibus
1591 5007 1841 5064 differen-

258 5085 327 5139 tia
354 5096 550 5155 praeter
579 5089 849 5146 artificum
876 5094 1286 5162 experientiam,
1323 5106 1378 5153 et
1423 5114 1610 5154 eorum
1642 5101 1838 5170 quibus

253 5188 544 5248 operemur
583 5179 817 5251 opificia,
853 5183 1312 5256 materiarumquc
1342 5188 1656 5258 qualitatem
1689 5190 1839 5245 inve-

255 5270 455 5323 niatur.
491 5268 626 5325 Cum
653 5286 780 5343 ergo
808 5272 1074 5343 depictam
1106 5275 1388 5344 pulchram
1428 5279 1717 5347 quamdam
1761 5277 1839 5335 fe-

254 5361 453 5415 minam
494 5378 721 5433 puerum
760 5363 815 5419 in
840 5364 985 5420 ulnis
1014 5374 1196 5421 tenere
1228 5369 1519 5434 cernimus,
1553 5370 1599 5424 si
1644 5385 1833 5441 super-

252 5451 475 5522 scripzio
508 5452 740 5508 necdum
784 5453 926 5511 facta
954 5455 1045 5521 sit,
1085 5463 1179 5510 aut
1214 5457 1484 5527 quondam
1518 5457 1657 5513 facta
1708 5474 1836 5514 casu

251 5542 482 5611 quedam
514 5544 793 5611 demolita,
820 5561 925 5616 qua
954 5546 1220 5602 industria
1245 5549 1552 5605 discernere
1576 5550 1834 5619 valemus,

252 5641 431 5687 utrum
462 5631 596 5689 Sara
627 5634 696 5689 sit
722 5634 872 5692 Isaac
898 5643 1106 5707 tenens,
1146 5647 1237 5692 aut
1268 5638 1513 5695 Rebecca
1548 5639 1714 5697 Jacob
1758 5641 1833 5698 f‘c-

1944 4446 2045 4502 fice
2088 4444 2352 4510 formatae,
2408 4445 2482 4500 ita
2516 4446 2618 4503 sibi
2666 4457 2852 4504 mutuo
2899 4451 3233 4511 cohmrcntes
3304 4469 3364 4515 ut
3408 4462 3528 4519 sine

1943 4536 2203 4603 materiae,
2235 4536 2292 4591 in
2314 4552 2419 4607 qua
2450 4537 2506 4592 in
2540 4538 2782 4609 subjecto
2811 4551 2957 4608 sunt,
3001 4544 3228 4605 discidio
3272 4551 3340 4607 ab
3379 4552 3524 4610 invi-

1940 4641 2059 4681 cem
2086 4634 2357 4696 nequeant
2382 4629 2643 4697 scparari,
2671 4645 2808 4699 pene
2830 4633 2976 4688 nulla
3013 4642 3095 4690 est
3119 4636 3174 4691 in
3216 4638 3522 4699 definiendo

1939 4718 2214 4774 distantia.
2256 4718 2317 4774 In
2359 4721 2556 4790 quibus
2586 4738 2710 4778 cum
2754 4733 2904 4781 tanta
2948 4727 3021 4782 sit
3050 4729 3318 4799 parilitas,
3370 4740 3518 4791 tanta

1939 4809 2191 4875 societas,
2230 4817 2380 4866 tanta
2414 4811 2651 4868 materia:
2690 4814 2837 4881 unio,
2875 4825 2969 4872 aut
3016 4819 3297 4889 utriusque
3325 4823 3521 4879 adora-

1940 4900 2016 4958 tio
2050 4908 2135 4957 est
2179 4900 2532 4970 suscipienda,
2583 4914 2676 4958 aut
2705 4905 2986 4975 utriusque
3025 4913 3347 4978 spernenda.
3383 4912 3520 4969 Cum

1937 5005 2067 5061 ergo
2110 4991 2283 5045 altera
2315 4991 2385 5046 ab
2418 4990 2586 5046 altera
2634 4993 2815 5048 dirimi
2853 4996 2971 5051 sine
3003 4998 3229 5054 discidio
3261 5013 3515 5069 nequeat,

1938 5092 1993 5141 et
2042 5093 2302 5153 utraeque,
2368 5096 2438 5138 ne
2486 5080 2631 5139 forte
2682 5086 2976 5143 animantis
3022 5090 3200 5160 imago
3236 5092 3515 5161 adoretur,

1939 5173 2153 5228 adorari
2180 5190 2287 5230 non
2320 5172 2570 5240 debeant,
2604 5184 2773 5231 restat
2810 5187 2869 5235 ut
2893 5189 3133 5250 utrmque
3177 5183 3511 5242 adorationis

1938 5267 2143 5322 honore
2192 5276 2433 5332 careant,
2487 5276 2544 5322 et
2593 5277 3035 5326 ornamentorum
3085 5274 3422 5330 solummodo
3458 5277 3517 5332 in

1936 5354 2177 5416 basilicis
2206 5368 2300 5415 aut
2322 5360 2379 5415 in
2412 5360 2742 5431 quibuslibet
2767 5363 2899 5420 locis
2932 5365 3051 5421 loca
3081 5376 3316 5435 teneant,
3350 5379 3405 5424 et
3428 5384 3517 5427 as-

1935 5453 2262 5523 picientibus
2307 5468 2491 5509 rerum
2530 5462 2806 5525 gestarum
2852 5459 3172 5514 memoriam
3216 5461 3511 5530 prtebeant,

1936 5544 2190 5613 quoniam
2212 5558 2335 5598 cum
2367 5551 2445 5599 tot
2473 5544 2806 5609 diverticulis
2835 5546 2889 5600 in
2925 5553 3104 5603 tantos
3131 5562 3346 5605 errores
3376 5549 3513 5604 ima-

1936 5635 2122 5707 ginum
2163 5626 2405 5692 adoratio
2435 5645 2643 5707 vergat,
2676 5635 2822 5691 nulla
2851 5653 2970 5694 eam
3000 5651 3145 5695 stare
3190 5640 3334 5697 intra
3376 5655 3507 5696 san—
