4030 6196
468 205 593 274 tsat'
1021 237 1046 260 ι

1331 221 1396 274 Β.
1437 221 1684 279 CAROLI
1716 222 1928 279 MAGNI
1962 221 2110 278 OPP.
2147 223 2325 280 PARS
2363 226 2427 280 ll.
2463 225 2703 284 SECTIO
2740 227 2804 282 ll.

3579 225 3605 279 «Ι
3615 224 3730 280 ΞΞΞ

463 349 604 390 ctam
629 334 923 390 Ecelesiam
950 335 1229 405 perspicua
1254 345 1392 391 ratio
1422 348 1706 393 monstrat.
1744 339 2041 394 llortantur
2071 345 2110 400 Α
2143 340 2196 395 in
2235 342 2337 396 boc
2373 356 2586 411 quoque
2621 341 2975 395 deliramento
3011 339 3436 411 reprehenditur,
3477 355 3544 394 eo
3581 340 3732 408 quod

462 443 593 495 ergo
620 426 693 481 illi
721 441 779 482 se
805 437 1010 491 mutuo,
1041 436 1098 481 ut
1119 426 1268 498 digni
1295 428 1594 483 eﬂieiaatur
1619 430 1686 483 ad
1711 429 1894 485 oscula
1923 429 2036 484 sive

465 520 808 574 adorationes
855 535 1036 574 rerum
1086 535 1247 574 sensu
1305 521 1620 583 carentium,
1655 522 1936 577 dicentes:
1977 520 2045 574 In

465 609 570 664 tale
614 608 847 663 oscufum
877 610 1062 680 dignos
1115 611 1250 664 enim
1299 611 1532 680 nosipsos
1563 610 1821 680 faciamus
1854 611 2046 664 adora-

466 701 641 763 tionis,
699 712 753 753 ut
803 717 907 753 non
953 699 1250 754 accedentes
1304 701 1507 771 indigni
1556 699 1681 755 01a:
1735 700 2046 772 supplicium

466 790 762 845 subeamus.
820 790 928 844 Nos
983 790 1210 860 denique
1267 791 1456 862 dignos
1515 806 1613 846 nos
1670 789 1931 845 faciamus
1977 791 2044 844 ad

470 878 798 933 adorandum
835 879 1069 933 divinam
1117 877 1474 948 majestatem,
1523 881 1632 936 imo
1680 881 1748 936 ab
1791 895 1857 936 eo
1901 879 2046 949 digni

468 968 770 1023 efficiamur
789 985 816 1022 a
835 984 940 1038 quo
961 981 1043 1024 est
1067 971 1203 1024 bene
1235 970 1366 1024 velle
1392 979 1447 1026 et
1469 969 1745 1040 perlicere,
1777 977 1831 1024 et
1853 977 1911 1022 ut
1934 967 2046 1022 veri

469 1061 785 1114 adoratores
825 1075 931 1113 non
957 1061 1270 1114 secundum
1316 1076 1500 1115 eorum
1549 1060 1838 1114 vanitatem
1861 1059 2050 1113 adore-

470 1165 590 1203 mus
616 1150 897 1203 Dominum
939 1149 990 1204 in
1020 1149 1250 1219 quadam
1275 1149 1526 1222 imagine,
1565 1151 1658 1204 sed
1687 1151 1739 1204 in
1771 1149 1962 1219 spiritu
1993 1156 2048 1202 et

471 1239 718 1301 veritate,
744 1237 954 1292 dicente
996 1238 1110 1308 ipsa
1143 1239 1423 1293 Vcritate:
1461 1236 1580 1293 Veri
1606 1238 1911 1292 adoratores
1954 1237 2050 1290 ad-

469 1330 689 1384 orabunt
721 1330 932 1385 Patrem
963 1331 1017 1385 in
1045 1332 1229 1403 spiritu
1250 1341 1296 1385 ct
1327 1332 1536 1385 veritate
1561 1329 1739 1403 (Joan.
1770 1328 1868 1400 tv).
1895 1327 2048 1395 Quod

469 1439 598 1477 vero
638 1438 696 1478 se
739 1423 859 1477 ideo
904 1423 974 1477 ad
1025 1423 1207 1477 oscula
1256 1431 1312 1477 et
1370 1422 1708 1477 adorationes
1755 1421 2048 1490 imaginum

468 1514 660 1581 dignos
694 1512 835 1567 effici
886 1521 1126 1577 monent,
1164 1527 1231 1567 ne
1278 1511 1418 1566 forte
1457 1513 1579 1567 Oza‘.
1613 1526 1827 1580 pmnam
1877 1511 2046 1572 luant,

470 1605 689 1658 videant
731 1617 800 1658 ne
833 1601 973 1657 illius
1009 1603 1445 1672 prmsumptionis
1491 1616 1676 1664 causa,
1712 1615 1817 1670 qua
1863 1607 1918 1654 et
1959 1599 2048 1654 ille

471 1711 654 1749 aream
693 1693 903 1748 Domini
930 1694 1132 1762 absque
1160 1707 1256 1747 suo
1306 1690 1630 1746 adminiculo
1667 1704 1913 1744 casuram
1939 1703 2040 1758 pu-
2071 1677 2118 1737 Β

471 1787 626 1852 tavit,
650 1794 704 1841 et
726 1786 815 1840 isti
846 1785 1194 1840 nihilominus
1223 1784 1388 1838 divini
1418 1783 1596 1839 cultus
1619 1781 1891 1850 regionem
1922 1781 2045 1837 abs-

473 1894 580 1952 que
657 1877 950 1949 imaginum
1009 1876 1334 1931 adminiculo
1398 1873 1761 1929 frustrandum
1829 1881 2044 1942 putant,

472 1970 589 2040 ejus
621 1967 914 2023 exitiabilis
947 1981 1121 2036 pmnae
1169 1965 1489 2020 sententiam
1538 1966 1802 2019 subeant:
1851 1962 2048 2034 quippe

473 2076 597 2114 eum
644 2073 745 2113 nec
781 2057 871 2112 illa
899 2072 966 2112 ne
996 2064 1195 2120 rueret,
1250 2055 1367 2124 ejus
1415 2053 1690 2110 fulcimine
1736 2053 2047 2122 indiguerit,

476 2165 574 2206 nec
605 2149 705 2204 ista
734 2157 796 2204 ut
823 2148 1030 2203 ﬁrmius
1064 2155 1188 2213 stet,
1220 2147 1432 2202 illarum
1461 2145 1734 2201 fulcimine
1773 2146 2046 2216 indigeat;

475 2251 531 2298 et
549 2241 690 2297 sicut
715 2241 804 2296 illa
855 2240 1054 2296 nulLam
1085 2241 1197 2294 Deo
1233 2238 1581 2310 indigentiam
1628 2238 1870 2308 patiente
1927 2239 2052 2292 abs-

475 2347 580 2401 que
615 2331 794 2402 aliquo
853 2330 936 2385 sui
980 2345 1108 2384 casu
1163 2328 1287 2385 Ozze
1344 2329 1708 2384 sus'entaculo
1740 2336 1964 2382 vacante
1990 2327 2054 2382 il—

477 2422 626 2494 lapsa
676 2421 968 2486 ferebatur,
1008 2421 1083 2475 ita
1137 2421 1392 2474 nimirum
1439 2421 1540 2475 ista
1581 2421 1806 2475 Domino
1853 2421 2054 2490 guber-

479 2521 642 2568 nante
675 2513 877 2582 absque
911 2511 1020 2566 ullo
1052 2510 1329 2580 naufragio
1365 2510 1659 2580 imaginum
1704 2510 2056 2580 opitulatione

480 2604 776 2673 postposita
814 2602 1134 2656 intemerata
1170 2609 1436 2655 servatur.
1471 2600 1610 2667 Quid
1639 2615 1768 2672 ergo
1789 2611 1872 2656 est
1918 2614 2058 2654 arca:

481 2695 792 2751 testamenti
830 2693 1043 2748 Domini
1068 2709 1186 2763 quze
1211 2709 1241 2746 a
1284 2692 1510 2748 Domino
1543 2693 1957 2764 gubernabatur,
1993 2707 2059 2748 ne

480 2801 665 2841 casum
696 2793 988 2856 pateretur,
1026 2800 1244 2838 manum
1272 2784 1405 2839 velle
1438 2785 1758 2854 subponere,
1805 2783 1912 2839 nisi
1963 2799 2059 2839 ca-

481 2877 696 2933 tholicae
731 2876 976 2947 religioni
1005 2891 1126 2946 quae
1153 2891 1184 2928 a
1237 2874 1463 2930 Domino
1509 2876 1694 2945 utique
1723 2876 1944 2945 regitur,
1994 2890 2062 2930 ne

482 2970 624 3026 inter
645 2967 804 3036 hujus
829 2968 952 3021 vita:
988 2966 1180 3020 itinera
1211 2967 1435 3031 titubet,
1469 2966 1760 3037 imaginum
1791 2967 2060 3021 adoratio-

482 3075 606 3115 nem
628 3057 762 3112 velle
789 3055 1112 3112 admittere?
1136 3055 1240 3110 Aut
1265 3055 1350 3110 cui
1378 3055 1662 3110 assimilari
1697 3065 1872 3126 potest
1926 3054 2056 3123 Oza,

483 3152 573 3222 qui
623 3151 824 3220 absque
883 3147 1223 3202 sacerdotum
1278 3155 1334 3200 et
1395 3146 1787 3202 conlevitarum
1837 3147 2062 3202 consilio

487 3244 721 3314 quadam
756 3240 1163 3312 przesumptibili
1190 3255 1319 3294 cura
1353 3256 1550 3294 novum
1573 3257 1711 3296 arcze
1736 3242 1948 3296 Domini
1971 3258 2066 3298 vo-

483 3336 587 3390 luit
640 3331 1062 3390 sustentaculum
1111 3339 1392 3401 przcstare,
1437 3331 1541 3385 nisi
1579 3332 1699 3387 istis
1734 3333 1823 3402 qui
1862 3333 2064 3403 absque

489 3434 800 3484 sanctorum
844 3423 1068 3479 Patrum
1108 3423 1347 3477 doctrina
1379 3431 1436 3476 et
1482 3425 1922 3479 eonsacerdotum
1968 3441 2067 3496 per

485 3519 727 3574 diversas
762 3513 943 3569 mundi
985 3527 1168 3582 partes
1208 3513 1622 3568 constitutorum
1673 3531 1935 3570 consensu
1978 3533 2065 3570 ar-

484 3608 730 3679 rogantia
771 3605 1000 3676 quadam
1035 3612 1090 3659 et
1119 3605 1464 3673 superciliosa
1513 3605 1811 3660 intentione
1862 3623 2063 3662 novam

487 3698 808 3754 Christiana:
828 3695 1070 3766 religioni
1100 3695 1392 3765 imaginum
1419 3694 1790 3751 adorationem
1819 3697 2066 3753 nituntur

485 3790 760 3849 inserere?
781 3788 1019 3844 Perdidit
1040 3788 1204 3859 igitur
1231 3787 1396 3842 vitam
1421 3788 1513 3859 qui
1539 3803 1717 3843 arma]
1747 3789 1838 3843 Dei
1863 3790 2065 3845 tumide

486 3891 790 3938 sustentare
820 3878 1108 3942 affectavit,
1139 3879 1264 3948 quia
1291 3880 1382 3949 qui
1422 3880 1589 3934 Deum
1619 3881 1708 3950 qui
1751 3882 1946 3950 ubique
1979 3891 2032 3937 to
2049 3917 2060 3921 r-

487 3982 574 4027 tus
607 3979 706 4036 est,
731 3970 929 4039 ubique
969 3968 1252 4033 mirabilis,
1287 3982 1345 4022 re
1377 3969 1557 4039 aliqua
1600 3968 1838 4040 indigere
1876 3970 1929 4023 in
1958 3985 2064 4040 qua

488 4068 744 4121 adoretur
770 4064 958 4129 credit,
992 4079 1222 4133 eumque
1250 4064 1303 4118 in
1335 4065 1494 4148 rebus
1527 4065 1828 4119 visibilibus
1857 4064 2063 4132 adorat,

490 4157 790 4212 cavendum
816 4164 898 4210 est
925 4170 992 4210 ne
1023 4163 1152 4209 tunc
1195 4154 1360 4208 vitam
1389 4155 1597 4225 perdat,
1630 4171 1751 4209 cum
1776 4154 1893 4222 ejus
1931 4155 2066 4210 vita-

489 4250 630 4304 libus
671 4247 894 4305 monitis
930 4244 1146 4316 procaci
1179 4252 1358 4299 meute
1402 4245 1623 4299 resistit.
1673 4245 1888 4299 Levites
1936 4260 2066 4315 ergo

2141 432 2372 501 majores
2397 448 2524 488 suos
2549 449 2644 503 pro
2674 432 2852 487 tritico
2879 431 3084 485 zizania
3115 431 3318 486 sevisse
3342 429 3733 485 ecclesiasticis

2141 524 2303 594 agris,
2329 524 2618 593 vinumque
2645 538 2798 592 aquae
2824 522 3104 576 miscuisse
3132 530 3184 576 et
3207 522 3480 592 proximos
3505 530 3733 591 potasse

2141 612 2446 668 turbulento
2469 620 2597 682 potu
2623 611 2892 676 dixerunt,
2921 611 3222 682 pnesertim
3251 625 3373 664 eum
3409 611 3462 664 in
3491 610 3594 664 hoc
3624 625 3730 666 nc-

2143 704 2287 770 gotio
2324 719 2458 773 pene
2493 703 2547 757 in
2583 702 2834 757 omnibus
2870 703 2924 756 in
2954 703 3147 772 quibus
3183 701 3258 756 illi
3291 701 3579 771 deliquisse
3611 716 3735 757 cre-

2145 793 2364 859 duntur,
2382 795 2467 849 isti
2491 809 2596 848 non
2612 797 2784 848 solum
2801 809 2862 847 ea
2880 809 2984 847 non
3004 792 3336 857 emendasse,
3352 807 3536 846 verum
3556 793 3731 846 etiam

2145 884 2374 954 amplius
2401 885 2688 953 deliquisse
2714 883 3134 954 perhibeantur;
3165 881 3395 951 denique
3427 881 3733 936 secundum

2145 985 2356 1047 poetam
2385 977 2474 1045 qui
2504 977 2581 1030 ait
2605 990 2620 1030 :

2303 1065 2396 1114 Pro
2423 1064 2549 1113 molli
2573 1065 2717 1124 viola,
2745 1077 2834 1126 pro
2862 1075 3109 1126 mrpureo
3136 1066 3372 1122 narcisso.

2305 1126 2524 1178 C-nrduus
2547 1135 2600 1176 et
2621 1125 2774 1188 spinis
2795 1125 2973 1187 surgat
2997 1125 3211 1188 paliurus
3231 1131 3405 1188 acutis,

3081 1188 3216 1237 Vno.
3233 1187 3410 1250 lylog.
3434 1201 3481 1235 ν.

2146 1270 2374 1326 istorum
2410 1269 2704 1339 majoribus
2737 1285 2836 1342 pro
2871 1270 3051 1326 tritico
3091 1277 3444 1325 surrexerunt
3483 1268 3734 1334 zizania,

2147 1359 2268 1415 istis
2288 1376 2416 1416 vero
2439 1376 2536 1431 pro
2558 1361 2738 1416 tritico
2776 1360 2998 1416 zizaniis
3019 1359 3243 1416 necdum
3268 1359 3467 1415 evulsis
3491 1359 3739 1430 paliurus

2148 1451 2405 1516 surrexit,
2436 1450 2561 1521 quia
2592 1450 2842 1506 videlicet
2865 1450 3192 1522 prophetica:
3217 1460 3271 1504 et
3299 1450 3626 1519 evangelica
3653 1451 3738 1504 si-

2149 1554 2213 1593 ve
2233 1541 2538 1610 apostolicte
2557 1540 2954 1611 praedicationis
2973 1540 3216 1611 neglecto
3237 1539 3415 1595 tritico
3429 1579 3447 1604 ,
3472 1539 3524 1594 in
3547 1555 3655 1608 qua
3677 1549 3741 1594 et

2151 1629 2267 1685 loca
2290 1629 2485 1684 divinis
2505 1629 2738 1684 cultibus
2758 1629 3059 1700 mancipata
3083 1629 3332 1686 exornari
3349 1637 3662 1695 censentur,
3679 1640 3744 1686 et

2144 1719 2312 1776 solius
2337 1719 2432 1774 Dei
2456 1719 2632 1775 cultus
2655 1727 2711 1774 et
2732 1719 2976 1774 adoratio
2997 1718 3420 1783 commendatur,
3445 1728 3538 1773 aut
3563 1719 3620 1772 iu
3641 1736 3738 1775 or-

2145 1821 2522 1868 namentorum
2547 1828 2578 1868 a
2604 1813 2842 1868 basilicis
2868 1812 3177 1877 abolitione,
3203 1822 3295 1868 aut
3323 1813 3380 1868 in
3405 1814 3731 1869 eorumdem

2146 1914 2584 1961 ornamentorum
2613 1906 2956 1972 adoratione,
2989 1906 3319 1962 zizaniorum
3347 1908 3648 1962 amentium
3676 1919 3739 1964 et

2148 1996 2341 2067 paliuri
2369 1996 2568 2066 spinosi
2598 1996 2960 2067 perniciosum
2999 1997 3192 2064 dogma
3229 1997 3535 2068 percepisse
3573 2012 3740 2051 mon-

2148 2097 2419 2154 strantur,
2469 2097 2524 2144 et
2569 2088 2661 2158 qui
2707 2088 3003 2143 debuerant
3047 2085 3317 2142 frumento
3361 2085 3528 2141 divini
3583 2087 3744 2141 verbi

2149 2185 2357 2231 mentes
2383 2175 2617 2230 fidelium
2647 2175 2790 2231 illius
2817 2175 3081 2230 satietatis
3106 2190 3223 2244 qua:
3249 2175 3364 2230 sine
3385 2172 3606 2229 fastidio
3627 2183 3745 2240 est,

2151 2267 2480 2338 plenitudine
2505 2266 2755 2333 rebare,
2792 2267 2882 2322 illo
2916 2268 3164 2337 dogmate
3192 2282 3316 2333 eas,
3352 2267 3497 2336 quod
3527 2266 3744 2338 ingenti

2153 2359 2370 2415 fastidio
2397 2369 2451 2415 ct
2480 2361 2768 2414 amentiam
2791 2360 2961 2414 nutrit
2986 2367 3040 2414 et
3065 2373 3311 2414 errorum
3341 2357 3557 2413 aculeos
3586 2357 3746 2429 inge-

2154 2450 2244 2514 rit,
2292 2450 2538 2504 nituntur
2587 2449 2825 2505 inficere.
2876 2448 3015 2506 Vino
3055 2449 3221 2504 etiam
3267 2463 3462 2518 aquam
3507 2447 3748 2517 majores

2155 2557 2284 2596 suos
2312 2539 2592 2596 miscuisse
2620 2539 3091 2608 turbulentumque
3113 2547 3298 2608 potum
3321 2537 3589 2608 proximis
3611 2553 3744 2607 pro-

2157 2629 2254 2684 fati
2273 2637 2399 2684 sunt
2420 2630 2735 2699 pr0pinasse
2756 2647 2769 2682 :
2788 2629 2985 2698 quibus
2999 2644 3102 2684 non
3126 2629 3327 2698 absque
3350 2627 3560 2682 ratione
3581 2627 3748 2697 objici

2157 2729 2352 2793 potest,
2369 2720 2513 2790 quod
2541 2719 2772 2788 majores
2796 2735 2982 2775 eorum
3011 2719 3194 2773 vinum
3224 2718 3362 2775 sacri
3390 2717 3616 2788 eloquii,
3637 2734 3750 2787 quo

2160 2811 2238 2866 uti
2276 2811 2603 2876 debuerant,
2639 2826 2791 2880 aqua:
2823 2810 3178 2880 permixtione
3209 2808 3514 2878 insapidum
3549 2807 3749 2862 effece-

2162 2911 2308 2968 runt,
2334 2917 2455 2957 cum
2479 2909 2794 2956 ornamenta
2817 2915 2848 2954 a
2876 2901 3113 2956 basilicis
3140 2899 3397 2955 abolenda
3422 2908 3744 2962 sanxerunt,

2086 3020 2133 3082 ο
2164 2997 2251 3051 isti
2279 3011 2406 3051 vero
2429 2994 2668 3064 ejusdem
2695 2996 2804 3050 vini
2831 3004 3015 3066 potum
3037 3011 3068 3052 a
3085 2996 3576 3064 praedecessorum:
3605 3011 3747 3065 aqua

2163 3087 2406 3143 vitiatum
2434 3101 2638 3142 veneno
2664 3094 2943 3151 acuerunt,
2967 3101 3090 3142 cum
3112 3099 3171 3141 se
3197 3085 3459 3156 imagines
3485 3085 3745 3141 adoram—

2162 3197 2252 3236 ros
2284 3181 2470 3250 eisque
2496 3180 2775 3236 servitium
2806 3180 3141 3235 exbibituros
3160 3178 3418 3251 professi,
3447 3194 3750 3249 earumque

2162 3253 2527 3326 adorationem
2567 3277 2884 3339 spernentes
2917 3268 3350 3324 anathematibus
3383 3270 3751 3323 condemnare

2164 3360 2341 3415 conati
2367 3370 2510 3415 sunt.
2547 3359 2748 3415 Deinde
2777 3359 3142 3415 turbulentum
3167 3369 3349 3429 potum
3374 3361 3595 3430 utrique
3617 3376 3745 3431 pm-

2164 3452 2324 3506 ximis
2351 3451 2636 3522 pr0pinare
2662 3465 2767 3505 non
2791 3451 3131 3513 erubescunt,
3166 3466 3286 3505 cum
3306 3451 3746 3521 praedicationem

2163 3557 2338 3606 suam,
2357 3557 2517 3611 quam
2535 3541 2706 3596 sacris
2725 3540 2952 3610 eloquiis
2972 3548 3028 3594 et
3049 3541 3309 3595 bonorum
3325 3556 3552 3610 operum
3568 3555 3750 3596 exem-

2163 3633 2266 3704 plis
2314 3647 2576 3688 exornare
2632 3633 2958 3696 debuerant,
3007 3631 3160 3686 vanis
3201 3639 3257 3685 et
3301 3632 3751 3688 extraordinariis

2164 3723 2634 3778 constitutionibus
2680 3723 2871 3777 vitiare
2915 3738 3022 3776 non
3069 3721 3352 3786 differunt,
3409 3738 3641 3793 eamque
3693 3734 3752 3778 et

2165 3816 2515 3886 praesentibus
2541 3815 2648 3868 vita
2678 3814 2758 3868 vel
2782 3823 2904 3868 actu
2932 3823 3232 3869 monstrare
3263 3824 3318 3870 et
3345 3817 3626 3870 memoriae
3649 3832 3751 3885 po-

2166 3906 2428 3960 steritatis
2456 3905 2671 3974 scriptis
2705 3905 2959 3958 mandare
2988 3919 3094 3959 non
3123 3913 3388 3960 metuunt.
3437 3903 3593 3970 Quod
3621 3920 3754 3960 veno

2166 4011 2262 4051 eos
2288 3995 2387 4049 sub
2412 3994 2638 4064 pellibus
2661 3993 2838 4049 ovium
2863 3993 3017 4064 lupos
3041 3993 3235 4059 celare,
3261 4002 3317 4048 et
3335 4002 3518 4063 spreta
3547 3995 3749 4048 verita-

2170 4099 2220 4143 te
2237 4090 2570 4144 mendacium
2587 4086 2834 4158 amplecti
2856 4095 3184 4150 asseverant,
3209 4085 3442 4155 idipsum
3465 4087 3520 4140 in
3539 4102 3600 4141 se
3622 4087 3754 4157 ipsis

2170 4181 2285 4235 ﬁeri
2323 4180 2673 4251 conspicient,
2711 4179 2757 4233 si
2799 4178 3079 4249 diligenter
3111 4178 3412 4232 advertant.
3451 4177 3588 4231 Nam
3624 4179 3751 4232 dum

2171 4272 2244 4326 illi
2288 4287 2532 4342 magnam
2575 4287 2634 4326 se
2677 4273 3016 4326 sanctitatem
3056 4269 3255 4323 habere
3299 4267 3597 4339 tingentes,
3636 4268 3752 4335 ejus

488 4342 660 4397 isdem
700 4348 846 4394 recte
883 4337 994 4392 Oza
1033 4337 1229 4392 dicitur
1253 4337 1344 4406 qui
1374 4337 2062 4431 robustus-interpretatur,
2095 4362 2143 4421 ο
2170 4361 2322 4431 quasi
2367 4337 2481 4414 έριο
2508 4360 2717 4414 accmsi
2748 4358 3004 4428 imagines
3041 4358 3108 4411 ab
3147 4337 3397 4412 ecclesia
3426 4365 3486 4411 ut
3522 4365 3648 4426 pom
3684 4374 3750 4411 ne

487 4431 614 4500 quia
651 4436 1067 4498 prmsumptores
1086 4427 1304 4500 quique,
1335 4426 1440 4480 nisi
1467 4425 1654 4480 audaci
1678 4434 1856 4480 mente
1881 4426 2069 4481 robus-

491 4530 575 4575 tos
601 4535 657 4575 se
683 4521 982 4582 crederent,
1014 4496 1350 4589 nequaquam
1382 4517 1615 4588 synodos
1643 4517 1694 4571 in
1743 4517 1938 4588 quibus
1978 4517 2070 4572 ad-

491 4610 820 4664 orandarum
864 4606 1159 4677 imaginum
1201 4621 1336 4660 nova
1385 4606 1696 4660 constitutio
1739 4615 2066 4670 censeretur,

493 4698 777 4766 agitarent.

1065 4763 1293 4821 CAPUT
1331 4764 1494 4819 XX“.

496 4857 571 4912 De
594 4873 653 4927 eo
679 4854 816 4927 quod
845 4870 940 4927 nec
959 4854 1058 4908 sibi
1087 4855 1212 4927 ipsis
1231 4864 1470 4927 parcunt,
1501 4870 1617 4907 cum
1643 4855 1940 4927 parentibus
1963 4855 2072 4927 suis

563 4923 1312 5006 injuriaminpruntdiccntes
1335 4923 1476 4979 :Pro
1502 4940 1628 5006 vero
1645 4923 1840 5006 tritico
1866 4924 2073 5005 zizania

563 4993 942 5053 ecclesiasticis
973 4996 1116 5066 agris
1142 4995 1581 5066 seminaverunt,
1621 4994 1804 5066 vinum
1841 4993 2072 5066 miscue-

567 5076 693 5122 runt
719 5081 892 5135 aquae,
919 5074 974 5121 et
995 5064 1301 5136 proximum
1329 5073 1649 5136 putaverunt
1673 5064 2074 5136 subversionem

567 5132 950 5200 turbulentam,
995 5132 1059 5190 ’et
1109 5135 1216 5204 lupi
1273 5132 1488 5190 Arabici
1542 5135 1835 5189 existentes
1882 5132 2073 5203 pellem

565 5207 746 5261 ovium
773 5205 1239 5260 subsannaverunt
1264 5206 1492 5269 indueri,
1527 5214 1581 5258 et
1616 5205 1896 5259 veritatem
1932 5219 2073 5272 prae—

567 5284 844 5332 tereunt'es
877 5275 1212 5330 mendacium
1247 5275 1476 5344 amplexi
1513 5283 1654 5338 sunt,
1683 5273 1776 5328 sed
1802 5288 1900 5326 ova
1928 5273 2074 5342 aspi-

569 5348 694 5400 dum
717 5345 1080 5412 iactaverunt,
1109 5354 1162 5400 et
1193 5345 1294 5399 tela
1321 5345 1502 5399 aranei
1525 5345 1816 5400 secundum
1839 5344 2074 5466 pro‘phe-

569 5422 678 5466 tam
706 5423 1012 5466 texuerunt.
1045 5424 1100 5466 et
1125 5415 1217 5466 aui
1240 5423 1419 5466 snerat
1447 5429 1545 5466 ova
1567 5428 1750 5466 eorum
1771 5428 1924 5466 come
1961 5425 2073 5466 ere.

569 5422 1012 5484 tamitexuerunt,
1045 5424 1100 5469 et
1125 5415 1217 5484 qui
1240 5423 1419 5484 sperat
1447 5429 1545 5468 ova
1567 5428 1750 5468 eorum
1769 5415 2073 5484 comedere,

568 5483 912 5553 confringens
935 5481 1160 5538 caudam
1201 5481 1454 5548 inveniet,
1492 5494 1545 5538 et
1579 5484 1632 5536 in
1664 5497 1728 5535 eo
1768 5481 2075 5536 basiliscum

568 5567 831 5607 venenum
857 5564 910 5608 ct
941 5554 1122 5608 flatum
1149 5553 1484 5609 mortiferum
1517 5553 1793 5622 repletum.

568 5639 925 5711 lutempcrata
953 5657 1140 5698 eorum
1169 5641 1416 5698 vecordia
1445 5640 1582 5696 sicut
1609 5641 1662 5694 in
1693 5640 1901 5695 ueteris
1923 5639 1996 5694 ita
2024 5647 2077 5692 et

2168 4453 2523 4504 adurarentur
2549 4466 2669 4518 qua:
2698 4465 2803 4503 non
2829 4450 2896 4504 ad
2920 4448 3252 4503 adorandum
3279 4447 3346 4502 ab
3379 4447 3619 4516 antiquis
3657 4463 3754 4516 po-

2169 4540 2286 4594 sitae
2335 4539 2547 4594 fuerant
2587 4539 2989 4602 abdicaverunt,
3032 4547 3086 4593 ct
3126 4538 3215 4592 isti
3249 4552 3344 4592 eas
3373 4537 3531 4606 quasi
3573 4537 3753 4590 nimia:
3787 4548 3795 4557 '

2169 4631 2473 4687 sanctitatis
2517 4646 2698 4685 amore
2742 4630 2954 4684 accensi
3000 4629 3300 4684 ado:andas
3339 4636 3609 4692 statuunt,
3654 4641 3756 4680 nec

2170 4723 2273 4778 sibi
2303 4721 2578 4777 catholicae
2611 4719 2734 4775 ﬁdei
2775 4719 3097 4776 charismata
3131 4718 3378 4773 sufficere
3407 4727 3622 4788 putant,
3650 4718 3754 4772 nisi

2170 4815 2250 4869 eis
2311 4812 2592 4868 servitium
2639 4811 2968 4866 adorationis
3018 4809 3339 4874 exhibeant,
3395 4823 3522 4863 cum
3570 4817 3756 4862 tamen

2172 4905 2388 4973 utrique
2411 4917 2563 4957 vana:
2587 4901 2760 4956 laudis
2785 4899 3020 4970 appetitu
3053 4899 3106 4952 id
3132 4907 3310 4968 agant,
3342 4898 3472 4966 quid
3499 4897 3645 4951 aliud
3672 4897 3756 4950 fa-

2173 4994 2320 5048 ciunt
2351 4992 2453 5048 nisi
2489 4993 2589 5047 sub
2613 4991 2843 5060 pellibus
2870 4990 3050 5045 ovium
3077 4988 3229 5058 lupos
3256 4988 3484 5058 tegunt?
3513 4987 3641 5057 quia
3676 4987 3762 5040 ni-

2174 5083 2371 5137 mirum
2403 5082 2528 5136 dum
2557 5079 2689 5136 foris
2719 5089 2812 5134 aut
2841 5079 3014 5134 zelum
3052 5087 3144 5134 aut
3179 5077 3414 5131 studium
3449 5077 3764 5130 sanctitatis

2175 5174 2445 5241 simulant,
2476 5174 2742 5228 introrsus
2768 5170 3002 5241 lupinam
3027 5168 3229 5224 rabiem
3256 5183 3360 5237 qua
3390 5167 3603 5221 caneris
3629 5165 3763 5219 emi-

2176 5282 2304 5322 nere
2326 5266 2586 5328 ambiunt,
2605 5277 2803 5332 eosque
2823 5263 3226 5316 anathematum
3254 5259 3508 5313 dentibus
3535 5257 3759 5320 rodunt,

2176 5358 2374 5412 habere
2401 5371 2458 5410 se
2483 5361 2784 5408 monstrant
2807 5367 2820 5406 :
2845 5355 3124 5407 veritatem
3153 5351 3335 5418 itaque
3365 5355 3761 5417 praatereuutes

2178 5447 2516 5502 mendaciqu
2539 5445 2753 5514 utrique
2776 5443 3188 5513 amplectuntur,
3221 5440 3345 5510 quia
3365 5439 3492 5493 dum
3527 5438 3761 5508 superbe

2177 5549 2231 5593 et
2261 5547 2575 5608 arroganter
2597 5552 2731 5591 nova
2755 5549 2978 5604 qumque
2999 5534 3322 5587 constituere
3344 5529 3634 5591 anhelant,
3660 5543 3760 5581 nec

2179 5631 2478 5687 humilitate
2501 5629 2632 5684 duce
2655 5628 2996 5696 antiquorum
3011 5625 3230 5680 Patrum
3253 5619 3498 5689 exempla
3525 5634 3761 5690 sequun-
