4028 6180
328 437 467 496 1-235

1103 440 1280 496 LIBRI
1319 433 1663 496 CAROLINI.
1704 462 1774 472 —
1809 428 2030 486 CAPII‘.
2073 430 2162 486 DE
2197 429 2390 489 IMAG.
2430 443 2500 472 -ι
2536 432 2667 488 LIB.
2708 432 2796 488 IV.

3448 428 3587 485 1254

326 563 432 619 tur,
462 555 529 612 ab
551 568 612 609 ea
641 552 867 608 veritate
897 567 1016 622 qua:
1047 552 1232 609 fallere
1269 552 1485 622 fallique
1521 549 1691 604 nescit
1727 548 1908 602 absce-
1935 544 1979 601 Α
2009 541 2151 609 quod
2184 540 2459 596 osculatur
2492 557 2596 596 non
2626 542 2901 597 adoretur.
2945 539 3216 596 Adoratur
3254 539 3396 595 enim
3423 539 3587 604 Deus,

323 645 475 706 dunt,
499 642 686 712 illique
704 642 986 697 mendacio
1007 642 1282 698 adhaerent
1302 642 1369 696 de
1391 655 1498 710 quo
1519 638 1777 706 scriptum
1791 642 1900 690 est:

323 733 398 786 Ab
427 733 581 787 initio
605 731 832 787 mendax
857 732 957 802 fuit
995 742 1041 787 et
1082 732 1139 787 in
1177 733 1389 786 veritate
1416 746 1518 784 non
1559 729 1696 783 stetit
1721 727 1900 798 (Joan.

322 825 464 896 vni).
510 825 650 890 Quid
674 838 804 896 ergo
831 831 917 880 est
951 824 1234 880 veritatem
1273 823 1574 892 praiterire,
1621 820 1726 875 nisi
1751 818 1905 874 Chri-

322 917 391 972 sti
417 915 657 981 monitis,
685 915 778 986 qui
807 922 998 971 auctor
1017 913 1339 969 humilitatis
1359 920 1462 974 εει,
1480 909 1902 982 perjactantiam

325 1003 628 1060 contraire?
653 1001 792 1071 Quid
827 1011 910 1058 est
931 1001 1270 1058 mendacium
1306 1001 1479 1070 sequi,
1517 999 1622 1053 nisi
1659 997 1775 1068 ejus
1811 996 1904 1066 qui

321 1103 509 1152 auctor
545 1092 810 1164 superbiae
847 1102 932 1148 est
965 1091 1211 1162 exempla
1250 1091 1304 1146 in
1335 1091 1488 1146 novis
1522 1096 1577 1145 et
1612 1087 1666 1142 in
1705 1087 1906 1142 illicitis

321 1184 797 1240 constitutionibus
829 1182 1130 1247 illiciendo,
1165 1189 1222 1237 et
1251 1180 1487 1250 antiquis
1512 1195 1575 1234 ac
1612 1175 1908 1233 salutiferis

322 1274 702 1329 traditionibus
719 1272 1034 1338 obnitendo,
1049 1280 1246 1327 sectari
1257 1272 1280 1325 ?
1291 1270 1443 1338 Quod
1455 1270 1674 1340 quidem
1688 1266 1906 1336 utrique

322 1376 449 1421 tunc
479 1366 702 1431 faciunt,
743 1380 866 1421 cum
901 1365 1167 1435 superbia:
1203 1370 1365 1418 vento
1406 1360 1576 1416 inﬂati
1617 1367 1710 1414 aut
1751 1356 1903 1411 fran-

320 1458 613 1528 gendarum
647 1464 742 1511 aut
778 1455 1171 1511 adorandarum
1210 1453 1505 1525 imaginum
1536 1464 1776 1506 errorem
1821 1463 1908 1502 ar-

321 1548 542 1617 ripiunt.
578 1546 749 1602 Porro
781 1546 926 1616 quod
961 1546 1192 1614 majores
1225 1559 1352 1600 suos
1383 1559 1484 1598 ova
1517 1541 1759 1611 aspidum
1782 1555 1908 1611 pro—

321 1638 527 1702 tulisse,
557 1645 612 1693 ct
640 1637 800 1692 telam
829 1650 1040 1690 aranea:
1068 1636 1304 1691 texuisse
1337 1642 1606 1699 asserunt,
1645 1648 1748 1687 non
1788 1646 1903 1686 me-

319 1727 530 1781 diocres
555 1725 656 1781 sibi
687 1726 741 1779 in
771 1725 870 1780 hac
892 1733 1047 1794 parte.
1072 1723 1424 1780 contumelias
1449 1721 1688 1776 inferunt
1713 1739 1727 1774 ε
1751 1720 1906 1790 quip-

319 1834 384 1888 pe
421 1834 546 1874 cum
584 1817 716 1874 ideo
740 1832 931 1874 eorum
969 1832 1069 1872 ova
1104 1818 1231 1882 sint,
1274 1817 1526 1888 quoniam
1559 1823 1652 1870 aut
1694 1815 1762 1868 ab
1802 1811 1906 1866 illis

2011 632 2105 687 sed
2131 647 2238 687 non
2275 632 2579 696 osculatur;
2620 640 2944 688 venerantur
2977 632 3148 688 sancti
3185 632 3278 704 qul
3317 649 3347 689 e
3391 632 3590 688 smculo

2009 737 2131 777 cum
2158 723 2443 793 triumphis
2473 724 2790 779 meritorum
2816 726 3202 795 migraverunt,
3231 724 3324 780 sed
3363 740 3455 779 nec
3487 726 3582 778 ad-

2008 813 2151 866 orari
2180 813 2386 867 debent"
2401 811 2546 868 cultu
2572 814 2774 880 divino;
2791 827 2890 868 nec
2911 813 3144 868 osculari
3159 811 3591 889 possunt._Oscu-

2010 903 2188 957 lantur
2217 917 2247 957 e
2274 905 2547 959 contrario
2575 904 2849 975 coniuges,
2880 903 3057 969 liberi,
3082 922 3182 961 nec
3209 921 3315 960 non
3345 913 3399 960 et
3423 906 3587 972 servi,

2010 1009 2108 1049 nec
2141 1001 2319 1049 tamen
2347 995 2660 1050 adorantur.
2694 995 3034 1051 Manifestum
3059 1011 3290 1066 namque
3312 1007 3396 1052 est
3433 1014 3592 1054 oscu-

2009 1086 2120 1141 lum
2157 1094 2212 1142 et
2254 1087 2626 1143 adorationem
2669 1087 2897 1143 duarum
2952 1105 3134 1144 rerum
3184 1091 3398 1144 nomina
3449 1105 3588 1145 esse.

2008 1177 2288 1244 Quomodo
2313 1194 2442 1249 ergo
2467 1179 2572 1234 erit
2593 1179 2870 1234 nominum
2903 1187 3052 1234 tanta
3100 1181 3155 1235 in
3193 1196 3354 1237 sensu
3388 1181 3590 1247 unitas,

2007 1285 2131 1325 cum
2166 1283 2349 1324 rerum
2391 1271 2446 1326 in
2490 1270 2762 1326 intellectu
2803 1270 2876 1326 sit
2925 1279 3075 1326 tanta
3127 1271 3451 1328 diversitas?
3485 1273 3593 1328 Aut

2008 1379 2109 1419 cur
2134 1380 2240 1419 non
2269 1365 2479 1436 possint
2502 1365 2762 1422 vocabula
2785 1364 2985 1421 differri
3015 1366 3070 1420 in
3106 1381 3288 1431 sensu,
3316 1383 3437 1421 cum
3463 1382 3591 1436 pos-

2007 1454 2116 1511 sint
2177 1456 2563 1511 vocabulorum
2611 1457 2848 1526 origines
2912 1456 3115 1512 differri
3155 1459 3209 1514 in
3262 1461 3431 1513 actu?
3475 1459 3592 1514 Non

2007 1545 2152 1601 enim
2178 1561 2266 1601 res
2290 1557 2415 1602 sunt
2443 1547 2674 1603 conditae
2701 1556 2926 1618 propter
2965 1549 3204 1616 nomina,
3233 1549 3328 1605 sed
3368 1551 3592 1609 nomina

2006 1645 2230 1706 propter
2250 1651 2356 1702 res,
2378 1653 2479 1692 nec
2496 1637 2826 1693 credendum
2850 1645 2934 1692 est
2957 1646 3014 1692 ut
3039 1653 3127 1693 res
3151 1646 3400 1708 aptentur
3422 1639 3594 1695 nomi-

2008 1725 2184 1790 nibus,
2211 1725 2304 1781 sed
2330 1726 2546 1782 nomina
2571 1727 2751 1796 potius
2781 1735 3035 1798 aptentur
3063 1734 3243 1794 rebus,
3266 1728 3521 1800 quoniam
3539 1740 3594 1785 et

2009 1818 2344 1888 protoplasto
2387 1813 2682 1874 animantia
2718 1819 2948 1874 adducta
2983 1835 3013 1874 a
3044 1819 3272 1876 Domino
3315 1821 3484 1878 fuisse
3533 1833 3595 1878 ut

319 1918 444 1962 sunt
494 1922 592 1977 per
637 1907 820 1963 carnis
869 1907 1150 1962 materiam
1205 1905 1479 1976 propagati
1500 1946 1514 1968 ,
1567 1913 1661 1959 aut
1712 1902 1904 1957 studiis
1939 1894 1980 1953 Β
2011 1911 2213 1966 videer
2241 1912 2370 1980 quid
2390 1921 2607 1966 vocaret
2627 1926 2711 1979 ea,
2740 1912 3018 1984 leguntur;
3049 1913 3212 1969 rebus
3239 1914 3384 1969 enim
3424 1929 3455 1969 a
3481 1914 3595 1970 Deo

318 1998 649 2067 quibuslibet
673 1997 886 2064 imbuti,
915 2006 1009 2052 aut
1035 2005 1182 2053 certe
1204 2012 1300 2067 per
1326 2011 1582 2050 manuum
1614 1991 1906 2063 impositio-

318 2105 441 2143 nem
466 2089 518 2143 in
541 2088 925 2145 ecclesiasticis
943 2088 1225 2142 ordinibus
1246 2086 1576 2150 consecrati;
1602 2093 1656 2140 et
1678 2084 1798 2138 ideo
1821 2097 1910 2138 eo-

319 2194 438 2232 rum
468 2177 570 2234 tela
592 2186 738 2244 sunt,
761 2179 888 2248 quia
921 2179 988 2233 ab
1023 2176 1132 2232 illis
1165 2185 1259 2232 aut
1292 2193 1357 2233 ex
1391 2176 1611 2230 traduce
1649 2188 1905 2244 corpora-

317 2270 462 2338 l'rtcr,
500 2277 595 2327 aut
635 2285 702 2326 ex
746 2271 992 2326 doctrina
1037 2269 1352 2339 spiritaliter
1390 2276 1515 2324 sunt
1555 2268 1737 2323 orditi.
1793 2264 1905 2321 Ova

315 2377 445 2433 ergo
490 2363 735 2433 aspidum
787 2369 844 2417 et
893 2361 1056 2417 telam
1108 2375 1320 2417 aranea:
1369 2377 1428 2416 se
1478 2377 1584 2415 non
1633 2355 1905 2414 immerito

317 2461 648 2524 nuncupant,
677 2451 803 2522 quia
829 2460 884 2507 et
906 2467 1066 2508 aures
1095 2466 1222 2507 suas
1251 2453 1528 2518 obturant,
1563 2466 1631 2506 ne
1663 2451 1907 2520 Scriptu-

316 2562 501 2601 rarum
538 2546 701 2600 verba
738 2545 992 2601 interiore
1027 2560 1157 2600 aure
1197 2545 1452 2610 audiant,
1493 2560 1612 2615 qua:
1655 2547 1815 2600 unius
1850 2554 1906 2599 et

315 2634 482 2690 solius
517 2634 615 2689 Dei
651 2633 854 2690 cultum
894 2642 951 2689 et
986 2634 1354 2689 adorationcm
1395 2635 1713 2700 instituunt,
1749 2643 1804 2690 et
1837 2636 1904 2690 ad

314 2725 607 2794 capiendas
629 2725 744 2781 sive
782 2724 1081 2781 illiciendas
1116 2727 1325 2781 animas
1360 2742 1620 2780 novarum
1657 2734 1714 2781 et
1747 2727 1904 2782 inuti-

317 2817 447 2871 lium
463 2815 901 2871 constiuttionum
921 2816 1079 2871 telam
1099 2816 1480 2887 praedicatione
1490 2816 1657 2872 ordiri
1675 2824 1729 2871 et
1743 2831 1904 2886 opere

316 2913 498 2961 texere
513 2922 618 2962 non
640 2913 905 2971 metuunt,
928 2915 984 2961 et
1003 2907 1296 2962 secundum
1320 2922 1470 2963 suam
1491 2906 1899 2976 professionem,

316 2997 404 3066 qui
442 2998 629 3052 eadem
665 3011 765 3052 ova
798 3009 918 3052 esse
955 2996 1244 3062 desiderat,
1286 2997 1597 3052 basiliscum
1635 2997 1904 3052 introrsus

316 3090 565 3152 inveniet,
595 3090 720 3159 quia
747 3089 995 3145 videlicet
1023 3090 1328 3160 quicunque
1353 3105 1540 3145 eorum
1569 3089 1906 3159 praedicatio-

316 3196 383 3236 ne
424 3181 500 3236 uti
547 3182 774 3251 appetit,
809 3180 1100 3237 mortiferae
1135 3182 1187 3236 in
1237 3181 1318 3237 eis
1363 3182 1671 3237 traditionis
1715 3179 1900 3237 ﬂatum

2005 1999 2237 2057 conditis
2275 2001 2418 2056 idem
2463 2003 2683 2057 humani
2710 2002 2923 2072 generis
2957 2010 3114 2073 pater
3159 2003 3376 2060 nomina
3421 2003 3590 2073 dedit,

2005 2106 2111 2144 non
2146 2091 2453 2146 nominibus
2490 2107 2520 2145 a
2542 2107 2600 2147 se
2629 2092 2864 2147 conditis
2895 2108 2982 2147 res
3013 2093 3217 2164 quibus.
3231 2093 3343 2164 ipsa
3370 2096 3590 2151 nomina

2005 2181 2214 2236 inderet
2241 2182 2308 2235 ad
2341 2197 2400 2239 se
2425 2181 2685 2238 adductas
2711 2184 3006 2253 perspexit.
3035 2183 3188 2239 Plato
3216 2185 3447 2256 denique
3470 2189 3593 2256 phi-

2005 2269 2270 2341 losopbus'
2304 2274 2524 2328 nomina
2572 2273 2840 2328 naturalia
2885 2289 3006 2330 esse
3049 2276 3350 2344 constituit,
3391 2287 3446 2333 et
3491 2281 3593 2334 lucc

2003 2360 2131 2416 hinc
2167 2363 2397 2432 probare
2442 2365 2736 2429 contendit,
2785 2366 2955 2450 quod.
2974 2367 3217 2436 qumdam
3260 2369 3594 2439 supellexct

2003 2456 2400 2525 quodammodo
2430 2457 2849 2514 instrumentum
2887 2459 2996 2514 sint
3022 2459 3254 2516 invicem
3280 2477 3438 2517 sensa
3470 2478 3595 2533 pro-

2004 2548 2179 2611 dendi,
2209 2549 2536 2604 naturalium
2577 2564 2707 2604 vero
2750 2549 3112 2620 supellectiles
3139 2559 3265 2606 sunt
3295 2553 3590 2619 naturales,

2003 2647 2062 2694 ut
2085 2639 2226 2694 oculi
2258 2639 2617 2696 instrumenta
2647 2641 2867 2711 quidem
2892 2650 3019 2697 sunt
3043 2643 3280 2709 videndi,
3313 2644 3406 2716 qui
3447 2645 3593 2701 visus

2005 2745 2094 2784 res
2116 2730 2378 2786 naturalis
2400 2739 2503 2796 est,
2527 2746 2694 2802 quare
2722 2732 2910 2789 oculos
2937 2748 3151 2803 quoque
3179 2737 3454 2792 naturales
3475 2754 3594 2794 esse

2002 2837 2225 2878 necesse
2247 2832 2358 2889 est;
2390 2825 2464 2878 ita
2485 2825 2650 2880 etiam
2674 2827 2848 2880 oratio
2867 2841 3047 2881 rerum
3067 2828 3391 2882 naturalium
3416 2832 3594 2901 supel-

2004 2911 2090 2967 lex
2136 2923 2220 2970 est
2247 2924 2409 2987 atque
2449 2917 2888 2984 instrumentum,
2920 2918 2976 2973 id
3029 2903 3132 2985 est,
3180 2923 3591 2992 sententiarum,

2003 3022 2172 3077 quare
2194 3008 2310 3078 ipsa
2354 3024 2572 3080 quoque
2597 3017 2681 3064 est
2722 3009 3008 3066 naturalis.
3043 3011 3366 3069 Aristoteles
3409 3024 3592 3072 autem

2006 3101 2140 3157 dicit
2177 3116 2285 3156 non
2326 3101 2621 3157 secundum
2666 3111 2918 3157 naturam
2959 3118 3080 3159 esse
3125 3106 3447 3172 orationem,
3499 3111 3593 3164 sed

2003 3193 2298 3248 secundum
2339 3192 2597 3262 placitum
2621 3233 2636 3259 ,
2676 3194 2929 3264 quocirca
2965 3211 3067 3251 nec
3111 3209 3231 3252 esse
3289 3199 3590 3255 orationem

319 3273 537 3342 ’Ἑβθτίίν
587 3280 641 3328 ει
689 3273 816 3330 dum
870 3273 1020 3342 (διψῖῑ
1067 3271 1266 3328 famem
1313 3273 1465 3328 Verbi
1518 3251 1974 3343 Ρτωάίθειιῖοηθο
2003 3251 2390 3358 supellectilem
2416 3251 2738 3344 naturalem.
2769 3288 2928 3356 Quod
2959 3289 3104 3346 enim
3145 3290 3278 3347 dicit
3316 3309 3423 3348 non
3474 3309 3594 3348 esse

314 3366 587 3420 solaturus
630 3365 899 3434 quoddam
931 3365 1170 3435 reperire
1214 3365 1533 3429 remedium,
1583 3367 1748 3418 vitam
1780 3379 1903 3434 per-

313 3455 528 3510 diturus
555 3455 781 3510 interna:
804 3454 990 3511 salutis
1014 3456 1213 3526 reperit
1237 3454 1592 3526 dispendium.
1644 3453 1769 3510 Ideo
1806 3455 1903 3525 igi-

2001 3380 2441 3446 instrumentum,
2472 3396 2580 3436 non
2613 3381 2744 3437 dicit
2772 3396 2878 3436 non
2905 3397 3003 3453 per
3042 3383 3143 3437 hoc
3170 3382 3587 3439 instrumentum

1999 3485 2156 3526 sensa
2191 3469 2446 3540 proferri,
2478 3473 2574 3528 sed
2603 3479 2813 3528 tantum
2853 3487 2968 3527 rem
3003 3487 3142 3538 esse,
3169 3474 3469 3529 orationem
3504 3492 3591 3531 sc-

317 3553 406 3598 tur
428 3543 508 3599 eis
524 3545 582 3598 in
595 3552 780 3600 nostra
797 3544 1158 3616 disputatione
1181 3559 1403 3615 parcere
1426 3544 1864 3613 parvipendimus
1882 3585 1898 3610 ,

2001 3559 2232 3616 eundum
2270 3561 2612 3631 positionem,
2655 3577 2756 3631 per
2791 3577 2952 3633 quam
2998 3562 3247 3632 proprias
3296 3565 3591 3621 sententias

313 3635 438 3704 quia
465 3649 558 3691 eos
579 3636 797 3691 sibimet
819 3636 876 3690 in
903 3651 1000 3691 sua
1027 3636 1391 3705 disputatione
1418 3634 1726 3705 pepercisse
1747 3635 1901 3690 mini-

2001 3650 2454 3705 demonstremus.
2481 3651 2626 3706 Idem
2657 3666 2870 3723 quoque
2893 3652 3262 3723 philosophus,
3290 3655 3376 3710 cui
3406 3654 3460 3710 in
3488 3655 3590 3712 hac

313 3740 401 3780 me
445 3726 766 3794 reperimus.
817 3727 913 3782 sed
960 3735 1178 3795 accepta
1217 3727 1285 3781 ab
1320 3726 1428 3780 illis
1474 3726 1901 3796 reprehendendi
2000 3749 2152 3814 parte
2188 3741 2321 3797 ﬁdes
2349 3743 2689 3813 potissimum
2714 3744 3018 3800 adhibenda
3045 3752 3148 3811 est,
3180 3746 3234 3800 in
3265 3746 3406 3803 libro
3436 3746 3590 3804 Peri-

313 3815 539 3870 materia
567 3815 678 3869 ειιίε
705 3829 800 3870 008
824 3816 1042 3884 spiculis
1060 3815 1389 3884 iaculamur.
1424 3815 1555 3883 Qua:
1583 3816 1771 3870 omnia
1792 3833 1899 3873 non
1999 3833 2403 3888 hei-[neniarum
2428 3849 2453 3886 ε·
2473 3850 2493 3885 ι
2525 3832 2731 3888 N'omen
2752 3833 2892 3889 dicit
2908 3848 3028 3890 esse
3053 3850 3240 3890 vocem
3271 3835 3584 3906 signiﬁca“-

311 3905 431 3960 sine
458 3903 744 3958 dilectione
790 3903 1035 3970 facimus,
1079 3906 1176 3960 sed
1225 3907 1342 3961 haec
1386 3908 1615 3978 agimus,
1651 3907 1780 3976 quia
1806 3922 1902 3963 eo-

315 4010 436 4049 rum
478 3995 548 4050 ab
594 4009 783 4050 errore
827 3997 1236 4052 conversionem
1284 3998 1500 4064 inimus,
1531 3998 1577 4054 si
1625 3998 1763 4055 forte
1803 3999 1902 4054 ali-

311 4085 526 4157 quando
544 4085 746 4141 erroris
765 4086 846 4141 sui
867 4096 1113 4157 portenta
1135 4088 1660 4158 sequicontemnant,
1689 4099 1743 4145 et
1757 4089 1898 4146 viam

313 4192 433 4247 quae
451 4180 602 4237 ducit
631 4181 702 4238 ad
721 4182 888 4238 vitam
911 4183 1178 4254 perpetim
1203 4183 1488 4239 tenendam
1515 4192 1786 4255 appetant.

885 4292 1112 4351 CAPUT
1136 4291 1322 4348 XXIII.

317 4357 532 4416 Inutilis
558 4371 607 4417 et
633 4363 900 4436 inerudito
921 4365 1281 4436 interpretatio
1299 4380 1482 4436 eorum
1517 4366 1613 4436 qui
1642 4363 1768 4418 dum
1800 4365 1900 4419 adh

383 4447 537 4487 orare
569 4443 616 4488 et
634 4434 877 4504 osculari
902 4451 1063 4488 unum
1086 4451 1196 4489 esse
1220 4434 1492 4504 afﬁrmare
1517 4434 1720 4499 uellent,
1751 4436 1902 4490 dixe-

383 4511 504 4576 runt
551 4519 570 4557 :
618 4503 829 4573 Quique
877 4514 1188 4560 sanctorum
1224 4503 1532 4576 principum
1578 4513 1780 4560 nostra:
1808 4507 1900 4562 do-

2001 3939 2124 3979 vam
2178 3923 2476 3979 secundum
2514 3923 2776 3996 placitum
2823 3925 2940 3980 sine
2982 3935 3247 3996 tempore,
3289 3947 3310 3981 ι
3365 3927 3420 3984 id
3475 3938 3582 3993 est,

1949 4055 1959 4066 .
1999 4032 2194 4073 nomen
2217 4031 2336 4073 esse
2357 4031 2565 4072 vocem.
2599 4016 2705 4073 Sed
2735 4033 2929 4073 vocum
2964 4018 3084 4074 alia:
3109 4027 3234 4076 sunt
3264 4036 3385 4091 qua:
3419 4022 3582 4093 signi-

1999 4108 2184 4173 ﬁcant,
2237 4106 2356 4161 alia:
2401 4122 2522 4178 quze
2578 4105 2710 4162 nihil
2759 4107 3099 4178 significant;
3145 4125 3344 4168 nomen
3403 4123 3587 4170 autem

1999 4199 2274 4271 significat
2294 4197 2350 4253 id
2377 4197 2531 4267 cujus
2556 4214 2754 4255 nomen
2783 4208 2867 4255 est
2893 4213 2908 4254 :
2941 4214 3138 4256 nomen
3168 4201 3335 4274 igitur
3367 4213 3450 4260 est
3481 4217 3588 4261 vox

1999 4289 2378 4362 signifieativa.
2407 4289 2612 4346 Voeum
2637 4289 3117 4362 significativarum
3139 4292 3260 4349 aliae
3279 4301 3406 4349 sunt
3428 4303 3588 4350 natu-

1999 4384 2206 4449 raliter,
2255 4382 2389 4439 aliter
2419 4397 2526 4437 non
2579 4381 2922 4438 naturaliter.
2972 4380 3304 4440 Naturaliter
3348 4395 3433 4442 est
3481 4401 3586 4440 vox

1999 4475 2376 4546 signiticativa,
2401 4481 2460 4529 ut
2492 4489 2556 4529 ea
2582 4489 2702 4543 quae
2725 4473 2938 4530 dolores
2977 4475 3297 4531 naturaliter
3320 4485 3588 4533 monstrat

383 4572 575 4627 ctrina;
720 4565 910 4666 éoru'rn
962 4565 1320 4666 sujccessfores.
1356 4565 1629 4666 egregium
1655 4584 1896 4666 'patrpjm
1925 4605 1978 4666 Β
2001 4577 2092 4623 aut
2121 4568 2334 4640 gaudia,
2379 4575 2439 4622 ut
2482 4574 2606 4622 sunt
2646 4565 3079 4636 interj'ectiones;
3121 4583 3228 4623 non
3269 4569 3588 4625 naturaliter

383 4650 715 4710 nostrorum,
746 4652 802 4698 et
842 4645 943 4700 has
970 4645 1181 4700 adorari
1234 4645 1776 4710 videliCet’osculari,
1808 4645 1894 4700 id-

385 4709 560 4784 ipsum
610 4713 754 4784 enim
797 4722 1108 4784 utrumque,
1154 4730 1495 4771 communem
1538 4731 1668 4770 vero
1710 4709 1896 4772 Grarcc

383 4781 620 4856 antiqua:
649 4781 937 4856 locutionis
973 4781 1206 4856 osculari
1236 4793 1292 4838 et
1328 4785 1580 4856 amplecti
1627 4785 1903 4856 designat,

383 4857 440 4926 ει
471 4851 765 4926 voluntatis
791 4854 1106 4926 extensione
1135 4855 1314 4923 aliqua
1359 4851 1629 4926 significat
1670 4851 1894 4926 amoris,

384 4918 545 4995 sicuti
570 4919 684 4974 fero
721 4929 777 4976 et
798 4922 987 4995 offero,
1021 4923 1178 4978 firmo
1215 4918 1270 4978 et
1317 4918 1599 4995 eon'tirmo,
1631 4918 1896 4995 participe

384 4998 438 5043 et
465 4991 652 5059 adoro,
683 4991 823 5059 quod
851 4993 1186 5048 demonstrat
1213 4994 1458 5049 osculum
1487 5003 1542 5050 et
1563 4991 1908 5050 extensionis.

383 5058 863 5135 amicitiaez’quod
901 5063 1050 5135 enim
1098 5064 1221 5135 quis
1268 5064 1443 5135 diligit
1479 5075 1535 5121 et
1581 5065 1793 5132 adorat,
1842 5074 1899 5120 et

383 5129 526 5196 quod
552 5129 748 5184 adorat
768 5132 990 5187 omnino
1020 5140 1075 5188 et
1098 5129 1296 5204 diligit.

379 5218 439 5274 In
483 5219 787 5277 differentia
834 5223 1000 5278 osculi
1045 5232 1100 5280 et
1141 5225 1632 5297 adorataems,quae
1673 5227 1780 5283 duo
1820 5227 1896 5282 illi

311 5325 477 5366 unum
502 5325 622 5367 esse
651 5319 864 5382 putant,
908 5329 1018 5370 non
1058 5322 1141 5371 est
1185 5314 1478 5385 plurimum
1520 5317 1893 5383 laborandum,

310 5401 569 5470 quoniam
606 5402 724 5459 hare
748 5404 858 5460 duo
899 5405 1120 5460 nomina
1173 5414 1324 5460 tanto
1375 5405 1520 5462 inter
1567 5422 1626 5462 se
1672 5407 1895 5472 distant,

309 5500 512 5558 quanto
539 5499 595 5548 et
625 5493 710 5550 has
748 5509 838 5551 res
865 5510 1096 5566 quarum
1126 5496 1242 5551 hmc
1270 5498 1487 5552 nomina
1515 5508 1641 5553 sunt
1670 5499 1814 5553 inter
1840 5514 1896 5556 se

309 5581 652 5654 discrepant;
676 5595 732 5642 et
762 5587 1072 5644 necessario
1099 5604 1348 5659 magnam
1377 5589 1579 5646 habent
1625 5591 1692 5646 ab
1734 5589 1898 5644 alier-

311 5682 434 5730 utro
456 5675 863 5742 discretionem,
906 5694 1029 5734 cum
1054 5686 1111 5734 et
1144 5679 1272 5749 ipsa:
1310 5695 1396 5734 res
1423 5681 1740 5750 plerumque
1776 5696 1894 5736 ma-

308 5778 468 5832 gnam
518 5765 660 5822 inter
704 5782 763 5823 se
808 5769 1045 5823 habeant
1091 5768 1536 5837 diremptionem,
1589 5771 1895 5839 praesertim

309 5868 433 5908 cum
479 5855 747 5914 interdum
772 5869 824 5916 ct
864 5859 1005 5931 quod
1052 5859 1308 5914 aduratur
1359 5877 1465 5915 non
1510 5860 1801 5924 osculetur,
1842 5869 1895 5916 et

1997 4675 2126 4716 vero
2153 4659 2523 4732 signiticativa:
2563 4673 2724 4714 voces
2753 4666 2895 4720 sunt,
2937 4673 3074 4730 quas
3117 4659 3410 4716 secundum
3440 4663 3585 4732 posi-

1998 4753 2200 4808 tionem
2250 4766 2373 4808 esse
2424 4751 2675 4806 dicimus.
2724 4749 3032 4807 Secundum
3080 4753 3405 4823 positionem
3455 4769 3586 4811 vero

1998 4853 2144 4912 sunt,
2183 4858 2317 4916 quas
2342 4843 2443 4915 ipsi
2469 4843 2574 4900 sibi
2608 4843 2855 4898 homines
2880 4852 3197 4914 posuerunt,
3235 4844 3373 4900 sicut
3407 4845 3462 4900 in
3487 4860 3584 4901 su-

1997 4939 2210 5011 periore
2237 4936 2484 5006 exemplo
2524 4935 2667 5006 quod
2696 4933 2762 4990 de
2794 4933 2988 4989 Genesi
3029 4935 3378 5004 sumpsimus,
3428 4950 3584 4991 mon-

1998 5037 2229 5084 stratum
2272 5034 2373 5090 est,
2422 5039 2543 5094 quae
2595 5021 2804 5092 singula
2853 5023 3008 5093 sequi
3054 5022 3426 5096 longissimum
3473 5032 3582 5080 est.

2002 5117 2254 5174 Osculum
2303 5116 2510 5171 interea
2559 5121 2615 5169 et
2656 5113 3036 5179 adorationem,
3086 5113 3199 5168 sive
3244 5113 3478 5169 osculari
3529 5124 3586 5169 et

1999 5208 2240 5271 adorare,
2274 5206 2410 5261 duas
2434 5217 2522 5260 res
2568 5217 2687 5260 esse
2714 5201 3007 5274 plurimum
3053 5203 3322 5259 interdum
3358 5203 3499 5259 inter
3528 5218 3587 5259 se

1999 5299 2263 5355 distantes
2316 5293 2661 5351 manifestum
2722 5303 2825 5350 est.
2881 5293 3186 5350 Secundum
3239 5295 3584 5352 smeularium

1999 5388 2301 5443 litterarum
2327 5386 2616 5459 magistros
2654 5384 2755 5440 tria
2794 5394 2920 5440 sunt
2944 5400 3011 5440 ex
3040 5387 3236 5455 quibus
3269 5386 3448 5443 omnis
3471 5386 3584 5442 col-

1999 5476 2199 5532 locatio
2254 5475 2652 5547 disputatioque
2718 5475 3028 5546 perﬁcitur,
3097 5491 3204 5540 res,
3259 5476 3580 5543 intellectus,

1997 5584 2178 5625 voces.
2220 5568 2327 5625 Res
2367 5577 2490 5625 sunt
2531 5583 2666 5638 quas
2709 5567 2874 5622 animi
2905 5567 3114 5622 ratione
3137 5567 3465 5638 percipimus
3501 5569 3579 5623 in-

1998 5659 2323 5730 tellectuque
2351 5659 2726 5720 discernimus,
2753 5665 2810 5711 ut
2833 5665 2916 5712 est
2942 5657 3187 5722 adorare,
3215 5659 3298 5714 vel
3323 5659 3576 5725 osculari,

1997 5751 2082 5805 vel
2131 5749 2332 5819 aliquid
2369 5745 2694 5816 hujusmodi.
2736 5746 3038 5804 Intellectus
3084 5763 3212 5805 vero
3257 5758 3338 5805 est
3365 5751 3574 5819 quidam

1999 5841 2162 5896 animi
2189 5842 2338 5911 vigor
2364 5855 2468 5908 quo
2505 5853 2590 5893 res
2633 5837 2776 5908 ipsas
2813 5839 3156 5907 addiscimus,
3196 5849 3250 5896 et
3290 5841 3418 5912 quid
3441 5841 3583 5901 inter
