4028 6180
499 359 632 415 1⁵55

1428 353 1487 408 Β.
1528 353 1777 409 CAROLl
1816 350 2027 405 MACNI
2063 350 2215 405 OPP.
2256 352 2433 408 PARS
2470 355 2533 410 11.
2575 354 2815 413 SECTiO
2849 358 2912 414 11.

3644 370 3756 426 1255

494 489 550 529 ω
575 472 775 527 δίδωσι
811 467 1189 525 discernimus.
1220 467 1392 522 Voces
1428 467 1624 536 quibus
1655 465 1705 519 id
1742 464 1885 534 quod
1919 462 2079 516 intel-
2108 463 2152 522 Λ
2182 462 2309 526 sint,
2336 466 2432 520 sed
2473 468 2611 522 sicut
2640 468 2727 523 illa
2772 471 2879 525 duo
2907 472 2976 527 ah
3004 472 3265 532 alterutro
3299 477 3654 548 dirimuntur,
3693 486 3754 544 ita

494 562 636 619 lectu
660 561 905 632 capimus
928 557 1314 629 signiﬁcamus,
1344 565 1403 612 ut
1434 572 1534 626 pro
1573 572 1639 612 eo
1675 557 1820 627 quod
1863 564 1946 612 est
1983 551 2077 608 ad-

493 669 654 711 orare
676 653 906 710 dicimus
929 651 1190 717 adoratio,
1222 664 1322 721 pro
1346 649 1568 719 eoquod
1585 657 1669 705 est
1689 646 1924 703 osculari
1945 644 2079 700 dici-

493 762 618 802 mus
658 752 923 803 osculum.
970 743 1069 799 Est
1121 741 1267 799 aliud
1312 741 1567 811 quiddam
1617 738 1764 811 quod
1812 737 2078 808 signiﬁcat

491 849 692 892 voces:
724 836 807 893 hae
828 842 952 890 sunt
978 832 1199 899 litterae;
1235 833 1428 887 harum
1453 832 1597 886 enim
1637 829 1860 899 scriptio
1885 843 2076 884 vocum

492 925 818 998 signiﬁcatio
853 932 955 981 est.
1002 922 1137 979 Cum
1176 923 1339 994 igitur
1363 922 1481 977 hmo
1526 927 1653 977 sunt
1676 928 1929 990 quatuor,
1966 932 2075 984 res,

492 1016 827 1080 intellectus,
868 1030 1002 1081 vox,
1048 1014 1256 1081 littera,
1303 1028 1417 1068 rem
1464 1010 1699 1082 concipit
1740 1010 2074 1075 intellectus,

491 1106 826 1162 intellectum
858 1120 988 1160 vero
1015 1119 1176 1160 voces
1224 1103 1525 1174 designant,
1563 1103 1709 1174 ipsas
1748 1117 1878 1158 vero
1917 1116 2079 1156 voces

491 1197 685 1254 littera:
723 1196 1048 1269 significant.
1094 1196 1248 1253 Unde
1283 1204 1339 1250 et
1385 1195 1641 1266 prmfatus
1677 1196 1995 1253 Aristoteles
2021 1196 2076 1250 in

489 1287 907 1345 Pcrihermeniis
938 1287 1052 1343 suis
1074 1287 1186 1341 ait:
1224 1305 1243 1339 ι
1284 1285 1421 1341 Sunt
1450 1301 1579 1358 ergo
1614 1300 1676 1341 ea
1715 1301 1836 1357 qua:
1869 1293 1995 1342 sunt
2021 1286 2077 1340 in

489 1399 621 1440 voce
643 1398 834 1439 earum
864 1396 984 1451 quae.
1018 1390 1145 1436 sunt
1173 1381 1229 1436 in
1255 1381 1434 1436 anima
1475 1380 1785 1451 passionum
1826 1388 1996 1445 notae;
2023 1388 2079 1436 et

488 1491 552 1531 ea
594 1489 716 1545 quae
754 1473 1086 1540 scribuntur,
1140 1486 1330 1527 eorum
1381 1485 1502 1540 qua:
1554 1479 1680 1526 sunt
1730 1470 1785 1525 in
1825 1485 1986 1537 voce;
2022 1478 2080 1526 et

488 1564 939 1636 quemadmodum
973 1579 1074 1621 nec
1106 1563 1301 1620 littera:
1337 1563 1588 1621 omnibus
1623 1564 1848 1630 ezedem,
1875 1565 1955 1621 sic
1979 1578 2079 1621 nec

488 1657 691 1713 tandem
716 1672 917 1713 voces:
949 1668 976 1698 α
1007 1671 1238 1728 quarum
1273 1663 1456 1711 autem
1498 1656 1582 1712 ha:
1634 1656 1869 1727 primum
1912 1665 2075 1721 notae,

487 1748 691 1804 eandem
715 1746 968 1804 omnibus
992 1747 1271 1818 passiones
1317 1747 1514 1803 anima:
1559 1755 1705 1812 sunt,
1753 1754 1808 1803 et
1846 1761 2074 1817 quarum

490 1844 574 1898 hae
588 1841 991 1906 similitudines,
1012 1856 1103 1896 res
1125 1840 1285 1896 etiam
1304 1841 1528 1906 eaedem,
1560 1860 1579 1893 ι
1606 1839 1913 1896 intellectus
1935 1840 2077 1895 vide-

488 1933 633 1998 licet,
661 1931 818 2003 juxta
863 1932 1218 1990 eruditissimi
1255 1932 1357 1987 viri
1404 1931 1576 1988 Boetii
1622 1932 2073 2003 explanationem,

488 2026 656 2082 animi
704 2025 997 2099 quamdam
1039 2026 1349 2095 passionem
1391 2025 1710 2098 designans;
1743 2043 1762 2078 ι
1800 2025 2076 2095 quoniam,

490 2124 552 2170 ut
572 2116 714 2172 idem
744 2114 965 2171 Boetius
990 2114 1086 2181 ait,
1115 2115 1219 2171 nisi
1249 2116 1541 2186 quamdam
1568 2114 1975 2171 similitudinem
1999 2116 2077 2170 rei

487 2222 651 2278 quam
684 2206 809 2278 quis
842 2205 1116 2278 intelligit,
1146 2206 1201 2263 in
1227 2206 1423 2262 anima:
1442 2206 1654 2265 ratione
1672 2206 1931 2277 patiatur,
1958 2205 2077 2261 nul-

488 2298 573 2355 lus
601 2304 685 2354 est
711 2296 1041 2365 intellectus.
1069 2294 1204 2352 Cum
1244 2298 1391 2354 enim
1433 2298 1589 2354 video
1615 2298 1807 2353 orbem
1833 2297 1917 2353 vel
1942 2312 2078 2367 qua-

488 2393 725 2459 dratum,
765 2390 995 2462 figuram
1026 2389 1371 2461 ejus‘mente
1418 2390 1666 2460 concipio
1692 2397 1749 2446 et
1794 2388 1912 2458 ejus
1946 2390 2079 2445 mihi

488 2483 784 2540 similitudo
832 2482 888 2538 in
935 2482 1133 2538 anima:
1177 2483 1390 2538 ratione
1429 2481 1726 2549 formatur,
1772 2483 2082 2552 patiturque

489 2579 670 2633 anima
701 2576 782 2633 rei
806 2575 1093 2632 intellectae
1119 2575 1547 2632 similitudinem.
1578 2575 1731 2632 Unde
1757 2574 1820 2631 ﬁt
1843 2583 1907 2629 ut
1927 2574 2082 2630 intel-

490 2668 661 2724 lectus
685 2674 741 2725 et
768 2666 1065 2725 similitudo
1090 2666 1163 2723 sit
1185 2667 1265 2723 rei
1287 2675 1343 2723 et
1369 2665 1566 2722 anima:
1588 2665 1789 2736 passio.
1829 2687 1847 2719 ι
1878 2667 2081 2723 Harum

490 2767 670 2815 autem
696 2773 886 2815 rursus
909 2767 1164 2830 quatuor,
1200 2759 1321 2817 duae
1357 2768 1485 2816 sunt
1524 2758 1821 2827 naturales,
1847 2759 1967 2815 duae
1992 2774 2081 2815 se-

490 2852 728 2908 cundum
775 2853 1058 2909 hominum
1116 2853 1461 2923 positionem.
1511 2853 1682 2910 Voces
1738 2868 1975 2923 namque
2029 2860 2084 2910 et

491 2928 689 3002 littera:
716 2946 1013 3004 secundum
1039 2946 1363 3017 positionem
1392 2954 1536 3008 sunt,
1570 2945 1876 3002 intellectus
1902 2953 2082 3001 autem

492 3046 546 3094 et
575 3053 664 3093 res
686 3037 1029 3093 naturaliter.
1072 3037 1187 3094 Hoc
1234 3038 1328 3094 illo
1365 3039 1714 3110 approbatur,
1759 3040 1904 3109 quod
1938 3038 2083 3110 apud

2179 555 2434 611 nimirum
2461 556 2561 614 hoc
2601 560 2816 616 tertium
2843 564 2912 619 ab
2933 563 3040 620 illis
3077 566 3286 625 duobus
3317 571 3621 642 dirimitur,
3648 579 3756 646 quia

2176 647 2424 705 videlicet
2451 652 2714 720 quaedam,
2764 663 2825 709 ut
2865 657 3116 728 superius
3162 664 3627 732 memoravimus.
3671 670 3752 726 ad-

2175 746 2419 804 orantur,
2469 757 2570 800 nec
2624 746 2882 802 continuo
2935 749 3274 821 osculantur,
3324 757 3584 826 quadam
3622 776 3757 818 oscu-

2177 828 2359 884 lantur
2386 846 2484 886 nec
2518 835 2774 890 continuo
2797 838 3111 906 adorantur,
3146 843 3422 916 pleraque
3445 848 3757 919 amplecten-

2178 927 2269 975 tur
2288 936 2408 991 qua:
2435 939 2536 979 nec
2571 926 2867 985 adorantur
2891 945 2996 988 nec
3028 934 3373 993 osculantur.
3419 937 3755 1009 Amplectitur

2176 1014 2431 1083 quislibet
2472 1019 2705 1086 quodam
2759 1030 2957 1080 eventu
2999 1024 3205 1097 lignum
3246 1038 3349 1084 aut
3400 1029 3637 1101 lapidem
3672 1045 3755 1094 aut

2176 1103 2467 1172 quamlibet
2499 1120 2632 1172 rem,
2671 1108 2756 1164 cui
2805 1111 3050 1167 osculum
3090 1113 3235 1175 ferre
3274 1118 3619 1188 superﬂuum
3657 1131 3747 1191 est,

2175 1207 2278 1283 nec
2328 1201 2508 1250 tamen
2561 1212 2683 1254 eam
2730 1200 2938 1256 adorat.
2983 1200 3274 1261 Osculatur
3318 1209 3498 1265 etiam
3546 1211 3750 1283 aliquem

2175 1281 2417 1351 priorum
2445 1285 2513 1339 ad
2541 1299 2702 1355 quem
2730 1290 3032 1354 reverentia
3061 1293 3355 1352 cohibente
3398 1297 3494 1353 vix
3521 1281 3751 1358 accedere

2174 1373 2471 1440 prmsumit,
2496 1390 2598 1431 nec
2622 1386 2803 1435 tamen
2830 1394 2955 1436 eum
2979 1382 3368 1453 amplectitur;
3393 1399 3604 1456 quanto
3629 1390 3749 1447 enim

2176 1464 2291 1520 haec
2313 1466 2413 1521 tria
2443 1467 2587 1524 inter
2624 1484 2685 1525 se
2717 1480 2906 1527 mutuo
2938 1472 2993 1528 in
3018 1489 3182 1531 sensu
3208 1477 3426 1535 distare
3461 1491 3745 1547 ceruum,

2179 1561 2327 1608 tanto
2346 1556 2604 1615 nimirum
2627 1574 2660 1615 a
2683 1561 2890 1617 ratione
2911 1564 3102 1619 eadem
3130 1567 3387 1637 exempla
3426 1583 3554 1639 quas
3577 1570 3643 1627 ab
3665 1571 3750 1628 illis

2177 1645 2245 1701 ad
2286 1662 2351 1701 ea
2396 1664 2565 1705 unum
2603 1666 2724 1708 esse
2757 1653 3034 1725 probanda
3058 1657 3234 1725 posita
3274 1668 3415 1716 sunt
3448 1661 3647 1719 distare
3669 1678 3748 1719 no-

2177 1746 2421 1805 scuntur,
2460 1742 2656 1811 quippe
2680 1758 2804 1798 cum
2846 1752 2901 1799 et
2947 1745 3036 1800 illa
3088 1747 3229 1804 inter
3262 1764 3329 1805 se
3356 1750 3647 1821 plurimam
3670 1753 3749 1809 ba-

2109 1806 2155 1865 Β
2180 1828 2343 1883 beant
2368 1806 2697 1899 distantiam,
2717 1843 2773 1890 et
2796 1835 2900 1893 ista
2924 1853 3048 1893 cum
3068 1839 3278 1895 ratione
3301 1806 3747 1901 nullam

2178 1925 2608 1980 consonantiam.
2640 1927 2835 1984 Dicunt
2854 1930 3000 1985 enim
3026 1948 3039 1986 :
3070 1930 3274 2001 Quique
3294 1944 3607 1990 unctorem
3624 1938 3746 2007 prin-

2178 2013 2350 2085 cipum
2380 2026 2573 2071 nostra:
2599 2017 2853 2077 doctrinae
2879 2032 2929 2078 et
2954 2039 3134 2078 eorum
3160 2041 3497 2085 successores
3512 2030 3741 2099 egregius

2175 2115 2384 2177 patrum
2422 2115 2740 2177 nostrorum,
2771 2121 2819 2167 et
2858 2113 2957 2168 hac
2995 2114 3210 2169 adorari
3249 2115 3496 2173 videlicet
3523 2116 3740 2181 osculari,

2178 2198 2404 2269 idipsum
2429 2200 2567 2254 enim
2596 2210 2890 2274 utrumque,
2920 2220 3247 2261 communem
3284 2223 3416 2262 vero
3444 2205 3636 2265 Grece
3665 2225 3738 2263 cn-

2178 2290 2337 2361 tiqua:
2361 2289 2641 2350 locutionis
2668 2292 2898 2350 osculari
2933 2304 2985 2350 et
3018 2295 3259 2368 amplecti
3299 2298 3571 2370 designat,
3604 2307 3650 2355 et
3672 2315 3740 2355 res

2179 2380 2393 2436 luntatis
2416 2385 2713 2438 extensione
2732 2383 2912 2456 aliqua
2935 2387 3199 2458 signiﬁcat
3228 2391 3455 2455 amoris,
3482 2390 3631 2447 sicuti
3647 2388 3737 2460 fere

2179 2480 2227 2525 et
2261 2471 2444 2541 o/fero,
2470 2471 2629 2541 ﬁrmo
2652 2483 2700 2528 et
2725 2474 3000 2545 conﬁrmo,
3034 2479 3292 2551 participo
3323 2490 3380 2537 et
3410 2481 3595 2546 adoro,
3623 2480 3737 2551 quod

2180 2559 2499 2617 demonstrat
2522 2562 2759 2618 osculum
2784 2576 2833 2620 et
2848 2569 3200 2624 extentionem
3223 2570 3501 2626 amicitia.
3519 2569 3565 2628 0
3579 2584 3736 2627 sensus

2181 2652 2514 2711 confundens
2547 2656 2728 2724 potius
2770 2660 3069 2716 sententias
3105 2677 3270 2732 quam
3310 2662 3591 2728 Ordinans,
3616 2662 3735 2718 iraa-

2180 2758 2313 2813 gens
2335 2746 2514 2815 potius
2543 2748 2705 2804 verba
2734 2763 2896 2820 quam
2921 2751 3237 2821 proferens!
3279 2753 3328 2810 0
3362 2770 3591 2812 acumen
3615 2754 3733 2810 omni

2179 2835 2382 2905 pistillo
2410 2838 2711 2895 retunsiusl
2754 2838 2800 2897 0
2840 2843 3112 2899 machtera
3141 2844 3399 2915 plumba
3424 2847 3572 2918 prius
3594 2845 3731 2901 aciem

2181 2929 2475 2985 retundens
2497 2945 2660 3000 quam
2684 2947 2800 2989 rem
2845 2933 3050 2990 incidat
3083 2937 3172 2995 cui
3210 2938 3518 2995 incidendae
3553 2938 3731 2994 adhibe-

2181 3022 2297 3077 tur!
2330 3020 2374 3078 Ο
2409 3022 2556 3079 ensis
2583 3023 2761 3081 mallei
2787 3026 2971 3096 potius
3005 3026 3247 3086 referens
3271 3030 3579 3086 tunsionem
3601 3041 3731 3098 quam

494 3130 736 3185 diversas
763 3137 951 3201 gentes
983 3129 1209 3187 diversis
1237 3130 1462 3185 vocibus
1485 3129 1658 3184 utitur
1676 3137 1732 3185 et
1757 3128 1971 3196 litteris,
2003 3129 2082 3185 id-
2108 3150 2155 3213 ε
2185 3112 2346 3183 gladii
2390 3115 2711 3213 seftionem.
2760 3116 3017 3213 frangens
3073 3120 3254 3213 potius
3308 3121 3569 3178 materias
3601 3132 3729 3188 quam

495 3221 643 3277 circo
665 3220 921 3289 quoniam
947 3219 1050 3289 ipsi
1080 3234 1242 3275 voces
1278 3220 1475 3290 quibus
1501 3226 1803 3286 uterentur,
1841 3228 1897 3275 et
1938 3220 2083 3277 litte—
2118 3205 2155 3213 “
2183 3207 2402 3263 εεοθιιεῖ
2444 3205 2489 3265 ο
2538 3210 2934 3280 argumentatio
2966 3211 3043 3268 nil
3087 3212 3363 3271 afﬁrmare
3406 3221 3597 3285 prater
3631 3224 3730 3267 suos

496 3328 588 3368 ras
638 3310 836 3382 quibus
885 3311 1225 3378 scriberent,
1279 3320 1729 3382 composuerunt;
1782 3311 2085 3369 intellectura

498 3410 679 3458 autem
703 3410 758 3457 et
787 3416 877 3457 res
901 3399 1081 3457 nullus
1101 3400 1302 3472 posuit,
1327 3401 1422 3457 sed
1459 3400 1781 3457 naturaliter
1806 3409 1950 3457 sunt.
1980 3399 2086 3457 Ne-

497 3510 604 3564 que
623 3494 770 3551 enim
791 3493 936 3567 quod
955 3493 1098 3564 apud
1122 3493 1396 3550 Romanos
1420 3508 1593 3564 equus
1611 3502 1716 3560 est,
1740 3495 1879 3566 apud
1897 3494 2088 3550 barba-

500 3604 589 3642 ros
617 3600 831 3652 cervus,
876 3585 974 3641 sed
1010 3584 1152 3656 apud
1181 3585 1424 3643 diversas
1449 3594 1637 3658 gentes
1669 3587 1859 3642 eadem
1904 3602 2084 3643 rerum

501 3686 695 3731 natura
718 3683 821 3732 est.
848 3675 1140 3747 Propterea
1168 3692 1277 3733 non
1302 3677 1446 3748 quod
1474 3692 1575 3734 nos
1601 3677 1950 3747 intelligimus
1969 3694 2089 3735 esse

501 3782 723 3837 (Vltlllm,
752 3782 942 3823 canem
972 3767 1190 3823 barbari
1227 3776 1440 3837 putant,
1483 3769 1581 3826 sed
1623 3768 1811 3825 eadem
1840 3770 1984 3841 apud
2012 3770 2091 3825 di-

502 3855 843 3914 versissimas
897 3865 1088 3930 gentes
1147 3859 1570 3917 substantiamm
1615 3861 2094 3934 intellectuumque

506 3947 644 4001 ratio
668 3954 753 4002 est
778 3949 1093 4004 constituta.
1124 3947 1304 4017 Quare
1337 3951 1457 4007 dua:
1500 3952 1696 4009 harum
1738 3961 1866 4010 sunt
1893 3969 2090 4011 secun-

505 4039 632 4094 dum
668 4039 949 4095 hominum
988 4041 1331 4113 positionem,
1370 4043 1424 4100 id
1462 4054 1546 4101 est
1596 4061 1758 4103 voces
1791 4056 1848 4105 et
1876 4048 2090 4118 litterae,

506 4132 625 4187 dua:
671 4132 966 4188 secundum
1009 4143 1282 4202 naturam,
1311 4151 1402 4192 res
1438 4146 1494 4194 et
1523 4137 1827 4197 intellectus
1854 4158 1868 4194 :
1901 4141 2096 4211 quibus

508 4223 851 4280 documentis
882 4232 1216 4283 monstratur
1242 4242 1349 4283 non
1378 4228 1500 4286 ideo
1523 4230 1893 4288 adorationem
1920 4240 1977 4288 et
2000 4249 2094 4290 os-

510 4313 690 4371 culum
713 4330 878 4371 unam
907 4332 1023 4372 rem
1047 4331 1189 4384 esse,
1217 4318 1464 4390 quamvis
1494 4320 1635 4390 apud
1661 4319 1880 4379 Graecos
1901 4338 2095 4394 quam-

511 4406 639 4462 dam
683 4406 801 4463 hmo
834 4407 941 4463 duo
966 4407 1186 4464 nomina
1235 4410 1471 4465 habeant
1509 4412 1940 4467 consonantiam.
1978 4412 2099 4469 Ple-

2186 3308 2437 3356 auctores
2484 3301 2763 3358 dementes
2812 3316 2935 3359 esse
2977 3304 3183 3372 valens,
3229 3306 3308 3361 nil
3359 3305 3637 3379 proposita
3668 3299 3730 3358 rei

2186 3391 2461 3448 ﬁrmitatis
2486 3392 2764 3460 exhibens,
2787 3396 2883 3451 sed
2908 3396 3244 3455 solummodo
3279 3399 3487 3457 latores
3515 3396 3728 3454 «corda

2185 3499 2306 3540 esse
2341 3485 2604 3555 pandens.
2635 3486 2718 3542 Ab
2739 3502 2806 3543 eo
2829 3489 2975 3557 quod
3007 3498 3095 3547 est
3126 3489 3238 3561 fero
3254 3497 3313 3546 et
3333 3492 3501 3561 eiero
3523 3490 3727 3547 adorare.

2186 3576 2422 3632 osculari
2448 3585 2505 3632 et
2536 3578 2788 3649 amplecti
2826 3594 2995 3636 unum
3033 3595 3155 3637 esse
3194 3590 3447 3637 astruere
3478 3581 3660 3641 nititur,
3684 3585 3732 3630 ct

2186 3668 2623 3739 praepositionum
2673 3670 2811 3729 vires
2848 3671 3124 3743 ignorans,
3147 3688 3271 3744 quas
3295 3674 3604 3745 plerumque
3623 3671 3728 3725 alias

2189 3770 2372 3830 partes
2400 3771 2772 3832 corrumpunt,
2801 3763 3122 3834 plerumque
3147 3769 3218 3821 ab
3239 3766 3362 3823 aliis
3391 3767 3616 3839 partibus
3634 3778 3726 3817 cor-

2191 3862 2531 3924 rumpuntur,
2580 3855 2898 3925 plerumque
2943 3864 2999 3912 et
3040 3868 3406 3928 corrumpunt
3441 3867 3495 3914 et
3529 3867 3726 3912 corrum-

2189 3951 2410 4012 puntur,
2429 3944 2697 4000 interdum
2720 3960 2820 4001 nec
2837 3957 3193 4016 corrumpunt
3212 3963 3314 4004 nec
3336 3952 3720 4017 corrumpuntur.

2191 4034 2379 4103 eisque
2421 4034 2842 4106 signiﬁcationes
2883 4037 3175 4108 aliquando
3216 4051 3438 4111 augent,
3488 4033 3727 4108 aliquando

2193 4127 2463 4193 minuunt,
2487 4127 2774 4198 aliquando
2808 4141 3140 4200 permutant,
3178 4135 3307 4190 dum
3351 4149 3490 4189 vana
3525 4129 3721 4202 quadam

2194 4219 2481 4274 astruenda
2507 4221 2728 4289 appetit,
2751 4221 2907 4277 vanis
2940 4238 3005 4278 ea
3035 4225 3355 4294 quibusdam
3390 4220 3723 4281 assertionibus

2195 4310 2496 4379 approbare
2521 4313 2818 4369 contendit.
2843 4314 2979 4381 Quis
2995 4332 3126 4388 ergo
3149 4318 3360 4387 ignoret
3380 4319 3555 4389 olera,
3575 4312 3719 4383 afen.

2194 4401 2387 4470 infero,
2412 4401 2643 4471 confero,
2668 4403 2871 4474 aufero,
2896 4406 3096 4477 defero,
3120 4407 3310 4478 refero,
3331 4409 3538 4479 stt/fero,
3557 4403 3721 4471 ditem.

515 4511 746 4567 rumque
768 4511 898 4567 ergo
923 4497 1030 4553 duo
1067 4498 1149 4553 vel
1177 4498 1335 4569 plura
1373 4502 1590 4556 nomina
1635 4504 1930 4559 secundum
1959 4520 2087 4576 syn-

2193 4494 2422 4566 profero,
2454 4496 2696 4566 prmfero,
2742 4499 2974 4569 perfero,
3004 4506 3060 4555 et
3103 4511 3298 4558 caetera
3323 4501 3374 4559 si.
3407 4515 3506 4571 qua
3530 4503 3634 4554 sunt
3659 4491 3720 4548 his

511 4600 710 4656 ouyma
722 4599 883 4640 unam
905 4585 1352 4656 signiﬁcationem
1368 4590 1589 4658 habent,
1607 4592 1919 4665 plerumque
1932 4597 2095 4652 etiam

515 4690 681 4730 unum
706 4690 904 4730 nomen
928 4692 942 4729 :
973 4678 1268 4733 secundum
1295 4681 1620 4752 homonyma
1649 4685 1785 4741 duas
1808 4686 1890 4742 vel
1918 4688 2101 4757 plures

515 4784 602 4823 res
630 4766 918 4839 signiﬁcat,
948 4784 1050 4825 nec
1084 4776 1263 4826 tamen
1292 4771 1414 4828 ideo
1446 4787 1629 4829 rerum
1658 4778 1791 4833 ordo
1826 4777 2102 4835 confundi-

516 4876 605 4920 tur
653 4872 748 4918 aut
772 4863 1168 4934 quodammodo
1190 4866 1490 4933 mutilatur,
1523 4867 1569 4923 si
1597 4868 1675 4926 eis
1696 4872 1763 4926 ab
1791 4871 2100 4929 hominibus

514 4952 808 5013 secundum
865 4954 1126 5026 placitum
1193 4956 1578 5015 diversissimis
1633 4959 1809 5019 modis
1883 4963 2101 5020 nomina

515 5049 733 5104 dantur.
769 5045 1079 5118 Adjungunt
1107 5048 1314 5105 interea
1350 5050 1437 5106 his
1461 5050 1669 5109 duabus
1698 5054 1860 5109 rebus
1887 5055 2101 5111 tertiam

519 5155 652 5207 rem,
695 5149 756 5195 ut
776 5138 1024 5235 qdorare,
1060 5141 1290 5197 osculari
1334 5151 1389 5197 et
1432 5142 1675 5214 amplecti
1712 5161 1877 5202 unum
1920 5147 2103 5202 omnia

589 5282 616 5311 ι
642 5269 881 5346 Quorum
904 5284 1078 5330 autem
1104 5276 1186 5330 Iuv
1212 5276 1502 5346 primorum
1535 5285 1690 5340 nam,
1709 5278 1901 5333 credent
1934 5281 2104 5334 omni-

522 5339 616 5395 bus
650 5343 916 5416 passiones
949 5346 1140 5416 enim
1173 5339 1294 5401 sunt
1316 5361 1335 5399 :
1359 5355 1407 5401 et
1441 5339 1775 5416 quorumrlue
1803 5350 2102 5404 similitudi~

522 5426 633 5495 nec,
663 5427 743 5495 res
771 5415 929 5495 etiam
953 5415 1156 5495 eadem.
1192 5416 1427 5495 _Grzecus
1449 5415 1762 5495 Aristotelis
1785 5420 1955 5495 code;
1984 5424 2105 5495 περὶ

524 5480 790 5563 ἑρμηνείας
823 5482 1323 5563 (Carolusbarbare
1355 5487 1696 5563 et__imperite
1721 5488 1777 5541 in
1801 5480 2107 5563 ρςνξζιενηξὶ-

526 5554 648 5625 niis,
697 5554 792 5625 sed
832 5554 899 5608 ex
941 5570 1041 5609 usu
1085 5554 1227 5610 illius
1275 5556 1456 5611 steculi
1482 5597 1497 5619 ,
1526 5554 1688 5625 'quem
1722 5565 1777 5611 et
1801 5554 2016 5613 'Balbus
2049 5560 2105 5614 in

526 5619 808 5694 Catholica
833 5625 1060 5687 notavit,
1090 5626 1337 5681 scribens
1361 5642 1374 5679 :
1410 5644 1429 5678 ι
1465 5619 1694 5694 Quidam
1719 5635 1899 5683 tamen
1928 5628 2108 5685 minus

528 5690 890 5771 intelligentes
924 5701 1149 5771 utuntur
1190 5696 1295 5771 hoc
1334 5690 1746 5771 quasi'nomiue
1786 5699 2106 5771 composito,

527 5760 738 5816 scilicet
766 5760 881 5816 hcce
904 5763 1302 5827 perihermeniu.
1341 5760 1368 5817 ῐ
1406 5766 1482 5821 Ita
1533 5774 1824 5836 praesentat
1854 5760 1996 5825 hunc
2032 5760 2097 5826 lo

2194 4589 2415 4654 similia,
2439 4605 2749 4659 quanquam
2799 4593 2868 4647 ab
2917 4607 2984 4649 eo
3025 4599 3188 4651 verbo
3232 4595 3379 4666 quod
3416 4602 3497 4650 est
3523 4593 3621 4665 fero
3654 4597 3720 4636 ve-

2200 4682 2368 4745 niant,
2396 4682 2547 4736 adhil
2566 4682 2656 4738 itis
2696 4690 2752 4738 et
2794 4686 3027 4755 quadam
3051 4700 3117 4741 ex
3145 4696 3300 4758 parte
3328 4684 3580 4756 corruptis
3613 4688 3719 4749 pm:-

2197 4774 2555 4845 positionibus
2574 4774 2957 4833 diversissimis
2980 4776 3260 4835 effectibus
3292 4778 3435 4835 inter
3454 4792 3511 4833 se
3529 4774 3574 4828 in
3594 4777 3718 4825 δειλίη

2199 4866 2442 4923 distare?
2471 4865 2580 4922 Aut
2611 4868 2736 4938 quis
2791 4869 2998 4926 nesciat
3026 4870 3172 4939 quod
3205 4871 3460 4941 participe
3499 4873 3550 4922 et
3591 4859 3716 4916 πάθω

2199 4973 2337 5029 pene
2369 4959 2572 5015 nullam
2612 4974 2806 5016 sensus
2853 4961 3292 5018 concordantiam
3339 4956 3582 5018 habeant?
3600 4951 3716 5022 ﬁn”

2201 5070 2434 5124 namque
2456 5063 2511 5109 et
2531 5053 2806 5124 conﬁrmo,
2833 5070 3141 5126 quanquam
3156 5056 3212 5112 in
3232 5072 3395 5113 sensu
3413 5056 3513 5113 sint
3531 5054 3718 5106 eam!“

2203 5145 2311 5211 nia,
2328 5145 2396 5200 ab
2421 5159 2484 5200 ea
2507 5153 2688 5200 tamen
2706 5159 2784 5212 re,
2797 5146 2886 5203 cui
2906 5146 2975 5202 ab
2994 5145 3102 5203 illis
3113 5128 3715 5215 adhibentur,pror805‘i‘

2204 5294 2326 5334 cum
2350 5296 2366 5360 ξ
2388 5277 2483 5335 Ὧν
2508 5281 2680 5360 pirro}
2704 5284 3140 5360 ςαῦτανπρῶςωςν·
3157 5280 3326 5335 ταῦτᾶ
3349 5284 3475 5360 “ac!

2205 5368 2295 5438 τῆς
2336 5348 2542 5439 pupis:
2572 5354 2658 5406 καὶ
2696 5348 2764 5407 ὧν
2795 5348 2963 5439 ξαᾷτόι
2992 5352 3342 5439 legatisnam.
3360 5349 3611 5439 ’τρέψε

2204 5404 2386 5478 ista.
2415 5404 2575 5492 uno
2596 5404 2759 5492 pater
2795 5404 2962 5490 sua;
2992 5404 3111 5477 se
3128 5404 3451 5489 Carmana,
3474 5404 3611 5492 linem

2208 5492 2369 5545 modo
2411 5481 2627 5546 ivimus'
2654 5481 3006 5558 medicaium;
3050 5510 3069 5541 ι
3099 5481 3329 5561 quarum
3360 5481 3521 5561 autem
3543 5481 3710 5561 δειξῖζ

2208 5575 2358 5616 mum
2398 5571 2542 5617 nota:
2584 5562 2715 5628 sint,
2759 5563 2962 5618 emdem
2995 5549 3258 5616 omnibus
3295 5560 3549 5630 passiones
3568 5549 3711 5630 anim?

2210 5638 2334 5709 sunt
2370 5650 2382 5685 :
2429 5641 2488 5709 et
2512 5622 2743 5709 quarum
2791 5622 3318 5709 haesimilitudines'.
3363 5622 3713 5709 νᾳρξέιῇξτ

2211 5703 2352 5758 dcm.
2388 5720 2408 5755 ι
2439 5696 2554 5758 Nec
2584 5702 2738 5757 aliter
2765 5711 2848 5758 est
2882 5703 2936 5757 in
2968 5703 3225 5773 operibus
3248 5698 3483 5759 Severini
3507 5696 3655 5750 Boem-
