4028 6180
267 462 416 519 ληῖῖ

1013 403 1015 406 ’
1071 434 1246 508 itum
1284 449 1628 507 canorum.
1671 479 1739 487 -
1775 443 1996 500 eam.
2042 441 2129 496 DE
2164 439 2354 496 NAG.
2393 471 2463 482 -
2502 438 2629 493 un.
2673 437 2754 493 IV.

3414 432 3548 487 1238

275 579 475 633 dentur
509 586 629 628 esse
653 577 930 626 extranea.
958 567 1030 624 De
1061 568 1258 638 quibus
1294 564 1545 620 omnibus
1587 561 1634 617 si
1678 558 1865 630 singil-
1893 563 1941 620 Α
1970 553 2212 608 ticularis
2240 560 2294 608 et
2321 551 2534 621 negatio
2562 547 2934 621 particularis;
2965 547 3083 604 dum
3112 548 3420 618 superiores
3440 565 3558 605 om-

279 668 430 722 latim
457 681 488 721 a
509 665 667 720 nobis
703 662 1006 733 disputetur
1036 660 1110 715 ita
1138 668 1198 714 ut
1228 659 1283 713 in
1315 655 1514 713 scholis
1552 650 1868 726 grammati-

279 775 468 815 corum
498 758 746 822 discitur,
794 756 911 810 hzec
947 752 1282 810 solummodo
1307 766 1396 806 res
1434 749 1520 803 vix
1558 745 1718 802 unius
1744 742 1866 798 libri

281 859 433 906 textu
453 848 746 904 tenebitur.
773 845 880 901 Sed
902 858 1002 900 nec
1024 844 1153 899 illud
1171 841 1604 914 praetereundum
1625 846 1708 894 est
1727 833 1871 907 quod

229 979 236 986 -
281 940 632 996 vanissimam
657 941 1178 1006 argumentationem
1223 947 1376 988 suam
1412 931 1644 1001 quadam
1681 926 1870 983 frivola

282 1038 337 1086 et
367 1029 515 1086 inani
542 1027 907 1093 conclusione,
939 1025 1094 1096 quasi
1125 1023 1358 1095 quodam
1387 1020 1729 1078 conversibili
1766 1018 1873 1090 syl-

286 1121 533 1193 logismo,
585 1118 853 1175 conficere
901 1116 1006 1172 nisi
1054 1122 1182 1171 sunt
1226 1113 1514 1170 dicentes:
1557 1112 1694 1184 quod
1735 1112 1872 1165 enim

284 1211 458 1281 diligit
489 1209 605 1280 quis
633 1216 680 1262 et
717 1205 923 1270 adorat,
963 1216 1011 1261 et
1043 1204 1182 1275 quod
1210 1204 1396 1259 adorat
1435 1203 1644 1257 omnino
1673 1210 1721 1256 et
1746 1199 1873 1254 dili-

286 1305 379 1374 git,
429 1303 733 1358 nescientes
765 1301 885 1357 ideo
924 1301 1041 1355 lucc
1068 1301 1174 1355 duo
1203 1299 1438 1354 vicissim
1466 1296 1688 1352 minimc
1718 1309 1876 1365 posse

287 1392 656 1456 circumverti,
692 1391 836 1461 quod
866 1389 1148 1459 inaequalia
1175 1389 1314 1444 inter
1356 1404 1416 1444 se
1449 1387 1576 1453 sint,
1608 1388 1877 1457 latiusque

287 1483 505 1553 diligere
545 1498 707 1552 quam
750 1481 974 1536 adorare
1003 1481 1175 1551 possit
1206 1479 1477 1551 progredi.
1517 1479 1702 1550 Diligit
1731 1479 1877 1533 enim

289 1576 409 1643 quis
444 1588 669 1628 uxorem
710 1573 824 1628 sive
864 1573 1092 1642 prolem,
1124 1587 1226 1628 nec
1276 1579 1460 1627 tamen
1509 1573 1698 1627 adorat
1724 1585 1872 1639 eam;

289 1665 464 1737 diligit
486 1680 726 1729 servum,
764 1663 1036 1730 ancillam,
1069 1678 1289 1733 equum,
1326 1678 1536 1728 canem,
1565 1662 1877 1732 accipitrem

288 1765 344 1812 ct
367 1764 564 1813 cetera
602 1745 993 1824 hujuscemodi,
1026 1768 1127 1810 nec
1153 1762 1334 1809 tamen
1380 1753 1569 1810 adorat
1615 1766 1699 1808 ea.
1728 1753 1880 1808 Sicut

289 1861 420 1916 ergo
439 1861 629 1901 verum
653 1853 738 1901 est
779 1858 900 1901 cum
931 1845 1083 1912 dicit,
1110 1844 1250 1916 quod
1285 1844 1473 1898 adorat
1513 1845 1630 1915 quis
1667 1853 1714 1898 et
1757 1842 1881 1896 dili-

1969 645 2097 700 nino
2130 644 2232 699 sibi
2257 643 2543 700 contraria:
2573 649 2714 708 sunt,
2747 650 2958 697 aeterm
2983 656 3112 696 vero
3137 642 3253 696 dua:
3274 641 3569 698 inferiores

1970 735 2358 790 subcontrariac
2398 733 2501 790 sibi
2539 740 2726 788 mutuo
2755 742 2902 799 sunt,
2938 743 2993 789 et
3025 731 3311 789 afﬁrmatio
3336 734 3558 790 univer-

1969 825 2100 883 salis
2143 826 2256 881 sive
2290 823 2638 896 particularis
2690 823 3035 889 subaltcrtue,
3089 831 3144 878 et
3192 824 3408 895 negatio
3439 824 3561 879 uni-

1970 914 2196 973 versalis
2251 925 2308 970 et
2349 913 2691 985 particularis
2729 913 3052 970 subalterna:
3097 913 3446 980 nihilominus
3481 913 3546 968 di-

1973 1015 2182 1062 cantur.
2223 1006 2501 1062 Ducantur
2527 1005 2722 1060 deinde
2760 1019 2951 1060 sensus
2993 1003 3368 1076 indagatioucs
3404 1004 3562 1077 quasi

1973 1099 2218 1170 quaedam
2255 1097 2410 1153 linea:
2447 1097 2735 1168 angulares
2775 1097 2914 1163 dum,
2954 1111 3062 1150 una
3090 1096 3158 1150 ab
3186 1097 3289 1152 hac
3323 1099 3562 1153 afiirma-

1975 1193 2121 1248 tione
2151 1190 2462 1255 universali,
2503 1189 2668 1245 Omne
2704 1189 2844 1262 quod
2887 1188 3058 1259 diligit
3098 1190 3214 1260 quis
3249 1191 3456 1256 adorat,
3495 1187 3564 1245 ad

1975 1286 2116 1341 hanc
2148 1283 2488 1355 negationem
2523 1281 2929 1352 particularem,
2961 1280 3230 1347 Quiddam
3273 1282 3412 1354 quod
3447 1282 3564 1336 dili-

1974 1377 2047 1446 git
2077 1375 2194 1446 quis
2220 1392 2324 1429 non
2363 1375 2583 1440 adorat;
2630 1373 2801 1428 altera
2831 1374 2899 1430 ab
2935 1374 3037 1428 hac
3063 1373 3381 1444 particulari
3422 1372 3565 1429 aflir.

1976 1469 2232 1531 matiouc,
2264 1466 2529 1532 Quiddam
2566 1465 2704 1537 quod
2740 1465 2911 1535 diligit
2940 1464 3056 1536 quis
3083 1465 3293 1531 adorat,
3326 1465 3392 1521 ad
3424 1462 3566 1521 hanc

1977 1557 2338 1614 universalem
2369 1556 2732 1627 negationem,
2777 1554 2928 1610 Nihil
2963 1555 3103 1626 quod
3131 1555 3302 1626 diligit
3329 1555 3446 1627 quis
3472 1555 3542 1609 ad
3559 1585 3572 1597 -

1979 1657 2114 1714 orat,
2135 1655 2191 1704 et
2226 1647 2334 1702 sint
2364 1646 2507 1701 inter
2541 1659 2601 1702 se
2623 1644 2913 1701 contraria:
2951 1645 3038 1699 vel
3061 1645 3320 1716 opposita:
3347 1661 3361 1699 :
3392 1651 3448 1700 et
3483 1644 3570 1700 his

1980 1741 2054 1796 ita
2087 1741 2230 1796 inter
2264 1753 2323 1795 se
2366 1739 2730 1810 pugnantibus
2758 1751 2881 1794 cum
2909 1745 3172 1808 utrmque,
3203 1736 3257 1793 id
3288 1746 3389 1803 est,
3426 1736 3570 1792 ailir-

1981 1832 2146 1888 matio
2191 1830 2512 1886 universalis
2557 1836 2612 1884 et
2650 1828 2862 1900 negatio
2890 1828 3253 1899 particularis,
3283 1828 3400 1884 sive
3426 1827 3571 1883 δαιτ-

291 1939 386 2010 git,
419 1953 526 1993 non
553 1938 628 1993 ita
653 1953 844 1993 verum
879 1951 1000 1994 esse
1034 1944 1212 2008 potest
1247 1951 1370 1990 cum
1399 1935 1548 2003 dicit,
1577 1935 1717 2006 quod
1755 1935 1875 1989 dili-
1909 1921 1954 1982 Β
1983 1923 2148 1978 matio
2189 1921 2534 1993 particularis
2570 1929 2624 1976 et
2663 1919 2875 1990 negatio
2911 1919 3257 1986 universalis,
3279 1933 3422 1975 verae
3451 1933 3570 1975 esse

289 2031 364 2100 git
386 2030 502 2100 quis
522 2038 571 2084 et
593 2030 803 2096 adorat,
835 2046 943 2086 non
969 2031 1115 2086 enim
1144 2032 1262 2086 hrec
1298 2029 1684 2086 circumversio
1713 2028 1882 2084 ratio-

292 2119 544 2175 nabiliter
588 2128 735 2175 stare
756 2130 953 2192 potest,
999 2121 1254 2191 quoniam
1278 2128 1332 2176 ct
1356 2133 1523 2175 unum
1545 2118 1758 2176 illorum
1802 2119 1880 2175 la-

293 2211 420 2277 tius,
445 2219 505 2265 ut
529 2212 782 2276 diximus,
807 2211 1168 2282 protenditur,
1192 2221 1246 2268 et
1266 2211 1409 2267 nulla
1431 2219 1514 2267 est
1536 2211 1592 2266 in
1620 2211 1706 2267 his
1729 2219 1881 2265 tanta

291 2301 596 2370 proprietas
637 2312 698 2358 ut
741 2309 930 2358 mutuo
968 2302 1314 2359 Circumverti
1363 2304 1676 2359 credantur.
1728 2300 1883 2359 Sicut

290 2406 422 2463 ergo
444 2393 550 2448 dici
581 2402 782 2464 potest,
813 2409 1074 2475 converso
1097 2394 1306 2460 ordine,
1331 2395 1472 2465 quod
1502 2394 1766 2452 hinnibile
1799 2403 1884 2452 est

293 2498 464 2554 equus
512 2495 629 2553 est,
673 2495 726 2542 et
781 2487 922 2557 quod
957 2501 1130 2558 equus
1173 2496 1257 2543 est
1303 2487 1564 2544 hinnibile
1609 2498 1730 2556 est,
1773 2504 1882 2544 non

293 2575 374 2630 sic
421 2583 568 2631 recte
611 2576 715 2632 dici
764 2585 959 2648 potest,
1001 2578 1142 2650 quod
1186 2578 1358 2650 diligit
1403 2580 1520 2650 quis
1567 2587 1615 2633 et
1668 2578 1878 2646 adorat,

292 2665 510 2737 etquod
552 2667 740 2722 adorat
767 2678 816 2723 et
841 2668 1030 2740 diligit,
1062 2670 1317 2740 quoniam
1346 2677 1399 2725 ct
1421 2670 1475 2724 in
1511 2669 1714 2726 eisdem
1744 2669 1887 2738 topi-

292 2757 400 2822 eis,
432 2772 500 2812 ex
525 2759 719 2828 quibus
746 2761 862 2814 haec
885 2769 1202 2831 argumenta
1247 2762 1546 2832 procedunt
1596 2762 1651 2817 in
1692 2761 1882 2818 eadem

292 2851 763 2921 argumentatione
810 2868 932 2924 quae
970 2868 1001 2909 a
1047 2854 1501 2924 consequentibus
1548 2855 1878 2922 nominatur,

295 2942 349 2996 in
383 2958 491 3013 qua
525 2945 859 3014 propositam
882 2961 998 3001 rem
1026 2945 1227 3016 aliquid
1277 2945 1663 3002 inevitabiliter
1687 2961 1880 3002 conse-

293 3035 494 3103 quitur,
543 3043 600 3089 ιιι
631 3037 687 3090 id
732 3037 874 3106 quod
919 3038 984 3092 de
1036 3039 1284 3094 hinnibili
1331 3046 1386 3093 et
1431 3052 1572 3110 equo
1621 3038 1877 3107 diximus,

293 3125 550 3196 pleraque
572 3127 915 3185 circumverti
939 3138 1181 3200 possunt,
1210 3129 1467 3185 nonnulla
1492 3146 1622 3188 vero
1649 3130 1882 3187 circum-

294 3219 430 3272 verti
467 3233 804 3290 nequaquam
832 3231 1076 3293 possunt.
1111 3223 1468 3280 Circumverti
1502 3237 1733 3295 namque
1755 3240 1880 3295 pos-

1982 2032 2089 2073 non
2123 2016 2351 2086 possint,
2389 2029 2496 2071 una
2528 2013 2634 2070 erit
2667 2013 2822 2079 falsa,
2856 2011 3026 2068 altera
3051 2026 3199 2078 vera,
3233 2013 3418 2083 sicque
3441 2030 3570 2069 vera

1981 2112 2210 2182 perimet
2239 2109 2449 2175 falsam,
2476 2114 2532 2162 et
2559 2106 2603 2162 si
2634 2107 2725 2161 illa
2773 2105 2936 2160 fuerit
2959 2119 3112 2172 vera,
3141 2105 3246 2159 alia
3274 2121 3398 2160 mox
3423 2121 3456 2160 a
3479 2122 3572 2162 vc—

1983 2204 2144 2258 ritate
2174 2201 2434 2264 discedet,
2469 2199 2681 2253 dicente
2704 2194 2930 2265 Apuleio
2949 2194 3270 2266 philosopho
3293 2195 3573 2252 Platonico

1983 2292 2354 2360 Madaurensi,
2391 2289 2481 2361 qui
2533 2291 2600 2345 de
2636 2286 3006 2356 hujuscemodi
3042 2286 3370 2358 syllogistica
3413 2287 3574 2344 indu-

1981 2387 2114 2442 stt-ia
2140 2385 2194 2439 in
2220 2384 2358 2439 libro
2379 2382 2470 2452 qui
2493 2380 2826 2444 inscribitur,
2854 2379 2931 2433 De
2949 2378 3340 2450 perilt‘enneniis
3361 2378 3570 2450 Apulei,

1982 2477 2332 2534 subtilissime
2368 2472 2680 2545 disputavit.
2712 2491 2731 2524 ι
2765 2460 3338 2542 Universalis,'inquit,
3365 2471 3572 2526 utmvis

1977 2567 2362 2639 particularem
2393 2579 2546 2622 suam
2571 2563 2921 2635 comprobata
2951 2563 3136 2633 utique
3155 2562 3462 2626 confirmat,
3486 2579 3573 2619 rc-

1981 2661 2126 2716 vticta
2163 2675 2270 2715 non
2299 2659 2485 2729 utique
2523 2655 2790 2722 infirmat;
2824 2655 3168 2727 particularis
3203 2663 3382 2712 autem
3417 2672 3576 2711 versa

1981 2755 2099 2810 vice
2151 2753 2180 2794 ι)
2221 2749 2584 2808 universalem
2630 2763 2782 2805 suam
2833 2748 3039 2804 revicta
3084 2747 3572 2820 utique-inﬁrmat,

1979 2845 2203 2918 probata
2229 2845 2416 2915 utique
2445 2842 2752 2899 confirmat.
2788 2859 2808 2894 ι
2842 2841 2978 2896 Sunt
3004 2856 3135 2912 ergo
3172 2841 3224 2896 in
3269 2841 3372 2898 hac
3408 2856 3574 2912 argu—

1981 2939 2310 2994 mentatione
2333 2939 2452 2993 dua:
2477 2937 2780 3008 superiores
2809 2935 3161 3002 universales,
3193 2936 3246 2991 id
3274 2944 3376 3002 est,
3403 2934 3570 2992 Omne

1979 3029 2119 3099 quod
2159 3027 2332 3099 diligit
2373 3028 2490 3098 quis
2535 3027 2742 3092 adorat,
2767 3034 2841 3091 et,
2891 3027 3046 3082 Nihil
3081 3027 3222 3099 quod
3250 3027 3421 3099 diligit
3453 3030 3573 3100 quis

1981 3119 2192 3186 adorat,
2217 3118 2384 3184 falsm,
2411 3119 2686 3189 quoniam,
2709 3126 2768 3172 ut
2790 3119 3041 3189 superius
3060 3119 3261 3175 dictum
3283 3127 3387 3186 est,
3405 3120 3572 3175 multa

1981 3209 2156 3280 diligit
2197 3210 2320 3280 quis
2363 3224 2483 3280 quae
2521 3224 2628 3264 non
2674 3210 2880 3274 adorat,
2920 3216 2976 3264 et
3013 3208 3188 3279 aliqua
3227 3209 3292 3265 de
3327 3209 3414 3266 his
3455 3225 3577 3280 qua:

292 3315 418 3364 sunt
443 3272 576 3376 haec:
605 3272 730 3367 ut'si
750 3272 874 3382 quirs
899 3313 1041 3370 dicat
1063 3332 1076 3372 :
1102 3315 1160 3370 Si
1183 3314 1388 3372 risibile
1408 3324 1510 3383 est,
1539 3272 1875 3388 congemis",
1904 3272 1951 3337 ο
1983 3306 2156 3378 diligit
2188 3306 2310 3376 quis
2334 3304 2557 3370 adorat;
2588 3311 2642 3358 et
2676 3309 2802 3358 sunt
2827 3303 2947 3359 dum
2982 3302 3264 3359 inferiores
3287 3304 3576 3376 particula.

293 3400 680 3458 inevitabiliter
702 3413 785 3459 est
810 3414 870 3460 ut
897 3406 1059 3462 homo
1084 3408 1176 3473 sit,
1206 3416 1261 3464 et
1290 3409 1336 3463 si
1372 3409 1533 3464 homo
1568 3417 1649 3464 est
1685 3422 1876 3466 neces-

291 3491 437 3547 sario
474 3492 678 3549 risibile
722 3504 824 3563 est,
855 3504 911 3552 et
938 3506 1133 3554 caetera
1156 3499 1239 3554 his
1265 3498 1483 3554 similia.
1521 3498 1877 3555 Circumverti

289 3591 470 3639 autem
522 3600 865 3658 nequaquam
900 3596 1125 3659 possunt
1153 3589 1289 3652 haec,
1338 3597 1398 3643 ut
1439 3588 1485 3644 si
1530 3588 1652 3658 quis
1689 3589 1874 3645 dicat:

290 3673 348 3728 Si
385 3675 501 3731 dies
531 3687 614 3732 est
647 3677 806 3744 lucet,
839 3694 1175 3751 consequens
1224 3679 1421 3750 quippe
1470 3687 1553 3734 est
1583 3687 1643 3733 ιιι
1676 3678 1722 3734 si
1764 3680 1880 3736 dies

287 3772 371 3820 est
405 3766 608 3834 luceat;
651 3768 697 3824 si
744 3770 972 3825 satiatus
1002 3780 1105 3836 est,
1136 3784 1470 3840 consequens
1499 3779 1584 3826 est
1612 3779 1672 3825 ut
1699 3784 1879 3827 come-

289 3854 431 3908 disse
467 3856 752 3922 credatur;
801 3857 847 3911 si
885 3857 1088 3924 ebrius,
1139 3858 1448 3914 necessario
1491 3867 1709 3928 potasse
1753 3874 1878 3916 eum

289 3950 536 4010 constat;
565 3945 614 4000 si
637 3943 831 4000 doctus
855 3953 956 4013 est,
981 3961 1318 4018 consequens
1343 3957 1426 4004 est
1446 3958 1505 4003 ut
1523 3949 1774 4006 didicisse
1800 3951 1880 4008 di-

286 4045 474 4103 catur;
509 4038 554 4093 si
594 4039 804 4105 adorat,
841 4055 1178 4111 consequens
1224 4051 1308 4098 est
1344 4052 1404 4098 ut
1433 4045 1486 4101 id
1519 4045 1662 4114 quod
1688 4045 1879 4100 adorat

286 4126 497 4196 diligat.
542 4125 661 4183 Non
711 4128 856 4184 enim
893 4129 997 4187 dici
1035 4141 1233 4202 potest,
1273 4147 1532 4191 converso
1575 4136 1784 4204 ordine,
1830 4136 1878 4192 si

287 4217 430 4274 lucet
462 4223 769 4280 necessario
821 4224 937 4281 dies
979 4233 1091 4292 est;
1133 4225 1180 4282 si
1230 4227 1485 4294 comedit,
1541 4241 1878 4301 consequens

285 4319 366 4367 est
390 4319 450 4367 ut
469 4315 699 4370 satiatus
725 4316 815 4382 sit,
843 4332 964 4373 cum
990 4318 1146 4388 plura
1167 4318 1400 4386 luceant,
1426 4335 1527 4376 nec
1555 4329 1733 4376 tamen
1764 4323 1878 4378 dies

285 4407 375 4470 sit,
405 4414 462 4463 et
498 4395 817 4478 plerumque
846 4411 1105 4466 comestio
1134 4426 1235 4467 nec
1282 4413 1408 4467 dum
1456 4412 1524 4466 ad
1571 4413 1875 4468 satietatem

285 4501 592 4567 perveniat;
625 4516 726 4557 nec
757 4501 906 4569 illud,
955 4503 1001 4558 si
1046 4504 1182 4560 bibit
1221 4504 1404 4559 ebrius
1451 4511 1552 4569 est,
1601 4504 1646 4559 si
1692 4505 1878 4560 didicit

284 4589 473 4644 doctus
496 4600 597 4657 est,
625 4593 674 4647 si
701 4592 874 4666 diligit
894 4596 1102 4664 adorat,
1135 4611 1260 4652 cum
1292 4597 1562 4652 interdum
1604 4613 1703 4653 nec
1724 4606 1877 4668 pota-

286 4680 360 4733 tio
393 4683 461 4736 ad
505 4683 840 4752 ebrietatem,
883 4702 984 4744 nec
1033 4689 1313 4760 disciplina
1365 4690 1434 4744 ad
1480 4689 1874 4760 magisterium,

286 4787 387 4827 nec
410 4774 626 4830 dilectio
647 4779 713 4832 ad
739 4780 1106 4837 adorationem
1129 4784 1418 4855 pet-tingat.
1443 4783 1722 4840 Ponantur
1745 4800 1875 4858 ergo

285 4862 494 4931 singula
546 4870 844 4925 secundum
899 4873 1302 4932 dialecticorum
1345 4875 1754 4947 experientiam,
1817 4887 1878 4932 ut

287 4953 494 5012 facilius
519 4970 775 5029 appareat
802 4974 1063 5033 quantum
1093 4966 1233 5022 inter
1270 4983 1329 5024 se
1375 4968 1494 5023 hzec
1519 4969 1622 5025 duo
1652 4969 1871 5034 distent,

285 5049 364 5102 vel
397 5050 631 5120 qualiter
658 5051 775 5110 haec
797 5055 1182 5113 circumversio
1216 5067 1360 5114 stare
1390 5073 1496 5116 non
1522 5059 1707 5129 possit.
1737 5059 1876 5117 Sunt

285 5141 428 5195 enim
469 5151 703 5212 quatuor
755 5148 1148 5218 propositiones
1188 5150 1329 5204 inter
1374 5166 1433 5206 se
1482 5152 1876 5220 quodammodo

286 5233 508 5298 affectae,
551 5247 577 5275 ι
602 5249 737 5304 quas
779 5237 1080 5309 philosophi
1112 5240 1166 5293 in
1191 5242 1453 5310 quadrata
1498 5241 1726 5297 formula
1758 5258 1877 5313 spe-

286 5324 509 5381 ctandas
531 5327 771 5382 scribere
799 5338 1214 5394 consueverunt,
1239 5331 1312 5386 ita
1336 5332 1582 5387 videlicet
1605 5341 1662 5386 ut
1687 5333 1878 5401 prinue

286 5417 406 5471 dua:
434 5419 563 5482 sint,
606 5418 773 5474 Omne
808 5426 948 5493 quod
993 5423 1164 5493 diligit
1204 5425 1322 5494 quis
1365 5424 1570 5488 adorat,
1618 5433 1693 5490 et,
1726 5425 1878 5480 Nihil

286 5511 425 5580 quod
452 5510 624 5582 diligit
651 5514 768 5583 quis
792 5514 1013 5579 adurat;
1039 5524 1248 5571 caetera:
1280 5517 1416 5584 dum,
1452 5517 1717 5583 Quiddam
1738 5518 1876 5589 quod

287 5600 456 5672 diligit
497 5603 614 5672 quis
642 5603 848 5666 adorat,
894 5604 1160 5671 Quiddam
1207 5607 1345 5678 quod
1389 5608 1559 5678 diligit
1602 5609 1718 5678 quis
1773 5625 1876 5661 non

289 5692 494 5747 adorat.
531 5693 597 5748 Et
623 5694 814 5765 prima:
836 5697 954 5752 dum
988 5697 1236 5752 dicantur
1274 5697 1560 5752 afﬁrmatio
1590 5698 1875 5753 universa-

288 5778 354 5837 lis
381 5795 436 5839 ct
464 5786 679 5856 negatio
700 5788 1038 5855 universalis,
1061 5799 1271 5844 cetera:
1300 5791 1417 5845 dum
1440 5789 1724 5846 afﬁrmatio
1748 5805 1874 5860 par-

361 5911 384 5938 ι
431 5898 573 5965 Quas
612 5900 902 5974 pltiloso;'lti
932 5905 984 5957 in
1010 5904 1266 5975 quadrata
1309 5901 1538 5973 formula
1569 5903 1876 5975 spectandas

1981 3414 2088 3465 res,
2138 3398 2190 3453 id
2233 3406 2335 3465 est,
2389 3396 2655 3463 Quiddam
2699 3395 2839 3466 quod
2877 3394 3048 3465 diligit
3096 3397 3214 3466 quis
3259 3396 3470 3462 adorat,
3517 3407 3575 3454 et

1982 3490 2246 3556 Quiddam
2267 3490 2406 3560 quod
2434 3488 2606 3558 diligit
2632 3489 2748 3558 quis
2772 3504 2876 3542 non
2897 3487 3106 3554 adorat,
3142 3498 3387 3560 utraeque
3408 3507 3570 3562 verte,

1979 3578 2232 3647 quoniam
2260 3577 2434 3647 diligit
2468 3577 2591 3646 quis
2628 3577 2797 3631 Deum
2822 3574 2980 3644 juxta
3017 3577 3145 3634 illud
3175 3596 3188 3633 ε
3227 3579 3426 3653 Diliges
3469 3583 3575 3638 Do-

1980 3671 2180 3724 minum
2207 3670 2372 3724 Deum
2398 3678 2546 3722 tuum
2589 3683 2654 3722 ea:
2680 3677 2787 3722 toto
2817 3669 2974 3724 corde
3012 3681 3102 3724 tuo
3131 3671 3318 3742 (Leuit.
3351 3674 3488 3748 nx),
3519 3686 3575 3733 ct

1979 3762 2168 3817 adorat
2195 3777 2339 3827 cum,
2368 3776 2433 3816 ex
2463 3759 2615 3832 cujus
2648 3762 2991 3817 sanctissima
3017 3764 3306 3821 dilectione
3326 3771 3567 3827 omnium

1978 3851 2240 3906 virtutum
2281 3851 2613 3906 nutrimenta
2653 3851 2969 3921 procedunt.
3014 3853 3196 3926 Diligit
3235 3858 3356 3928 quis
3389 3863 3569 3930 proxi-

1977 3957 2125 3996 mum
2153 3949 2208 3997 et
2231 3941 2570 3998 salutationis
2594 3940 2770 3998 ofﬁcio
2803 3941 2994 3998 adorat
3025 3961 3169 4013 eum,
3210 3957 3265 4003 et
3294 3949 3347 4003 in
3375 3966 3438 4005 eo
3477 3968 3570 4024 ap-

1978 4032 2238 4104 probatur
2261 4047 2390 4087 vera
2427 4047 2546 4088 esse
2570 4035 2887 4104 propositio,
2934 4034 3199 4103 Quiddam
3233 4043 3374 4112 quod
3397 4044 3570 4117 diligit

1976 4127 2094 4197 quis
2137 4126 2358 4190 adorat;
2406 4127 2731 4196 approbatur
2772 4128 2936 4184 etiam
2985 4138 3040 4186 et
3088 4131 3205 4189 lucc
3255 4149 3381 4191 vera
3425 4151 3566 4206 esse,

1982 4216 2252 4284 Quiddam
2276 4216 2415 4287 quod
2438 4215 2610 4287 diligit
2635 4218 2752 4290 quis
2776 4235 2878 4274 non
2903 4219 3130 4285 adorat,.
3139 4220 3293 4292 juxta
3321 4229 3568 4298 exempla

1977 4307 2238 4380 conjugis,
2275 4308 2461 4380 prolis,
2513 4309 2660 4380 equi,
2705 4310 2876 4378 canis,
2929 4313 3222 4385 accipitris,
3271 4326 3327 4374 et
3365 4329 3564 4377 caetera

1977 4467 2202 4548 scribere
2225 4471 2640 4548 Iconsuet'éruut.
2687 4466 2770 4522 Ad
2817 4469 2958 4527 hanc
3004 4472 3366 4533 conditionem
3404 4476 3561 4548 juxta

1980 4536 2288 4591 Aristotelis
2312 4545 2580 4604 prtccepta
2603 4554 2616 4592 :

1907 4605 2513 4693 DOtnnequoddi‘ligit
2629 4607 2925 4693 Qerururim
3054 4613 3197 4693 Nihil
3224 4619 3366 4693 quod
3391 4619 3562 4693 diligit

2049 4677 2191 4748 quis,
2222 4677 2428 4733 adorat.
2643 4679 2885 4735 ἐναντίαι.
3101 4677 3258 4756 quis;
3272 4691 3483 4747 adorat.

3114 4852 3246 4930 ’,κ

2027 4961 2065 5006 ἓ
2105 4971 2136 5008 .:
2323 4905 2506 5009 Ὃοθτν
2999 4913 3136 4996 κί’
3405 4960 3530 5005 ε-ιω

2027 5011 2064 5046 3
2105 5013 2137 5044 δ
2496 4993 2614 5046 οηᾌ
2889 4996 2993 5046 Διί
3403 5009 3435 5046 τι
3475 5008 3511 5046 5

2029 4996 2065 5025 ξ
2105 4996 2136 5008 ··
2451 4996 2534 5030 ’ὀ
2584 5011 2595 5022 .
2959 4997 2993 5034 ,ρ
3406 4996 3432 5005 ν
3483 4996 3528 5001 --

2021 5013 2140 5135 ,ξ’τὲ
2527 5000 2742 5136 φάνηθ’
2831 4996 2956 5105 (εί-ὡ

2021 5127 2063 5136 _.
3403 5113 3456 5136 ν
3475 5128 3514 5136 μ

2009 5107 2063 5144 ξ
2083 5107 2136 5135 μς
2684 5107 2742 5136 ισ
3403 5107 3456 5140 ν.»
3475 5108 3519 5146 z:

2028 5147 2064 5178 ε
2084 5136 2136 5164 r"
3397 5141 3434 5170 ὅ
3472 5148 3512 5176 (δ

2011 5182 2064 5208 ὦ
2087 5165 2138 5217 .Lun
2653 5191 2710 5217 0"
2931 5203 2986 5217 ΑΙ-
3401 5171 3456 5217 ζ’
3473 5182 3511 5217 2

2009 5203 2138 5292 ἐξ
2424 5203 2701 5323 "ivtth
2851 5203 2894 5217 "
2919 5203 3145 5323 $5019,“
3399 5203 3433 5275 ἐξ

2453 5301 2476 5317 ρ
2489 5301 2492 5302 ν
3050 5301 3206 5379 ιιινζῆ

3241 5385 3287 5413 \

1977 5478 2261 5546 Quiddam,
2282 5481 2423 5549 quod
2446 5481 2520 5535 di—
2545 5478 2933 5536 Subcontrariw
2956 5475 3243 5549 Quiddam,
3266 5473 3408 5549 quod
3445 5473 3560 5528 dili-

1978 5543 2259 5652 ligitqnis,
2287 5543 2495 5606 adorat.
2607 5551 2900 5606 ὑπεναντίαι
2971 5547 3049 5618 git
3070 5547 3209 5616 quis,
3227 5543 3556 5599 nonadorat.

2051 5622 2077 5652 Β
2108 5620 2129 5652 1
2160 5620 2459 5652 ..ἱιιηνρηιηηι
2510 5637 2653 5652 ...ι-η.
2705 5620 2893 5652 manipu-
2936 5620 3112 5652 ..ιῖηίιη
3149 5615 3378 5652 inﬂa-mni
3437 5631 3556 5652 ηνη-

2050 5622 2077 5661 b
2106 5615 2462 5674 Universalem
2506 5637 2656 5675 suam
2705 5620 2895 5673 revicta
2936 5615 3112 5688 utique
3149 5615 3399 5688 inﬁrmat,
3437 5631 3562 5688 pre-

1979 5691 2304 5764 biatawutique
2335 5691 2636 5764 conﬁrmat.
2667 5689 2818 5764 Apud
2849 5683 3559 5764 ipsum'Apuleitun_iu.cdi-

1980 5756 2226 5816 tionibus
2243 5756 2484 5815 Sirhardi
2514 5769 2567 5814 et
2588 5761 2756 5813 Colvii
2789 5756 3300 5824 jurismnsultorum
3341 5756 3557 5823 legitur,

1977 5833 2324 5958 prolqjala‘uon
2354 5833 2525 5903 usique
2548 5832 2742 5904 ﬁrmat.
2774 5833 2942 5898 Quam
2981 5829 3263 5903 lectionem
3294 5825 3560 5882 sententia

1985 5921 2078 5958 tu'u
2121 5920 2148 5956 ιι
2180 5910 2375 5957 hrmat.

1983 5904 2148 5974 proba
2180 5902 2375 5957 ﬁrmat.
