4028 6180
531 393 669 453 (239

1436 396 1496 453 Β.
1535 399 1787 456 CAROLI
1831 397 2044 455 MAGNI
2082 395 2233 452 OPP.
2271 395 2451 451 PARS
2486 398 2549 453 ll.
2590 398 2831 457 SECTIO
2857 401 2918 459 Π.

3674 407 3792 464 tam

529 525 652 580 qua:
680 509 928 582 superius
960 509 1167 583 prolata
1195 520 1343 578 sunt,
1380 527 1501 583 qua:
1540 514 1749 585 singula
1794 512 2111 583 diliguntur,
2141 515 2187 572 A
2214 508 2454 579 ejusdem
2507 511 2721 567 Domini
2772 516 3042 570 sententia
3097 524 3402 573 encrvatur.
3447 517 3574 575 Non
3628 530 3791 576 autem

529 616 634 657 nec
666 609 845 656 tamen
871 604 1186 658 adorantur.
1215 602 1559 659 Universales
1594 614 1648 659 et
1676 603 1959 660 inferiores
1992 618 2118 673 par-

531 691 789 748 ticnlares
816 692 1121 749 alternatim
1152 694 1341 765 posita:
1369 701 1713 766 opponuntur
1753 694 1877 750 sibi.
1905 693 2043 749 Nam
2071 693 2118 749 si

530 784 665 840 falsa
722 792 807 839 est
861 785 979 840 ιιωο
1022 784 1308 842 afﬁrmatio
1360 786 1702 852 universalis,
1760 783 1926 840 Omne
1978 785 2118 856 quod

531 873 705 944 diligit
725 876 844 940 quis
873 874 1080 941 adorat,
1108 890 1234 931 vera
1260 884 1346 932 est
1375 877 1490 932 hare
1516 877 1729 947 negatio
1755 875 2113 947 particularis,

530 966 797 1032 Quiddam
821 967 961 1038 quod
989 967 1161 1037 diligit
1186 969 1301 1039 quis
1324 984 1429 1021 non
1454 968 1641 1022 adorat
1656 983 1676 1031 ;
1705 976 1760 1021 et
1784 968 1830 1023 si
1858 968 1973 1022 hzcc
1992 981 2119 1037 par-

527 1056 773 1113 ticular-is
800 1058 1011 1128 negatio
1031 1058 1163 1113 falsa
1201 1068 1303 1124 est,
1331 1058 1616 1115 affirmatio
1645 1059 1966 1115 universalis
1990 1074 2117 1116 vera

524 1159 628 1204 est.
657 1149 722 1203 Et
748 1166 939 1206 rursus
967 1151 1011 1206 si
1043 1151 1160 1207 haec
1181 1152 1397 1222 negatio
1426 1151 1765 1216 universalis,
1803 1150 1957 1206 Nihil
1975 1151 2117 1223 quod

521 1240 695 1312 diligit
728 1243 846 1313 quis
875 1243 1083 1310 adorat,
1128 1243 1260 1300 falsa
1290 1253 1392 1310 est,
1425 1246 1542 1301 haec
1563 1244 1851 1301 afﬁrmatio
1877 1246 2117 1317 particu-

522 1328 673 1398 laris,
728 1332 993 1399 Quiddam
1036 1334 1177 1406 quod
1212 1335 1385 1406 diligit
1425 1337 1543 1407 quis
1582 1336 1805 1402 adorat,
1841 1350 1968 1390 vera
2006 1344 2112 1400 est,

520 1429 578 1477 et
625 1423 671 1478 si
718 1424 821 1479 ista
857 1438 987 1479 vera
1028 1440 1136 1480 non
1166 1435 1270 1491 est,
1300 1442 1478 1496 neque
1525 1427 1616 1482 illa
1662 1426 1795 1482 falsa
1842 1435 1945 1482 est.
1979 1427 2115 1484 Sunt

521 1523 705 1571 autem
743 1517 862 1571 dum
896 1513 1185 1572 inferiores
1212 1517 1435 1572 omnino
1460 1533 1602 1573 verte
1630 1535 1643 1568 :
1679 1518 1799 1573 dum
1829 1518 1994 1588 igitur
2024 1534 2115 1573 su-

523 1605 764 1675 periores
791 1607 1007 1677 penitus
1031 1604 1181 1662 falsa:
1216 1621 1339 1663 esse
1375 1608 1657 1665 credendae
1702 1617 1847 1663 sunt.
1884 1608 1960 1663 De
1986 1624 2116 1664 con-

523 1697 769 1754 versione
807 1698 1039 1771 denique
1064 1699 1252 1755 talium
1273 1700 1725 1770 propositionum,
1750 1700 1815 1755 de
1838 1701 2035 1770 quibus
2059 1710 2113 1756 et

522 1806 622 1846 nos
640 1792 889 1861 superius
909 1792 1303 1864 aliquantulum
1327 1793 1739 1863 disputavimus,
1760 1794 1833 1848 ita
1855 1792 2111 1863 prmfatus

2219 602 2443 670 pnefata
2474 603 2687 660 Domini
2723 608 2990 663 sententia
3012 617 3341 665 enervatur:
3374 627 3488 669 non
3514 612 3679 683 igitur
3717 630 3793 669 se-

2221 692 2452 747 cundum
2469 708 2657 749 eorum
2677 696 2974 752 vanitatem
2994 696 3242 756 Christus
3257 700 3327 757 ab
3347 702 3429 758 eis
3449 711 3620 772 caput
3637 702 3791 758 factus

2218 793 2322 840 est.
2352 785 2504 841 Unde
2527 787 2825 844 cavendum
2857 799 2961 856 est,
3001 807 3073 847 ne
3109 792 3249 850 forte
3277 793 3368 851 isti
3411 796 3488 851 ab
3537 796 3656 865 ejus
3699 799 3793 855 sint

2218 875 2486 931 immunes
2527 877 2812 945 electione,
2858 882 2955 952 qui
3004 896 3131 938 eum
3173 899 3232 940 se
3267 884 3583 955 gloriantur
3622 886 3794 946 fecisse

2216 974 2399 1037 caput,
2425 968 2680 1038 quoniam
2714 971 2952 1042 quidem,
2970 981 3030 1027 ut
3050 973 3385 1044 eonjicimus,
3408 977 3458 1032 si
3476 978 3552 1032 ab
3570 992 3638 1034 eo
3655 978 3791 1034 electi

2216 1064 2399 1111 essent
2433 1072 2539 1112 non
2566 1074 2740 1125 suam,
2784 1062 2880 1117 sed
2910 1060 3028 1132 ejus
3076 1063 3303 1135 gloriam
3338 1078 3676 1137 qumrerent,
3709 1086 3792 1126 nec

2216 1161 2399 1202 rerqu
2444 1147 2860 1218 insensatarum,
2914 1153 3010 1209 sed
3064 1158 3225 1211 unius
3276 1156 3371 1212 Dei
3430 1158 3789 1216 adorationetu

2212 1238 2593 1308 praedicarent.
2620 1240 2701 1295 Ex
2725 1239 2995 1299 fructibus
3028 1245 3175 1300 enim
3197 1248 3379 1315 arbor,
3401 1247 3571 1317 juxta
3595 1250 3787 1305 Verita-

2214 1330 2287 1385 tis
2311 1333 2653 1399 sententiam,
2695 1336 3059 1406 cognoscitur,
3082 1345 3138 1393 et
3169 1339 3495 1411 plerumque
3525 1343 3583 1398 in
3629 1359 3788 1399 rerum

2213 1421 2427 1478 naturis
2479 1423 2549 1478 ab
2601 1423 2810 1481 effectis
2862 1426 3151 1484 efﬁcientia
3195 1441 3625 1502 cognoscuntur.
3675 1434 3788 1488 Cum

2213 1513 2356 1567 enim
2387 1513 2509 1583 quis
2536 1512 2740 1572 fumum
2767 1517 2932 1583 videt,
2957 1517 3134 1589 ignem
3168 1522 3390 1576 subesse
3423 1538 3540 1578 non
3568 1524 3785 1594 ambigit.

2213 1610 2306 1655 aut
2331 1617 2455 1657 cum
2484 1604 2767 1675 vestigium
2798 1605 3028 1676 alicujus
3056 1609 3304 1665 animalis
3333 1612 3628 1681 conspicit,
3668 1613 3787 1666 idrm

2214 1693 2412 1749 animal
2435 1698 2696 1753 transisse
2725 1713 2832 1754 non
2858 1701 3054 1767 nescit,
3078 1711 3136 1756 et
3159 1717 3282 1757 cum
3309 1704 3433 1766 quis
3453 1705 3655 1759 bonum
3673 1720 3785 1777 Opus

2212 1785 2378 1852 videt,
2431 1787 2483 1841 id
2516 1802 2547 1842 a
2585 1790 2695 1844 Deo
2739 1790 2832 1860 qui
2869 1792 3111 1846 omnium
3162 1794 3425 1849 honorum
3480 1805 3672 1851 auctor
3697 1806 3784 1859 est,

522 1883 873 1954 philosophus
929 1884 1063 1941 dicit
1105 1902 1120 1939 :
1173 1903 1193 1936 ι
1253 1883 1653 1941 Conversihiles
1716 1886 2114 1955 propositiones
2146 1870 2188 1930 Β
2213 1896 2334 1938 esse
2376 1898 2485 1938 non
2519 1884 2833 1951 dubitat,et
2861 1901 2983 1941 cum
3020 1902 3246 1957 pravum
3274 1890 3399 1959 quis
3439 1890 3717 1960 conspicit,
3740 1891 3782 1946 id

521 1975 794 2041 dicuntur,
824 1976 1147 2033 universalis
1173 1977 1478 2032 abdicativa
1520 1987 1575 2032 et
1603 1977 1865 2032 alterutra
1892 1977 2030 2047 ejus,
2057 1979 2113 2034 id

522 2075 624 2133 est,
658 2067 1005 2139 particularis
1039 2068 1361 2132 dedicativa,
1412 2082 1478 2123 eo
1524 2069 1671 2138 quod
1713 2069 1992 2139 particula:
2024 2085 2115 2125 ea-

521 2173 662 2222 rum,
697 2156 996 2226 subjectiva
1031 2164 1089 2214 et
1122 2157 1475 2223 declarativa,
1509 2167 1735 2227 possunt
1780 2173 1996 2228 semper
2033 2159 2114 2214 in-

521 2259 605 2309 ter
631 2265 690 2307 se
717 2264 936 2308 servare
955 2252 1122 2317 vices,
1150 2258 1505 2322 permanente
1534 2251 1841 2307 conditione
1867 2252 2115 2309 veritatis

520 2353 614 2400 aut
637 2343 909 2401 falsitatis.
933 2344 1070 2402 Nam
1091 2353 1153 2401 ut
1171 2352 1258 2401 est
1281 2345 1399 2401 haec
1417 2358 1547 2400 vera
1568 2345 1888 2416 propositio,
1916 2344 2115 2400 Nullus

520 2437 748 2507 prudens
786 2439 1002 2511 impius,
1052 2439 1126 2495 ita
1163 2438 1210 2495 si
1248 2438 1521 2494 convertis
1547 2439 1781 2509 partium
1812 2439 1982 2505 vices,
2023 2454 2117 2493 ve-

522 2545 643 2586 rum
689 2530 817 2597 erit,
862 2529 1062 2586 Nullus
1107 2531 1301 2603 impius
1345 2530 1611 2601 prudens;
1658 2531 1787 2586 item
1830 2537 1889 2585 ut
1917 2528 2116 2585 falsum

520 2634 627 2691 est,
658 2624 856 2682 Nullus
883 2626 1038 2681 homo
1066 2624 1286 2691 animal,
1319 2624 1392 2680 ita
1425 2632 1482 2683 et
1520 2626 1565 2681 si
1593 2632 1878 2681 convertas
1919 2623 2114 2680 falsum

520 2716 648 2782 erit,
682 2714 739 2770 Ν
741 2715 908 2770 ullum
930 2715 1133 2772 animal
1155 2716 1332 2771 homo.
1356 2716 1483 2772 Pari
1506 2717 1717 2772 ratione
1742 2724 1798 2772 et
1824 2716 2118 2788 particula-

518 2809 601 2867 ris
662 2809 963 2867 dedicativa
1018 2811 1391 2876 convertitur,
1455 2809 1685 2877 Quidam
1737 2812 2117 2883 grammaticus

520 2903 676 2958 homo
703 2913 812 2969 est;
840 2910 1132 2969 et'contra,
1160 2902 1391 2970 Quidam
1419 2903 1971 2975 homogrammaticus
1997 2912 2114 2959 est:

522 2994 667 3064 quod
701 2993 822 3050 dum
857 3002 1069 3050 cmterac
1100 2994 1503 3064 propositiones
1550 3009 1764 3065 semper
1792 2992 1973 3050 facere
2007 3008 2118 3049 non

524 3090 771 3154 possunt,
786 3097 1094 3154 quanquam
1114 3083 1380 3139 interdum
1395 3091 1800 3149 convertantur,
1815 3098 1917 3139 nec
1936 3088 2118 3138 tamen

525 3173 729 3229 idcirco
758 3173 1143 3229 convcrsibilcs
1161 3173 1434 3230 dicuntur.
1461 3174 1606 3245 Ergo
1629 3186 1964 3244 unaquaque
1993 3188 2120 3243 pro-

523 3265 725 3336 positio
752 3280 850 3336 per
880 3280 1074 3321 omnes
1109 3264 1532 3336 signiﬁcationes
1577 3265 1893 3336 reperienda
1919 3274 2021 3329 est,
2047 3280 2119 3320 an

525 3356 692 3412 etiam
714 3371 974 3414 conversa
988 3365 1249 3428 congruat
1264 3373 1278 3410 :
1292 3371 1395 3412 nec
1416 3356 1716 3412 innumerae
1734 3364 1859 3411 sunt
1874 3356 2010 3417 ista),
2028 3356 2124 3411 sed

527 3449 767 3518 quinque
784 3445 937 3503 solze:
955 3454 1050 3502 aut
1069 3446 1212 3502 enim
1230 3446 1533 3519 proprietas
1554 3446 1859 3503 declaratur
1874 3445 2121 3516 alicujus,

530 3546 625 3592 aut
651 3552 841 3606 genus,
865 3544 959 3589 aut
986 3534 1309 3602 differentia,
1338 3544 1434 3591 aut
1455 3535 1577 3592 ﬁnis
1606 3544 1700 3591 aut
1724 3536 1997 3593 accidens.
2028 3556 2047 3588 ι

602 3627 681 3681 Ad
704 3626 843 3682 hanc
866 3626 1031 3697 igitur
1056 3626 1273 3681 illorum
1303 3626 1594 3682 dictionem
1634 3624 2021 3692 frustrandum,
2068 3636 2124 3683 et

528 3728 771 3775 nostram
794 3718 1148 3774 assertionem
1173 3718 1545 3783 muniendam,
1562 3717 1733 3773 multa
1750 3718 2123 3789 hujuscemodi

527 3818 845 3883 argumenta
877 3809 1122 3866 adhiberi
1155 3817 1426 3881 poterant,
1460 3818 1516 3865 et
1545 3809 1598 3865 id
1626 3810 1773 3879 quod
1820 3810 2123 3865 adhibitum

528 3913 613 3959 est
633 3903 796 3958 latius
814 3909 1028 3971 poterat
1052 3901 1268 3964 disseri,
1304 3901 1398 3958 sed
1424 3901 1712 3958 brevitatis
1731 3916 1893 3958 causa
1921 3902 2039 3957 haec
2070 3910 2127 3957 ct

530 3997 618 4052 bis
657 3995 857 4051 similia
878 3994 1224 4050 omittuntur.
1250 3992 1376 4049 Ideo
1411 4007 1646 4062 namque
1671 3993 2010 4063 argumentis
2056 4009 2125 4048 ex

533 4088 798 4147 industria
824 4086 1121 4144 dialectica:
1146 4085 1281 4140 artis
1315 4085 1656 4141 venientibus
1695 4084 1908 4139 illorum
1947 4100 2125 4141 asser-

530 4181 736 4236 tionem
781 4193 998 4234 cassare
1036 4177 1263 4234 Domino
1311 4177 1606 4233 auxiliante
1625 4178 1957 4248 paravimus,
1996 4178 2124 4248 quia

529 4287 628 4327 eos
671 4269 856 4327 nescio
884 4284 990 4342 qua
1031 4269 1404 4333 conversione,
1444 4268 1601 4338 quasi
1631 4269 1862 4338 quadam
1907 4269 2125 4340 syllogi-

531 4365 669 4421 stica
695 4361 1184 4435 argumentatione,
1218 4360 1571 4416 deliramenta
1608 4375 1707 4415 sua
1736 4360 1995 4416 roborare
2033 4377 2126 4416 vo-

535 4455 701 4510 luisse
730 4453 1116 4523 comperimus.

1108 4520 1337 4578 CAPUT
1356 4519 1548 4575 XXIV.

2216 1975 2424 2045 antiqui
2452 1976 2624 2031 hostis
2645 1978 3098 2035 machinamentis
3119 1995 3241 2036 esse
3271 1989 3651 2052 perpetratum
3688 1998 3784 2037 cre-

2213 2064 2312 2120 dit.
2348 2066 2461 2122 lloc
2505 2066 2726 2136 quidem
2766 2067 3010 2124 dicentes
3044 2084 3150 2124 non
3189 2070 3258 2125 de
3306 2087 3504 2127 eorum
3546 2073 3782 2128 electione

2214 2158 2418 2228 aliquid
2445 2168 2647 2215 temere
2667 2157 3133 2228 judicamus,cum
3169 2162 3495 2235 plerumque
3514 2167 3649 2222 bene
3674 2181 3782 2221 cen-

2215 2252 2327 2307 dita
2349 2251 2489 2307 male
2510 2252 2857 2308 inveniantur
2876 2252 3192 2323 depravata,
3218 2257 3313 2311 sed
3339 2257 3389 2312 id
3418 2258 3639 2327 penitus
3658 2260 3779 2315 adir-

2213 2356 2447 2400 mamus.
2469 2358 2578 2397 non
2621 2359 2718 2400 eos
2748 2344 2869 2400 ideo
2911 2344 3115 2401 electos
3142 2362 3262 2402 esse
3288 2354 3347 2401 ut
3374 2363 3476 2419 per
3519 2364 3616 2407 eos
3653 2366 3780 2406 nova

2213 2432 2599 2489 ecclesiasticis
2644 2437 2808 2491 rebus
2858 2437 3273 2494 constitutiones
3322 2439 3699 2503 inolescercxu,
3736 2449 3778 2496 et

2215 2540 2274 2582 se
2297 2525 2599 2593 Christum,
2631 2528 2724 2597 qui
2761 2529 3004 2600 omnium
3029 2530 3083 2584 in
3106 2546 3164 2585 sc
3187 2531 3530 2587 credentium
3569 2535 3666 2588 vita
3692 2542 3776 2597 est,

2214 2615 2317 2671 sibi
2345 2614 2539 2672 fecisse
2584 2618 3056 2687 caputjactarent.
3093 2620 3243 2687 Esto,
3281 2623 3349 2677 ab
3381 2637 3451 2679 eo
3508 2624 3679 2688 electi,
3721 2624 3779 2678 ah

2214 2722 2282 2763 eo
2320 2706 2375 2761 in
2404 2708 2771 2764 sacerdotium
2816 2711 3097 2767 constituti
3127 2722 3273 2779 sunt,
3310 2729 3409 2768 cur
3463 2731 3570 2770 non
3600 2730 3709 2770 eum
3733 2716 3775 2768 in

2215 2799 2524 2855 humilitate
2570 2801 2903 2870 sequuntur?
2950 2800 3062 2857 Cur
3100 2818 3209 2857 non
3253 2803 3372 2872 ejus
3410 2806 3595 2876 potius
3643 2818 3776 2875 quam

2217 2905 2371 2945 suam
2415 2890 2641 2961 gloriam
2668 2900 2937 2962 quzerunt,
2968 2893 3061 2963 qni
3098 2909 3157 2949 se
3202 2911 3310 2949 non
3341 2911 3519 2958 suam,
3553 2895 3646 2952 sed
3682 2893 3776 2963 eius

2216 2981 2309 3053 qui
2331 2996 2391 3036 se
2418 2981 2566 3037 misit
2589 2982 2816 3054 gloriam
2859 2984 3118 3054 quzesisse
3155 2993 3382 3041 testatus
3415 2988 3541 3043 est?
3565 2986 3666 3043 Cur
3700 3001 3775 3040 su-

2217 3073 2500 3145 percilium
2523 3073 2792 3144 deponere
2825 3073 3136 3145 negligant?
3169 3074 3280 3131 Cur
3303 3076 3411 3131 alta
3441 3078 3773 3148 ineompetcn-

2218 3173 2304 3220 ter
2362 3165 2666 3235 appetunt?
2725 3164 2836 3221 Cur
2884 3166 3141 3222 Ecclesim
3188 3168 3607 3238 prosperitatem
3656 3164 3772 3221 civili

2225 3255 2459 3326 quodam
2475 3255 2626 3332 bello
2654 3257 3013 3328 perturbant?
3033 3257 3124 3327 qui
3148 3258 3192 3313 si
3215 3259 3564 3327 antiquorum
3587 3258 3770 3312 Patrum

2224 3345 2563 3401 documentis
2585 3347 2668 3402 vel
2693 3345 2959 3418 exemplis
2989 3347 3230 3403 contenti
3281 3363 3402 3403 esse
3432 3349 3649 3411 vellent,
3695 3359 3771 3400 nec

2223 3437 2580 3494 domesticam
2619 3454 2810 3509 pacem
2843 3439 3088 3495 erroneis
3114 3440 3592 3497 constitutionibus
3611 3441 3770 3495 irrum-

2221 3539 2431 3600 perent,
2474 3545 2577 3586 nec
2625 3531 2896 3586 sociorum
2924 3532 3018 3601 qui
3048 3548 3230 3588 secum
3257 3541 3450 3588 contra
3495 3534 3666 3590 hostes
3685 3545 3766 3600 pn-

2222 3622 2438 3694 gnaturi
2459 3630 2642 3678 essent
2672 3622 2728 3678 in
2757 3638 2816 3678 se
2843 3638 2996 3678 arma
3023 3623 3430 3694 detorquerent.
3468 3625 3581 3682 Hoc
3605 3622 3769 3680 etenim

2225 3712 2415 3767 inutile
2457 3711 2684 3778 dictum,
2728 3728 2836 3784 quo
2864 3728 2923 3768 se
2967 3712 3243 3770 Christum
3268 3726 3432 3785 caput
3474 3716 3575 3772 sibi
3612 3713 3770 3768 fecisse

2224 3803 2517 3869 somniant,
2540 3819 2849 3874 quanquam
2870 3805 2995 3862 ﬁdei
3028 3806 3105 3861 nil
3131 3808 3369 3878 deroget,
3392 3806 3771 3880 Rprehensioue

2225 3902 2410 3950 tamen
2443 3909 2550 3951 non
2577 3903 2747 3951 caret.
2776 3894 2963 3966 Neque
2995 3897 3139 3953 enim
3160 3913 3256 3953 eos
3281 3906 3397 3953 tam
3435 3899 3674 3955 immanis
3703 3896 3770 3950 in-

2226 3987 2393 4042 saniae
2447 3985 2737 4051 credimus,
2760 3994 2822 4041 ut
2850 4002 2946 4043 eos
2998 3987 3055 4043 id
3100 3987 3178 4042 ita
3215 3988 3417 4045 dixisse
3460 3990 3767 4047 arbitremur,

2224 4076 2378 4147 quasi
2400 4077 2470 4132 ab
2490 4075 2600 4131 illis
2624 4076 2768 4132 idem
2790 4077 3053 4134 Dominus
3083 4079 3155 4134 sit
3177 4078 3377 4136 factus.
3402 4079 3558 4147 Quod
3591 4077 3767 4150 (παίω

2225 4168 2386 4225 nulla:
2420 4168 2605 4224 ﬁdeles
2634 4184 2795 4225 aures
2823 4170 3012 4226 audire
3038 4172 3319 4242 patiuntur
3343 4187 3362 4228 :
3396 4174 3497 4230 sed
3515 4172 3633 4245 quia
3654 4165 3768 4224 aliud

2224 4260 2533 4333 signiﬁcare
2562 4261 2803 4319 volentes
2822 4263 2971 4319 aliud
2992 4263 3456 4334 signiﬁcaverunt,
3479 4264 3629 4321 libuit
3646 4258 3767 4316 nobis

2224 4361 2280 4408 et
2308 4351 2362 4407 id
2402 4351 2672 4408 discutere
2699 4353 2844 4422 quod
2869 4360 2996 4409 sunt
3028 4353 3246 4423 profati,
3285 4362 3343 4411 et
3366 4354 3421 4413 id
3448 4355 3765 4412 indiscussw

2223 4443 2450 4498 minime
2489 4441 2764 4498 dimittere
2802 4444 2950 4513 quod
3002 4444 3238 4500 voluisse
3283 4453 3543 4515 putantur
3580 4439 3763 4516 profari.

2230 4533 2525 4588 Voluerunt
2548 4548 2800 4604 namque,
2845 4534 2898 4589 ni
2926 4533 3180 4599 fallimur,
3208 4534 3429 4591 dicere:
3473 4529 3767 4593 Pnesidenti-

535 4616 614 4671 De
641 4631 701 4668 eo
725 4611 883 4695 quod.
910 4610 1250 4695 supe‘reiliose
1267 4620 1315 4665 et
1337 4610 1547 4695 indocte
1576 4611 1823 4694 disserunt
1850 4627 1869 4665 :
1912 4610 2119 4694 Simili-
2155 4592 2205 4654 θ
2226 4624 2328 4679 bus
2356 4625 2532 4690 nobis,
2577 4624 2672 4695 qui
2692 4592 2942 4681 .mcm‘ura
2971 4625 3172 4682 Christi
3207 4642 3417 4695 sumus,
3444 4642 3644 4684 omnem
3667 4637 3764 4693 ορθ-

608 4693 691 4737 ter
713 4679 769 4737 et
795 4683 887 4752 qui
909 4679 984 4737 ah'
1011 4681 1237 4752 Oriente
1260 4690 1524 4735 venerunt
1553 4679 1929 4749 conjunximns
1956 4683 2006 4736 in
2033 4699 2123 4737 ea-

606 4756 728 4809 dem
754 4750 932 4808 Nicaea
979 4750 1282 4820 metropoli,
1309 4757 1366 4805 et
1415 4753 1827 4821 prmsideutibus
1872 4753 2125 4809 omnibus

516 4869 518 4871 .
606 4826 764 4881 nobis
789 4831 952 4894 caput
973 4822 1200 4878 fecimus
1225 4821 1527 4878 Christum.

606 4914 1185 4988 Superciliosissimum
1214 4929 1281 4969 ac
1304 4914 1488 4984 potius
1530 4913 1985 4970 absurdissimum
2034 4931 2127 4971 eo-

540 5025 658 5066 rum
696 5008 921 5073 dictum,
957 5005 1049 5077 qui
1083 5020 1143 5062 se
1170 5004 1388 5062 sibimet
1423 5017 1586 5078 caput
1610 5005 1808 5062 fecisse
1847 5006 2125 5063 Christum

537 5098 751 5172 gloriati
784 5104 930 5162 sunt,
964 5096 1227 5162 dicentes,
1266 5096 1663 5167 prmsidentibus
1691 5098 1931 5152 omnibus
1979 5098 2127 5153 nobis

540 5199 697 5262 caput
720 5188 935 5259 fecimus
949 5185 1446 5258 Cltristum,0ppido
1472 5189 1905 5258 reprehenditur,
1929 5190 2129 5261 quippe

542 5297 666 5336 cum
695 5280 836 5335 idem
863 5278 1145 5345 Dominus,
1170 5279 1264 5350 qui
1286 5286 1371 5335 est
1394 5288 1557 5351 caput
1577 5280 1855 5345 Ecclesim,
1880 5283 2125 5337 eamdem

544 5368 842 5425 Ecclesiam
870 5375 932 5424 ut
974 5368 1079 5425 sibi
1113 5383 1312 5439 corpus
1330 5376 1475 5424 esset
1497 5371 1771 5437 asciverit,
1807 5388 1912 5426 non
1940 5373 2009 5427 ab
2037 5387 2130 5426 ea-

546 5463 667 5517 dem
713 5460 952 5518 Ecclesia
978 5468 1038 5516 ut
1069 5467 1233 5532 caput
1266 5468 1411 5516 esset
1450 5460 1655 5516 ascitus
1678 5461 1769 5515 sit.
1814 5460 1934 5532 Ipse
1981 5463 2128 5517 enim

546 5553 803 5624 apostolis
853 5560 1084 5608 testatur
1122 5551 1327 5615 dicens,
1358 5550 1483 5605 Non
1512 5567 1599 5605 vos
1642 5567 1724 5605 me
1757 5550 2000 5622 elegistis,
2038 5554 2130 5607 sed

547 5660 644 5714 ego
669 5642 810 5712 elegi
833 5659 919 5696 vos
949 5643 1129 5713 (Joan.
1180 5641 1292 5711 xv).
1327 5640 1461 5697 Nam
1492 5641 1537 5696 si
1586 5641 1881 5697 secundum
1913 5643 2126 5698 illorum

549 5734 855 5792 socordiam
897 5733 1146 5788 Christus
1174 5735 1244 5789 ab
1277 5735 1357 5789 eis
1400 5742 1562 5805 caput
1604 5733 1783 5790 factus
1819 5741 1923 5798 est,
1956 5736 2024 5789 ab
2051 5736 2131 5791 eis

553 5826 739 5898 utique
762 5823 968 5879 electus
1004 5832 1116 5886 est;
1164 5833 1217 5879 et
1246 5826 1289 5879 si
1321 5826 1388 5879 ab
1412 5828 1492 5880 eis
1521 5826 1725 5882 electus
1755 5836 1857 5893 εει,
1906 5827 2129 5887 praefata

2226 4716 2304 4773 ris
2333 4724 2386 4773 et
2427 4717 2541 4787 spei
2562 4725 2762 4773 nostra:
2789 4717 3102 4773 ﬁrmitatem
3145 4717 3201 4773 in
3248 4731 3316 4774 eo
3358 4718 3657 4782 locavimus,
3691 4710 3763 4784 qui

2226 4816 2311 4863 est
2337 4816 2498 4877 caput
2532 4813 2799 4873 nostrum,
2840 4822 3075 4877 eumque
3118 4808 3273 4878 sequi
3321 4809 3659 4875 decrevimus,
3696 4802 3761 4858 vel

2227 4898 2272 4953 si
2299 4898 2429 4968 quid
2453 4905 2539 4953 est
2585 4896 2957 4968 hujuscemodi
2980 4899 3130 4968 quod
3177 4899 3375 4969 conjici
3421 4909 3610 4971 potest,
3633 4906 3680 4955 et
3711 4909 3763 4951 eo

2227 4988 2371 5060 quod
2394 4988 2578 5045 dicere
2601 4988 2886 5046 voluerunt
2912 4990 3197 5062 imperitiae
3216 4993 3425 5051 viribus
3444 4995 3547 5050 sibi
3570 4991 3756 5050 sublato,

2228 5083 2481 5138 dixerunt
2522 5099 2582 5139 se
2619 5082 2897 5139 Christum
2933 5084 3039 5140 sibi
3072 5084 3268 5143 fecisse
3307 5095 3488 5157 caput,
3512 5096 3565 5143 et
3586 5086 3645 5141 de
3677 5094 3762 5151 quo

2227 5172 2465 5231 Joannes
2502 5175 2836 5248 evangelista
2883 5177 3016 5233 dicit
3045 5195 3058 5231 :
3102 5176 3298 5234 Omnia
3328 5196 3421 5250 per
3453 5181 3613 5251 ipsum
3649 5174 3759 5246 (ad!

2224 5279 2349 5323 sunt
2374 5268 2556 5341 (Joan.
2582 5268 2645 5342 ι),
2674 5285 2706 5324 a
2732 5283 2792 5325 se
2812 5269 3000 5326 dicunt
3026 5270 3248 5326 factum.
3279 5270 3339 5326 In
3364 5272 3622 5342 synodica:
3639 5278 3761 5320 nam‘

2229 5379 2335 5435 que
2385 5363 2788 5420 constitutionis
2818 5364 3063 5436 symbolo
3107 5364 3174 5421 de
3196 5380 3264 5421 eo
3312 5365 3510 5421 dicitur
3544 5360 3759 5420 :Natm

2230 5475 2335 5514 non
2360 5458 2559 5529 factum
2597 5458 2805 5533 (Symb.
2850 5459 3023 5533 Nic.),
3070 5468 3126 5516 et
3171 5461 3461 5532 Apostolus
3498 5447 3759 5516 ἀίοίιεριιί

2232 5551 2403 5622 factus
2430 5559 2505 5605 est
2527 5551 2573 5604 ei
2606 5567 2672 5605 ea:
2691 5553 2888 5608 semine
2912 5551 3083 5607 David
3118 5551 3299 5627 (Rom.
3329 5554 3403 5626 r);
3431 5551 3567 5623 quod
3598 5549 3658 5604 ita
3678 5538 3760 5598 εθι-

2231 5643 2395 5707 vitur,
2423 5643 2547 5712 quia
2577 5644 2630 5698 in
2659 5651 2921 5714 quantum
2968 5645 3111 5701 Deus
3136 5654 3239 5709 est,
3268 5647 3451 5701 omnia
3493 5659 3583 5716 per
3622 5639 3756 5705 ipsum

2233 5733 2375 5790 facta
2392 5743 2544 5800 sunt,
2581 5736 2637 5791 in
2662 5744 2920 5806 quantum
2967 5744 3146 5793 autem
3176 5737 3358 5803 homo,
3388 5746 3443 5793 et
3483 5739 3586 5806 ipse
3623 5730 3756 5784 factus

2234 5836 2336 5892 est,
2367 5826 2579 5882 dicente
2613 5826 2937 5884 Salomone:
2980 5830 3251 5899 Sapicntia
3283 5829 3553 5900 rrdi/icara’t
3587 5816 3755 5880 sibido-
