4028 6180
375 404 506 461 1241

1146 390 1329 456 LIBRI
1365 397 1708 456 CAROLINI.
1747 428 1818 437 -
1851 394 2074 452 CAPIT.
2115 396 2207 453 DE
2245 395 2437 455 IMAG.
2474 427 2545 441 -
2580 397 2710 454 LIB.
2750 397 2840 455 IV.

3510 401 3652 457 ηις

369 535 514 574 mum
541 513 714 591 (Eccl.
737 508 825 588 ιι),
852 513 907 571 id
928 520 1034 582 est,
1065 514 1334 587 sapientia
1360 513 1457 569 Dei
1481 513 1682 576 Patris.
1712 510 1831 567 sine
1854 525 1961 580 qua
1994 518 2035 576 Α
2066 518 2247 564 autem
2289 514 2432 566 inter
2476 510 2759 566 lueretieos
2801 508 3168 579 computavit:
3200 525 3308 565 non
3356 509 3518 581 igitur
3554 528 3651 570 eos

371 610 535 663 Pater
581 620 859 676 nunquam
890 603 1012 669 fuit,
1055 618 1177 673 quae
1206 617 1314 658 non
1356 611 1441 660 est
1465 602 1533 658 ab
1561 617 1628 658 eo
1652 601 1814 665 facta,
1866 599 1962 654 sed

370 708 520 764 nata,
556 696 728 751 Filius
763 694 1014 751 videlicet
1041 695 1135 764 qui
1157 695 1319 751 unius
1354 701 1439 749 est
1468 709 1592 750 cum
1638 693 1801 749 Patre
1837 692 1963 749 sub-

370 790 607 853 stantiae,
636 786 925 843 aedificavit
947 785 1050 842 sibi
1071 787 1126 841 in
1148 786 1376 857 virginis
1401 795 1556 841 utero
1579 799 1795 854 corpus,
1819 785 1963 854 quod

373 880 633 952 templum
667 878 985 942 nominavit,
1018 878 1243 933 dicens:
1270 876 1467 933 Solvite
1489 875 1736 948 templum
1764 876 1885 941 hoc,
1906 883 1963 929 et

374 981 573 1026 czetera
596 969 779 1042 (Joan.
802 968 887 1041 ιι).
922 967 1029 1024 Sed
1049 983 1119 1023 ne
1139 966 1277 1022 forte
1305 967 1421 1021 hzec
1444 966 1711 1021 sententia
1739 965 1815 1019 illi
1840 981 1963 1020 sen-

376 1063 557 1118 tentiae
592 1059 854 1130 refragari
896 1059 1144 1114 videatur
1180 1074 1302 1131 qua:
1342 1059 1512 1113 dicit:
1542 1056 1696 1122 Quod
1729 1058 1866 1112 enim
1903 1059 1958 1112 in

373 1172 437 1210 ea
462 1163 642 1208 natum
663 1152 823 1207 estde
848 1149 1051 1221 Spiritu
1078 1160 1258 1204 sancto
1287 1160 1361 1203 est
1386 1148 1598 1220 (Matth.
1629 1147 1691 1212 ι),
1717 1148 1961 1204 animad-

374 1243 696 1301 vertendum
722 1250 808 1298 est
845 1242 986 1312 quod
1021 1242 1403 1312 iuseparabilia
1428 1242 1537 1295 sint
1571 1256 1736 1311 opera
1783 1241 1964 1295 Trini-

375 1341 524 1406 tatis,
552 1347 609 1395 et
636 1338 779 1410 quod
808 1335 938 1392 facit
962 1335 1144 1401 Pater,
1171 1334 1300 1391 facit
1329 1335 1516 1400 Filius,
1548 1336 1675 1390 facit
1714 1344 1766 1389 et
1790 1334 1964 1405 Spiri-

377 1439 464 1486 tus
508 1437 750 1492 sanctus,
802 1435 857 1482 et
893 1427 1033 1484 sicut
1074 1433 1200 1481 sunt
1226 1426 1388 1481 unius
1430 1423 1753 1494 majestatis,
1805 1425 1963 1479 unius

375 1520 715 1585 substantize,
745 1519 906 1574 unius
944 1517 1258 1583 voluntatis,
1306 1517 1380 1571 ita
1427 1517 1591 1572 etiam
1639 1517 1748 1572 sint
1803 1516 1964 1571 unius

374 1610 725 1683 operationis.
754 1608 892 1664 Tota
940 1609 1085 1664 enim
1122 1606 1361 1663 Trinitas
1404 1616 1626 1677 operata
1660 1615 1743 1662 est
1790 1607 1842 1661 in
1874 1607 1961 1661 in-

375 1701 689 1758 carnatione
730 1699 963 1764 Domini,
1004 1698 1100 1755 sed
1139 1698 1253 1754 sola
1280 1698 1404 1753 Filii
1449 1714 1677 1770 persona
1724 1698 1963 1768 suscepit

375 1807 614 1847 carnem.
646 1788 781 1845 Nam
814 1790 860 1845 si
885 1788 1078 1846 effectu
1112 1788 1349 1860 Spiritus
1384 1798 1605 1845 sanctus
1635 1789 1837 1844 factum
1878 1799 1963 1845 est

375 1898 589 1953 corpus,
614 1881 760 1953 quod
787 1889 843 1938 et
871 1882 1090 1937 domum
1118 1882 1223 1937 dici
1243 1898 1400 1953 posse
1425 1882 1770 1946 arbitramur,
1796 1897 1967 1951 quare

377 1974 445 2029 ad
496 1988 781 2044 personam
828 1972 1032 2029 Christi
1078 1972 1310 2028 relatum
1363 1982 1477 2039 est,
1543 1974 1710 2044 quzeri
1762 1981 1963 2043 potest.

378 2066 600 2121 Factum
646 2066 768 2121 Filii
799 2065 1001 2121 factum
1038 2065 1218 2121 Patris
1248 2074 1351 2130 est,
1380 2066 1507 2137 quia
1540 2065 1820 2136 utriusque
1859 2080 1965 2119 una

375 2158 551 2213 virtus
574 2166 678 2223 est,
710 2157 871 2213 simili
896 2158 1057 2215 modo
1093 2158 1258 2212 etiam
1282 2157 1483 2214 factum
1509 2158 1744 2228 Spiritus
1790 2157 1965 2213 sancti

378 2249 579 2305 factum
604 2248 727 2304 Filii
768 2249 865 2304 Dei
917 2258 1022 2315 est,
1066 2257 1290 2321 prepter
1330 2258 1540 2304 naturae
1582 2257 1638 2304 et
1671 2247 1969 2303 voluntatis

375 2341 663 2396 unitatem.
702 2340 827 2396 Sive
858 2341 1003 2395 enim
1039 2339 1204 2394 Pater
1237 2338 1583 2406 faciat,_sive
1626 2338 1814 2403 Filius,
1851 2337 1968 2394 sive

381 2432 617 2503 Spiritus
640 2440 883 2498 sanctus,
911 2431 1152 2487 Trinitas
1179 2439 1264 2486 est
1288 2446 1408 2501 qua:
1422 2440 1695 2501 operatur,
1728 2439 1784 2486 et
1811 2428 1970 2499 quid-

377 2524 506 2594 quid
537 2531 647 2578 tres
694 2522 943 2589 fecerint,
986 2523 1082 2578 Dei
1126 2523 1289 2577 unius
1337 2531 1421 2578 est
1468 2522 1733 2593 operatio.
1782 2519 1970 2575 Potest

376 2618 544 2672 etiam
581 2624 636 2672 et
660 2616 902 2673 Ecclesia
931 2616 1127 2671 domus
1149 2615 1353 2671 Christi
1375 2615 1568 2685 accipi,
1592 2629 1754 2684 quam
1799 2611 1969 2668 rediti-

377 2709 524 2764 cavit
557 2707 660 2764 sibi
682 2706 944 2779 Sanguine
975 2722 1094 2773 suo,
1122 2706 1441 2776 ornavitque
1457 2707 1718 2761 virtutum
1738 2703 1968 2775 gemmis

376 2806 432 2853 et
468 2797 913 2854 documentorum
951 2797 1340 2867 comptissimis
1385 2797 1743 2862 ornamentis,
1771 2795 1968 2865 quibus

379 2889 467 2943 isti
519 2905 625 2945 non
673 2888 934 2953 contenti,
982 2889 1112 2944 dum
1155 2889 1409 2959 quiddam
1449 2902 1646 2943 novum
1673 2900 1969 2957 prorogare

360 2980 495 3047 ejus
547 2979 937 3051 pulchritudini
982 2986 1277 3049 appetunt,
1330 2977 1633 3037 foeditatem
1681 2976 1733 3033 ei
1786 2976 1970 3046 potius

362 3087 544 3143 quam
569 3073 1031 3142 pulchritudinem
1053 3072 1299 3143 ingerere
1324 3078 1643 3127 noscuntur.

954 3164 1182 3221 CAPUT
1216 3164 1385 3220 XXV.

378 3253 586 3338 Contra!
610 3271 696 3338 eos
731 3253 824 3338 qui
868 3255 1065 3338 dicunt,
1108 3255 1247 3338 quod
1294 3254 1623 3338 Epiphanius
1662 3258 1966 3338 octuaginta

450 3324 680 3398 capitula
709 3324 920 3398 digessit
949 3326 1013 3379 de
1034 3324 1459 3398 Itwresibus,'_q'ui
1482 3336 1676 3391 tamen,
1698 3328 1744 3380 si
1778 3324 1967 3398 imagi-

452 3411 541 3447 nes
568 3394 794 3448 adorare
820 3396 1068 3449 haererem
1098 3396 1274 3460 sciret,
1303 3395 1358 3449 id
1381 3394 1587 3467 quoque
1610 3398 1749 3450 inter
1798 3394 1967 3451 haere-

360 3507 365 3512 .
449 3481 530 3519 se:
557 3473 901 3536 computant.

446 3554 505 3609 In
529 3556 632 3611 hoc
650 3555 816 3611 etiam
843 3571 1098 3627 magnum
1126 3571 1189 3611 se
1208 3554 1484 3611 munimen
1509 3557 1830 3612 adoratores
1870 3571 1966 3612 seu

362 3644 616 3700 cultores
641 3644 937 3717 imaginum
958 3646 1231 3701 invenisse
1256 3646 1361 3700 rati
1395 3653 1539 3710 sunt,
1563 3661 1629 3701 eo
1651 3646 1795 3715 quod
1832 3646 1963 3716 Epi-

378 3737 612 3806 phanius
656 3736 898 3807 quidam,
954 3736 1048 3807 qui
1098 3737 1367 3791 haeresum
1418 3736 1710 3791 varietates
1744 3736 1799 3792 in
1824 3751 1966 3792 Lxxx

379 3826 631 3896 capitulis
657 3824 919 3889 distinxit,
956 3825 1004 3880 si
1041 3826 1336 3897 imaginum
1386 3826 1755 3883 adorationem
1789 3828 1967 3883 hare-

358 3935 495 3975 .sem
547 3916 733 3982 sciret,
780 3916 1098 3972 earumdem
1140 3918 1436 3989 imaginum
1464 3920 1779 3975 adoratores
1828 3919 1970 3974 inter

383 4009 670 4064 haereticos
725 4016 1087 4080 computaret.
1139 4009 1238 4065 llis
1280 4011 1449 4066 armis
1493 4027 1611 4078 nos,
1656 4012 1751 4082 qui
1801 4014 1970 4069 solius

384 4100 479 4154 Dei
503 4098 650 4155 cultu
673 4106 730 4154 et
748 4098 1065 4155 adoratione
1098 4101 1339 4156 contenti
1360 4117 1564 4167 sumus,
1599 4103 1838 4172 plectere
1865 4104 1969 4160 nisi

382 4198 528 4254 sunt,
568 4186 864 4258 hisjaculis
890 4204 990 4245 nos
1014 4188 1306 4245 confodere
1331 4191 1506 4246 moliti
1544 4201 1690 4258 sunt,
1738 4193 1823 4249 his
1873 4192 1972 4249 ha-

382 4281 483 4336 stis
510 4296 610 4336 nos
652 4279 924 4337 debellare
951 4281 1133 4336 conati
1178 4289 1325 4347 sunt,
1374 4281 1461 4338 bis
1507 4284 1728 4339 ensibus
1767 4293 1970 4341 nostra:

382 4371 651 4428 libertatis
705 4372 1006 4441 irruptores
1054 4387 1115 4428 se
1154 4371 1273 4428 fore
1315 4374 1685 4442 crediderunt,
1715 4384 1775 4430 ut
1814 4378 1971 4446 quasi

383 4464 616 4535 quodam
650 4471 969 4535 argumento
1003 4480 1034 4518 a
1069 4479 1266 4535 genere
1290 4480 1388 4535 per
1412 4466 1700 4535 quamdam
1731 4465 1974 4525 reflexio-

364 4572 507 4619 _nem
541 4564 757 4628 sumpto
798 4557 1040 4613 dicerent
1078 4575 1093 4612 :
1136 4557 1195 4613 Si
1246 4557 1356 4623 ille,
1402 4559 1495 4629 qui
1543 4559 1870 4630 generaliter
1905 4563 1972 4618 de

385 4649 599 4703 cunctis
642 4649 942 4705 haeresibus
974 4650 1287 4720 disputavit,
1331 4652 1436 4708 hoc
1483 4653 1747 4708 haeresem
1782 4657 1966 4719 sciret,

388 4739 490 4792 hoc
530 4754 745 4809 quoque
776 4739 919 4795 inter
953 4749 1181 4797 caeteras
1219 4743 1454 4799 haereses
1485 4759 1596 4799 sua:
1622 4745 1968 4814 disputationi

387 4828 688 4883 insereret:
726 4844 833 4884 non
878 4839 1060 4886 autem
1089 4833 1143 4887 id
1176 4832 1318 4887 inter
1344 4833 1580 4889 haarcses
1606 4836 1783 4903 posuit
1835 4851 1971 4905 quas

385 4918 628 4989 digessit,
659 4935 767 4974 non
798 4919 963 4989 igitur
989 4935 1089 4990 pro
1136 4923 1342 4978 hzerese
1387 4924 1675 4979 tenendum
1701 4932 1804 4980 est.
1840 4927 1971 4993 Qui-

388 5010 487 5064 bus
510 5026 608 5065 nos
623 5027 655 5066 e
675 5010 947 5066 contrario
966 5013 1395 5082 respondendum
1417 5015 1745 5083 putavimus,
1769 5031 1970 5086 eosque

387 5100 731 5170 propriorum
752 5117 1029 5158 armorum
1054 5104 1429 5159 instrumentis
1448 5105 1675 5163 Domino
1700 5118 1971 5164 annuente

364 5191 657 5252 debellare
688 5192 1069 5263 disposuimus,
1101 5195 1400 5264 eademque
1425 5197 1532 5266 pila
1581 5212 1704 5267 qua:
1742 5200 1811 5256 ab
1865 5201 1972 5257 illis

387 5297 454 5338 an
487 5300 586 5340 nos
614 5286 780 5342 missa
816 5295 958 5351 sunt,
990 5288 1097 5343 illis
1118 5288 1385 5343 vibrantia
1416 5290 1803 5362 detorquentes
1828 5295 1965 5350 diri-

387 5392 514 5447 gere
538 5392 643 5432 non
664 5378 1031 5449 gravabimur,
1058 5380 1300 5435 dicentes
1334 5399 1346 5434 :
1383 5380 1440 5436 Si
1471 5382 1612 5438 idem
1638 5384 1971 5455 Epiphanius

386 5484 480 5524 eos
509 5470 599 5537 qui
627 5469 923 5540 imaginum
952 5470 1320 5526 adorationem
1358 5484 1655 5543 spernunt,
1686 5477 1970 5535 hmreticos

387 5562 571 5626 sciret,
618 5562 671 5616 in
702 5578 799 5617 sua
845 5564 1081 5633 generali
1129 5565 1196 5619 de
1255 5566 1556 5624 haaresibus
1605 5569 1970 5640 disputatione

386 5670 481 5709 eos
522 5656 663 5709 inter
714 5656 996 5712 luereticos
1031 5658 1217 5727 procul
1258 5660 1423 5715 dubio
1452 5671 1829 5731 computaret;
1861 5681 1967 5721 non

1991 3209 2040 3274 Ο

2001 4583 2048 4641 D

2065 601 2352 659 luereticos
2411 600 2705 658 credidisse
2753 601 3055 657 credendus
3096 612 3211 657 est.
3271 603 3423 670 Quod
3466 612 3648 661 autem

2063 693 2206 750 idem
2225 694 2557 766 Epiphanius
2584 709 2690 750 non
2717 692 2891 749 solum
2939 693 3233 765 imaginum
3279 695 3648 752 adorationem

2062 786 2347 854 spreverit,
2371 800 2557 841 verum
2586 784 2750 839 etiam
2778 799 2872 839 eas
2901 785 2955 838 in
2980 784 3227 840 ecclesiis
3248 786 3436 842 haberi
3456 787 3648 843 nolue-

2065 876 2155 941 rit,
2182 874 2267 930 his
2301 875 2517 931 indiciis
2540 876 2863 931 declaratur.
2894 874 2953 930 In
2992 875 3217 947 epistola
3250 893 3483 948 namque
3530 894 3651 949 quin

2066 968 2134 1022 ab
2161 967 2252 1022 illo
2290 969 2357 1022 ad
2384 965 2645 1023 Joannem
2689 966 3000 1038 episcopum
3030 968 3195 1022 missa
3226 976 3329 1032 est,
3374 977 3430 1023 et
3452 985 3483 1023 a
3524 969 3651 1025 Hie-

2068 1073 2293 1129 ronymo
2333 1060 2399 1113 de
2445 1056 2635 1112 Graeco
2683 1056 2737 1111 in
2769 1056 3021 1111 Latinum
3057 1056 3330 1127 eloquium
3365 1060 3648 1125 translata,

2064 1150 2140 1204 ita
2163 1150 2432 1205 habetur:
2473 1167 2492 1201 ‹
2537 1149 2733 1204 Audivi
2775 1149 3036 1218 quosdam
3078 1152 3407 1205 murmurari
3459 1160 3649 1206 contra

2065 1261 2170 1309 me,
2224 1245 2440 1313 quando
2490 1243 2649 1298 simul
2698 1244 3053 1313 pergebamus
3087 1242 3154 1297 ad
3194 1242 3369 1297 locum
3401 1251 3647 1299 sanctum

2063 1334 2156 1405 qui
2188 1342 2413 1389 vocatur
2440 1332 2644 1397 Bcthel,
2676 1341 2738 1387 ut
2766 1332 2840 1387 ibi
2870 1332 3152 1387 collectam
3178 1341 3354 1387 tecum
3380 1347 3445 1387 ex
3498 1348 3649 1387 more

2063 1427 2435 1484 ecclesiastico
2474 1426 2729 1491 facerem,
2761 1433 2817 1479 et
2847 1424 3114 1479 venissem
3139 1437 3164 1465 ιι
3197 1425 3263 1480 ad
3302 1424 3483 1479 villam
3528 1441 3650 1496 qua:

2064 1519 2264 1575 dicitur
2291 1516 2575 1581 Anablata.
2603 1517 2966 1586 vidissemque
3016 1516 3090 1570 ibi
3135 1515 3449 1585 praeteriens
3475 1515 3651 1570 lucer-

2067 1626 2191 1664 nam
2226 1609 2525 1673 ardentem,
2556 1615 2605 1662 et
2637 1607 3053 1676 interrogassem
3083 1606 3173 1674 qui
3201 1604 3349 1659 locus
3382 1612 3526 1658 esset
3568 1602 3651 1657 di-

2068 1702 2427 1771 dicissemqnc
2449 1714 2569 1754 esse
2591 1697 2896 1760 ecclesiam,
2930 1703 2986 1751 et
3016 1696 3304 1751 intrassem
3328 1705 3387 1749 ut
3412 1708 3649 1760 orarem,

2069 1792 2250 1846 inveni
2279 1791 2352 1845 ibi
2396 1789 2571 1845 velum
2601 1788 2844 1858 pendens
2872 1786 2925 1840 in
2957 1785 3165 1840 foribus
3194 1783 3432 1854 ejusdem
3475 1783 3651 1840 cccle-

2066 1886 2163 1941 sia:
2190 1885 2420 1939 tinctum
2468 1890 2631 1951 atque
2678 1881 2970 1951 depictum,
3010 1888 3065 1934 et
3107 1878 3315 1933 habens
3362 1877 3649 1947 imaginem

2065 1975 2220 2048 quasi
2261 1975 2464 2031 Christi
2514 1974 2598 2029 vel
2626 1974 2797 2028 sancti
2833 1971 3136 2042 cujusdam,
3184 1987 3289 2026 non
3344 1971 3488 2026 enim
3517 1970 3651 2025 satis

2066 2068 2289 2125 memini
2316 2066 2473 2136 cujus
2496 2068 2674 2138 imago
2718 2065 2898 2119 fuerit.
2939 2063 3074 2119 Cum
3111 2079 3240 2135 ergo
3268 2063 3372 2117 hoc
3396 2061 3649 2115 vidissem

2065 2162 2121 2217 in
2151 2161 2378 2216 ecclesia
2390 2159 2593 2214 Christi
2616 2166 2803 2213 contra
2824 2157 3201 2212 auctoritatem
3224 2155 3647 2224 Scripturarum,

2065 2252 2300 2308 hominis
2350 2251 2583 2321 pendere
2624 2249 2936 2318 imaginem,
2981 2246 3116 2303 scidi
3170 2246 3319 2312 illud,
3372 2254 3428 2302 et
3478 2244 3651 2315 magis

2065 2346 2187 2403 dedi
2214 2344 2500 2401 consilium
2535 2341 2850 2399 custodibus
2892 2341 3134 2413 ejusdem
3173 2329 3297 2406 luci,
3342 2349 3404 2395 ut
3451 2352 3652 2410 panpe-

2066 2455 2182 2494 rem
2230 2445 2502 2492 mortuum
2543 2451 2609 2491 eo
2648 2434 2999 2490 obvolvereut
3044 2440 3098 2487 et
3137 2430 3435 2497 etIerrent;
3470 2431 3653 2498 illique

2065 2538 2254 2585 contra
2284 2534 2687 2583 murmurantes
2708 2525 2949 2580 dicerent
2975 2540 2989 2576 :
3020 2522 3076 2576 Si
3109 2522 3355 2577 scindere
3389 2520 3651 2582 voluerat,

2059 2620 2265 2691 justum
2320 2628 2442 2676 erat
2465 2627 2526 2674 ut
2579 2618 2725 2673 aliud
2750 2618 2904 2672 daret
2948 2616 3126 2671 velum
3183 2622 3347 2683 atque
3398 2621 3650 2666 mutaret.

2066 2715 2221 2782 Quod
2270 2730 2392 2769 cum
2450 2712 2745 2775 audissem,
2780 2726 2867 2764 me
2909 2709 3162 2764 daturum
3213 2720 3333 2760 esse
3383 2704 3655 2774 pollicitus

2066 2822 2207 2873 sum,
2231 2815 2287 2861 et
2314 2804 2457 2859 illico
2484 2818 2605 2859 esse
2651 2803 2966 2866 missurum.
2996 2797 3280 2853 Paululum
3324 2804 3504 2850 autem
3534 2809 3656 2848 mo-

2066 2914 2251 2955 rarum
2277 2897 2378 2952 fuit
2422 2896 2476 2951 in
2505 2895 2701 2959 medio,
2758 2892 2889 2947 dum
2939 2905 3122 2961 quzcro
3166 2888 3430 2957 optinmm
3479 2886 3657 2940 velum

2065 3006 2165 3062 pro
2191 3006 2257 3046 eo
2286 2990 2522 3045 mittere.
2554 2986 2879 3041 Arbitrabar
2905 2983 3048 3037 enim
3075 2983 3140 3036 de
3167 2980 3345 3052 Cypro
3375 2978 3504 3032 mihi
3536 2990 3657 3031 esse

2067 3083 2411 3139 mittendum.
2440 3079 2595 3135 Nunc
2647 3085 2827 3132 autem
2866 3074 2988 3129 misi
3015 3072 3157 3143 quod
3204 3070 3353 3142 potui
3395 3068 3655 3139 reperire,

2069 3184 2124 3231 et
2170 3189 2367 3245 precor
2408 3183 2469 3227 ut
2488 3170 2682 3240 jubeas
2710 3168 3030 3238 presbytero
3059 3164 3205 3219 illius
3229 3161 3332 3217 loci
3377 3160 3656 3230 suscipere

2068 3267 2244 3323 velum
2267 3282 2297 3320 a
2326 3264 2519 3328 latore,
2551 3260 2696 3330 quod
2722 3275 2754 3313 a
2785 3257 2941 3313 nobis
2974 3258 3200 3311 missum
3250 3262 3356 3318 est,
3398 3260 3454 3307 et
3499 3252 3655 3307 dein-

2068 3375 2194 3429 ceps
2217 3356 2514 3427 precipere
2550 3354 2606 3407 in
2659 3349 2888 3406 ecclesia
2924 3347 3126 3404 Christi
3160 3344 3467 3400 istiusmodi
3514 3343 3653 3407 vela,

2068 3467 2188 3520 qua:
2216 3457 2404 3504 contra
2443 3446 2760 3517 religionem
2807 3449 3049 3496 nostram
3102 3438 3342 3501 veniunt,
3405 3454 3513 3492 non
3557 3452 3656 3507 ap-

2067 3539 2250 3610 pendi.
2298 3538 2462 3591 Decet
2516 3536 2662 3590 enim
2716 3535 3057 3588 honestatem
3112 3542 3258 3586 tuam
3300 3532 3439 3587 hanc
3486 3548 3553 3585 tu:
3575 3532 3659 3601 gis

2068 3630 2271 3686 habere
2294 3625 2708 3683 sollicitudinem
2735 3635 2791 3679 et
2813 3623 3302 3692 scrupulositatem,
3326 3638 3446 3692 qua:
3490 3623 3652 3693 digna

2069 3731 2151 3777 est
2177 3719 2419 3776 Ecclesia
2440 3717 2662 3783 Christi,
2680 3724 2736 3772 ct
2754 3715 3082 3789 populisqni
3117 3716 3214 3770 tibi
3238 3715 3428 3770 crediti
3451 3723 3596 3769 sunt.
3630 3734 3649 3767 ι

2071 3813 2221 3868 Hanc
2241 3811 2385 3867 enim
2409 3809 2734 3866 sententiam
2769 3808 2836 3863 de
2856 3808 2961 3861 hoc
2991 3807 3205 3877 negotio
3252 3806 3539 3877 Epiphanii
3582 3806 3661 3862 in-

2069 3903 2335 3967 venimus,
2372 3917 2494 3971 qua:
2541 3909 2722 3956 utrum
2751 3897 3020 3952 laudanda
3069 3914 3138 3952 an
3187 3897 3543 3967 vituperanda
3586 3897 3660 3953 sit

2069 3993 2292 4051 lectoris
2334 3991 2561 4048 arbitrio
2597 3988 2931 4047 conceditur.
2987 3987 3255 4043 Craterum
3299 3988 3548 4043 veniatur
3589 3974 3658 4044 ad

2069 4085 2287 4140 beatum
2307 4080 2686 4152 Augustinum,
2710 4079 3073 4149 interrogetur
3091 4078 3173 4131 vir
3204 4078 3653 4148 sapientissimus,

2071 4174 2377 4246 inquiratur
2421 4174 2612 4229 doctor
2658 4170 2921 4236 eximius,
2975 4169 3121 4226 dicat
3170 4177 3351 4225 utrum
3409 4169 3657 4240 qumdam

2072 4269 2298 4325 haeresis
2345 4268 2641 4339 imaginum
2698 4266 3012 4321 adoratione
3062 4273 3263 4320 utatur.
3315 4265 3466 4321 Fecit
3511 4266 3658 4321 enim

2072 4362 2215 4418 idem
2240 4361 2327 4415 vir
2345 4357 2672 4415 venerabilis
2693 4356 2890 4412 librum
2912 4356 2979 4412 de
2991 4356 3302 4427 octuaginta
3331 4371 3520 4411 novem
3549 4357 3659 4411 ha:-

2073 4453 2302 4517 resibus,
2337 4451 2478 4506 inter
2506 4465 2640 4520 quas
2661 4450 2778 4504 dum
2804 4448 3098 4525 imaginum
3121 4447 3490 4504 adorationem
3531 4460 3659 4502 ccu-

2074 4553 2318 4610 suerunt,
2350 4542 2651 4599 Simoniani
2679 4539 2931 4597 videlicet
2964 4548 3019 4595 et
3053 4540 3457 4611 Carpocratitze.
3503 4538 3658 4607 Quod

2075 4645 2135 4692 ut
2160 4634 2500 4691 manifestius
2529 4632 2643 4698 liat,
2674 4630 2884 4702 praefati
2919 4630 3160 4687 doctoris
3179 4631 3461 4688 sententia:
3492 4630 3568 4686 ita
3598 4638 3659 4685 ut

2075 4728 2130 4784 in
2157 4728 2344 4785 eodem
2388 4728 2529 4783 libro
2556 4727 2839 4790 habentur,
2890 4725 3202 4796 singillatim
3241 4733 3529 4796 ponantur.
3565 4724 3659 4778 Ait

2073 4820 2217 4876 enim
2245 4838 2258 4874 :
2302 4837 2321 4870 ι
2356 4817 2654 4873 Simoniani
2680 4833 2713 4871 a
2742 4817 2963 4872 Simone
2991 4816 3166 4887 Mago,
3216 4817 3309 4885 qui
3352 4815 3661 4886 baptizatus

2074 4928 2105 4966 a
2136 4910 2383 4981 Philippo
2420 4909 2679 4971 diacono,
2730 4907 2872 4963 sicut
2914 4907 2971 4961 in
3019 4906 3244 4961 Actibus
3291 4907 3657 4978 apostolorum

2073 5002 2292 5073 legitur,
2322 5000 2550 5071 pecunia
2587 4998 2754 5052 voluit
2778 5015 2809 5052 a
2834 4998 3038 5052 sanctis
3061 4999 3322 5069 apostolis
3345 5015 3553 5064 emere,
3598 5011 3657 5056 ut

2044 5095 2236 5159 etiam
2261 5107 2359 5162 per
2384 5091 2781 5161 impositionem
2805 5106 2998 5146 manus
3019 5091 3139 5161 ejus
3172 5093 3393 5148 daretur
3422 5094 3656 5165 Spiritus

2072 5193 2313 5240 sanctus.
2347 5182 2446 5238 Ilic
2474 5181 2699 5252 magicis
2724 5180 2953 5236 fallaciis
2972 5182 3259 5253 deceperat
3285 5185 3501 5240 multos.
3552 5186 3653 5241 Do~

2072 5278 2228 5333 ccbat
2262 5284 2443 5330 autem
2486 5273 2857 5329 detestandam
2893 5274 3300 5344 turpitudinem,
3342 5277 3651 5334 indill‘eren-

2072 5379 2155 5425 ter
2191 5367 2375 5425 utendi
2397 5366 2632 5432 feminis,
2663 5383 2765 5423 nec
2794 5367 2960 5422 Deum
2998 5368 3255 5423 mundum
3284 5368 3479 5426 fecisse
3505 5372 3654 5428 dice-

2073 5464 2185 5519 bat.
2206 5462 2445 5533 Negabat
2471 5462 2633 5518 ctiam
2657 5461 2836 5517 carnis
2864 5463 3335 5529 resurrectionem,
3359 5474 3414 5520 et
3444 5481 3656 5522 asseve-

2076 5556 2232 5610 rabat
2277 5570 2336 5611 se
2366 5555 2666 5620 Christum,
2694 5555 2944 5624 idemque
2966 5552 3154 5610 Jovem
3170 5571 3227 5612 sc
3247 5558 3394 5612 credi
3414 5559 3651 5626 volebat,

2074 5648 2370 5704 Minervam
2390 5663 2520 5703 vero
2541 5647 2882 5702 meretricem
2908 5648 3194 5718 quamdam
3216 5646 3457 5715 Selencn,
3491 5666 3653 5721 quam

515 5765 954 5858 fit":
970 5769 1495 5858 ςξὲξῆεξιξλςνπιξιιίξιαο,Δ
1530 5773 1605 5854 Ita
1632 5774 1859 5858 ‘Icg‘itur
1886 5780 2025 5849 apud
2065 5781 2239 5854 ipsum
2290 5782 2696 5856 Hieronymum,
2750 5782 2824 5838 ita
2870 5783 2924 5838 in
2968 5784 3173 5856 synodo
3207 5783 3525 5858 Parisiensi,
3570 5787 3652 5846 ita

356 5880 363 5885 ,
387 5837 528 5908 apud
557 5837 885 5894 Itinerarios.
915 5839 1244 5895 Emendator
1273 5843 1501 5898 mutavit
1530 5844 1583 5898 in
1611 5837 1892 5903 Ana'balto.
