4028 6180
510 411 650 471 1245

1413 409 1474 464 Β.
1513 407 1761 464 CAROLI
1801 404 2012 460 313le
2050 398 2200 457 OPP.
2244 398 2421 455 PARS
2456 400 2517 456 ll.
2560 401 2801 457 SECTIO
2840 398 2901 455 ll.

3627 402 3729 456 llil

508 527 612 586 sibi
639 522 1152 583 sociam'scelerum
1172 523 1396 590 fecerat,
1424 523 1792 594 imaginesque
1850 532 1904 576 ct
1932 534 2085 575 suam
2119 523 2336 578 Actum
2378 517 2636 571 Illllllilllm
2685 526 2785 581 est,
2835 515 2969 570 nihil
3017 516 3273 571 mundum
3322 515 3603 586 impurum,
3626 520 3733 574 nihil

512 626 568 674 et
592 616 833 688 ejusdem
874 614 1178 671 meretricis
1234 613 1511 684 discipulis
1549 613 1663 669 suis
1686 613 1959 683 prmbebat
1996 611 2091 667 ad-

510 710 748 766 orandas
778 728 791 764 :
814 726 949 781 quas
972 719 1027 764 ct
1058 708 1243 764 Roma:
1269 716 1525 779 tanquam
1557 708 1779 764 deorum
1803 708 2095 764 simulacra

513 800 836 856 auctoritate
860 800 1074 870 publica
1098 802 1475 855 consituerat.
1506 798 1565 854 In
1595 815 1701 869 qua
1724 799 1860 855 urbe
1901 799 2095 855 beatus

514 891 788 962 apostolus
818 891 1014 945 Petrus
1050 905 1172 946 eum
1216 905 1346 944 vera
1370 889 1755 961 omnipotentis
1782 889 1877 945 υει
1899 888 2094 946 virtute

514 983 805 1038 exstinxit.
851 981 1075 1037 Dixerat
1122 981 1267 1037 enim
1314 995 1375 1037 se
1410 980 1467 1036 in
1512 989 1695 1037 monte
1738 981 1869 1037 Sina
1922 981 2095 1052 legem

515 1075 684 1147 Moysi
706 1076 761 1130 in
774 1076 953 1131 Patris
971 1090 1203 1148 persona
1241 1072 1452 1131 dedisse
1473 1072 1693 1138 Iudzeis,
1726 1082 1968 1145 tempore
2005 1073 2098 1128 Ti-

513 1165 649 1223 berii
686 1167 739 1221 in
763 1165 881 1220 Filii
914 1181 1144 1237 persona
1173 1166 1415 1235 putative
1437 1167 1776 1237 apparuisse,
1820 1174 2009 1236 postea
2039 1180 2098 1221 se

514 1258 570 1313 in
597 1258 792 1330 linguis
832 1259 1004 1329 igneis
1032 1257 1297 1329 Spiritum
1335 1267 1583 1314 sanctum
1628 1273 1791 1328 super
1829 1257 2099 1328 apostolos

513 1349 727 1408 venisse
752 1363 771 1404 :
797 1349 1075 1405 Christum
1119 1359 1300 1405 autem
1326 1365 1428 1405 nec
1452 1351 1684 1413 venisse,
1719 1365 1820 1405 nec
1842 1367 1873 1405 a
1898 1348 2102 1405 Iudaeis

515 1439 811 1509 quidquam
842 1439 1151 1510 pertulisse.
1190 1460 1209 1493 ι
1246 1439 1400 1496 Sicut
1432 1441 1577 1496 enim
1618 1439 1842 1497 bzeresis
1872 1457 1992 1511 qua:
2032 1441 2101 1496 ab

516 1526 708 1582 eodem
741 1526 962 1582 Simone
1000 1536 1190 1582 exorta
1212 1536 1317 1595 est,
1343 1544 1463 1599 qua:
1509 1527 1818 1585 Simoniaca
1854 1539 2099 1597 vocatur,

517 1617 739 1672 omnino
759 1633 791 1672 a
804 1617 1050 1673 ﬁdelibus
1071 1619 1367 1688 spernitur,
1386 1618 1459 1673 ita
1473 1633 1688 1689 quoque
1704 1616 2100 1675 adorandarum

520 1707 813 1777 imaginum
834 1724 966 1764 usus
986 1708 1202 1779 penitus
1240 1709 1575 1781 spernendus
1594 1718 1697 1765 est.
1726 1709 1912 1765 Altera
1962 1726 2100 1781 quo-

520 1813 624 1869 que
647 1798 873 1855 haeresis
892 1806 994 1865 est,
1022 1814 1142 1869 qua:
1170 1799 1317 1856 hunc
1340 1815 1581 1857 errorem
1602 1809 1908 1870 percenset,
1937 1816 2098 1871 quam

2191 608 2354 681 igitur
2379 616 2623 663 sanctum
2651 606 2951 678 impurum;
2984 607 3106 663 etsi
3132 606 3248 662 hare
3268 608 3595 679 impurorum
3618 609 3729 664 loco-

2191 714 2310 754 rum
2338 700 2495 755 sedes
2515 699 2810 754 secundnm
2834 697 3048 753 illorum
3070 715 3357 755 censuram
3379 710 3632 768 quzeruut,
3655 700 3731 755 im.

2193 789 2530 852 munditiam,
2562 805 2682 859 qua:
2711 789 2987 845 sanctitati
3029 788 3299 845 contraria
3343 798 3448 853 est,
3487 805 3587 844 non
3618 806 3735 862 sper-

2193 889 2361 948 nunt;
2394 888 2448 936 et
2472 880 2519 936 si
2545 881 2940 935 immunditiam
2988 896 3097 935 non
3128 889 3415 950 spernunt,
3443 897 3732 952 nequaquam

2194 979 2396 1025 sancta:
2440 969 2542 1025 dici
2585 979 2833 1042 possunt.
2882 969 2941 1024 Si
2988 968 3152 1040 igitur
3175 969 3510 1040 impurorum
3539 970 3734 1026 locum

2195 1060 2352 1115 sedes
2366 1067 2635 1129 quaerunt,
2651 1067 2852 1114 sanctae
2868 1060 3166 1131 nuncupari
3179 1074 3519 1129 nequaquam
3531 1070 3731 1130 possunt.

2198 1149 2332 1205 Nam
2361 1158 2418 1205 nt
2450 1158 2645 1205 cmtcra
2677 1151 2922 1219 exempla
2952 1161 3248 1215 taceamus,
3268 1149 3471 1222 quibus
3490 1151 3735 1223 doceripo-

2198 1250 2304 1298 test
2329 1258 2763 1314 unamquamque
2792 1258 2906 1297 rem
2945 1258 3053 1298 non
3080 1243 3499 1305 inconvenienti,
3527 1244 3611 1300 sed
3632 1262 3731 1301 oon.

2200 1334 2435 1390 venienti
2463 1335 2641 1405 potius
2670 1336 2748 1389 rei
2778 1336 3136 1391 adhibendam
3158 1351 3279 1391 esse
3300 1336 3517 1401 delere,
3543 1336 3733 1407 ipsorum

2198 1427 2363 1481 etiam
2389 1426 2707 1495 cloquentim
2757 1426 3062 1496 principum
3109 1436 3381 1496 praecepta
3428 1425 3732 1496 proferamus,

2200 1519 2292 1590 qui
2323 1518 2376 1573 in
2405 1518 2713 1587 eloquentia
2754 1519 2853 1573 hoc
2876 1520 3271 1574 o'servandum
3312 1521 3527 1592 penitus
3559 1536 3735 1575 censue-

2202 1606 2345 1679 ru'nt,
2374 1622 2562 1679 utres,
2592 1611 2759 1675 locus,
2790 1621 3024 1683 tempus,
3048 1628 3278 1686 persona
3300 1612 3667 1678 consideretur,
3686 1626 3737 1667 ne

2202 1708 2451 1763 dicantur
2482 1706 2664 1776 gravia
2692 1705 2919 1771 levibus,
2952 1721 3021 1761 ne
3064 1706 3369 1762 verecunda
3397 1703 3737 1771 inverecundis,

2202 1813 2273 1853 nc
2299 1796 2499 1853 lasciva
2546 1796 2725 1862 seriis,
2776 1802 2844 1852 ne
2889 1792 3157 1867 impudica
3204 1799 3451 1869 pudicis,
3482 1813 3547 1853 ne
3579 1798 3737 1853 incesta

520 1889 595 1944 ita
641 1887 901 1960 prmfatus
937 1889 1127 1945 doctor
1160 1890 1398 1961 scripsit.
1438 1909 1458 1943 ‹
1501 1891 1888 1962 Carpoeratitae
1915 1908 1947 1946 a
1973 1891 2103 1947 Car-
2136 1875 2181 1934 Β
2204 1888 2388 1957 castis,
2420 1904 2490 1944 ne
2531 1887 2757 1944 ridicula
2798 1887 3074 1955 tristibus,
3113 1905 3182 1944 ne
3219 1889 3449 1959 profana
3493 1889 3736 1960 religiosis,

520 1988 740 2049 pocrate
785 1987 1080 2049 coeperunt,
1110 1980 1203 2051 qui
1234 1981 1462 2038 docebat
1493 1998 1709 2038 omnem
1737 1989 1952 2052 turpem
1976 1998 2105 2053 ope-

522 2070 806 2134 rationem,
872 2086 1198 2141 omnemque
1243 2072 1681 2129 adinventionem
1724 2071 1953 2143 peccati,
2004 2088 2105 2128 nec

521 2158 679 2214 aliter
703 2161 857 2215 evadi
900 2169 1063 2234 atque
1112 2161 1329 2216 transiri
1363 2162 1692 2233 principatus
1719 2171 1775 2217 et
1808 2169 2105 2231 potestates

519 2248 717 2317 quibus
748 2249 866 2306 htec
902 2252 1136 2322 placent,
1186 2261 1244 2309 ut
1281 2253 1453 2322 possit
1502 2253 1571 2308 ad
1617 2250 1815 2307 caelum
1856 2252 2106 2321 superius

521 2338 810 2406 perveniri.
850 2338 951 2396 Hic
995 2341 1159 2397 etiam
1204 2341 1389 2397 Iesum
1413 2341 1687 2396 hominem
1734 2342 2107 2396 tantummodo

521 2434 578 2481 et
606 2427 673 2482 de
712 2438 943 2500 utroque
984 2445 1117 2487 sexu
1164 2442 1350 2487 natum
1394 2439 1613 2503 putasse
1652 2430 1986 2501 perhibetur,
2012 2431 2107 2486 sed

522 2518 799 2589 accepisse
834 2522 997 2577 talem
1024 2523 1282 2592 animam,
1310 2540 1415 2594 qua
1440 2523 1604 2578 sciret
1631 2538 1696 2577 ea
1731 2537 1850 2592 quae
1873 2538 2105 2592 superna

520 2618 705 2664 essent
755 2617 920 2681 atque
974 2614 1271 2669 nuntiaret.
1331 2611 1803 2669 Resurrectionem
1865 2614 2108 2683 corporis

524 2697 685 2753 simul
709 2716 834 2756 cum
875 2701 994 2775 lege
1036 2703 1345 2774 abjiciebat.
1375 2703 1616 2776 Negabat
1648 2724 1679 2762 a
1724 2706 1835 2760 Deo
1881 2704 2104 2773 factum,

523 2791 621 2845 sed
645 2808 675 2847 a
699 2793 1022 2862 quibusdam
1048 2798 1343 2855 virtutibus
1387 2800 1667 2855 mundum.
1714 2800 1892 2855 Secta:
1939 2799 2109 2870 ipsius

523 2877 691 2940 fuisse
717 2888 950 2944 traditur
978 2890 1123 2946 socia
1152 2892 1397 2962 qumdam
1436 2892 1764 2959 Marcellina,
1796 2911 1917 2965 qua:
1965 2894 2111 2951 cole—

525 2982 622 3037 bat
647 2979 909 3051 imagines
924 2979 1054 3038 Iesu
1075 2988 1133 3040 et
1171 2982 1325 3039 Pauli
1358 2992 1415 3039 et
1436 2984 1652 3041 Homeri
1687 2993 1742 3040 et
1765 2984 2106 3056 Pythagorre,

529 3073 804 3128 adorando
825 3073 1218 3145 incensumque
1244 3076 1510 3146 ponendo.
1545 3096 1564 3129 ι
1592 3075 1727 3131 Nam
1759 3077 1804 3132 si
1835 3074 1974 3131 forte
2011 3077 2111 3132 ali-

527 3164 652 3235 quis
706 3163 932 3233 bujusce
963 3167 1167 3221 erroris
1202 3176 1543 3223 asseverator
1572 3168 1753 3224 dicet:
1804 3167 1930 3223 ideo
1974 3169 2108 3223 ima-

527 3225 681 3326 gines
702 3255 943 3323 adorare,
972 3255 1116 3310 inter
1139 3256 1372 3312 hmrescs
1392 3258 1586 3313 beatus
1610 3258 1940 3329 Augustinus
1962 3274 2110 3315 com-
2129 3225 2181 3288 ο

528 3346 758 3418 putavit,
791 3346 917 3416 quia
937 3346 1218 3418 gentilium
1241 3348 1617 3417 quorumdam,
1649 3348 1703 3404 id
1736 3355 1837 3409 est,
1874 3346 2111 3405 Simonis

527 3446 584 3494 et
613 3437 840 3503 Selenaz,
856 3453 951 3493 seu
965 3437 1129 3492 etiam
1144 3435 1361 3495 Homeri
1379 3446 1434 3493 et
1453 3438 1794 3509 Pythagorae,
1814 3439 2111 3494 adorabunt

529 3528 811 3598 imagines,
835 3528 1078 3582 advertat
1096 3529 1239 3598 quod
1264 3528 1429 3584 etiam
1452 3529 1712 3601 imagines
1734 3526 1861 3583 Iesu
1884 3537 1938 3582 et
1958 3528 2110 3586 Pauli

528 3618 786 3674 adorasse
804 3617 1076 3684 dicuntur,
1094 3627 1169 3680 ,ει
1198 3618 1251 3675 id
1280 3619 1456 3690 ipsum
1489 3620 1630 3674 inter
1654 3619 1890 3675 haereses
1915 3634 1947 3673 a
1970 3633 2112 3689 pra:-

530 3712 641 3767 fato
666 3710 787 3767 viro
816 3719 1185 3782 computatum
1208 3719 1312 3766 cst.
1342 3709 1479 3766 Nam
1522 3711 1569 3766 si
1596 3712 1738 3767 idem
1763 3710 1850 3764 vir
1876 3710 2110 3767 eximius

531 3805 798 3876 imagines
845 3803 1185 3860 manufactas
1219 3803 1432 3859 Domini
1460 3804 1573 3859 sive
1612 3802 1971 3874 apostolorum
2024 3801 2110 3859 vel

530 3893 698 3948 etiam
754 3894 1117 3963 quommlibet
1166 3900 1476 3949 sanctorum
1539 3893 1841 3949 adorandus
1902 3893 2105 3958 sciret,

531 3999 810 4053 nunquam
838 3983 967 4041 Iesu
991 3992 1047 4039 et
1074 3984 1227 4040 Pauli
1250 3984 1541 4057 imaginum
1571 3985 1937 4042 adorationem
1969 3986 2111 4040 inter

530 4075 769 4132 bmreses
796 4082 1152 4148 computaret.

1091 4189 1317 4248 CAPUT
1352 4191 1542 4249 XXVI.

533 4295 730 4353 Contra
770 4314 858 4371 eos
1017 4299 1269 4371 imagines
1310 4309 1521 4355 sanctas
1559 4310 1883 4371 etisacratas
1903 4303 2107 4370 dicunt,

601 4384 790 4439 easque
809 4369 865 4423 in
879 4369 1116 4444 _ui_is_sive
1129 4369 1191 4423 in
1210 4369 1418 4441 plateis,
1444 4386 1562 4442 qua:
1581 4370 1881 4444 plerumque
1898 4369 2109 4444 polluta:

604 4438 746 4502 sunt,
767 4439 891 4509 poni
912 4438 1123 4508 jubent.

603 4525 842 4597 Iungunt
894 4527 1075 4597 itaque
1116 4528 1192 4595 hi,
1238 4529 1306 4585 de
1352 4530 1548 4599 quibus
1576 4546 1757 4587 sermo
1790 4539 1893 4598 est,
1921 4533 1976 4587 in
2005 4534 2110 4590 hoc

532 4616 750 4685 negotio
774 4616 911 4671 duas
942 4632 1032 4672 res
1078 4634 1198 4687 qua:
1230 4618 1334 4674 sibi
1356 4620 1610 4690 utrinque
1638 4632 1955 4692 repugnant,
1984 4640 2108 4679 cum

533 4704 785 4760 videlicet
822 4705 1120 4776 saepissime
1143 4717 1469 4764 memoratas
1514 4710 1776 4781 imagines
1815 4723 2030 4771 sanctas
2053 4725 2111 4772 et

534 4797 871 4853 venerandus
895 4808 1223 4869 nuncupant,
1247 4816 1448 4869 easque
1472 4801 1526 4855 in
1553 4803 1655 4858 viis
1678 4803 1793 4859 sive
1819 4806 1870 4859 in
1894 4806 2108 4875 plateis,

533 4904 655 4958 qum
679 4888 993 4960 plerumque
1020 4890 1237 4962 polluta:
1271 4902 1413 4955 sunt,
1440 4894 1715 4962 ponendas
1748 4909 1866 4950 esse
1891 4909 2109 4952 asseve‘

536 4989 678 5034 r..nt.
706 4979 858 5036 Sicut
882 4981 1027 5036 enim
1051 4997 1157 5037 non
1178 4984 1428 5039 convenit
1447 4983 1553 5039 luci
1578 4992 1633 5039 et
1655 4987 1881 5041 tenebri
1899 5028 1914 5052 ,
1937 4987 2113 5044 calido

534 5079 590 5126 et
610 5070 824 5142 frigido,
846 5073 922 5128 ita
948 5074 1203 5131 nimirum
1226 5092 1333 5132 non
1354 5076 1603 5132 convenit
1623 5079 1894 5133 sanctitati
1916 5088 1970 5135 et
1987 5095 2117 5135 con-

536 5163 893 5230 taminationi,
921 5166 1144 5236 puritati
1190 5176 1246 5223 et
1289 5168 1603 5238 impuritati.
1639 5167 1791 5225 Unde
1822 5185 2012 5241 magna
2046 5187 2115 5227 ex

536 5260 690 5319 parte
722 5267 816 5308 COS
847 5269 1030 5311 errare
1071 5265 1302 5322 constat,
1344 5272 1469 5313 cum
1513 5274 1605 5315 eas
1647 5267 1703 5313 ει
1744 5267 1959 5315 sanctas
1996 5274 2117 5317 esse

538 5349 806 5407 asserunt,
829 5351 883 5398 et
906 5344 959 5398 in
981 5344 1113 5401 locis
1133 5347 1515 5404 contaminatis
1544 5351 1855 5405 statuendus
1877 5365 1996 5405 esse
2022 5350 2117 5406 de-

538 5440 785 5487 cernunt.
813 5432 1048 5491 Patescit
1062 5452 1293 5508 namque
1310 5440 1703 5508 quodammodo
1725 5438 1777 5493 in
1803 5441 1905 5495 hoc
1924 5456 2111 5496 eorum

540 5537 792 5590 censura,
825 5526 917 5594 qui
941 5541 1036 5582 eas
1076 5527 1128 5582 in
1160 5529 1261 5584 viis
1301 5531 1414 5585 sive
1440 5530 1492 5585 in
1515 5530 1727 5586 urbium
1765 5532 2115 5602 vicorumque

539 5613 733 5683 plateis
769 5618 895 5685 poni
918 5630 1257 5689 percensent,
1283 5624 1426 5692 quod
1444 5624 1528 5677 hcc
1547 5624 1837 5679 sanctitate
1871 5635 2112 5692 careant,

541 5710 701 5762 sicuti
746 5720 796 5763 et
828 5721 1034 5776 carent,
1067 5729 1189 5769 cum
1234 5716 1438 5770 scilicet
1482 5716 1525 5771 si
1553 5725 1753 5772 sancte
1785 5734 1905 5773 esse
1932 5718 2120 5773 crede-

543 5810 751 5866 rentur,
790 5800 843 5856 iu
868 5800 1002 5857 locis
1025 5806 1223 5861 sanctis
1245 5808 1369 5875 poni
1400 5818 1765 5863 censerentur.
1801 5811 1967 5866 Onnze
1995 5828 2116 5867 san-

2139 4576 2190 4636 ι)

2203 1980 2299 2035 sed
2327 1981 2509 2037 omnia
2537 1980 2592 2035 in
2612 1978 2933 2049 eloquentia:
2957 1988 3075 2033 arte
3100 1979 3175 2034 ita
3196 1990 3386 2036 essent
3399 1979 3736 2044 convenientia,

2203 2078 2263 2125 ut
2291 2070 2369 2125 nil
2400 2071 2804 2136 inconveniens,
2838 2070 2915 2125 nil
2946 2086 3283 2141 repugnans,
3310 2071 3412 2128 sed
3450 2073 3637 2143 singula
3664 2086 3737 2141 pro

2204 2160 2448 2216 locorum
2473 2169 2528 2215 et
2554 2168 2854 2231 temporum
2894 2160 3156 2230 qualitate
3181 2161 3461 2217 moderata
3489 2171 3734 2217 manerent.

2205 2250 2265 2306 Si
2298 2266 2426 2321 ergo
2459 2251 2516 2306 in
2543 2250 2865 2321 eloquentiae
2890 2258 3008 2306 arte
3042 2250 3145 2306 hoc
3173 2252 3242 2306 ab
3281 2252 3580 2307 oratorﬂius
3597 2251 3734 2307 obser-

2205 2343 2320 2398 vari
2346 2342 2556 2412 iussum
2596 2354 2699 2409 est,
2732 2343 2903 2398 multo
2933 2344 3105 2416 magis
3148 2343 3308 2399 nobis
3352 2344 3409 2398 in
3442 2352 3622 2398 nostra:
3647 2342 3736 2396 reli-

2205 2437 2380 2510 gionis
2406 2437 2639 2493 cultibus
2671 2436 3068 2494 observandum
3105 2446 3208 2500 est,
3243 2447 3306 2492 ut
3331 2437 3533 2510 singula
3556 2452 3731 2507 (ιωαιυε

2206 2530 2273 2584 ad
2308 2529 2621 2601 religionem
2652 2528 2975 2599 pertinentia
3023 2529 3094 2583 ita
3122 2530 3502 2596 observentur,
3526 2535 3661 2599 atque
3680 2527 3737 2580 its

2207 2621 2526 2687 habeantur,
2558 2628 2720 2691 prout
2753 2620 2890 2674 ratio
2919 2619 3032 2674 sive
3060 2620 3193 2676 ordo
3212 2620 3473 2690 exposcit.

2748 2731 2978 2788 CAPUT
3016 2732 3229 2787 XXVII.

2209 2800 2363 2870 Quod
2406 2799 2544 2883 male
2563 2801 2714 2883 pictis
2739 2801 3054 2883 imaginibus
3096 2802 3389 2883 imaginum
3423 2799 3622 2856 cultores
3647 2799 3730 2869 [alii

2274 2882 2510 2955 possunt,
2537 2871 2644 2955 sive
2675 2871 3134 2955 inquirendum-ab
3162 2871 3237 2954 eis
3282 2874 3378 2955 qui
3417 2888 3537 2955 pene
3578 2883 3728 2955 omnem

2276 2940 2400 3012 ﬁdei
2424 2940 2752 3013 Christionw‘
2771 2944 3172 3012 prmrogatioam
3204 2942 3261 3013 in
3282 2940 3564 3013 imaginum
3587 2940 3729 3013 adors-

2277 3013 2416 3093 tione
2440 3014 2546 3093 sine
2578 3012 2723 3093 calta
2748 3012 3069 3093 egoistimant,
3101 3012 3230 3083 quid
3258 3012 3564 3093 pauperibus
3583 3012 3728 3093 fugies-

2276 3082 2402 3136 dnm
2439 3084 2525 3146 sit,
2558 3083 2647 3153 qui
2693 3082 2984 3153 artiﬁcibus
3030 3079 3124 3152 per
3169 3079 3300 3154 quos
3335 3079 3575 3153 imagines
3614 3079 3728 3148 ﬁstul.

2278 3154 2490 3207 omnino
2513 3162 2693 3207 carent
2716 3154 2741 3207 Ρ

2282 3242 2535 3301 Omnium
2573 3244 2771 3299 artium
2798 3243 3067 3299 institutio
3102 3245 3251 3298 varia
3300 3245 3467 3300 habet
3507 3239 3729 3301 exercitia,

2210 3338 2421 3408 pictura
2460 3345 2640 3392 autem
2666 3352 2758 3393 ars
2792 3344 2896 3399 est,
2918 3336 3144 3405 pictura:
3165 3336 3335 3407 igitur
3358 3334 3603 3391 institutio
3621 3329 3724 3385 varia

2211 3434 2373 3489 habet
2397 3429 2674 3495 exercitia,
2713 3438 2767 3484 et
2795 3430 2937 3485 hanc
2980 3437 3301 3485 exercentes
3324 3429 3420 3499 qui
3444 3428 3647 3498 pictores
3664 3436 3730 3475 vo-

2210 3534 2421 3591 cantur,
2449 3525 2537 3579 alii
2565 3523 2706 3593 plus,
2738 3523 2829 3578 alii
2860 3523 3040 3578 minus
3064 3538 3186 3578 eam
3214 3522 3532 3594 intelligunt,
3554 3513 3726 3585 aliipul-

2209 3616 2448 3680 chriora,
2473 3614 2568 3670 alii
2614 3612 2841 3669 fmdiora
2886 3613 2941 3668 in
2970 3627 3035 3669 ea
3060 3620 3318 3668 exercent
3348 3624 3532 3684 opera;
3556 3607 3630 3663 alii
3648 3603 3725 3659 for-

2209 3724 2410 3777 mosas,
2463 3709 2553 3763 alii
2606 3707 2876 3764 deformes
2924 3715 3258 3776 componunt
3303 3706 3572 3776 imagines.
3613 3695 3726 3754 Unde

2208 3801 2465 3857 nimirum
2507 3800 2796 3872 colligitur,
2836 3799 2980 3869 quod
3024 3797 3100 3852 illi
3129 3798 3222 3868 qui
3264 3810 3408 3867 pene
3432 3781 3727 3851 omnemﬁdti

2208 3906 2323 3948 suae
2345 3891 2657 3946 ﬁrmitatem
2705 3890 2760 3945 in
2790 3889 3117 3959 imaginibus
3136 3894 3365 3958 ponunt,
3390 3875 3726 3952 carumque”

2206 3984 2509 4039 orationem
2538 3983 2677 4038 inter
2697 3983 2964 4038 bonorum
2991 3997 3217 4053 operum
3247 3982 3582 4037 instrumenta
3598 3984 3723 4027 annil-

2209 4088 2422 4130 merare
2447 4090 2554 4130 non
2580 4075 2924 4139 erubescunt,
2945 4082 3000 4130 et
3019 4074 3181 4130 modo
3209 4073 3486 4144 pulchras,
3507 4065 3640 4124 modo
3655 4060 3725 4115 f0!-

2209 4169 2306 4225 das
2343 4168 2572 4224 adorant
2619 4167 2900 4239 imagines,
2937 4165 3334 4237 quodammodo
3362 4163 3605 4220 fallantur.
3625 4152 3720 4209 Nam

2207 4259 2255 4315 si
2281 4259 2533 4331 quaelibet
2553 4257 2731 4330 imago
2753 4264 2956 4328 quanto
2973 4255 3254 4329 pulchrior
3275 4264 3379 4325 est,
3398 4262 3537 4311 tanto
3549 4244 3720 4318 ampliat

2208 4350 2371 4406 habet
2395 4349 2699 4405 sanctitatis
2721 4357 2886 4419 atque
2905 4349 3138 4415 virtutis,
3158 4362 3385 4405 necesse
3402 4355 3482 4404 est
3501 4352 3617 4400 utea
3632 4348 3717 4407 qua

2209 4442 2403 4499 foedior
2427 4450 2528 4507 est,
2562 4442 2740 4497 minus
2786 4441 2987 4497 habeat
3013 4440 3320 4497 sanctitatis
3350 4448 3504 4510 atque
3525 4428 3715 4491 virtutit;

2211 4544 2267 4589 et
2298 4533 2343 4589 si
2369 4548 2433 4588 ea
2461 4548 2583 4605 qua:
2608 4531 2804 4589 fmdior
2828 4538 2913 4588 est
2939 4531 3120 4587 minus
3151 4532 3337 4598 habet,
3367 4540 3569 4586 necesse
3597 4521 3717 4578 θεία

2216 4625 2508 4681 foedissima
2532 4625 2783 4696 qutelibet
2806 4634 2900 4680 aut
2924 4624 3057 4680 nihil
3081 4631 3173 4679 aut
3197 4622 3465 4680 modicum
3483 4619 3663 4675 habeat;
3678 4613 3718 4662 ει

2216 4716 2261 4772 si
2290 4732 2354 4771 ea
2379 4732 2499 4786 qua:
2538 4716 2814 4787 pulchrior
2854 4726 2955 4781 est,
2987 4715 3108 4771 ideo
3137 4715 3399 4771 attentius
3419 4713 3647 4769 aduratur,
3668 4712 3714 4754 eo

2216 4810 2359 4878 quod
2401 4822 2564 4864 causa
2611 4808 3025 4879 pulchritudinis
3070 4805 3302 4877 amplius
3351 4807 3505 4863 habet
3538 4791 3713 4854 virtutis

2209 4897 2322 4969 jam
2352 4914 2457 4953 non
2502 4897 2618 4967 ejus
2646 4899 2906 4954 sanctitas
2934 4912 2999 4953 ex
3026 4898 3257 4968 quadam
3287 4897 3552 4967 religione,
3574 4885 3646 4944 sed
3665 4894 3713 4936 ει

2217 4989 2441 5046 artiﬁcis
2468 4989 2615 5044 venit
2641 4990 2973 5061 operatione.
3012 4989 3081 5044 Et
3134 4989 3179 5045 si
3212 5004 3275 5044 ea
3317 5005 3436 5060 qua;
3465 4985 3611 5041 nuinus
3630 4972 3715 5046 pul-

2217 5081 2349 5137 chra
2377 5088 2460 5135 est
2479 5119 2494 5139 .
2520 5080 2605 5134 vel
2650 5095 2715 5135 ea
2750 5094 2870 5148 quas
2895 5078 3028 5134 nihil
3053 5079 3217 5135 habet
3242 5061 3712 5150 pulchritudinis”

2216 5183 2422 5238 oratur,
2446 5172 2597 5227 valde
2624 5187 2810 5226 earum
2832 5172 3146 5226 adoratores
3171 5169 3444 5236 falluntur,
3462 5180 3564 5223 cum
3579 5151 3712 5252 videi:

2218 5270 2306 5319 cet
2323 5277 2409 5318 res
2425 5262 2818 5333 pulchritudine
2848 5268 3096 5316 carentes
3121 5262 3348 5317 adorare
3373 5240 3708 5333 percenseo”?

2219 5368 2350 5424 ergo
2382 5330 2570 5408 omnes
2612 5360 2669 5407 et
2713 5352 2971 5421 pulchras
3010 5357 3066 5405 et
3092 5352 3273 5407 minus
3314 5350 3559 5422 pulchras,
3585 5349 3627 5397 et
3658 5330 3711 5389 nil

2218 5444 2631 5518 pulchritudinis
2643 5445 2903 5499 habentes
2918 5445 3198 5514 aequaliter
3216 5445 3438 5499 adorare
3455 5435 3710 5501 consalu”

2221 5546 2321 5598 est,
2357 5535 2588 5605 justitia,
2614 5551 2736 5605 qua:
2775 5536 3065 5606 unicuique
3108 5550 3263 5590 suum
3293 5525 3489 5597 trhuit,
3516 5528 3570 5583 de
3596 5520 3710 5577 rebus

2220 5628 2498 5683 au'cratnr
2548 5641 2768 5682 necesse
2810 5633 2915 5680 est.
2961 5624 3095 5679 Nam
3144 5625 3521 5695 cumpulchras
3544 5607 3709 5669 ηάοηπί

2225 5718 2503 5789 imagiars,
2541 5733 2667 5772 casu
2696 5716 2878 5786 aliquo
2901 5731 3009 5785 quo
3040 5725 3229 5786 putant
3251 5731 3310 5771 se
3330 5710 3509 5784 aliquid
3527 5705 3707 5762 solidum

2226 5810 2344 5863 adut
2357 5825 2469 5866 are.
2496 5808 2779 5874 falluntur;
2807 5824 2931 5864 cum
2953 5821 3082 5863 vero
3099 5805 3366 5862 deformes
3386 5806 3572 5861 adorat“
3585 5790 3711 5863 ινῐει²⁶
