4030 6196
346 391 482 450 1245

1115 387 1295 445 LIBRI
1333 387 1677 448 CAROLINI.
1714 422 1787 434 —
1822 389 2045 450 CAPIT.
2087 391 2175 448 DE
2211 391 2399 450 IMAG.
2439 422 2510 434 ——
2545 393 2675 449 LIB.
2717 394 2805 450 Ν.

3464 397 3601 455 ηιδ

341 521 447 569 ras,
470 498 721 559 consulto
751 497 1025 564 falluntur,
1051 500 1250 570 quippe
1270 517 1392 556 eum
1417 515 1504 557 res
1529 501 1799 558 deformes
1818 517 1915 572 pro
1944 507 1992 565 Α
2020 503 2328 573 tcrrogandi
2374 513 2520 569 sunt,
2548 513 2728 560 utrum
2769 505 2890 561 ideo
2932 505 3157 576 quilibet
3180 521 3447 577 pauperes
3480 509 3606 568 fidei

337 592 542 650 sanctis
567 591 731 646 rebus
751 590 996 644 adorant.
1028 587 1155 644 Sive
1174 589 1336 658 igitur
1362 604 1493 644 casu
1519 605 1629 654 eas,
1658 589 1771 645 sive
1792 605 1919 645 con-

338 683 482 740 Sulto
515 682 762 745 adorent,
800 674 1078 733 falluntur.
1121 678 1401 759 Ealluntur
1430 693 1577 744 vere,
1626 687 1682 736 et
1726 679 1922 735 merito

338 770 619 837 falluntur,
648 768 740 839 qui
770 782 893 823 eum
926 768 1070 823 Deus
1103 775 1317 823 creator
1357 768 1598 823 omnium
1648 781 1708 824 se
1742 767 1920 822 solum

340 859 558 916 adorari
584 857 877 925 censuerit,
904 870 994 913 res
1018 858 1281 927 quasdam
1323 872 1487 913 sensu
1544 865 1791 913 carentes
1828 858 1924 913 ad‘

338 965 501 1007 orare
524 950 799 1016 nituntur;
822 956 878 1004 et
901 948 1027 1003 dum
1049 955 1240 1018 putant
1268 962 1328 1003 se
1353 948 1408 1002 in
1430 948 1718 1005 adorandis
1740 948 1925 1019 imagi-

338 1042 499 1096 nibus
538 1036 826 1111 quamdam
856 1040 1058 1095 sanctis
1088 1039 1348 1096 exhibere
1372 1041 1795 1106 venerationem,
1821 1041 1923 1097 soli

340 1130 537 1186 divina:
576 1128 875 1185 adorationi
917 1129 1206 1200 quamdam
1251 1139 1545 1201 prorogant
1590 1131 1926 1186 communio-

341 1234 489 1275 nem.
514 1218 651 1285 Quia
679 1218 845 1287 igitur
866 1218 1015 1273 solus
1043 1218 1188 1275 Deus
1206 1220 1513 1277 adorandus
1538 1220 1628 1286 sit,
1657 1229 1926 1293 martyres

243 1375 249 1379 ,
341 1324 471 1366 vero
498 1310 585 1366 vel
611 1309 838 1380 quilibet
878 1309 1051 1364 sancti
1099 1311 1390 1367 venerandi
1422 1311 1602 1382 potius
1626 1312 1737 1367 sint
1762 1326 1926 1382 quam

342 1400 622 1465 adorandi,
656 1406 711 1454 et
757 1399 815 1454 in
853 1399 961 1455 hoc
999 1413 1164 1469 opere
1199 1399 1315 1470 jam
1357 1401 1613 1470 diximus,
1642 1412 1698 1460 et
1724 1405 1926 1476 egregii

344 1492 582 1551 doctoris
605 1491 917 1562 Hieronymi
962 1492 1298 1549 documentis
1348 1496 1753 1565 approbandum
1798 1505 1923 1552 est:

343 1583 434 1652 qui
480 1582 608 1637 dum
648 1590 838 1637 contra
873 1582 1223 1653 Vigilantium
1268 1587 1554 1655 quemdam
1587 1587 1926 1653 haereticum,

344 1672 435 1742 qui
464 1681 766 1743 martyrum
791 1671 1051 1742 reliquias
1073 1688 1413 1744 nequaquam
1437 1676 1651 1731 dicebat
1687 1691 1809 1733 esse
1833 1691 1929 1732 ve-

343 1761 633 1829 nerandas,
651 1761 938 1828 scriberet,
960 1761 1105 1817 inter
1124 1772 1319 1820 uetera
1334 1765 1409 1819 ait
1433 1783 1447 1819 :
1478 1785 1496 1817 ι
1517 1764 1649 1832 Quis
1666 1781 1924 1835 unquam,

2023 608 2133 648 sum
2160 594 2438 664 patiantur
2466 594 2754 664 iacturam,
2805 610 2870 651 eo
2914 598 3057 666 quod
3086 613 3283 653 census
3311 598 3609 669 indigentia

2021 685 2191 754 pressi
2219 701 2325 740 non
2371 685 2607 742 habeant
2652 685 2963 742 facultatem
2988 702 3093 756 qua
3118 688 3416 758 suscipiant
3435 690 3611 761 picta.

2022 775 2174 828 ram?
2210 773 2267 829 Si
2301 790 2432 845 ergo
2466 776 2620 847 inops
2657 777 2883 846 quilibet
2919 776 3047 833 ideo
3089 779 3355 834 bonorum
3384 782 3613 838 merito-

2023 880 2145 922 rum
2168 867 2273 921 erit
2296 882 2507 939 expers,
2535 868 2661 940 quia
2688 869 2872 932 rebus,
2905 869 3102 939 quibus
3144 871 3407 943 imagines
3430 872 3609 944 adipi-

2023 964 2225 1023 scatur,
2253 966 2421 1033 caret,
2438 959 2675 1029 locuples
2699 960 2820 1014 ideo
2845 962 3103 1016 auctioris
3127 963 3307 1016 meriti
3335 978 3603 1034 praeroga-

2026 1047 2189 1102 tivam
2211 1050 2408 1116 subict,
2434 1067 2500 1107 eo
2519 1055 2664 1123 quod
2692 1057 2855 1112 rebus
2881 1058 3076 1127 quibus
3106 1058 3333 1127 picturae
3365 1068 3617 1114 emantur

2024 1140 2287 1207 abundat;
2314 1150 2369 1199 et
2409 1143 2456 1198 si
2497 1145 2599 1200 iste
2638 1162 2738 1218 pro
2767 1150 2946 1214 rebus,
2991 1166 3098 1205 non
3133 1166 3233 1221 pro
3267 1152 3496 1217 meritis,
3518 1162 3615 1208 aut

2024 1246 2212 1302 pmnas
2262 1242 2357 1290 aut
2391 1239 2615 1308 praemia
2662 1240 2938 1311 suscipiet,
2984 1254 3041 1298 et
3069 1243 3158 1298 ille
3197 1258 3299 1312 pro
3324 1243 3616 1313 indigentia

2025 1338 2133 1378 non
2170 1338 2271 1394 pro
2316 1328 2573 1396 operibus
2611 1328 2969 1399 iudicabitur,
3029 1333 3325 1405 imaginum
3372 1334 3619 1390 adoratio

2026 1427 2277 1482 magnam
2322 1414 2378 1469 in
2405 1415 2715 1474 Christiana
2763 1421 3025 1491 religione
3052 1438 3238 1479 arcem
3268 1424 3617 1491 conscendet,

2026 1502 2331 1572 etjustitia,
2363 1523 2485 1577 qua:
2518 1510 2713 1564 merita
2756 1509 3064 1579 cujuslibet,
3099 1529 3204 1569 non
3236 1529 3325 1570 res
3352 1514 3619 1583 explorat,

2027 1594 2172 1650 vires
2207 1612 2400 1669 magna
2421 1613 2487 1653 ex
2519 1607 2674 1669 parte
2702 1602 2932 1661 amittet.
2961 1604 3093 1671 Quae
3118 1605 3300 1661 omnia
3320 1606 3449 1661 dum
3474 1605 3620 1661 nulla

2030 1700 2212 1740 rerum
2235 1690 2621 1757 consequentia
2645 1692 2930 1762 approbari
2956 1696 3187 1763 possint,
3212 1703 3384 1751 restat
3407 1703 3469 1749 ut
3488 1695 3624 1771 ima-

2031 1776 2217 1847 ginum
2261 1778 2438 1834 cultus
2484 1781 2710 1836 nullum.
2734 1782 2789 1836 in
2816 1781 3121 1839 Christiana
3151 1785 3411 1857 religione
3439 1792 3625 1841 tenere

343 1869 378 1909 ο
405 1854 654 1908 insanum
699 1861 880 1924 caput,
910 1863 1177 1926 martyres
1207 1856 1488 1911 adoravit?
1519 1876 1539 1910 ι
1573 1856 1631 1911 Si
1669 1870 1801 1926 ergo
1845 1871 1931 1912 se-
1959 1853 2004 1913 Β
2033 1869 2286 1925 credatur
2306 1872 2689 1943 principatum.

343 1943 579 2000 cundum
607 1941 848 2013 ejusdem
889 1945 1215 2001 sententiam
1258 1956 1529 2018 martyres
1556 1962 1666 2002 non
1700 1947 1932 2002 adoran-

345 2044 453 2101 tur,
480 2034 651 2091 mnlto
672 2035 1061 2111 minuseorum
1087 2037 1349 2109 imagines
1373 2053 1406 2093 a
1434 2037 1684 2094 fidelibus
1700 2038 1932 2094 adoran-

345 2125 428 2182 dae
455 2134 601 2182 sunt.
629 2124 784 2194 Quod
810 2141 939 2183 vero
974 2127 1031 2183 in
1076 2128 1215 2183 libro
1242 2128 1550 2201 Regnorum
1577 2128 1707 2184 Saul
1734 2129 1933 2201 legitur

345 2218 649 2277 Samuelem
678 2219 1001 2277 suscitatum
1029 2234 1060 2274 a
1083 2218 1407 2290 Pythonissa
1435 2220 1692 2277 adorasse
1720 2219 1774 2295 (1
1798 2219 1928 2291 Reg.

343 2307 560 2378 xxvru),
574 2309 905 2380 deprehendi
923 2316 1119 2380 potest,
1143 2325 1252 2365 non
1273 2309 1541 2366 Samuelis
1560 2312 1740 2366 anima
1764 2308 1933 2367 fuisse

343 2400 625 2467 suscitata,
652 2401 748 2456 sed
772 2401 1017 2470 quaedam
1036 2400 1377 2472 prmstigiosa
1402 2401 1683 2459 diabolicae
1706 2401 1934 2459 fallacia:

343 2492 523 2564 imago
554 2492 667 2562 regi
713 2491 861 2550 Sauli
893 2493 1209 2564 apparuisse
1227 2534 1242 2560 ,
1272 2494 1387 2549 sive
1410 2494 1465 2549 in
1492 2509 1557 2550 eo
1590 2494 1733 2564 quod
1756 2509 1815 2549 se
1840 2494 1934 2549 ad-

341 2584 489 2640 orari
515 2584 858 2654 permiserit,
885 2584 1030 2655 quod
1051 2585 1238 2655 utique
1262 2585 1346 2640 vir
1374 2594 1594 2642 sanctus
1622 2585 1802 2642 facere
1824 2601 1933 2642 non

341 2677 695 2745 permitteret,
728 2676 844 2732 sive
861 2677 1026 2732 etiam
1052 2677 1180 2746 quia
1201 2678 1439 2747 pessimo
1465 2676 1578 2747 regi
1621 2676 1776 2743 dixit,
1803 2676 1936 2731 Cra-

342 2767 480 2821 stina
512 2782 717 2823 mecum
740 2768 860 2832 eris,
893 2782 1016 2823 cum
1059 2768 1312 2824 videlicet
1342 2768 1482 2824 idem
1528 2766 1935 2822 immanissima:

342 2856 600 2927 nequitia:
639 2868 739 2915 rex
780 2873 891 2916 non
923 2874 1048 2916 cum
1086 2861 1350 2931 propheta
1391 2859 1652 2926 moriens,
1685 2859 1780 2915 sed
1808 2872 1933 2914 cum

341 2945 557 3004 diabolo
578 2948 796 3005 futurus
822 2958 959 3017 erat,
984 2951 1078 3020 qui
1099 2966 1236 3021 quos
1259 2952 1314 3006 in
1340 2952 1446 3007 hoc
1475 2950 1671 3006 saeculo
1694 2951 1764 3006 ad
1790 2948 1933 3005 mala

341 3053 507 3109 opera
532 3042 893 3111 perpetranda
920 3043 1093 3109 illicit,
1114 3058 1299 3100 secum
1320 3043 1376 3098 in
1404 3043 1588 3100 futuro
1608 3044 1678 3099 ad
1701 3053 1935 3100 aeternas

339 3146 532 3203 pmnas
567 3132 752 3188 trahit.
801 3133 918 3190 Rex
953 3136 1134 3206 itaque
1168 3136 1422 3192 immanis
1456 3135 1635 3191 meriti
1682 3136 1927 3203 audiens,

341 3225 397 3297 in
428 3240 537 3297 quo
580 3226 770 3282 habitu
820 3235 966 3283 esset
1008 3228 1295 3295 excitatus,
1338 3228 1604 3284 intellexit
1633 3230 1778 3285 hunc
1807 3243 1930 3285 esse

344 3316 671 3384 Samuelem,
694 3319 825 3389 quid
850 3320 1177 3375 intellexerit
1202 3321 1401 3386 retulit,
1429 3329 1485 3376 et
1514 3322 1640 3391 quia
1660 3338 1769 3377 non
1793 3322 1932 3377 bene

341 3410 626 3478 intellexit,
664 3420 852 3469 contra
884 3411 1222 3484 Scripturam
1265 3412 1433 3468 alium
1479 3413 1727 3491 adoravit
1766 3428 1932 3485 quam

343 3502 660 3571 Dominum;
702 3511 758 3561 et
781 3513 974 3576 putans
1007 3504 1335 3571 Samuelem,
1364 3502 1611 3560 adoravit
1633 3503 1926 3571 diabolum,

343 3604 406 3651 ut
434 3596 667 3654 fructum
696 3597 923 3656 fallacia:
957 3613 1072 3656 suae
1096 3599 1323 3655 haberet
1349 3596 1603 3653 Satanas.
1641 3596 1757 3653 Hoc
1782 3597 1932 3655 enim

345 3686 538 3743 nititur
566 3694 626 3743 ut
644 3689 909 3745 adoretur
927 3686 1084 3759 quasi
1110 3686 1273 3743 Deus.
1300 3685 1359 3742 Si
1382 3687 1530 3742 enim
1550 3701 1678 3742 vere
1710 3685 1931 3743 Samuel

344 3777 422 3833 illi
448 3780 806 3850 apparuisset,
833 3797 942 3837 non
968 3782 1154 3853 utique
1179 3782 1264 3836 vir
1282 3780 1466 3851 justus
1490 3781 1824 3852 permisisset
1837 3783 1932 3838 ad-

342 3870 511 3938 orari,
545 3872 636 3943 qui
685 3873 1075 3942 praedicaverat
1116 3872 1403 3929 Dominum
1448 3872 1623 3928 solum
1664 3874 1786 3927 esse
1829 3871 1928 3927 ad-

341 3962 625 4017 orandum.
657 3965 725 4019 Et
758 3965 1028 4035 quomodo
1054 3965 1215 4019 homo
1245 3964 1363 4030 Dei,
1393 3964 1631 4035 quicum
1655 3963 1930 4020 Abraham

343 4050 400 4106 in
425 4050 707 4124 refrigerio
751 4062 887 4119 erat,
919 4054 1134 4111 dicebat
1174 4055 1243 4109 ad
1270 4054 1447 4109 virum
1482 4054 1803 4126 pestilentiae
1847 4055 1932 4110 di-

341 4156 508 4212 gnum
549 4144 744 4199 ardore
771 4144 1047 4215 gehennze,
1086 4142 1216 4199 Cras
1245 4160 1448 4199 mecum
1482 4145 1626 4201 eris?
1663 4144 1761 4201 His
1794 4144 1931 4202 duoo

341 4234 445 4289 bus
466 4234 638 4289 titulis
663 4235 1017 4290 subtilitatem
1044 4234 1266 4290 fallacie
1287 4251 1397 4291 sua:
1420 4237 1659 4306 prodidit
1679 4236 1931 4310 improvi-

341 4324 443 4378 dus
468 4323 718 4389 Satanas,
748 4327 874 4396 quia
918 4335 973 4381 et
1004 4326 1219 4382 adorari
1245 4342 1304 4382 se
1331 4327 1576 4397 permisit
1601 4327 1701 4383 sub
1740 4328 1928 4384 habitu

338 4424 395 4469 et
416 4415 634 4470 nomine
661 4413 947 4483 Samuelis,
970 4416 1113 4486 quod
1135 4424 1264 4486 puto
1287 4416 1506 4474 Samuel
1525 4434 1631 4474 non
1654 4420 1927 4489 permitte—

337 4513 444 4573 ret,
469 4515 526 4562 et
552 4504 730 4561 virum
758 4506 997 4575 peccatis
1028 4520 1296 4576 pressum,
1330 4521 1455 4561 cum
1495 4521 1690 4578 magna
1719 4507 1923 4563 distan-

340 4600 415 4655 tia
435 4608 782 4670 peccatorum
811 4608 867 4656 et
884 4598 1155 4668 iustorum
1198 4598 1288 4667 sit,
1319 4614 1441 4655 cum
1469 4600 1716 4657 Samucle
1732 4599 1925 4670 justis-

338 4690 479 4745 simo
526 4689 768 4746 futurum
805 4691 1062 4746 mentitus
1089 4699 1201 4758 est;
1234 4706 1422 4747 verum
1452 4700 1631 4763 potest
1655 4692 1848 4760 videri,
1879 4692 1926 4748 si

339 4790 405 4845 de
431 4788 701 4844 Samuelis
728 4788 949 4844 nomine
992 4796 1256 4853 taceatur,
1282 4787 1411 4858 quia
1458 4786 1588 4842 Saul
1634 4803 1759 4843 cum
1804 4787 1924 4843 dia-

339 4877 463 4932 bolo
521 4876 737 4933 futurus
782 4884 905 4932 erat
943 4895 958 4932 :
993 4877 1065 4933 ad
1108 4892 1234 4932 eum
1295 4876 1444 4933 enim
1485 4876 1925 4948 transmigravit,

334 4984 499 5044 quem
558 4969 834 5038 adoravit,
883 4986 1193 5042 quanquam
1246 4979 1303 5026 et
1346 4985 1379 5025 a
1421 4969 1583 5025 beato
1623 4968 1926 5042 Augustino

332 5068 393 5119 et
433 5061 508 5118 ab
557 5060 681 5119 aliis
713 5063 1027 5120 doctoribus
1064 5062 1278 5118 diversa
1322 5062 1391 5118 de
1439 5062 1546 5119 hac
1594 5078 1656 5118 re
1700 5061 1927 5132 opinen-

337 5164 465 5222 tur,
515 5162 573 5212 et
624 5155 763 5212 liber
816 5156 1231 5212 Ecclesiasticus
1286 5157 1353 5211 ad
1397 5155 1610 5211 laudem
1657 5155 1926 5210 Samuelis

336 5249 561 5319 referat,
597 5265 664 5308 eo
684 5250 829 5323 quod
855 5260 1099 5307 mortuus
1131 5249 1485 5322 prophetarit.
1516 5247 1634 5304 Jam
1669 5263 1798 5303 vero
1826 5247 1922 5317 illi,

334 5343 429 5415 qui
472 5359 611 5415 pene
658 5359 872 5401 omnem
921 5343 1043 5399 ﬁdei
1084 5342 1406 5399 Christianae
1434 5342 1839 5413 praerogativam
1870 5340 1925 5397 in

338 5435 635 5506 imaginum
660 5434 976 5492 adoratione
1006 5435 1120 5490 sive
1144 5435 1291 5489 cultu
1319 5450 1443 5490 esse
1479 5434 1811 5499 existimant,
1843 5433 1928 5488 in-

407 5563 433 5592 a
457 5549 609 5606 Sicut
652 5550 793 5607 enim
821 5547 1063 5605 Ecclesia
1110 5547 1420 5605 universalis
1461 5558 1559 5604 est.
1603 5547 1926 5605 llincmarus

338 5622 502 5678 verba
523 5637 645 5691 qute
685 5621 740 5676 in
769 5620 875 5675 line
908 5619 1128 5689 capituli
1169 5621 1458 5691 habentur,
1497 5620 1602 5691 huc
1640 5619 1926 5691 inprinci-

338 5693 486 5761 pium
532 5689 830 5757 transtulit,
877 5691 982 5747 hoc
1026 5692 1186 5747 modo
1229 5708 1241 5745 :
1298 5709 1317 5741 ‹
1361 5689 1419 5747 In
1446 5689 1597 5759 cujus
1636 5690 1925 5761 voluminis

338 5758 533 5832 quarto
566 5762 703 5817 libro
730 5763 845 5817 hate
873 5761 940 5818 de
974 5761 1260 5817 universali
1292 5758 1744 5832 nomine'scripta
1773 5767 1920 5832 sunt.

345 5830 369 5886 ἶ
390 5834 680 5889 niversitas
710 5835 777 5889 ab
808 5850 916 5890 uno
950 5834 1380 5904 cognominatur,
1421 5830 1562 5898 quod
1591 5844 1697 5885 uno
1723 5830 1920 5887 multo-

1954 4553 2005 4612 Ι)

2569 1986 2799 2044 CAPUT
2836 1989 3074 2047 XXVIII.

2033 2070 2189 2138 Quod
2217 2072 2420 2144 frustra
2448 2093 2599 2132 suam
2637 2078 2896 2151 synodum
2938 2080 3283 2151 universalem
3327 2085 3624 2151 nominant,

2100 2160 2258 2227 quam
2284 2154 2459 2227 trime-rt
2485 2158 2688 2227 constat
2715 2149 2780 2204 ab
2811 2149 3094 2205 universali
3125 2169 3231 2206 non
3258 2153 3421 2213 fuisse
3447 2149 3625 2227 aggre-

2099 2224 2278 2282 gamm
2308 2214 2568 2272 Ecclesia.

2101 2327 2248 2385 Inter
2271 2336 2467 2387 caztera
2495 2332 2849 2389 deliramenta
2879 2349 3000 2405 qua:
3022 2335 3077 2397 in
3103 2337 3291 2393 eadem
3313 2339 3517 2410 synodo
3541 2339 3628 2397 vel

2032 2432 2186 2494 gesta
2212 2422 2297 2478 vel
2327 2424 2527 2494 scripta
2558 2426 2830 2494 dicuntur,
2862 2429 2965 2486 hoc
2990 2446 3206 2501 quoque
3243 2447 3348 2486 non
3375 2433 3651 2491 omnibus

2032 2523 2220 2564 eorum
2249 2507 2619 2566 deliramentis
2656 2512 2836 2568 minus
2873 2521 2976 2580 est,
3027 2516 3172 2584 quod
3208 2518 3457 2574 eamdem
3498 2534 3630 2590 syn-

2028 2599 2196 2655 odum
2217 2600 2579 2657 universalem
2603 2613 2938 2674 nuncupant,
2963 2620 3086 2661 cum
3109 2621 3285 2679 neque
3304 2608 3630 2667 universalis

2032 2689 2157 2746 ﬁdei
2181 2691 2552 2747 inconvulsam
2582 2694 2779 2750 habeat
2814 2696 3122 2764 puritatem,
3172 2713 3346 2770 neque
3369 2714 3469 2770 per
3501 2703 3626 2758 uni-

2031 2794 2313 2835 versarum
2361 2781 2730 2839 Ecclesiarum
2776 2793 2927 2857 gesta
2972 2796 3183 2844 constet
3225 2790 3627 2847 auctoritatem.

2031 2885 2062 2915 ι
2084 2873 2240 2929 Sicut
2265 2876 2412 2932 enim
2434 2875 2676 2934 Ecclesia
2701 2879 3028 2937 universalis
3054 2890 3140 2939 est
3156 2898 3280 2953 qua:
3308 2883 3501 2942 Graeco
3520 2886 3629 2942 elo-

2029 2964 2162 3034 quio
2189 2966 2459 3022 catholica
2487 2967 2722 3035 dicitur,
2756 2970 2833 3026 ita
2873 2971 3134 3026 nimirum
3173 2988 3333 3030 omne
3368 2976 3630 3047 quidquid

2032 3053 2101 3109 ab
2128 3052 2246 3122 ejus
2280 3054 2491 3111 unitate
2532 3072 2639 3112 non
2685 3059 2942 3126 discedit,
2970 3061 3301 3119 catholicum
3326 3067 3629 3136 nuncupari

2030 3153 2229 3216 potest.
2265 3144 2455 3203 Omnis
2479 3149 2626 3204 enim
2646 3149 2892 3208 doctrina
2923 3151 3234 3211 Christiana
3268 3156 3352 3213 vel
3376 3157 3632 3228 quaelibet

2034 3236 2349 3291 constitutio
2368 3237 2483 3292 sive
2506 3239 2725 3295 traditio
2748 3241 2872 3298 talis
2899 3255 3021 3299 esse
3046 3243 3227 3311 debet,
3252 3254 3315 3301 ut
3336 3247 3631 3305 universali

2033 3328 2319 3383 conveniat
2343 3328 2640 3385 Ecclesize:
2672 3331 2816 3400 quod
2852 3348 3195 3404 nequaquam
3239 3336 3482 3394 haeretici
3525 3340 3628 3396 ob-

2029 3408 2404 3485 servaverunt,
2432 3420 2526 3488 qui
2550 3435 2648 3489 per
2669 3420 2915 3477 diversas
2936 3424 3121 3479 mundi
3145 3432 3330 3494 partes
3354 3426 3629 3496 aliquibus

2032 3506 2312 3575 regionum
2364 3509 2611 3577 partibus
2662 3511 2921 3565 coarctati
2965 3512 3336 3570 conventicula
3377 3516 3627 3585 quadam

2028 3604 2364 3662 statuerunt,
2418 3596 2617 3666 quibus
2668 3607 2725 3654 et
2758 3614 2822 3656 se
2867 3608 2924 3658 et
2964 3602 3315 3673 quamplures
3354 3603 3623 3677 [thcm.,

2028 3687 2331 3762 plurimos]
2361 3690 2435 3745 ab
2454 3688 2843 3747 ecclesiastica:
2868 3691 3092 3748 unitatis
3134 3693 3406 3749 consortio
3444 3709 3630 3764 segre-

2032 3788 2314 3849 gaverunt.
2345 3781 2479 3837 Cum
2505 3798 2635 3853 ergo
2663 3784 2894 3838 duarum
2932 3793 2990 3839 et
3035 3784 3198 3840 trium
3222 3787 3627 3855 provinciarum

2030 3869 2292 3941 praesules
2325 3868 2381 3926 in
2408 3888 2578 3927 unum
2606 3875 2958 3942 conveniunt,
3005 3876 3052 3932 si
3093 3877 3439 3948 antiquorum
3463 3894 3619 3935 cano-

2030 3980 2163 4021 num
2205 3964 2548 4023 institutione
2597 3969 2794 4024 muniti
2841 3968 3044 4041 aliquid
3085 3971 3486 4040 prtedicationis
3530 3981 3628 4028 aut

2031 4055 2299 4127 dogmatis
2325 4065 2570 4113 statuunt
2594 4058 2951 4133 [instituunt],
2979 4061 3124 4133 quod
3162 4069 3341 4118 tamen
3370 4064 3441 4120 ab
3482 4064 3626 4120 anti-

2031 4163 2262 4219 quorum
2290 4149 2515 4207 Patrum
2541 4152 2885 4223 dogmatibus
2910 4170 3017 4210 non
3050 4155 3349 4226 discrepat,
3390 4157 3592 4213 catholi

2029 4260 2156 4301 cum
2184 4253 2269 4301 est
2302 4244 2446 4316 quod
2473 4243 2696 4311 faciunt,
2721 4254 2778 4300 et
2810 4244 3041 4303 fortasse
3075 4247 3181 4304 dici
3207 4257 3384 4320 potest
3405 4250 3626 4305 univer-

2027 4339 2160 4403 sale,
2189 4340 2448 4411 quoniam
2471 4341 2719 4411 quamvis
2739 4357 2844 4397 non
2866 4342 2937 4398 sit
2961 4343 3030 4398 ab
3052 4344 3290 4399 universi
3318 4345 3465 4401 orbis
3489 4360 3604 4417 pra:

2029 4429 2239 4485 sulibus
2263 4439 2465 4497 actum,
2494 4438 2675 4487 tamen
2705 4431 2775 4486 ab
2807 4432 3184 4488 universorum
3211 4433 3317 4490 fide
3354 4441 3411 4490 et
3453 4434 3607 4489 tradi-

2029 4518 2176 4575 tione
2200 4536 2309 4576 non
2333 4520 2645 4592 discrepat:
2672 4520 2817 4591 quod
2856 4523 3053 4579 crebro
3094 4521 3298 4579 factum
3349 4523 3403 4578 in
3431 4523 3624 4594 pleris-

2027 4624 2132 4680 que
2178 4611 2366 4667 mundi
2411 4613 2678 4683 partibus,
2717 4613 3039 4682 quibusdam
3087 4615 3502 4671 necessitatibus
3540 4614 3625 4669 in—

2026 4702 2427 4768 cumbentibus,
2451 4703 2673 4758 scimus.
2699 4702 2865 4757 Multa
2889 4704 3032 4758 enim
3055 4706 3282 4761 concilia
3305 4713 3455 4776 gesta
3472 4712 3618 4771 sunt,

2026 4805 2259 4861 quorum
2287 4792 2721 4848 institutionibus
2758 4801 2945 4848 sancta
2986 4795 3229 4850 munitur
3266 4805 3323 4849 et
3365 4795 3624 4850 corrobo-

2027 4892 2179 4938 ratur
2202 4882 2464 4939 Ecclesia.
2499 4882 2558 4938 Si
2581 4898 2714 4938 vero
2739 4884 2968 4938 duarum
2997 4891 3091 4937 aut
3121 4885 3282 4939 trium
3315 4884 3622 4953 provincia-

2025 4976 2148 5029 ‘rum
2175 4973 2437 5044 praesules
2481 4973 2538 5028 in
2584 4989 2751 5027 unum
2794 4974 3176 5030 convenientes
3203 4989 3342 5029 nova
3371 4974 3617 5043 quaedam

2025 5074 2268 5127 statuere
2286 5064 2588 5136 cupientes,
2600 5063 2973 5121 conventicula
2984 5065 3232 5133 quaedam
3255 5063 3476 5127 faciunt,
3489 5063 3618 5133 quia

2025 5172 2134 5211 non
2160 5170 2285 5211 cum
2314 5153 2555 5209 universi
2579 5153 2729 5209 orbis
2760 5154 3003 5210 Ecclesia
3024 5156 3295 5222 sentiunt,
3322 5154 3418 5210 sed
3449 5156 3518 5210 ab
3552 5170 3616 5210 ea

2026 5246 2258 5316 quadam
2298 5260 2365 5300 ex
2406 5251 2562 5315 parte
2603 5244 2963 5312 dissentiunt,
3007 5261 3116 5302 non
3159 5255 3244 5302 est
3285 5245 3616 5301 catholicum

2026 5336 2173 5409 quod
2217 5336 2461 5402 faciunt,
2513 5345 2570 5393 et
2615 5336 2739 5394 ideo
2794 5337 3100 5395 universale
3157 5338 3458 5410 nuncupari
3506 5355 3613 5393 non

2024 5436 2222 5500 potest.
2241 5430 2412 5486 Omne
2431 5432 2574 5500 quod
2592 5430 3021 5486 ecclesiasticum
3038 5422 3144 5496 est,
3160 5430 3486 5487 catholicum
3504 5436 3614 5496 est,

2027 5547 2168 5602 tiens
2187 5561 2348 5601 verso
2366 5552 2714 5616 propagatur.
2737 5542 3181 5616 Nammultitudo
3201 5545 3614 5616 unitatumjer-

2025 5618 2188 5673 tendo
2231 5617 2283 5671 in
2321 5612 2486 5670 unum
2523 5612 2769 5679 collecta,
2800 5614 3127 5670 universitas
3156 5614 3405 5670 edicitur.
3459 5612 3613 5671 Sicut

2025 5688 2170 5743 enim
2195 5686 2432 5741 Ecclesia
2455 5684 2776 5740 universalis
2798 5693 2901 5749 est,
2919 5692 3025 5756 etc.
3049 5703 3069 5737 ι
3094 5684 3210 5740 Νοη
3233 5686 3373 5756 quod
3398 5685 3498 5739 hoc
3518 5700 3611 5739 οι-

2027 5759 2150 5815 dine
2181 5758 2233 5812 in
2260 5757 2399 5811 libro
2421 5772 2519 5811 suo
2543 5756 2778 5826 legisset,
2803 5756 2895 5810 sed
2918 5762 2978 5808 ut
3001 5754 3369 5812 instituto'suo
3391 5770 3594 5826 accom-

2028 5829 2283 5895 modaret,
2301 5828 2406 5884 καθ’
2420 5823 2638 5903 ὖστερδν
2654 5828 2895 5901 πρότερον
2909 5827 3048 5883 hunc
3060 5826 3234 5884 locum
3252 5823 3586 5895 transcripsit
