4018 6178
335 348 472 406 £505

329 461 624 520 Rusticitas
646 475 752 514 non
776 472 928 514 cassa
958 456 1060 512 fide
1087 470 1262 524 neque
1291 456 1447 510 docta
1468 452 1695 522 legendi.

329 533 455 589 Haec
477 539 691 602 assueta
719 527 1005 602 diu_sacris
1032 527 1235 602 servire
1264 524 1588 602 pro_fanis,m
1645 590 1656 602 .

329 604 529 659 Yentre
553 600 677 654 dum
708 594 921 651 tandem
949 590 1283 651 convertitur
1307 594 1508 647 advena
1531 590 1768 652 Christo,

329 672 467 728 Dum
497 677 806 723 sanctorum
827 680 990 728 opera
1010 665 1065 718 in
1090 664 1308 718 Christo
1337 663 1564 716 miratur
1598 668 1803 728 aperta,

328 739 545 796 Gemite
573 751 732 806 quam
764 729 916 806 multi
940 742 1187 806 comeaut
1214 748 1279 785 ex
1309 731 1558 806 omnibus
1588 729 1751 797 agris,

328 801 609 877 Quamque
632 804 962 877 pierudibus
985 802 1190 871 decepti
1219 801 1486 855 mentibus
1505 806 1715 877 errent.

329 868 904 957 ﬂonginqtiasdiquere
922 868 1133 957 domos;
1158 885 1409 938 sprevere
1438 868 1643 957 ruinas,

328 936 633 1017 Nonvgelidi
662 936 903 1017 feriente
932 941 1053 1017 fide,
1084 947 1138 995 et
1162 936 1457 1017 tiunc__esse
1488 936 1802 1017 frequentes

329 1017 434 1072 Per
462 1009 628 1070 tinam
652 1012 838 1081 vigiles
857 1011 1151 1081 extendunt
1171 1009 1362 1081 gaudia
1392 1015 1625 1072 noctem,

330 1086 541 1143 laetitia
562 1078 799 1146 somnos,
830 1081 1075 1136 tenebras
1108 1078 1377 1132 funalibus
1402 1083 1606 1132 arcent.

401 1196 468 1249 Et
485 1192 643 1264 paulo
671 1198 793 1262 post
815 1207 828 1245 :

331 1305 466 1359 Dum
489 1301 619 1354 fallit
640 1299 849 1368 pictura
880 1298 1073 1353 famem
1102 1307 1422 1368 sanctasque
1448 1295 1656 1368 legendi

332 1372 615 1432 Historias,
642 1366 921 1424 castorum
952 1383 1174 1436 operum
1196 1366 1436 1434 subrepit
1465 1367 1739 1430 honestas,

331 1441 604 1510 Exemplis
629 1439 843 1510 inducta
873 1438 975 1510 piis
1001 1436 1412 1510 potaturhianti

334 1505 625 1570 Sobrietas.
648 1508 797 1562 nimii
824 1505 1053 1561 subeunt
1079 1506 1274 1561 oblivia
1304 1505 1410 1558 vini
1427 1544 1442 1570 ,

334 1583 577 1649 Dumque
600 1578 740 1633 diem
766 1577 965 1649 ducunt
989 1576 1163 1645 spatio
1192 1572 1393 1649 majore
1427 1581 1647 1629 ruentes

333 1643 532 1706 Pocula
557 1655 853 1710 rarescunt,
878 1646 1003 1713 quia
1021 1643 1124 1713 per
1142 1643 1399 1698 miracula
1427 1651 1601 1698 tracto

334 1719 596 1791 Tempore
619 1715 733 1787 jam
759 1731 944 1787 pauca
964 1714 1193 1771 subeunt
1216 1714 1558 1784 epulantibus
1583 1714 1752 1770 horae.

403 1828 472 1883 Et
500 1826 639 1883 infra
666 1843 680 1879 :

334 1941 412 1997 De
436 1938 630 1995 Genesi
652 1950 846 2007 precor
865 1936 1011 2007 hunc
1031 1936 1224 2007 orandi
1249 1936 1438 2007 collige
1464 1950 1702 1992 sensum.

335 2010 415 2065 Ne
438 2005 683 2063 maneam
711 2016 962 2061 terrenus
986 2005 1177 2073 Adam,
1209 2007 1303 2061 sed
1328 2005 1536 2076 virgine
1563 2016 1707 2061 terra

335 2079 539 2134 Nascar
561 2087 615 2131 et
635 2078 881 2148 exposito
909 2077 1077 2148 veteri
1105 2090 1243 2129 nova
1267 2076 1470 2148 former
1492 2077 1689 2148 imago.

406 2150 601 2204 Beatus
619 2145 908 2216 Gregorius
921 2145 1192 2216 Nyssenus
1207 2146 1508 2214 episcopus,
1524 2145 1666 2201 inter
1687 2155 1904 2210 canem,

336 2219 428 2273 ubi
453 2219 518 2273 de
540 2214 808 2271 Abraham
834 2214 1137 2270 sermonem
1182 2214 1415 2270 instituit
1439 2233 1451 2269 :
1500 2234 1518 2265 «
1542 2217 1680 2282 Vidi,
1712 2216 1904 2286 inquit,

336 2287 622 2358 imaginem
656 2285 959 2358 passionis,
1001 2294 1184 2358 etnon
1214 2286 1329 2358 sine
1358 2286 1614 2358 lacrymis
1645 2285 1906 2358 visionem

336 2353 592 2427 przeterii,
628 2353 789 2425 opere
808 2355 942 2409 artis
965 2356 1033 2410 ad
1060 2353 1253 2409 faciem
1291 2353 1563 2411 deducens
1601 2356 1904 2422 historiam,

336 2438 443 2483 etc.
476 2446 496 2479 ι

408 2498 541 2550 Item
565 2495 704 2550 idem
732 2495 784 2549 in
823 2493 1262 2563 interpretatione
1293 2493 1502 2549 Cantici
1530 2495 1862 2550 canticorum
1888 2514 1903 2551 :

343 2581 363 2620 ι
389 2567 510 2635 Qui,
541 2565 738 2636 inquit,
765 2563 1051 2632 imaginem
1078 2564 1360 2633 conspicit.
1382 2580 1450 2636 ex
1470 2565 1655 2636 eadem
1678 2574 1794 2621 arte
1811 2580 1910 2636 per

338 2634 548 2694 colores
585 2634 903 2705 completam
935 2636 1167 2690 tabulam
1186 2676 1200 2699 ,
1248 2650 1355 2691 non
1386 2634 1661 2705 tinctionis
1691 2634 1909 2704 praefert

339 2703 839 2777 contemplationem
861 2745 877 2770 ,
903 2705 994 2759 sed
1019 2707 1086 2759 ad
1112 2707 1371 2777 visionem
1404 2703 1669 2777 depictam
1696 2703 1909 2777 conspi-

339 2779 416 2832 cit
441 2774 829 2839 tantummodo,
852 2790 1013 2843 quam
1032 2790 1127 2843 per
1150 2775 1360 2830 colores
1390 2776 1650 2845 magister
1681 2775 1906 2829 demon-

339 2847 551 2902 stravit.
583 2866 599 2898 ι

407 2917 741 2987 Augustinus
769 2931 822 2987 m_
856 2914 949 2987 lib.
994 2930 1084 2968 xv:
1130 2916 1195 2970 de
1228 2912 1391 2987 _Civit.
1427 2914 1559 2987 Dei:
1591 2935 1609 2968 ι
1635 2915 1905 2982 Quosdam

339 2986 455 3040 sine
477 2984 684 3041 cervice
708 2984 891 3040 oculos
921 2984 1179 3038 habentes
1226 2984 1279 3037 in
1320 2984 1581 3050 humeris,
1624 2993 1679 3040 et
1710 2994 1907 3041 caetera

341 3055 639 3136 hominum,
663 3055 814 3136 quasi
843 3068 1036 3136 genera
1056 3055 1364 3136 hominum,
1401 3068 1521 3136 qua:
1548 3056 1602 3111 in
1634 3055 1902 3136 maritima

339 3124 513 3194 platea
556 3124 893 3197 Carthaginis
915 3124 1151 3197 _musit_io
1186 3131 1319 3197 puta
1360 3132 1514 3197 sunt,
1553 3125 1905 3197 ex_librode-
1930 3135 1978 3197 ο

338 3203 583 3264 prompta
626 3195 770 3267 velut
804 3194 1128 3267 euriosioris
1183 3194 1444 3267 historim.
1476 3215 1495 3248 ι
1537 3195 1762 3267 —Itern
1792 3196 1907 3267 ipse

340 3263 459 3334 post
483 3263 691 3334 pauca:
746 3283 764 3314 ι
793 3263 1128 3334 Quapropter
1167 3273 1261 3319 aut
1306 3264 1393 3318 illa
1438 3280 1557 3334 quae
1603 3275 1657 3320 et
1698 3263 1908 3320 alia‘de

342 3332 660 3402 quibusdam
688 3332 938 3402 gentibus
962 3332 1160 3401 scripta
1188 3341 1329 3396 sunt,
1348 3332 1573 3389 omnino
1593 3336 1738 3391 nulla
1761 3345 1902 3399 sunt,

343 3401 438 3473 aut
463 3402 509 3455 si
536 3408 682 3473 sunt,
715 3401 957 3473 homines
991 3418 1096 3457 non
1125 3411 1270 3473 sunt,
1301 3414 1520 3471 apparet
1538 3405 1759 3471 liquido.
1777 3419 1911 3473 quo-

344 3471 488 3525 niam
516 3469 655 3524 sicut
678 3483 773 3539 per
797 3470 1061 3539 picturam
1083 3469 1241 3525 utiles
1261 3478 1316 3525 et
1335 3469 1487 3525 ’v'erae
1512 3469 1911 3527 recordationes

344 3541 412 3595 ad
440 3539 752 3596 memoriam
778 3538 1084 3609 aliquando,
1104 3540 1354 3604 redeunt,
1397 3556 1515 3609 qua:
1549 3543 1912 3609 compunctio-

345 3626 469 3666 nem
518 3611 799 3680 ingemat,
853 3609 927 3664 ita
979 3617 1034 3665 et
1067 3608 1179 3680 jam
1222 3609 1427 3664 nociva:
1454 3608 1631 3673 falsas,
1663 3610 1912 3665 humanis

346 3678 618 3736 mentibus
644 3695 853 3749 semper
878 3680 1136 3749 imagines
1161 3678 1781 3749 ludiﬁcandoiingerunt.
1799 3699 1817 3730 ι

416 3749 549 3804 Item
569 3748 979 3819 Augustinusin
998 3748 1139 3804 libro
1169 3749 1243 3819 de
1259 3750 1441 3805 decem
1467 3748 1697 3819 Ghordis
1718 3788 1732 3811 ,
1773 3748 1913 3819 inter

348 3829 562 3883 caetera,
593 3818 675 3874 sic
697 3818 807 3873 ait:
855 3837 873 3868 ‹
915 3818 1191 3885 Quomodo
1222 3818 1362 3875 facio
1389 3819 1487 3887 ipsi
1519 3818 1746 3874 Domino
1774 3818 1914 3887 inju-

349 3889 519 3943 riam?
565 3888 865 3958 corrumpis
906 3889 1156 3958 teipsum.
1216 3889 1283 3943 Et
1316 3887 1456 3945 unde
1496 3888 1635 3944 facio
1661 3887 1911 3958 injuriam

351 3959 597 4029 Domino,
641 3957 1097 4029 quia’corruinpo
1140 3959 1439 4029 meipsum?
1479 3958 1639 4029 Unde,
1661 3959 1757 4013 tibi
1786 3957 1914 4014 facit

349 4027 619 4096 iniuriam,
661 4028 753 4096 qui
794 4027 1186 4084 voluerit’forte
1227 4027 1465 4098 lapidare
1500 4028 1737 4083 tabulam
1767 4035 1913 4083 tuam

350 4101 579 4180 pictam,
602 4097 657 4152 in
685 4112 791 4180 qua
821 4099 1001 4180 tabula
1043 4098 1219 4180 imago
1260 4097 1351 4153 tua
1377 4108 1496 4180 est,
1528 4099 1583 4152 in
1621 4099 1782 4154 domo
1824 4105 1913 4152 tua

352 4167 587 4223 inaniter
609 4170 783 4236 posita
814 4169 881 4222 ad
919 4183 1113 4222 vanum
1155 4167 1413 4224 honorem
1456 4178 1637 4233 tuum,
1666 4184 1766 4222 nec
1793 4184 1916 4224 sen-

352 4237 511 4302 tiens,
547 4253 646 4309 nec
677 4238 917 4309 loquens,
942 4252 1043 4292 nec
1070 4238 1276 4309 videns,
1307 4238 1353 4293 si
1380 4238 1500 4309 quis
1522 4238 1667 4292 illam
1693 4237 1912 4307 lapidet,

351 4322 530 4361 nonne
559 4308 652 4362 tibi
683 4308 811 4363 facit
844 4307 1285 4362 contumeliam?»

424 4378 479 4432 In
502 4377 626 4431 libr.
658 4377 941 4446 Tripartiae
966 4377 1233 4443 Historiae,
1266 4377 1358 4440 lib.
1390 4393 1445 4441 ι,
1468 4391 1587 4445 cap.
1616 4377 1721 4430 50:
1758 4394 1775 4428 ι
1813 4376 1918 4431 Ne-

351 4461 458 4515 que
492 4447 634 4501 enim
658 4458 873 4502 sanctus
900 4446 1096 4502 Paulus
1136 4447 1260 4501 dum
1297 4447 1531 4501 venisset
1557 4446 1828 4507 Athenas,
1861 4454 1916 4501 et

352 4518 624 4573 civitatem
654 4517 907 4587 repletam
938 4516 1095 4571 idolis
1137 4517 1524 4587 conspexisset,
1564 4531 1687 4571 aras
1713 4517 1779 4569 ab
1810 4516 1915 4572 illis

355 4588 644 4642 honoratas
668 4587 957 4657 destruxit,
984 4587 1079 4641 sed
1117 4588 1324 4642 ratione
1351 4587 1704 4657 ignorantiam
1729 4587 1914 4657 redar-

390 4658 488 4721 uit,
528 4656 772 4710 veritatis
797 4656 917 4723 jura
950 4659 1286 4711 monstravit.
1317 4677 1336 4710 ›
1371 4654 1441 4696 ἱ-
1466 4656 1595 4711 ltem
1634 4657 1688 4709 in
1728 4654 1915 4710 eodem

374 4727 494 4779 ibro
511 4741 601 4780 vr:
653 4742 671 4775 ‹
698 4725 830 4795 Illud
871 4741 1083 4794 quoque
1122 4729 1265 4795 quod
1300 4728 1398 4781 sub
1419 4725 1632 4780 Jubano
1652 4725 1914 4795 provenit,

355 4809 579 4866 narrare
598 4793 1040 4866 non,si_leo.’Fuit
1063 4793 1207 4850 enim
1233 4796 1441 4866 signum
1466 4793 1678 4864 quidem
1706 4795 1920 4866 virtutis

355 4862 573 4933 Christi,
603 4871 658 4916 et
672 4862 933 4930 judicium
955 4874 1139 4920 contra
1167 4862 1462 4933 principem
1483 4862 1784 4919 iracundia:
1816 4865 1920 4918 Do-

354 4932 510 5004 mini.
537 4932 672 5004 C_um
701 4933 844 5004 enim
887 4932 1189 5004 agnovisset
1229 4935 1282 4988 in
1321 4932 1564 4989 Ctesarea
1591 4932 1819 5003 Philippi
1843 4935 1921 4988 ci-

354 5002 522 5073 vitate
561 5001 851 5073 thnicia:
873 5041 907 5073 ,ί
929 5001 1099 5072 quam
1129 5003 1361 5073 Paneam
1398 5004 1682 5073 vocabant,
1715 5001 1922 5073 insigne

353 5071 556 5142 Christi
591 5086 711 5127 esse
755 5071 1100 5142 simulacrum
1126 5113 1141 5137 ,
1192 5071 1335 5141 quod
1381 5071 1657 5142 sanguinis
1698 5071 1920 5127 liberata

354 5140 616 5212 profluvio
643 5141 1002 5212 constituerit,
1029 5156 1094 5196 eo
1118 5140 1376 5210 deposito,
1411 5140 1561 5196 suam
1589 5142 1659 5195 ibi
1686 5150 1919 5196 statuam

356 5210 658 5282 collocavit.
698 5210 828 5282 Qua:
852 5210 1082 5267 violento
1104 5212 1226 5282 igne
1250 5211 1315 5265 de
1343 5212 1482 5266 cmlo
1506 5212 1752 5282 cadente,
1777 5212 1921 5267 circa

354 5280 475 5351 ejus
497 5292 686 5353 pectus
727 5281 897 5337 divisa
938 5289 1056 5345 est,
1108 5280 1167 5335 ut
1208 5289 1366 5353 caput
1408 5296 1531 5334 cum
1568 5281 1780 5353 cervice
1819 5297 1922 5336 una

354 5349 514 5423 parte
554 5351 815 5420 deiectum
858 5361 1021 5423 atque
1060 5352 1113 5405 iu
1154 5349 1523 5423 terraﬁsum,
1564 5350 1769 5423 reliqua
1796 5365 1924 5405 vero

355 5418 484 5490 pars
508 5418 767 5478 hactenus
786 5418 1013 5485 restitit,
1058 5432 1218 5489 atque
1245 5418 1481 5473 fulminis
1512 5418 1707 5490 indicia
1752 5435 1926 5475 reser-

358 5488 522 5570 iaviu
575 5491 820 5570 Statuam
878 5504 1025 5570 vero
1062 5488 1263 5570 ghristi
1307 5488 1691 5570 tunc‘quidein
1730 5490 1925 5570 pagani

357 5562 635 5617 trahentes
653 5560 1052 5632 confregerunt.
1076 5558 1266 5632 Postea
1293 5574 1423 5615 vero
1451 5558 1747 5632 Christiani
1775 5558 1927 5615 colli-

342 5639 545 5699 gentes
584 5633 637 5686 in
658 5628 941 5687 ecclesiam
986 5631 1434 5696 recoudiderunt,
1480 5628 1622 5700 quod
1668 5629 1926 5685 hactenus

359 5711 680 5758 reservatur.
708 5724 725 5755 ι

1036 341 1214 397 LIBRI
1252 340 1593 399 CAllOLlNl.
1638 370 1705 382 --
1742 335 2036 395 APPEND.
2080 365 2146 374 -—
2184 334 2600 391 CONVENTUS
2639 334 2864 390 PAlllS.

1920 453 1969 509 A

3434 341 3568 398 1506

2609 445 2835 502 CAPUT
2883 446 2946 499 ll.

2066 514 2219 587 Nunc
2238 515 2412 587 qualis
2449 514 2711 587 discretio?
2744 516 2814 569 sit
2838 516 3070 587 pellenda
3104 532 3234 587 erga
3258 529 3570 577 sanctorum

1997 585 2255 654 imagines
2284 585 2556 639 habendas
2579 593 2632 639 et
2662 585 3005 655 historiarum
3033 585 3274 654 picturas
3293 629 3306 650 ,
3337 593 3567 645 sanctis-
3603 651 3607 655 ,

1996 654 2119 710 simi
2141 665 2195 708 et
2224 654 2426 723 egregii
2453 662 2613 724 atque
2640 654 2970 724 admirabilis
2997 657 3265 724 totiusque
3292 660 3572 715 catholica:

1994 725 2250 797 Ecclesia:
2273 723 2565 797 doctissimi
2593 723 2694 777 viri
2717 724 2859 777 beati
2893 723 3138 794 Gregorii
3163 723 3313 796 papa:
3346 744 3569 797 sequen-

1996 795 2068 848 tia
2100 793 2241 847 dicta
2265 793 2559 846 declarant.

2066 862 2275 935 Seribit_
2303 863 2593 935 autcm‘ad
2631 860 2894 935 _Serenum
2944 862 3326 935 Massiliensem
3364 865 3571 935 episco-

1995 946 2187 1001 pum;
2216 951 2232 981 ι
2258 931 2456 1001 Indico,
2498 930 2813 1001 inquitLad
2856 948 2953 987 nos
3001 934 3199 988 dudum
3239 930 3569 1001 pervenisse,

1997 999 2333 1073 quodfmter
2355 999 2659 1073 Nitasuram
2685 999 3017 1073 [fraternitas
3046 999 3272 1073 vestra],
3305 1004 3570 1073 quosdam

1998 1069 2291 1140 imaginum
2335 1071 2648 1140 adoratores
2686 1069 3009 1138 ‘aspiciens,
3058 1069 3271 1127 easdem
3325 1069 3571 1128 ecclesiis

1999 1139 2258 1212 imagines
2318 1139 2581 1212 confregit
2629 1146 2788 1212 atque
2834 1139 3078 1209 proiecit.
3129 1142 3197 1196 Et
3238 1143 3454 1212 quidem
3487 1160 3572 1198 ze-

1999 1207 2246 1281 ium'vos,
2272 1224 2339 1281 ne
2380 1207 2528 1281 quid'
2554 1207 2724 1281 manu
2759 1207 2962 1281 factum
2988 1212 3197 1266 adorari
3225 1207 3423 1281 possit,
3475 1214 3570 1268 ba-

1998 1279 2180 1351 buisse
2206 1278 2551 1351 laudavimus
2574 1318 2589 1343 ,
2634 1278 2727 1331 sed
2763 1277 3020 1351 frangere
3058 1277 3271 1336 easdem
3308 1277 3571 1351 imagines

2000 1347 2383 1418 nonrdebuisse
2397 1346 2723 1418 judieamus.
2762 1346 2968 1418 Idcirco
2990 1351 3132 1403 enim
3156 1352 3365 1418 pictura
3395 1346 3448 1404 in
3474 1368 3568 1407 ec-

1999 1417 2503 1486 clesiisadhibetur,
2535 1424 2593 1470 ut
2616 1417 2670 1470 bi
2717 1417 2807 1486 qui
2834 1418 3040 1475 litteras
3068 1417 3313 1474 nesciunt
3333 1461 3347 1486 ,
3379 1421 3571 1476 saltem

2000 1487 2054 1539 in
2081 1485 2627 1559 parietibuSJ'idcndo
2657 1485 2856 1559 legant,
2878 1503 2999 1559 quae
3018 1489 3195 1559 legere
3216 1490 3270 1542 in
3296 1490 3571 1545 codicibus

2000 1555 2107 1626 non
2131 1555 2329 1610 valent.
2372 1556 2484 1610 Tua
2512 1570 2638 1626 ergo
2667 1555 3004 1619 fraternitas,
3046 1555 3102 1612 εἰ
3130 1559 3216 1612 illa
3245 1574 3481 1624 servare,
3515 1568 3571 1615 et

2000 1624 2069 1679 ab
2095 1639 2281 1698 eorum
2306 1627 2526 1680 adoratu
2556 1624 2809 1698 populum
2841 1628 3127 1695 prohibere
3152 1628 3354 1691 debuit,
3384 1637 3573 1698 quate-

2001 1711 2102 1749 nus
2122 1703 2177 1750 et
2197 1694 2495 1749 litterarum
2524 1696 2690 1749 nescii
2715 1694 2992 1760 haberent,
3023 1698 3163 1751 unde
3185 1694 3462 1753 scientiam
3491 1700 3572 1752 hi-

2007 1766 2186 1837 storia:
2213 1765 2549 1833 colligerent,
2579 1775 2631 1820 et
2656 1764 2882 1835 populus
2916 1767 2971 1821 in
3013 1767 3235 1837 pictura:
3259 1768 3573 1823 adoratione

2006 1835 2227 1904 minimc
2245 1840 2513 1904 peccaret.
2544 1855 2562 1886 ι

2072 1903 2204 1958 Item
2218 1903 2357 1975 idem
2372 1904 2437 1958 ad
2453 1903 2697 1975 eumdem
2717 1923 2729 1957 :
2755 1924 2774 1957 ι
2793 1904 3083 1969 Perlatum,
3101 1905 3293 1975 inquit,
3309 1906 3572 1975 siquidem

2006 1973 2071 2025 ad
2114 1988 2213 2028 nos
2240 1972 2453 2038 fuerat,
2498 1973 2639 2042 quod
2681 1974 3078 2030 inconsiderato
3108 1972 3223 2029 zelo
3260 1972 3572 2041 succensus,

2006 2052 2311 2113 sanctorum
2329 2044 2606 2113 imagines,
2625 2044 2722 2113 sub
2738 2044 2839 2098 hac
2851 2045 3002 2113 quasi
3016 2046 3362 2099 excusatione
3375 2061 3440 2099 ne
3451 2045 3575 2100 ado-

2006 2112 2115 2165 rari
2130 2112 2459 2176 debuissent,
2474 2112 3172 2235 confringeres.thuidem
3195 2116 3318 2182 quia
3331 2130 3423 2169 eas
3445 2114 3573 2169 ado-

2006 2195 2128 2235 rare
2165 2182 2428 2235 vetuisses
2446 2182 2666 2235 omnino
2714 2183 3050 2235 audavimus.
3080 2182 3305 2235 fregisse
3335 2199 3463 2235 vero
3483 2198 3572 2235 re-

2006 2195 2128 2253 rare
2165 2182 2428 2253 vetuisses
2436 2182 2666 2253 emnino
2694 2182 3050 2247 laudavimus,
3080 2182 3305 2253 fregisse
3335 2199 3463 2238 vero
3483 2198 3572 2239 re-

2004 2250 2407 2317 prehendimus.
2434 2251 2551 2316 Dic,
2575 2250 2756 2315 frater,
2788 2266 2820 2305 a
2843 2250 3461 2320 quolfactum'sacerdote
3476 2254 3571 2308 alio

2007 2320 2221 2390 quando
2243 2320 2481 2375 auditum
2526 2328 2609 2375 est
2638 2322 2780 2390 quod
2806 2321 3027 2377 fecisti?
3067 2321 3123 2377 Si
3148 2339 3252 2377 non
3276 2323 3416 2376 aliud
3443 2363 3457 2387 ,
3488 2323 3573 2379 vel

2006 2388 2137 2461 illud
2160 2397 2211 2443 te
2240 2389 2424 2444 debuit
2450 2388 2721 2456 revocare,
2764 2400 2825 2445 ut
2861 2391 3128 2461 despectis
3164 2391 3281 2446 aliis
3316 2392 3578 2448 fratribus

2006 2458 2190 2531 solum
2206 2467 2258 2513 te
2279 2468 2519 2531 sanetum
2537 2469 2589 2514 et
2611 2475 2729 2516 esse
2759 2458 3007 2516 crederes
3040 2462 3377 2531 sapientem?
3414 2462 3573 2517 Aliud

2004 2537 2087 2601 est
2107 2527 2247 2601 enim
2260 2529 2526 2601 picturam
2541 2531 2785 2595 adorare,
2802 2532 2946 2585 aliud
2958 2527 3178 2601 pictum
3206 2532 3425 2587 historia
3445 2532 3572 2600 quid

2004 2597 2076 2651 sit
2095 2597 2423 2671 adorandum
2445 2600 2741 2671 addiscere.
2784 2600 2914 2655 Nam
2946 2597 3088 2670 quod
3120 2601 3416 2671 legentibus
3442 2597 3577 2656 scri-

2004 2674 2180 2748 plura,
2208 2668 2309 2721 hoc
2330 2668 2979 2748 idiptisprzestatpictura
2991 2668 3574 2748 cernentibushquia‘in

2006 2735 2117 2806 ipsa
2144 2735 2452 2810 ignorantes
2481 2735 2660 2793 vident
2679 2735 2804 2809 quid
2830 2742 2980 2810 sequi
3013 2741 3258 2803 debeant,
3289 2735 3348 2794 in
3363 2735 3477 2810 ipsa
3501 2743 3576 2795 le-

2005 2813 2137 2880 gunt
2176 2807 2269 2880 qui
2307 2807 2515 2880 litteras
2548 2807 2810 2863 nesciunt.
2854 2807 3005 2865 Unde
3033 2811 3299 2880 praecipue
3327 2807 3575 2879 gentibus

2004 2890 2102 2950 pro
2125 2876 2351 2932 lectione
2380 2879 2591 2950 pictura
2618 2888 2729 2944 est,
2761 2882 2901 2948 quod
2932 2876 3251 2950 magnopere
3282 2876 3350 2950 ali
3380 2891 3455 2942 te,
3482 2881 3575 2948 qui

2006 2893 2102 2945 pro
2125 2893 2351 2932 lectione
2380 2893 2591 3002 pictura
2618 2893 2729 2944 εει,
2761 2893 2901 2948 quon
2932 2894 3251 2950 magnopere
3282 2893 3348 2933 au
3380 2893 3455 2942 te,
3482 2894 3575 2948 qut

2006 2947 2147 3027 inter
2167 2955 2355 3027 gentes
2402 2949 2608 3010 iabitas,
2635 2950 2838 3027 attendi
2868 2950 3137 3027 decuerat,
3170 2949 3396 3027 nedum
3425 2960 3575 3027 recto

2007 3016 2122 3071 zeiu
2163 3016 2378 3071 incaute
2417 3019 2780 3083 succenderis,
2805 3017 3073 3074 ferocibus
3101 3019 3296 3072 animis
3349 3020 3575 3072 scanda—

2005 3087 2117 3159 lum
2153 3101 2477 3159 generares.
2519 3086 2714 3159 Frangi
2752 3104 2880 3159 ergo
2915 3104 3020 3145 non
3063 3087 3269 3154 debuit,
3297 3089 3437 3157 quod
3468 3102 3575 3141 non

2006 3157 2071 3210 ad
2100 3157 2429 3211 aderandum
2467 3159 2519 3211 in
2571 3157 2840 3222 ecclesiis,
2872 3160 2965 3214 sed
2999 3159 3067 3213 ad
3108 3158 3449 3213 instruendas
3489 3172 3578 3213 so-

2006 3225 2279 3281 lummodo
2336 3236 2543 3283 mentes
2591 3227 2689 3282 fuit
2743 3228 3093 3284 nescientium
3146 3226 3483 3291 collocatum,
3522 3235 3578 3281 et

2004 3296 2129 3366 quia
2157 3297 2207 3351 in
2236 3297 2369 3352 locis
2415 3296 2811 3354 venerabilibus
2864 3308 3174 3368 sanctorum
3228 3298 3576 3368 depingibi-

2006 3369 2200 3420 Storias
2229 3383 2335 3421 non
2374 3367 2490 3422 sine
2522 3369 2731 3423 ratione
2769 3377 3010 3424 vetustas
3064 3367 3299 3430 admisit,
3328 3367 3372 3420 si
3401 3366 3577 3421 iclum

2006 3435 2324 3505 discretione
2353 3437 2644 3501 condisses,
2702 3438 2816 3492 sine
2843 3439 3002 3493 dubio
3036 3447 3091 3491 ct
3141 3454 3202 3491 ea
3253 3451 3371 3505 quae
3409 3436 3580 3490 inten-

2007 3504 2190 3577 debas,
2218 3505 2510 3577 salubriter
2540 3508 2800 3577 obtinere,
2833 3516 2886 3561 et
2918 3507 3198 3561 collectum
3227 3504 3442 3577 gregem
3467 3520 3574 3559 non

2007 3572 2334 3654 dispergere,
2375 3575 2468 3654 sed
2494 3576 2673 3644 potius
2702 3585 2917 3654 poteras
2938 3572 3285 3654 congregare,
3318 3572 3375 3629 ut
3393 3582 3581 3654 pasto-

2009 3642 2083 3695 ris
2102 3643 2163 3723 in
2184 3642 2253 3723 Ite
2284 3643 2476 3725 mei-ito
2497 3642 3030 3725 iionieu‘excellerct,
3049 3642 3165 3725 non
3183 3645 3346 3725 _culpa
3374 3642 3579 3725 disper:

2008 3710 2147 3765 seris
2183 3712 2534 3767 incumberet.
2580 3713 2716 3767 Hinc
2747 3724 2924 3769 autem
2950 3716 3074 3769 dum
3098 3715 3155 3767 in
3183 3710 3473 3768 boc'animi
3501 3712 3579 3766 tui

2010 3780 2426 3853 incautehnimis
2467 3790 2643 3837 motus
2672 3786 3004 3853 exsequeris,
3056 3784 3127 3837 ita
3159 3792 3279 3837 tuos
3312 3782 3579 3837 scandali-

2010 3865 2161 3904 zasse
2188 3850 2325 3905 filios
2372 3853 2691 3920 perbiberis,
2721 3862 2783 3908 ut
2808 3850 3040 3909 maxima
3078 3868 3260 3909 eorum
3286 3866 3412 3921 pars
3434 3868 3465 3905 a
3488 3858 3577 3905 tua

2011 3936 2070 3993 se
2091 3922 2469 3993 communione
2514 3924 2878 3993 suspenderet.
2920 3924 3142 3989 Quando
3188 3938 3315 3992 ergo
3341 3923 3423 3993 ad,
3440 3922 3584 3993 ovile

2012 3990 2347 4062 Dominicum
2388 3990 2631 4047 errantes
2663 4008 2793 4048 oves
2817 3994 3069 4059 adducas,
3117 3993 3207 4062 qui
3242 3990 3376 4061 quas
3412 3992 3580 4062 babes

2012 4061 2251 4117 detinere
2284 4077 2390 4133 non
2441 4063 2744 4133 praevales?
2786 4063 3019 4118 Proinde
3076 4061 3354 4133 hortamur
3401 4070 3461 4115 ut
3496 4061 3580 4116 vel

2012 4147 2152 4187 nunc
2192 4130 2408 4187 studeas
2444 4130 2574 4187 esse
2606 4133 2887 4199 sollicitus,
2928 4141 3089 4202 atque
3122 4134 3190 4187 ab
3227 4132 3328 4187 hac
3356 4139 3409 4186 te
3442 4147 3583 4201 prae-

2013 4204 2316 4271 sumptione
2341 4217 2668 4271 compescas,
2705 4211 2758 4259 et
2791 4219 2976 4258 eorum
3015 4203 3242 4266 animos,
3273 4217 3408 4271 quos
3434 4209 3580 4271 atua

2015 4270 2307 4343 disiunctos
2355 4273 2559 4326 unitate
2600 4274 2899 4343 cognoscis,
2952 4282 3173 4343 paterna
3201 4270 3368 4325 adite
3400 4270 3582 4343 dulce—

2015 4342 2154 4405 dine,
2186 4343 2345 4414 Lomui
2385 4342 2595 4414 adnisu,
2639 4340 2892 4414 omnique
2924 4340 3109 4414 studio,
3145 4356 3400 4414 revocare
3437 4340 3581 4414 festi-

2016 4426 2132 4465 nes.
2172 4411 2510 4468 Convocandi
2558 4414 2699 4467 enim
2743 4410 2870 4469 sunt
2922 4413 3117 4468 diversi
3166 4411 3419 4467 Ecclesia:
3463 4410 3581 4476 lilii,

1947 4474 2202 4550 Deisque
2224 4479 2515 4552 Scriptura:
2561 4492 2759 4539 sancta:
2802 4483 3122 4538 testimoniis
3171 4474 3591 4552 ostendendum,

2015 4552 2138 4633 quia
2163 4566 2325 4633 omne
2347 4551 2520 4633 inanti
2536 4552 2734 4633 factum
2760 4552 2984 4633 adorare
3010 4569 3114 4607 non
3132 4551 3582 4633 liceat,_quon_iaii_i

2016 4618 2271 4689 scriptum
2301 4631 2383 4677 est
2418 4638 2432 4675 :
2474 4622 2755 4677 Dominum
2784 4623 2949 4677 Deum
2973 4633 3119 4679 tuum
3146 4618 3407 4684 adorabis,
3431 4630 3477 4675 et
3505 4618 3583 4673 illi

2014 4693 2201 4772 servies
2249 4691 2444 4772 (belli.
2462 4708 2537 4755 Vl,
2569 4692 2758 4772 Matth:
2786 4694 2884 4765 iv).
2922 4692 3002 4748 Ac
3030 4694 3221 4772 deinde
3242 4690 3585 4772 “subjungen—

2018 4761 2165 4834 dum,
2193 4761 2315 4834 quia
2342 4762 2565 4834 piciiinc
2601 4761 2913 4834 imaginum,
2936 4779 3057 4832 qua:
3086 4761 3582 4834 adiediiicationem

2020 4830 2253 4898 imperiti
2289 4830 2469 4899 populi
2496 4832 2649 4887 facta:
2674 4830 2904 4898 fuerant,
2938 4830 2997 4886 ut
3031 4832 3331 4887 nescientes
3355 4831 3586 4891 litteras,

2020 4901 2188 4972 ipsam
2214 4901 2491 4972 historiam
2519 4903 2856 4957 intendentes
2877 4902 3018 4972 quod
3034 4902 3232 4972 dictum
3263 4902 3332 4954 sit
3357 4901 3582 4959 discere,

2022 4971 2279 5024 transiSse
2305 4971 2358 5024 in
2386 4971 2749 5026 adoratioucm
2784 4970 3015 5025 videras.
3057 4970 3258 5025 Idcirco
3284 4978 3586 5023 commotus

2020 5055 2099 5111 es,
2137 5049 2197 5093 ut
2240 5055 2333 5095 cas
2382 5040 2643 5108 imagines
2697 5039 2870 5111 frangi
2906 5041 3243 5110 pneciperes,
3300 5047 3461 5111 atque
3507 5037 3588 5091 eis

2022 5109 2326 5171 dicendum,
2368 5111 2411 5163 si
2438 5107 2512 5163 ad
2531 5112 2668 5165 hanc
2698 5107 3125 5171 instructionem,
3165 5111 3231 5164 ad
3259 5123 3419 5178 quam
3447 5107 3586 5178 ima-

2022 5180 2173 5248 gines
2207 5179 2500 5247 antiquitus
2526 5181 2676 5234 facta:
2712 5189 2853 5245 sunt,
2912 5180 3108 5235 habere
3137 5177 3297 5233 vultis
3330 5179 3382 5231 in
3410 5177 3586 5248 eccle-

2022 5247 2137 5311 siis,
2162 5263 2254 5302 eas
2273 5250 2445 5304 modis
2467 5251 2714 5306 omnibus
2741 5260 2794 5305 et
2818 5250 3019 5315 offerri,
3053 5257 3107 5304 et
3144 5248 3329 5305 haberi
3373 5247 3591 5317 permit-

2026 5327 2130 5390 tas.
2160 5318 2228 5372 At
2254 5317 2435 5387 judica
2460 5320 2601 5389 Quod
2629 5335 2735 5376 non
2770 5322 2866 5376 tibi
2893 5322 3005 5390 ipsa
3032 5319 3165 5374 visio
3188 5318 3446 5390 historiae,
3469 5334 3589 5387 qua:

2025 5389 2233 5461 pictura
2260 5396 2397 5443 teste
2418 5388 2787 5461 pandebatur,
2819 5388 3167 5461 displicuerit,
3215 5390 3309 5444 sed
3342 5388 3588 5461 illaailo-

2025 5458 2184 5523 ratio,
2214 5473 2345 5531 quae
2378 5459 2602 5528 picturis
2626 5460 2811 5516 fuerat
2854 5458 3277 5531 incompetenter
3327 5458 3586 5531 exhibita,

2025 5529 2263 5597 atquein
2294 5528 2379 5583 his
2403 5531 2582 5585 verbis
2605 5546 2790 5586 eorum
2827 5528 3369 5586 mentes'demulccns
3403 5543 3496 5583 eos
3520 5528 3589 5583 ad

2025 5598 2365 5670 concordiam
2383 5606 2539 5670 tuam
2565 5615 2778 5656 revoca.
2826 5601 2893 5655 Et
2916 5601 2962 5656 si
2985 5600 3105 5670 quis
3132 5599 3393 5667 imagines
3414 5598 3592 5670 facere

2026 5667 2295 5740 voluerit,
2322 5669 2544 5725 minime
2580 5670 2838 5740 prohibe;
2880 5667 3106 5726 adorare
3160 5685 3291 5740 vero
3331 5668 3591 5740 imagines

2026 5738 2350 5796 omnimodis
2393 5738 2598 5795 (ιω-ηυξ
2627 5741 2733 5797 Sed
2768 5743 2869 5797 hoc
2893 5741 3119 5799 sollicite
3155 5738 3461 5797 fraternitas
3496 5746 3590 5793 tua
