4018 6178
366 350 502 408 1509

1076 350 1255 406 Limn
1292 350 1635 408 canoram.
1675 384 1747 394 —
1783 329 2076 411 Apenas.
2116 387 2187 398 —
2224 352 2644 415 CONVENTLB
2679 353 2903 411 PARIS.

3478 359 3621 417 I3”

358 464 559 532 cipare.
592 457 914 538 _Utrumq_ue
962 474 1091 529 ergo
1144 471 1355 538 resecat
1401 478 1579 538 sermo
1613 463 1854 531 divinus,
1883 474 1943 519 ιιι
1973 476 2014 529 Α
2047 464 2193 538 fecit,
2240 465 2454 538 adorari
2497 465 2728 538 debeat:
2757 465 2936 538 factor
2976 467 3121 521 enim
3167 483 3197 523 a
3228 468 3458 538 factura,
3507 483 3615 530 non

358 527 534 600 neque
552 527 748 583 allectu
775 530 940 593 colas,
972 527 1145 598 utique
1178 531 1356 600 spe-cie
1384 532 1597 585 adores.
1645 552 1664 583 ι

476 599 799 682 ieronymus.
825 600 899 680 _iu
948 599 1282 682 expositione
1329 600 1566 682 Danielis
1616 603 1933 671 prophetm:

361 690 380 722 ι
416 669 613 725 Notum
633 667 715 722 ’sit
745 667 857 731 libi,
884 667 1076 738 inquit,
1112 685 1224 735 rex,
1254 672 1379 740 quia
1416 671 1546 725 deos
1570 667 1688 726 tuos
1715 667 1823 725 non
1852 686 1937 726 co-

356 740 539 805 limus,
560 747 617 810 et
644 746 876 793 statuam
908 755 1130 810 auream
1152 756 1314 810 quam
1352 740 1572 795 ercxisti
1610 757 1716 795 non
1745 743 1937 795 adora-

357 825 499 875 mus,
537 809 649 864 sive
677 816 929 881 statuam,
975 819 1034 864 ut
1082 807 1465 881 Symmachus,
1492 811 1604 865 sive
1650 810 1935 880 imaginem

356 895 601 951 auream,
624 877 907 951 utereteri
946 877 1354 951 transtulerunt,
1384 878 1716 951 voluerimus
1732 877 1933 951 legere,

357 948 594 1019 cultores
622 947 717 1003 Dei
756 963 897 1019 eain“
924 949 1150 1019 adorare
1177 965 1282 1004 non
1315 950 1531 1006 debent.
1562 950 1702 1019 Ergo
1723 947 1937 1019 jnIlices

356 1028 412 1077 et
426 1018 697 1090 principes
719 1016 901 1090 seculi
922 1034 1042 1072 cum
1053 1018 1448 1090 imperatorum
1465 1016 1673 1075 statuas
1686 1016 1934 1084 adorant,

356 1086 742 1159 et'imagines,
793 1087 895 1159 hoc
953 1103 1010 1142 se
1043 1086 1224 1159 facere
1259 1089 1574 1159 intelligant,
1633 1092 1776 1158 quod
1824 1098 1936 1145 tris

356 1159 509 1229 pueri
526 1157 1025 1229 facerenolentes,
1067 1157 1385 1227 placuerunt
1432 1157 1570 1226 Deo;
1605 1157 1666 1215 et
1700 1160 1932 1215 notanda

354 1226 676 1300 proprietas,
708 1227 838 1301 deos
861 1226 985 1301 coli,
1017 1226 1305 1299 imaginem
1328 1229 1541 1301 adorari
1561 1230 1766 1292 dicunt,
1792 1230 1934 1301 quod

358 1296 647 1368 utrumque
669 1296 840 1353 servis
871 1296 967 1353 Dei
997 1314 1105 1352 non
1133 1296 1403 1354 convenit.
1442 1319 1462 1352 ι

426 1386 572 1458 Idem
593 1386 854 1458 Origenes
868 1386 938 1458 _in
967 1385 1195 1441 Homilia
1221 1386 1262 1458 6A
1280 1388 1347 1443 de
1372 1388 1594 1458 cantico
1620 1388 1767 1458 quod
1814 1405 1937 1445 can-

356 1459 491 1514 tavit
511 1456 723 1527 Moyses
760 1474 773 1510 :
813 1474 833 1507 ι
865 1456 1017 1511 Licet
1059 1456 1334 1527 apostolus
1362 1456 1598 1514 Joannes
1622 1456 1763 1514 dicat
1795 1477 1808 1513 :
1836 1459 1935 1513 Fi-

354 1526 745 1597 liolimondunt
772 1527 964 1597 scimus
998 1526 1148 1597 qud,
1168 1528 1336 1597 futuri
1377 1545 1578 1582 sumus.
1620 1527 1719 1583 Sin
1761 1541 1935 1584 autem

356 1596 637 1652 ret-datum
661 1596 807 1665 nobis
826 1596 983 1665 fuerit
1012 1596 1088 1650 de
1125 1596 1252 1661 Deo,
1277 1597 1481 1653 scilicet
1508 1600 1709 1661 dicens,
1739 1600 1936 1654 similes

355 1667 438 1723 illi
464 1667 659 1725 erimus
690 1664 745 1738 (Ι
771 1664 940 1738 ,ιιξαιιἶ
971 1665 1433 1738 ur).ASimilitudo
1461 1677 1642 1723 tamen
1672 1670 1786 1723 lnec
1826 1686 1932 1724 non

355 1738 423 1791 ad
452 1735 723 1801 naturam,
752 1735 847 1790 sed
874 1735 943 1789 ad
969 1736 1198 1804 gratiam
1220 1748 1523 1793 revocatur.
1562 1738 1723 1795 Verbi
1748 1755 1931 1805 causa,

357 1816 418 1889 ut
468 1806 515 1862 si
560 1806 807 1889 dicamus
856 1805 1122 1889 picturam
1173 1806 1404 1861 similem
1447 1822 1587 1889 esse
1615 1807 1734 1877 ejus
1779 1809 1934 1889 cujus
1973 1813 2013 1872 Β

355 1878 534 1949 intago
559 1875 614 1930 in
632 1875 860 1949 pictura
883 1874 1398 1949 videturexpressa,
1426 1874 1689 1947 quantum
1726 1880 1796 1935 ad
1820 1874 1938 1949 gra-

358 1892 534 1947 miago
559 1892 614 1930 In
651 1892 860 1944 pictura
883 1892 1095 1930 Videtur
1122 1892 1398 1999 eiirressa,
1426 1892 1689 1947 quantum
1726 1892 1796 1935 aa
1820 1896 1937 1949 gra-

358 1946 494 2028 tiam
506 1945 762 2028 pertinet,
788 1945 936 2028 visus
954 1944 1149 2028 similis
1203 1948 1690 2028 icetur,_quantum
1712 1949 1781 2003 ad
1805 1951 1937 2028 sub-

356 2015 611 2071 stantiam
658 2015 815 2087 longe
846 2015 1153 2087 dissimilis.
1184 2015 1292 2087 _llla
1333 2015 1475 2087 enim
1511 2019 1719 2087 species
1755 2021 1939 2076 carnis

355 2094 439 2141 est
465 2093 522 2140 et
542 2086 784 2155 corporis
807 2085 932 2149 vivi,
984 2086 1087 2140 ista
1115 2085 1354 2141 colorum
1398 2085 1557 2142 fucus
1581 2096 1684 2152 est,
1711 2099 1768 2143 et
1811 2105 1936 2145 cera

358 2156 557 2211 tabuis
576 2170 739 2210 sensu
772 2155 1082 2211 carentibus
1132 2157 1490 2227 superposita.
1526 2178 1545 2210 ι

425 2246 611 2302 lsidori
638 2246 861 2319 exlihro
875 2245 1331 2319 Etymologiarum
1348 2264 1393 2303 τι
1413 2246 1628 2319 Pictura
1650 2257 1828 2304 autem
1855 2257 1939 2304 est

356 2317 536 2390 imago
578 2318 887 2390 caprimens
939 2317 1173 2390 Speciem
1220 2318 1297 2372 rei
1347 2318 1603 2388 alicujus,
1650 2335 1772 2390 quae
1809 2321 1938 2390 dum

356 2387 675 2451 visa’fuerit,
725 2388 793 2441 ad
830 2387 1257 2442 recordationem
1315 2387 1548 2444 mentem
1588 2387 1816 2445 reducit.
1848 2389 1938 2444 Pi-

354 2466 511 2530 ctura
567 2466 747 2512 autem
775 2456 954 2530 Adicta
981 2459 1156 2530 quasi
1202 2457 1419 2530 ﬁctura.
1446 2459 1541 2530 Est
1575 2460 1719 2514 enim
1760 2460 1937 2530 imago

357 2527 646 2599 (Ictapnon
676 2526 907 2599 veritas.
936 2526 1067 2599 hinc
1093 2540 1148 2583 et
1193 2527 1391 2599 fucata,
1442 2529 1495 2583 id
1544 2539 1648 2596 est,
1701 2526 1936 2599 quodam

355 2596 480 2653 fuco
524 2597 680 2660 illita,
708 2596 839 2651 nihil
884 2596 1006 2652 ﬁdei
1037 2607 1091 2653 et
1121 2598 1364 2653 veritatis
1398 2599 1671 2654 habentia.
1709 2596 1858 2656 Unde
1881 2611 1937 2656 et

357 2677 485 2739 sunt
507 2668 751 2739 quaidaru
790 2669 1032 2739 pictum,
1071 2683 1191 2739 qua:
1222 2684 1460 2739 corpora
1490 2670 1735 2725 veritatis
1759 2671 1936 2726 studio

357 2735 555 2811 coloris
583 2735 871 2811 excedunt,
902 2744 955 2791 et
1004 2735 1160 2811 (itero
1205 2735 1560 2811 dum'augerc
1605 2742 1938 2795 contendunt

358 2807 425 2863 ad
464 2807 805 2880 meudacium
842 2808 1166 2880 provehunt.
1199 2826 1218 2860 ι
1258 2838 1330 2880 -τ-
1355 2807 1484 2863 Ιιεῐιι
1516 2809 1628 2880 ipse
1656 2818 1778 2880 post
1804 2825 1938 2880 pau-

358 2890 421 2932 ca
451 2894 464 2932 :
508 2896 526 2929 ‹
564 2876 1045 2960 Picturam'autein
1071 2876 1312 2960 :{Egyptii
1342 2876 1937 2960 excogita_verun_t,'pri-

359 2963 506 3019 mum
538 2949 782 3019 umbram
805 2947 1038 3003 hominis
1069 2947 1232 3003 lineis
1262 2947 1707 3013 circumductum,
1756 2947 1936 3019 itaque

360 3017 525 3090 initio
540 3017 679 3084 talis,
704 3019 937 3090 secunda
971 3019 1201 3089 singulis
1228 3019 1517 3090 coloribus,
1552 3029 1735 3090 postea
1758 3017 1936 3074 diver-

358 3087 452 3152 sis,
478 3088 668 3158 sicque
705 3087 957 3157 paulatim
1007 3087 1125 3143 sese
1149 3104 1237 3158 ars
1266 3089 1378 3158 ipsa
1405 3087 1681 3154 distendit,
1706 3097 1761 3143 et
1788 3091 1935 3145 inve-

358 3158 440 3214 nit
472 3157 650 3215 lumen
675 3166 837 3228 atque
872 3160 1091 3214 umbras
1113 3157 1445 3214 dill'erentias
1468 3160 1731 3225 colorum,
1757 3168 1894 3215 etc.»
1959 3159 2011 3222 ϐ

431 3247 563 3301 Item
606 3247 962 3321 Hieronymus
992 3249 1045 3321 in
1091 3247 1429 3321 expositione
1476 3248 1780 3321 Ezechielis
1818 3266 1943 3321 pro-

360 3316 584 3443 Lbea:
625 3334 643 3366 ι
680 3314 748 3368 Et
797 3314 1136 3399 septuaginta
1160 3314 1262 3372 viri
1296 3318 1362 3372 de
1400 3319 1704 3401 senioribus
1751 3314 1941 3403 donius

417 3384 528 3439 rael
554 3392 610 3439 et
648 3382 939 3440 Jechomas
982 3383 1123 3439 nhus
1177 3385 1394 3443 Sanhan
1436 3390 1613 3441 stabat
1661 3404 1716 3443 ιιι
1765 3390 1941 3443 ιιιεάιο

417 3384 528 3439 rael
554 3392 610 3439 et
648 3382 939 3456 Jechonias
982 3382 1123 3456 tilias
1177 3385 1394 3456 Saphan
1436 3390 1613 3441 stabat
1661 3388 1716 3443 in
1765 3390 1942 3447 medio

362 3470 552 3527 eorum
582 3455 839 3527 staruium
863 3462 987 3527 ante
1014 3453 1270 3524 picturas,
1309 3464 1364 3511 et
1391 3457 1943 3527 unusquisquehabe—

363 3526 458 3582 bat
485 3523 817 3579 thuribulum
863 3524 915 3579 in
948 3523 1110 3595 manu
1150 3539 1290 3595 sua,"
1328 3533 1384 3595 et
1418 3523 1586 3595 vapor
1620 3523 1827 3582 nebula:
1877 3530 1941 3583 dc

365 3596 522 3666 thure
566 3595 946 3666 consurgebat.
988 3590 1220 3666 Quandu
1242 3594 1374 3666 dicit
1417 3590 1756 3666 septuaginta
1798 3596 1943 3653 viros

364 3664 531 3721 fuisse
554 3664 621 3720 de
650 3661 956 3720 senioribus
983 3666 1175 3720 domus
1202 3661 1382 3727 Israel,
1427 3661 1520 3734 qui
1548 3661 1794 3734 tenerent
1822 3667 1943 3720 thu-

364 3736 539 3792 ribula
563 3735 829 3801 manibus,
858 3734 1095 3791 ostendit
1123 3734 1325 3804 multos
1359 3741 1414 3789 et
1442 3732 1577 3790 alios
1602 3732 1769 3790 fuisse
1816 3750 1944 3804 pro-

364 3806 464 3861 bos
485 3806 576 3875 qui
600 3805 703 3861 hoc
724 3820 831 3860 non
856 3804 1146 3869 faciebant,
1173 3805 1267 3859 sed
1287 3802 1528 3875 forsitan
1557 3805 1796 3875 peccatis
1817 3802 1944 3862 aliis

363 3872 708 3941 tenebantur,
754 3889 1025 3943 unumque
1052 3888 1246 3935 nomen
1280 3872 1594 3930 Jechoniam
1629 3874 1796 3930 tilium
1846 3875 1944 3931 Sa-

364 3945 507 4027 phan
529 3945 746 4027 stetisse
773 3944 828 4000 in
857 3942 1242 4027 medic-eorum
1264 3945 1415 4027 quasi
1439 3942 1738 4027 principem
1771 3945 1941 4027 serie:

363 4014 442 4073 ris
476 4030 664 4071 eorum
698 4024 861 4086 atque
896 4014 1183 4086 sacrilegii,
1223 4015 1315 4084 qui
1344 4014 1541 4086 omissa
1573 4015 1828 4086 religione
1848 4015 1942 4071 Dei

363 4086 613 4167 colebant
641 4085 802 4167 idola,
837 4094 898 4167 _et
926 4084 981 4140 in
1023 4084 1221 4167 templo
1258 4100 1364 4139 non
1409 4084 1707 4167 adorabunt
1751 4084 1940 4153 Deum,

365 4156 522 4224 cujus
543 4165 660 4211 erat
687 4155 965 4224 templum,
990 4156 1085 4209 sed
1110 4154 1348 4223 picturas
1368 4154 1658 4224 parietum.
1694 4174 1714 4207 ι

480 4225 743 4280 irmianus
763 4223 1078 4280 Lactantius
1101 4224 1156 4279 in
1179 4225 1313 4280 libro
1336 4241 1351 4280 I
1372 4223 1458 4280 ide
1482 4223 1615 4279 falsa
1644 4224 1937 4291 Religion",

366 4294 510 4351 inter
538 4305 755 4360 caatera,
812 4294 1021 4364 inquit:
1058 4313 1078 4347 ι
1117 4293 1210 4364 Illa
1244 4309 1364 4363 qua:
1397 4303 1523 4349 sunt
1564 4303 1720 4350 extra
1769 4293 1943 4352 homi-

368 4380 515 4448 nem,
544 4366 671 4448 quid
693 4380 828 4448 opus
851 4363 953 4448 est
987 4363 1254 4448 eat-olere
1276 4364 1472 4448 quibus
1504 4367 1727 4448 careas?
1761 4366 1942 4448 \iirtns

365 4437 509 4490 enim
536 4433 755 4491 colenda
785 4444 888 4500 est,
919 4450 1027 4492 non
1068 4433 1244 4501 imago
1264 4433 1497 4500 virtutis,
1530 4443 1584 4490 et
1606 4435 1831 4492 colenda
1858 4446 1944 4493 est

365 4520 472 4575 non
496 4505 765 4561 sacriﬁcio
782 4505 986 4575 aliquo,
1020 4513 1113 4575 aut
1149 4505 1325 4570 thure,
1370 4514 1462 4560 aut
1504 4507 1816 4574 precatione
1856 4523 1943 4562 so-
1970 4508 2024 4570 ο

366 4574 552 4646 lemni,
591 4575 688 4630 sed
712 4574 985 4630 voluntate
1007 4574 1119 4646 sola
1150 4583 1312 4646 atque
1338 4576 1609 4646 proposito
1638 4592 1651 4630 :
1699 4593 1823 4631 nam
1866 4594 1944 4632 re—

365 4644 495 4714 ligio
521 4659 611 4714 Aac
636 4646 911 4700 veneratio
949 4645 1092 4699 nulla
1131 4644 1234 4699 alia
1262 4644 1362 4700 nisi
1400 4644 1558 4701 unius
1588 4646 1678 4703 Dei
1711 4648 1941 4703 tenenda

367 4711 470 4768 est.
504 4711 643 4780 Quid
669 4714 831 4785 igitur
860 4730 1001 4785 opus
1016 4722 1119 4779 est,
1152 4730 1187 4769 o
1207 4715 1292 4768 vir
1324 4716 1736 4784 sapientissime,
1765 4726 1944 4772 tantos

368 4792 632 4855 sumptus
659 4782 742 4855 εει
777 4782 1045 4855 ﬁngendis
1075 4784 1159 4839 vel
1201 4782 1442 4841 colendis
1472 4787 1797 4855 imaginibus
1843 4787 1943 4841 im-

370 4850 639 4925 pendere?
662 4850 997 4925 Firmiuset
1035 4853 1396 4925 incorruptius
1425 4850 1682 4925 templum
1719 4865 1803 4912 est
1847 4872 1941 4925 pe-

370 4929 513 4993 ctus_
534 4922 873 4993 humanum:
914 4921 1017 4977 hoc
1048 4924 1227 4993 potius
1253 4921 1498 4987 ornetur,
1521 4921 1622 4980 hoc
1648 4927 1789 4982 veris
1833 4921 1941 4982 illis

371 4990 682 5047 numinibus
722 4991 1026 5061 impleatur.
1049 4990 1182 5048 'llas
1212 4994 1356 5048 enim
1392 4993 1557 5049 falsas
1580 4997 1943 5051 consecratio-

371 5076 469 5133 nes
497 5061 740 5133 sequitur
761 5062 903 5133 quod
946 5076 1164 5117 necesse
1187 5074 1289 5133 est,
1316 5064 1407 5133 qui
1444 5065 1588 5119 enim
1618 5065 1696 5119 sic
1719 5066 1948 5121 virtutes

369 5132 575 5214 colunt,
605 5130 660 5185 id
694 5130 890 5214 estqui
917 5134 1139 5187 umbras
1159 5141 1213 5186 et
1254 5130 1513 5214 imagines
1538 5134 1795 5189 virtutum
1817 5151 1946 5191 cono

371 5209 668 5267 sectantur,
710 5216 775 5257 ea
805 5209 940 5272 ipsa,
971 5217 1091 5272 qua:
1124 5216 1251 5256 vera
1282 5213 1428 5267 sunt,
1460 5212 1645 5257 tenere
1671 5220 1776 5259 non
1822 5220 1947 5275 pos-

373 5278 519 5333 Stult,
542 5279 599 5325 et
621 5280 836 5327 caetera.
865 5292 885 5324 ι

441 5341 776 5411 Augustinus
796 5342 848 5396 In
876 5342 1014 5397 libro
1054 5339 1419 5411 Quaestionum
1464 5342 1677 5398 Veteris
1713 5351 1767 5397 et
1812 5342 1945 5399 Novi

374 5410 748 5484 Testamenti:
791 5429 810 5462 ι
854 5410 1170 5484 Christiani,
1220 5419 1279 5465 ut
1323 5422 1769 5484 potepanperes,
1812 5429 1949 5483 quos

373 5480 567 5537 stultos
602 5490 822 5553 vocant,
857 5496 1020 5536 unum
1046 5480 1438 5553 Deumicolunt
1467 5480 1525 5553 in
1564 5480 1846 5553 mysterio,
1881 5499 1949 5539 ex

373 5566 484 5621 quo
516 5559 644 5607 sunt
682 5552 892 5616 omnia;
930 5565 1030 5607 nec
1076 5550 1277 5619 aliquid
1301 5552 1445 5621 quod
1481 5552 1550 5608 ab
1575 5550 1640 5607 eo
1673 5555 1949 5611 conditum

372 5631 477 5686 est,
524 5630 886 5678 venerantur:
926 5622 1103 5690 ipsum
1147 5622 1292 5676 enim
1342 5622 1515 5678 solum
1551 5624 1798 5678 sulllcere
1845 5622 1950 5680 sibi

374 5700 431 5745 et
452 5690 926 5764 ahandargsciunt
949 5692 1018 5748 ad
1046 5691 1299 5764 salutem.
1337 5711 1356 5747 ι
1388 5720 1457 5733 -—
1487 5692 1621 5749 Item
1650 5691 1792 5749 idem
1830 5700 1955 5764 post

381 5776 586 5827 pauca:
635 5780 654 5815 ι
698 5760 814 5819 Non
851 5777 978 5834 ergo
1016 5761 1172 5818 nobis
1209 5761 1443 5828 videtur,
1489 5771 1549 5818 ut
1591 5764 1736 5834 quod
1790 5760 1954 5821 homo

2043 533 2254 588 factura
2285 551 2321 605 ιι
2346 534 2559 605 factore
2577 536 2791 589 adoraﬁ
2826 534 3116 605 iudicatur.
3158 557 3176 591 ι

2109 605 2249 678 item
2266 604 2523 678 Eirmiani
2544 604 2809 678 Lactantii
2832 604 2899 662 de
2918 605 3052 663 falsa
3080 607 3380 678 Religione,
3410 608 3503 663 lib.
3534 628 3572 665 ιι
3595 626 3611 665 :

2043 691 2061 724 ι
2100 674 2307 755 Duplici
2356 690 2486 757 ergo
2519 675 2748 757 ratione
2802 685 3061 757 peccatur
3097 678 3176 757 _ah
3207 674 3614 757 insipientibus.

2037 745 2270 819 primum
2292 745 2457 819 _quod_
2482 747 2767 819 elementa,
2801 745 2855 800 id
2890 757 2992 810 est,
3018 747 3135 819 Dei
3158 745 3461 817 opera'Deo
3488 765 3617 819 prae.

2038 811 2236 890 ferunt.
2292 811 2494 890 Deinde
2531 816 2673 882 quod
2701 814 3089 890 elementorum
3124 811 3369 890 ipsorum
3412 811 3618 890 ﬁguras

2038 883 2269 960 humana
2291 883 2468 960 specie
2506 885 2931 960 corripi-eheusas
2967 883 3170 960 colunt:
3211 908 3229 941 ι
3252 883 3616 960 —_l_temipse

2038 952 2089 1007 in
2117 955 2303 1009 eodem
2324 952 2464 1007 libro
2494 973 2508 1007 :
2549 973 2565 1004 ι
2604 952 2748 1008 Nihil
2788 955 2934 1010 aliud
2960 956 3267 1021 adoremus,
3302 957 3434 1014 nihil
3472 952 3618 1016 cdla-

2038 1039 2177 1087 mus,
2202 1022 2305 1078 ιιίδί
2356 1023 2525 1096 solius
2565 1022 2791 1096 artilicis
2824 1027 3167 1096 parentisque
3192 1028 3364 1084 nostri
3398 1030 3615 1085 unicum

2035 1108 2260 1170 ιιοιιιειιἒ
2284 1113 2302 1145 ι
2343 1123 2414 1133 --
2443 1093 2574 1170 lieni
2598 1093 2786 1170 ipsein
2812 1093 2997 1170 eodem
3034 1093 3202 1170 libro:
3234 1116 3252 1149 ι
3283 1099 3456 1170 {supra
3488 1114 3620 1170 ergo

2037 1179 2142 1236 non
2173 1161 2314 1236 infra
2350 1172 2433 1217 est
2460 1161 2633 1236 Deus,
2648 1180 2747 1236 nec
2769 1163 2822 1219 in
2850 1165 2955 1219 ima
2981 1167 3179 1236 potius,
3205 1168 3297 1223 sed
3325 1161 3378 1222 in
3406 1161 3617 1224 summa

2036 1233 2312 1302 religione,
2345 1234 2785 1302 quarcrcdendus
2808 1244 2910 1289 est.
2948 1233 3081 1287 f—
3115 1234 3183 1292 Et
3210 1236 3346 1292 infra
3374 1255 3388 1291 :
3427 1257 3446 1289 ι
3476 1238 3619 1295 Nihil

2036 1301 2211 1379 poiest
2240 1318 2360 1379 esse
2378 1301 2595 1379 caeleste
2621 1303 2676 1358 in
2702 1321 2773 1379 ea
2796 1321 2872 1369 re,
2902 1320 3022 1375 quae
3045 1305 3104 1361 lit
3129 1323 3196 1362 ex
3232 1318 3376 1362 terra
3409 1326 3421 1362 :
3455 1309 3617 1379 quid—

2035 1372 2163 1440 quid
2198 1374 2342 1426 enim
2364 1372 2670 1436 simulatur,
2705 1372 2897 1428 falsum
2918 1372 3069 1430 'esse
3096 1392 3319 1431 necesse
3365 1372 3488 1442 est;
3517 1394 3619 1435 nec

2035 1451 2209 1527 potest
2232 1442 2611 1527 unquamﬂveri
2636 1458 2829 1527 nomen
2861 1445 3124 1527 accipere,
3165 1448 3308 1527 quod
3338 1448 3617 1527 veri'aiem

2037 1510 2160 1586 fuco
2202 1522 2260 1565 et
2306 1511 2915 1586 imitatione“mentiturt
2951 1510 3149 1586 {Idem
3184 1510 3300 1586 ipse
3342 1517 3395 1571 in
3428 1519 3618 1571 eodem

2035 1581 2217 1657 libro:
2272 1600 2291 1631 ι
2341 1580 2728 1657 Ut___in:elligas
2786 1583 2921 1639 nihil
2964 1580 3251 1641 colendum
3291 1602 3434 1652 esse,
3475 1588 3619 1657 quod

2035 1651 2206 1706 oculis
2232 1651 2550 1707 mortalibus
2572 1651 2833 1707 cernitur.
2885 1674 2904 1706 ι

2107 1720 2459 1797 Augustinus,
2487 1722 2541 1776 in
2568 1722 2830 1791 psalmum
2859 1740 2989 1778 exui
3017 1742 3082 1797 :uc
3129 1724 3243 1781 Noli
3262 1741 3401 1797 ergo
3423 1726 3622 1782 addere

2039 1806 2235 1865 manus
2270 1792 2563 1865 nuntinum,
2613 1805 2683 1865 uti
2697 1808 2763 1849 ex
2793 1809 2858 1849 eo
2886 1795 3102 1850 metallo
3130 1796 3272 1865 quod
3306 1792 3435 1850 fecit
3460 1810 3624 1853 verus

2040 1861 2203 1926 Deus,
2239 1859 2372 1916 velis
2412 1863 2590 1916 facere
2614 1861 2808 1918 falsum
2843 1866 3022 1929 deum,
3063 1859 3172 1919 imo
3212 1864 3406 1920 falsum
3443 1865 3620 1920 homi-

2039 1945 2184 1995 nem,
2226 1945 2388 2004 quem
2418 1947 2517 2004 p_ro
2552 1947 2680 2004 vero
2705 1938 2982 1989 venereris
3008 1934 3137 1995 Deo,
3175 1951 3335 2004 quem
3377 1935 3622 2004 quisquis

2035 2015 2137 2124 Ero
2168 2015 2295 2055 vero
2322 2001 2537 2056 homine
2578 2000 2632 2056 in
2662 2004 2959 2058 amicitiam
3000 2000 3281 2073 reciperet,
3332 2000 3616 2060 insaniret.

2084 2069 2194 2124 ucit
2214 2071 2358 2123 enim
2400 2080 2457 2124 et
2480 2070 2676 2124 all'ectu
2714 2074 2945 2124 quodam
2988 2072 3204 2124 inﬁrmo
3232 2074 3373 2124 ranit
3407 2075 3616 2124 inlirma

2084 2069 2194 2142 ucit
2214 2071 2358 2123 enim
2400 2080 2457 2142 et
2480 2070 2676 2142 all'ectu
2714 2074 2945 2141 quodam
2988 2069 3204 2129 inﬁrmo
3232 2074 3373 2142 rapit
3407 2075 3620 2129 inlirma

2036 2140 2201 2194 corda
2224 2140 2531 2195 mortalium
2574 2140 2765 2198 forma:
2804 2143 3103 2198 similitudo
3153 2152 3209 2200 et
3252 2140 3621 2200 membrorum

2036 2209 2245 2292 imitata
2267 2225 2604 2292 compago.ni

2107 2279 2421 2351 Fulgentius
2458 2279 2514 2351 in
2545 2280 2684 2335 libro
2710 2280 2787 2351 de
2814 2279 2946 2334 Fide
2966 2282 3035 2336 ad
3070 2281 3335 2338 Donatum
3366 2302 3380 2338 :
3422 2301 3441 2334 ι
3484 2283 3623 2351 Quia

2036 2349 2150 2420 ipse
2177 2350 2317 2404 Deus
2366 2350 2469 2420 sibi
2500 2351 2606 2405 soli
2635 2350 2953 2420 praecipiens
2984 2353 3356 2407 tantummodo
3383 2349 3625 2408 servien-

2075 2436 2185 2485 um,
2206 2434 2379 2492 seque
2404 2418 2606 2492 jubens
2635 2418 2686 2475 ἰι
2709 2420 2958 2492 ﬁdelibus
3000 2422 3354 2485 adorandum,
3400 2439 3624 2492 prorsus

2038 2489 2340 2555 interdixit,
2380 2505 2447 2545 ne
2477 2490 2598 2560 quis
2627 2490 2824 2545 audeat
2847 2498 3159 2546 creaturam
3179 2489 3428 2556 adorare,
3475 2508 3625 2548 crea-

2037 2567 2279 2633 turaique
2321 2561 2556 2633 servire;
2586 2568 2868 2631 propterea
2898 2561 2949 2615 in
2982 2560 3093 2633 line
3129 2562 3286 2633 primi
3318 2562 3460 2617 illius
3484 2578 3622 2633 pm-

2036 2630 2175 2702 cepti
2213 2631 2281 2702 de
2331 2630 2614 2695 omnibus,
2655 2646 2785 2702 qua:
2825 2632 3028 2702 creavit
3083 2630 3157 2702 ita
3195 2632 3436 2702 loquitur
3469 2630 3621 2688 {non

2034 2700 2281 2754 adorabis
2311 2717 2391 2773 ea,
2417 2718 2508 2754 nec
2530 2701 2835 2773 ταινία-εἱς.
2873 2721 2903 2773 _i
2944 2700 3142 2773 (Exod.
3172 2700 3290 2773 xx.)
3320 2733 3393 2743 -—
3414 2703 3480 2757 Et
3501 2711 3625 2770 post

2035 2785 2203 2840 pauca
2234 2786 2247 2824 :
2280 2788 2298 2821 ι
2335 2770 2470 2840 vera
2492 2771 2637 2825 enim
2661 2770 2846 2840 religio
2871 2771 2923 2824 in
2950 2771 3110 2826 unius
3138 2770 3354 2827 constat
3384 2773 3478 2827 Dei
3507 2787 3625 2828 ser-

2035 2838 2185 2894 vitio.
2226 2859 2246 2892 ι
2285 2870 2356 2880 -
2392 2838 2524 2894 Item
2579 2840 2693 2909 ipse
2736 2838 2857 2909 post
2898 2856 3111 2909 pauca:
3163 2861 3181 2892 ι
3221 2842 3314 2897 Sic
3359 2842 3627 2898 veraciter

2034 2925 2201 2964 unum
2260 2909 2426 2964 Deum
2470 2908 2785 2965 cum’Patre
2834 2908 3031 2964 Filium
3075 2927 3200 2967 vera
3233 2911 3368 2968 lides
3410 2913 3620 2967 adorat.

2035 2995 2156 3049 quae
2191 2980 2271 3035 sic
2292 2980 2406 3034 Deo
2432 2980 2582 3034 novit
2606 2996 2637 3034 a
2666 2981 2931 3036 creaturis
2971 2982 3225 3037 omnibus
3254 2982 3624 3045 serviendum,

2035 3058 2095 3104 ut
2120 3050 2331 3131 noverit
2350 3058 2612 3106 creatura:
2644 3066 2751 3105 non
2783 3050 2967 3107 deberi
3007 3050 3202 3107 divina:
3233 3051 3512 3113 servitutis
3532 3052 3628 3106 0'.)-

2041 3136 2309 3175 Seﬂlllllnl.
2337 3138 2356 3171 ι

2102 3135 2470 3261 (Eligamus.
2505 3189 2558 3244 in
2601 3189 2829 3261 epistola
2874 3190 2942 3261 ad
2983 3189 3274 3261 Maximum
3307 3189 3625 3261 grammati-

2043 3275 2166 3316 cum
2206 3259 2222 3314 ἑ
2274 3278 2292 3311 ι
2337 3259 2490 3316 Scies
2531 3277 2561 3314 a
2605 3260 2928 3316 Christianis
2957 3260 3259 3324 catholicis,
3289 3259 3521 3330 quorum
3570 3260 3628 3315 in

2043 3340 2222 3385 vestro
2257 3330 2455 3400 oppido
2486 3331 2650 3385 etiam
2685 3330 2921 3386 Ecclesxa
2949 3331 3241 3385 constituta
3269 3340 3372 3394 est,
3419 3330 3625 3400 nullum

2041 3400 2144 3454 coli
2175 3398 2533 3463 mortuorum,
2560 3400 2693 3453 nihil
2728 3400 2958 3470 denique
3001 3400 3216 3455 adorari
3256 3400 3399 3470 quud
3426 3400 3498 3455 sit
3540 3398 3624 3470 lae

2042 3478 2189 3538 ctum
2224 3478 2279 3523 et
2306 3470 2581 3538 conditum
2605 3485 2635 3523 a
2659 3471 2789 3535 Deo,
2817 3468 2913 3524 sed
2942 3484 3107 3523 unum
3136 3470 3307 3538 ipsum
3345 3468 3513 3524 Deum
3533 3469 3627 3538 qui

2041 3537 2170 3593 fecit
2197 3547 2253 3592 et
2284 3537 2524 3592 condidit
2558 3538 2761 3593 omnia.
2796 3556 2816 3591 ι

2114 3626 2248 3697 item
2276 3626 2611 3697 Augustinus
2641 3627 2699 3680 in
2744 3626 2884 3697 libro
2916 3627 2983 3682 de
3022 3627 3334 3694 Quantitate
3380 3626 3575 3683 anim'e
3608 3642 3625 3680 :

2048 3693 2245 3768 «Deus
2269 3693 2448 3768 autem
2496 3695 2853 3768 immortalem
2880 3693 3114 3768 animum
3148 3698 3295 3759 fecit,
3328 3706 3387 3752 ut
3409 3698 3629 3768 opinor,

2043 3765 2145 3837 nisi
2175 3764 2315 3837 forte
2352 3765 2449 3837 tibi
2474 3765 2633 3837 aliter
2656 3766 2886 3837 videtur.
2924 3767 3065 3837 Ergo
3095 3776 3150 3821 tu
3189 3767 3382 3823 velles.
3404 3806 3418 3820 .
3506 3804 3521 3819 .
3539 3804 3554 3821 .
3573 3806 3622 3821 ..

2042 3834 2171 3907 talia
2201 3833 2318 3888 ﬁeri
2341 3835 2587 3907 dixerim,
2611 3836 2705 3907 sed
2727 3833 3178 3907 quemadmodum
3207 3838 3320 3907 ipse
3344 3837 3621 3893 immorta-

2042 3904 2111 3959 lis
2136 3904 2440 3975 immortale
2463 3903 2719 3975 quiddam
2746 3903 2874 3975 fecit
2897 3905 2963 3960 ad
2999 3903 3411 3962 similitudinem
3445 3922 3622 3970 suani,

2043 3975 2124 4031 sic
2150 3982 2201 4029 et
2238 3989 2337 4029 nos
2376 3974 2710 4029 immortales
2734 3974 2912 4031 factia
2939 3976 3068 4040 Deo,
3109 3977 3177 4032 ad
3211 3975 3624 4032 similitudinem

2044 4053 2285 4127 uostram
2308 4046 2449 4127 quod
2474 4043 2705 4126 facimus
2724 4045 3026 4127 immortale
3055 4061 3174 4101 esse
3197 4047 3435 4127 deberet.
3461 4046 3628 4127 Recte

2045 4116 2273 4199 diceres,
2298 4113 2341 4169 si
2373 4116 2439 4199 ad
2462 4113 2581 4199 ejus
2604 4116 2890 4199 imaginem
2924 4116 3172 4186 pingeres
3193 4116 3457 4198 tabulam,
3481 4117 3625 4199 quod

2044 4185 2098 4241 in
2132 4195 2184 4239 te
2205 4186 2509 4240 immortale
2528 4200 2647 4240 esse
2671 4185 2846 4241 credis
2870 4201 3012 4241 nunc
3029 4185 3169 4240 vero
3193 4187 3246 4241 in
3275 4202 3337 4241 ea
3366 4185 3627 4255 exprimis

2044 4255 2450 4311 similitudinem
2489 4254 2751 4326 corporis,
2768 4257 2926 4326 quod
2963 4255 3205 4326 profecto
3236 4254 3464 4310 mortale
3518 4264 3622 4326 est.

2044 4326 2323 4396 Quomodo
2347 4340 2477 4396 ergo
2499 4325 2830 4396 sumsimilis
2847 4327 2956 4381 Deo
2967 4325 3097 4380 cum
3125 4325 3447 4380 immortalia
3479 4325 3625 4396 nulla

2043 4411 2261 4467 possum
2299 4394 2479 4452 facere
2497 4404 2557 4450 ut
2574 4395 2706 4467 ille?
2731 4395 3011 4467 Quomodo
3043 4411 3145 4450 nec
3176 4396 3353 4467 imago
3379 4394 3628 4467 corporis

2046 4464 2122 4520 tui
2165 4474 2342 4536 potest
2370 4466 2472 4521 hoc
2503 4466 2700 4536 valere,
2740 4466 2882 4535 quod
2919 4474 3067 4519 tuum
3096 4464 3307 4535 corpus
3343 4464 3505 4531 valet,
3539 4464 3624 4519 sic

2046 4535 2224 4590 anima
2254 4551 2361 4590 non
2402 4535 2703 4590 mirandum
2730 4544 2834 4602 est,
2860 4536 2904 4591 si
2935 4536 3233 4605 potentiam
3262 4543 3468 4589 tantam
3514 4549 3626 4589 non

2045 4606 2224 4686 habet,
2278 4615 2537 4676 quantam
2586 4605 2675 4661 ille
2720 4608 2787 4661 ad
2825 4604 2979 4676 cujus
3021 4606 3430 4686 similitudinem
3476 4604 3629 4661 facta

2042 4685 2144 4741 est,
2185 4686 2292 4731 etc.
2332 4695 2351 4728 ι

2115 4766 2172 4823 Si
2196 4767 2339 4821 enim
2365 4767 2541 4838 imago
2562 4767 2779 4822 humani
2815 4768 3059 4838 corporis
3082 4783 3180 4824 nec
3210 4775 3419 4822 tantum
3448 4767 3638 4838 valere

2041 4837 2316 4908 asset-itur,
2366 4837 2627 4908 quantum
2676 4837 2941 4908 veraciter
2969 4838 3146 4908 ipsum
3172 4850 3395 4908 corpus
3443 4837 3636 4892 valere

2041 4906 2525 4978 perhibetur,'qna
2574 4921 2737 4978 causa
2766 4906 2867 4978 sibi
2900 4906 3190 4978 suﬂ‘ragari
3229 4906 3388 4978 posse
3437 4914 3633 4975 putant

2050 4975 2290 5031 nonnulli
2344 4976 2763 5047 reprehensione
2810 4975 2978 5047 digni.
3041 4976 3132 5044 qui
3178 4975 3244 5047 in:
3274 4977 3365 5030 illa
3419 4978 3633 5047 synodo

2049 5047 2360 5101 Graecorum
2386 5044 2764 5099 mediationcm
2807 5044 3121 5116 imaginum.
3144 5046 3247 5102 sibi
3266 5044 3630 5101 necessariam

2047 5131 2166 5171 esse
2194 5117 2375 5171 dicere
2400 5116 2898 5186 przesumpserunt?

2117 5204 2468 5273 Augustinus,
2502 5203 2642 5258 libro
2690 5219 2788 5259 vui
2815 5204 2882 5259 de
2924 5202 3156 5259 Civitate
3180 5202 3296 5258 Dei.
3326 5222 3347 5273 ι
3383 5200 3630 5272 Quapro-

2046 5283 2170 5343 pter
2195 5272 2390 5330 merito
2421 5275 2581 5329 homo
2614 5272 2795 5343 deﬁcit
2820 5274 3015 5328 ab’illo
3043 5272 3136 5343 qui
3162 5289 3286 5327 eum
3314 5272 3459 5337 fecit,
3484 5288 3627 5343 cum

2046 5341 2152 5415 sibi
2180 5344 2404 5413 paelicin
2431 5345 2544 5415 ipse
2565 5344 2706 5412 quod
2734 5342 2884 5399 fecit.
2908 5341 3292 5415 Demonstrat
3310 5343 3454 5397 enim
3480 5341 3627 5415 idem

2049 5411 2259 5476 Emi—es.
2282 5415 2424 5483 quod
2450 5411 2702 5469 homines
2724 5414 2919 5468 mortui
2941 5411 3124 5483 divino
3163 5414 3481 5467 colebantur
3530 5412 3628 5468 ho-

2048 5499 2205 5548 nore,
2229 5482 2371 5539 velut
2394 5482 2738 5552 Esculapius
2770 5493 2932 5553 atque
2954 5482 3269 5547 Mercurius,
3293 5498 3450 5550 quem
3469 5498 3625 5536 suum

2048 5568 2171 5609 esse
2195 5554 2329 5608 dicit
2369 5569 2547 5616 avum,
2574 5564 2629 5609 et
2649 5552 2865 5622 reliqui.
2904 5553 3017 5608 llac
3041 5567 3183 5606 ennn
3214 5552 3501 5608 occasione
3535 5568 3619 5622 ac:

2051 5632 2231 5694 cepta,
2265 5624 2537 5679 dmmones
2579 5630 2639 5678 ut
2694 5620 3077 5678 intercessores
3113 5624 3440 5678 exsisterent
3485 5620 3625 5694 apn-l

2050 5692 2225 5750 bduos
2252 5696 2405 5758 deos,
2428 5708 2566 5763 quos
2609 5707 2710 5749 nos
2743 5694 2964 5763 angelos
2984 5701 3224 5763 sanctos,
3257 5707 3352 5747 seu
3399 5692 3625 5746 archan-

2052 5763 2227 5836 gelos,
2274 5763 2359 5819 vel
2398 5761 2700 5835 potestates
2754 5761 3004 5821 dicimus.
3036 5761 3153 5820 Tuli
3201 5764 3352 5821 enim
3398 5763 3624 5825 ratione,
