4018 6178
298 211 357 262 L'x
371 211 427 263 l5

999 206 1173 258 LlBlll
1211 205 1550 259 CAROLINI.
1582 234 1650 243 οσ-
1676 203 1978 259 ΑΡΡΕΝΙ).
2022 233 2089 242 —
2127 202 2543 260 CONVENTL'S
2581 204 2800 259 PARIS.

3374 206 3537 283 usu

361 320 490 373 ltem
518 318 629 386 ipse
660 316 713 369 in
737 314 873 386 libro
900 329 995 368 vni
1024 315 1091 366 de
1106 313 1345 386 Civitate
1376 315 1468 369 Dei
1494 330 1509 368 :
1548 333 1566 365 ‹
1597 314 1859 386 Sauenec
1889 320 1935 376 Λ
1965 313 2294 367 Testamenti
2327 331 2339 386 ς
2379 331 2396 362 ι
2429 312 2831 386 lrrationabilc,
2857 313 3056 386 inquit,
3088 315 3295 386 vulgus,
3324 326 3416 370 aut
3442 333 3540 386 ap-

282 382 620 453 ‘martyrilius
670 385 883 453 templa.
930 384 1251 448 sacerdotia,
1301 400 1452 438 saera
1489 394 1542 437 et
1597 382 1859 437 sacriﬁcia

264 446 698 517 constituimus,
739 446 991 521 quoniam
1040 460 1143 506 non
1193 446 1313 523 ipsi,
1362 455 1455 507 sed
1499 454 1638 506 Deus
1676 467 1861 506 eorum

238 524 246 549 ‘
292 526 449 582 nobis
479 534 562 579 est
590 525 765 587 Deus;
801 524 1124 576 bonoramus
1173 537 1300 578 sane
1348 524 1637 576 memorias
1679 535 1863 575 eorum

297 607 551 665 tanquam
572 602 878 647 sanctorum
900 591 1174 645 hominum
1197 591 1310 665 Dei.
1329 593 1418 660 qui
1445 607 1612 660 usque
1637 592 1700 644 ad
1725 605 1867 665 mor-

297 661 722 731 tem'corporum
746 676 963 731 suorum
994 661 1337 731 pravi-ritate
1367 669 1662 731 certarunt,
1694 669 1752 731 ut
1782 661 1867 713 in-

266 728 602 789 'notesceret
637 746 763 783 vera
814 728 1028 798 religio,
1084 728 1229 781 falsis
1280 730 1521 798 fictisque
1573 728 1865 788 convictis,

268 804 440 874 ‘quod
462 801 676 874 etiamsi
704 801 794 869 qui
834 811 989 874 antea
1009 799 1318 874 sentiebant
1338 799 1575 874 timendo
1606 798 1868 867 reprime-

267 884 275 889 ’
301 867 450 928 bant.
476 872 608 937 Quis
637 867 815 923 autem
845 867 1049 920 audivit
1071 868 1355 937 aliquando
1380 869 1610 921 lldelium
1637 876 1869 921 stantem

301 935 632 997 sacerdotem
663 940 728 991 ad
778 939 966 999 altare,
1003 945 1057 989 et
1076 935 1188 1002 jam
1218 951 1380 1007 super
1412 948 1655 991 sanctum
1679 951 1875 1006 corpus

303 1011 559 1065 martvris
604 1008 670 1062 ad
702 1007 794 1061 Dei
841 1008 1099 1060 honorem
1153 1006 1461 1065 cultumque
1507 1013 1872 1060 constructum

305 1069 481 1135 dicere
509 1080 561 1133 in
588 1077 837 1147 precibus
864 1093 878 1128 :
912 1074 1089 1130 Olfero
1111 1074 1207 1147 libi
1230 1069 1574 1140 sacrificium,
1596 1074 1776 1147 Putre,
1794 1074 1874 1147 vel

304 1150 485 1205 P..ule.
512 1144 602 1202 vel
623 1147 907 1216 Cypriane,
929 1160 1048 1216 eum
1073 1146 1212 1216 apud
1236 1160 1421 1198 eorum
1447 1145 1738 1216 memorias
1754 1144 1879 1198 olfe-

272 1242 275 1245 ·
308 1229 461 1273 ratur
486 1219 612 1279 Deo,
662 1212 754 1284 qui
785 1230 878 1269 eos
906 1224 959 1268 et
995 1212 1237 1268 homines
1272 1223 1325 1267 et
1354 1225 1618 1284 martyres
1643 1212 1789 1277 fecit,
1825 1223 1879 1267 et

309 1289 508 1344 sanctis
528 1288 639 1341 suis
660 1283 862 1353 angelis
883 1284 1091 1339 caelesti
1113 1284 1315 1337 honore
1340 1283 1597 1340 sociavit?
1622 1294 1678 1337 ut
1705 1299 1766 1337 ea
1791 1299 1880 1336 ce-

311 1359 559 1413 lebritate
585 1368 639 1409 et
667 1355 775 1409 Deo
796 1369 923 1410 vero
951 1355 1015 1407 de
1039 1353 1247 1423 illorum
1272 1353 1511 1407 victoriis
1532 1354 1731 1423 gratias
1753 1368 1881 1423 aga-

310 1444 448 1487 mus,
484 1436 535 1480 et
562 1441 660 1479 nos
687 1425 753 1477 ad
776 1423 1128 1477 imitationem
1157 1421 1340 1475 talium
1368 1421 1688 1477 coronarum
1719 1421 1881 1491 atque

308 1497 608 1569 palmarum
644 1492 847 1569 eodem
882 1494 1127 1569 invocato
1156 1491 1230 1569 in
1268 1492 1526 1569 auxilium
1567 1508 1632 1547 ex
1669 1493 1879 1569 illorum

313 1560 584 1620 memoria:
610 1563 954 1617 renovatione
974 1562 1342 1616 adhortemur.
1364 1560 1700 1632 Quaecunque.
1720 1562 1883 1631 igitur

1963 393 2211 452 parentes
2235 384 2485 445 umbras,
2523 393 2615 436 aut
2643 382 2949 446 daemonia,
2968 394 3060 452 aut
3085 382 3369 443 simulacra
3401 382 3543 440 mor-

1965 451 2199 513 tuorum,
2219 461 2277 504 ut
2299 452 2427 505 deos
2455 452 2633 506 colere
2658 461 2957 520 eruperunt.
2982 451 3112 520 Qua:
3134 452 3287 508 resin
3312 468 3542 510 consue-

1966 521 2149 575 tudine
2195 520 2479 574 vetustatis
2527 520 2754 575 deducta
2806 521 3100 575 arbitratur
3156 523 3380 577 rationis
3438 523 3541 578 sibi

1968 589 2247 643 veritatem
2278 603 2432 656 posse
2463 587 2705 651 defendi,
2744 605 2866 643 cum
2895 591 3136 645 veritatis
3161 593 3299 646 ratio
3345 607 3449 646 non
3479 608 3544 646 ex

1969 660 2353 712 consuetudine
2375 669 2535 730 a_tqne
2561 673 2626 713 ex
2653 666 2939 730 vetustate.
2961 661 3065 730 sed
3088 675 3155 713 ex
3176 661 3284 714 Deo
3305 661 3394 726 sit,
3418 663 3544 730 quia

1970 742 2075 800 non
2108 736 2370 800 vetustate
2399 728 2540 781 Deus
2565 728 2842 796 probatur,
2877 729 2970 782 sed
2991 731 3292 800 aeternitate
3317 747 3330 783 :
3359 728 3546 800 quam-

1970 798 2153 849 obreni
2212 797 2344 850 lides
2392 813 2496 851 non
2550 808 2724 865 cmp:a
2776 811 2882 859 res,
2910 798 3000 851 sed
3026 798 3139 852 sine
3184 799 3337 856 initio
3358 797 3460 855 est.
3490 800 3547 855 In

1970 864 2136 938 Deum
2164 866 2307 919 enim
2332 868 2549 920 credere
2576 864 2815 920 nostrum
2842 866 3077 938 incipere
3100 877 3183 922 est
3214 885 3227 920 :
3257 884 3378 922 nam
3404 870 3547 938 quod

1973 936 2211 1006 creditur
2258 944 2517 989 aeternum
2542 943 2663 1006 _est.
2703 956 2718 985 ι
2743 962 2818 973 —
2842 935 2908 988 Et
2932 935 3053 1004 post
3085 952 3251 1006 pauca
3287 952 3301 990 :
3335 956 3354 987 ι
3393 935 3547 1006 Quod

1974 1004 2155 1057 colunt
2180 1006 2370 1074 pagani
2400 1011 2518 1074 post
2542 1003 2707 1057 Deum
2733 1012 2983 1128 est,ogus
3011 1003 3131 1074 post
3159 1003 3544 1074 opiﬁcem'est;

1974 1074 2165 1128 pagani
2213 1073 2394 1127 colunt
2434 1088 2627 1128 onem.
2662 1089 2760 1127 nos
2794 1076 2879 1128 oni
2924 1090 3073 1128 cem.
3106 1074 3182 1128 illi
3226 1088 3544 1128 creaturam.

1974 1074 2165 1142 pagani
2213 1073 2408 1127 colunt
2434 1088 2760 1144 open-auitas
2794 1073 3073 1144 opificem,
3106 1073 3547 1140 illi’t'reaturam,

1978 1158 2077 1196 nos
2105 1152 2421 1213 creatorem.
2456 1142 2844 1213 Factnsihomo
2888 1143 3051 1213 coepit
3100 1145 3345 1199 venerari
3395 1162 3553 1203 suum

1977 1212 2307 1266 conditorem
2327 1252 2341 1276 ,
2378 1214 2503 1280 quia
2539 1222 2593 1265 et
2620 1211 2838 1280 dignum
2867 1222 2948 1267 est
2964 1211 2987 1279 ,ἡ
3014 1220 3067 1266 et
3095 1229 3255 1267 causa
3288 1216 3392 1270 hoc
3421 1232 3551 1271 exe-

1979 1295 2312 1403 g“dei-etuias
2341 1351 2598 1419 prepbeta
2628 1367 2640 1402 :
2671 1349 2794 1403 Post
2816 1349 3043 1415 Bonum,
3074 1352 3266 1420 inquit,
3293 1353 3553 1420 abierunt,

1979 1436 2107 1491 quos
2135 1420 2424 1472 didicerunt
2465 1438 2496 1471 α
2527 1420 2764 1489 patribus
2804 1421 2931 1491 suis.
2967 1421 3115 1475 Unde
3151 1420 3508 1491 Hieronymus
3537 1443 3549 1478 :

1988 1487 2005 1538 ἆ
2041 1489 2177 1558 Ergo
2196 1502 2304 1564 nec
2324 1487 2627 1564 parentum,
2653 1504 2756 1564 nec
2786 1487 3047 1555 majorum
3075 1507 3228 1564 error
3252 1487 3556 1564 sequendus

1982 1567 2084 1621 est,
2115 1557 2206 1611 Sed
2231 1558 2525 1612 auctoritas
2546 1557 2964 1627 Scriptor-aiunt,
2993 1568 3047 1614 et
3077 1561 3171 1615 Dei
3199 1557 3558 1617 docentis'im-

312 1636 635 1689 adhibentur
660 1632 1029 1713 religiosorum
1052 1632 1304 1700 obsequia
1332 1632 1384 1684 in
1414 1630 1707 1717 martyrum
1724 1630 1878 1717 locis,
1916 1659 1958 1717 Β
1982 1630 2213 1717 perium.
2243 1646 2264 1717 Γ

310 1712 626 1758 ornamenta
659 1713 782 1755 sunt
810 1703 1209 1762 memoriarum,
1236 1716 1341 1753 non
1377 1715 1528 1755 sacra
1560 1702 1641 1757 vel
1673 1702 1881 1756 sacriﬁ-

272 1792 281 1799 δ
311 1774 393 1829 cia
427 1783 756 1826 mortuorum
789 1781 1040 1838 tanquam
1073 1772 1313 1824 deorum.
1338 1791 1356 1821 ι
1837 1789 1840 1791 λ

386 1843 740 1910 Hieronymus
765 1839 829 1893 ad
858 1840 1131 1910 Riparium
1157 1843 1525 1910 presbyterum
1553 1860 1564 1894 :
1589 1859 1607 1891 ‹
1635 1839 1886 1910 Acceptis

312 1912 543 1994 primum
590 1911 784 1965 litteris
813 1911 940 1991 tuis,
980 1925 1085 1994 nun
1119 1912 1456 1994 respondere
1491 1911 1753 1994 superbitc
1781 1917 1883 1972 est,

313 1979 637 2051 respondere
653 1979 994 2051 temeritatis.
1022 1981 1094 2051 De
1119 1979 1202 2032 bis
1222 1981 1367 2051 enim
1384 1982 1541 2034 rebus
1557 1979 1884 2051 interrogas,

313 2049 434 2122 qua:
461 2056 514 2105 et
546 2049 869 2122 proferreet
910 2050 1096 2102 audire
1127 2049 1463 2122 sacrilegium
1489 2061 1591 2104 e.t.
1628 2051 1721 2122 Ais
1748 2050 1890 2120 Vigi-

316 2118 563 2194 ifantium,
580 2120 669 2194 qui
693 2119 802 2174 κατ’
822 2121 1115 2194 ἁνςτφρᾳᾳιν
1145 2118 1243 2171 hoc
1265 2131 1487 2194 vocatur
1503 2121 1736 2194 numine,
1764 2118 1886 2172 nam

318 2189 705 2246 Dormitantius
758 2189 1285 2249 rectius'diccretur,
1335 2202 1395 2241 os
1440 2190 1662 2243 fetidum
1704 2204 1890 2242 rursus

317 2261 547 2329 aperire,
575 2266 628 2312 et
654 2270 897 2329 putorem
926 2256 1328 2329 Spureissimum
1363 2269 1549 2312 contra
1581 2268 1887 2314 sanctorum

321 2327 619 2399 martyrum
647 2327 889 2399 proferre
918 2328 1191 2399 reliquias,
1209 2336 1263 2399 et
1284 2328 1505 2397 nos,qui
1531 2344 1624 2382 eas
1650 2330 1889 2398 suscepi-

318 2397 756 2467 mus,'appellare
781 2399 1071 2451 einerarios
1096 2406 1151 2451 et
1176 2397 1508 2463 idololatras,
1534 2400 1625 2467 qui
1655 2397 1890 2453 mortuo-

322 2485 440 2521 rum
496 2468 769 2521 homiuum
815 2483 936 2521 ossa
989 2482 1328 2521 veneramur.
1355 2468 1399 2522 Ο
1427 2468 1690 2523 infelicem
1721 2468 1894 2523 homi-

294 2534 297 2537 λ
322 2548 532 2620 nem,el
547 2537 690 2591 omni
718 2537 1072 2620 laeiyuiarum
1100 2535 1246 2620 faeie
1271 2538 1654 2620 plangendum,
1662 2538 1753 2620 qui
1779 2540 1892 2593 hzec

323 2609 506 2661 dicens
540 2623 644 2660 non
674 2622 731 2661 se
767 2605 1013 2678 intelligit
1060 2622 1178 2660 esse
1203 2605 1525 2678 Sainaritam
1551 2619 1603 2662 et
1628 2605 1889 2671 Judaeum,

321 2678 412 2744 qui
443 2691 664 2746 corpora
709 2677 1038 2730 mortuorum
1083 2691 1181 2745 pro
1233 2677 1521 2746 immundis
1575 2679 1804 2741 habent,
1843 2686 1896 2731 et

323 2748 487 2800 etiam
510 2745 633 2799 vasa
660 2762 778 2814 quae
812 2747 864 2799 in
890 2763 951 2799 ea
976 2749 1076 2800 lem
1108 2748 1274 2816 domo
1295 2745 1493 2801 fuerint
1527 2748 1689 2816 pollui
1717 2750 1893 2816 suspi-

324 2826 533 2877 cantur,
565 2824 848 2883 sequentes
881 2817 1214 2870 occidentem
1243 2815 1493 2879 litteram,
1526 2815 1579 2871 et
1606 2834 1709 2872 non
1733 2819 1895 2885 spiri-

324 2886 840 2956 tumvivilicantem.
872 2888 977 2940 Nos
998 2894 1176 2939 autem
1204 2900 1309 2939 non
1334 2886 1454 2939 dico
1479 2896 1777 2956 martyrum
1818 2902 1899 2939 re-

328 2954 540 3024 liquias,
569 2956 661 3007 sed
688 2971 753 3008 ne
778 2958 945 3010 solem
972 2956 1187 3025 quidem
1208 2963 1269 3025 et
1293 2956 1495 3019 lunam,
1521 2954 1635 3010 non
1656 2956 1892 3025 angelos,

328 3012 434 3078 min
483 3012 847 3092 archangelos,
892 3012 1005 3079 non.
1045 3024 1334 3093 seraphim,
1367 3012 1800 3092 non'cherubii'u,
1843 3012 1897 3078 et
1926 3012 1970 3072 C

325 3108 502 3164 omne;
519 3110 709 3148 nomen
739 3098 880 3163 quod
902 3096 1228 3157 nominatur,
1254 3103 1309 3147 et
1337 3096 1389 3148 in
1429 3096 1675 3164 praesenti
1701 3097 1907 3150 Saecula

327 3165 457 3217 etin
478 3161 657 3218 futuro
678 3161 902 3220 colimus
930 3176 983 3219 et
1009 3166 1314 3228 adoramus,
1347 3182 1410 3218 ne
1429 3161 1731 3220 serviamus
1756 3181 1901 3220 crea-

329 3243 484 3303 tura}
511 3234 689 3303 potius
741 3251 901 3303 quam
946 3237 1175 3289 creatori
1198 3274 1213 3297 ,
1249 3235 1340 3302 qui
1377 3246 1458 3288 est
1492 3236 1805 3291 benedictus
1843 3237 1898 3291 in

329 3302 559 3377 szecula.‘
589 3302 923 3356 Honor-anius
963 3315 1161 3377 autem
1185 3304 1454 3377 reliquias
1484 3318 1801 3377 martyrum,
1842 3314 1900 3359 ut

331 3386 453 3424 eum
480 3369 633 3435 cujus
661 3379 784 3423 sunt
811 3381 1071 3440 martyres
1097 3369 1415 3437 adoremus;
1443 3369 1768 3428 honoramus
1790 3392 1902 3428 ser-

332 3454 447 3511 vos,
478 3446 538 3491 ut
562 3441 741 3511 honor
758 3455 1034 3494 servorum
1054 3441 1325 3511 redundet
1348 3444 1420 3511 ad
1442 3442 1745 3507 Dominum,
1776 3445 1903 3511 quia

372 3510 420 3561 ui
442 3522 529 3579 uos
552 3508 892 3579 suscipit,ime
925 3509 1167 3579 suscipit.
1198 3528 1216 3559 ι
1245 3538 1313 3547 --
1344 3509 1486 3563 lieni
1514 3511 1627 3579 ipse
1648 3508 1904 3566 adversus

372 3526 419 3561 Ρη
443 3526 529 3560 vos
552 3526 783 3578 suscipit,
813 3526 892 3561 me
925 3526 1157 3577 suscipit.
1198 3528 1216 3559 ›
1245 3538 1313 3547 --
1344 3526 1486 3563 item
1514 3526 1627 3579 Ipse
1648 3526 1904 3566 adversus

332 3526 703 3647 glligilanlium.
730 3600 745 3628 ι
772 3578 902 3646 Quis
925 3578 1088 3649 euitn,
1107 3594 1140 3630 0
1157 3578 1399 3649 insanum
1423 3589 1602 3648 caput,
1618 3580 1906 3649 aliquando

333 3655 599 3718 martyres
631 3649 908 3705 adoravit?
955 3647 1086 3715 Quis
1130 3647 1398 3718 hominem
1446 3647 1651 3718 putavit
1704 3647 1906 3704 Deum?

333 3732 512 3788 nonne
540 3716 739 3788 Paulus
764 3729 817 3773 et
844 3719 1135 3779 Barnabas,
1166 3733 1286 3788 cum
1330 3716 1667 3787 Lycaonibus
1698 3718 1908 3788 Jupiter

334 3794 391 3858 et
417 3786 714 3858 Mercurius
737 3797 1072 3858 putarentur,
1090 3796 1141 3842 et
1163 3787 1241 3858 eis
1267 3786 1458 3841 vellent
1488 3790 1692 3844 hostias
1718 3786 1910 3842 inimu-

336 3856 451 3912 lare
473 3854 772 3927 (Act._xtvj,
803 3857 1079 3912 sciderunt
1104 3856 1418 3911 vestimenta
1445 3873 1561 3922 sua,
1585 3869 1637 3912 et
1657 3874 1713 3913 se
1739 3859 1910 3912 homi-

338 3940 434 3979 nes
456 3925 577 3996 ekse
604 3925 876 3996 dixeiuut,
908 3943 1011 3996 non
1040 3943 1146 3996 quo
1175 3926 1422 3981 meliores
1443 3943 1549 3980 non
1575 3937 1756 3985 essent
1781 3928 1909 3982 olim

340 3995 566 4049 mortuis
600 3995 905 4051 hominibus
935 3995 1069 4051 Jove
1109 4007 1269 4064 atque
1314 3997 1605 4059 Mercurio,
1637 3999 1730 4054 sed
1769 3998 1910 4065 quod

339 4066 439 4119 sub
463 4065 778 4135 gentilitatis
805 4082 988 4121 errore
1014 4068 1184 4121 honor
1210 4067 1289 4120 eis
1313 4065 1420 4119 Deo
1442 4068 1652 4123 debitus
1679 4066 1913 4123 deferre-

290 4138 295 4143 ’
341 4143 448 4198 tur,
482 4136 623 4203 quod
650 4140 791 4191 etde
820 4136 978 4190 Petro
1000 4137 1254 4205 legimus,
1280 4136 1371 4204 qui
1393 4138 1698 4191 Cornelium
1725 4154 1784 4192 se
1824 4139 1914 4193 ad-

340 4218 497 4259 orare
531 4208 853 4278 cupientem,
877 4222 1036 4259 manu
1080 4205 1375 4278 sublevavit
1414 4215 1468 4259 et
1502 4208 1636 4261 dixit
1673 4221 1688 4262 :
1721 4208 1909 4278 Surge,

342 4290 464 4346 nam
495 4286 538 4326 et
569 4292 661 4343 ego
687 4276 840 4329 homo
863 4292 997 4328 sum.
1030 4297 1048 4346 ρ
1086 4278 1222 4346 (Act.
1252 4274 1335 4346 it.)

2053 1696 2385 1766 Augustinus
2428 1696 2483 1750 in
2529 1698 2795 1766 psalmum
2825 1713 2954 1751 cxm
2976 1714 2996 1750 ηε
3032 1717 3050 1749 ι
3083 1698 3346 1755 Videntur
3379 1711 3557 1756 autem

1984 1768 2085 1822 sibi
2111 1767 2439 1836 purgatioris
2466 1780 2585 1837 esse
2607 1767 2898 1835 religionis,
2928 1769 3017 1837 qui
3042 1769 3244 1836 dicunt,
3270 1786 3368 1825 nec
3394 1771 3561 1832 simu-

1985 1838 2218 1910 lacrum,
2237 1851 2337 1910 nec
2356 1836 2675 1910 dmnionittni
2701 1837 2837 1899 colo,
2865 1836 2960 1891 sed
2984 1838 3208 1910 cﬂigiem
3232 1842 3561 1910 corporalem

1984 1909 2102 1969 ejus
2144 1907 2221 1959 rei
2269 1908 2479 1973 signum
2527 1907 2739 1977 intueor
2786 1922 2947 1977 quam
3000 1907 3176 1963 colere
3222 1907 3411 1965 debeo.
3447 1931 3465 1964 ›
3495 1941 3564 1953 -—-

1985 1978 2115 2031 ltem
2150 1984 2271 2049 post
2297 1990 2467 2044 pauca
2488 1990 2511 2049 _:
2540 1995 2558 2026 ι
2589 1975 2800 2049 Audeut
2827 1980 3167 2049 respondere,
3189 1995 3292 2033 non
3318 1982 3427 2049 ipsa
3452 1997 3564 2036 cor-

1985 2062 2118 2129 pora
2159 2046 2356 2109 colere,
2408 2047 2500 2099 sed
2543 2061 2664 2114 ane
2708 2046 2814 2099 illis
2859 2046 3106 2114 regendis
3153 2046 3435 2117 pnrsid—tnt
3468 2067 3565 2104 nu-

1989 2132 2154 2170 mnta.
2194 2136 2211 2166 ι

2061 2186 2117 2239 Si
2142 2185 2302 2257 enim,
2341 2184 2481 2238 sicut
2522 2184 2797 2257 praemissa
2825 2193 3130 2257 sanctorum
3158 2196 3369 2257 patrum
3401 2190 3565 2245 docu-

1990 2264 2168 2310 menta
2187 2255 2480 2317 declarant,
2508 2256 2677 2325 sancti
2706 2254 2880 2325 angeli
2914 2264 2966 2325 et
2990 2254 3175 2310 sancti
3190 2258 3285 2311 viri
3314 2274 3419 2313 non
3444 2268 3568 2313 sunt

1991 2325 2208 2398 colendi
2228 2338 2330 2398 nec
2380 2322 2659 2398 adorandi,
2713 2322 2814 2378 hoc
2862 2324 3006 2379 enim
3055 2335 3107 2398 et
3138 2326 3237 2395 ipsi
3280 2328 3568 2398 refugiunt,

1992 2394 2086 2449 sed
2132 2393 2243 2447 sola
2278 2393 2561 2457 charitate,
2594 2409 2699 2448 non
2749 2403 2925 2447 autem
2962 2393 3218 2451 servitu—te
3250 2393 3567 2462 honorandi,

1991 2478 2093 2539 nec
2141 2464 2341 2539 sanctis
2385 2464 2716 2539 martyribus
2762 2464 2971 2539 iempla,
3002 2480 3153 2539 sacra
3199 2477 3251 2521 et
3285 2469 3567 2539 sacrilicia,

1993 2536 2084 2590 sed
2125 2534 2226 2590 soli
2274 2535 2385 2589 Deo
2436 2534 2835 2595 constituenda,
2892 2536 3190 2603 praesertim
3241 2552 3360 2591 cum
3407 2538 3571 2593 hono-

1994 2603 2147 2689 randi
2179 2608 2287 2689 sint
2310 2613 2535 2685 propter
2567 2605 2938 2689 imitationem,
2983 2620 3088 2689 non
3141 2606 3398 2689 adorandi
3446 2622 3574 2689 pro-

1993 2683 2115 2743 pter
2174 2673 2505 2745 religionem,
2545 2688 2650 2742 qua
2700 2674 2945 2745 ratione
2975 2673 3191 2745 antiqua
3254 2673 3575 2732 auctoritate

1996 2741 2291 2817 adoratio,
2338 2741 2646 2817 iucensuin,
2699 2741 3016 2808 luminaria,
3069 2741 3123 2799 ei
3168 2755 3389 2817 extera,
3453 2761 3573 2817 qua:

1998 2814 2050 2866 in
2073 2813 2297 2882 epistola
2346 2814 2657 2867 Graecorum
2691 2822 3114 2867 annumerantur
3155 2815 3234 2869 eis
3274 2813 3573 2871 exhibenda

1996 2884 2157 2937 sunt?
2185 2883 2518 2951 Quapropter
2535 2883 2733 2938 omissa
2758 2882 2901 2937 omni
2930 2885 3306 2952 superstitione
3328 2887 3577 2941 convenit

1999 2962 2197 3007 sancta:
2244 2954 2523 3025 catholicze
2572 2960 2628 3006 et
2664 2952 3277 3025 rapostolicaeiEcclesite
3330 2956 3576 3025 religioni

2000 3038 2123 3092 erga
2168 3030 2475 3077 sanctorum
2512 3024 2775 3092 imagines
2804 3024 2942 3077 hanc
2971 3024 3345 3080 discretionem
3373 3024 3572 3089 tenere,

2000 3093 2139 3147 sicut
2160 3092 2389 3163 eximius
2408 3092 2597 3147 doctor
2618 3094 2808 3147 beatus
2832 3107 2966 3162 papa
2988 3092 3276 3163 Gregorius
3304 3096 3502 3157 docuit,
3526 3105 3581 3149 et

1999 3163 2053 3215 in
2070 3163 2182 3216 suis
2193 3162 2410 3231 scriptis
2422 3164 2576 3218 nobis
2589 3171 2744 3216 tcnen
2754 3164 2872 3217 dum
2891 3162 3325 3234 sequendumque
3340 3165 3575 3235 reliquit.

2592 3276 2820 3332 CAPUT
2861 3276 2969 3331 γη.

2072 3367 2151 3421 Ne
2173 3367 2337 3436 igitur
2370 3382 2433 3421 ex
2464 3369 2843 3437 superstitione
2867 3376 2959 3421 aut
2991 3384 3054 3438 ex
3082 3368 3319 3438 qualibet
3356 3368 3459 3423 alia
3485 3386 3580 3425 oc-

2004 3435 2221 3491 casione
2266 3435 2950 3492 scandala‘infirmioribus
2997 3435 3253 3491 fratribus
3299 3441 3582 3506 provenire

2003 3514 2240 3573 possent,
2278 3506 2380 3559 hoc
2408 3520 2747 3573 summopere
2772 3507 2940 3560 sancti
2968 3506 3066 3559 viri
3093 3510 3313 3574 provida
3339 3510 3586 3564 conside-

2007 3578 2232 3647 ratione
2264 3576 2434 3647 vitare
2483 3577 2821 3639 studuerunt,
2857 3584 2912 3628 et
2959 3576 3116 3647 dictis
3164 3574 3426 3647 factisque
3472 3583 3586 3634 suis

2006 3645 2163 3714 nobis
2187 3643 2459 3714 vitandum
2491 3658 2871 3714 usquequaque
2902 3645 3177 3699 evidenter
3205 3643 3511 3714 ostendunt.

2080 3712 2215 3766 Hinc
2240 3713 2381 3766 enim
2419 3714 2608 3782 beetus
2633 3712 2962 3782 Augustinus
2998 3715 3049 3767 in
3087 3714 3223 3769 libro
3251 3731 3303 3770 iv
3338 3719 3403 3771 de
3444 3712 3587 3771 Civi-

2009 3790 2119 3854 tate
2148 3783 2237 3854 Dei
2271 3800 2282 3833 :
2322 3800 2338 3829 ι
2375 3781 2620 3849 Majores,
2650 3781 2846 3852 inquit,
2874 3784 3066 3849 nostri,
3097 3786 3529 3854 superstitionem
3555 3804 3586 3840 a

2010 3852 2271 3921 religione
2289 3861 2699 3919 separaverunt.
2742 3872 2760 3904 ι

2074 3920 2381 3995 Ιιῡιιι-ίάθεη
2414 3922 2466 3975 in
2493 3921 2630 3975 libro
2664 3938 2695 3975 x
2723 3922 2789 3977 de
2814 3920 3044 3977 Civitate
3069 3923 3163 3978 Dei
3192 3922 3429 3995 ejusdem
3455 3940 3585 3995 ope-

2013 3992 2090 4063 ris
2114 4009 2131 4063 εγ
2163 3990 2466 4063 «Legimus
2489 4000 2793 4060 serpentum
2817 4008 3028 4063 morsus
3048 3990 3352 4050 mortiferos
3371 3990 3586 4063 pain—am

2006 4061 2359 4131 justissimatn
2393 4070 2734 4130 peccatorum
2765 4064 2816 4116 in
2842 4062 2988 4134 ligno
3016 4061 3439 4135 exaltatoiatque
3461 4080 3592 4135 pto-

2015 4138 2197 4201 specto
2225 4143 2374 4204 ganeo
2400 4139 2646 4199 serpente
2677 4141 2910 4197 sanatos,
2950 4141 3002 4187 ul
3031 4141 3085 4187 et
3110 4134 3307 4204 populo
3340 4134 3591 4189 subveni-

2015 4200 2165 4256 retur
2186 4200 2400 4261 amicta,
2430 4210 2484 4255 et
2511 4217 2655 4256 mors
2682 4211 2853 4255 morte
2880 4200 3195 4267 destructa,“
3219 4204 3303 4259 vel
3333 4213 3389 4258 ut
3415 4206 3592 4261 cruci-

2016 4272 2136 4325 llxze
2163 4272 2354 4325 mortis
2379 4270 2727 4344 similitudine
2753 4272 3073 4344 signaretur.
3111 4273 3277 4340 Quem
3317 4289 3447 4329 sane
3478 4290 3595 4344 ser-

409 4340 743 4412 Augusiinus
768 4347 820 4399 in
858 4346 993 4399 libro
1020 4340 1386 4399 de'Solutio'ne
1412 4346 1795 4416 quiestionum,
1820 4362 1912 4400 ca-
1948 4364 1990 4419 ι)
2016 4348 2230 4411 pontem
2271 4349 2491 4461 propter
2538 4340 2664 4395 facti
2710 4340 3025 4397 memoriam
3075 4353 3425 4409 reservatum,
3467 4340 3590 4399 cum

409 4420 451 4461 te
469 4414 503 4461 5
532 4430 544 4461 :
576 4433 595 4461 ι
626 4413 855 4461 Proinde
881 4415 1018 4461 sicut
1045 4415 1203 4461 imnia
1230 4416 1477 4461 sunerhia
1505 4417 1615 4461 sive
1638 4416 1912 4461 hominum
1970 4424 1975 4427 '
2018 4419 2200 4461 nostea
2228 4425 2366 4461 0min
2396 4425 2455 4461 ηε
2483 4426 2670 4461 errans
2697 4418 2946 4461 tanmlam
2974 4412 3171 4461 idolum
3201 4414 3377 4461 colere
3399 4414 3590 4461 omnis.-

342 4413 451 4481 pite
469 4414 506 4484 5
532 4430 544 4465 :
576 4433 595 4465 ι
626 4413 855 4469 Proinde
881 4415 1018 4468 sicut
1045 4415 1204 4484 impia
1230 4413 1478 4484 superbia
1505 4417 1615 4469 sive
1638 4416 1912 4470 hominum
2017 4419 2200 4484 postea
2228 4425 2366 4484 popu

344 4484 458 4535 sive
478 4482 801 4549 dmmonum,
832 4484 933 4539 sibi
959 4485 1057 4538 hos
1077 4482 1285 4540 divinos
1296 4482 1540 4540 honores
1562 4485 1806 4540 exhiberi
1832 4486 1916 4537 vel

343 4549 498 4622 jubet
524 4554 607 4608 vel
635 4553 800 4621 cupit,
845 4555 917 4607 ita
961 4554 1049 4622 pia
1084 4553 1353 4608 humilitas
1386 4555 1470 4609 vel
1509 4554 1785 4609 hominum
1834 4557 1918 4608 vel

346 4618 656 4702 angeiornm
690 4618 1173 4702 sanctorum,ha:c
1204 4623 1306 4678 sibi
1336 4624 1516 4679 oblata
1551 4625 1834 4689 recusavit,
1865 4633 1921 4678 ct

349 4689 437 4744 cui
465 4689 791 4744 deberentur
811 4693 1067 4747 ostendit.
1112 4713 1129 4745 ι

420 4756 478 4809 In
504 4759 639 4834 libro
669 4773 759 4811 χιιι
782 4761 846 4815 de
865 4761 1091 4834 Civitate
1116 4763 1208 4818 Dei
1235 4762 1366 4818 dicit
1386 4760 1745 4834 Augustinus:
1773 4780 1791 4813 ι
1817 4761 1922 4816 Sed

350 4827 494 4901 Deus
539 4826 629 4901 ille
663 4841 820 4901 quem
857 4831 1137 4901 coluerunt
1166 4834 1434 4901 sapientes
1464 4826 1827 4893 ﬁebneorum,
1868 4840 1922 4885 et

343 4896 458 4970 jam
481 4897 796 4970 ctelestibus
818 4899 1017 4953 sanctis
1038 4896 1244 4970 angelis
1259 4915 1314 4956 et
1336 4904 1623 4957 virtutibus
1648 4901 1763 4962 Dei,
1791 4915 1926 4969 quos

353 4964 982 5039 lieatissimositanquam
1015 4964 1159 5024 eivés
1185 4971 1239 5025 in
1270 4973 1371 5027 hac
1397 4981 1578 5026 nostra
1620 4964 1904 5039 peregrina

296 5066 301 5071 -
353 5036 504 5088 tione
526 5034 741 5087 mortali
764 5050 1081 5091 veneramur
1097 5046 1151 5093 et
1178 5054 1440 5103 amamus,
1463 5034 1928 5094 saerillcari’vetat

351 5103 554 5228 moli,
585 5104 836 5160 intonans
865 5106 918 5160 ill
947 5106 1060 5176 lege
1094 5122 1210 5174 sua,
1240 5110 1545 5178 sacriﬁcans
1567 5108 1669 5160 diis
1692 5107 1928 5163 eradica-

470 5190 516 5226 r.
555 5191 576 5225 ι

324 5190 516 5226 ταῦτ’.
555 5191 576 5225 ι

939 5264 1166 5321 CAPUT
1204 5267 1286 5321 Π.

428 5373 769 5449 Huiccontra
794 5391 888 5431 eos
915 5379 1006 5448 qui
1036 5393 1296 5431 annorum
1338 5393 1562 5433 numero
1590 5382 1929 5449 superstitio-

360 5458 483 5498 nem
508 5446 796 5514 imaginum
841 5446 1111 5502 vindieare
1136 5449 1338 5504 volunt.
1367 5446 1807 5505 consuetudinem
1845 5468 1931 5506 se-

359 5514 451 5584 qui
481 5517 701 5586 cupiunt
730 5518 907 5586 potius
935 5534 1094 5587 quam
1131 5518 1369 5572 veritatis
1392 5521 1783 5575 auctoritatem.

429 5588 756 5656 Augustinus
797 5588 849 5641 in
896 5588 1031 5642 libro
1056 5588 1419 5654 Quaestionum
1454 5589 1662 5645 Veteris
1698 5599 1749 5644 et
1797 5589 1928 5646 Novi

2409 4425 2455 4463 is
2483 4426 2670 4482 errans
2697 4418 2946 4481 tanquam
2974 4412 3172 4467 idolum
3201 4414 3377 4468 colere
3399 4414 3593 4482 coepis-

2017 4480 2117 4540 Set,
2143 4480 2400 4552 Ezechias
2424 4494 2514 4552 re;
2537 4481 2783 4552 religiosa
2799 4480 3063 4552 potestate
3082 4483 3193 4537 Deo
3209 4497 3449 4538 serviens
3469 4480 3592 4539 cum

2020 4563 2212 4619 magna
2242 4550 2456 4619 pietatis
2482 4549 2930 4605 laude'conlrivit.
2969 4573 2986 4604 ι

2136 4618 2220 4671 ale
2241 4618 2369 4688 quid
2395 4630 2448 4690 et
2472 4620 2688 4690 beatum
2726 4619 3077 4690 Epiphaniam
3107 4622 3281 4677 virum
3311 4623 3592 4679 sanctissi-

2020 4703 2167 4765 mum
2200 4696 2255 4741 et
2278 4689 2642 4765 doctissimum
2672 4692 2786 4744 zelo
2794 4689 2990 4765 ilivino
3016 4707 3351 4765 succensum,
3389 4694 3443 4749 in
3477 4695 3594 4765 epi-

2022 4761 2158 4813 stola
2184 4771 2344 4826 quam
2366 4760 2445 4832 ad
2492 4757 2753 4832 Joannem
2784 4759 3431 4832 constantinopolitannm
3476 4757 3596 4832 epi-

2027 4840 2247 4894 scopum
2273 4827 2480 4893 scribit,
2520 4837 2574 4881 et
2612 4829 2800 4883 beatus
2841 4827 3197 4894 Hieronymus
3217 4832 3284 4887 de
3327 4827 3596 4888 Graew'in

2028 4898 2291 4968 Latinum
2307 4911 2610 4968 sermonem
2651 4899 2997 4953 transtulerat
3011 4943 3024 4962 ,
3042 4898 3277 4968 legimus
3300 4901 3493 4957 fecisse
3519 4919 3534 4956 :

2110 4984 2129 5016 ε
2160 4966 2370 5037 Audivi,
2399 4967 2589 5037 inquit,
2617 4970 2876 5035 quosdam
2903 4966 3239 5025 murmurare
3267 4980 3454 5026 contra
3488 4986 3599 5037 me,

2028 5035 2252 5110 quando
2262 5035 2420 5110 simul
2443 5035 2794 5110 pergebamus
2818 5036 2885 5091 ad
2909 5048 3153 5094 sanctum
3190 5040 3369 5095 locum
3390 5042 3483 5110 qui
3507 5035 3603 5110 vo;

2030 5104 2184 5160 catur
2218 5104 2418 5163 Bethel,
2444 5104 2510 5158 ’ut
2533 5104 2607 5158 i.;i
2642 5105 2921 5160 collectam
2952 5116 3125 5163 tecum
3152 5125 3219 5165 ex
3244 5125 3392 5165 more
3405 5104 3601 5167 eccle-

2033 5176 2253 5249 siastico
2274 5174 2525 5249 facerem,
2560 5183 2614 5228 et
2637 5175 2899 5249 venissem
2935 5178 3002 5232 ad
3033 5178 3210 5249 villam
3255 5194 3375 5249 qua:
3405 5180 3604 5236 dicitur

2034 5242 2318 5318 Anablata,
2358 5244 2716 5318 vidissemque
2747 5245 2817 5299 ibi
2865 5248 3179 5318 praeteriens
3215 5242 3486 5304 lucernam
3516 5266 3604 5304 ar-

2035 5314 2269 5375 dentem,
2297 5323 2346 5365 et
2371 5314 2781 5385 interrogas-cm
2807 5314 2897 5385 qui
2927 5318 3072 5372 locus
3092 5328 3254 5383 esset,
3278 5318 3606 5376 didicissem-

2033 5398 2139 5451 que
2178 5396 2297 5437 esse
2322 5382 2624 5447 ecclesiam,
2652 5394 2705 5438 et
2736 5382 3017 5440 intrassem
3068 5397 3125 5441 ut
3164 5382 3395 5453 orarem,
3426 5389 3605 5445 iuveni

2035 5454 2107 5507 ibi
2135 5453 2307 5506 velum
2353 5457 2590 5522 pendens
2615 5456 2667 5508 in
2711 5455 2918 5510 foribus
2942 5455 3177 5524 ejusJetn
3210 5458 3469 5524 ecclesiae,
3500 5460 3607 5514 tin-

2034 5532 2179 5599 etum
2220 5530 2382 5599 atque
2437 5525 2725 5599 depictam,
2758 5534 2830 5599 _et
2877 5526 3079 5599 habens
3126 5528 3409 5599 imaginem
3454 5528 3607 5599 quasi

2034 5591 2255 5657 Christi,
2283 5591 2363 5647 vel
2394 5591 2561 5648 sancti
2586 5593 2882 5664 cujus'am.
2914 5594 3027 5652 Non
3052 5597 3195 5653 enim
3236 5591 3368 5655 satis
3389 5591 3605 5656 memini
