4018 6178
425 391 558 447 1529

1127 385 1302 442 LIBRI
1341 387 1682 444 CAIIOLINI.
1721 419 1759 429 -
1829 391 2121 448 APPEND.
2160 423 2229 432 --
2268 388 2683 446 CONV’ENTUS
2722 389 2941 445 PARIS.

3529 393 3671 448 I350

417 510 640 575 ni-antur
663 508 971 575 sanctorum
997 499 1198 575 eﬂigies
1218 508 1272 553 ct
1304 500 1588 575 imagines,
1626 507 1683 555 et
1718 502 1889 575 signa.
1927 504 1986 558 Si
2013 511 2064 568 Α
2092 506 2204 560 sive
2233 504 2520 575 imaginem
2541 513 2596 558 et
2625 519 2736 558 rem
2763 503 2960 575 ipsam:
2981 499 3158 569 ﬁgura
3183 507 3474 573 praestabat
3503 505 3666 561 vitam

415 573 558 627 enim
585 578 644 624 ut
673 569 838 625 Deum
881 569 1107 640 adorant
1128 569 1388 638 lignorum
1421 569 1684 640 imagines
1725 569 1990 628 debebant

412 643 635 696 omnino
658 649 712 693 et
737 649 931 695 cetera
953 639 1094 708 ligna
1113 641 1363 704 adorare;
1400 641 1443 695 si
1469 639 1596 694 vero
1619 649 1678 693 ut
1697 640 1864 696 Deum
1891 643 1990 698 ad-

413 719 636 766 orarent
667 709 888 779 lignum,
920 726 1025 781 non
1050 710 1270 781 omnino
1291 711 1465 764 deleta
1491 710 1664 780 eIIigie
1701 710 1988 781 imaginem

412 781 783 838 incenderent.
813 800 830 831 ι
870 810 940 818 -
964 780 1030 832 Et
1059 779 1282 833 iterum:
1316 799 1334 830 ι
1368 781 1568 834 Damus
1590 779 1720 848 "qua:
1749 779 1871 834 sunt
1900 797 1992 835 an-

413 867 553 906 nexa
599 851 705 920 duo
756 850 898 919 ligna
921 850 1116 920 crucis,
1157 850 1323 904 adoro
1345 851 1556 920 signum
1591 858 1812 920 propter
1835 849 1991 904 Chri-

413 930 554 976 stum
600 919 690 989 qui
719 917 856 974 inéa
895 919 1182 989 crucifixus
1209 927 1312 983 est,
1351 917 1416 972 at'
1444 919 1534 974 ubi
1573 917 1742 974 divisa
1789 917 1990 974 fuerint

412 993 482 1046 ab
503 987 844 1052 alterutrum,
876 987 1101 1058 projicio
1135 1003 1200 1044 ea
1225 997 1280 1042 et
1321 990 1567 1044 incendo.
1629 989 1696 1042 Et
1727 989 1864 1059 sicut
1894 991 1987 1059 qui

410 1060 701 1128 iussionem
753 1059 1092 1126 imperatoris
1149 1059 1464 1128 suscipiens,
1508 1066 1560 1112 et
1601 1058 1874 1113 osculatus
1903 1058 1986 1114 est

411 1131 644 1200 signum,
672 1144 778 1200 non
804 1128 973 1182 lutum
997 1129 1226 1200 honorat
1259 1137 1350 1183 aut
1383 1129 1646 1200 chartam,
1697 1136 1788 1182 aut
1808 1129 1985 1200 plum-

409 1197 558 1262 bum,
597 1199 690 1254 sed
720 1199 1031 1266 imperatori
1054 1199 1281 1253 salutem
1303 1206 1356 1253 et
1381 1198 1780 1252 venerationem
1806 1197 1986 1252 reddi-

409 1269 507 1334 dit,
541 1269 620 1323 sic
643 1277 696 1323 et
710 1267 1142 1322 Christianorum
1155 1269 1304 1337 pueri
1328 1269 1538 1338 signum
1567 1267 1985 1338 crucisadoran-

409 1347 494 1394 tes
521 1354 625 1393 non
649 1347 896 1408 naturam
919 1339 1045 1406 ligni
1073 1337 1413 1401 veneramur,
1445 1338 1537 1392 sed
1561 1339 1771 1408 signum
1785 1347 1840 1392 et
1853 1337 1987 1408 tign-

409 1425 524 1463 ram
551 1407 769 1468 Christi,
792 1408 965 1478 ipsum
988 1407 1246 1478 videntes,
1274 1408 1577 1478 peripsum,
1595 1407 1688 1475 qui
1709 1408 1763 1461 in
1780 1424 1844 1478 ea
1867 1407 1986 1463 cru—

408 1479 602 1534 citixus
623 1487 724 1543 est,
753 1477 1062 1532 osculamur
1089 1485 1144 1531 et
1167 1477 1469 1540 adoramus,
1507 1485 1646 1531 etc.»
1682 1507 1752 1517 —
1777 1477 1843 1531 Et
1861 1486 1986 1546 post

407 1564 608 1618 pauca:
654 1566 672 1598 ι
708 1547 860 1618 Sicut
885 1547 1028 1618 enim
1054 1549 1259 1618 virgam
1283 1547 1484 1602 Christi
1509 1562 1748 1618 crucem
1793 1549 1984 1602 adora-

407 1615 546 1683 inus,
583 1619 722 1672 sicut
764 1617 909 1671 enim
934 1617 1110 1672 sedem
1147 1615 1200 1671 et
1225 1617 1420 1680 lectum
1474 1615 1590 1684 ejus
1619 1625 1862 1671 sanctum
1895 1633 1982 1672 se-

405 1688 674 1758 pulcrum,
699 1687 836 1742 sicut
848 1687 990 1758 enim
1005 1687 1242 1751 domum,
1257 1687 1593 1757 prmsepium,
1613 1695 1667 1741 et
1683 1686 1978 1758 Bethleem,

405 1755 460 1811 et.
485 1755 678 1812 cmtera
700 1765 884 1812 sancta
912 1755 1028 1825 ejus
1053 1755 1415 1821 tabernscula,
1432 1755 1594 1812 isicut
1609 1756 1754 1811 enim
1779 1757 1982 1812 amicos

405 1827 542 1896 ejus,
571 1827 840 1898 apostolos
865 1827 997 1896 ejus,
1027 1837 1082 1882 et
1109 1836 1324 1882 sanctos
1353 1835 1719 1898 martyres,r_et
1746 1826 2000 1898 reiiquos,

405 1896 642 1963 sanctos,
674 1897 872 1952 Christi
901 1913 1026 1952 vero
1052 1899 1355 1967 passionem
1387 1897 1439 1950 in
1459 1896 1703 1952 ecclesiis
1731 1897 1858 1967 etin
1887 1897 1982 1967 do-

405 1969 581 2023 mihus
599 1977 654 2038 et
681 1967 734 2022 in
756 1967 966 2038 plateis,
991 1965 1126 2022 et'in
1154 1967 1494 2038 imaginibus,
1523 1973 1578 2020 et
1598 1967 1650 2022 in
1677 1965 1827 2038 velis,
1855 1966 1978 2021 etin

405 2037 691 2103 cubiculis,
721 2036 841 2091 etin
868 2038 1122 2100 vestibus,
1150 2045 1204 2090 et
1228 2036 1284 2091 in
1305 2038 1449 2091 omni
1479 2036 1594 2092 loco
1617 2037 1974 2104 designamus,

404 2118 464 2162 ut
501 2107 866 2162 indesinenter
891 2108 1210 2176 aspicientes
1235 2108 1351 2162 lucc
1395 2107 1758 2169 recordemur,
1789 2116 1843 2160 et
1870 2122 1976 2161 non

402 2178 804 2242 obliviscamur,
841 2177 980 2231 sicut
1025 2184 1080 2232 tu
1111 2179 1306 2234 oblitus
1330 2192 1390 2232 es
1426 2177 1637 2232 Domini
1667 2177 1760 2231 Dei
1787 2176 1884 2240 tui,
1925 2184 1979 2231 et

403 2249 543 2302 sicut
565 2255 620 2301 tu
642 2248 872 2319 adorans
893 2247 1085 2319 librum
1115 2247 1247 2319 legis
1271 2263 1380 2319 non
1400 2255 1650 2319 naturam
1676 2246 1892 2316 pellium
1924 2255 1978 2319 et

401 2317 690 2373 atramenti
734 2318 946 2383 adoras,
993 2317 1086 2372 sed
1131 2317 1292 2373 verba
1328 2317 1422 2371 Dei
1467 2332 1587 2386 qum
1620 2317 1673 2370 in
1711 2331 1776 2370 eo
1805 2317 1979 2370 conti-

405 2395 618 2442 nentur.
679 2386 769 2442 Sic
794 2396 848 2442 et
882 2403 980 2458 ego
1016 2388 1299 2458 imaginem
1335 2386 1533 2458 Christi
1564 2387 1831 2458 adorans,
1859 2402 1977 2458 non

402 2465 649 2512 naturam
671 2453 940 2521 lignorum
962 2468 1055 2513 aut
1082 2453 1319 2512 colorum
1345 2453 1532 2521 adoro,
1557 2457 1716 2519 absit,
1742 2457 1835 2510 sed
1857 2455 1977 2509 ina;

405 2528 604 2580 nimata
638 2527 690 2582 in
719 2526 957 2598 ﬁgurant
977 2527 1176 2582 Christi
1205 2536 1412 2598 tenens,
1455 2542 1553 2597 per
1571 2540 1688 2598 eam
1705 2526 1977 2598 Christum

403 2612 566 2666 spero
604 2595 785 2666 tenere
804 2608 860 2651 et
895 2596 1138 2654 adorare.
1171 2619 1190 2650 ι
1229 2597 1294 2651 Ει
1317 2595 1758 2666 ἰιιΐιιίεωιιιὶιιιιη
1791 2615 1809 2646 ‹
1841 2595 1977 2648 Nam

401 2665 456 2722 et
481 2666 628 2736 ipsos
666 2665 803 2721 ﬁlios
829 2675 1062 2738 nostros,
1087 2678 1140 2738 et
1165 2675 1344 2738 patres
1373 2666 1544 2738 factos
1567 2665 1894 2738 existentes,
1922 2673 1977 2719 et

401 2735 712 2806 peccatores
737 2737 930 2805 saepius
953 2735 1276 2797 osculantur,
1300 2746 1356 2791 et
1381 2753 1484 2790 non
1519 2737 1572 2790 in
1601 2737 1703 2791 hoc
1724 2735 1977 2790 condem-

401 2807 670 2872 nabimur,
707 2823 812 2862 non
854 2815 914 2860 ut
941 2808 1070 2861 deos
1099 2823 1192 2862 eos
1217 2809 1543 2871 osculamur,
1599 2807 1693 2861 sed
1736 2819 1975 2860 amorem

400 2885 601 2948 nostra:
628 2885 855 2948 naturas,
909 2892 1068 2948 quem
1107 2891 1234 2948 erga
1256 2891 1350 2931 eos
1398 2877 1778 2948 habemusper
1812 2891 1974 2948 escu-

401 2945 510 3000 lum
534 2947 885 3002 ostendimus.
926 2944 1112 3002 ‘Sicut
1153 2944 1297 3002 enim
1329 2945 1604 3001 multoties
1629 2944 1738 3000 dixi
1777 2959 1790 2998 :
1827 2944 1976 3000 Mens

398 3023 673 3071 scrutatur
698 3019 750 3072 in
776 3017 920 3071 omni
948 3019 1151 3082 osculo,
1171 3018 1303 3071 etin
1331 3017 1475 3071 omni
1493 3016 1826 3079 adoratione,
1843 3023 1972 3080 etc.,

399 3087 497 3149 sic,
554 3100 588 3140 ο
621 3087 811 3151 homo,
869 3088 1298 3143 Christianorum
1338 3085 1517 3156 populi
1570 3085 1974 3156 quanticunque

399 3156 760 3228 signacrucis
785 3158 1153 3228 etimaginum
1203 3155 1532 3228 osculantur,
1585 3172 1690 3210 non
1736 3155 1972 3224 ipsisve—

2091 574 2462 646 temporalem,
2491 589 2577 628 res
2603 575 2734 642 ipsa,
2769 574 2922 641 cujus
2939 575 3052 644 ipsa
3075 575 3244 644 tigura
3281 583 3419 640 erat,
3452 586 3668 646 praesta-

2089 645 2180 699 bat
2209 646 2372 699 vitam
2394 653 2672 705 aeternam,
2707 653 2814 698 etc.
2862 664 2878 696 ι

2159 714 2290 768 Item
2316 713 2486 768 sancti
2515 711 2798 782 Augustini
2823 713 2887 768 de
2911 713 3049 768 libro
3077 713 3238 767 tertio
3263 723 3464 769 saneta:
3485 713 3668 768 Trini-

2088 783 2235 850 tatis,
2263 784 2404 838 inter
2429 790 2656 837 uetera:
2692 800 2710 832 ι
2739 783 2868 836 Nam
2903 784 3043 838 sicut
3070 783 3255 853 unctio
3276 783 3488 853 lapidis,
3513 782 3668 838 Chri-

2089 862 2230 907 stum
2255 871 2306 908 m
2325 867 2490 908 carne
2517 853 2568 923 in
2591 867 2696 922 qua
2710 860 2904 908 unctus
2925 861 3008 907 est
3031 852 3150 908 oleo
3165 852 3541 908 exsultationis
3558 867 3670 923 prae

2087 921 2698 994 participibus_suis,iita
2724 923 2870 994 virga
2895 923 3064 994 Moysi
3087 939 3346 994 conversa
3371 923 3426 977 in
3448 921 3668 994 serpen-f

2089 991 2194 1046 tem
2236 991 2410 1062 ipsum
2438 992 2711 1046 Christum
2755 991 2954 1047 factum
2985 991 3338 1062 iobedientem
3382 991 3552 1062 usque
3597 993 3667 1046 ad

2085 1060 2316 1117 mortem
2346 1060 2478 1130 ejus,
2507 1062 2668 1132 uude
2686 1062 2781 1127 ait,
2817 1063 2950 1132 sicut
2973 1061 3216 1132 equitavit
3239 1061 3442 1132 Moyses
3465 1060 3670 1132 serpeue

2085 1141 2187 1203 tem
2222 1133 2277 1186 in
2305 1129 2475 1203 eremo
2517 1131 2688 1203 (Psal.
2735 1131 2928 1203 Lxxn).
2969 1131 3083 1203 :_Et
3129 1139 3250 1203 post
3283 1129 3478 1186 cetera
3505 1145 3520 1184 :
3548 1129 3573 1182 ἐ
3607 1129 3666 1185 Si

2085 1201 2356 1256 intuentes
2380 1201 2534 1254 illum
2557 1210 2859 1270 serpentem
2889 1201 3188 1256 exaltatum
3225 1201 3278 1254 in
3309 1215 3514 1264 eremo,
3551 1215 3666 1255 ser-

2084 1279 2305 1340 pentum
2334 1271 2603 1325 morsibus
2624 1269 2728 1340 non
2774 1269 3043 1340 peribunt,
3093 1279 3246 1325 vetus
3297 1271 3457 1325 homo
3480 1280 3668 1324 noster

2084 1337 2375 1396 crucifixus
2406 1349 2488 1395 est
2517 1337 2662 1394 cruci
2691 1337 2814 1394 cum
2839 1340 2959 1394 illo:
3009 1353 3108 1409 per
3127 1347 3430 1409 serpentem
3481 1349 3662 1393 autem

2084 1425 2232 1466 mors
2275 1409 2610 1478 intelligitur,
2651 1425 2770 1478 qure
2814 1409 2952 1465 facta
3005 1418 3089 1464 est
3127 1425 3156 1463 a
3194 1416 3442 1478 serpente
3465 1409 3519 1462 in
3561 1424 3661 1478 pag

2084 1453 2303 1547 radiso,
2347 1453 2507 1534 modo
2559 1453 2844 1534 locutionis
2904 1493 3001 1548 per
3044 1453 3361 1533 efﬁcientem
3418 1479 3469 1532 id
3517 1453 3661 1547 quod

2083 1549 2331 1605 efficitur.
2415 1550 2828 1604 Demonstrante
2868 1564 2998 1618 ergo
3051 1549 3204 1618 virga
3263 1549 3345 1618 in,
3386 1556 3658 1618 serpente,

2083 1618 2329 1675 Christus
2358 1619 2412 1673 in
2439 1627 2630 1682 morte,
2679 1627 2733 1672 et
2757 1616 2979 1688 serpens
3013 1616 3200 1672 rursus
3222 1618 3275 1671 in
3299 1616 3665 1688 virga,’Chri-

2083 1697 2200 1759 stus
2245 1689 2298 1744 in
2329 1688 2740 1753 resurrectione,
2775 1687 2920 1744 totus
2946 1689 3000 1742 in
3039 1702 3264 1759 corpore
3292 1701 3391 1742 suo
3419 1687 3560 1756 quod
3579 1692 3664 1741 est

2082 1758 2344 1824 Ecclesia,
2377 1767 2483 1814 etc.
2524 1778 2542 1810 ι

2154 1829 2284 1884 item
2327 1827 2472 1884 beati
2493 1827 2781 1898 Augustini
2805 1829 2859 1883 in
2899 1828 3040 1882 libro
3072 1826 3243 1898 Exodi
3273 1826 3656 1898 interca’tera:

2160 1899 2362 1953 (Facta
2375 1895 2666 1964 credimus,
2701 1899 3147 1968 quemadmodum
3181 1895 3320 1950 facta
3333 1895 3576 1966 legimus,
3608 1903 3664 1948 et

2084 1974 2263 2038 iamen
2285 1969 2398 2038 ipsa
2427 1968 2568 2023 facta
2597 1966 2843 2022 umbram
2884 1966 3046 2038 fuisse
3073 1967 3423 2038 futurorum,_
3449 1971 3664 2038 aposto-

2082 2037 2186 2092 lica
2208 2034 2453 2094 doctrina
2481 2038 2873 2108 cognoscimus.
2925 2037 3185 2108 Putamus
3197 2051 3324 2106 ergo
3348 2034 3664 2104 spiritaliter

2081 2121 2201 2163 esse
2217 2105 2584 2178 investiganda
2603 2124 2722 2178 quae
2742 2105 2883 2161 facta
2906 2115 3051 2172 sunt,
3080 2106 3220 2161 facta
3239 2105 3418 2160 tamen
3435 2118 3556 2158 esse
3569 2119 3663 2159 ne-

2080 2193 2208 2250 gafe
2227 2194 2330 2250 non
2353 2186 2644 2250 possumus
2663 2219 2678 2242 ,
2710 2186 2815 2232 etc.
2854 2197 2872 2228 ι

2149 2247 2280 2319 Item
2305 2241 2419 2319 ip'se
2446 2249 2499 2302 in
2533 2247 2739 2319 psalmo
2785 2261 2964 2319 LXXI:_
3009 2264 3028 2298 ‹
3064 2244 3178 2300 Imo
3199 2243 3310 2313 jam
3346 2243 3400 2298 in
3444 2241 3662 2298 nomine

2079 2315 2280 2388 Christi
2321 2315 2508 2388 venire
2535 2315 2906 2388 gaudeamus,
2945 2315 3059 2388 jam
3097 2321 3660 2388 tenuentesusceptrum

2079 2383 2382 2442 subdantur
2407 2383 2778 2457 ligno—crucis,
2811 2386 2923 2454 jam
2951 2383 3028 2441 Iit
3057 2387 3197 2455 quod
3224 2383 3659 2456 prtedictumest,

2079 2457 2526 2528 adorabuntieum
2554 2473 2728 2528 omnes
2758 2473 2896 2528 reges
2935 2466 3110 2528 terror,
3143 2462 3530 2528 autnesugentes
3551 2467 3660 2506 ser-

2079 2528 2211 2599 viant
2243 2527 2320 2599 itii
2361 2526 2534 2599 (Paul.
2577 2525 2748 2598 ωωιι).
2787 2523 2905 2599 Iam
2929 2527 3074 2580 enim
3099 2526 3151 2579 in
3175 2523 3444 2599 frontibus
3468 2535 3658 2599 regum

2075 2593 2459 2667 pretiosius‘est
2477 2597 2686 2667 signum
2699 2593 2877 2667 crucis
2889 2611 3048 2665 quam
3061 2593 3619 2667 gemmadiadematis.
3635 2609 3654 2641 ι

2147 2665 2276 2721 Item
2289 2661 2657 2739 Augustinide
2683 2666 2792 2739 ﬁlio
2804 2661 3033 2739 Abraha:
3049 2661 3208 2739 ducto
3221 2665 3288 2718 ad
3311 2661 3662 2739 sacriﬁcium,

2077 2731 2454 2792 inter-caetera:
2489 2755 2507 2788 ς
2540 2735 2656 2791 Non
2683 2737 2824 2790 enim
2852 2735 3054 2791 frustra
3074 2735 3203 2789 moti
3227 2735 3375 2792 estis.
3406 2747 3528 2786 cum
3555 2731 3660 2784 hoc

2077 2805 2332 2873 dicerem,
2361 2823 2492 2862 cruat
2515 2823 2714 2861 cornua
2747 2805 2928 2860 Imbet:
2961 2804 3193 2860 sicrnim
3223 2805 3328 2857 duo
3351 2801 3490 2872 ligna
3507 2815 3657 2873 eom-

2073 2871 2367 2945 pinguntur
2390 2877 2443 2932 in
2473 2891 2550 2942 se,
2585 2883 2647 2930 ut
2686 2876 2914 2946 speciem
2963 2875 3140 2946 erucis
3167 2871 3436 2946 reddant.
3504 2871 3660 2946 Sicut

2075 2939 2205 3018 ergo
2241 2948 2479 3018 imagine
2519 2939 2928 3018 crucis—utultis
2972 2944 3106 3000 locis
3129 2944 3496 3018 videmus,__ut
3525 2939 3657 3018 [iant

2074 3010 2181 3070 duo
2204 3010 2422 3088 cornua,
2464 3017 2658 3088 quibus
2685 3015 2979 3088 inﬁgantur
3009 3030 3219 3088 manus,
3245 3011 3518 3088 cornibus
3538 3010 3652 3065 hae-

2075 3092 2282 3140 rentem
2309 3081 2534 3142 arietem
2559 3081 2874 3140 cruciﬁxum
2899 3085 3184 3140 Dominum
3209 3081 3385 3146 video,
3423 3087 3530 3134 etc.
3571 3099 3590 3130 ι

2146 3156 2277 3210 Item
2291 3158 2462 3211 sancti
2476 3156 2750 3212 Severiani
2776 3155 3092 3211 Gabalensis
3109 3154 3176 3208 de
3187 3166 3434 3208 sermone
3455 3158 3656 3205 sancta!

399 3205 730 3309 ingrationem
759 3228 916 3308 lignis
943 3205 1036 3309 siit
1061 3205 1325 3309 lapidibus
1345 3205 1644 3309 pi'ofelju-ut,
1699 3205 1968 3309 auriauro,
1999 3205 2044 3268 ο
2077 3227 2274 3308 crucis,
2308 3227 2448 3282 inter
2475 3235 2670 3282 cmtera
2695 3245 2706 3279 :
2755 3244 2773 3278 ‹
2811 3225 2978 3309 Putas
3021 3241 3128 3280 non
3151 3233 3269 3307 erat
3291 3221 3500 3304 justum
3525 3219 3652 3309 dici,

398 3301 492 3348 aut
517 3306 785 3368 corrupue
803 3295 1050 3367 imagini,
1079 3295 1170 3352 aut
1205 3295 1444 3368 lipsanis,
1485 3297 1580 3351 sed
1615 3311 1713 3365 per
1747 3295 1838 3350 illa
1863 3295 1974 3368 Deo

399 3365 653 3434 creatori,
693 3367 785 3433 qui
812 3372 864 3418 et
888 3365 1073 3422 eorum
1095 3377 1150 3421 et
1185 3365 1424 3422 omnium
1467 3375 1680 3422 creator
1718 3375 1820 3430 est,
1863 3365 1975 3434 glo-

401 3433 536 3486 riam
567 3441 621 3486 et
640 3435 904 3498 osculum,
937 3444 991 3488 et
1011 3436 1410 3490 venerationem
1445 3436 1697 3490 offerunt.
1734 3455 1752 3487 ι
1802 3433 1975 3490 Ειίίιι-

401 3500 479 3554 fra
499 3515 536 3575 :_
556 3521 574 3551 ι
603 3501 703 3575 Qui
737 3503 882 3557 enim
909 3505 1084 3575 diligit
1105 3505 1336 3575 amicum
1367 3520 1543 3575 suum,
1573 3515 1664 3558 aut
1687 3512 1975 3575 regem,et

399 3571 570 3642 magis
620 3573 754 3628 bene
780 3571 1077 3630 merentem
1107 3574 1219 3628 sive
1265 3572 1431 3627 ﬁlium
1459 3573 1575 3640 ejus
1613 3571 1820 3636 videns,
1861 3574 1975 3628 sive

403 3641 626 3710 virgam,
651 3643 764 3698 sive
785 3644 986 3708 sedem,
1013 3645 1124 3698 sive
1149 3659 1427 3708 coronam,
1456 3645 1568 3698 sive
1597 3644 1832 3705 domum,
1862 3643 1976 3697 sive

399 3725 613 3766 servum
639 3719 826 3768 tenens
857 3715 1132 3769 osculatur
1152 3725 1207 3768 ct
1231 3715 1459 3768 honorat
1498 3728 1595 3782 per
1617 3714 1716 3767 hos
1737 3713 1976 3782 benefa-

399 3790 622 3854 ctorem,
650 3790 705 3835 et
717 3784 886 3854 magis
901 3786 1086 3839 Deum.
1127 3783 1350 3851 Quando
1373 3781 1518 3836 enim
1541 3782 1691 3854 vides
1711 3781 1976 3854 Christia-

399 3851 1072 3924 nusadorantes—rerueem,
1115 3867 1398 3924 cognosce,
1433 3853 1686 3924 quoniam
1713 3851 1975 3924 ctjicilixo

397 3919 615 3975 Christo
637 3922 1002 3995 ador-titionem
1033 3919 1313 3995 proferunt
1333 3931 1387 3976 et
1415 3919 1519 3995 non
1543 3922 1731 3995 Iigno._
1761 3919 1896 3974 Nam
1927 3921 1972 3976 si

397 3999 646 4044 naturam
675 3990 802 4060 ligni
833 3990 1070 4048 venerati
1096 4001 1296 4057 essent,
1323 3993 1544 4048 omnino
1568 3999 1624 4046 et
1657 3991 1895 4054 arbores,
1921 3998 1975 4046 et

397 4074 620 4114 nemora
651 4059 956 4127 adorarent,
996 4065 1136 4119 sicut
1167 4072 1220 4115 et
1247 4071 1302 4115 tu
1330 4061 1618 4130 aliquando
1652 4059 1815 4115 Israel
1851 4061 1976 4116 ado-

397 4130 556 4184 rabas
589 4130 772 4185 dicens
813 4134 993 4187 arbori
1033 4144 1086 4188 et
1111 4134 1253 4201 ligno
1289 4146 1304 4185 :
1338 4129 1432 4184 Tu'
1461 4132 1587 4185 mihi
1610 4148 1662 4184 es
1721 4131 1877 4201 Deus,
1924 4139 1972 4184 et

397 4209 455 4252 tu
501 4215 583 4274 me
627 4203 850 4274 genuisti
887 4203 1103 4271 (Jerem.
1137 4200 1218 4274 ιι).
1283 4201 1569 4274 Ειερίιιοιι
1619 4202 1698 4274 sic
1745 4200 1974 4274 dicimus

397 4269 568 4342 cruci,
601 4285 780 4342 neque
805 4269 989 4342 ﬁguris
1018 4269 1650 4342 sanctorumfdiinostri
1695 4271 1836 4342 estis,
1863 4287 1972 4342 non

397 4338 539 4410 enim
563 4338 784 4410 sunt’dii
818 4338 1008 4409 nostri,
1065 4343 1158 4398 sed
1203 4341 1583 4410 similitudines
1610 4349 1664 4395 et
1711 4341 1972 4410 imagines

395 4405 617 4473 Christi,
641 4418 692 4464 et
709 4405 1016 4466 sanctorum
1054 4411 1188 4480 ejus,
1213 4422 1263 4465 et
1287 4409 1366 4480 ad,
1383 4411 1698 4465 memoriam
1730 4419 1786 4464 et
1805 4405 1974 4466 Hono-

397 4492 530 4541 rem,
563 4488 619 4534 et
651 4480 896 4535 decorem
919 4479 1264 4538 ecclesiarum
1287 4479 1644 4548 adjacentium
1666 4488 1721 4536 et
1743 4481 1972 4535 adoran-

2074 3295 2121 3350 si
2155 3289 2276 3366 quis
2309 3306 2548 3371 vestrum
2591 3313 2802 3371 morsus
2845 3295 3035 3371 fuerit,
3064 3289 3318 3371 respiciat
3367 3292 3421 3371 in
3454 3289 3655 3371 cmluni

2074 3361 2287 3422 sursum
2325 3369 2390 3421 ad
2417 3369 2604 3433 Deum,
2635 3376 2690 3422 et
2711 3367 3038 3422 salvabitur?
3099 3361 3172 3420 Ut
3193 3365 3337 3417 enim
3361 3370 3424 3433 et
3449 3361 3655 3414 attendi

2073 3436 2211 3512 emlo
2268 3437 2550 3512 relinquat,
2591 3431 2698 3490 non
2748 3436 2921 3512 potuit
2948 3437 3162 3512 dicere,
3194 3433 3250 3512 si_
3283 3431 3404 3512 quis
3439 3445 3653 3512 morsus

2073 3505 2256 3569 fuerit,
2284 3498 2509 3575 aspiciat
2531 3498 2804 3560 lucernam
2833 3504 3070 3570 luminis,
3093 3515 3146 3557 et
3177 3498 3507 3556 salvabilur?
3554 3498 3657 3553 Aut

2073 3575 2298 3642 aspiciat
2321 3577 2388 3629 ad
2423 3591 2662 3630 mensam
2690 3575 3068 3643 propositionis
3089 3581 3399 3643 sanctorum
3428 3584 3650 3643 panum,

2073 3639 2474 3698 et'salvabitur?
2533 3645 2640 3698 Aut
2669 3639 2736 3698 ad
2767 3639 2954 3708 altare,
2997 3651 3087 3696 aut
3119 3643 3186 3696 ad
3226 3641 3424 3702 velum,
3467 3648 3561 3692 aut
3597 3639 3654 3692 in

2073 3728 2277 3800 arcam,
2312 3713 2814 3800 aut-inlimaginetp
2837 3713 3118 3800 eherubin,
3175 3719 3274 3800 aut]
3302 3708 3650 3800 in.‘pt;opitila-

2053 3780 2292 3848 'torium,
2321 3784 2414 3836 sed
2429 3783 2564 3838 nihil
2595 3777 2874 3837 horum'ad
2911 3781 3146 3836 medium
3173 3777 3400 3836 adduxit
3438 3777 3654 3848 legisla-

2073 3860 2160 3904 tor
2181 3867 2426 3918 magnus,
2464 3852 2556 3908 sed
2572 3853 2739 3909 solam
2768 3853 2884 3906 fixit
2905 3853 3082 3906 erucis
3103 3851 3412 3920 imaginem,
3437 3855 3496 3920 et
3513 3848 3653 3902 hanc

2072 3933 2168 3992 per
2196 3917 2536 3976 maledictum
2567 3932 2890 3992 serpentem.
2939 3921 3033 3992 Dic
3059 3922 3188 3976 mihi
3213 3917 3270 3975 ut
3293 3919 3460 3992 ﬁdelis
3475 3917 3650 3992 famu-

2075 3987 2177 4055 Ius,
2217 3992 2360 4059 quod
2391 3987 2672 4048 interdicis
2691 3991 2844 4057 facis,
2894 3991 3037 4060 quod
3067 3990 3437 4060 abrenuntias,
3474 3987 3647 4060 indili-

2073 4075 2185 4141 cas,
2215 4056 2306 4141 qui
2328 4062 2482 4122 dicis.
2497 4056 3121 4141 Norifac’iesseuiptiIe-et
3140 4059 3294 4141 fusile
3311 4056 3648 4141 (Εττοάκιιί)3

2073 4127 2273 4200 sculpis
2295 4139 2594 4201 serpentem
2610 4127 2650 4185 ?'
2709 4131 2816 4190 Sed
2856 4127 2946 4185 illa
2982 4127 3195 4200 quidem
3235 4127 3352 4201 lege
3375 4127 3547 4201 posui,
3591 4127 3652 4180 nt

2075 4199 2328 4256 materias
2375 4199 2682 4256 abscindam
2732 4199 3042 4271 impietatis,
3106 4209 3170 4271 et
3198 4200 3452 4270 populum
3508 4199 3652 4271 hunc

2073 4285 2258 4324 eruam
2315 4271 2461 4326 omni
2510 4271 2771 4326 idolorum
2809 4264 3040 4327 cultura.
3133 4264 3286 4324 Nunc
3339 4279 3514 4323 autem
3571 4264 3652 4322 cf-

2074 4337 2592 4421 fundorserpenleni,
2633 4351 2691 4396 ut
2713 4341 3050 4412 pueligurem
3081 4341 3368 4411 imaginem
3399 4338 3648 4394 Salvato-

2075 4420 2178 4475 ris,
2212 4420 2316 4466 etc.
2344 4432 2362 4463 ι

2144 4481 2276 4536 Item
2301 4480 2470 4536 sancti
2501 4477 2784 4547 Augustini
2821 4481 2886 4535 ad
2921 4479 3240 4543 Dulcilium,
3271 4479 3325 4533 in
3354 4476 3680 4548 quaestione.

399 4548 562 4620 tium.
629 4549 731 4616 Qui
751 4551 896 4620 enim,
936 4553 1164 4608 honorat
1187 4546 1498 4620 martyrem,
1531 4551 1697 4605 Deum
1721 4551 1965 4620 honorat,
2003 4546 2050 4606 D
2073 4549 2126 4615 6,
2164 4551 2230 4606 de
2253 4551 2517 4606 Samuelis
2546 4546 2811 4620 imagine:
2847 4569 2864 4599 ι
2904 4551 3091 4605 Solent
3115 4551 3336 4620 enimiin
3364 4546 3651 4617 scripturis

395 4624 450 4669 et
473 4619 575 4691 qui
599 4627 827 4691 matrem
855 4619 971 4688 ejus
992 4623 1238 4688 honorat,
1268 4619 1368 4691 ipsi
1391 4620 1500 4674 Deo
1517 4621 1774 4676 honorem
1790 4619 1962 4682 offert,

395 4695 451 4738 et
485 4687 576 4756 qui
627 4687 916 4758 apostolum
963 4693 1208 4759 honorat,
1263 4687 1351 4762 qui
1407 4691 1546 4744 misit
1581 4707 1700 4746 eum
1747 4691 1968 4746 honorat

399 4751 719 4827 (.I!_ault._x),
743 4767 845 4812 etc.
879 4779 896 4812 I

483 4764 612 4808 αιιιι.
643 4764 719 4820 x),
743 4767 845 4812 etc.
879 4779 896 4812 ι

466 4823 598 4904 Item
621 4823 765 4904 beati
821 4827 1128 4904 Augustini,
1185 4830 1252 4885 de
1279 4844 1344 4904 eo
1372 4831 1514 4899 quod
1549 4830 1795 4904 apparuit
1827 4830 1969 4890 Deus

397 4890 590 4972 qusi,
639 4897 779 4950 etde
803 4890 949 4967 virga
974 4908 1027 4972 ei
1062 4890 1224 4972 manu
1253 4890 1490 4972 coiofata
1534 4890 1751 4972 etiaqua
1775 4901 1829 4954 in
1845 4916 1970 4972 sun-

395 4968 632 5037 guinem,
662 4971 716 5018 et
741 4968 1116 5037 postqumdam
1148 4969 1460 5037 interposita
1487 4968 1790 5036 subjunxit:
1828 4970 1970 5024 «Sic-

395 5029 453 5083 ut
505 5029 1001 5107 Moyses—exaltari:
1031 5029 1314 5107 serpentem
1346 5039 1400 5090 in
1423 5029 1615 5103 eremo,
1648 5040 1722 5092 ita
1748 5038 1969 5094 exaltari

396 5101 1178 5178 oportetFilium_(taurinis,'ut
1225 5108 1391 5162 omnis
1415 5101 1714 5178 qttircredit
1754 5111 1810 5162 in
1852 5125 1968 5162 eum

396 5184 501 5224 non
521 5181 712 5240 pereat,
737 5173 828 5228 sed
840 5175 1030 5248 [iubeat
1056 5177 1209 5229 vitam
1225 5173 1494 5248 a'ternain,
1521 5177 1623 5232 hoc
1642 5186 1726 5232 est
1747 5179 1970 5248 quicun-

395 5253 502 5307 que
524 5255 812 5316 percussus
833 5243 994 5316 fuerit
1013 5259 1044 5316 a
1064 5245 1402 5316 serpentibus
1423 5243 1787 5316 peccatorum,
1814 5247 1970 5302 Chri-

395 5317 538 5363 stum
563 5309 856 5380 intueatur,
883 5321 938 5368 et
959 5309 1179 5370 habebit
1197 5309 1484 5370 sanitatem
1507 5316 1563 5370 in
1593 5309 1967 5373 remissionem

393 5388 760 5449 peccatorum.
795 5403 814 5435 ι

463 5448 594 5531 iiem
611 5449 848 5531 ejusdem
863 5456 1030 5531 sancti
1044 5453 1328 5531 Augustini
1351 5453 1784 5531 superJoannem
1801 5472 1966 5512 evan-

393 5519 658 5588 gelistam,
711 5521 778 5576 de
807 5523 994 5578 eodem
1035 5519 1281 5581 sermone
1307 5519 1523 5580 humilia
1568 5527 1709 5581 inter
1735 5536 1962 5582 caetera:

399 5587 420 5638 ἀ
440 5587 659 5644 Interim
675 5593 855 5664 modo,
888 5592 1104 5664 fratres,
1130 5604 1189 5650 ut
1213 5611 1242 5649 a
1270 5604 1490 5664 peccato
1509 5611 1782 5662 sanentur,
1802 5596 1966 5652 Citri-

395 5667 536 5737 stum
558 5662 887 5737 crucifixum
916 5663 1237 5737 intueamur,
1269 5662 1403 5737 quia
1430 5667 1563 5737 sicut
1596 5667 1968 5737 illoyse§_exal-

395 5729 534 5806 t_avit_
557 5743 843 5806 serpentem
872 5735 928 5806 in_
949 5751 1138 5806 eremo,
1167 5729 1241 5806 ita
1285 5729 1508 5806 exaltari
1537 5729 1732 5806 oportét
1767 5735 1966 5792 Filium

393 5797 615 5856 hominis
641 5797 826 5864 Uoun.
855 5802 959 5875 ιιι).
1021 5797 1133 5876 Hoc
1153 5805 1297 5862 enim
1327 5805 1551 5861 interest
1567 5797 1718 5862 inter
1740 5806 1964 5878 figuram

2072 4621 2332 4691 imagines
2354 4637 2537 4676 earum
2562 4619 2741 4691 rerum
2779 4620 3084 4674 nominibus
3102 4619 3377 4689 appellari,
3421 4631 3648 4691 quarum

2068 4686 2327 4759 imagines
2347 4697 2492 4758 sunt,
2533 4690 2672 4745 sicut
2697 4691 2876 4744 omnia
2905 4705 3026 4760 qua:
3045 4686 3337 4760 pinguntur
3355 4686 3518 4760 atque
3537 4686 3648 4760 _ﬁn—-

2068 4755 2267 4829 guntur
2295 4755 2558 4836 exaliqua
2581 4761 2804 4836 materie
2830 4755 3064 4836 meialii,
3084 4755 3348 4836 alii'ligni,
3373 4755 3649 4836 velcujus-

2067 4832 2390 4902 cunqueirei
2415 4839 2553 4902 aptae
2574 4829 2639 4883 ad
2673 4845 2846 4902 opera
2863 4829 3188 4902 huiusmodi,
3209 4829 3354 4902 qua:
3378 4829 3540 4882 etiam
3567 4829 3648 4881 vi-

2068 4898 2264 4954 dentur
2286 4901 2338 4956 in
2361 4898 2581 4962 somnis,
2623 4909 2678 4954 et
2705 4898 2894 4953 oumes
2923 4899 3035 4954 fere
3061 4898 3324 4968 imagines
3347 4912 3532 4968 earum
3563 4909 3648 4954 ra-

2068 4985 2185 5024 rum
2207 4985 2308 5039 qua
2319 4985 2434 5023 rum
2456 4970 2716 5039 imagines
2727 4976 2850 5039 sunt
2863 4969 3115 5039 appellari
3129 4964 3436 5039 nominibus
3449 4964 3642 5022 solent.

2067 5037 2487 5119 QuisénimAest,
2529 5037 2622 5119 qui
2657 5038 2930 5119 hominem
2955 5037 3158 5119 pictum
3193 5037 3400 5092 dubitet
3449 5047 3646 5119 vocare

2067 5109 2374 5184 hominem?
2402 5107 2832 5184 quandoquidem
2855 5114 2908 5160 et
2929 5107 3259 5184 singulorum
3305 5117 3644 5184 quorumtu

2066 5179 2328 5246 picturam
2358 5173 2481 5232 cuin
2507 5173 2816 5246 aspicimus,
2846 5173 3062 5247 propria
3087 5191 3298 5246 quoque
3321 5173 3644 5247 nomi_na_in-

2068 5241 2381 5302 cunctanter
2417 5241 2748 5311 adhibemus,
2797 5241 3087 5301 velut—cum
3105 5241 3381 5302 intuentes
3407 5241 3644 5298 tabulam

2067 5327 2159 5370 aut
2184 5317 2439 5385 parietem
2463 5316 2709 5381 dicimus,
2751 5315 2838 5371 ille
2865 5316 3054 5371 Cicero
3093 5323 3194 5381 est,
3233 5314 3324 5385 ille
3351 5312 3640 5385 Salustius,

2067 5387 2157 5456 ille
2179 5381 2432 5456 Achilles,
2487 5385 2579 5456 ille
2603 5385 2820 5450 Ilector,
2849 5385 2964 5456 hoc
3013 5386 3210 5440 ﬂumen
3253 5383 3466 5456 Symois
3489 5425 3513 5456 ,ί
3549 5381 3640 5436 illa

2067 5455 2260 5511 Roma.
2319 5455 2462 5526 Cum
2483 5455 2627 5510 aliud
2649 5456 2780 5509 nihil
2815 5455 2958 5526 sint,
2986 5471 3143 5524 quam
3173 5455 3329 5525 pictae
3356 5455 3642 5526 imagines,

2066 5528 2207 5582 unde
2247 5525 2680 5598 cherubimcum
2717 5525 3092 5598 sintcoelilus
3119 5524 3430 5598 potestates,
3475 5524 3642 5581 facta

2069 5605 2245 5652 tamen
2277 5613 2343 5653 ex
2373 5595 2608 5676 metallo,
2665 5596 2806 5665 quod
2843 5595 3132 5676 imperavit
3153 5597 3314 5676 Deus,
3357 5609 3518 5676 super
3547 5607 3640 5676 arf-

2067 5667 2514 5746 ca_1n_testamcn_ti
2548 5663 2865 5746 Inagn2e__rei
2897 5663 3258 5746 signiﬁcanda?
3297 5663 3638 5746 gratian‘non

2066 5737 2208 5792 aliud
2237 5752 2395 5806 quam
2433 5733 2827 5808 cherubimilla
2865 5733 3079 5808 quoque
3119 5733 3628 5808 ﬁgmentavocitan;

2067 5819 2172 5862 tur.
2245 5795 2374 5863 Item
2411 5805 2653 5878 quisquis
2678 5806 2820 5862 videt
2863 5795 3294 5874 somniuman
3333 5807 3480 5866 dicit.
3528 5795 3649 5865 vidi.
