4018 6178
477 384 603 439 1551

1371 382 1431 436 Β.
1467 381 1715 439 CAROLI
1751 381 1962 438 MAGNI
1995 380 2146 437 OPP.
2186 382 2365 437 PARS
2396 382 2458 436 Il.
2502 381 2741 438 SECTlO
2778 382 2838 437 ll.

3546 382 3658 441 1333

474 497 761 572 imaginem
789 495 1215 572 Augirstininaut
1258 495 1620 567 Simpliciani,
1675 496 1768 551 sed
1796 497 1903 550 vidi
1928 500 2041 551 Au—
2072 499 2119 558 Α
2145 497 2289 572 enim
2333 498 2424 567 qui
2472 496 2691 572 injuriat
2736 496 3023 572 imaginem
3077 494 3443 572 imperatoris,
3480 511 3657 566 pceaam

471 564 744 637 gustinum
766 564 1350 637 7aut'77Simplicianum,
1376 564 1514 621 cum
1564 581 1630 637 eo
1658 573 1896 635 tempore
1938 582 2045 635 quo

473 634 582 691 tale
612 635 814 705 aliquid
838 634 989 699 vidit,
1015 634 1114 705 nos
1142 635 1530 705 ignoraremus.
1546 704 1553 705 7
1568 634 1750 703 Usque
1774 634 1910 691 adeo
1933 634 2045 690 ma-

472 704 731 760 nifestum
758 712 859 775 est,
887 720 993 759 non
1024 704 1440 775 ipsoshomines,
1468 704 1559 775 sed
1588 704 1847 775 imagines
1859 721 2045 759 eorum

472 775 664 839 videri,
689 784 743 830 et
768 774 976 828 Pharao
995 775 1170 842 spicas
1199 789 1256 829 se
1283 774 1479 829 vidisse
1507 773 1641 829 dixit
1663 773 1719 828 in
1741 775 1961 839 somnis,
1991 784 2046 829 et

471 844 660 908 boves,
684 860 788 899 non
826 844 1094 914 spicarum
1116 852 1172 897 et
1207 843 1369 897 boum
1390 843 1669 911 imagines.
1710 843 1767 897 Si
1793 844 2043 914 igiturli-

476 914 637 983 qni'do
665 912 1204 983 constat-nominibus
1228 926 1414 983 earum
1426 927 1643 983 rerum,
1664 912 1890 981 quarum
1912 913 2046 983 ima-

475 981 629 1053 gines
656 991 797 1045 sunt,
837 982 1053 1053 easdem
1097 981 1359 1053 imagines
1393 981 1671 1053 appellari,
1707 997 1814 1036 non
1844 982 2045 1053 mirum

475 1050 559 1107 est
605 1053 748 1121 quod
793 1050 1056 1121 scriptura
1094 1051 1245 1116 dicit,
1290 1050 1585 1107 Samuelem
1625 1052 1789 1106 visum
1832 1050 1884 1123 (Ι
1913 1051 2042 1122 Reg.

478 1121 693 1191 xxvm),
718 1130 824 1191 etc.
866 1141 885 1173 ι
1025 1190 1033 1191 7
1096 1190 1143 1191 77
1274 1188 1289 1191 _
1352 1189 1375 1191 _
1522 1190 1527 1191 7
1647 1188 1689 1191 77
1748 1190 1756 1191 7

478 1130 693 1185 xxvm),
718 1130 824 1176 etc.
866 1141 885 1173 ι

543 1188 676 1245 Item
707 1189 990 1246 Augustini
1021 1190 1074 1245 in
1092 1190 1231 1245 libro
1258 1188 1326 1245 de
1351 1189 1605 1245 Doctrina
1632 1188 1934 1245 Christiana
1962 1206 2046 1246 se-

475 1261 677 1316 cundo:
722 1279 740 1309 ι
777 1259 998 1329 Signum
1036 1268 1121 1329 est
1141 1260 1283 1314 enim
1307 1273 1393 1329 res
1418 1267 1611 1329 praeter
1629 1259 1860 1328 speciem
1883 1275 2045 1329 quam

474 1329 672 1399 ingerit
701 1327 946 1385 sensibus
968 1328 1111 1399 aliud
1147 1328 1349 1399 aliquid
1370 1327 1436 1382 ei
1462 1343 1519 1399 se
1555 1327 1759 1384 faciens
1792 1330 1853 1399 in
1893 1327 2044 1399 cogi-

474 1397 733 1469 tationem
772 1399 973 1469 venire,
1024 1398 1167 1454 sicut
1201 1397 1427 1469 vestigio
1454 1398 1604 1469 viso,
1636 1397 1896 1469 transisse
1931 1397 2047 1455 ani-

477 1468 581 1522 mal
597 1467 750 1535 cujus
764 1467 1047 1537 vestigium
1060 1477 1143 1523 est
1154 1466 1471 1537 cogitamus,
1487 1475 1540 1521 et
1560 1468 1674 1522 viso
1688 1466 1855 1533 fumo,
1870 1468 2046 1537 ignem

475 1538 698 1595 subesse
726 1538 1117 1607 cognoscimus.
1142 1536 1426 1607 Signurum
1458 1536 1623 1607 igitur
1671 1537 1774 1591 alia
1810 1536 1934 1593 sunt
1954 1554 2047 1592 na-

476 1607 688 1669 turalia,
717 1604 819 1660 alia
847 1606 991 1661 data.
1050 1604 1226 1675 Signa'
1239 1604 1365 1661 data
1389 1604 1533 1671 sunt,
1560 1622 1679 1675 quae
1706 1607 1964 1661 divinitus
1991 1608 2045 1662 in

476 1675 769 1746 Scripturis
788 1677 991 1746 sanctis
1016 1676 1377 1741 continentur,
1408 1692 1506 1745 per
1520 1676 1764 1731 homines
1791 1676 1944 1731 nobis
1966 1677 2047 1730 in-

474 1746 651 1800 dicata
669 1753 811 1810 sunt,
843 1745 936 1815 qui
962 1761 1025 1801 ea
1059 1745 1512 1814 conscripserunt,
1541 1754 1597 1801 et
1638 1753 1849 1815 cretera.
1908 1745 2045 1799 Ante

474 1816 655 1869 omnia
678 1816 840 1885 igitur
863 1814 997 1885 Opus
1009 1821 1092 1871 est
1114 1815 1207 1869 Dei
1237 1816 1483 1885 timorem
1513 1814 1753 1870 converti
1768 1815 1835 1870 ad
1848 1829 2046 1885 cogno-

474 1882 727 1939 scendam
756 1882 871 1953 ejus
892 1882 1218 1938 voluntatem
1247 1884 1376 1953 quid
1408 1885 1564 1939 nobis
1587 1882 1939 1952 appetendum
1964 1884 2047 1939 fu-

474 1953 831 2024 giendumque
850 1954 1142 2023 praecipiat.
1176 1974 1195 2024 ι
1249 1953 1319 2024 Et
1341 1953 1518 2009 infra:
1577 1971 1594 2003 ι
1630 1953 1762 2008 lllud
1796 1954 1938 2024 quod
1963 1964 2048 2010 est

472 2022 767 2077 Secundum
791 2022 1156 2094 institutiones
1179 2023 1471 2094 hominum,
1495 2024 1691 2094 partim
1711 2022 2047 2094 superstitio-

472 2107 598 2162 sum
628 2100 730 2157 est,
772 2093 968 2161 partim
993 2108 1100 2148 non
1122 2100 1225 2148 est.
1304 2091 1748 2162 Superstitiosum
1773 2091 1856 2148 est
1884 2094 2044 2162 quid-

474 2160 604 2230 quid
628 2160 934 2217 institutum
956 2170 1041 2218 est
1070 2163 1139 2218 ab
1164 2160 1472 2218 hominibus
1510 2162 1576 2216 ad
1600 2161 1839 2217 facienda
1874 2160 1929 2217 et
1960 2178 2046 2219 co-

471 2231 627 2286 lenda
650 2231 791 2286 idola
815 2232 1112 2301 pertinens,
1164 2231 1245 2285 vel
1288 2232 1355 2286 ad
1381 2231 1657 2287 colendam
1688 2233 1828 2287 sicut
1876 2231 2045 2287 Deum

470 2309 792 2355 creaturam.
818 2300 844 2354 3
865 2302 1012 2356 ——Et
1031 2308 1152 2371 post
1164 2314 1331 2371 pauca
1345 2302 1398 2355 in
1412 2300 1597 2356 eodem
1615 2301 1857 2371 sequitur
1874 2301 2011 2357 libro
2028 2319 2041 2355 :

476 2388 509 2441 (7
529 2371 799 2441 Appetunt
834 2378 1013 2428 tamen
1041 2386 1227 2427 omnes
1248 2372 1534 2441 quamdam
1559 2371 1971 2426 similitudinem
1991 2372 2045 2426 in

470 2440 838 2522 signiﬁcando,
871 2443 1054 2522 utipsa
1070 2442 1241 2522 signa,
1330 2449 1593 2522 quantum
1614 2449 1841 2522 possunt
1863 2441 2042 2522 rebus,

470 2509 985 2590 quaesignificantur
1012 2509 1205 2590 similia
1236 2509 1365 2590 sint,
1390 2512 1485 2566 sed
1505 2509 1631 2580 quia
1655 2511 1838 2590 multis
1861 2510 2047 2590 modis

471 2579 875 2651 similealiquid
900 2580 1062 2636 alicui
1101 2588 1279 2651 potest
1306 2594 1443 2644 esse,
1487 2579 1592 2635 nea
1626 2588 1891 2651 constant
1917 2579 2044 2635 talia

470 2649 622 2719 signa
650 2649 791 2704 inter
810 2650 1074 2715 homines,
1102 2649 1229 2706 'nisi
1264 2664 1561 2705 consensus
1600 2649 1839 2715 accedat,
1880 2650 1934 2704 in
1962 2651 2044 2719 pi-

469 2718 641 2775 cturis
689 2735 819 2776 vero
864 2727 919 2776 et
944 2720 1136 2776 statuis
1180 2720 1391 2776 caeteris
1418 2719 1728 2788 bujusmodi
1779 2718 2046 2777 simulatis

467 2789 740 2857 operibus,
786 2791 1018 2845 maxime
1057 2790 1354 2859 peritorum
1384 2790 1648 2845 artiﬁcum
1695 2804 1854 2845 nemo
1878 2800 2041 2854 errat,

469 2875 591 2931 cum
619 2860 815 2914 similia
838 2862 1047 2926 viderit,
1082 2869 1140 2915 ut
1164 2868 1419 2931 agnoscat
1439 2860 1778 2931 quibus7sint7
1794 2859 1956 2931 rebus
1978 2859 2047 2914 si-

472 2928 642 3001 milia,
691 2938 745 2984 et
776 2931 875 2985 hoc
900 2942 1014 2985 totu
1041 2950 1070 2983 ιι
1106 2928 1277 3001 genus
1315 2928 1745 3001 intersuperilua
1767 2928 2045 3001 hominum

470 2998 715 3052 instituta
758 2998 1145 3056 numerandum
1170 3008 1274 3067 est,
1324 3000 1429 3055 nisi
1480 2998 1604 3054 cuin
1650 3000 1876 3054 interest
1917 2999 2047 3068 quid

466 3083 678 3131 eorum,
723 3084 839 3139 qua
863 3070 930 3124 de
970 3086 1151 3135 causa,
1193 3077 1248 3125 et
1283 3071 1394 3135 ubi,
1431 3077 1486 3125 et
1520 3070 1752 3139 quando,
1794 3076 1849 3123 et
1893 3068 2047 3137 cujus

468 3138 791 3208 auctoritate
816 3138 925 3200 liat,
955 3149 1061 3194 etc.
1098 3159 1116 3192 ι
1155 3170 1225 3179 -
1256 3140 1387 3194 Item
1411 3138 1691 3208 Augustini
1734 3140 1788 3194 in
1822 3139 1960 3195 libro
1983 3156 2044 3195 ιιι

470 3205 710 3275 ejusdem
725 3225 742 3278 :_
757 3277 760 3278 7
778 3226 795 3257 ι
819 3208 920 3273 Qui
944 3224 1073 3263 vero
1102 3217 1482 3278 autoperatur,
1504 3205 1601 3263 aut
1614 3218 1901 3264 veneratur
1916 3209 2046 3265 utile

470 3277 682 3345 signum
712 3276 973 3349 divinitus
996 3276 1323 3343 institutum,
1368 3276 1522 3346 cujus
1543 3278 1651 3332 vim
1692 3278 2045 3349 signiﬁcatio-

466 3361 700 3419 nemque
727 3347 996 3419 intelligit,
1026 3365 1133 3403 non
1160 3350 1263 3404 hoc
1287 3356 1573 3419 veneratur
1598 3347 1979 3419 quod'videtur
1993 3357 2048 3405 et

468 3417 683 3489 t_ra_nsit,
700 3417 795 3472 sed
810 3416 939 3489 illud
950 3419 1127 3488 potius
1137 3433 1245 3489 quo
1260 3416 1385 3489 talia
1399 3424 1588 3472 cuncta
1602 3416 1883 3489 referenda
1898 3428 2043 3473 sunt.

466 3485 611 3559 Talis
624 3493 802 3559 autem
817 3485 976 3542 homo
997 3485 1252 3559 spiritalis
1270 3496 1326 3542 et
1339 3487 1475 3559 liber
1495 3495 1598 3553 est,
1629 3487 1789 3559 etiam
1807 3495 2046 3558 tempore

464 3556 741 3627 servitutis
765 3598 780 3623 ,
821 3573 929 3626 quo
975 3556 1282 3614 carnalibus
1314 3557 1509 3612 animis
1547 3558 1786 3613 nondum
1835 3556 2047 3627 oportet

464 3626 617 3695 signa
634 3626 721 3679 illa
744 3627 992 3699 revelari,
1007 3644 1236 3698 quorum
1251 3627 1381 3699 jugo
1393 3627 1679 3699 edomandi
1701 3636 1847 3699 sunt.
1871 3626 2047 3685 ’Tales

465 3704 647 3750 autem
678 3696 950 3768 spiritales
965 3696 1139 3768 erant,
1169 3696 1493 3768 patriarcha:
1517 3713 1582 3752 ac
1608 3698 1907 3768 prophetm,
1931 3714 2047 3753 om-

465 3781 669 3849 usque
695 3766 750 3820 in
775 3766 1182 3849 populoisrael,‘
1201 3783 1300 3849 per
1319 3783 1456 3849 quos
1482 3766 1636 3849 nobis
1676 3767 1900 3849 spiritus
1920 3783 2045 3849 san-

464 3844 583 3890 ctus
618 3836 732 3905 ipsa
760 3836 1145 3907 scripturarum
1169 3836 1224 3894 et
1259 3837 1457 3892 auxilia
1478 3844 1532 3892 et
1557 3836 1744 3893 solatia
1772 3837 2044 3892 ministra-

466 3910 566 3968 vit,
594 3907 697 3961 cté.
732 3927 750 3959 ι

532 3975 665 4031 Item
695 3976 866 4046 sancti
893 3976 1247 4032 Athanasii-in
1275 3991 1523 4033 sermone
1546 3984 1740 4046 quarto
1760 3976 2044 4033 adversum

465 4045 724 4100 Arianos:
757 4064 775 4096 ι
796 4045 1192 4112 Arriomanitae,
1209 4055 1268 4102 ut
1292 4048 1493 4102 dictum
1516 4045 1615 4110 est,
1636 4045 1935 4110 iudicantes
1961 4062 2046 4102 se-

465 4115 571 4186 mel
596 4124 1021 4186 transgressores
1050 4117 1185 4172 fieri.
1218 4138 1238 4170 ι
1281 4117 1487 4186 Etpost
1512 4123 1707 4171 ccctera
1739 4130 1755 4169 :
1792 4135 1810 4167 ι
1851 4115 1964 4171 Hoc
1988 4128 2043 4173 et

464 4185 802 4257 abexemplo
828 4186 1079 4257 imaginis
1104 4185 1444 4257 imperatoris
1476 4187 1737 4257 attentius
1769 4185 1893 4256 quis
1916 4201 2045 4241 con-

463 4253 963 4328 siderare'poteriti
998 4253 1264 4328 lgitur‘in
1305 4257 1540 4328 imagine
1567 4253 1936 4328 imperatoris,
1979 4259 2046 4312 si-

463 4323 708 4395 militudo
735 4323 791 4381 et
814 4327 984 4381 forma
1015 4323 1097 4382 est
1125 4341 1139 4379 :
1165 4335 1220 4383 et
1244 4327 1299 4381 in
1326 4323 1661 4395 imperatore"
1675 4325 1892 4395 quidem
1925 4341 2045 4394 quze

463 4392 518 4466 i_n
568 4395 801 4466 imagine
853 4396 1148 4452 similitudo
1194 4406 1279 4452 est
1301 4437 1317 4462 ,
1374 4392 1725 4466 immutabilis
1770 4394 1914 4466 enim
1945 4392 2045 4451 'est

412 4480 422 4491 ο
463 4461 635 4519 forma
656 4461 777 4537 (fuse
808 4465 861 4519 in
908 4466 1142 4537 imagine
1184 4461 1528 4537 imperatoris
1566 4465 1886 4537 similitudo,
1912 4479 2045 4534 qua-

465 4541 622 4589 tenus
644 4535 735 4606 qui
762 4534 1361 4606 conspicit'imaginem,
1388 4535 1532 4589 videt
1564 4535 1617 4589 in
1660 4549 1724 4589 ea
1754 4534 2045 4603 imperato-

467 4611 693 4684 rem,_et
720 4604 939 4684 iterum,
984 4604 1078 4684 qui
1123 4604 1258 4684 vidit
1287 4604 1720 4684 imperatorem,
1767 4606 2045 4684 cognoscit

464 4673 718 4756 quoniam
848 4681 931 4756 est
955 4672 1045 4741 qui
1066 4674 1120 4755 in
1141 4672 1395 4756 imaginei
1416 4674 1539 4728 Ideo
1562 4674 1704 4756 quod
1720 4688 1827 4754 non
1839 4672 2045 4756 immu-

466 4748 611 4812 tetur
653 4741 953 4798 similitudo
1005 4744 1097 4812 qui
1132 4741 1361 4798 voluerit
1404 4758 1526 4798 cum
1582 4741 1817 4811 imagine
1860 4745 2044 4800 videre

464 4808 845 4880 imperatorem
871 4851 894 4878 ,
948 4808 1117 4884 dicat
1150 4828 1381 4884 namque
1433 4830 1446 4865 :
1497 4813 1610 4883 Ego
1659 4808 1717 4884 ei
1749 4812 2043 4884 imperator

464 4896 630 4954 unum
660 4896 863 4947 sumus,
903 4898 1003 4954 ego
1036 4883 1178 4938 enim
1206 4883 1262 4938 in
1296 4882 1364 4940 eo
1411 4882 1559 4954 sum,
1579 4889 1633 4938 et
1659 4882 1746 4954 ille
1768 4882 1958 4948 inme,
1987 4893 2042 4939 et

461 4952 1011 5023 quodeonspicis'in
1039 4967 1144 5019 me,
1199 4953 1304 5010 hoc
1352 4954 1408 5008 in
1459 4952 1551 5008 illo
1599 4952 1766 5018 vides,
1796 4960 1849 5007 et
1898 4954 2040 5023 quod

462 5021 639 5094 vidisti
685 5021 876 5090 inille,
899 5023 1003 5094 hoc
1030 5023 1183 5094 vides
1200 5032 1261 5079 et
1306 5023 1359 5078 in
1400 5037 1506 5089 me,
1543 5023 1639 5094 qui
1663 5025 1807 5094 enim
1840 5021 2041 5094 salutat

461 5090 770 5163 imaginem,
822 5094 879 5149 in
912 5093 1027 5162 ipsa
1065 5093 1262 5148 salutat
1303 5090 1703 5163 imperatorem.
1750 5091 2040 5150 Enimvero

461 5159 605 5232 illius
626 5162 805 5218 forma
836 5172 888 5218 et
917 5159 1123 5232 species
1146 5172 1230 5218 est
1254 5159 1459 5232 imago,
1496 5172 1601 5219 etc.
1637 5182 1656 5214 ι

532 5228 663 5286 item
700 5234 891 5305 sancti
913 5228 1227 5305 Athanasii,
1264 5228 1523 5305 episcopi
1549 5233 1912 5303 Theopoleos,
1969 5234 2036 5288 ad

466 5296 1120 5373 Simeonem,episcopum
1147 5296 1389 5358 Bestiae:
1422 5296 1552 5364 (Si.
1590 5296 1789 5372 patres,
1826 5296 2038 5373 oportet

464 5372 757 5425 secundum
791 5374 1060 5442 eloquium
1087 5382 1147 5426 ut
1167 5381 1224 5427 tu
1257 5373 1455 5427 asseris
1501 5372 2039 5443 interrogare,’insu-

462 5448 560 5513 per
595 5450 775 5513 autem
830 5451 884 5498 et
930 5444 1188 5513 seniores.
1227 5462 1247 5495 ι
1290 5442 1356 5496 Et
1403 5453 1523 5513 post
1564 5442 1784 5513 pauca:
1829 5462 1847 5493 ι
1882 5443 2036 5497 Sicut

462 5507 606 5582 enim
633 5511 855 5566 absente
887 5512 1103 5582 quidem
1128 5507 1473 5582 imperatore,
1497 5507 1674 5582 imago
1710 5511 1826 5580 ejus
1847 5528 1946 5582 pro
1968 5527 2033 5569 eo

462 5576 735 5653 adoratur,
757 5576 1022 5653 praesente
1062 5576 1336 5653 ergo'ipso
1366 5576 1693 5653 superﬂuum
1737 5576 1821 5638 est
1847 5576 2034 5637 "relin-

463 5656 629 5723 quere
650 5650 877 5723 primam
912 5650 1169 5717 formam]
1198 5650 1254 5707 et
1275 5650 1501 5707 adorare
1522 5652 1837 5723 imaginem,
1854 5668 2032 5707 nonne

463 5715 585 5799 quia
603 5716 907 5799 praefertur
929 5715 1161 5789 propter
1185 5723 1528 5799 prmsetitiatn
1557 5715 1661 5790 pro
1692 5715 2031 5799 quondam-

466 5790 576 5851 tur,
601 5787 911 5841 inbonorari
934 5787 1058 5844 eam
1085 5787 1333 5860 Oportet?
1366 5813 1383 5844 ι
1421 5793 1485 5846 Et
1517 5787 1755 5847 iterum}
1807 5812 1823 5844 ι
1878 5794 2030 5849 Sicut

2136 564 2691 634 justam—sustinebit,
2738 564 2895 620 sicuti
2934 580 3057 620 eum
3108 564 3658 635 ipsumimperatorcm

2144 636 2494 690 inhonorans.
2539 636 2750 690 Etenim
2779 635 3014 701 imagine
3060 634 3196 688 nihil
3243 634 3661 693 aliudexistente

2144 706 2246 760 nisi
2292 705 2493 776 lignum
2539 721 2673 776 eum
2732 704 3008 776 coierihus
3058 718 3198 776 cera:
3250 704 3427 776 mixtis
3461 715 3525 776 7et
3558 723 3663 762 eon-

2144 772 2474 854 ieniperatis,
2505 774 2666 854 simili
2693 774 2881 840 modo,
2921 774 3013 854 qui
3057 773 3268 854 signum
3313 772 3573 854 cujusfthet
3596 778 3662 854 in.

2144 843 2392 925 honorat,
2418 845 2472 898 in
2497 860 2620 899 eum
2646 844 2841 914 ipsum,
2864 843 3014 913 cujus
3040 844 3249 912 signum
3272 851 3351 898 est
3375 843 3524 898 refert
3551 845 3662 916 inju-

2146 922 2284 967 riam
2304 953 2318 977 ,
2346 922 2452 968 etc.
2483 934 2502 966 ι

2211 982 2269 1037 1η
2309 983 2542 1039 Historia
2575 981 2870 1052 Tripartita
2914 982 3039 1038 libri
3077 981 3249 1043 sexti,
3301 981 3492 1052 capJ,
3529 982 3665 1040 δοιο-

2145 1066 2332 1108 menus
2351 1052 2523 1122 inquit
2540 1068 2591 1109 ει
2636 1050 2769 1107 illud
2795 1067 3007 1122 quoque
3049 1052 3191 1122 quod
3217 1052 3316 1122 sub
3338 1050 3534 1107 Iuliano
3566 1069 3665 1122 pro-

2145 1122 2289 1176 venit
2327 1121 2551 1192 narrare
2599 1138 2704 1177 non
2734 1122 2885 1178 sileo.
2913 1121 3036 1177 Fuit
3065 1122 3208 1176 enim
3247 1121 3452 1192 signum
3486 1121 3667 1192 quidem

2143 1192 2358 1247 virtutis
2400 1190 2619 1257 Christi,
2647 1200 2700 1247 et
2747 1191 3001 1247 indicium
3047 1198 3234 1246 contra
3262 1190 3543 1260 principem
3583 1194 3669 1247 ira-

2145 1261 2357 1332 cundia:
2373 1261 2488 1332 Dei.
2518 1260 2654 1332 cum
2691 1261 2835 1332 enim
2870 1261 3178 1332 agnovisset
3203 1261 3256 1314 in
3275 1261 3531 1321 Cres-area,
3566 1261 3667 1316 Ριιί-

2145 1328 2274 1412 iippi
2314 1330 2533 1412 civitate
2571 1328 2929 1412 fhaanicize,‘
2943 1346 3103 1412 quam
3146 1330 3391 1412 Paneam7
3423 1332 3666 1412 vocabam,

2145 1398 2355 1471 insigne
2406 1399 2782 1471 Christiesse
2829 1398 3204 1471 simulacrum,
3250 1400 3671 1471 quodsanguinis

2145 1468 2372 1539 liberata
2420 1468 2681 1539 proﬂuvio
2729 1470 3214 1539 constituerat,7eo
3240 1469 3503 1538 deposito,
3534 1468 3671 1525 suam

2144 1537 2219 1592 ibi
2253 1537 2485 1593 statuam
2535 1537 2837 1608 collocavit,
2867 1554 2987 1608 quae
3030 1538 3267 1593 violento
3312 1537 3436 1608 igne
3475 1540 3535 1593 de
3561 1541 3672 1596 calo

2144 1609 2392 1674 cadente,
2415 1608 2562 1664 circa
2606 1606 2726 1678 ejus
2751 1606 2939 1678 pectus
2972 1608 3145 1664 divisa
3182 1615 3285 1678 est,
3318 1606 3371 1663 et
3399 1617 3546 1678 caput
3574 1625 3671 1663 cum

2144 1678 2354 1734 cervice
2375 1694 2482 1732 una
2521 1684 2674 1746 parte
2700 1677 2966 1746 dejectum
2995 1684 3158 1746 atque
3177 1677 3229 1731 in
3255 1685 3400 1732 terra
3426 1677 3593 1742 fixum,
3613 1694 3673 1731 rc-

2145 1746 2290 1816 liqua
2332 1760 2461 1802 vero
2487 1762 2614 1816 pars
2644 1748 2906 1802 hactenus
2951 1747 3178 1814 restitit,
3210 1754 3266 1801 et
3320 1746 3543 1802 fulminis
3570 1748 3669 1801 indi

2078 1832 2118 1891 Β
2148 1816 2287 1870 cium
2318 1816 2632 1891 reservavit,
2668 1824 2902 1891 statuam
2928 1831 3055 1872 vero
3086 1816 3291 1871 Christi
3336 1826 3477 1891 tune
3496 1818 3675 1891 quidem

2144 1886 2338 2008 pagani
2365 1886 2637 1941 trahentes
2670 1884 2999 1957 confregere,
3026 1894 3213 1957 postea
3251 1901 3383 1941 vero
3424 1884 3677 1941 Christiani

2145 1971 2210 2008 co
2234 1955 2477 2008 licentes.
2505 1955 2560 2008 in
2585 1956 2871 2008 ecclesiam
2906 1955 3327 2008 recondiderunt
3344 1995 3360 2008 .
3398 1971 3498 2008 auo
3522 1956 3675 2008 hacte-

2145 1955 2477 2025 colligentes,
2505 1955 2560 2009 in
2585 1955 2879 2012 ecclesiam
2906 1955 3327 2010 recondiderunt
3344 1995 3360 2019 ,
3398 1971 3498 2025 quo
3522 1956 3675 2010 hacte-

2147 2040 2248 2080 nus
2270 2024 2596 2081 reservatur.
2632 2046 2651 2078 ι
2677 2057 2749 2065 -
2772 2025 2905 2081 Item
2939 2026 3054 2094 ipse
3083 2039 3202 2094 cap.
3240 2025 3314 2078 43
3351 2040 3366 2078 :
3406 2024 3429 2076 ι
3461 2024 3562 2081 Hoc
3597 2027 3676 2079 ita-

2145 2109 2250 2164 que
2303 2094 2849 2164 simulacrum,sicuti
2903 2094 3072 2151 refert
3128 2094 3425 2160 Eusebius,
3474 2096 3675 2150 omnium

2144 2163 2458 2235 passionum
2491 2170 2546 2219 et
2596 2163 2975 2235 aegritudinum
3030 2164 3276 2235 noscitur
3326 2179 3463 2235 esse
3489 2166 3676 2220 medica-

2146 2232 2408 2305 inentum,
2438 2232 2594 2303 juxta
2630 2232 2774 2305 quod
2813 2234 3061 2303 quaedam
3101 2232 3270 2289 herba
3306 2234 3677 2305 geminat,7cu-

2137 2302 2228 2373 jus
2279 2302 2514 2373 speciem
2580 2302 2758 2359 nullus
2815 2302 3013 2359 nostra:
3078 2312 3238 2359 terra}
3292 2302 3524 2359 medicus
3581 2304 3677 2357 licet

2144 2382 2400 2455 erpertus
2440 2373 2833 2455 agnovitninihi
2863 2387 3097 2455 namque
3140 2374 3375 2455 videtur,
3404 2375 3521 2443 quia
3544 2374 3677 2455 adve-

2144 2443 2326 2515 niente
2353 2443 2806 2515 Dominonullum
2832 2443 3171 2515 miraculum,
3200 2443 3508 2515 nullumque
3542 2444 3675 2499 bene-

2146 2512 2328 2569 ficium
2357 2513 2535 2577 putari
2565 2513 2725 2569 debet
2748 2512 3081 2568 incredulum
3101 2552 3116 2577 ,
3158 2522 3265 2568 etc.
3311 2533 3330 2566 ι

2215 2582 2272 2654 In
2320 2580 2558 2654 Historia
2582 2582 2896 2654 Anglorum,
2920 2583 3047 2654 7libri
3076 2583 3239 2652 primi
3269 2581 3523 2654 eap._25,7
3557 2580 3678 2654 cujus

2144 2651 2394 2706 initium:
2421 2671 2439 2703 ι
2467 2651 2771 2709 ιὶοὺοιθιιίυε
2799 2651 3207 2707 confirmatione
3225 2651 3371 2707 beati
3393 2651 3554 2707 Patris
3574 2651 3680 2706 Cre-

2144 2722 2280 2790 gorii
2310 2721 2641 2792 Augustinus
2681 2721 3017 2778 confamulus
3042 2722 3243 2777 Christi
3272 2723 3365 2792 qui
3400 2730 3545 2778 erant
3583 2737 3678 2775 cum

2145 2805 2228 2863 eo,
2267 2792 2426 2846 rediit
2466 2793 2520 2847 in
2557 2808 2692 2863 Opus
2733 2793 2919 2863 verbi,
2972 2794 3328 2862 pervenitque
3369 2792 3678 2863 Britanniam.

2145 2860 2278 2933 Erat
2312 2875 2377 2916 eo
2407 2860 2647 2933 tempore
2675 2877 2765 2917 rex
2805 2860 3117 2933 Edilbeteth
3156 2862 3210 2917 in
3236 2860 3430 2919 Cantia
3458 2862 3680 2933 potentis-

2146 2931 2332 3002 simus.
2372 2952 2401 3002 )7
2422 2932 2488 2985 Et
2515 2930 2642 3002 post
2669 2948 2840 3002 pauca
2870 2932 2924 2986 in
2947 2932 3136 2986 eadem
3163 2934 3411 3002 sequitur
3450 2930 3679 3002 epistola:

2151 3017 2171 3051 ι
2213 2999 2339 3056 Post
2371 3000 2489 3071 dies
2523 2999 2684 3071 ἐτεά
2700 3002 2846 3056 venit
2874 3003 2942 3057 ad
2971 3001 3199 3057 insulam
3232 2999 3355 3068 rex,
3388 3009 3440 3056 et
3480 2999 3680 3071 residens

2146 3070 2247 3143 sub
2267 3070 2407 3143 divo,
2426 3069 2589 3143 jussit
2604 3069 2983 3143 Augustinum
3005 3084 3131 3127 cum
3155 3072 3322 3128 sociis
3345 3073 3412 3128 ad
3436 3086 3576 3143 suum
3605 3070 3680 3143 ilii-

2149 3141 2271 3196 dem
2304 3138 2556 3212 advenire
2578 3138 2923 3212 colloquium.
2954 3141 3184 3198 Caverat
3228 3143 3379 3197 enim
3422 3156 3488 3196 ne
3519 3141 3567 3195 in
3604 3138 3680 3212 ali.

2149 3225 2310 3280 quam
2340 3210 2558 3266 domum
2587 3213 2655 3267 ad
2678 3208 2753 3267 se—
2767 3211 3055 3266 introirent
3084 3220 3268 3265 vetere
3296 3226 3426 3266 usus
3470 3208 3677 3280 augurio,

2147 3278 2216 3334 ne
2251 3288 2579 3350 superventu
2609 3297 2727 3346 suo,
2771 3282 2815 3337 si
2864 3281 2994 3350 quid
3042 3281 3295 3336 maleficii
3344 3281 3474 3336 artis
3505 3278 3679 3335 habuis-

2147 3358 2288 3416 sent,
2319 3349 2441 3405 eum
2458 3353 2769 3421 superando
2794 3349 3121 3421 deciperent.
3164 3350 3233 3404 At
3264 3350 3341 3406 illi
3380 3367 3481 3405 non
3520 3349 3680 3404 dmino-

2146 3421 2265 3475 nica
2314 3421 2408 3475 sed
2438 3420 2616 3476 divina
2640 3422 2843 3477 virtute
2881 3420 3114 3490 praediti,
3162 3422 3472 3486 veniebant,
3502 3430 3680 3490 crucem

2146 3505 2246 3614 ἕνα
2266 3490 2713 3573 vexiiloferentes
2751 3486 3081 3572 argenteam,
3107 3498 3172 3571 et_
3192 3490 3481 3562 imaginem
3507 3486 3679 3543 Domini

2190 3560 2444 3614 alvatoris
2458 3576 2510 3614 ιιι
2528 3561 2706 3614 tabula
2720 3561 3008 3614 demetam.
3022 3559 3348 3614 htamasuue
3362 3566 3596 3614 canentes
3605 3570 3679 3614 pro

2190 3560 2444 3631 alvatoris
2458 3560 2510 3615 in
2528 3561 2706 3616 tabula
2720 3559 3008 3629 depictam,
3022 3559 3348 3631 litaniasque
3362 3566 3596 3615 canentes
3605 3570 3682 3625 pro

2146 3644 2241 3684 sua
2267 3628 2426 3684 simul
2455 3637 2507 3684 et
2527 3644 2715 3685 eorum
2740 3628 2960 3700 propter
2972 3646 3107 3699 quos
3119 3637 3175 3684 et
3195 3628 3277 3685 ad—
3296 3645 3432 3700 quos
3444 3633 3681 3700 venerant.

2145 3699 2320 3782 salute
2342 3707 2544 3782 θεμένῳ
2575 3695 2801 3782 Domino
2822 3695 3219 3782 supplicabant:
3239 3719 3259 3751 ι
3292 3695 3365 3740 —'—
3387 3700 3511 3782 ltem

2148 3777 2272 3823 tur:
2321 3787 2339 3821 ι
2381 3768 2576 3825 Fertur
2603 3778 2779 3824 autem
2824 3767 2951 3839 quia
2999 3770 3489 3844 appropinquantes
3512 3767 3681 3844 civitati

2145 3852 2297 3910 more
2318 3854 2415 3910 suo
2440 3854 2562 3910 cum
2597 3855 2758 3910 cruce
2776 3838 2991 3910 sancta,
3012 3838 3083 3910 et
3106 3839 3347 3910 imagine
3371 3838 3540 3909 magni
3569 3838 3683 3903 regis

2147 3909 2358 3964 Domini
2392 3909 2564 3983 nostri
2599 3907 2727 3965 Jesu
2759 3907 2979 3983 Christi,
3008 3909 3145 3963 hanc
3170 3907 3440 3983 laetaniam
3466 3907 3682 3983 ‘consona

2144 3992 2276 4036 voce
2304 3979 2705 4049 modularentur
2729 3994 2744 4033 :
2772 3978 3122 4049 Deprecamur
3144 3987 3212 4042 te,
3231 3978 3471 4043 Domine,
3492 3977 3542 4049 in
3570 3977 3683 4028 omni

2143 4047 2505 4103 misericordia
2548 4059 2659 4113 tua,
2690 4057 2748 4102 ut
2787 4047 3064 4117 auferatur
3089 4048 3241 4118 furor
3276 4057 3425 4118 tuus,
3449 4056 3494 4100 et
3517 4047 3588 4098 ira
3609 4052 3680 4095 tua

2144 4135 2178 4172 a
2214 4118 2419 4172 civitate
2446 4118 2548 4171 ista
2578 4126 2627 4172 et
2648 4135 2681 4172 a
2701 4119 2856 4173 domo
2888 4127 3070 4172 sancta
3092 4117 3223 4184 tua,
3269 4117 3513 4187 quoniam
3538 4128 3682 4185 perca-

2146 4188 2575 4259 tviruus,7etc:i7
2692 4254 2771 4259 ,Α
2971 4255 2983 4259 _
3165 4255 3178 4259 _
3282 4256 3296 4259 Α
3426 4254 3455 4259 _
3634 4249 3660 4259 Α.

2214 4256 2271 4311 1η
2300 4256 2525 4325 epistola
2561 4256 2708 4325 beati
2732 4254 3006 4318 Germani,
3038 4255 3369 4325 patriarcha:
3415 4254 3681 4310 Constanti-

2145 4324 2459 4397 nopolitani,
2482 4327 2550 4382 ad
2568 4324 2835 4397 Joannem
2854 4324 3161 4397 episcopum
3185 4326 3539 4397 Synadorum,
3563 4328 3680 4397 post-

2144 4392 2305 4465 quam
2354 4395 2561 4451 litteras
2603 4397 2748 4467 beati
2794 4392 3052 4467 Gregorii
3072 4392 3241 4465 papa!
3272 4393 3524 4467 suscepit,
3568 4392 3681 4445 inter

2145 4463 2341 4539 ejetera
2362 4467 2575 4539 inquit:
2609 4463 2957 4539 c7Epistoiam
2987 4463 3178 4539 restria
3203 4463 3509 4539 sanctitatis
3531 4472 3679 4539 susce-

2072 4520 2123 4582 Ι)
2145 4536 2227 4606 pi,
2261 4536 2315 4589 in
2336 4520 2800 4605 qua-referebatur
2835 4534 2902 4590 de
2917 4520 3177 4606 episcopo
3220 4533 3482 4606 Nauigia;
3502 4546 3517 4584 :
3539 4527 3679 4597 signi-

2145 4604 2369 4677 ficamus
2417 4608 2561 4660 enim
2590 4621 2754 4677 7nunc
2805 4605 2958 4661 vobis
2979 4644 2994 4669 ,
3045 4605 3186 4660 sicut
3216 4613 3274 4677 et
3303 4604 3509 4677 pridem
3546 4610 3678 4677 quam

2144 4676 2535 4746 susciperemus
2560 4745 2569 4746 7
2590 4675 2799 4746 litteras
2852 4682 3080 4746 vestra;
3105 4674 3413 4746 sanctitatis
3428 4712 3448 4746 7,
3496 4674 3679 4746 conjun-

2142 4738 2302 4816 gente
2332 4744 2420 4801 hic
2475 4745 2665 4816 eodem
2715 4745 2824 4800 Deo
2867 4744 3086 4816 amabili
3129 4745 3383 4814 episcopo
3426 4741 3479 4816 iu
3508 4738 3676 4816 verbis.

2141 4805 2390 4870 venimus
2418 4831 2542 4870 cum
2590 4814 2707 4878 ipso
2753 4814 3093 4870 sciscitantes
3139 4805 3357 4868 sensum
3411 4809 3536 4878 ejus,
3564 4805 3679 4878 ιιιιιίε

2140 4884 2296 4958 nobis
2318 4886 2544 4939 relatum
2592 4876 2766 4958 fuerat
2799 4885 2865 4939 de
2891 4882 3001 4948 illo,
3039 4883 3170 4958 ipse
3199 4896 3331 4936 vero
3368 4876 3677 4958 uehis}???

2141 4954 2286 5025 dedit
2323 4969 2660 5025 responsum.
2695 4946 3072 5025 Opportunum
3087 4954 3231 5025 enim
3269 4960 3371 5025 est,
3403 4946 3678 5025 singuli“!!!

2139 5024 2318 5079 omnia
2351 5015 2601 5078 infimare
2643 5015 2838 5080 vesirae
2864 5023 3161 5087 sanctitati,
3197 5022 3453 5091 quoniam
3488 5015 3677 5070 audient

2139 5092 2319 5147 divina
2354 5093 2635 5163 Scriptura
2681 5094 2892 5149 dicente
2939 5107 2954 5146 :
2996 5092 3121 5147 Non
3158 5088 3319 5163 [acies
3362 5088 3453 5163 tibi
3505 5094 3675 5141 omnm

2136 5158 2531 5217 similitudinem
2558 5172 2612 5217 ut
2658 5163 2843 5217 adores
2872 5180 2955 5227 ea,
2997 5158 3191 5227 quanta
3223 5162 3278 5214 in
3311 5158 3437 5214 caelo
3480 5165 3674 5227 sursum.

2138 5241 2189 5314 et
2215 5243 2413 5314 quanta
2440 5234 2496 5314 in
2527 5244 2666 5287 terra
2691 5221 3270 5314 deorsumili'xoduxit),
3298 5221 3675 5314 secuti-domiti:

2138 5290 2267 5367 dixi,
2294 5302 2546 5372 quoniam
2569 5318 2674 5358 non
2697 5304 2922 5358 debetur
2942 5290 3265 5357 manufactis
3284 5297 3542 5354 adoratio.
3564 5290 3673 5372 Nam

2135 5368 2351 5427 sanctos
2375 5373 2579 5428 Christi
2605 5381 2892 5441 martyres,
2920 5373 3012 5441 qui
3056 5387 3197 5427 vera:
3228 5378 3379 5441 sunt
3404 5368 3674 5438 margarita:

2136 5441 2279 5508 fidei,
2304 5443 2450 5497 omni
2469 5443 2687 5517 honore
2735 5439 3241 5517 dignos—putamus,
3276 5448 3335 5494 et
3367 5439 3675 5517 interﬁt-399‘

2133 5527 2230 5567 nes
2254 5503 2439 5569 eorum
2468 5503 2820 5567 invocamus.“
2842 5512 2925 5567 Ad
2963 5503 3087 5567 haec
3117 5511 3334 5580 quidem
3385 5522 3480 5562 nos
3506 5503 3589 5580 illi“
3602 5512 3673 5580 ζετο

2134 5568 2388 5652 sponsum
2437 5584 2718 5645 dedimus,
2781 5582 3034 5653 quoniam
3082 5568 3511 5653 Christianorum
3562 5568 3675 5653 lifts

2132 5638 2531 5708 venerationem
2580 5661 2635 5707 et
2676 5638 3044 5708 adorationem
3089 5651 3157 5705 ad
3204 5664 3370 5703 unum
3415 5653 3471 5700 et
3526 5638 3671 5695 solum

2134 5722 2300 5776 Deum
2361 5723 2543 5787 refert,
2571 5723 2710 5777 sicut
2739 5723 2999 5792 scriptum
3045 5730 3128 5776 cst
3172 5737 3194 5792 :7
3213 5719 3497 5792 Dominum

2133 5804 2276 5846 tuum
2311 5779 2572 5855 adorabis,
2624 5804 2669 5847 ct
2704 5792 2781 5848 illi
2833 5779 2931 5846 s'oli
2962 5788 3353 5861 serriesillem.
3390 5785 3485 5856 vi).
3523 5779 3670 5836 Chiis

2071 3174 2120 3239 C
