4018 6178
403 286 536 342 1555

1112 285 1290 340 LlBBl
1324 283 1664 340 CAROLINI.
1705 313 1774 323 -
1808 280 2098 338 APPEND.
2136 309 2206 318 -—-
2242 277 2654 335 CONVENTUS
2693 276 2912 331 PARIS.

3510 275 3643 330 1531

399 397 579 454 licatio
605 398 748 454 enin
787 403 969 467 nostra
1000 405 1052 451 et
1079 396 1356 467 servitium
1379 395 1481 464 ipsi
1519 395 1618 467 soii
1667 392 1907 467 offertur.
1945 412 1962 443 ι
1997 393 2042 450 Δ
2072 403 2200 442 vero
2223 387 2313 467 illo
2344 389 2462 467 loco
2490 387 2622 442 satis
2645 394 2905 467 apparet,
2953 387 3096 456 quod
3146 385 3380 467 Spiritus
3428 396 3648 445 sanctus

399 470 464 524 Et
492 475 615 535 post
639 482 808 536 pauca
848 484 860 518 :
897 487 916 517 τι
949 466 1007 519 In
1035 463 1416 536 sanctisveroi
1443 466 1534 536 qui
1585 465 1637 518 in
1663 463 1815 518 cmlis
1845 470 1969 536 sunt

398 532 831 593 etinvisibilibus
867 543 920 590 et
962 535 1292 604 ineorporeis
1315 532 1612 604 virtutibus
1630 540 1813 604 saneta
1859 532 1974 604 iau-

399 609 558 662 datur
581 613 636 660 et
671 605 1005 674 glorificatur
1033 601 1290 668 Trinitas,
1337 604 1390 658 in
1441 603 1700 674 singulari
1731 601 1976 674 domina-

400 677 547 730 tione
571 684 624 730 et
647 671 946 738 divinitate,
970 675 1110 730 sicut
1133 683 1189 728 et
1209 689 1348 730 unus
1391 671 1588 728 Deus‘a
1620 671 1776 726 nobis
1809 671 1976 726 conli—

401 753 564 808 tetur,
593 755 645 799 et
671 761 775 800 non
797 753 880 799 est
903 751 1099 814 prmter
1130 743 1278 799 illum
1295 783 1308 806 ,
1349 745 1440 812 qui
1463 743 1768 796 dominetur
1789 741 1841 814 in
1868 740 1976 794 vir-

401 823 515 870 tute
567 829 662 869 sua
722 815 776 867 in
823 811 1104 870 aeternum.
1135 833 1154 864 ι
1187 815 1253 867 Et
1280 811 1402 882 post
1457 828 1626 881 pauca
1676 826 1690 864 :
1728 829 1745 860 ‹
1792 811 1976 882 Neque

399 886 543 940 enim
590 883 783 938 divina:
835 883 1213 938 dominationis
1249 881 1651 938 venerationem
1689 881 1742 935 in
1793 881 1974 936 confa‘

399 954 574 1010 mulos
619 951 1028 1015 transferimus,
1078 967 1252 1021 neque
1299 953 1442 1008 enim
1487 951 1843 1021 imperatores
1883 960 1976 1004 aut

402 1024 672 1094 principes
714 1023 768 1077 in
818 1031 962 1078 terra
993 1022 1282 1094 adorantes
1334 1022 1758 1094 similitudinem,
1801 1029 1861 1094 u_t
1909 1023 1976 1080 ad

401 1091 956 1148 Deum‘adorationem
981 1093 1159 1148 facere
1193 1093 1454 1156 videmur,
1485 1105 1658 1160 neque
1679 1091 1973 1161 imaginum

404 1164 688 1226 facturam,
723 1177 840 1232 qua:
863 1178 960 1232 per
996 1178 1174 1218 ceram
1200 1171 1254 1218 ct
1279 1162 1487 1217 colores
1511 1161 1890 1232 designantur,
1919 1161 1972 1216 in

404 1231 906 1287 transmutationem
960 1233 1152 1287 divinze
1193 1231 1552 1288 venerationis
1602 1231 1970 1300 suscepimus;

405 1317 578 1372 neque
601 1303 743 1366 enim
772 1302 1088 1358 invisibilem
1116 1303 1366 1358 deitatem
1387 1302 1637 1372 imagine,
1670 1308 1762 1372 aut
1787 1301 1978 1357 simili-

405 1371 607 1436 tudine,
633 1381 726 1426 aut
767 1373 984 1436 habitu,
1014 1379 1107 1426 aut
1154 1371 1328 1428 forma
1381 1372 1559 1442 aliqua
1611 1371 1972 1442 designamus,

402 1443 778 1526 etiamnneque
827 1442 1064 1526 ipsorum
1099 1443 1412 1526 angelorum
1466 1441 1661 1526 quibus
1711 1441 1977 1526 exsistunt

403 1511 804 1568 ordinibusaut
841 1513 1032 1567 sentiri
1057 1513 1137 1567 vel
1175 1511 1495 1634 investigari
1525 1511 1632 1566 ullo
1678 1511 1836 1566 modo
1859 1527 1977 1580 pos-

406 1591 550 1634 sunt.
579 1583 671 1634 sed
700 1583 952 1634 nuoniam
988 1583 1294 1634 unisenitus
1314 1581 1373 1634 Fi
1400 1583 1499 1634 ius.
1533 1581 1623 1634 cui
1652 1590 1734 1634 est
1758 1582 1813 1634 in
1853 1583 1972 1634 sinu

406 1591 550 1652 sunt,
579 1583 671 1636 sed
700 1583 952 1652 quoniam
988 1583 1294 1652 unigenitus
1314 1581 1499 1648 Filius,
1533 1581 1623 1650 qui
1652 1590 1734 1636 est
1758 1582 1813 1652 in
1853 1583 1972 1636 sinu

405 1651 601 1716 Patris,
627 1650 883 1708 revocans
905 1650 1177 1722 propriam
1207 1661 1509 1722 creaturam
1537 1667 1568 1706 a
1597 1659 1768 1722 morte
1787 1650 1973 1722 judicii

2075 473 2180 511 non
2206 457 2275 512 sit
2297 466 2562 521 creatura,
2607 457 2696 510 ubi
2726 457 2979 524 jubemur
3003 473 3110 512 non
3144 457 3347 512 servire
3381 467 3648 516 creatura:

2073 529 2164 590 sed
2189 528 2438 589 creatori,
2470 543 2576 582 non
2604 541 2670 582 eo
2693 527 2850 581 modo
2885 543 2992 596 quo
3011 525 3266 596 jubemur
3287 544 3385 596 per
3407 530 3644 588 charita-

2074 605 2183 651 tem
2228 597 2432 652 servire
2462 597 2710 660 invicem,
2739 598 2883 664 quod
2907 595 3004 652 est.
3026 595 3210 652 Graece
3237 595 3489 656 sobrias.»
3508 641 3522 661 ,
3556 603 3652 658 sed

2072 668 2314 722 comedo
2338 683 2444 736 quo
2490 675 2695 720 tantum
2736 667 2846 722 Deo
2872 668 3124 732 servitur,
3177 669 3320 736 quod
3348 677 3431 724 est
3466 670 3652 727 Graece

2070 737 2530 808 impr-Sumunde
2559 736 2855 808 idololatrze
2894 737 3179 808 dicuntur,
3206 738 3297 807 qui
3348 739 3654 798 simulacris

2073 807 2192 860 eam
2239 807 2552 862 servitutem
2579 807 2836 861 exhibent
2865 822 2983 876 quae
3028 807 3254 862 debetur
3291 809 3420 866 Deo.
3449 811 3651 868 Secun-

2075 876 2199 930 dum
2227 877 2364 932 hanc
2397 877 2540 932 enim
2587 877 2902 931 servitutem
2959 877 3162 931 dictum
3208 888 3332 933 est:
3369 879 3651 938 Dominum

2074 945 2250 1021 _Deun_t_
2267 947 2702 1021 tuum‘aderaliis,
2716 957 2762 1000 et
2777 946 2858 1021 illi
2871 947 2969 1021 soii
2989 949 3177 1021 servies
3201 948 3376 1021 (Deut.
3397 952 3497 1021 vi).
3517 954 3652 1008 Nam

2075 1016 2176 1070 hoc
2199 1015 2646 1102 distinetiitsinnG
2658 1032 2792 1070 racca
2809 1015 3415 1102 _Sicriptura__in_venitur,
3443 1015 3658 1102 λατρεύ-

2075 1107 2184 1146 σεις
2205 1087 2346 1140 enim
2375 1088 2556 1142 habet.
2582 1086 2752 1141 Porro
2777 1087 2825 1141 si
2847 1086 2956 1141 tali
2971 1089 3232 1142 servitute
3253 1100 3518 1146 creatura:
3537 1086 3630 1154 'sar

2073 1157 2190 1210 vire
2211 1157 2582 1226 prohibemur,
2609 1156 3044 1226 quandoquidem
3092 1157 3292 1212 dictum
3321 1167 3406 1214 est
3431 1175 3447 1214 :
3473 1163 3626 1222 Domi
3637 1201 3657 1208 .-

2075 1242 2198 1279 num
2249 1225 2418 1280 Deum
2448 1235 2596 1280 tuum
2625 1225 2902 1291 adorabis,
2939 1227 3093 1282 etilli
3128 1227 3230 1282 soli
3259 1231 3469 1286 servies.
3503 1232 3658 1291 Unde

2073 1295 2361 1365 Apostolus
2404 1297 2705 1351 detestatur
2741 1312 2854 1362 eos,
2899 1297 2991 1366 qui
3025 1297 3306 1352 coluerunt
3350 1309 3404 1355 et
3453 1307 3656 1364 servie-

2075 1368 2486 1446 runtcreaturze
2505 1367 2684 1435 potius
2711 1382 2872 1435 quam
2904 1367 3138 1446 creatori
3171 1382 3186 1420 :
3225 1383 3332 1446 nep
3357 1379 3441 1425 est
3468 1375 3656 1446 utique

2075 1444 2323 1490 creatura
2351 1435 2584 1505 Spiritus
2633 1448 2874 1501 sanctus,
2907 1437 2994 1492 cui
3034 1439 3102 1492 ab
3148 1439 3398 1494 omnibus
3448 1435 3654 1501 sanctis

2076 1505 2200 1561 talis
2237 1507 2470 1561 servitus
2523 1507 2849 1576 exhibetur,
2903 1507 3118 1576 dicente
3171 1507 3426 1576 Apostolo
3479 1529 3492 1565 :
3537 1517 3653 1570 Nos

2073 1577 2210 1651 enim
2247 1592 2426 1651 suptus
2458 1576 2782 1651 cireumcisio
2810 1575 3032 1651 Spiritui
3068 1575 3163 1651 Dei
3184 1575 3458 1636 servientes
3491 1583 3510 1651 (
3528 1584 3656 1640 Phi-

2077 1643 2202 1727 lipp.
2247 1644 2374 1727 m)_,_
2421 1647 2571 1727 quod
2603 1643 3418 1727 εει-ιιι..(ξιτῐξοο-λοετρεύοντες.
3443 1643 3656 1727 _Pl_u_rcs

406 1722 560 1792 bonae
599 1716 1090 1778 voluntatis—Patris
1115 1731 1170 1792 et
1195 1721 1430 1792 Spiritus
1469 1721 1640 1776 sancti
1666 1716 1818 1792 homo
1861 1721 1978 1792 ﬁeri
2011 1731 2052 1790 Β
2080 1716 2225 1792 e‘niin
2257 1716 2472 1792 codices
2500 1716 3004 1792 etiam_Lat_ini_sic
3043 1716 3261 1792 hebent,
3295 1721 3386 1788 qui
3433 1720 3656 1792 Spiritui

407 1791 652 1863 dignatus
667 1801 763 1858 est,
787 1793 928 1848 sicut
953 1793 1127 1863 inquit
1147 1791 1456 1863 Apostolus,
1471 1807 1562 1862 per
1589 1791 1764 1863 quinia
1791 1791 1978 1848 similis

409 1860 554 1934 nobis
577 1860 746 1934 {aptus
790 1863 982 1933 absque
1017 1860 1226 1934 peccato
1253 1860 1506 1934 (Philipp.
1559 1861 1651 1934 ti),
1690 1861 1981 1934 humanum

406 1929 524 1999 ejus
554 1929 760 1986 vultum
786 1941 840 1987 et
865 1929 1158 1988 secundum
1185 1929 1401 1987 carnem
1421 1929 1550 2000 ejus
1586 1931 1878 1986 humanam
1905 1932 1980 1988 si-

408 2001 764 2073 militudinem
797 2002 1032 2072 imagine
1061 2003 1422 2073 designantes,
1443 2009 1497 2073 et
1525 2017 1629 2056 non
1676 2002 1981 2073 incompre-

407 2070 725 2143 hepsibilem
751 2080 844 2126 aut
871 2070 1200 2127 iri—visibilem
1219 2071 1338 2143 ejus
1377 2071 1652 2143 deitatem,
1679 2081 1782 2126 etc.
1809 2070 1982 2143 Simili

407 2140 550 2194 enim
592 2142 748 2195 modo
793 2145 1086 2198 secundum
1133 2140 1352 2198 carnem
1397 2140 1515 2209 ejus
1550 2142 1984 2200 incontaminalte

407 2211 599 2283 matris
641 2219 839 2267 sanctae
885 2212 979 2266 Dei
1013 2213 1302 2283 genetricis
1345 2212 1462 2281 ipso
1491 2212 1648 2267 modo
1679 2213 1984 2268 similitudi-

409 2295 532 2335 nem
560 2281 1292 2350 demonstrantes,‘quoniam
1330 2282 1570 2336 mulieris
1614 2288 1806 2336 natura
1841 2283 1984 2338 exsi-

407 2357 604 2414 stcnte,
645 2360 702 2406 et
757 2368 864 2407 non
907 2352 1080 2418 aliena
1125 2361 1326 2408 nostra:
1365 2366 1556 2406 massa:
1604 2351 1769 2417 facta,
1809 2352 1978 2408 Deum

410 2420 730 2476 invisibilem
765 2431 819 2477 et
855 2421 1036 2477 omnia
1055 2438 1218 2477 manu
1252 2421 1616 2477 continentem
1645 2422 1698 2476 in
1725 2437 1822 2477 suo
1850 2438 1980 2478 con-

408 2489 550 2558 cepit
575 2498 750 2554 utero,
772 2499 826 2548 et
851 2491 1034 2563 genuit
1062 2491 1422 2547 incarnatum.
1447 2491 1658 2546 Etenim
1685 2501 1744 2546 ut
1767 2493 1984 2563 proprie

409 2567 463 2614 ct
498 2573 622 2614 vere
639 2561 874 2632 inatreui
895 2562 988 2616 Dei
1012 2563 1126 2616 ven‘
1152 2578 1476 2632 veneramur
1497 2576 1612 2632 eam
1655 2569 1710 2618 et
1739 2561 1985 2632 magnifi-

408 2629 859 2703 camus._Sauctos
875 2631 1033 2703 enim
1066 2641 1328 2703 martyres
1341 2631 1577 2703 Christi,
1611 2629 1984 2701 apostolosque

409 2708 462 2751 et
485 2700 774 2768 prophetas
813 2702 1074 2756 miramur
1103 2710 1158 2757 et
1183 2700 1571 2764 hcatilicamus,
1596 2700 1656 2755 et
1691 2703 1757 2756 ad
1783 2700 1985 2756 memo-

412 2770 547 2842 riam
597 2769 932 2826 fortitudinis
993 2785 1182 2827 eorum
1239 2771 1620 2842 similitudines
1690 2771 1984 2842 imaginum

410 2838 648 2906 ipsorum
681 2842 1053 2906 describimus,
1081 2857 1190 2896 non
1227 2851 1288 2896 ut
1333 2839 1530 2896 divinae
1572 2848 1780 2896 naturae
1805 2838 1986 2897 'sonos

411 2911 896 2982 eos_aestimemus,
927 2926 1099 2982 neque
1147 2927 1267 2981 quze
1318 2912 1542 2982 debetur
1569 2910 1753 2982 deitati
1801 2911 1986 2982 gloria:

412 2978 643 3051 quidem
669 2988 724 3036 et
764 2978 1042 3051 potestati,
1073 2978 1332 3036 honorem
1377 2988 1432 3035 et
1471 2978 1839 3036 adorationem
1882 2981 1986 3036 illis

413 3049 790 3122 impendimus,
828 3051 923 3106 sed
962 3067 1202 3122 amorem
1231 3059 1496 3115 nostrum,
1545 3065 1704 3120 quem
1751 3051 1804 3105 in
1853 3051 1985 3122 ipsis

416 3119 694 3190 habemus,
728 3135 826 3189 per
846 3122 962 3176 lucc
983 3121 1412 3184 manifestamus,
1439 3127 1494 3174 et
1519 3119 1580 3174 ea
1617 3124 1744 3190 quae
1759 3135 1857 3190 per
1872 3119 1986 3175 'au-

414 3188 584 3262 dituni
614 3188 875 3262 reraciter
903 3191 1192 3262 credimus,
1223 3190 1596 3262 designamus.
1631 3188 1775 3246 Nam
1801 3197 1856 3246 et
1885 3191 1986 3262 ipsi

415 3257 587 3310 sancti
617 3259 710 3312 Dei
735 3260 790 3312 in
809 3277 976 3314 unum
999 3271 1054 3316 et
1075 3261 1246 3316 solum
1268 3257 1436 3316 Deum
1461 3261 1772 3317 servitutem
1793 3268 1848 3315 et
1876 3257 1986 3317 alo-

416 3323 774 3381 riﬂcationem
797 3336 852 3382 et
897 3329 1261 3384 adorationem
1305 3333 1672 3396 observantes,
1703 3337 1758 3386 ct
1785 3331 1852 3385 ad
1877 3323 1990 3386 hoc

415 3408 606 3446 omnes
651 3405 1012 3467 convocantcs
1056 3406 1216 3467 atque
1258 3401 1511 3454 docentes
1556 3415 1741 3454 eorum
1791 3399 1989 3456 eﬂ'udc-

418 3469 540 3533 rum
567 3465 880 3533 sanguinem
897 3505 912 3530 ,
938 3474 992 3519 et
1019 3467 1076 3520 in
1111 3465 1340 3521 veritate
1365 3468 1716 3524 confessionis
1735 3483 1987 3523 coronam

415 3529 896 3606 adeptisuntrlste
925 3543 1016 3606 est
1032 3535 1224 3606 modus
1249 3535 1302 3590 in
1332 3536 1619 3606 imaginum
1657 3537 1912 3606 picturis,
1936 3549 1992 3592 et

415 3617 523 3675 non
577 3602 715 3675 sicut
765 3605 1020 3660 invisibili
1078 3604 1265 3660 deitati
1318 3606 1370 3660 in
1416 3602 1606 3675 spiritu
1660 3602 1717 3662 et.
1762 3607 1992 3662 veritate

415 3673 784 3744 adorationem
815 3677 1160 3730 immutamus
1205 3675 1260 3729 in
1297 3673 1618 3744 manufactis
1646 3675 1986 3744 imaginibus,

415 3742 508 3796 sed
561 3743 882 3814 charitatem
931 3755 1171 3800 nostram
1222 3760 1381 3814 quam
1425 3743 1572 3814 juste
1615 3742 1877 3800 habemus
1923 3747 1990 3800 ad

415 3827 603 3866 servos
631 3813 826 3868 charos
876 3815 967 3868 Dei
1020 3815 1191 3868 nostri
1217 3813 1310 3868 tali
1337 3813 1495 3870 modo
1531 3814 1895 3879 ostendentes,
1939 3823 1994 3870 et

416 3881 468 3935 in
497 3895 685 3936 eorum
726 3883 931 3940 honore
966 3884 1298 3955 gloriﬁcatur
1339 3883 1510 3950 Deus,
1537 3886 1628 3955 qui
1672 3883 1993 3955 glorificavit

415 3966 542 4015 eos,
574 3960 679 4006 etc.
726 3973 745 4006 ι

485 4020 784 4093 inactione
823 4025 1049 4093 septima
1088 4023 1153 4093 de
1175 4022 1566 4093 signiﬁcatione
1611 4024 1944 4079 adorationis
1975 4043 1989 4078 :

420 4107 438 4138 ι
478 4090 736 4163 Adoratio
773 4090 956 4149 multis
989 4092 1163 4148 modis
1197 4090 1531 4163 intelligitur.
1588 4093 1683 4149 Est
1711 4093 1856 4148 enim
1895 4095 1993 4149 ad-

414 4159 590 4232 oratio
631 4163 925 4232 secundum
957 4165 1214 4218 honorem
1258 4172 1312 4218 et
1357 4159 1615 4228 amorem,
1638 4171 1692 4217 et
1721 4163 1991 4232 timorem,

415 4229 582 4304 sicuti
606 4231 901 4304 adorantur
928 4233 1200 4304 principes
1219 4243 1272 4304 et
1310 4233 1522 4288 illorum
1550 4241 1811 4304 potestas.

491 4317 512 4349 ‹
543 4300 655 4374 Est
663 4301 764 4356 alia
790 4300 1035 4374 adoratio
1058 4300 1267 4374 timoris
1287 4303 1518 4374 proprie,
1545 4300 1684 4358 sicut
1711 4301 1877 4360 Jacob
1901 4304 1997 4360 ad-

411 4370 590 4443 oravit
615 4371 758 4443 Esau
789 4371 999 4440 (Cenes.
1020 4371 1235 4443 χχχιιι).

2084 1783 2182 1838 Dei
2203 1786 2472 1840 servimus.
2501 1786 2636 1840 Nam
2659 1785 2840 1840 Latria
2874 1785 3060 1841 Grtcce
3097 1785 3288 1842 Latine
3307 1783 3318 1788 ’
3335 1783 3552 1847 serrilus
3577 1796 3657 1849 di-

2084 1855 2241 1929 citur,
2257 1871 2376 1929 quae.
2398 1865 2656 1929 quanium
2679 1857 2748 1929 ad
2773 1871 2953 1911 veram
2982 1856 3294 1926 religionem
3317 1867 3652 1929 attinet,non

2083 1925 2184 1979 nisi
2210 1927 2301 1980 uni
2336 1934 2390 1981 et
2411 1925 2509 1982 soli
2539 1927 2647 1980 Deo
2670 1927 2912 1988 debetur,
2939 1933 3043 1982 etc.
3071 1946 3090 1978 ι

2153 1995 2283 2050 Item
2301 1996 2587 2067 Augustini
2605 1997 2657 2050 in
2673 1996 2812 2050 libro
2829 1997 2894 2049 de
2914 1996 3223 2067 Quantitate
3236 1999 3454 2054 animae:
3476 2022 3496 2053 ‹
3516 2003 3658 2060 Deus

2081 2065 2658 2138 autemiimmortalem
2713 2067 2947 2138 animam
2986 2065 3247 2138 fecit,_iut
3292 2069 3656 2138 opinor,-nisi

2084 2135 2220 2189 forte
2250 2136 2343 2190 tibi
2364 2137 2519 2190 aliter
2543 2137 2772 2191 videtur.
2806 2135 2948 2205 Ergo
2973 2143 3028 2190 tu
3072 2136 3237 2192 velles
3264 2135 3390 2192 talia
3433 2135 3548 2196 ﬁeri
3587 2145 3656 2200 ab

2084 2205 2408 2278 hominibus,
2439 2206 2640 2278 iqualia
2677 2207 2832 2278 Deus
2863 2205 3027 2278 fecit?
3079 2207 3196 2278 Non
3249 2209 3498 2278 equidem
3553 2213 3657 2268 hoc

2083 2275 2332 2346 dixerim,
2361 2277 2455 2332 sed
2480 2275 2928 2346 quemadmodum
2955 2276 3066 2344 ipse
3088 2275 3407 2334 immortalis
3436 2281 3658 2336 immor-

2085 2345 2191 2400 tale
2233 2345 2663 2415 quiddamfecit
2695 2347 2762 2399 ad
2812 2346 3217 2400 similitudinem
3271 2363 3442 2414 suam,
3478 2352 3558 2408 sic
3605 2362 3657 2408 et

2083 2429 2182 2470 nos
2227 2415 2559 2471 immortales
2591 2432 2624 2470 a
2674 2416 2784 2470 Deo
2823 2415 2950 2471 facti
2984 2417 3051 2470 ad
3101 2416 3507 2476 similitudinem
3555 2440 3656 2477 no-

2083 2491 2272 2556 stram,
2301 2489 2443 2556 quod
2469 2485 2695 2556 facimus
2738 2487 3040 2541 immortale
3075 2501 3195 2542 esse
3223 2487 3458 2553 deberet,
3511 2500 3656 2547 recte

2083 2553 2292 2630 diceres
2319 2553 2366 2610 si
2403 2557 2471 2610 ad
2492 2554 2616 2630 _ejus
2662 2557 3222 2630 imagincmpingeres
3248 2557 3486 2630 tabulam
3515 2563 3658 2630 quod

2085 2623 2218 2702 in_te
2238 2623 2543 2702 immortale
2568 2639 2687 2680 esse
2712 2623 2906 2702 crudis.
2935 2623 3092 2702 Nune
3124 2627 3334 2702 vero_in
3378 2645 3441 2684 ea
3480 2623 3660 2702 eripri-

2084 2694 2187 2747 mis
2219 2694 2624 2751 similitudinem
2650 2697 2912 2766 corporis,
2947 2698 3090 2766 quod
3138 2696 3382 2766 profecto
3432 2694 3660 2757 moriale

2083 2770 2185 2827 est,
2213 2766 2480 2835 quomodo
2517 2782 2648 2836 ergo
2682 2783 2798 2820 sum
2837 2766 3028 2821 similis
3059 2767 3186 2828 Deo,
3220 2783 3340 2821 cum
3383 2770 3660 2826 immorta-

2084 2837 2154 2890 lia
2191 2837 2336 2916 nulia
2355 2835 2774 2916 possum’facere
2794 2847 2851 2892 ut
2879 2836 3003 2916 ille?
3031 2836 3310 2916 Quomodo
3338 2854 3436 2894 nec
3479 2841 3658 2916 imago

2084 2906 2332 2980 corporis
2361 2906 2435 2960 lui
2469 2913 2657 2980 potest
2681 2907 2783 2962 hoc
2822 2907 3026 2980 valere,
3069 2908 3210 2976 quod
3261 2915 3408 2980 tuum
3430 2959 3436 2966 .
3462 2906 3658 2980 corpus

2083 2975 2246 3041 valet,
2277 2976 2357 3029 sic
2397 2975 2572 3047 anima
2601 2992 2709 3030 non
2763 2978 3064 3031 mirandum
3092 2975 3212 3042 est,
3243 2977 3309 3047 isi
3359 2975 3658 3047 potentiam

2011 3075 2058 3138 ε
2089 3056 2288 3138 tantain
2319 3061 2425 3138 pon
2452 3046 2612 3138 habet
2625 3055 2884 3116 quantam
2909 3047 3028 3112 ille,
3055 3048 3123 3102 ad
3169 3046 3320 3116 cujus
3349 3046 3658 3106 similitudi-

2090 3133 2209 3172 nem
2233 3115 2372 3170 facla
2406 3123 2508 3178 est,
2531 3115 2657 3170 etc.’
2687 3137 2704 3168 ι

2157 3185 2347 3243 lsidori
2393 3184 2648 3256 episcopi,
2683 3197 2708 3227 α
2749 3188 2816 3243 de
2863 3185 3079 3242 Pictura
3110 3202 3126 3242 :
3159 3205 3177 3234 α
3215 3185 3432 3243 Pictura
3481 3197 3660 3246 autem

2088 3265 2172 3312 est
2200 3257 2378 3328 imago
2399 3257 2708 3328 exprimens
2733 3257 2966 3326 speciem
2993 3256 3069 3310 rei
3097 3257 3342 3325 alicujus,
3387 3273 3506 3328 quae
3533 3261 3662 3316 dum

2088 3329 2205 3384 visa
2248 3325 2410 3381 fuerit
2454 3325 2520 3380 ad
2549 3325 2973 3383 recordationem
3023 3337 3256 3382 mentem
3288 3325 3512 3383 reducit.
3543 3351 3563 3382 ι
3590 3363 3662 3372 -—

2087 3397 2218 3452 Item
2259 3414 2272 3450 :
2325 3413 2343 3446 ‹
2378 3395 2654 3452 Picturam
2718 3399 2863 3452 enim
2894 3396 3149 3467 ΔΑῑεςιπὶἱ
3201 3399 3658 3467 excogitaverunt.

2089 3467 2326 3521 Primum
2351 3467 2598 3520 umbram
2629 3467 2858 3520 hominis
2893 3465 3048 3520 lineis
3084 3465 3526 3528 circumductam.
3560 3468 3662 3524 lta-

2089 3552 2196 3608 que
2221 3535 2572 3608 initio-talis,
2613 3536 2846 3608 secunda
2885 3535 3110 3604 singulis
3157 3537 3448 3608 eoloribus,
3475 3548 3661 3608 postea

2091 3603 2549 3674 diversis,isicque
2591 3605 2849 3672 paulatim
2879 3603 2998 3658 sese
3031 3620 3120 3659 ars
3167 3605 3280 3674 ipsa
3328 3603 3574 3662 distinxit
3607 3619 3662 3662 et

2091 3674 2294 3746 invenit
2319 3673 2518 3746 _l_umen
2563 3682 2725 3742 atque
2780 3675 3028 3746 umbras,
3087 3673 3523 3746 dili'érentiasque
3573 3695 3664 3733 co-

2092 3744 2286 3815 lorum.
2319 3742 2471 3815 Unde
2497 3749 2553 3796 et
2583 3759 2728 3815 nunc
2765 3743 3016 3815 pictores
3042 3744 3190 3814 prius
3227 3742 3453 3802 umbras
3497 3762 3662 3815 quas-

2092 3813 2213 3884 dam
2244 3821 2316 3884 “et
2377 3811 2795 3884 lineasifuturze
2861 3811 3111 3884 imaginis
3177 3815 3414 3884 ducunt,
3473 3811 3663 3873 deinde

2091 3882 2362 3938 coloribus
2410 3881 2679 3951 complent
2727 3881 2998 3938 tenentes'
3020 3883 3265 3940 ordinem
3308 3883 3539 3940 inventa:
3575 3903 3665 3941 ar-

2093 3953 2183 4028 tis.
2219 3951 2539 4028 )_—_ltem_:
2567 3971 2687 4028 —__«
2716 3952 2935 4028 Colores
2955 3961 3135 4008 autem
3181 3954 3370 4028 dictos,
3400 3957 3542 4028 quod
3572 3973 3664 4028 ea.
3749 3989 3753 3992 -

2094 4023 2208 4078 lore
2247 4021 2388 4093 ignis
2435 4022 2519 4076 vel
2573 4023 2703 4080 solis
2751 4025 3131 4093 perﬁciuntur,
3179 4025 3293 4078 sive
3331 4021 3472 4092 quod
3511 4027 3664 4081 initio

2094 4093 2501 4155 colal,antur,ut
2521 4107 2744 4148 summm
2775 4093 3089 4149 subtilitatis
3117 4095 3468 4158 exsisterent,
3493 4103 3599 4150 etc.
3639 4117 3658 4148 ι

2163 4162 2293 4234 Item
2323 4161 2650 4234 Augustinus
2683 4165 2736 4218 in
2771 4164 2907 4218 libro
2933 4165 2998 4220 de
3025 4163 3279 4234 Magistro
3329 4181 3342 4217 :
3397 4183 3416 4216 ι
3471 4165 3546 4220 De
3581 4165 3668 4222 his

2093 4249 2212 4303 qua:
2240 4232 2607 4302 intelliguntur
2636 4235 2947 4288 interiorem
2975 4232 3254 4288 veritatem
3281 4235 3494 4290 ratione
3539 4250 3668 4289 con-

2095 4303 2338 4374 sulimus,
2357 4303 2484 4371 quid
2509 4303 2611 4358 dici
2633 4313 2826 4374 potest,
2854 4303 2996 4359 unde
3018 4303 3222 4359 clareat
3245 4305 3426 4360 verbis
3447 4319 3546 4360 nos
3567 4305 3668 4359 ali-

2097 4373 2224 4446 quid
2254 4373 2460 4428 discere
2475 4373 2668 4446 prater
2692 4375 2864 4446 ipsum
2886 4375 2977 4442 qui
3004 4389 3162 4428 aures
3187 4375 3419 4444 percutit
3449 4389 3662 4446 sonum.

490 4423 652 4515 .gtr
669 4423 1210 4498 *iierist‘as'.:.;es"
1223 4423 1519 4498 secundum
1550 4443 1818 4515 gratam,
1847 4443 1994 4515 sicut
2023 4423 2076 4486 ι)
2100 4423 3662 4515 sa'sqae‘ssrsarsvestiant:gurgitis;essent;

413 4507 686 4583 Abraham
709 4520 925 4583 propter
950 4528 1138 4582 agrum
1181 4529 1339 4582 quem
1375 4507 1595 4583 accepit
1615 4528 1644 4566 a
1667 4513 1810 4583 ifiliis
1838 4514 1990 4578 Seth,

500 4577 831 4720 septumi-inm
869 4577 1018 4638 Same
1059 4577 1302 4639 mulieris
1341 4581 1476 4651 ejus,
1510 4577 1587 4639 ἐι
1614 4582 1857 4640 adoravit
1901 4577 1996 4640 eos

487 4663 570 4700 en.
597 4665 732 4702 XXIII
764 4689 778 4703 .

487 4663 570 4700 en.
597 4663 778 4703 XXIII).

489 4717 884 4796 tJEslniliBl‘lim
917 4723 1178 4796 adoratis,
1221 4739 1341 4796 cum
1378 4723 1616 4796 creditur
1643 4721 1822 4796 aliqua
1847 4737 1994 4796 _p_ro-

417 4788 578 4840 tectio
606 4788 826 4860 adipisci
853 4803 882 4842 a
906 4793 1448 4860 superemineutibus,
1481 4793 1620 4846 sicut
1655 4788 1822 4848 Iacob
1847 4788 1991 4848 Pha-

418 4868 636 4928 raonem
663 4855 817 4927 (Gen.
850 4855 1040 4928 xuii).

490 4943 508 4973 ι
538 4925 632 4999 Est
645 4925 772 4999 vera
802 4935 857 4982 et
879 4925 1177 4986 certissima
1208 4931 1472 4992 adoratio,
1497 4945 1617 4999 qum
1641 4931 1740 4986 soli
1769 4932 1992 4987 debetur

413 4994 763 5115 omnigotenti
788 5004 842 5052 et
869 4999 1060 5054 divinae
1085 5000 1372 5068 majestati,
1399 4994 1538 5082 sicut
1585 4999 1716 5055 dicit
1749 5000 1992 5071 Scriptu-

415 5077 513 5115 ra:
593 5081 825 5115 ommum
862 5068 1026 5115 Deum
1061 5079 1208 5115 tuum
1241 5069 1486 5115 ndnmbm
1509 5110 1520 5115 _
1571 5080 1619 5115 et
1655 5071 1734 5115 illi
1759 5070 1857 5115 mli
1883 5088 1992 5115 κριο-

415 5077 513 5116 ra:
544 5066 825 5118 Dominum
860 5068 1026 5122 Deum
1061 5066 1208 5122 tuum
1241 5069 1486 5124 adorabis
1508 5110 1522 5128 ,
1571 5080 1619 5122 et
1655 5071 1734 5124 illi
1759 5066 1992 5124 soli-ser-

415 5134 516 5187 vies
546 5134 725 5203 (Deut.
745 5138 854 5206 vr).
889 5138 1036 5192 Hane
1084 5147 1261 5197 autem
1291 5139 1655 5193 adorationem
1685 5141 1752 5194 ad
1787 5141 1988 5195 nullam

415 5212 715 5274 creaturam
739 5205 866 5262 licet
888 5207 1203 5272 transferre,
1229 5221 1328 5263 nec
1366 5208 1418 5262 in
1445 5208 1767 5266 manufactis
1796 5209 1990 5264 immu-

415 5279 550 5333 tare,
589 5283 695 5330 etc.
727 5296 746 5328 ι

446 5341 815 5423 LAugustinus
866 5346 1006 5400 libro
1050 5355 1252 5423 satione
1296 5345 1595 5423 Trinitatis,
1624 5363 1747 5423 cum
1779 5349 1988 5423 de_Spi-_-

416 5415 742 5488 ritirsaucto
768 5415 1098 5488 loqueretur,
1127 5417 1272 5470 inter
1299 5425 1489 5472 uetera
1532 5417 1747 5488 inquit:
1785 5438 1804 5469 ‹
1841 5415 1988 5474 Patri

415 5489 470 5533 et
499 5481 632 5554 Filio
655 5481 874 5554 prorsus
901 5486 1134 5554 Spiritus
1160 5496 1380 5540 sanctus
1404 5481 1622 5553 aequalis
1653 5496 1708 5544 et
1736 5489 1788 5544 in
1811 5489 1990 5544 Trini-

417 5552 542 5607 tatis
575 5551 780 5610 uuitate
818 5551 1291 5612 cotisubstantialis
1315 5564 1370 5611 et
1393 5551 1710 5616 mittemus.
1757 5560 1990 5616 maxime

489 5699 513 5726 α
542 5685 842 5762 Etymolog.
874 5690 966 5747 lib.
997 5707 1115 5759 xix,
1141 5705 1256 5761 cap.
1294 5690 1356 5746 l6

2095 4523 2189 4567 aut
2213 4521 2392 4568 mente
2425 4513 2767 4584 percipimus,
2793 4513 2888 4568 illa
2907 4513 3196 4578 sensibilia,
3225 4515 3348 4584 haec
3365 4513 3668 4584 intelligilii-

2095 4585 2166 4638 lia
2200 4584 2312 4639 sive
2343 4591 2402 4637 ut
2453 4583 2602 4638 more
2646 4592 2922 4638 auctorum
2973 4591 3283 4638 nostrorum
3336 4583 3544 4648 loquar,
3574 4583 3664 4638 illa

2093 4653 2360 4722 carnalia,
2403 4653 2519 4708 haec
2562 4653 2819 4724 spiritalia
2867 4654 3224 4709 nominamus.
3269 4654 3344 4708 De
3385 4653 3490 4708 illis
3541 4668 3664 4708 cum

2094 4725 2484 4794 interrogantur
2541 4725 2946 4793 respondemus,
2975 4725 3018 4780 si
3071 4731 3267 4794 prmsto
3315 4731 3397 4781 est
3449 4739 3510 4778 ea
3543 4738 3666 4794 quae

2093 4790 2354 4868 sentimus
2393 4790 2540 4868 velut
2576 4790 2698 4868 cum
2748 4811 2778 4848 a
2828 4795 2984 4868 nobis
3019 4790 3285 4868 quaeritur
3332 4790 3666 4868 intuentibus

2091 4864 2268 4917 lunam
2297 4863 2488 4918 novam
2509 4903 2524 4928 ,
2551 4863 2726 4932 qualis
2757 4871 2850 4917 aut
2873 4865 2962 4918 ubi
2988 4863 3079 4927 sit,
3103 4865 3192 4918 hic
3214 4864 3302 4918 ille
3325 4865 3415 4932 qui
3441 4863 3663 4916 interro-

2091 4942 2181 5002 gat
2206 4933 2250 4988 si
2277 4949 2384 4988 non
2411 4932 2575 5002 videt,
2603 4933 2775 4987 credit
2807 4934 3005 5000 verbis,
3033 4941 3088 4988 et
3126 4949 3266 5002 sa‘pe
3311 4949 3417 4986 ntn
3469 4932 3658 5002 credit.

2092 5001 2258 5059 Discit
2283 5009 2462 5071 autem
2490 5001 2634 5056 nullo
2670 5003 2854 5071 modo,
2879 5003 2985 5058 nisi
3025 5010 3074 5056 et
3125 5001 3239 5071 ipse
3271 5002 3416 5070 quod
3465 5001 3666 5054 dicitur

2090 5074 2286 5137 videat,
2314 5072 2406 5126 ubi
2427 5069 2540 5138 jam
2569 5086 2676 5125 non
2715 5069 2921 5137 verbis,
2953 5072 3046 5126 sed
3073 5069 3234 5126 rebus
3265 5069 3398 5140 ipsis
3441 5077 3495 5124 et
3541 5085 3666 5122 sen-

2090 5145 2240 5200 sibus
2265 5141 2422 5196 discit
2451 5158 2464 5194 :
2489 5156 2615 5195 nam
2645 5141 2804 5195 verba
2829 5143 3014 5196 eadem
3059 5148 3252 5196 sonant
3295 5140 3514 5202 videnti,
3541 5155 3664 5208 qua:

2090 5231 2196 5268 non
2227 5212 2428 5267 videnti
2462 5212 2624 5268 etiam
2661 5219 2956 5266 sonuerunt
3015 5209 3148 5266 Cum
3175 5223 3302 5265 vero
3325 5225 3434 5265 non
3477 5210 3542 5264 de
3579 5209 3664 5264 his

2087 5299 2208 5354 qua:
2227 5297 2408 5337 coram
2435 5283 2714 5354 sentimus,
2742 5282 2836 5354 sed
2871 5282 3046 5354 dehis
3069 5296 3189 5352 qua:
3215 5278 3500 5354 aliquando
3535 5293 3663 5354 sen-

2089 5349 2274 5415 simus,
2304 5353 2581 5422 quaeritur,
2605 5367 2711 5407 non
2737 5351 2850 5424 jam
2885 5367 2974 5407 res
2999 5349 3159 5424 ipsas,
3190 5352 3282 5424 sed
3307 5349 3568 5424 imagines
3593 5349 3661 5403 ab

2087 5424 2167 5479 eis
2192 5421 2500 5492 impressas,
2523 5423 2903 5491 memorizeque
2927 5421 3206 5492 mandatas
3235 5421 3521 5490 loquimur,
3537 5433 3661 5474 cum

2087 5495 2231 5564 omni
2269 5491 2537 5564 quomodo
2565 5508 2695 5564 vera
2730 5493 2970 5548 dicamus
3004 5507 3124 5564 cum
3176 5491 3308 5546 falsa
3354 5492 3660 5564 intueamur

2089 5556 2318 5635 ignoro}
2355 5565 2456 5621 nisi
2484 5563 2609 5636 quia
2643 5579 2748 5620 non
2783 5578 2882 5618 nos
2909 5578 2974 5618 ea
3009 5563 3192 5618 videre
3222 5575 3286 5619 ac
3318 5560 3538 5626 sentire,
3564 5556 3660 5618 ﬁnd
