4018 6178
308 310 443 367 1357

1010 311 1186 368 LIBRI
1223 311 1565 369 CAROLINI.
1596 341 1668 351 --
1698 309 1990 366 APPEND.
2032 340 2101 350 —-
2140 308 2554 367 CO‘NV’ENTUS
2591 309 2815 366 PARlS.

3434 312 3574 367 i358

302 448 435 505 grua
464 430 1058 505 plurima__testintonia,
1078 431 1277 505 quibus
1304 441 1358 486 et
1388 431 1475 485 isti
1512 444 1684 494 suam,
1709 438 1764 483 et
1802 428 1877 483 illi
1911 436 1951 490 Α
1983 428 2129 505 beati
2152 427 2584 505 praedecessore;
2598 431 2703 505 mei
2737 429 2940 505 domini
2967 430 3213 505 Gregorii
3254 446 3405 500 papte
3448 442 3571 488 utar

303 499 549 558 écontra
584 499 858 555 vindicare
881 510 934 554 et
978 499 1224 557 obtinere
1276 517 1428 557 suam
1475 509 1666 570 putant
1719 514 1879 570 posse

305 572 652 629 sententiam.

377 643 530 699 Unde
554 642 694 722 sicut
717 640 943 722 [dignum
972 649 1027 694 et
1051 656 1177 722 vere
1207 642 1508 722 dignumet
1528 639 1732 722 justum
1761 645 1845 720 est
1864 679 1880 703 ,

303 722 365 768 ut
404 709 952 782 prateunteSpiritus
975 712 1145 766 sancti
1183 712 1403 774 virtute,
1428 711 1515 782 ille
1542 711 1683 782 inter
1706 724 1800 762 eos
1829 709 1883 782 in

307 778 525 839 nomine
556 781 766 835 Domini
799 780 921 834 talia
959 789 1321 844 correcturus,
1348 789 1403 835 et
1440 781 1508 833 ad
1554 780 1695 832 viam
1742 778 1885 833 veri-

308 855 436 908 tatis
457 851 797 907 sanctissimo
822 850 1190 905 moderamine
1217 852 1538 905 reducturus
1578 849 1786 918 primus
1830 849 1883 901 in

309 923 618 980 hominibus
643 920 846 990 arbiter
871 928 1150 984 occurrat,
1173 935 1331 990 quem
1362 920 1502 973 Deus
1548 919 1886 990 omnipotens

309 1011 365 1049 ιιι
390 993 515 1048 sede
541 989 832 1060 apostolica
870 990 1163 1055 collocare,
1187 987 1484 1058 eorumque
1512 989 1771 1042 vicarimu
1803 987 1884 1060 ei-

309 1064 433 1122 dem
461 1059 661 1115 sanctae
694 1074 806 1114 sua:
832 1060 1085 1114 Ecclesia:
1114 1061 1241 1122 dare
1280 1060 1529 1129 dignatus
1575 1068 1687 1124 est,
1720 1067 1774 1112 et
1815 1059 1885 1111 ob

312 1136 414 1189 hoc
440 1133 490 1186 ei
519 1146 713 1186 nomen
744 1130 974 1200 speciale
1001 1132 1054 1184 in
1085 1138 1198 1185 toto
1220 1131 1352 1184 orbe
1380 1138 1646 1200 terrarum
1687 1130 1887 1200 abea-

311 1205 434 1259 dem
478 1208 663 1257 sancta
708 1198 803 1254 Dei
839 1200 1077 1254 Ecclesia
1114 1214 1223 1268 pra:
1253 1199 1505 1254 omnibus
1544 1198 1887 1267 pontiﬁcibus

311 1274 587 1328 decretum
613 1280 716 1335 est,
742 1279 801 1325 ut
825 1270 970 1324 solus
999 1286 1103 1323 non
1146 1284 1242 1324 sua
1281 1269 1558 1332 abusione,
1588 1268 1682 1323 sed
1709 1278 1887 1322 tanto-

313 1359 433 1397 rum
456 1340 823 1412 apostolorum
846 1340 1166 1412 auctoritate
1207 1339 1545 1412 universalis
1558 1353 1693 1412 papa
1735 1338 1886 1412 dica-

313 1421 423 1476 tur,
453 1409 739 1475 scribatur,
762 1419 816 1464 et
845 1411 913 1466 ab
933 1410 1184 1465 omnibus
1206 1410 1484 1463 habeatur.
1507 1409 1574 1462 Et
1600 1409 1725 1477 quia
1748 1409 1888 1461 sicut

316 1483 567 1537 omnibus
595 1488 780 1534 notum
824 1488 927 1545 est,
955 1480 1167 1535 dicente
1214 1478 1420 1533 Joanne
1471 1478 1733 1548 apostolo,
1756 1478 1887 1530 hora

315 1553 595 1606 novissima
617 1559 703 1620 rest
747 1549 801 1620 (I
829 1550 989 1604 Joan.
1019 1548 1104 1619 ιι).
1137 1548 1402 1620 ΕιᾳΡειιὶο
1436 1548 1597 1620 εηΝορ
1648 1549 1737 1605 in_
1758 1563 1887 1617 quos

313 1623 444 1692 ﬁnes
466 1617 774 1675 swculorunt
800 1617 1110 1673 devenerunt
1133 1618 1183 1741 ς]
1205 1617 1327 1672 Cor.
1346 1618 1424 1683 ιι).
1452 1618 1518 1672 Ει
1536 1618 1655 1673 ideo
1679 1626 1889 1685 tempus

316 1692 502 1741 instat.
535 1690 651 1741 dies
666 1688 848 1741 iudicii
875 1690 1076 1741 absone
1101 1705 1136 1741 ιι
1162 1689 1210 1741 la
1234 1688 1483 1741 diuturna
1510 1688 1767 1741 dilatione
1794 1703 1889 1741 an-

315 1688 502 1755 instat,
535 1688 848 1757 diesjudicii
875 1690 1076 1759 absque
1101 1688 1210 1759 ulla
1234 1688 1483 1759 diuturna
1510 1688 1777 1759 dilatione
1794 1703 1889 1756 ap—

1982 496 2432 582 verbis).fratres,
2466 508 2519 579 et
2551 499 2761 581 Domini
2796 501 2897 553 mei
2926 515 2939 552 :
2988 501 3041 580 in
3080 496 3341 582 quantum
3372 517 3568 582 pecco-

1983 576 2160 631 tores,
2194 567 2388 621 fratres
2415 569 2551 631 mei,
2594 569 2649 622 in
2688 579 2948 637 quantum
2982 567 3146 636 justi,
3185 567 3391 625 domini
3421 577 3565 637 mei;

1983 648 2245 705 quantum
2277 652 2341 691 ex
2373 653 2487 700 me,
2531 639 2804 709 humiliter
2832 641 3093 709 supplico,
3139 650 3401 709 quantum
3440 657 3570 697 vero

1984 721 2050 759 cx
2083 715 2232 760 tanta
2264 708 2605 774 auctoritate,
2638 708 2941 763 sublimiter
2969 708 3179 774 moneo,
3209 721 3270 766 ut
3296 727 3454 765 nemo
3483 726 3570 768 me

1985 777 2110 849 hoc
2133 777 2249 830 loco
2281 786 2504 846 prepter
2532 793 2619 832 me
2638 779 2908 849 despiciat
2932 821 2945 844 ,
2999 781 3125 849 quia
3155 789 3209 835 et
3246 781 3291 836 si
3330 783 3396 836 ad
3434 782 3570 835 invi-

1987 847 2206 921 tandum
2250 862 2587 921 nequaquam
2618 847 2812 921 dignus
2843 847 3094 918 apparco,
3136 866 3327 921 magna
3365 860 3449 906 est
3490 859 3571 906 ta-

1985 931 2109 989 men
2141 915 2312 970 virtus
2337 917 2635 989 eharitatis,
2665 915 2814 987 pacis
2838 915 2893 971 et
2913 915 3160 984 unitatis,
3191 915 3259 975 ad
3290 936 3450 989 quam
3474 937 3571 976 vos

1986 984 2389 1057 altaopotcstate
2407 986 2469 1057 in
2498 987 2614 1041 vice
2643 984 2923 1042 beatorum
2952 984 3321 1057 apostolorum
3345 989 3490 1045 Petri
3516 999 3573 1046 et

1988 1053 2162 1120 Pauli,
2193 1056 2245 1108 in
2274 1056 2491 1111 nomine
2521 1058 2733 1111 Domini
2763 1060 2931 1113 nostri
2959 1053 3081 1113 Iesu
3113 1060 3311 1113 Christi
3341 1061 3571 1115 invitare

1985 1139 2275 1193 praesumo.
2333 1125 2465 1180 Cum
2512 1126 2654 1180 enim
2701 1127 2899 1182 Paulus
2938 1130 3170 1183 veridica
3207 1145 3338 1185 voce
3382 1129 3566 1184 dicat:

1988 1193 2184 1270 [facem
2206 1196 2479 1270 sequimini
2497 1212 2623 1270 cum
2645 1198 2908 1270 omnibus,
2933 1210 2980 1270 et
3005 1200 3423 1270 sanctimoniam,
3445 1201 3570 1270 quia

1987 1264 2099 1317 sine
2126 1263 2219 1317 illa
2248 1263 2396 1338 nemo
2423 1266 2615 1338 ridebit
2633 1265 3010 1338 Deumlﬂebr.
3034 1270 3156 1338 xu),
3182 1270 3309 1338 quid
3336 1263 3567 1333 felicius,

2029 1349 2149 1386 nam
2175 1344 2231 1387 et
2259 1336 2310 1387 in
2334 1335 2435 1389 hoc
2459 1335 2654 1389 saeculo
2678 1336 3050 1400 desiderando,
3073 1335 3128 1393 et
3156 1335 3214 1392 in
3235 1339 3325 1393 illo
3346 1338 3571 1394 fruendo

2070 1419 2159 1456 um
2187 1403 2408 1491 videre:
2437 1404 2569 1491 quid
2597 1420 2627 1458 e
2655 1406 2866 1491 diverso
2893 1407 3179 1489 infelicius,
3203 1423 3501 1491 quam‘uec.
3516 1409 3568 1462 in

1990 1474 2094 1544 hoc
2137 1475 2334 1544 seculo
2380 1473 2609 1527 feliciter
2650 1476 2921 1544 Oplando,
2972 1492 3073 1530 nec
3122 1478 3175 1531 in
3220 1473 3315 1532 illo
3364 1476 3574 1533 felicius

1989 1541 2218 1615 fruendo
2262 1544 2447 1615 videre
2490 1541 2749 1615 meruerit
2788 1547 2996 1600 Deum?
3032 1548 3098 1601 Et
3132 1563 3254 1603 cum
3294 1546 3451 1615 hujus
3486 1563 3573 1601 as-

1990 1612 2247 1667 sertionis
2276 1613 2362 1666 vel
2392 1614 2634 1668 veritatis
2671 1616 2725 1669 in
2764 1618 3015 1672 universo
3051 1618 3250 1672 mundo
3280 1612 3426 1671 tanta
3465 1617 3575 1670 sint

1992 1683 2299 1755 testimonia
2320 1723 2348 1755 ,Α
2376 1698 2495 1751 qua:
2525 1684 2577 1737 in
2608 1687 2858 1753 praesenti
2889 1696 3129 1755 tempore
3158 1688 3301 1741 nulla
3327 1687 3574 1742 evolvere

315 1752 814 1830 propinquat,’nulli
840 1752 1061 1813 dubium
1091 1758 1219 1830 quin
1249 1758 1492 1830 diabolus
1519 1758 1659 1811 inter
1685 1752 1888 1830 reliqua
1925 1770 1968 1828 Β
1994 1752 2283 1830 praevaleat
2318 1753 2520 1830 lingua,
2554 1752 2837 1830 nullusque
2867 1752 3171 1830 mortalium
3201 1758 3453 1830 praescire
3478 1772 3575 1830 va-

316 1827 633 1901 porditionis
659 1845 769 1901 stne
794 1837 1107 1901 argumenta
1138 1827 1263 1901 illud
1300 1829 1568 1901 prtecipue
1596 1828 1891 1901 contendit,
1935 1827 1944 1843 ‘

324 1898 383 1955 ut
406 1902 459 1954 in
491 1899 782 1953 novissimo
815 1898 904 1951 die
943 1906 1142 1952 sancta:
1169 1898 1262 1951 Dei
1298 1899 1550 1953 Ecclesia:
1578 1899 1895 1952 charitatem

317 1979 564 2025 mutuam
595 1968 836 2033 scindat;
868 1967 1278 2022 unanimitatem
1304 1982 1400 2036 per
1424 1967 1719 2037 quamlibet
1746 1982 1898 2021 occa-

317 2041 526 2095 sionem
586 2039 814 2102 scindat,
861 2038 1071 2091 vi.~;cera
1125 2037 1427 2091 dilectionis
1482 2046 1811 2106 corrumpat,
1841 2044 1899 2090 ut

318 2126 441 2164 eam
466 2124 569 2163 non
597 2108 651 2162 in
680 2123 810 2177 pace
841 2108 1090 2176 superius
1118 2116 1559 2170 commemorata,
1584 2108 1678 2161 sed
1707 2107 1897 2161 discis-

320 2195 437 2235 sam
462 2187 516 2233 et
543 2176 833 2232 laceratam
861 2177 976 2231 dies
1011 2176 1099 2231 ille
1122 2178 1422 2232 horrendus
1448 2177 1705 2231 inveniat.

397 2249 503 2304 Sed
530 2264 630 2302 nec
669 2247 799 2302 illud
839 2247 990 2309 latet,
1015 2247 1158 2315 quod
1186 2248 1301 2317 ipse
1350 2246 1532 2300 infelix
1582 2245 1893 2309 infelicium,

324 2319 765 2387 tniserrimusque
801 2318 1040 2371 onminm
1094 2317 1412 2371 miserorum
1450 2332 1555 2370 non
1586 2325 1776 2387 curat,
1804 2332 1900 2385 per

322 2389 620 2459 quamlibet
646 2386 983 2459 occasionem
1012 2387 1365 2459 corporalem,
1390 2386 1685 2459 spiritalem
1705 2425 1719 2449 ,
1743 2402 1900 2439 utun-

325 2455 542 2523 danam,
566 2456 1001 2525 ecclesiasticam,
1018 2457 1070 2510 id
1102 2455 1313 2511 efﬁcere
1339 2457 1529 2525 possit,
1552 2456 1679 2510 dum
1720 2466 1898 2509 tamen

323 2528 566 2651 gttolibet
608 2536 923 2609 argumento
955 2523 1073 2608 ejus
1112 2526 1223 2581 Deo
1255 2523 1504 2595 placitam
1556 2536 1798 2579 mutuam
1845 2525 1900 2607 i_n

366 2598 597 2651 timendo
625 2597 947 2651 soliditatem
974 2596 1219 2651 scindere
1259 2597 1461 2651 valeat:
1513 2605 1560 2650 et
1610 2612 1733 2650 cum
1780 2610 1900 2648 um-

366 2598 597 2667 iligendo
625 2597 947 2667 soliditatem
974 2596 1219 2651 scindere
1259 2597 1461 2667 valeat;
1513 2605 1560 2650 et
1610 2612 1733 2650 cum
1760 2595 1914 2667 iuni-

327 2666 519 2721 versus
538 2667 588 2721 ei
619 2666 1011 2721 ecclesiasticus
1036 2667 1168 2720 ordo
1196 2666 1391 2720 merito
1418 2667 1636 2722 obviare
1688 2666 1898 2728 debeat,

329 2737 506 2792 nullus
532 2745 711 2791 tamen
735 2737 834 2791 sub
861 2736 962 2790 hac
981 2736 1285 2790 conditione
1300 2735 1488 2803 majori
1515 2734 1902 2803 constringitur

328 2807 530 2872 debito,
563 2822 725 2876 quam
753 2806 841 2861 ille
875 2806 967 2876 qui
1007 2814 1157 2860 tanto
1195 2806 1249 2859 in
1283 2807 1408 2859 sede
1452 2806 1741 2874 apostolica
1785 2804 1902 2876 illo-_-

329 2892 450 2930 rum
497 2873 816 2932 auctoritate
857 2873 956 2945 pro
984 2891 1171 2930 eorum
1197 2873 1498 2930 reverentia
1528 2876 1582 2929 in
1610 2873 1902 2945 universafi

329 2947 548 3010 mundo,
577 2962 642 3001 ac
677 2946 769 2999 tali
810 2944 1066 3000 hunorari
1105 2946 1303 2999 meruit
1340 2946 1641 3016 privilegio.
1675 2944 1776 3011 Qui
1821 2952 1904 3016 ta-

330 3031 453 3070 men
504 3016 823 3070 universalis
866 3017 1060 3070 merito
1106 3031 1212 3069 non
1262 3016 1488 3079 dicitur,
1541 3015 1587 3070 si
1634 3030 1734 3079 pro
1782 3015 1903 3068 uni-

330 3086 526 3140 versali
575 3086 828 3142 Ecclesiae
873 3093 1016 3141 statu
1063 3086 1519 3156 viribus,quibus
1565 3086 1739 3151 valet,
1792 3099 1900 3138 non

330 3156 675 3225 agonizatur.

403 3224 551 3289 Haec,
578 3226 794 3280 domine
819 3225 999 3290 Pater,
1023 3241 1087 3281 ac
1125 3234 1240 3281 toto
1266 3225 1466 3281 mundo
1493 3226 1796 3280 venerande
1831 3233 1908 3279 at-

331 3309 438 3364 que
469 3296 760 3349 reverende
791 3296 1129 3364 sanctissime
1154 3295 1500 3364 pontifex,ad
1531 3296 1907 3351 insinuandam

335 3363 391 3415 in
420 3370 569 3483 ginta
610 3377 668 3416 re
703 3363 904 3418 mentis
932 3372 1133 3418 nostrae
1157 3363 1521 3420 devotionem
1578 3368 1908 3434 prwmittere

336 3440 420 3483 stu
465 3446 659 3483 ulmus.

336 3432 659 3486 studuimus.

408 3500 617 3555 Abhinc
642 3514 789 3564 vero,
819 3501 862 3553 si
890 3501 1023 3557 adeo
1048 3502 1412 3557 conservanda
1461 3501 1674 3558 almitas
1724 3512 1907 3558 vestra

337 3569 410 3627 ita
439 3569 678 3641 elegerit,
705 3586 809 3626 non
832 3570 1152 3625 insinuando
1179 3569 1272 3641 sed
1301 3571 1653 3635 admonendo,
1679 3572 1910 3641 qualiter

337 3588 410 3627 ita
439 3588 678 3641 elegerit,
705 3588 809 3626 non
832 3588 1152 3625 tnsmuanoo
1179 3588 1272 3625 seu
1301 3588 1653 3635 admonendo,
1678 3588 1910 3695 guanter

337 3640 640 3722 communis
665 3641 1167 3722 legatio‘nostraad
1206 3639 1352 3722 illam
1389 3648 1629 3722 sanetam
1753 3642 1769 3694 i
1806 3642 1910 3695 Ec-

310 3710 558 3767 .elesiam
590 3710 963 3781 corrigendam
992 3710 1148 3779 dirigi
1191 3710 1380 3779 possit,
1405 3712 1723 3781 subnectere
1755 3726 1912 3765 cura-

338 3781 536 3850 bimus,
555 3796 659 3834 non
682 3789 741 3834 ιιι
767 3789 965 3835 sanctae
987 3789 1041 3834 et
1062 3797 1091 3835 a
1115 3781 1224 3835 Deo
1242 3781 1381 3835 datae
1401 3780 1676 3850 sapientiae
1696 3788 1905 3841 vestrze,

339 3848 482 3920 quod
516 3850 674 3906 absit.
697 3851 856 3903 altius
894 3850 1283 3919 sublimiusque
1313 3848 1685 3920 progrediendi
1729 3850 1914 3904 termi-

340 3934 470 3974 num
493 3932 692 3987 ponere
704 3921 1232 3989 prmsumpserimus;
1263 3922 1355 3974 sed
1379 3934 1444 3974 ne
1470 3920 1700 3988 id,quod
1718 3920 1911 3974 exinde

342 3989 497 4043 nobis
517 3989 900 4059 omnipotentis
927 3988 1018 4044 Dei
1046 3990 1402 4059 omnipotenti
1434 3990 1799 4045 misericordia
1845 3988 1912 4042 ad

342 4058 658 4126 obsequium
691 4068 926 4113 vestrum
975 4060 1199 4114 salutem
1249 4067 1487 4114 nostram
1532 4059 1778 4115 conferre
1832 4060 1914 4113 di-

343 4136 503 4198 gnata
532 4136 632 4189 est,
657 4128 872 4183 silentio
903 4139 1221 4198 tegeremus,
1246 4129 1386 4184 sicut
1417 4129 1586 4183 lilium
1624 4131 1778 4185 decet
1819 4144 1914 4198 pa-

348 4198 465 4279 tris‘
473 4197 524 4249 in
556 4199 760 4279 gremio
786 4200 1051 4279 esaminis
1074 4200 1265 4279 vestri
1298 4199 1700 4279 collocavimus,
1725 4197 1912 4279 confisi

344 4268 398 4321 in
428 4267 672 4331 Domino,
701 4270 840 4337 quod
873 4269 985 4337 ipse
1005 4270 1157 4323 vobis
1182 4269 1392 4330 exinde,
1424 4269 1565 4337 quod
1602 4270 1704 4324 sibi
1751 4270 1914 4338 placi-

347 4346 460 4408 tum
488 4343 543 4389 et
567 4339 895 4408 aceeptabilc
922 4346 1023 4399 est,
1053 4339 1315 4407 inspirare
1342 4339 1665 4408 dignabitur.

416 4405 533 4478 Nos
550 4405 728 4461 tamen
758 4423 862 4461 non
887 4405 1153 4478 synodum
1174 4405 1564 4478 congregando,
1591 4409 1705 4468 sed,
1722 4423 1908 4477 quem-

345 4475 633 4548 admodum
663 4493 694 4531 a
724 4478 875 4531 vobis
905 4465 1312 4548 postulav'itnus,
1329 4465 1707 4545 licentiamque
1720 4465 1911 4548 agendi
1945 4465 1989 4523 Ι)

344 4547 717 4613 percepimus,
769 4563 875 4601 una
943 4563 1065 4601 cum
1115 4547 1475 4601 familiaribus
1526 4548 1727 4603 nostris
1765 4547 1915 4601 'liliis

347 4614 859 4687 vestris,_quantum
904 4633 1001 4687 pro
1042 4617 1425 4686 multiplicibus
1466 4616 1917 4671 sollicitudinibus

348 4683 788 4755 regnidivcrsis
849 4683 1095 4755 occupati
1152 4683 1249 4755 per
1305 4688 1584 4741 intervalla
1645 4687 1917 4755 potuimus

338 4752 692 4825 considerare
725 4752 1043 4825 studuimus,
1060 4752 1187 4825 quid
1213 4757 1442 4810 almitati
1470 4752 1661 4817 vestraé
1680 4756 1751 4811 de
1770 4763 1963 4812 tanta!

350 4821 677 4895 necessitate
716 4824 1020 4891 signiﬁcare
1068 4821 1445 4894 potuissemus,
1491 4826 1723 4895 qualiter
1776 4826 1919 4881 idem

292 4957 299 4963 I
349 4890 578 4963 populus
599 4907 628 4945 a
652 4892 761 4945 Deo
775 4890 877 4960 per
898 4890 1128 4948 vestram
1146 4890 1547 4950 conservandus
1565 4896 1922 4950 orthodoxam

350 4959 687 5046 sanctitatem
711 4959 986 5046 ad’veram
1012 4967 1351 5046 concordiam
1376 4965 1615 5046 revocari
1634 4965 1917 5046 potuisset,

352 5037 413 5082 ut
455 5042 582 5100 vera
638 5046 768 5099 pace
819 5032 1194 5100 conglutinari,
1215 5044 1270 5088 et
1295 5036 1347 5088 in
1382 5035 1503 5098 hoc,
1531 5042 1586 5088 et
1634 5032 1687 5087 in
1741 5035 1923 5089 futuro

351 5098 547 5173 smeulo
573 5098 813 5173 omnium
841 5098 1067 5156 Domino
1094 5104 1306 5172 placere
1336 5104 1650 5172 potuissent.
1681 5104 1748 5158 Et
1769 5105 1925 5173 quid-

352 5167 481 5243 quid
514 5170 708 5226 exinde
739 5171 952 5243 salubre
981 5167 1207 5227 Domino
1234 5167 1527 5242 inspirante
1560 5167 1801 5228 invenire
1829 5189 1924 5243 po-

353 5239 577 5311 tuimus,
608 5242 915 5310 paternitati
944 5250 1134 5296 vestrm
1165 5258 1263 5311 per
1309 5239 1602 5311 praesentes
1651 5244 1789 5297 ﬁlios
1830 5239 1926 5296 ve-

350 5317 513 5381 stros,
542 5309 739 5367 fratres
780 5320 1014 5369 nostros.
1045 5309 1289 5381 quadam
1309 5309 1512 5376 idiotis,
1530 5313 1770 5381 quaedam
1797 5314 1926 5368 scri-

352 5379 461 5448 ptis
488 5380 783 5435 intimando
806 5379 1122 5436 direximus.

328 5488 593 5561 ,Epistola
623 5493 829 5563 nomine
856 5492 1082 5563 Romani
1119 5493 1382 5563 pontiﬁcis
1412 5493 1482 5547 ad
1509 5470 1813 5548 Michaelcm
1845 5502 1926 5548 at-

548 5578 647 5632 que
675 5562 1011 5635 Theophilum
1042 5562 1378 5635 imperatores
1406 5563 1727 5619 ercorum.

364 5743 374 5775 τ
416 5763 430 5775 ,
477 5759 493 5774 .
533 5724 641 5807 Oro
670 5734 847 5780 autem
880 5735 933 5780 et
979 5727 1207 5782 obsecro
1239 5728 1291 5782 in
1326 5727 1575 5783 universo
1619 5729 1816 5783 mundo
1845 5734 1925 5795 (ut

2018 1830 2126 1897 eat,
2154 1824 2370 1897 quando
2394 1823 2478 1877 vel
2502 1823 2939 1895 uniuscuju-que,
2970 1826 3051 1897 vel
3080 1823 3242 1896 (qno'd
3270 1827 3443 1895 majus
3469 1828 3573 1897 est)

1998 1895 2164 1947 totius
2191 1893 2372 1967 mundi
2398 1909 2623 1967 occasus
2654 1893 2980 1951 terminusve
3009 1893 3135 1951 ﬁeri
3150 1893 3365 1959 debeat,
3382 1893 3576 1967 magna

1974 1965 2101 2035 'me,
2132 1971 2191 2016 ut
2222 1964 2275 2035 in
2308 1964 2560 2035 omnibus
2589 1973 2772 2019 notum
2802 1974 2916 2029 est,
2962 1976 3118 2035 urget
3146 1964 3494 2027 necessitas,‘
3517 1974 3576 2020 ut

1998 2032 2083 2095 id,
2132 2034 2273 2101 quod
2311 2048 2378 2087 ex
2415 2033 2598 2088 debito
2637 2035 2859 2089 reddere
2898 2032 3084 2100 debeo,
3132 2038 3330 2092 diutius
3367 2035 3578 2091 deferre

1999 2100 2261 2173 [differre]
2292 2118 2398 2157 non
2428 2103 2687 2167 audeam,
2721 2120 2788 2158 ne
2822 2106 2958 2159 forte
2993 2115 3143 2162 tanto
3172 2106 3454 2161 eharitatis
3482 2106 3579 2160 de-

1998 2172 2111 2227 bito
2132 2172 2433 2245 subtracto,
2464 2173 2517 2226 in
2545 2183 2837 2243 conspectu
2864 2177 3051 2239 anet-ni
3076 2175 3273 2245 judieis
3300 2191 3400 2245 pro
3425 2176 3579 2231 vobis

1998 2242 2250 2312 omnibus
2278 2256 2403 2296 reus
2429 2242 2736 2312 appaream.

2069 2310 2432 2384 Quamobrem
2462 2310 2578 2384 oro
2604 2312 2688 2384 vel
2709 2329 2951 2384 moneo,
2996 2322 3057 2368 ut
3097 2314 3274 2384 primo
3302 2331 3389 2370 me
3420 2314 3576 2384 [Βαν.

1998 2382 2159 2450 primi
2182 2380 2313 2504 mei}
2334 2382 2529 2436 summi
2554 2383 2649 2436 Dei
2676 2383 2928 2438 Ecclesia:
2956 2384 3050 2439 ﬁlii
3079 2380 3304 2441 Michael
3330 2394 3385 2439 et
3407 2380 3580 2441 Theo-

1998 2451 2208 2504 nhilus.
2261 2452 2480 2504 aoriosi
2526 2468 2653 2504 vero
2700 2463 2755 2504 et
2799 2454 3101 2504 sublimiter
3139 2472 3168 2504 a
3213 2458 3323 2504 Deo
3357 2455 3580 2504 exaltati

1998 2451 2178 2533 philus
2193 2491 2222 2533 ,_
2261 2451 2480 2533 glori-osi
2526 2468 2653 2507 vero
2700 2463 2755 2507 et
2799 2454 3101 2510 sublimiter
3139 2458 3323 2533 a_Deo
3357 2455 3580 2533 exaltati

2000 2521 2356 2590 imperatores
2386 2521 2780 2587 Romanorum,
2815 2540 2920 2579 una
2951 2541 3072 2580 cum
3103 2527 3355 2582 universo
3393 2527 3581 2581 catho-

2001 2590 2104 2665 lico
2131 2591 2792 2665 nobilissimoquegsenatu
2823 2610 2886 2650 ac
2915 2595 3111 2665 populo
3139 2596 3291 2651 vobis
3314 2611 3351 2649 'a
3376 2597 3487 2650 Deo
3510 2597 3580 2650 ad

2001 2660 2767 2735 gubernandum‘creditotut
2796 2679 2859 2735 ca
2876 2706 2888 2729 ,
2915 2660 3048 2735 'qtize
3075 2681 3175 2735 pro
3203 2667 3374 2722 salute
3401 2677 3581 2721 vestra

2000 2745 2069 2784 ex
2116 2731 2442 2786 auctoritate
2484 2733 2628 2786 beati
2677 2733 2852 2798 Petri,
2905 2731 2992 2791 cui
3042 2731 3301 2792 Dominus
3343 2744 3398 2790 et
3442 2736 3582 2790 Dens

2000 2807 2186 2876 noster
2206 2799 2364 2876 Jesus
2386 2801 2635 2876 Christus
2660 2804 2838 2876 claves
2864 2805 3202 2876 committere
3225 2807 3474 2876 dignatus
3498 2815 3582 2861 est

2002 2871 2153 2940 regni
2195 2870 2454 2946 et_elorum
2493 2872 2714 2946 dicens:
2749 2873 3105 2946 Quodcunque
3146 2870 3387 2945 ligavéris
3425 2892 3583 2946 super

2001 2938 2214 3003 terram,
2238 2938 2455 3009 ligatum
2480 2943 2579 3015 erit
2603 2953 2652 2995 et
2679 2944 2733 2997 in
2757 2938 2914 3015 coriis,
2937 2953 2984 2997 et
3008 2938 3349 3015 quodcunque
3370 2938 3584 2999 solveris

2002 3026 2157 3086 super
2184 3018 2396 3074 terram,
2426 3009 2655 3086 solutum
2698 3014 2796 3086 erit
2838 3015 2998 3086 etin,
3020 3009 3171 3068 'caelis
3202 3009 3414 3086 (Matth.
3444 3015 3581 3086 xvi),

1930 3118 1977 3179 Ο
2005 3081 2295 3160 admonere
2341 3089 2415 3162 et.
2442 3081 2753 3163 exhortari,
2790 3090 2862 3163 ,ει
2899 3084 3174 3139 insinuare
3211 3081 3582 3165 necessarium

2008 3149 2278 3202 dummus.
2305 3158 2577 3202 Dattenter
2605 3153 2854 3202 audiatis.
2895 3154 3242 3202 animumque
3272 3154 3382 3202 Deo
3416 3152 3582 3202 niam-

2043 3150 2278 3215 uximus,
2305 3151 2577 3218 patienter
2605 3152 2854 3216 audiatis,
2895 3154 3242 3223 animumque
3272 3154 3382 3207 Deo
3416 3152 3586 3223 placi-

2007 3227 2118 3272 tum
2143 3229 2411 3283 vestrum,
2446 3235 2554 3274 non
2582 3223 2649 3275 ad
2679 3224 3160 3288 contemnendum,
3206 3224 3303 3279 sed
3347 3223 3415 3277 ad
3452 3224 3586 3278 obe-

2006 3288 2276 3364 diendum_
2289 3297 2355 3364 et_
2370 3293 2795 3364 conservandum
2808 3307 3128 3364 praeparare
3152 3294 3432 3347 studeatis.
3463 3293 3586 3364 Ideo

2006 3367 2183 3414 autem
2211 3359 2279 3431 ad
2307 3359 2664 3431 obediendnm
2695 3359 2852 3431 nobis
2880 3359 3182 3427 hortamur,
3220 3363 3345 3431 quia
3381 3363 3580 3425 omnia,

2008 3443 2128 3496 qua:
2154 3429 2308 3482 vobis
2338 3430 2404 3483 de
2437 3430 2539 3486 hac
2570 3446 2730 3485 causa
2766 3430 2960 3485 dicturi
3001 3446 3217 3496 sumus,
3238 3429 3440 3486 ‘tribus
3484 3433 3587 3487 hoc

2007 3498 2257 3566 capitulis
2283 3499 2656 3568 principaliter
2682 3510 2735 3554 et
2762 3501 3016 3554 ordinare
3054 3509 3108 3555 et
3145 3502 3465 3556 conﬁrmare
3492 3516 3587 3568 pa—

2009 3569 2112 3620 rati
2151 3581 2357 3629 sumns,
2388 3567 2569 3631 idest,
2606 3570 2832 3633 ratione,
2866 3571 3213 3636 auctoritate;
3254 3578 3308 3625 et
3340 3567 3586 3635 consilio,

2010 3636 2257 3690 videlicet
2284 3637 2545 3690 rationem
2587 3639 2835 3703 texendo,
2872 3648 2927 3694 et
2954 3641 3197 3695 eamdem
3233 3640 3496 3693 rationem
3530 3642 3585 3694 in

2009 3713 2268 3772 quantum
2303 3705 2652 3769 rationabilis,
2683 3708 2933 3773 discreta,
2963 3710 3186 3764 honesta
3217 3717 3272 3763 et
3297 3711 3445 3764 utilis
3473 3708 3591 3765 fue-

2010 3776 2097 3835 rit,
2125 3774 2443 3828 auctoritate
2467 3773 2761 3842 ﬁrmando;
2795 3780 3038 3833 eamdem
3060 3794 3188 3834 vero
3211 3781 3589 3834 auctoritatem

2011 3844 2306 3898 secundum
2340 3845 2619 3899 catholica:
2655 3847 2777 3903 ﬁdei
2808 3848 3088 3902 veritatem
3119 3856 3173 3904 et
3209 3849 3588 3905 rectitudinem

2012 3913 2303 3989 salubriter
2329 3913 2690 3989 intelligendo.
2724 3918 2806 3972 Ad
2833 3917 3080 3973 ultimum
3108 3934 3236 3973 vero
3263 3920 3390 3989 quid
3419 3919 3471 3972 in
3502 3919 3589 3989 his

2014 3983 2082 4054 ad
2111 3980 2685 4054 salutemiunivérsalis
2708 3989 2959 4043 Ecclesiae
2984 3980 3389 4054 tenendum-sit,
3420 3988 3590 4043 consi-

2013 4053 2142 4107 lium
2174 4053 2283 4107 Deo
2308 4053 2562 4122 placitum
2593 4056 2788 4122 dando,
2822 4066 2876 4119 et_
2909 4059 3048 4113 idem
3075 4061 3356 4115 consilium
3393 4059 3591 4114 conﬁr-

2015 4124 2229 4199 mando.
2271 4123 2338 4178 Et
2367 4126 2629 4199 quamvis,
2660 4135 2720 4181 ut
2744 4129 2960 4199 dignum
2987 4137 3086 4193 est,
3114 4129 3293 4184 divina
3322 4130 3593 4199 praecellet

2015 4194 2345 4269 auctoritas,
2397 4194 2904 4269 primootamen'ad
2944 4199 3265 4269 mitigandos
3315 4194 3475 4268 atque
3523 4199 3591 4269 ad

2015 4264 2328 4335 adnuandos
2353 4264 2561 4335 animos
2587 4266 2639 4319 in
2668 4268 2874 4323 diversa
2900 4264 3199 4335 tendentes,
3223 4264 3595 4324 ratiocinando

2014 4333 2265 4387 omnibus
2293 4332 2605 4391 satisfacere
2628 4337 2892 4403 volumus,
2923 4346 2983 4393 ut
3022 4353 3086 4392 eo
3123 4332 3330 4394 facilius
3367 4348 3422 4393 et
3452 4337 3590 4392 divi—

2016 4418 2140 4456 nam
2174 4405 2549 4459 auctoritatem
2597 4408 2888 4461 secundum
2923 4424 3111 4462 sanum
3153 4410 3431 4465 catholicae
3469 4406 3594 4463 fidei

2015 4473 2360 4546 intellectum
2371 4474 2666 4546 concordes
2699 4478 3021 4546 suscipiant,
3065 4496 3129 4534 ac
3160 4480 3348 4533 deinde
3381 4487 3594 4534 certum

2014 4544 2171 4619 nobis
2195 4543 2720 4619 consilium__suavius
2748 4543 3158 4615 amplectantur,
3181 4549 3597 4619 amplexumque

2016 4612 2070 4665 in
2098 4611 2280 4667 futuro
2308 4614 2633 4668 custodiant.

2086 4681 2242 4763 Apud
2272 4698 2459 4737 omnes
2485 4684 2645 4755 igitur
2678 4684 2833 4763 hujus
2866 4696 3066 4763 sancta:
3099 4689 3461 4763 Occidentalis
3492 4689 3596 4743 Ec-

2018 4751 2194 4828 olesige
2212 4792 2225 4815 ,
2270 4767 2396 4828 qua;
2406 4822 2417 4828 _
2439 4768 2497 4828 se
2509 4751 2527 4755 ⁷
2541 4751 2861 4828 auctoritate
2903 4759 3182 4813 beatorum
3200 4807 3205 4811 .
3229 4759 3594 4828 apostolorum

2019 4820 2165 4910 Potui
2193 4830 2246 4875 et
2270 4820 2441 4904 Pauli,
2470 4823 2994 4910 largienteDomino
3012 4828 3175 4910 .ﬁtlei,
3204 4820 3351 4910 spei,
3381 4830 3596 4910 et_cba-

2020 4892 2196 4945 ritatis
2241 4893 2531 4966 sumpsisse
2568 4892 2856 4966 exordium
2893 4897 3169 4966 gloriatur,
3223 4892 3296 4952 ita
3334 4900 3597 4952 hactenus

2022 4976 2120 5042 per
2148 4962 2363 5042 eosdem
2399 4963 2669 5042 apostolos
2703 4962 3021 5033 protegente
3049 4966 3265 5042 __Spiritu
3303 4974 3510 5042 sancto,
3544 4974 3599 5018 ct

2022 5031 2637 5103 ipsisoiutercedentibus
2671 5031 2734 5087 ac
2764 5031 3183 5103 protegentibus,
3218 5038 3285 5090 ab
3314 5036 3461 5091 omni
3497 5036 3598 5088 lue-

2025 5101 2128 5171 resi
2160 5100 2389 5171 illibata,
2420 5116 2561 5154 nunc
2580 5100 3107 5171 rusque’conSErvata
3136 5114 3250 5168 est,
3283 5115 3340 5160 ut
3371 5121 3475 5160 non
3505 5120 3596 5159 so-

2024 5169 2132 5223 lum
2178 5170 2293 5238 ipsa
2327 5170 2395 5223 ad
2428 5169 2701 5237 quodlibet
2729 5174 2930 5228 erroris
2963 5175 3333 5230 diverticulum
3378 5174 3599 5229 minime

2025 5238 2346 5302 declinaret,
2384 5240 2481 5309 sed
2516 5242 2699 5309 potius
2735 5258 2923 5299 omnes
2961 5260 2992 5298 a
3035 5254 3181 5300 recto
3216 5246 3336 5300 litlci
3382 5244 3599 5299 tramite

2024 5323 2238 5377 quoquo
2274 5308 2431 5363 modo
2461 5308 2756 5375 deviantes,
2795 5328 2892 5383 per
2923 5316 3251 5371 orthodoxos
3284 5314 3597 5371 earumdem

2026 5393 2368 5434 successores
2403 5388 2517 5434 toto
2551 5385 2681 5436 orbe
2710 5391 2973 5439 terrarum
3011 5384 3077 5438 ad
3103 5386 3475 5440 rectitudinem

2027 5447 2134 5501 tius
2158 5457 2455 5525 revocaret.
2493 5449 2685 5525 _’I_‘estis
2727 5454 2868 5507 enim
2913 5452 3070 5522 hujus
3113 5455 3192 5509 rei
3231 5472 3338 5509 non
3377 5447 3602 5525 quilibet

2025 5518 2270 5594 angulus,
2304 5521 2398 5574 sed
2427 5521 2574 5594 orbis
2612 5528 2876 5577 terrarum
2904 5518 3204 5594 universus,
3235 5526 3359 5594 quia
3388 5518 3604 5586 quoties

2028 5588 2162 5673 tales
2181 5603 2278 5658 per
2296 5591 2552 5673 mundum
2578 5594 2954 5673 perceptioucs
2974 5588 3217 5673 [persecu
3226 5588 3419 5673 tiones]
3444 5605 3605 5673 motae

2027 5666 2180 5729 sunt,
2220 5674 2339 5728 qua:
2374 5661 2439 5713 ad
2477 5661 2775 5729 periculum
2820 5662 2942 5717 ﬁdei
2976 5661 3310 5720 'universalis
3349 5661 3600 5721 Ecclesiae

2029 5728 2310 5785 imminere
2340 5728 2686 5800 putabantur,
2719 5732 2790 5789 ob
2818 5733 3190 5792 inveniendam
3224 5737 3597 5806 iuventaton
