4018 6178
474 278 610 374 ista

1358 310 1417 369 Β.
1448 310 1697 369 CAROLI
1735 306 1950 366 MAGNI
1986 306 2136 366 OPP.
2178 304 2357 365 PARS
2395 306 2457 364 ll.
2497 305 2741 365 SECTIO
2776 305 2841 363 ll.

3594 310 3731 366 13:3

470 426 891 484 conservandam
918 426 1192 482 catholica:
1222 423 1343 479 ﬁdei
1371 424 1671 487 veritatem,
1703 436 1915 491 semper
1938 422 2042 475 hoc
2072 428 2116 483 Α
2146 420 2391 491 devineta
2420 429 2563 484 sunt,
2596 420 2725 475 illud
2751 421 2949 476 diaboli
2977 420 3141 475 telum
3171 423 3241 478 ab
3264 424 3451 479 eadem
3480 425 3735 483 Ecclesia

472 498 788 553 universalis
818 496 1054 552 Ecclesia
1073 536 1088 559 ,
1125 502 1388 566 praesente
1414 495 1483 548 ob
1512 492 1672 562 hujus
1698 492 2041 566 sanctitatem

470 570 613 624 sedis
644 568 914 636 pontiﬁce,
947 575 1038 620 aut
1066 560 1213 621 certe
1244 580 1365 618 cum
1404 560 1668 617 consensu
1696 560 1838 615 illius
1866 561 2044 636 verbis

472 638 553 693 vel
586 631 781 693 litieris
806 646 1051 705 porrecto
1075 636 1367 705 corrigere,
1392 641 1804 702 porrectumque
1826 631 1895 684 ad
1921 646 2045 685 con-

469 709 794 765 servandum
807 703 1057 761 statuere
1080 703 1374 760 consuevit.

542 777 715 851 Simili
744 776 902 851 modo
927 776 1086 851 etiam
1109 783 1162 851 et
1186 774 1240 851 in
1265 774 1509 851 his,_qu:_e
1531 771 1598 851 ad
1619 770 2043 851 conservandum

472 849 528 902 in
565 847 813 902 humanis
847 847 1056 901 actibus
1085 843 1324 911 ejusdem
1366 842 1619 897 Ecclesiae
1657 842 2047 911 incontaminaf

468 918 634 991 bilem
664 924 898 991 statum,
940 909 1280 991 moderante,
1328 928 1432 991 non
1457 911 1703 991 qualibet
1739 910 1930 991 dolosa
1942 909 2046 991 vel

468 987 762 1056 sophistica
780 1026 795 1049 ,
822 980 923 1040 nec
947 1001 1054 1041 non
1082 983 1280 1054 duplici
1303 980 1637 1056 calliditate,
1683 980 1777 1056 sed
1817 980 2047 1056 veritate

472 1050 701 1111 subnixa
719 1095 733 1118 ,
777 1055 1005 1124 simplici
1032 1050 1270 1116 ratione,
1301 1052 1525 1124 ipsaque
1553 1050 1907 1124 discretione,
1936 1051 2048 1124 ⁸Ιιο-

471 1134 700 1188 aestate,
723 1120 971 1195 utilitate,
992 1125 1197 1195 pariter
1216 1122 1479 1177 inradiata
1498 1120 1724 1195 ratione,
1748 1136 1854 1174 non
1866 1120 2045 1195 solum

473 1196 632 1249 noxia
660 1193 742 1249 vel
768 1196 958 1249 nociva
975 1189 1205 1257 [verum
1234 1207 1448 1261 quoque
1475 1199 1528 1245 et
1556 1190 1668 1258 ipsa
1694 1189 1964 1259 superﬂua
1990 1197 2047 1244 et

472 1280 579 1319 non
610 1265 913 1319 necessaria
959 1278 1205 1319 resecare
1239 1261 1548 1322 consuevit,
1587 1267 1642 1313 et
1680 1274 1776 1323 ea,
1817 1269 1877 1314 ut
1908 1274 2047 1327 prte-

474 1335 673 1389 dictum
692 1343 795 1398 est,
812 1350 933 1404 quae
950 1334 1017 1387 ad
1040 1333 1265 1388 salutem
1289 1332 1453 1385 totius
1476 1330 2043 1453 EcclesiieJiertinere,

474 1413 525 1453 et
567 1406 786 1453 insuuer
824 1404 1015 1453 merito
1052 1417 1243 1453 cavere
1269 1417 1374 1453 non
1405 1400 1698 1453 debuisset.
1771 1399 2043 1453 isserendo

472 1413 525 1458 ct
566 1406 786 1472 insuper
824 1399 1015 1459 merito
1052 1417 1243 1458 cavere
1269 1417 1374 1472 non
1405 1400 1698 1472 debuisset,
1733 1399 2047 1455 disserendo

473 1481 527 1527 et
552 1470 851 1529 ordinando
875 1474 1087 1528 sancire
1116 1472 1272 1527 solita
1298 1470 1416 1524 fuit.
1449 1470 1516 1523 Et
1543 1471 1646 1523 hoc
1675 1485 1780 1523 non
1813 1476 2049 1522 tantum-

474 1543 632 1597 modo
650 1542 727 1618 _de
753 1558 913 1618 causa
943 1543 1099 1618 ﬁdei,
1133 1542 1247 1618 vel,
1276 1542 1414 1596 sicut
1445 1539 1781 1618 praemissum
1817 1546 1931 1601 est,
1980 1538 2049 1593 de

473 1620 617 1665 statu
648 1612 866 1688 humani
896 1613 1128 1688 generis,
1158 1611 1242 1688 vel
1270 1609 1829 1688 cursu’rectitudinis,
1860 1623 2048 1688 verum

473 1696 687 1751 quoque
716 1683 780 1737 de
803 1676 949 1736 omni
981 1676 1393 1751 dissensionem
1428 1686 1612 1733 sancta
1650 1678 1744 1732 Dei
1784 1676 2043 1751 Ecclesia,

2145 490 2455 561 dissipetur,
2485 498 2544 544 ut
2576 505 2681 559 pax
2713 490 2835 555 Dei,
2871 506 2992 560 quae
3027 502 3317 561 exsuperat
3344 509 3562 549 omnem
3603 512 3731 552 scn-

2142 575 2282 642 ειη-ιε,
2311 562 2373 642 in
2392 561 2580 642 eadem
2605 561 2762 642 beata
2784 561 2942 642 plebe
2953 562 3201 642 .plcniter
3225 565 3562 619 restituatur.

2221 630 2590 685 Vociferantur
2612 630 2756 684 enim
2783 630 2839 685 in
2866 630 3062 686 emtum
3090 648 3198 686 uno
3222 648 3317 687 ore
3345 644 3398 688 et
3425 651 3533 690 uno
3561 637 3732 691 corde

2142 699 2526 770 omnipotentis
2568 700 2662 753 Dei
2703 699 2968 769 judicium
3017 702 3402 758 inevitabiliter
3443 706 3602 761 nobis
3638 707 3731 760 in-

2142 771 2417 833 cumbcre,
2448 770 2493 823 si
2522 771 2842 825 auctoritate
2869 786 3204 826 summorum
3232 774 3285 826 in
3317 782 3430 829 toto
3457 776 3592 831 orbe
3620 785 3733 830 ter-

2144 855 2325 893 rarum
2376 840 2740 910 apostolorum
2793 856 3023 910 quorum
3075 842 3337 898 doctrinis
3386 852 3442 898 et
3492 846 3731 901 consilio

2144 910 2428 964 universus
2464 908 2697 963 ﬂectitur
2724 908 2989 976 tuendus,
3029 910 3359 968 discordiam
3382 924 3618 969 vestram
3657 917 3729 970 ad

2145 994 2328 1033 veram
2360 980 2701 1034 concordiam
2747 995 2853 1034 non
2895 989 3169 1036 certamus
3202 982 3477 1039 reducere.
3530 984 3731 1040 Dicunt

2143 1048 2328 1121 etiam,
2351 1049 2480 1121 quid
2505 1048 2679 1121 acturi
2691 1058 2858 1121 erant
2880 1051 2946 1104 de
2972 1060 3083 1105 tam
3107 1051 3378 1121 pnecipuo
3399 1068 3586 1108 coram
3614 1055 3732 1109 Deo

2144 1118 2344 1191 amisso
2372 1120 2584 1191 solatio,
2615 1118 2827 1191 s_i_illos,
2856 1134 2993 1191 quos
3021 1118 3143 1191 post
3174 1118 3333 1191 hujus
3359 1134 3560 1177 sancte
3582 1124 3733 1179 sedis

2145 1187 3039 1261 immutabilemituition‘em{illud
3073 1191 3127 1261 in
3159 1187 3270 1244 tam
3296 1193 3565 1261 praecipue
3594 1195 3733 1247 cha-

2147 1257 2377 1339 rissimis
2404 1258 2658 1345 fratribus
2682 1258 2932 1345 solatium
2952 1257 3439 1345 perdideriotjnqui
3461 1257 3648 1344 simile
3677 1267 3733 1317 in

2146 1328 2396 1381 universa
2433 1328 2671 1384 Ecclesia
2709 1328 2914 1382 nullum
2952 1328 3268 1385 habebunt?
3319 1328 3384 1386 Si
3414 1333 3560 1386 enim
3596 1350 3729 1388 cum

2146 1397 2253 1451 illis
2286 1412 2472 1452 veram
2506 1397 2668 1479 ﬁdem
2689 1437 2705 1462 ,
2757 1399 3131 1479 integrumque
3161 1400 3442 1479 charitatis
3469 1404 3726 1456 ardorem

2147 1482 2255 1537 non
2292 1468 2657 1531 servaverint,
2703 1468 2833 1536 quid
2874 1466 2930 1521 in
2958 1466 3409 1537 judicio‘Domini
3447 1479 3594 1525 tanta
3635 1489 3735 1526 ne-

2147 1536 2319 1606 glecta
2368 1538 2635 1593 charitate
2687 1549 2742 1592 et
2793 1537 2847 1591 in
2892 1536 3110 1593 nomine
3163 1539 3373 1595 Domini
3424 1541 3733 1596 certissim

2148 1606 2833 1688 cou‘ﬁrmatanneglexerin‘t.
3056 1623 3168 1688 nos
3199 1608 3468 1688 diuturna:
3510 1610 3732 1688 lectioni

2149 1684 2435 1746 vestroque
2459 1676 2676 1749 fastigio
2692 1676 2949 1748 [lastidio]
2976 1678 3029 1731 in
3056 1678 3281 1749 legendo
3303 1691 3608 1749 parcentes,
3639 1682 3733 1735 ubi

474 1746 805 1820 qtae-pacem
833 1752 980 1806 illam
1009 1752 1224 1806 turbare
1248 1750 1550 1821 videbatur,
1593 1762 1754 1821 quam
1793 1747 2050 1821 Dominus
2081 1761 2123 1821 Β
2153 1753 2302 1821 tanta
2321 1748 2396 1821 ab
2423 1748 2506 1803 eis
2533 1746 2793 1821 charitate
2817 1746 3069 1821 urgente,
3089 1746 3155 1802 de
3183 1746 3511 1821 Deo'placita
3534 1760 3726 1806 mutua

474 1816 731 1890 apostolis
775 1829 830 1875 et
876 1837 972 1891 per
1013 1821 1283 1890 apostolos
1317 1819 1483 1891 nobis
1511 1816 1761 1891 omnibus
1790 1816 2049 1891 vicariam

474 1886 773 1961 praemia:
806 1886 915 1945 suae
943 1886 1256 1961 dereliquit,
1297 1889 1481 1961 dicens
1505 1906 1535 1961 :_
1556 1887 1747 1961 _Pacem
1781 1886 2048 1961 meamth

474 1955 644 2023 nobis,
683 1978 861 2032 pacem
892 1979 1070 2038 meum
1092 1955 1322 2038 relinquo
1352 1959 1488 2038 robis
1518 1956 1862 2038 (Joan._xtv).
1916 1955 2050 2038 Ubi-

475 2047 688 2100 cunque
736 2048 832 2106 per
869 2032 1147 2106 quodlibet
1182 2032 1397 2106 pietatis
1435 2034 1811 2106 argumentum
1849 2032 2053 2106 pertin-

476 2048 688 2100 cunque
736 2048 832 2101 per
869 2048 1147 2101 quojltm‘t
1219 2048 1397 2087 tetaus
1435 2048 1811 2099 argumentqu
1850 2048 2049 2094 peruu-

476 2117 603 2176 gere
632 2102 834 2169 potuit,
869 2117 1083 2176 semper
1115 2048 1274 2176 huius
1307 2106 1507 2176 sancta;
1534 2097 1678 2153 sedis
1705 2096 1899 2176 vicarii
1918 2110 2049 2164 apo-

474 2168 734 2246 titulorum
760 2168 1004 2246 quaedam
1032 2168 1332 2246 mulcendo,
1353 2169 1595 2246 quieditur
1621 2182 1766 2246 vero,
1867 2168 1939 2246 ita
1967 2181 2052 2246 res

474 2236 822 2309 poposcisset,
850 2242 1062 2317 sublimi
1094 2257 1159 2296 ac
1189 2236 1492 2317 veneranda
1522 2237 1872 2317 auctoritate,
1887 2243 1946 2290 ut
1974 2236 2053 2317 di»-

472 2305 640 2380 gnum
668 2318 805 2375 erat,
837 2312 1078 2366 docendo
1106 2313 1416 2381 pariterque
1441 2305 1783 2379 praedicando
1808 2307 1875 2361 ad
1902 2305 2052 2376 pacis

472 2381 819 2457 concordiam
847 2380 1354 2457 revocarestuduit.
1503 2449 1515 2457 _
1752 2445 1765 2457 .
1809 2445 1821 2457 .

547 2451 784 2516 Quorum
812 2451 1015 2517 vicem,
1046 2452 1446 2520 qualescunque
1472 2449 1664 2520 simus,
1694 2445 2051 2520 ministerium

475 2530 660 2574 tamen
698 2516 1019 2576 auctoritate
1061 2516 1388 2582 subeuntes}
1438 2518 1702 2573 charitate
1748 2516 1956 2586 pariter
1997 2523 2054 2569 et

476 2591 666 2645 eadem
695 2590 1014 2646 auctoritate
1060 2591 1296 2646 roborati
1338 2589 1725 2644 dissensionem
1756 2585 1901 2639 illam
1930 2600 2051 2654 quae

480 2658 617 2731 infra
636 2658 819 2731 [inter]
838 2661 1003 2729 ipsam
1025 2675 1236 2729 semper
1258 2660 1367 2713 Deo
1385 2656 1667 2731 amabilem
1679 2656 2053 2731 ‘Romanornm

477 2725 897 2799 Gnccortnnque
940 2725 1236 2786 Eeclesiam
1282 2738 1525 2799 exortam
1574 2726 1762 2799 durius
1807 2725 2055 2799 eamdem

482 2795 969 2876 Ecclesiamnuam
1011 2801 1175 2876 saluti
1222 2800 1365 2854 illius
1408 2798 1518 2853 ullo
1562 2796 1722 2851 modo
1767 2795 2056 2876 convenire

475 2870 675 2939 possit,
714 2870 1056 2939 scindentem
1097 2871 1350 2925 diuturno
1397 2876 1637 2939 tempore
1674 2870 2050 2939 cognovimus,

480 2935 587 2993 non
622 2938 879 2994 audemus
909 2941 1210 3017 declinare;
1252 2949 1311 3017 u_t
1338 2955 1454 3017 non.
1473 2935 1615 2991 illam
1643 2952 1710 2991 ex
1736 2935 2056 3017 auctoritate

478 3016 758 3079 tantorum
808 3011 1173 3079 apostolorum
1200 3006 1290 3064 ad
1340 3009 1488 3079 pacis
1532 3006 1876 3079 concordiam
1926 3006 2056 3075 ipsis

484 3076 858 3165 mediantihus
874 3096 991 3165 non
1011 3080 1319 3163 debeamus.
1341 3076 1623 3165 advocare.
1669 3076 2057 3165 ilaxime‘vero
2081 3100 2130 3165 ο

485 3150 539 3202 in
570 3164 635 3201 eo
669 3150 811 3216 quod
842 3148 1081 3218 ejusdem
1112 3150 1427 3204 miserrima:
1455 3148 1719 3218 dissensio
1753 3161 1815 3202 ea
1849 3146 2058 3218 si_t_ma-

485 3217 643 3282 toria,
672 3215 787 3271 sine
812 3215 939 3287 qua,
963 3220 1101 3274 sicut
1126 3221 1312 3274 multis
1331 3219 1564 3281 videtur,
1589 3216 1737 3271 salva
1762 3230 1860 3285 per
1879 3215 2056 3287 ﬁdem,

483 3302 665 3354 spem,
700 3293 754 3340 et
779 3284 1100 3343 cliaritatem
1136 3290 1511 3343 incunctanter
1540 3295 1595 3341 et
1622 3287 1675 3340 in
1707 3284 1811 3340 hec
1843 3284 2059 3350 saeculo,

482 3364 541 3412 et
575 3357 627 3410 in
659 3356 838 3427 futuro
866 3358 1062 3412 salvari
1089 3366 1267 3427 potest
1295 3356 1556 3412 Ecclesia.
1601 3356 1851 3427 Quorum
1870 3370 2064 3427 sensus

484 3434 541 3481 et
578 3425 841 3481 sententia
874 3428 995 3482 talis
1031 3423 1133 3481 est.
1169 3446 1186 3477 α
1221 3428 1359 3494 Quid
1390 3426 1530 3487 ﬁdei,
1564 3425 1697 3496 spei,
1727 3433 1783 3480 et
1808 3423 2063 3479 charitati

484 3496 678 3568 obesse
711 3498 998 3568 potuisset,
1031 3500 1076 3553 si
1106 3499 1282 3568 imago
1310 3498 1455 3568 nuila
1489 3503 1600 3551 toto
1629 3496 1760 3550 orbe
1781 3503 2063 3568 terrarum

487 3565 629 3635 picta
673 3566 755 3619 vel
804 3566 927 3621 ﬁcta
977 3564 1258 3622 fuisset‘ﬂ
1312 3567 1381 3621 Et
1426 3580 1736 3636 quanquam
1779 3566 1921 3620 idem
1955 3564 2065 3636 _tilii

488 3634 691 3700 nostri,
735 3638 825 3704 qui
856 3637 970 3692 haec
997 3638 1213 3701 dicunt,
1258 3634 1650 3691 rationabiliter
1684 3650 1743 3689 se
1780 3634 2066 3704 ostendere

487 3719 645 3773 posse
684 3702 987 3779 nullatenus
1024 3704 1665 3779 dubitatjdubitabant],
1712 3704 1905 3779 melius
1937 3702 2065 3758 illud

490 3787 765 3846 nunquam
794 3775 990 3840 fuisse,
1030 3777 1147 3832 sine
1175 3773 1328 3846 cujns
1356 3776 1502 3832 cultu
1528 3773 1763 3846 perfecta
1803 3773 1908 3846 ﬁde
1936 3787 2062 3842 Spe.

488 3854 543 3898 et
570 3843 832 3899 charitate
860 3847 1178 3902 universalis
1205 3843 1390 3902 sancta
1415 3846 1507 3901 Dei
1533 3843 1777 3899 Ecclesia
1797 3843 1940 3897 salva
1972 3856 2068 3912 po-

490 3916 681 3985 tuisset
708 3915 1034 3979 consistere,
1068 3932 1227 3985 quam
1263 3918 1362 3971 sub
1389 3916 1491 3970 hac
1519 3913 1804 3985 occasione
1833 3913 2068 3985 nondu-

490 3984 658 4048 bium,
685 3984 778 4040 sed
803 3983 1165 4041 certissilnnm
1191 3986 1319 4041 illud
1346 3984 1544 4039 malum
1571 3983 1852 4039 discordia:
1875 3983 2069 4037 debere

491 4053 792 4120 incurrere,
843 4058 985 4125 quod
1029 4057 1132 4112 nisi
1167 4063 1475 4125 correctum
1520 4051 2070 4125 fucrit,_nullatenus

491 4139 612 4177 cum
654 4125 756 4178 hac
797 4122 1134 4181 dissensione
1181 4128 1250 4181 ad
1299 4124 1603 4187 Dominum,
1660 4122 1753 4192 qui
1799 4131 1882 4177 est
1925 4137 2067 4192 pax,

488 4193 732 4265 omnium
772 4196 875 4250 sibi
910 4196 1163 4264 placitam
1197 4209 1384 4265 pacem
1413 4193 1757 4265 habentium,
1788 4207 2071 4265 nunquam

491 4264 546 4335 in
578 4274 834 4335 perpetuo
863 4262 1020 4334 pesse
1048 4262 1372 4335 pertingere.
1404 4264 1471 4317 Et
1497 4264 1744 4335 quamvis
1771 4262 1983 4335 devotio
2012 4262 2075 4335 i_l-

491 4332 667 4405 lorum
709 4333 811 4391 hoc
844 4332 1154 4391 constanter
1180 4332 1443 4405 postulet,
1486 4332 1548 4388 ut
1584 4334 1665 4386 eis
1705 4333 2073 4405 ratiocinando

2155 1815 2443 1872 dilectione
2471 1825 2650 1889 vestra
2669 1857 2684 1881 ,
2724 1815 3019 1889 plorando,
3039 1817 3164 1889 imo
3194 1815 3419 1888 lugendo
3448 1821 3734 1889 conque-ti

2152 1892 2309 1956 sunt,
2339 1902 2459 1956 qua:
2488 1887 2544 1941 in
2573 1902 2737 1941 unum
2768 1886 2943 1956 colligi
2974 1885 3186 1943 diﬁicile
3214 1885 3458 1956 pessum,
3489 1885 3733 1953 omissis.

2153 1955 2222 2030 ad
2254 1956 2512 2030 eamdem
2533 1956 2728 2030 seriem
2757 1955 3107 2030 deteiendam
3126 1998 3141 2023 ,
3172 1955 3345 2030 quam
3376 1960 3476 2030 ipsi
3504 1962 3733 2014 dcima-

2152 2026 2338 2148 iiirnnn
2350 2026 2653 2148 ego'doenda
2695 2026 2905 2081 ratione
2945 2026 3371 2097 spoponderant,
3394 2026 3733 2085 'redeamus.

2202 2095 2321 2149 iunt
2350 2096 2495 2150 enim
2522 2114 2534 2149 :

2224 2163 2629 2240 Oramusergo,
2659 2166 2996 2240 sanctissime
3019 2174 3179 2237 atque
3203 2168 3515 2225 beatissime
3549 2171 3737 2240 ponti-

2154 2232 2272 2300 fex,
2303 2244 2361 2289 ut
2388 2232 2910 2307 nobis'antiquorum
2939 2232 3153 2305 patrum
3181 2248 3490 2295 nostrorum
3529 2232 3635 2296 liae
3671 2244 3740 2296 de

2154 2306 2726 2380 causavitaecursum
2772 2306 3000 2380 recitare
3040 2308 3227 2373 liceat,
3269 2310 3537 2380 simulque
3574 2321 3741 2380 prout

2155 2376 2381 2446 rationis
2406 2375 2540 2431 ordo
2564 2377 2895 2446 poposcerit,
2934 2392 3127 2433 sensus
3154 2380 3235 2433 sui
3265 2375 3518 2435 affectum
3546 2375 3601 2435 in
3635 2382 3741 2437 hac

2155 2445 2418 2499 duntaxat
2453 2462 2546 2510 re,
2568 2445 2683 2501 cur
2706 2447 2782 2500 ita
2810 2447 2893 2501 vel
2927 2447 3003 2502 ita
3042 2450 3312 2504 tenuerint
3356 2450 3739 2506 interserendo

2154 2512 2465 2585 adiungere.
2496 2515 2605 2571 Nec
2629 2515 2782 2571 vobis
2810 2517 3025 2572 aedium
3052 2517 3162 2584 ﬁat,
3191 2520 3235 2574 si
3261 2520 3328 2574 ad
3349 2521 3743 2575 ostendendam

2156 2587 2419 2661 rationem
2449 2586 2719 2650 veritatis,
2748 2586 3137 2661 veritatemque
3167 2590 3392 2661 rationis
3420 2604 3542 2645 sese
3578 2592 3745 2661 paulo

2156 2654 2365 2727 longius
2394 2672 2573 2712 sermo
2598 2658 2943 2727 protraxerit,
2975 2654 3264 2714 dummodo
3301 2660 3440 2714 linea
3469 2654 3741 2725 veritatis,

2156 2740 2276 2847 qua:
2303 2727 2372 2782 ab
2401 2728 2639 2797 antiquis
2674 2727 2916 2797 patribus
2958 2729 3158 2783 nostris
3199 2744 3368 2799 usque
3412 2731 3481 2785 ad
3518 2747 3619 2786 nos
3662 2733 3745 2784 in—

2195 2796 2462 2847 exibiliter
2489 2797 2649 2847 ducta
2693 2806 2775 2847 est
2815 2798 2974 2847 beato
3002 2799 3255 2847 Dinnvsin
3290 2799 3527 2847 scilicet-
3570 2801 3667 2847 nni
3708 2817 3742 2847 ει

2195 2796 2462 2872 ειὶὺίιίιέζν
2489 2796 2649 2852 ducta
2676 2796 2775 2872 ’est
2815 2798 2974 2872 beato
3001 2796 3528 2872 Dionysiojscilicet,
3570 2801 3667 2872 qui
3708 2817 3745 2854 a

2158 2874 2345 2940 saneto
2376 2866 2652 2940 Clemente
2693 2867 2838 2923 beati
2882 2867 3032 2940 Petri
3076 2866 3301 2940 apoStoli
3344 2870 3399 2924 in
3430 2866 3744 2940 apostblatn

2157 2938 2365 3005 primus
2391 2935 2508 3004 ejus
2537 2952 2817 2993 successor
2843 2939 3082 2998 exstitit,
3108 2935 3182 2994 in
3211 2939 3411 2995 Gallias
3451 2935 3576 2996 eum
3609 2942 3746 2995 duo-

2159 3006 2382 3082 denario
2409 3021 2634 3063 numero
2662 3008 2869 3077 primus
2896 3008 3218 3082 praedicator
3245 3011 3502 3082 directus,
3531 3020 3589 3065 et
3617 3020 3745 3082 post

2162 3077 2382 3152 aliquod
2422 3086 2641 3152 tempus
2685 3092 2790 3152 una
2837 3093 2961 3152 cun}
3004 3080 3168 3135 sociis
3207 3080 3341 3152 suis
3364 3082 3472 3137 huc
3508 3077 3747 3152 illucque

2162 3147 2560 3220 praedicationis
2584 3149 2757 3217 gratia
2782 3161 2878 3220 per
2901 3148 3039 3202 idem
3069 3165 3291 3220 regnum
3317 3151 3576 3220 dispersis
3602 3147 3751 3206 mar-

2164 3217 2306 3290 tyrio
2335 3225 2627 3273 coronatus
2652 3225 2755 3272 est.
2790 3217 2872 3290 Et
2894 3217 3199 3290 quanquam
3229 3217 3416 3290 plures
3439 3223 3744 3286 exsistant,

2163 3287 2381 3368 quidam
2404 3297 2689 3368 martyres,
2710 3287 2930 3368 quidam
2947 3287 3111 3368 etiam
3131 3287 3488 3355 coniessores,
3511 3306 3749 3368 quorum

2165 3357 2388 3430 merita,
2417 3356 2595 3430 qualia
2620 3357 2765 3430 apud
2793 3356 2958 3411 Deum
2987 3358 3305 3430 habeantur,
3334 3356 3588 3430 quamvis
3615 3377 3751 3430 quo-

2166 3378 2388 3420 ιιιεπιιιι,
2417 3378 2595 3426 quanta
2623 3378 2765 3426 apuu
2793 3378 2958 3411 υθιιιιι
2987 3378 3305 3424 naueantur,
3334 3378 3588 3430 quamvis
3653 3378 3751 3415 110-

2166 3426 2385 3500 ιίλόίθῃίε
2410 3426 2686 3482 miraculis
2706 3435 3011 3500 coruscent,
3033 3428 3158 3500 quia
3181 3439 3359 3484 tamen
3387 3378 3753 3500 propterqlon-

2164 3496 2460 3566 gitudinem
2509 3505 2779 3551 terrarum
2829 3497 2983 3552 vobis
3032 3496 3212 3554 minus
3260 3496 3463 3566 cogniti
3489 3496 3754 3555 'fortasse

2164 3567 2432 3622 exsistunt
2459 3568 2800 3631 intermissis,
2829 3575 3073 3622 sanctum
3101 3577 3281 3625 tamen
3311 3567 3578 3625 Hilarium
3610 3574 3755 3625 anti-

2164 3652 2328 3704 quum
2359 3636 2784 3692 ecclesiasticum
2812 3637 3087 3692 doctorem
3107 3678 3120 3701 ,
3163 3654 3262 3694 nec
3302 3655 3408 3693 non
3439 3650 3500 3695 et
3526 3642 3755 3696 beatum

2166 3705 2456 3760 Martinam
2495 3714 2608 3761 toto
2643 3707 2776 3761 orbe
2808 3707 3203 3774 venerandum,
3241 3710 3395 3764 vobis
3426 3712 3755 3767 notissimos

2164 3791 2284 3830 esse
2336 3776 2556 3832 minime
2605 3776 2943 3841 dubitantes,
3003 3777 3072 3832 ad
3119 3780 3434 3834 memoriam
3486 3781 3757 3836 reducere

2166 3845 2552 3920 necessarium
2578 3847 2940 3920 aestimamus,
2987 3862 3215 3916 quorum
3259 3850 3385 3920 vita:
3428 3850 3755 3920 magisterio

2166 3916 2363 3992 edocti,
2385 3917 2513 3992 haec
2541 3916 2616 3992 ita
2645 3915 2874 3992 tenenda
2900 3915 3063 3992 atque
3090 3919 3354 3974 servanda
3382 3915 3751 3992 suseépimus.

2169 3984 2276 4040 Sed
2304 3989 2431 4055 quia
2463 3986 2606 4069 apud
2629 4001 2728 4041 nos
2754 3986 2838 4069 vel
2866 3984 3101 4069 majores
3123 3996 3367 4054 nostros,
3403 4005 3471 4043 ex
3500 3984 3614 4069 qno
3641 3990 3754 4069 ulla

2168 4070 2407 4127 praesens
2449 4064 2583 4112 aetas
2621 4056 2897 4127 recordari
2932 4064 3137 4127 potest,
3180 4074 3455 4127 nunquam
3482 4056 3753 4127 ejusmodi

2170 4124 2397 4198 quaestio
2420 4135 2565 4182 mota
2587 4126 2670 4181 vel
2690 4124 2961 4198 ventilata
2973 4124 3093 4198 fuit,
3122 4128 3242 4183 ideo
3267 4124 3482 4198 semper
3503 4124 3636 4184 talis
3659 4144 3755 4182 ex-

2172 4196 2296 4250 inde
2324 4211 2441 4266 mos
2466 4212 2528 4251 ex
2548 4195 2830 4265 praedictis
2855 4195 3091 4266 antiquis
3119 4195 3450 4266 temporibus
3478 4207 3752 4262 retentus,

2172 4268 2229 4321 in
2257 4264 2509 4344 universa
2536 4264 2870 4344 iStinsregni
2906 4265 3144 4344 Ecclesia
3173 4264 3424 4344 exstitit,
3456 4278 3518 4344 u_t
3546 4268 3752 4344 nullos,

2174 4352 2237 4391 ac
2261 4335 2306 4389 si
2331 4348 2402 4388 ex
2425 4335 2747 4405 auctoritate
2771 4334 3008 4405 ejusdem
3037 4345 3237 4391 sanctae
3261 4337 3356 4391 Dei
3384 4338 3647 4392 Ecclesia:
3664 4338 3755 4405 ju~

489 4403 727 4497 qualiter:
749 4405 815 4459 de
843 4406 973 4475 ipsis
999 4402 1584 4497 ijtnaginibuspdiscret‘c‘
1604 4402 2073 4497 etArationahditer
2102 4441 2147 4497 ο
2175 4406 2328 4497 beth
2348 4443 2362 4468 ,
2415 4404 2594 4459 nullus
2607 4404 3269 4497 LcnicunqneAimaginertn
3295 4406 3499 4497 volenti
3528 4402 3756 4497 pingere

494 4472 757 4543 sentiant,
791 4472 976 4543 postea
1003 4472 1270 4531 disserere
1310 4475 1488 4528 liceat.
1538 4472 1691 4543 Quod
1730 4472 1774 4526 si
1799 4478 1885 4525 est
1911 4510 1927 4543 ,
1974 4472 2068 4543 qui

494 4542 767 4609 suscipere
792 4540 945 4610 justo
974 4546 1339 4600 moderamine
1367 4542 1495 4597 velit
1538 4540 1754 4596 salubre
1781 4542 1928 4595 omni
1974 4542 2071 4595 ho-

499 4611 631 4664 mini
667 4626 785 4665 esse
816 4628 920 4667 non
950 4614 1230 4677 dubitant,
1284 4614 1350 4668 ad
1397 4612 1855 4680 comparationem
1890 4620 2069 4664 tamen

499 4681 633 4733 tanti
656 4681 781 4735 ntali
796 4684 1045 4752 eamdem
1070 4684 1362 4752 imaginum
1382 4696 1598 4736 causam
1620 4695 1719 4749 pro
1741 4681 1906 4735 nihilo
1927 4696 2072 4734 com-

496 4751 806 4831 putanthi
834 4766 938 4831 pax
969 4753 1057 4831 illa
1077 4793 1091 4817 ,
1122 4751 1336 4831 quidad
1361 4759 1617 4831 mtcrnam
1646 4752 1839 4831 vitam,
1868 4751 2071 4831 quiest
2100 4778 2111 4787 -

501 4820 604 4880 via.
636 4820 855 4886 veritas,
886 4830 939 4876 et
963 4822 1093 4885 vita,
1123 4820 1289 4883 ducit,
1321 4820 1389 4875 ad
1415 4820 1658 4875 eamdem
1682 4821 1825 4874 viam
1876 4820 2074 4874 verita-

500 4900 715 4958 temque
741 4891 997 4959 perducta
1023 4908 1130 4946 non
1156 4892 1336 4947 fuerit.

573 4961 640 5015 Et
670 4962 868 5016 idcirco
895 4972 1121 5017 cunctus
1150 4964 1349 5019 chorus
1374 4959 1711 5015 sacerdotum
1748 4975 1848 5014 nec
1882 4974 1987 5014 non
2018 4966 2074 5014 et

497 5032 678 5087 omnis
705 5040 920 5087 senatus
953 5034 1113 5087 totius
1142 5032 1317 5102 gentis
1344 5046 1437 5087 seu
1468 5030 1687 5102 imperii
1714 5030 2071 5102 Francorum,

498 5111 556 5155 ct
587 5103 836 5157 universa
871 5103 1105 5157 Ecclesia
1135 5099 1230 5171 per
1256 5109 1421 5158 totam
1450 5099 1679 5155 Galliam
1709 5099 2074 5171 contereteris

498 5171 792 5243 provinciis
819 5171 991 5243 eidem
1034 5187 1083 5243 ad
1108 5168 1631 5243 Deooconservandor
1673 5170 1899 5243 imperio
1946 5168 2075 5223 sub-

502 5238 651 5305 ditis,
681 5242 860 5295 audita
886 5241 1027 5295 fama
1056 5241 1293 5296 delenda:
1318 5241 1669 5305 dissensionis
1696 5238 1923 5292 fratrum
1947 5252 2076 5292 suo-

506 5326 625 5364 rum
651 5350 665 5375 ,
716 5310 1142 5366 irrevocabiliter
1168 5311 1474 5381 postulant,
1518 5310 1757 5381 utprius
1788 5323 1884 5377 per
1917 5308 2075 5362 istius

502 5388 705 5448 saniem
732 5381 876 5436 sedis
904 5397 934 5435 a
965 5381 1073 5435 Deo
1101 5379 1472 5436 conservatam
1501 5381 1556 5434 in
1583 5379 1873 5448 futuroqne
1905 5392 2076 5446 usque

504 5450 560 5503 in
583 5447 974 5522 ﬁnemisaeculi,
997 5451 1137 5506 sicut
1158 5451 1258 5522 ipsi
1283 5450 1663 5522 indubitanter,
1691 5456 1746 5501 et
1770 5447 1869 5501 nos
1888 5462 2076 5522 omnes

504 5532 602 5588 per
631 5521 820 5575 merita
859 5518 1222 5590 apostolorum
1260 5519 1612 5582 conﬁdimus,
1651 5518 2077 5590 conservandam

503 5587 908 5653 auctoritatem,
940 5591 1066 5644 illud
1097 5604 1437 5658 summopere
1464 5602 1704 5658 quaerere
1741 5587 2071 5650 festinemus,

506 5667 569 5710 ut
609 5659 732 5726 quia
778 5672 994 5715 auztore
1040 5661 1177 5720 Deo.
1222 5661 1337 5715 hsec
1372 5659 1478 5713 duo
1510 5674 1672 5728 regna
1709 5659 1762 5711 in
1800 5666 1914 5711 toto
1945 5658 2077 5712 orbe

510 5738 776 5783 terrarum
800 5730 1113 5800 principalia
1136 5739 1318 5786 mutua
1340 5730 1441 5785 sibi
1464 5727 1583 5784 um
1594 5728 1789 5798 placita
1810 5727 2076 5783 charitate

2174 4483 2267 4529 aut
2288 4473 2487 4544 ﬁngere
2506 4474 2833 4545 prohiberet.
2852 4472 3009 4529 Unde
3030 4472 3198 4544 ostiue
3218 4476 3377 4530 hodie
3398 4472 3590 4532 eadem
3612 4472 3755 4545 apud

2174 4559 2272 4598 nos
2298 4544 2627 4599 consuetudo
2656 4551 2887 4605 tenetur,
2910 4550 2972 4596 ut
2994 4545 3119 4612 quia
3148 4546 3252 4599 hoc
3278 4547 3578 4601 auctoritas
3605 4544 3754 4600 nulla

2165 4612 2348 4695 jubet,
2397 4628 2555 4695 nemo
2592 4613 2805 4695 jubeat,
2830 4612 3092 4695 similiter
3117 4614 3243 4695 quia
3272 4616 3571 4695 auctoritas
3601 4616 3755 4669 nulla

2173 4682 2448 4752 prohibet,
2494 4698 2651 4754 nemo
2687 4682 2990 4754 prohibeat.
3041 4682 3178 4750 Quia
3204 4699 3334 4738 vero
3368 4694 3591 4754 propter
3616 4700 3758 4754 pra-

2174 4754 2393 4807 missam
2423 4752 2686 4821 rationem
2723 4752 2880 4806 aliter
2907 4767 3027 4806 esse
3056 4769 3162 4808 non
3191 4752 3408 4821 potest,
3459 4752 3562 4808 nisi
3614 4752 3756 4809 ratio

2172 4821 2296 4877 inde
2338 4822 2618 4885 habeatur,
2662 4819 2891 4876 fortasse
2918 4823 3108 4877 eadem
3146 4819 3284 4876 ratio
3317 4825 3425 4878 tale
3465 4825 3755 4878 exordium

2173 4907 2280 4963 non
2319 4891 2755 4946 inconvenienter
2789 4891 2993 4963 habere
3011 4892 3231 4962 poterit.
3283 4893 3343 4947 Si
3382 4894 3545 4963 igitur
3574 4895 3759 4963 imago

2175 4961 2229 5015 in
2271 4969 2384 5015 toto
2413 4962 2543 5015 orbe
2583 4970 2847 5030 terrarum
2878 4960 3031 5020 nulla
3074 4963 3219 5030 picta
3260 4963 3347 5015 vel
3394 4960 3518 5017 ﬁcta
3565 4960 3717 5018 essei
3740 5006 3755 5023 ,

2174 5029 2414 5098 nunquid
2443 5030 2644 5099 aliquid
2673 5028 2825 5095 ﬁdei,
2855 5030 2996 5099 spei,
3030 5028 3116 5085 vel
3143 5032 3397 5087 charitati
3422 5042 3627 5088 saneta:
3654 5032 3760 5087 Dei

2174 5100 2430 5183 Ecclesiae
2462 5099 2716 5183 obesset?
2764 5100 2970 5180 [Rursus
3003 5103 3049 5155 si
3083 5102 3210 5183 ita,
3242 5111 3302 5156 ut
3345 5103 3399 5182 in
3423 5103 3758 5183 quibusdam

2174 5170 2307 5253 locis
2334 5170 2566 5253 maxime
2594 5168 2851 5253 Ecclesiis
2893 5184 2989 5253 sou
3024 5170 3244 5253 palatiis
3276 5168 3628 5253 principum,
3682 5173 3760 5228 ob

2174 5239 2379 5310 nullum
2410 5240 2571 5293 alium
2600 5238 2879 5310 catholica:
2916 5238 3045 5295 ﬁdei
3081 5256 3178 5295 seu
3217 5238 3494 5310 religionis
3518 5243 3758 5305 cultam,

2175 5309 2268 5364 sed
2299 5310 2669 5363 tantummodo
2696 5309 2989 5380 scientibus
3032 5325 3133 5380 pro
3160 5309 3361 5366 amoris
3386 5311 3458 5379 pii
3490 5313 3758 5365 memoria

2176 5395 2271 5434 seu
2318 5387 2638 5433 ornamento
2686 5378 2997 5443 earumdem
3035 5378 3328 5444 iocorum;
3386 5378 3762 5436 nescientibus

2174 5463 2304 5531 vero
2345 5464 2445 5531 pro
2478 5446 2734 5531 ejusdem“
2758 5449 2974 5528 pietatis
3008 5449 3259 5531 doctrina
3296 5451 3455 5531 picta:
3490 5450 3577 5503 vel
3616 5450 3762 5505 ﬁcta:

2177 5515 2462 5590 sunt‘,'__ita
2507 5515 2603 5590 per
2639 5515 2844 5590 reliqua
2873 5515 3113 5586 ejusdem
3150 5515 3476 5590 imaginibus
3515 5535 3758 5590 congrua

2176 5587 2447 5643 domicilia
2493 5586 2559 5640 ad
2602 5588 2849 5658 eumdem
2879 5603 3092 5658 sensum
3121 5586 3454 5658 pertinentes
3481 5586 3649 5658 pictae
3674 5590 3757 5643 vel

2180 5658 2318 5712 ﬁcta:
2358 5665 2542 5741 essent
2562 5696 2577 5720 ,
2624 5656 2753 5741 quid
2776 5656 3033 5741 praeditis
3059 5656 3351 5741 viitutibns
3380 5656 3619 5741 unquam
3661 5669 3754 5741 aut

2181 5743 2405 5799 usquam
2430 5728 2618 5783 obesse
2642 5726 2939 5794 potuisset?
2969 5728 3037 5784 Et
3062 5728 3181 5785 ideo
3206 5729 3333 5794 quia
3359 5745 3446 5786 res
3471 5726 3546 5786 ita
3575 5744 3637 5785 se
3661 5729 3747 5786 ha.
