4018 6178
275 225 294 281 l
305 221 408 280 345

978 217 1156 272 LIBRI
1195 213 1537 272 CAROLINI.
1579 244 1648 253 —-
1685 213 1974 269 APPEND.
2017 246 2084 254 -—
2122 216 2538 274 CONVENTUS
2575 217 2795 275 PARIS.

3401 223 3540 280 IMO

269 330 610 405 adunandam
631 370 646 395 ,
673 343 835 405 quain
885 327 1111 405 Domino
1141 326 1252 379 Deo
1289 325 1574 405 ordinauie
1629 325 1816 405 regitis
1839 365 1853 388 ,
1886 333 1928 386 Α
1962 328 2447 405 miumqueinfelici
2461 330 2754 386 conditioni
2773 333 3028 405 prostrati
3047 349 3152 388 non
3167 339 3540 405 succumbitis,

273 403 588 465 Ecclesium,
621 395 906 454 consilium
929 399 1081 452 vobis
1105 412 1208 450 non
1237 405 1420 450 nostra
1449 395 1854 460 adinventione,

270 473 369 531 sed
398 472 581 529 divina
627 469 952 524 auctoritate
981 468 1111 521 illud
1165 465 1296 519 dare
1345 465 1716 520 debuissemus
1761 480 1858 533 per

273 544 416 614 quod
443 542 632 614 eadem
662 547 846 614 saneta
875 547 1050 614 mater
1079 535 1322 614 Ecclesia
1331 537 1422 614 ita
1445 535 1554 614 sibi
1571 543 1758 614 mutuo
1803 536 1856 588 in

274 604 401 669 vera
429 627 562 684 pace
593 609 846 684 fmderari
871 608 1172 684 debuisset,
1201 605 1434 684 qualiter
1461 613 1515 684 et
1541 604 1594 658 in
1627 605 1730 659 hoc
1759 621 1859 659 sae-

273 685 412 748 culo,
429 675 497 737 'et
521 683 574 736 in
598 680 781 734 futuro
802 678 850 732 ei
881 678 1094 748 placere
1117 675 1263 745 potui
1284 684 1398 748 ᾔδει,
1427 675 1858 748 quiasceusnrus

277 754 344 809 de
383 744 585 808 mundo
613 751 725 806 suis
751 744 1000 818 promisit
1025 744 1212 818 dicens
1235 761 1248 798 :
1272 745 1659 818 l’acemlneunt
1685 744 1751 798 do
1780 761 1861 798 ro-

277 825 371 887 bis,
398 839 578 894 pacem
609 813 849 894 relinquo
903 817 1041 872 vobis
1089 815 1269 887 (Joan.
1301 815 1536 894 Xtv').hF_2t
1571 813 1696 894 quia
1725 823 1860 894 atte-

277 884 455 948 stan'te
493 891 660 946 Paulo
690 884 832 943 inter
856 898 1049 942 cmtera
1075 884 1262 940 verum
1297 893 1412 948 est,
1443 884 1502 939 Si
1538 885 1655 954 quis
1689 885 1859 938 tradi-

277 964 408 1018 derit
431 979 619 1032 corpus
643 975 809 1032 suam:
843 969 901 1032 ut
930 956 1125 1032 ardeat
1151 997 1178 1032 ,λ
1207 956 1727 1032 εᾲςιήιαιειηηαυιρηι
1755 971 1860 1008 non

277 1024 548 1094 habuerit,
576 1029 708 1086 nihil
735 1038 809 1082 est
835 1027 888 1099 (1
919 1027 1041 1082 Cor.
1067 1027 1210 1098 xm).
1243 1025 1366 1099 ideo
1392 1024 1702 1099 praedictam
1731 1039 1858 1099 san-

277 1111 421 1158 etam
456 1102 551 1157 Dei
579 1094 874 1154 Ecclesiam
901 1099 954 1152 in
979 1113 1120 1152 verae
1157 1094 1306 1165 pacis
1355 1094 1698 1165 concordiam
1731 1096 1862 1165 adu—

280 1174 396 1228 nari
427 1172 555 1225 totis
582 1171 787 1224 viribus
817 1167 1096 1238 optamus',
1131 1163 1256 1234 quia
1287 1164 1557 1238 quomodo
1605 1165 1722 1238 sine
1773 1163 1861 1238 illa

278 1242 598 1297 cbaritatem
630 1235 870 1294 mutuam
923 1238 1122 1292 habere
1154 1235 1356 1304 possit,
1391 1235 1538 1288 nullo
1586 1235 1745 1288 modo
1775 1235 1859 1287 in-

280 1312 592 1382 telligimus.
617 1310 812 1382 Potest
836 1309 980 1362 enim
1003 1307 1154 1372 fieri,
1196 1314 1256 1360 ut
1295 1305 1492 1382 aliquis
1533 1320 1656 1382 cum
1691 1305 1862 1358 altero

281 1399 348 1438 ex
369 1377 524 1451 parte
551 1381 633 1434 vel
661 1381 842 1433 tictam
866 1393 1054 1448 pacem
1083 1377 1453 1451 temporaliter
1479 1377 1692 1437 habeat,
1727 1391 1862 1451 quo-

281 1445 443 1507 modo
469 1459 648 1506 autem
677 1451 796 1504 sine
809 1445 938 1502 vera
967 1455 1151 1501 mutua
1173 1445 1304 1514 pace
1332 1447 1514 1500 habita
1541 1460 1665 1499 cum
1693 1445 1864 1498 altero

281 1537 466 1577 veram
493 1521 664 1579 possit
686 1521 887 1574 habere
918 1517 1259 1579 cbaritatcm,
1302 1515 1444 1569 nulla
1485 1517 1642 1569 docet
1673 1522 1861 1569 aucto-

285 1594 438 1646 ritas.
473 1588 628 1646 Unde
679 1603 1004 1660 magnopere
1048 1588 1501 1660 considerandum
1529 1593 1862 1660 est,__quanta

286 1661 625 1724 temeritate,
663 1656 930 1730 quantave
957 1659 1182 1730 audacia
1222 1657 1289 1730 ad
1323 1665 1580 1711 aeternam
1621 1656 1712 1730 ille
1741 1671 1863 1730 per-

288 1732 474 1788 venire
515 1746 574 1786 se
617 1726 788 1801 posse;
827 1729 1134 1801 existimat,
1188 1726 1280 1797 qui
1329 1735 1648 1801 prtesentem
1676 1726 1730 1801 in
1762 1727 1863 1779 hoc

285 1801 482 1857 sarculo
520 1797 708 1872 pacem
764 1799 976 1854 Domini
1021 1813 1119 1866 per
1177 1797 1471 1872 quamlibet
1523 1797 1863 1850 occasione-nt

287 1868 846 1928 scissam'restaurare
888 1884 1010 1923 cum
1046 1868 1292 1936 proximo
1321 1883 1425 1920 non
1472 1874 1644 1930 curat,
1704 1880 1864 1936 quam

286 1941 523 2012 primum
588 1955 782 1994 munus
839 1935 1075 2012 humano
1127 1938 1310 2012 generi
1376 1937 1629 2012 collatum
1657 1935 1866 2012 _angeli

289 2007 541 2066 nuntiant
565 2026 690 2064 mox
730 2017 858 2064 nato
887 2009 1114 2062 Domino
1159 2009 1214 2061 in
1253 2007 1470 2071 mundo,
1513 2007 1868 2074 eamdemque

289 2081 602 2150 novissime.
624 2081 873 2139 fidelibus
915 2079 1027 2150 suis
1075 2079 1128 2131 in
1148 2078 1288 2150 vice
1310 2093 1404 2131 sua
1434 2077 1572 2131 idem
1609 2077 1869 2150 Dominus

290 2151 507 2220 reliquit
533 2145 872 2220 discessurus
887 2149 960 2220 de
996 2148 1216 2202 mundo.
1249 2147 1316 2202 Et
1341 2162 1648 2220 quanquam
1698 2145 1866 2220 multa

286 2228 343 2276 et
362 2215 498 2290 péue
520 2219 941 2290 innumerabilia
963 2225 1164 2282 essent,
1190 2233 1309 2290 quae
1343 2215 1409 2272 de
1433 2225 1585 2290 tanta
1617 2215 1869 2290 resumi-

289 2285 432 2355 litér,
465 2291 786 2354 sublimiter,
817 2297 869 2343 et
893 2289 1054 2342 nimis
1076 2285 1391 2343 terribiliter
1413 2287 1518 2342 dici
1547 2285 1865 2356 potuissent,

288 2361 588 2417 cavendum
619 2369 704 2414 est
739 2359 1030 2426 unicuique
1051 2399 1066 2423 ,
1121 2373 1189 2412 ne
1219 2359 1323 2413 hoc
1371 2355 1654 2426 quisquam
1686 2355 1754 2411 de
1781 2355 1868 2408 illa

289 2429 632 2500 solummodo
663 2445 795 2500 pace
841 2427 1244 2500 intelligendum
1270 2437 1442 2500 putet,
1476 2442 1596 2500 qua:
1643 2426 1873 2500 habetur

290 2503 344 2556 in
373 2501 544 2556 cadis.
605 2495 741 2567 Quia
798 2507 851 2554 et
887 2495 1145 2553 Dominus
1196 2495 1452 2553 recedens
1483 2495 1620 2567 ait”:
1675 2495 1872 2548 Pacem

291 2587 459 2625 meam
490 2566 726 2640 relinquo
750 2569 890 2622 vobis
925 2567 1110 2640 (Joan.
1139 2568 1275 2640 διν).
1309 2568 1374 2622 Et
1425 2566 1598 2637 angeli
1633 2567 1872 2640 prmntii—

293 2650 471 2696 tentes
506 2635 732 2694 :Cloria
782 2640 838 2692 in
885 2635 1100 2692 excelsis
1133 2635 1281 2702 Deo,
1323 2653 1446 2690 mox
1485 2635 1591 2692 non
1637 2641 1694 2688 in
1731 2635 1872 2688 caelis

290 2709 662 2781 subjungunt,
694 2708 784 2781 sed
813 2709 866 2781 in
889 2717 1031 2781 terra
1058 2723 1164 2778 pax
1188 2707 1496 2781 hominibus
1516 2706 1664 2760 bonw
1693 2704 1874 2781 volun-

289 2774 416 2852 {atii
443 2774 594 2852 (Huc.
613 2779 696 2850 ιι).
726 2777 916 2848 Cogita
941 2774 1106 2852 igitur
1123 2786 1320 2852 tecum,
1343 2794 1376 2830 ο
1395 2777 1546 2852 plebs
1572 2786 1626 2828 et
1645 2774 1874 2852 populus

293 2849 408 2916 Dei,
433 2845 478 2906 si
503 2849 571 2904 ad
587 2845 904 2919 perpetuam
925 2848 1005 2919 vis
1031 2847 1312 2919 pervenire
1339 2845 1587 2909 salutem,
1615 2853 1674 2898 ut
1697 2845 1748 2896 in
1773 2845 1876 2919 hoc

291 2921 490 2976 szeculo
511 2916 619 2974 non
636 2916 836 2983 fictam,
857 2918 951 2973 sed
970 2933 1150 2972 veram
1167 2918 1369 2971 habere
1394 2927 1634 2970 mutuam
1659 2916 1876 2969 studea-

292 3005 414 3063 mu_s
437 3005 648 3063 pacem.

365 3054 472 3117 Sed
503 3061 682 3116 minus
711 3060 942 3116 fortasse
975 3057 1229 3128 prodesse
1256 3055 1470 3128 poterit,
1503 3054 1634 3128 libet
1678 3055 1874 3128 merito

293 3142 444 3188 tanta
469 3130 698 3201 talisque
745 3124 1041 3186 auctoritas
1073 3143 1234 3201 causa
1257 3124 1468 3201 consilii
1497 3124 1748 3201 sumcere
1778 3127 1875 3201 de-

291 3205 520 3263 buisset,
555 3195 774 3255 necesse
804 3203 937 3264 erit,
976 3207 1034 3252 ut
1073 3200 1198 3254 huic
1227 3197 1512 3254 assertioui
1549 3204 1744 3251 czetera
1775 3195 1874 3249 ad-

285 3271 606 3342 jungantur,
640 3286 762 3342 quae
808 3284 1158 3342 nequaquam
1179 3267 1326 3342 juste
1355 3268 1716 3342 adderentur,
1759 3266 1806 3342 si
1842 3279 1874 3318 a

295 3337 412 3396 Deo
433 3340 502 3394 ab
534 3337 690 3392 initio
719 3337 998 3392 catholica:
1042 3338 1162 3390 fidei
1207 3338 1332 3392 data
1383 3337 1537 3392 vobis
1578 3337 1873 3405 sapientia,

295 3411 440 3464 sicut
474 3407 734 3477 oportuit,
769 3421 868 3477 pro
895 3405 1063 3477 vobis;
1103 3406 1332 3477 sollicita
1385 3419 1503 3458 esse
1557 3406 1872 3477 studuissct.

295 3479 440 3534 Dicit
476 3473 620 3532 enim
649 3473 964 3546 Apostolus,
991 3473 1206 3546 _Jud¢_ei
1263 3476 1414 3546 signa
1457 3483 1659 3542 petunt,
1707 3474 1877 3546 βιωρί

293 3541 864 3620 εαρὶεηεὶαηιᾳιιὶενιιηι
896 3544 945 3617 (1
977 3541 1194 3620 (ἔθιζε-ι),
1231 3541 1326 3598 ubi
1351 3550 1434 3620 est
1459 3541 1590 3612 ergo
1606 3543 1878 3620 sapientia

293 3612 496 3682 vestra,
533 3612 684 3689 qui'p
716 3612 1200 3689 opter_quamlibet_
1225 3613 1564 3689 occasionem
1604 3612 1734 3689 illud
1781 3612 1880 3665 ha-

295 3691 427 3746 bere
456 3681 822 3750 contemnitis,
863 3681 978 3740 sine
999 3699 1108 3754 quo
1135 3683 1202 3738 ad
1234 3698 1397 3754 regna
1427 3681 1665 3737 coeleszia
1687 3696 1880 3754 p.-rve-_-

297 3760 415 3814 nire
452 3758 598 3812 nullo
625 3759 785 3812 modo
816 3750 1095 3810 valebitis?
1131 3754 1198 3808 Et
1223 3750 1338 3808 huic
1365 3770 1470 3808 non
1494 3755 1769 3820 arguendo
1796 3750 1880 3804 vel

297 3828 668 3896 increpando,
709 3827 804 3881 sed
841 3825 1180 3896 admonendo
1228 3825 1444 3878 interim
1495 3822 1768 3896 dicimus:
1821 3829 1881 3875 ut

299 3915 396 3954 vos
419 3891 487 3952 ad
529 3897 842 3952 interiorem
874 3895 1146 3950 hominem
1173 3901 1440 3957 vestrum,
1493 3891 1546 3945 in
1601 3907 1706 3960 quo
1738 3891 1880 3946 Dens

297 3983 397 4039 per
425 3968 605 4031 fidem,
635 3981 806 4038 spem,
833 3965 1233 4039 etcharitatcm
1260 3963 1561 4018 inhabitare
1579 3961 1874 4039 consuevit,

297 4033 633 4094 i‘evocemus.
658 4033 828 4104 Quem
857 4035 904 4090 si
927 4036 1001 4088 ita
1027 4036 1342 4098 secundum,
1375 4041 1434 4087 ut
1470 4048 1631 4102 supra
1656 4033 1878 4104 dictum

297 4117 402 4173 est,
432 4103 751 4177 sapientiam
769 4123 799 4160 a
826 4105 936 4161 Deo
951 4105 1102 4177 vobis
1120 4105 1321 4170 datam,
1351 4104 1608 4177 cogitare,
1633 4103 1876 4177 diligere,

299 4172 649 4232 vclmctuere
678 4177 858 4238 vultis,
892 4175 1086 4230 mirum
1117 4183 1229 4238 est,
1257 4172 1528 4244 quomodo
1555 4189 1676 4228 cum
1701 4172 1880 4227 fratri-

299 4249 402 4304 bus
424 4248 653 4302 invicem
683 4255 833 4301 tanto
845 4245 958 4316 jam
984 4255 1222 4316 tempore
1253 4243 1564 4316 Scandplum
1580 4251 1654 4316 _et
1675 4244 1880 4298 discor-

299 4319 444 4373 diam
469 4319 669 4373 babere
699 4332 806 4372 non
833 4313 1257 4371 metuitisJEcce
1285 4313 1484 4370 etenim
1503 4353 1518 4378 ,
1549 4314 1594 4368 si
1625 4328 1730 4368 non
1761 4327 1875 4366 am-

299 4365 628 4456 ᾗίᾗίξξῖιῖιῖἱ
641 4365 1091 4452 ’θὶἰῖιὶἰεῗέῖξὲῖ
1107 4365 1253 4456 an;
1268 4365 1600 4456 mare;
1627 4365 1743 4456 "tog
1767 4365 1875 4437 nu-
1906 4365 1952 4424 ο

300 4453 584 4512 serrimam
607 4457 994 4512 dissensionem
1030 4453 1318 4525 pullulasse
1347 4453 1670 4525 audivimus.
1705 4453 1876 4520 Quam

297 4525 550 4598 videlicet
593 4527 918 4598 discordiam
957 4523 1067 4581 Deo
1105 4526 1200 4598 (ut
1234 4524 1467 4598 dignum
1505 4523 1622 4596 est)
1665 4539 1877 4592 semper

297 4597 551 4652 odibilem
578 4637 594 4662 ,
633 4596 848 4652 diabolo
882 4612 1011 4653 vero
1034 4637 1048 4660 ,
1089 4596 1150 4651 ut
1199 4596 1248 4652 ei
1274 4597 1426 4651 decet
1445 4635 1460 4654 .
1487 4609 1699 4664 semper
1724 4609 1877 4647 ama-

299 4665 460 4722 bilem
483 4707 497 4730 ,
539 4681 729 4722 omnes
765 4675 1136 4722 antecessores
1173 4666 1278 4720 mei
1339 4668 1408 4720 ad
1455 4664 1831 4733 corrigendum
1859 4704 1874 4729 ,

297 4745 458 4804 prout
481 4735 562 4790 eis
591 4736 846 4804 possibile
873 4736 1004 4801 fuit,
1031 4738 1256 4792 multum
1289 4737 1564 4790 laborasse
1591 4751 1698 4789 non
1724 4735 1877 4804 igno-

303 4813 474 4859 ratur.

371 4873 577 4928 Haecin
605 4874 795 4944 paucis
837 4875 903 4930 ad
939 4876 1223 4931 excitanda
1269 4876 1380 4931 Deo
1414 4875 1666 4929 amabilia
1713 4874 1877 4928 corda

301 4951 485 4998 vestra
514 4943 635 4998 ideo
664 4945 994 5012 prtemittcre
1017 4945 1344 5010 curavimus,
1384 4954 1444 4998 nt
1469 4960 1552 5006 ea,
1585 4960 1704 5013 quae
1726 4945 1879 5000 vobis

299 5014 595 5070 studiosius
619 5028 720 5082 pro
749 5015 922 5069 salute
946 5017 1192 5070 omnium
1222 5015 1524 5070 animarum
1570 5029 1877 5069 noszrarum

299 5083 525 5140 dicenda
551 5083 908 5154 providimus,
936 5086 1206 5140 auctiores
1225 5083 1431 5154 [ἰὼν-ιη
1457 5084 1752 5140 acutiores.
1775 5083 1882 5154 Ba-

300 5171 442 5226 ron.,
461 5153 756 5226 avidiores]
781 5170 878 5210 vos
903 5157 969 5210 ad
997 5153 1325 5226 audientium
1342 5163 1400 5226 et
1420 5171 1516 5224 per
1531 5155 1710 5210 omnia
1741 5153 1882 5226 solli-

296 5225 438 5280 citos
469 5225 522 5280 in
545 5223 775 5280 Domino
804 5226 1174 5282 redderemus.
1211 5223 1317 5278 Sed
1362 5223 1502 5279 sicut
1555 5240 1661 5279 non
1705 5224 1880 5280 solum

295 5311 454 5351 saera
469 5295 792 5350 auctoritate
805 5295 1084 5360 discimus,
1111 5309 1298 5349 verum
1324 5310 1540 5365 quoque
1569 5304 1624 5349 et
1647 5295 1882 5348 humana

296 5366 611 5437 quotidiana
655 5365 800 5437 bene
854 5366 1246 5437 consuetudine
1313 5366 1520 5437 agendo
1574 5367 1878 5437 cernimus,

295 5433 424 5506 quia
459 5436 623 5506 arbor
647 5433 856 5492 fruetus
885 5437 1058 5491 malus
1088 5435 1309 5506 faciens,
1342 5433 1488 5489 nullo
1509 5505 1516 5506 ί
1536 5437 1694 5490 modo
1732 5436 1881 5490 salu—

297 5504 449 5562 brius
475 5504 826 5573 exstirpatur,
888 5523 1010 5562 nam
1032 5507 1076 5562 si
1105 5505 1362 5561 radicitus
1385 5505 1665 5572 evellatur,
1690 5506 1882 5562 melius

297 5591 440 5631 me
452 5577 654 5631 dictam
674 5523 996 5631 discordiam
1014 5585 1248 5631 vestram
1270 5577 1639 5631 omnipotente
1656 5577 1882 5631 Domino

452 5577 654 5632 dictam
674 5575 996 5632 discordiam
1014 5585 1248 5632 vestram
1270 5577 1639 5646 omnipotente
1656 5577 1882 5632 Domino

297 5647 594 5716 opitulante
625 5661 734 5701 una
774 5648 1090 5717 vobiscum,
1133 5647 1225 5718 qui
1258 5647 1384 5703 huic
1427 5647 1748 5704 miserrimae
1795 5647 1881 5702 ni-

1959 397 2054 452 sed
2084 399 2409 452 auctoritate
2433 401 2698 455 bonorum
2723 397 2963 455 omnium
2999 403 3226 460 Domino
3250 406 3360 461 Deo
3383 397 3545 464 tanta:

1959 468 2234 548 spurcitia:
2267 469 2413 548 celso
2453 471 2817 548 int-acumine
2840 475 3243 548 prateminentis
3269 479 3544 548 corrigere

1959 537 2225 618 valemus,
2264 539 2310 592 si
2340 555 2459 618 qua:
2484 541 2555 595 sit
2576 540 2738 610 hujus
2771 537 3087 611 perditionis
3101 545 3254 618 origo
3275 545 3358 600 vel
3375 537 3546 604 fo‘ines

1958 607 2262 678 detegendo
2295 607 2612 678 pandemus.

2030 678 2219 754 Nullus
2245 694 2438 748 nempe
2463 696 2591 734 sana
2621 681 2942 754 sapientium
2997 682 3342 754 fideliumque
3363 686 3416 741 in
3439 687 3546 742 Do-

1959 748 2108 822 mino
2139 747 2698 822 fratrunrvestroruni
2741 751 2998 822 dubitare
3025 747 3374 822 permittitur,
3426 773 3548 813 esse

1959 817 2141 900 plures
2168 818 2221 900 in
2249 820 2350 900 hac
2379 829 2561 900 sancta
2588 827 2643 874 et
2679 837 2709 874 a
2737 821 2848 900 D_eo
2871 817 3236 900 conservanda
3283 817 3544 900 Ecclesia,

1961 890 2054 957 qui
2085 895 2245 963 tanta;
2279 890 2531 963 miserita
2543 893 2898 963 succumbere
2921 893 3292 963 dedignentur,
3323 897 3448 952 licet
3466 890 3548 953 eis

1962 973 2155 1012 manus
2181 959 2415 1036 humana
2449 961 2697 1024 validior,
2719 975 2785 1014 ne
2811 961 2884 1024 id,
2931 959 3073 1036 quod
3103 959 3297 1036 exinde
3337 965 3546 1036 justum

1961 1041 2081 1102 esse
2105 1044 2209 1082 non
2237 1029 2502 1102 dubitant,
2534 1039 2856 1102 restaurare,
2875 1029 2963 1088 vel
3004 1033 3266 1102 perlicere
3310 1029 3544 1102 valeant,

1961 1098 2209 1171 obsistat.
2241 1169 2249 1171 ξ
2283 1099 2644 1171 Quamobrem
2683 1101 2988 1159 amabiliter
3004 1098 3363 1161 'ammonendi
3391 1098 3544 1171 estis,

1962 1176 2024 1222 ut
2052 1168 2179 1238 totis
2203 1169 2408 1226 viribus
2431 1170 2853 1238 omnipotentem
2875 1173 3159 1228 Dominum
3183 1191 3408 1232 exorare
3433 1168 3549 1231 stu-

1963 1237 2154 1312 deatis,
2185 1247 2246 1294 ut
2266 1248 2479 1312 iantam
2497 1241 2565 1294 ab
2582 1237 2690 1295 hoc
2714 1257 2880 1312 regno
2905 1243 3271 1300 infelicitatem
3298 1261 3552 1301 amovere

1955 1305 2164 1375 jubeat,
2195 1309 2442 1388 etill_a_m,_
2463 1325 2624 1380 quam
2647 1305 2878 1388 mundus
2924 1314 3053 1388 dare
3081 1330 3188 1370 non
3214 1325 3414 1386 potest,
3454 1333 3546 1388 pa-

1964 1393 2079 1432 cem
2131 1395 2227 1432 sua
2248 1380 2400 1434 vobis
2430 1383 2691 1434 immensa
2721 1381 3007 1438 clementia
3041 1380 3323 1440 concedat.

2035 1448 2102 1502 Et
2126 1449 2252 1518 quia
2275 1457 2440 1504 tanta:
2463 1451 2802 1506 auctoritatis
2829 1455 2982 1512 ordo.
3005 1455 3089 1508 vel
3114 1463 3278 1510 tautae
3301 1455 3550 1510 sublimi-

1965 1519 2095 1573 tatis
2127 1521 2264 1594 ratio
2284 1521 2801 1594 necdumposcebat,
2832 1533 2889 1577 ut
2909 1524 3224 1594 priusquam
3245 1526 3332 1580 illa
3345 1527 3548 1588 omnia,

2003 1591 2310 1663 naimerito
2347 1591 2723 1663 prgemittenda
2767 1591 2938 1654 erant,
2977 1591 3439 1663 piat-ponerentur,
3493 1604 3554 1648 ut

1991 1658 2178 1714 'acilius
2198 1659 2392 1734 quovis
2415 1661 2472 1734 in
2491 1661 2610 1714 loco
2631 1663 2924 1734 secundum
2947 1658 3029 1716 sui
3051 1658 3364 1734 qualitatem
3391 1666 3557 1721 habe-

1971 1741 2158 1800 rentur
2196 1730 2306 1800 illa,
2347 1731 2542 1798 quibus
2573 1731 2716 1785 salva
2745 1731 2868 1796 ﬁde,
2897 1747 3012 1800 Spe,
3041 1730 3124 1788 vel
3167 1737 3431 1790 charitate
3467 1743 3550 1788 to-

1967 1798 2354 1876 t_ius_Ecclesi-.e
2377 1807 2548 1876 status
2577 1817 2766 1876 carere
2795 1798 3075 1876 potuisset,
3125 1815 3346 1876 propter
3392 1805 3554 1876 satis-

1967 1868 2254 1946 factionem
2283 1879 2462 1946 tamen
2506 1871 2557 1923 in
2587 1873 2689 1946 hoc
2715 1868 2877 1946 opere
2900 1868 3256 1930 laborantium
3285 1875 3556 1946 principa-

1968 1937 2034 1992 lis
2062 1937 2222 2006 hujus
2249 1941 2549 2012 smpedieiae
2575 1937 2872 2012 discordiae
2903 1952 3118 2010 vestrm,
3166 1937 3328 2000 causa
3367 1937 3558 2012 imagi-

1968 2023 2095 2086 nu_m
2139 2011 2412 2086 exstitisse
2461 2012 2723 2086 traditur.
2816 2011 3335 2086 Ejusdem_quoque
3379 2011 3556 2068 caueat

1967 2080 2120 2160 origo
2163 2080 2217 2133 in
2245 2095 2309 2136 eo
2332 2081 2621 2160 contigisse
2665 2080 2872 2160 fertur,_
2910 2084 3058 2160 quod
3078 2080 3554 2160 imperatorequ-

1969 2150 2213 2221 siderans
2247 2150 2505 2220 quosdam
2532 2152 2586 2204 in
2608 2153 2795 2206 eadem
2821 2151 2977 2221 plebe
3003 2150 3293 2208 indiscrete
3333 2153 3449 2208 zelo
3477 2156 3558 2208 in-

1969 2217 2281 2274 flammatos
2299 2221 2442 2293 ultra
2467 2235 2632 2293 quam
2659 2217 3006 2293 oportuisset,
3037 2223 3120 2276 vel
3151 2239 3386 2293 unquam
3403 2225 3556 2292 prius

1971 2298 2148 2343 aetum
2174 2299 2336 2355 esset,
2381 2291 2432 2344 in
2477 2291 2766 2359 imaginum
2819 2291 3051 2356 cultura,
3097 2291 3442 2348 veneratione
3469 2293 3555 2346 vel

1971 2359 2288 2432 adiuratione
2313 2361 2458 2432 ultra
2484 2361 2830 2432 progredere,
2861 2377 3025 2430 quam
3045 2371 3103 2418 ut
3133 2373 3558 2432 anteaunquam

1973 2429 2026 2481 in
2065 2429 2317 2484 universa
2339 2429 2578 2486 Ecclesia
2602 2431 2803 2486 factum
2833 2429 2994 2495 esset,
3023 2433 3212 2488 volens
3234 2429 3442 2488 ut'tune
3455 2433 3561 2488 sibi

1973 2499 2242 2572 cmnrillis,
2297 2501 2389 2570 qui
2427 2501 2478 2554 ei
2525 2499 2800 2566 favebant,
2841 2503 3084 2558 eamdem
3117 2504 3558 2572 superstitionem

1972 2569 2358 2642 qualiscunque
2387 2579 2549 2637 esset,
2603 2572 2671 2642 ab
2719 2572 2958 2626 Ecclesia
2996 2569 3214 2642 penitus
3256 2580 3554 2636 amoveret,

1971 2640 2271 2711 postposita
2295 2641 2472 2696 hacin
2500 2657 2557 2694 re
2579 2641 2782 2697 salubri
2813 2640 3139 2697 discretione
3167 2643 3283 2698 sine
3315 2658 3418 2711 qua
3448 2658 3562 2697 om-

1974 2709 2059 2763 nis
2086 2711 2334 2782 humana:
2371 2711 2600 2782 actionis
2623 2711 2796 2766 virtus
2827 2712 2878 2765 in
2907 2712 3094 2767 vitium
3127 2709 3374 2776 vertitur,
3401 2712 3565 2782 elegit

1974 2780 2306 2852 praemissam
2322 2781 2760 2852 superstitionem
2782 2782 2940 2835 aliter
2960 2782 3236 2837 emendari
3253 2799 3359 2837 non
3377 2780 3558 2852 posse,

1975 2849 2078 2903 nisi
2103 2864 2294 2923 omnes
2319 2849 2582 2922 imagines
2603 2851 2816 2923 penitus
2841 2852 3170 2906 delerentur.
3234 2849 3396 2923 Atqui
3421 2853 3466 2906 si
3491 2853 3564 2906 ita

1975 2928 2113 2983 erat,
2151 2928 2210 2974 ut
2239 2920 2452 2974 dictum'
2483 2929 2584 2985 est,
2633 2921 2880 2976 illicitum
2911 2923 3114 2976 cultum
3136 2923 3190 2976 in
3225 2920 3560 2983 hominibus.

1979 2989 2060 3040 vel
2087 2989 2168 3061 ab"
2185 2991 2492 3046 hominibus
2523 2991 2976 3061 compescendum
3002 2999 3138 3056 erat,
3165 3009 3272 3046 non
3297 2993 3348 3045 in
3375 2991 3567 3061 imagi-

1980 3073 2108 3112 num
2140 3060 2525 3128 destructione,
2575 3060 2695 3130 quie
2730 3061 2863 3115 nihil
2913 3070 3306 3131 peccaverunt;
3359 3062 3467 3114 imo
3494 3060 3560 3115 eo

1977 3145 2160 3196 sensu,
2192 3145 2310 3202 quo
2330 3145 2490 3202 supra
2518 3131 2856 3202 prtemissnm
2883 3139 2983 3196 est,
3033 3131 3328 3202 scientibus
3354 3147 3452 3200 pro
3475 3131 3564 3200 pia

1977 3200 2256 3270 memoria,
2278 3200 2654 3270 nescientibus
2674 3217 2804 3256 vero
2825 3216 2925 3270 pro
2947 3202 3192 3256 doctrina
3219 3201 3384 3255 utiles
3410 3208 3568 3254 erant

1977 3269 2330 3342 infrangendo
2357 3269 2764 3395 Jinfringendo]
2805 3269 2890 3324 vel
2939 3271 3251 3340 dissipando
3285 3271 3565 3324 sinistram

1977 3342 2218 3395 extendit
2239 3356 2336 3395 oro
2393 3349 2599 3395 extera.
2624 3342 2691 3395 Et
2713 3342 2804 3395 nui
2837 3343 2908 3395 ita
2936 3346 3038 3395 hac
3064 3342 3118 3395 in
3137 3357 3196 3394 re
3213 3342 3459 3395 incautos
3479 3355 3565 3395 re-

1976 3342 2218 3395 extenu‘it
2239 3356 2336 3410 pro
2357 3342 2599 3395 dextera.
2624 3342 2691 3397 Et
2713 3342 2804 3410 qui
2837 3343 2908 3395 ita
2936 3346 3038 3398 hac
3064 3342 3118 3395 in
3137 3357 3196 3394 re
3213 3342 3459 3395 incautos
3479 3355 3568 3395 re-

1976 3410 2176 3464 ducere
2228 3411 2432 3474 debuit,
2473 3412 2614 3465 sicut
2656 3412 2816 3475 ferte,
2849 3412 2973 3478 quia
3005 3426 3196 3465 recens
3234 3419 3352 3465 erat
3378 3425 3562 3473 causa,

1976 3478 2229 3550 facillime
2251 3481 2443 3550 potuit,
2467 3480 2763 3550 instigante
2793 3481 2884 3550 qui
2902 3495 3044 3550 nunc
3071 3480 3179 3534 late
3203 3485 3367 3548 patet,
3397 3480 3568 3534 eccle-

1976 3549 2208 3602 siastieze
2227 3549 2376 3617 pacis
2396 3549 2478 3617 vel
2505 3549 2789 3604 eltaritatis
2808 3549 3048 3604 inimico.

2047 3617 2200 3690 lianc
2227 3616 2277 3672 ei
2301 3633 2366 3673 ac
2384 3618 2430 3672 si
2454 3616 2602 3690 [etsi]
2633 3618 3116 3690 luculentissimam
3137 3618 3377 3690 ostendit
3401 3619 3566 3690 semi-

1978 3694 2107 3752 tam,
2148 3688 2254 3741 heu
2286 3687 2628 3758 quamilong'e
2657 3689 2726 3758 ab
2749 3687 2837 3741 illa
2873 3687 3109 3758 sinistris
3133 3687 3466 3743 anfractibus
3487 3689 3568 3744 in-

1977 3758 2276 3828 cedentem,
2305 3771 2425 3826 qua:
2446 3757 2512 3828 de
2524 3757 2815 3828 semetipso
2831 3758 2932 3812 ait:
2961 3757 3073 3828 Ego
3087 3758 3330 3828 suntivia,
3354 3759 3562 3825 veritas,

1977 3836 2024 3884 et
2041 3827 2155 3910 ἰείια
2187 3826 2367 3908 (Ιομη.
2398 3827 2532 3908 xiv),
2570 3827 2876 3910 quid‘putas
2899 3826 3058 3910 quain
3085 3827 3277 3910 dplcian
3291 3842 3564 3910 quamque

1977 3896 2398 3967 religiosissima,
2434 3897 2544 3967 imo
2563 3896 2903 3952 sanctissima
2942 3897 3220 3967 satagebat
3248 3896 3450 3966 lingere
3475 3896 3567 3952 iti-

1977 3965 2107 4022 nera
2134 4007 2150 4032 ,
2197 3974 2255 4021 ut
2308 3981 2406 4038 per
2446 3965 2536 4020 illa
2563 3967 2780 4038 adhtzec,
2811 3982 2932 4036 qua:
2979 3965 3124 4038 nunc
3151 3965 3344 4038 omnes
3361 3968 3567 4038 plangi-

1977 4053 2120 4101 mus,
2171 4037 2488 4106 pertrahere
2535 4037 2798 4106 potuisset
2851 4037 3106 4092 dissidia?
3181 4037 3286 4091 Sed
3333 4037 3431 4092 nec
3459 4037 3562 4094 hec

1977 4107 2090 4178 ullo
2111 4108 2270 4178 modo
2296 4107 2455 4162 aliter
2489 4108 2790 4162 aestimatur
2839 4122 3102 4178 peragere
3142 4107 3406 4178 potuisse,
3459 4107 3566 4163 nisi

1979 4177 2128 4246 illum
2155 4177 2306 4246 prius
2349 4193 2472 4231 cum
2507 4179 2830 4246 sequacibus
2865 4177 2990 4232 suis
3029 4177 3174 4246 illius
3227 4177 3407 4246 impia:
3444 4179 3565 4233 dul—

1978 4245 2186 4318 cedinis
2233 4245 2712 4318 demulcendo’cor
2763 4253 3028 4318 tangeret,
3082 4245 3238 4318 cujus
3286 4245 3428 4318 idem
3456 4248 3568 4302 dia-

1977 4317 2145 4443 holusl
2157 4316 2414 4388 pestifero
2444 4317 2551 4372 telo
2587 4316 2912 4387 perforatas,
2945 4319 3012 4374 de
3035 4316 3172 4372 coelo
3199 4317 3395 4373 merito
3417 4318 3564 4373 ceci-

2015 4403 2122 4442 tsse
2151 4427 2164 4440 .

2015 4395 2164 4442 isset.

2049 4457 2155 4513 Sed
2183 4457 2310 4528 quid
2339 4457 2570 4528 agimus,
2595 4457 2724 4527 quid
2753 4456 3024 4528 dicimus?
3088 4453 3170 4528 Ad
3197 4457 3566 4526 comparatio-

1976 4541 2098 4581 nem
2122 4527 2354 4598 namque
2385 4527 2657 4583 malorum
2683 4527 2944 4598 omnium,
2979 4542 3098 4596 quae
3121 4527 3210 4598 hic
3233 4535 3565 4598 congruente

1977 4599 2170 4666 spatio,
2201 4597 2343 4666 quod
2365 4599 2587 4654 omnino
2627 4613 2735 4654 non
2776 4597 2946 4662 deest,
2987 4613 3092 4652 non
3116 4597 3290 4666 solum
3337 4599 3404 4652 de
3443 4597 3564 4652 dia-

1976 4665 2120 4732 bolo,
2151 4665 2250 4738 sed
2287 4667 2450 4723 etiam
2489 4669 2554 4724 de
2583 4668 2704 4738 ipso
2731 4668 3060 4736 imperatore
3081 4682 3205 4738 cum
3257 4665 3563 4738 fautoribus

1977 4739 2092 4793 suis
2131 4736 2236 4821 dici
2283 4747 2555 4821 poterant_,
2598 4736 2732 4793 nihil
2785 4746 2868 4792 est
2912 4738 3059 4808 quod
3107 4737 3177 4820 di_
3197 4739 3356 4793 imus.
3433 4737 3566 4821 lini-

1977 4823 2132 4879 γει-εει
2173 4809 2406 4879 denique
2440 4809 2600 4874 mala,
2647 4824 2768 4879 quae
2805 4823 2874 4862 ex
2894 4823 3152 4879 eousque
3165 4809 3216 4879 i_n
3239 4817 3562 4876 prasentem

1978 4877 2120 4932 diem
2148 4893 2246 4948 per
2277 4877 2580 4948 huiusmodi
2615 4877 2938 4948 discordiam
2961 4878 3016 4935 in
3065 4877 3217 4948 vobis
3253 4885 3562 4948 perpetrata

1978 4946 2302 5012 sunt,hinc
2347 4946 2642 5017 sumpsere
2703 4947 3049 5016 principium.
3111 4946 3369 5012 Quamvis
3415 4947 3560 5017 enim

1977 5027 2200 5088 propter
2257 5015 2552 5087 singultum
2583 5015 2901 5088 plorationis
2937 5025 3119 5070 tacere
3148 5032 3253 5088 non
3279 5015 3564 5088 permitta-

1978 5085 2116 5152 inus,
2149 5088 2273 5145 licet
2297 5085 2518 5158 propter
2543 5085 2909 5158 arctissimum
2937 5086 3198 5158 temporis
3228 5085 3564 5158 spatium,_et

1978 5167 2202 5226 propter
2233 5155 2634 5212 innoriuitatem
2663 5157 2978 5212 earumdem
3005 5155 3564 5226 miseriarumtutiu—

1980 5223 2230 5297 gentibus
2279 5242 2396 5283 mos
2457 5235 2579 5289 est,
2619 5226 3002 5297 innumeraad
3049 5223 3562 5297 dicendumﬂebilia

1977 5294 2336 5362 occurrerint,
2367 5297 2558 5364 paucis
2586 5298 2654 5352 ad
2691 5296 3090 5352 inchoationem
3134 5294 3294 5364 hujus
3341 5295 3557 5355 infelici-

1979 5313 2336 5362 occurrermt,
2406 5313 2558 5352 ancus
2586 5313 2654 5352 an
2691 5313 3090 5352 menoauonem
3134 5313 3294 5364 nujus
3341 5313 3557 5355 mteuct-

1979 5367 2108 5440 tatis
2136 5368 2324 5440 redire
2355 5313 2561 5440 [ﬁgere]
2586 5368 2786 5440 placet,
2813 5376 2873 5440 ut
2899 5375 3262 5440 contueamur
3289 5364 3562 5440 diabolum

1981 5438 2036 5492 in
2057 5437 2218 5507 hujus
2247 5435 2374 5492 vita?
2397 5435 2630 5494 excursu
2656 5439 2713 5492 in
2738 5437 2883 5492 bivio
2910 5443 3144 5493 stantem
3163 5478 3178 5503 ,
3212 5435 3306 5507 ubi
3329 5436 3564 5506 impera-

1982 5517 2070 5562 tor
2123 5505 2154 5564 e
2193 5509 2400 5564 duobus
2445 5525 2612 5563 unum
2646 5508 2714 5563 ad
2755 5507 3060 5576 eligendum
3117 5505 3561 5564 indeelinabiliter

1979 5579 2208 5656 cogitur,
2239 5588 2332 5656 aut
2353 5579 2518 5656 cultui
2549 5579 2736 5656 illicito
2767 5577 2994 5656 favendo
3024 5577 3348 5656 imaginibus
3370 5585 3560 5656 contra

1975 5647 2066 5716 jus
2091 5649 2517 5706 ecclesiasticum
2566 5650 2833 5708 cervicem
2864 5647 3098 5714 ﬂectere,
3129 5655 3222 5702 aut
3263 5657 3411 5704 certe
3463 5647 3560 5702 bu—
