4018 6178
405 183 532 243 1551

1194 144 1205 149 ’
1239 180 1298 233 e.
1337 176 1588 232 CAROIJ
1625 174 1839 230 mem
1868 174 2029 254 opp.
2068 175 2250 233 mas
2289 179 2351 233 ιι.
2396 179 2636 237 SECTIO
2675 181 2761 236 ιιι.

3523 180 3547 231 1
3556 177 3665 232 32.1

389 298 517 355 I'ost
535 297 753 354 Patrem
770 299 1076 366 lacrymans
1097 291 1294 357 Uidit,
1310 291 1584 363 lacrymis]
1607 289 1828 344 Carolus
1850 289 1966 343 ha‘c
1996 290 2043 349 Α
2074 290 2183 346 Nos
2203 302 2523 363 nostrosque
2549 295 2709 349 simul
2737 309 2898 349 sanos
2920 310 3063 349 nunc
3089 308 3209 349 esse
3237 294 3435 356 fideles,

1457 380 1719 453 [carmina
1751 378 1959 449 scripsi.

460 480 542 534 Tu
569 475 896 535 mihidulcis
924 489 1096 541 amor,
1124 482 1177 528 te
1207 474 1365 526 modo
1400 472 1613 543 plango,
1638 470 1819 524 Pater.

389 572 469 627 'l'u
498 587 706 627 memor
728 578 845 625 esto
874 569 999 634 mei,
1040 568 1285 636 sequitur
1322 575 1374 620 te
1401 580 1554 620 mens
1585 580 1705 619 mea
1731 577 1961 632 semper.

459 660 593 717 Cum
620 659 839 715 Christo
866 669 1052 714 teneas
1076 672 1238 726 regna
1262 656 1420 710 beata
1441 655 1565 724 poli.

390 753 467 806 Te
532 750 709 805 clerus
762 749 960 822 [Edit.,
1008 745 1207 818 clarus]
1249 745 1478 815 populus
1526 758 1721 814 magno
1776 741 1965 797 dilexit

1737 830 1961 904 [amore,

461 929 722 985 Omnibus
744 943 885 983 unus
918 941 1087 991 amor,
1113 924 1313 994 optime
1340 923 1554 993 prmsul,
1582 938 1724 977 eras.

388 1023 614 1079 Nomina
632 1020 800 1091 jungo
822 1018 977 1073 simul
1005 1016 1193 1082 titulis,
1222 1015 1519 1070 clarissime
1539 1012 1733 1085 [Edit.,
1762 1013 1967 1066 charis-

1543 1104 1722 1177 sime],
1756 1112 1959 1159 nostra.

462 1201 747 1265 Adrianus,
780 1195 1024 1261 Carolus,
1049 1211 1143 1251 rex
1169 1209 1287 1266 ego,
1316 1203 1479 1265 tuque
1504 1195 1681 1249 Pater.

387 1295 623 1362 Quisque
648 1292 795 1363 legas
817 1305 1026 1353 versus,
1057 1290 1251 1345 devoto
1278 1296 1493 1358 pectore
1519 1287 1761 1357 supplex,

456 1384 753 1439 Amborum
779 1382 947 1446 mitis,
981 1381 1084 1442 dic,
1114 1380 1372 1435 miserere
1392 1380 1554 1434 Deus.

386 1488 412 1516 ι
431 1475 557 1529 Ilaec
583 1483 672 1527 tua
703 1486 848 1525 nunc
868 1477 1048 1525 teneat
1076 1469 1308 1538 requies,
1332 1468 1671 1523 charissime.
1697 1467 1961 1531 membra,

455 1564 590 1619 Cum
622 1562 822 1617 sanctis
851 1560 1029 1614 anima
1052 1545 1289 1629 gaudeat
1312 1558 1453 1613 alma
1482 1559 1597 1613 Dei.

389 1655 586 1711 Ultima
616 1654 811 1723 quippe
842 1662 963 1705 tuas
992 1651 1162 1705 donec
1189 1650 1316 1704 tuba
1341 1650 1536 1704 clamet
1565 1650 1616 1703 in
1643 1664 1820 1713 aures,

459 1745 703 1814 Principe
730 1759 854 1798 cum
880 1742 1042 1797 Petro
1078 1756 1235 1810 surge
1258 1741 1440 1795 videre
1469 1742 1659 1795 Deum.

384 1837 681 1893 Auditurus
706 1835 814 1889 eris
844 1846 1052 1898 vocem,
1077 1834 1208 1897 scio,
1244 1831 1449 1887 Iudicis
1474 1832 1667 1886 almam
1694 1844 1708 1884 :

454 1926 599 1981 Intra
629 1941 773 1979 nunc
801 1923 1014 1979 Domini
1039 1923 1233 1994 gaudia
1260 1939 1452 1995 magna
1476 1924 1573 1978 tui.

383 2017 520 2072 Tum
551 2031 760 2070 memor
786 2022 904 2070 esto
927 2015 1006 2069 tui
1030 2014 1160 2079 nati,
1193 2014 1355 2069 Pater
1380 2016 1598 2084 Optime,
1623 2029 1815 2083 posco;

456 2107 590 2162 Cum
617 2107 795 2172 Patre,
827 2107 932 2170 die,
964 2114 1122 2160 natus
1147 2112 1335 2175 pergat
1363 2112 1417 2158 et
1440 2096 1546 2159 iste
1577 2120 1745 2159 meus.

382 2198 427 2253 Ο
448 2207 566 2267 pete
594 2212 771 2267 regna,
803 2197 965 2251 Pater
985 2195 1132 2257 felix,
1159 2194 1399 2250 cwlestia
1427 2193 1648 2260 Christi,

454 2289 579 2344 Inde
609 2297 757 2342 tuum
783 2287 1036 2357 precibus
1060 2284 1322 2339 auxiliare
1342 2299 1579 2355 gregem.

384 2384 517 2438 Dum
546 2382 625 2437 sol
657 2383 926 2452 ignicomo
952 2380 1128 2435 rutilis
1153 2380 1479 2450 splendescit
1503 2381 1572 2436 ab
1591 2393 1714 2448 axe,

452 2474 595 2530 Laus
624 2484 735 2540 tua,
767 2483 952 2528 sancte
977 2471 1157 2537 Pater,
1180 2487 1391 2541 semper
1416 2472 1471 2526 in
1492 2473 1625 2527 orbe
1650 2480 1853 2529 manet.

392 2586 582 2644 Versus
626 2598 891 2660 sequentes
930 2587 998 2640 ad
1033 2587 1353 2660 epitaphium
1396 2585 1618 2640 Adriani
1661 2603 1811 2660 papte
1862 2588 1952 2660 ad:

450 2660 615 2723 iuncti
640 2655 758 2712 sunt
787 2675 850 2711 ex
871 2655 1069 2711 codice
1088 2655 1441 2776 ma‘nuscripto
1463 2655 1752 2726 pervetusto
1777 2657 1833 2712 in
1859 2655 1967 2711 col-

454 2729 587 2776 leuia
622 2727 984 2776 Ratixbonensi
1010 2735 1291 2776 asservato.
1316 2723 1347 2776 Ι
1371 2724 1446 2776 los
1474 2741 1649 2776 versus
1671 2728 1965 2776 excepimus

454 2729 587 2797 legio
619 2727 984 2782 Ratisbonensi
1010 2735 1291 2780 asservato.
1316 2723 1446 2797 Ill_os
1464 2723 1649 2780 uersus
1671 2728 1965 2797 excepimus

452 2794 521 2853 ea?
546 2797 807 2851 Frobenio
833 2798 969 2850 inter
996 2797 1251 2850 ADDENDA
1296 2804 1344 2848 et
1375 2794 1687 2850 SUPPLENDA
1725 2794 1799 2849 ad
1829 2796 1965 2850 beati

462 2867 675 2922 Alcuini
706 2866 898 2938 Opera,
930 2876 1058 2920 tom.
1092 2864 1177 2931 ΙΙ,
1205 2881 1326 2936 pag.
1359 2864 1483 2918 614.
1509 2865 1666 2920 Eutr.

2069 378 2345 450 Perpetuis
2365 392 2559 451 optans
2594 391 2701 437 tete
2724 381 2959 453 gaudere
2985 382 3272 451 triumphis
3289 420 3306 448 ,

2066 468 2229 539 Inque
2261 471 2354 526 Dei
2380 473 2527 527 cultu
2553 474 2736 544 vigens
2766 473 3054 528 virtutibus
3083 474 3260 541 almis,

2065 555 2123 610 In
2147 557 2365 613 meliora
2391 568 2580 615 tenens
2608 569 2812 616 sanctae
2838 562 3063 632 vestigia
3087 562 3231 628 vita),

2066 647 2247 703 Donec
2274 658 2329 703 et
2347 650 2564 705 :ctherei
2592 652 2775 706 venias
2801 652 2869 705 ad
2896 653 3134 707 culmina
3164 655 3333 723 regni,

2065 738 2419 809 Congaudens
2439 742 2639 796 sanctis
2660 740 2878 797 Christo
2906 743 3143 798 sociatus
3164 744 3219 797 in
3255 760 3449 799 :evum.

2066 829 2254 899 Meque
2279 830 2386 884 tuis
2419 832 2667 900 precibus
2692 847 2902 886 mecum
2947 847 3098 902 rape,
3127 848 3330 902 qumso,
3369 835 3631 903 magister

2062 917 2144 972 Ad
2166 919 2273 987 pia,
2297 934 2403 987 qua
2430 919 2622 983 tendis,
2654 920 2962 975 miserantis
2984 921 3219 974 culmina
3252 921 3433 992 Regis.

2063 1004 2179 1071 Qua
2216 1007 2333 1060 laus
2362 1014 2524 1075 atque
2549 1007 2733 1074 decus,
2762 1010 2988 1077 species,
3016 1025 3141 1079 pax,
3170 1010 3363 1080 gloria,
3392 1011 3578 1066 lumen

2062 1096 2290 1168 Semper
2319 1098 2372 1152 in
2398 1105 2661 1153 :cternnm
2691 1100 2902 1154 sanctis
2933 1101 3052 1155 sine
3078 1100 3185 1155 ﬁne
3210 1102 3466 1155 manebit.

2631 1283 2652 1310 ε
2674 1271 2757 1329 CA
2766 1272 2958 1328 RMEN
2981 1274 3070 1331 IV.

2237 1419 2305 1458 AD
2344 1418 2554 1458 PAULI}!
2594 1418 2733 1459 TUNC
2770 1419 3059 1459 MONACIIU!
3097 1419 3467 1460 CASSINEXSEH.

2619 1513 2716 1576 (Ex
2736 1515 2932 1578 eodem,
2954 1513 3095 1577 ibid.)

1994 1632 2043 1692 Β
2066 1616 2296 1671 Parvula
2326 1632 2419 1672 rex
2447 1616 2675 1671 Carolus
2703 1616 2905 1671 seniori
2931 1618 3172 1673 carmina
3203 1619 3368 1675 Paulo

2137 1707 2343 1761 Dilecto
2370 1706 2521 1760 fratri
2549 1706 2714 1761 mittit
2742 1706 2946 1762 honore
2972 1708 3082 1778 pio.

2066 1796 2196 1864 Qua:
2223 1796 2400 1868 rapuit
2425 1796 2665 1851 calamus
2691 1797 2871 1852 subito
2896 1797 3147 1853 dictantis
3182 1815 3365 1855 amore

2138 1888 2478 1943 Demandans
2499 1888 2703 1943 charta:
2726 1886 2919 1959 [Edit.,
2947 1888 3139 1960 castae]
3166 1904 3179 1942 :
3209 1889 3314 1946 Fer
3338 1907 3456 1946 mea
3484 1895 3651 1947 verba

2708 1992 2721 2004 '
3492 1985 3655 2058 (cito.

2064 2073 2146 2129 Ad
2168 2072 2364 2129 faciem
2384 2072 2534 2129 Pauli
2554 2076 2923 2128 venerandam
2946 2089 3109 2146 perge
3130 2090 3228 2145 per
3251 2077 3430 2140 urbes,

2135 2164 2240 2219 Per
2266 2173 2499 2229 montes,
2536 2163 2717 2228 silvas,
2747 2162 2991 2230 ﬂumina,
3022 2164 3190 2219 lustra
3219 2175 3360 2235 pete.

2065 2256 2319 2312 Casinum
2354 2262 2591 2310 montem
2628 2254 2900 2309 Benedicti
2928 2255 3145 2310 nomine
3170 2256 3396 2322 clarum,

2136 2345 2377 2402 Pastoris
2404 2347 2584 2417 magni
2617 2346 2976 2417 przccipuique
3004 2347 3201 2403 Patris.

2063 2436 2175 2493 Illic
2201 2453 2382 2508 quaere
2407 2452 2586 2493 meum
2608 2453 2730 2493 mox
2758 2453 2856 2507 per
2880 2454 3032 2493 sacra
3065 2440 3299 2494 culmina
3330 2441 3575 2498 Paulum.

2134 2531 2246 2586 Illic
2270 2531 2479 2586 habitat
2505 2531 2681 2586 medio
2710 2532 2811 2586 sub
2836 2547 3016 2602 grege,
3046 2531 3230 2597 credo,
3259 2532 3372 2588 Dei.

2062 2623 2448 2690 lnventumque
2478 2637 2663 2677 senem
2688 2620 2879 2679 devota
2905 2639 3036 2678 voce
3062 2623 3255 2689 saluta,

2136 2713 2203 2767 Et
2234 2713 2322 2769 dic
2351 2731 2364 2767 :
2398 2713 2512 2770 Rex
2541 2714 2764 2770 Carolus
2792 2716 3011 2770 mandat
3038 2725 3196 2770 aveto
3224 2716 3339 2770 tibi.

2064 2805 2271 2864 Gaudia
2294 2807 2507 2877 dieque,
2534 2822 2674 2875 reor,
2701 2816 2899 2864 nostra:
2924 2810 3024 2864 sibi
3056 2822 3251 2880 magna
3278 2807 3484 2875 salutis,

2137 2898 2449 2955 Gratilicam
2472 2899 2671 2955 Christi
2700 2914 2799 2969 per
2833 2900 3139 2956 miserantis
3163 2915 3338 2970 opem.

384 2979 644 3047 Quamvis
672 2978 830 3049 digna
860 2978 970 3032 tuis
994 2994 1102 3033 non
1148 2978 1277 3043 sint,
1317 2977 1505 3043 Pater,
1546 2978 1648 3033 ista
1679 2978 1967 3057 sepulcris,
1992 2971 2039 3035 C
2068 2994 2246 3064 Atque
2270 2992 2427 3047 pium
2455 2993 2669 3048 patrem
2703 2993 2879 3062 νοείιο
2906 3000 3032 3047 tunc
3053 3006 3265 3061 semper
3286 2992 3481 3061 ubique

455 3070 566 3126 Nec
604 3069 774 3124 titulis
810 3077 964 3140 egeat
1000 3068 1295 3123 clariﬁcata
1324 3068 1499 3123 fides:

387 3162 553 3216 Sume
577 3168 757 3214 tamen
782 3159 986 3225 laudes,
1019 3174 1152 3227 quas
1179 3158 1327 3213 Petri
1355 3166 1542 3228 captus
1565 3172 1748 3214 amore

458 3252 713 3306 Extremo
741 3249 962 3305 veniens
982 3251 1181 3320 hospes
1201 3251 1269 3304 ab
1294 3251 1425 3305 orbe
1449 3250 1609 3321 legat.

388 3341 602 3396 Sanasti
639 3339 828 3411 patriae
853 3339 1147 3395 laceratum
1188 3340 1442 3395 scismate
1470 3354 1683 3410 corpus,

456 3433 765 3488 Restituens
787 3431 1021 3501 propriis
1042 3433 1286 3487 membra
1315 3431 1526 3486 revulsa
1553 3430 1705 3486 locis.

385 3524 613 3595 Imperio
635 3523 841 3578 devicta
870 3506 958 3592 tuo
986 3522 1081 3577 tibi
1110 3522 1319 3578 Graecia
1344 3523 1527 3588 cessit,

457 3614 722 3668 Amissam
748 3614 985 3683 gaudens
1010 3629 1068 3668 se
1088 3626 1367 3683 reparasse
1394 3612 1577 3668 ﬁdem.

382 3704 563 3761 Africa
590 3704 824 3770 laetatur,
852 3704 1051 3759 multos
1074 3704 1285 3774 captiva
1308 3719 1407 3773 per
1427 3719 1616 3769 annos,

454 3793 746 3849 Pontifices
778 3776 1028 3864 precibus
1052 3795 1415 3864 promeruisse
1447 3793 1572 3849 tuis.

383 3883 507 3940 [Iace
530 3900 628 3955 ego
658 3885 937 3949 Silverius,
962 3886 1211 3955 quamvis
1242 3885 1378 3939 mihi
1402 3885 1557 3951 dura,
1582 3886 1786 3950 notavi,

455 3973 522 4030 Ut
543 3983 761 4045 possent
783 3976 1004 4031 tumulis
1038 3975 1145 4030 fixa
1182 3991 1401 4031 manere
1429 3977 1539 4032 diu.

944 4107 972 4147 1’
999 4105 1282 4162 CARMEN
1319 4106 1406 4160 IlI.

913 4236 991 4275 AD
1065 4235 1436 4275 ALCUINUM.

942 4328 1036 4391 (Ex
1064 4330 1258 4392 eodem,
1275 4330 1418 4393 ibid.)

382 4434 493 4489 ltex
516 4432 742 4489 Carotus
762 4433 1002 4503 gaudens
1024 4432 1088 4487 de
1117 4441 1185 4496 te,
1215 4431 1375 4486 Pater
1395 4440 1557 4502 atque
1579 4437 1850 4503 magister,

386 4525 638 4581 Versibus
659 4524 745 4579 his
764 4523 951 4592 paucis
970 4531 1228 4581 aeternam
1246 4539 1410 4593 posco
1430 4522 1622 4596 [Edit.,
1648 4524 1701 4578 in
1722 4523 1961 4597 Christo]

1690 4612 1961 4687 [salutem.

382 4704 532 4760 Mens
560 4718 681 4758 mea
707 4701 984 4767 mellilluo,
1012 4701 1207 4769 fateor,
1222 4704 1521 4775 congaudet
1549 4718 1755 4771 amore,

383 4795 583 4849 Doctor
603 4802 801 4856 amate,
828 4792 903 4846 tui
929 4809 942 4859 ;
978 4793 1119 4848 volui
1159 4802 1488 4865 quapropter
1517 4795 1572 4850 in
1604 4795 1741 4861 odis,

381 4886 428 4944 Ο
449 4885 773 4948 venerande,
803 4893 950 4939 tuam
976 4884 1147 4941 musis
1171 4885 1346 4941 solare
1368 4895 1661 4942 senectam.

382 4980 459 5035 'l‘e
485 4993 700 5051 quoque
729 4988 780 5033 te
804 4980 1029 5049 cupiens
1062 4972 1361 5049 imperante
1401 4995 1697 5053 agnoscere
1715 4979 1967 5053 :Christo,

452 5121 478 5149 ι
502 5109 722 5163 Initium
741 5124 911 5163 carm.
941 5108 1045 5162 2l8
1068 5110 1209 5178 apud
1230 5109 1485 5176 Quercet.

452 5180 481 5218 ιι
510 5178 664 5248 Apud
694 5178 944 5245 Quercet.
974 5194 1192 5233 carmen
1228 5179 1347 5234 185.
1394 5180 1507 5236 Hoc
1532 5197 1750 5236 carmen
1783 5181 1974 5238 Mabil-

381 5248 559 5306 Ionius
597 5250 986 5372 interpretatur
1020 5249 1086 5302 de
1128 5249 1338 5304 Alcuini
1384 5266 1599 5306 secessu
1626 5261 1680 5306 et
1707 5254 1891 5321 quiete
1922 5254 1975 5307 in

383 5318 712 5372 monasterio
768 5319 1060 5372 ‘uroaensi.
1090 5320 1298 5372 viribus
1339 5319 1449 5372 iam
1498 5330 1657 5372 mtate
1686 5332 1741 5372 et
1771 5324 1975 5372 labori-

383 5319 712 5389 monasterio
739 5319 1060 5382 'I‘uroaensi,
1090 5320 1298 5374 viribus
1333 5319 1449 5389 jam
1498 5330 1657 5375 :etate
1686 5319 1741 5376 et
1770 5324 1976 5378 labori-

384 5390 484 5444 bus
520 5386 727 5463 fractis,
775 5389 967 5445 electa.
1007 5390 1124 5444 Vid.
1169 5389 1293 5445 Act.
1336 5386 1448 5445 'SS.
1490 5408 1616 5447 saec.
1644 5408 1717 5457 iv,
1751 5401 1893 5463 part.
1936 5411 1977 5460 ι,

387 5459 991 5611 Ϊιὶὲξιξέθέιλιοιιίηἰειιηι
1027 5531 1269 5587 carmina
1313 5530 1638 5611 Quercetani
1669 5533 1787 5587 186.
1815 5533 1981 5592 Estis

385 5596 583 5655 Paulus
610 5599 877 5657 Diaconus
922 5617 1020 5658 suo
1051 5611 1290 5671 tempore
1326 5596 1575 5670 celebris,
1631 5613 1759 5659 tunc
1792 5620 1983 5670 monas-

2138 3082 2245 3137 Pro
2275 3082 2430 3138 nobis
2450 3098 2641 3152 preces
2675 3090 2735 3137 ut
2760 3081 2898 3137 ferat
2922 3082 3011 3137 ille
3038 3098 3239 3138 sacras.

2069 3174 2180 3230 Nec
2207 3191 2316 3232 non
2342 3190 2441 3230 nos
2466 3173 2695 3231 fratrum
2739 3175 2985 3244 precibus
3013 3175 3351 3231 commendet
3387 3176 3650 3242 honestis,

2143 3264 2275 3319 Sum
2305 3266 2443 3320 votis
2462 3280 2694 3334 quorum
2719 3275 2899 3321 certus
2924 3267 3114 3322 adesse
3134 3267 3321 3321 Deum.

2070 3353 2410 3425 Quapropter
2446 3355 2607 3410 sociis
2634 3370 2731 3424 per
2755 3372 2841 3411 me
2868 3358 3126 3413 mandare
3147 3357 3374 3412 salutem

2140 3443 2421 3515 Perpetua:
2450 3445 2600 3514 pacis
2627 3445 2878 3502 omnibus
2903 3446 2987 3500 his
3014 3446 3235 3516 placuit.

2071 3536 2211 3591 Ecce
2238 3537 2411 3590 valete
2440 3536 2599 3591 simul
2633 3539 2813 3593 cuncti
2837 3536 3172 3608 iuvenesque
3197 3552 3476 3608 senesque,

2141 3626 2331 3682 Gratia
2364 3643 2456 3683 vos
2486 3626 2685 3684 Christi
2706 3636 2954 3700 protegat
2979 3637 3140 3700 atque
3163 3640 3329 3701 regat.

2637 3803 2662 3845 δ
2694 3804 2978 3861 CARMEN
3019 3808 3083 3863 ν.

2422 3954 2490 3993 AD
2518 3955 2734 3994 EUIIDEII
2763 3957 2972 3996 PAULDII
3008 3957 3295 3998 DIACONUI.

2610 4050 2708 4110 (Ex
2733 4052 2931 4116 eodem,
2954 4054 3097 4116 ibid.)

2071 4148 2208 4205 Ilinc
2229 4150 2372 4206 celer
2405 4154 2685 4224 egrediens
2711 4155 2874 4211 celeri
2911 4172 3029 4213 mea
3060 4159 3246 4212 charta
3276 4158 3471 4223 volatu,

2070 4240 2175 4294 Per
2196 4241 2377 4310 silvas,
2401 4244 2588 4311 colles,
2615 4246 2783 4301 valles
2809 4262 3022 4318 quoque
3046 4257 3266 4318 perpete
3293 4264 3471 4313 cursu,

1990 4326 2046 4388 D
2071 4329 2227 4386 Alma
2252 4333 2360 4388 Deo
2393 4335 2545 4390 chari
2567 4336 2840 4392 Benedicti
2866 4347 3006 4393 tecta
3045 4341 3280 4407 require,

2067 4421 2164 4475 Est
2183 4439 2306 4478 nam
2338 4436 2486 4480 certa
2532 4426 2686 4495 quies
2713 4427 2870 4483 fessis
2894 4429 3233 4484 venientibus
3258 4430 3401 4486 illuc.

2070 4519 2169 4575 llic
2195 4521 2313 4576 olus
2337 4521 2668 4592 hospitibus;
2694 4523 2879 4593 piscis,
2905 4523 2993 4579 hic
3017 4525 3172 4593 panis
3194 4524 3429 4580 abundat

2071 4608 2182 4664 Pax
2211 4611 2318 4681 pia,
2341 4625 2495 4664 mens
2515 4611 2750 4677 humilis,
2772 4612 2997 4681 pulchra
3015 4623 3069 4667 et
3090 4614 3377 4669 concordia
3401 4612 3644 4679 fratrum,

2072 4702 2233 4768 Laus,
2262 4719 2416 4758 amor
2442 4712 2496 4759 et
2528 4705 2703 4761 cultus
2730 4705 2928 4761 Christi
2960 4706 3117 4761 simul
3140 4708 3390 4763 omnibus
3410 4706 3576 4762 horis.

2071 4793 2169 4849 Dic
2191 4793 2339 4849 Patri
2368 4804 2423 4849 et
2449 4796 2611 4851 sociis
2637 4798 2864 4862 cunctis,
2897 4798 3116 4860 salvete,
3142 4798 3335 4854 valete.

2074 4886 2222 4940 Colla
2245 4887 2350 4941 mei
2374 4886 2526 4941 Pauli
2556 4887 2834 4957 gaudendo
2860 4888 3123 4959 amplecte
3146 4889 3396 4959 benigne.

2076 4975 2251 5031 Dicito
2278 4975 2572 5040 multoties,
2601 4976 2766 5039 salve,
2797 4975 2957 5031 Pater
2983 4978 3200 5046 optime,
3227 4978 3393 5032 salve.

2078 5116 2213 5171 chus
2239 5113 2595 5168 Cassinensis.
2628 5114 2825 5169 Volunt
2850 5113 3068 5182 quidam
3104 5114 3205 5170 hos
3233 5129 3421 5169 versus
3445 5116 3511 5168 ab
3543 5114 3651 5183 ipso

2080 5184 2272 5241 Carolo
2309 5184 2637 5254 compositos
2680 5182 2845 5238 fuisse
2884 5184 3184 5254 missosque
3212 5186 3278 5239 ad
3303 5185 3527 5239 Paulum
3557 5182 3651 5238 sub

2081 5271 2279 5310 annum
2311 5253 2433 5318 787,
2464 5270 2585 5308 cum
2613 5270 2708 5309 rex
2750 5271 2781 5309 e
2827 5262 3008 5308 monte
3047 5253 3270 5310 Céssino
3297 5255 3351 5309 in
3380 5254 3650 5309 Franciam

2081 5325 2349 5380 rediisset.
2381 5324 2664 5394 (Bouquet,
2696 5322 2889 5393 Script.
2936 5324 3061 5378 Rcr.
3089 5323 3234 5389 Gal.,
3281 5335 3413 5378 tom.
3444 5327 3501 5389 ν,
3535 5338 3651 5394 pag.

2083 5397 2177 5449 ΔΗ
2201 5412 2214 5458 ;
2243 5393 2439 5447 Mahill.
2471 5394 2664 5448 Annal.
2695 5402 2824 5448 tom.
2847 5394 2935 5459 IV,
2961 5409 3062 5464 pag
3084 5395 3209 5459 280,
3234 5411 3288 5449 ιι.
3320 5395 3410 5449 67.

2153 5466 2180 5503 (ι
2221 5464 2333 5518 Iloc
2373 5479 2589 5518 carmen
2616 5464 2893 5519 Fabricius
2927 5481 3037 5519 suae
3064 5465 3389 5520 Biblotheca:
3413 5466 3506 5520 cit.
3534 5479 3649 5533 pag.

2086 5536 2191 5592 958
2217 5535 2442 5588 inseruit
2466 5549 2532 5588 ex
2558 5533 2712 5588 Joan.
2739 5534 2890 5602 Bapt.
2919 5535 3064 5589 Maro
3086 5536 3139 5589 in
3180 5536 3322 5590 notis
3350 5535 3414 5587 ad
3446 5534 3652 5587 Petrum

2088 5608 2400 5672 Diaconum,
2429 5605 2493 5660 de
2522 5604 2665 5661 V.ris
2685 5604 2878 5660 illustr.
2908 5604 3142 5675 Cassin.,
3170 5623 3287 5677 cap.
3313 5607 3365 5672 8,
3387 5620 3510 5675 pag.
3535 5603 3652 5657 169.
