4018 6178
445 156 578 208 158⁸7

1349 146 1440 202 AD
1477 146 1703 203 OPERA
1743 147 1800 200 Β.
1839 143 2086 202 ωωω
2127 146 2338 203 ΜᾹΟΝΙ
2376 145 2742 202 APPENDIX.

3559 152 3693 208 1388

433 279 488 322 0t
514 265 749 328 retracti,
779 279 844 318 ne
877 274 1062 319 oculos
1098 261 1216 332 ejus
1237 269 1508 332 eruerent.
1536 260 1629 332 sed
1660 259 1892 332 rasoriis
1905 273 2002 332 per
2031 264 2074 317 Α
2109 259 2241 332 Deo,
2275 259 2356 332 vel
2401 259 2522 321 sibi,
2578 258 2658 312 vel
2689 257 2966 332 _omnibus
3014 257 3314 332 episcopis,
3359 259 3693 332 abbatibus.

437 337 642 394 medios
669 335 998 397 inciderent;
1027 328 1168 403 quod
1197 346 1320 403 cum
1357 330 1617 403 clanculo
1633 345 1728 398 per
1768 328 2002 403 familia-

438 424 524 466 res
555 422 680 462 suos
713 404 961 466 Michaeli
1003 397 1309 473 imperatori
1345 397 1879 473 constantinop'oleos
1909 397 2008 473 _in-

440 478 607 533 dicari
631 474 881 538 fecisset;
909 481 963 528 et
990 468 1258 528 ille'omne
1277 470 1536 524 auxilium
1562 470 1630 524 ab
1655 484 1719 522 co
1761 468 2006 524 retrahe-

442 556 544 611 ret,
570 547 753 600 dicens
783 563 797 598 :
829 544 921 599 Ille
952 558 1088 612 papa
1113 555 1332 612 regnum
1364 540 1522 593 habet
1544 553 1719 612 perse
1748 546 1801 592 et
1822 547 2009 612 nostro

441 607 824 687 prestautius;
868 607 981 687 ipse
1016 607 1076 666 se
1099 607 1197 682 per
1229 625 1284 664 se
1316 608 1773 687 ipsumnvindicet
1808 607 1872 661 de
1893 686 1896 687 ν
1911 609 2010 687 ad-

444 677 699 742 versariis
731 677 863 740 suis.
886 677 1065 736 'Tunc
1101 677 1322 734 'sanctus
1367 679 1454 732 ille
1478 677 1714 730 divinam
1754 677 2014 731 constitu-

446 757 645 811 tionem
676 762 918 816 secutus,
946 762 1004 804 ut
1026 751 1112 820 qui
1140 749 1250 818 jam
1297 764 1353 820 re
1392 750 1504 816 ipsa
1531 757 1707 800 rector
1749 755 1803 799 et
1850 747 2014 815 impc-

447 835 594 881 rator
635 824 998 894 plurimarum
1032 819 1147 894 erat
1203 819 1510 894 nationum,
1561 831 1755 894 nomen
1803 831 2036 894 quoque

447 885 787 964 imperatoris
803 890 1032 946 Caesaris
1053 898 1106 944 et
1122 887 1346 964 Augusti
1367 886 1663 964 apostholica
1694 885 2018 964 auctoritate

448 954 730 1031 gloriosius
765 969 1161 1031 assequcretur,
1205 954 1459 1012 invictum
1499 954 2017 1031 Carolunrﬁomaiu

447 1025 631 1088 venire
673 1025 980 1102 postulavit.
1012 1029 1133 1102 Qui,
1180 1036 1238 1081 ut
1265 1041 1476 1094 semper
1499 1027 1552 1102 in
1596 1025 1934 1102 expeditione
1961 1033 2017 1077 et

448 1094 727 1174 procinciu
754 1102 948 1174 bellico
967 1094 1182 1174 positus
1203 1105 1350 1160 erat,
1391 1097 1573 1149 statim
1598 1110 1722 1174 eum
1748 1094 2020 1161 apparito-

453 1164 598 1228 ribus
621 1164 673 1228 et
717 1170 898 1226 schola
943 1164 1206 1229 tironun,
1252 1164 1754 1220 eausm‘vocationis
1795 1179 1905 1217 suce
1930 1177 2022 1232 pe-

451 1244 594 1297 nitus
615 1243 851 1324 ignarus,
880 1240 947 1293 ad
973 1236 1429 1324 caputpquondam
1455 1235 1612 1324 orbis.
1630 1235 1835 1324 absque
1873 1247 2022 1324 moria

449 1302 715 1382 perrexit;
748 1325 977 1382 cumque
1013 1302 1359 1382 perditissimi
1395 1305 1570 1382 pOpuli
1603 1303 1933 1371 inopinatum
1963 1302 2026 1356 il-

453 1374 555 1436 lius
593 1374 990 1449 comperissent
1014 1374 1329 1449 adventum,
1357 1374 1511 1449 quasi
1551 1388 1800 1449 passeres
1837 1388 1868 1424 a
1894 1387 2026 1426 con-

451 1442 872 1522 specturdomini
915 1446 1349 1522 suicognomine
1377 1442 1795 1522 ’[qqunomine]
1823 1457 2028 1522 nuncuf

453 1512 560 1591 pati
584 1513 756 1575 solent
783 1518 981 1591 celari,
1007 1519 1079 1570 ita
1095 1512 1208 1591 per
1230 1512 1706 1591 diversalatibula,
1735 1512 1954 1591 cryptas
1974 1518 2030 1563 et

2106 329 2422 398 comitibus,
2443 339 2497 381 et
2525 328 2735 381 cunctis
2755 327 2821 398 de
2844 335 2956 398 toto
2981 329 3114 381 orbe
3139 328 3478 382 venientibus
3507 330 3698 398 hospi-

2109 399 2254 452 tibus
2274 397 2500 452 mirilice
2524 397 2844 461 construxit,
2861 395 3016 464 juxta
3039 411 3210 465 pauca
3233 398 3366 452 satis
3389 406 3445 452 et
3467 395 3698 454 minima

2108 481 2524 523 commemorem
2535 504 2549 520 ο

2687 552 2914 609 CAPUT
2954 553 3125 608 XXX.

2748 664 2918 718 Abba:
2958 664 3068 733 fur.

2185 757 2319 812 Cum
2370 755 2775 810 strenuissimus
2834 754 3134 822 imperator
3175 753 3403 808 Carolus
3458 754 3700 824 aliquam

2116 829 2359 897 requiem
2383 826 2582 897 habere
2607 824 2908 897 potuisset,
2941 838 3058 876 non
3070 824 3186 897 _otio
3217 833 3461 897 torpere,
3493 827 3589 897 sed
3614 827 3706 897 dii-

2118 893 2258 952 vinis
2283 895 2517 950 servitiis
2539 893 2706 948 voluit
2727 893 2997 954 insudare,
3019 893 3154 946 adeo
3181 894 3314 946 utin
3342 895 3560 962 genitali
3581 896 3707 948 solo

2119 968 2396 1022 basilicam
2432 964 2667 1032 antiquis
2695 964 2774 1016 Ro
2796 977 3056 1016 nanorum
3080 965 3332 1031 operibus
3364 965 3710 1032 praestantio-

2121 1054 2236 1092 rem
2273 1036 2536 1089 fabricare
2573 1035 2790 1102 propria
2816 1033 3168 1102 dispositione
3190 1032 3427 1096 molitus,
3461 1034 3517 1086 in
3547 1034 3711 1087 brevi

2122 1115 2424 1174 compotem
2466 1119 2525 1158 se
2559 1101 2687 1158 v’oa
2711 1103 2793 1174 sui
2820 1102 3095 1174 gauderet.
3138 1101 3219 1155 Ad
3248 1102 3402 1174 cujus
3440 1102 3714 1174 fabricam

2123 1178 2190 1230 de
2232 1172 2481 1228 omnibus
2525 1173 2830 1228 cismarinis
2859 1173 3168 1241 regionibus
3203 1173 3487 1241 magistros
3509 1181 3565 1226 et
3586 1172 3714 1238 opi-

2127 1246 2255 1300 fices
2269 1245 2510 1298 omnium
2535 1243 2588 1296 id
2611 1257 2779 1312 genus
2819 1242 3020 1295 artium
3046 1242 3343 1296 advocavit.
3369 1241 3547 1310 Super
3567 1256 3717 1310 quos

2126 1331 2292 1369 unum
2315 1315 2564 1368 abbatem
2593 1321 2912 1367 cunctorum
2951 1312 3336 1380 peritissimum
3374 1312 3445 1365 ad
3479 1326 3717 1365 exsecu-

2129 1387 2328 1440 tionem
2373 1384 2552 1452 operis
2601 1383 2843 1452 (ignarus
2880 1380 2997 1448 ejus
3041 1381 3338 1452 fraudium?)
3379 1382 3712 1452 constituit;

2129 1455 2219 1525 qui
2268 1469 2391 1507 mox
2420 1461 2478 1506 ut
2507 1453 2779 1525 Augustus
2821 1466 3094 1525 quoquam
3122 1451 3378 1525 secessit,
3418 1451 3600 1525 pretio
3619 1466 3722 1503 ac-

2131 1519 2287 1593 cepto
2312 1539 2448 1593 quos
2477 1519 2689 1575 volebat
2712 1522 2780 1575 ad
2821 1519 3036 1593 propria
3060 1590 3070 1593 _
3091 1519 3327 1593 remisit,
3357 1519 3450 1593 qui
3476 1535 3624 1593 v_ero_
3651 1535 3720 1593 se

453 1582 695 1667 profugia
720 1598 846 1667 sunt
875 1582 1130 1667 abstrusi:
1157 1584 1261 1640 Sed
1289 1599 1411 1638 cum
1444 1582 1766 1667 industriam
1787 1589 1842 1667 et
1867 1596 2022 1667 saga-

2150 1582 2392 1648 edimere
2420 1582 2936 1667 nequiveruntfvel'
2951 1606 2996 1667 ξ
3041 1590 3274 1667 dominis
3315 1582 3433 1667 suis
3473 1589 3724 1667 absoluti

453 1651 670 1717 citateiu
696 1659 810 1728 ejus
836 1658 936 1713 sub
963 1657 1101 1728 ccelo
1125 1672 1232 1728 non
1264 1662 1482 1722 possent
1519 1654 1739 1728 evitare,
1778 1652 1845 1728 ad
1879 1651 2024 1728 basi-

459 1732 614 1785 licam
645 1721 815 1784 sancti
860 1727 1006 1782 Petri
1050 1725 1190 1795 capti
1234 1721 1288 1778 et
1325 1723 1555 1778 catenati
1587 1721 1830 1795 pro._lucti
1877 1727 2023 1795 sunt.

457 1802 568 1866 Illic
614 1801 967 1866 intemeratus
1007 1791 1162 1866 pater
1205 1795 1312 1866 Leo
1354 1808 1633 1866 assumens
1679 1791 2028 1860 Evangelium

461 1862 667 1925 lio'mini
693 1868 861 1922 nostri
883 1862 1256 1926 Jesu'Christi,
1280 1864 1459 1932 posuit
1485 1877 1644 1930 super
1669 1870 1829 1930 caput
1848 1874 2024 1932 suum,

462 1950 516 1994 et
553 1942 605 1994 in
631 1945 922 2006 conspectu
965 1935 1140 1990 Caroli
1189 1929 1410 2006 ejusque
1448 1929 2032 2006 militum,_as_sisten_ti-

463 2013 560 2064 bus
591 1999 1362 2076 etiam'persecutoribusisnis,
1389 2002 1450 2076 in‘
1469 2003 1584 2056 haec
1603 2002 1765 2076 verba
1785 1999 1988 2076 ju‘ravit
2011 2015 2025 2052 :

461 2081 552 2135 Sic
591 2081 644 2133 in
673 2079 758 2132 die
777 2069 954 2146 magni
972 2074 1161 2146 judicii
1191 2074 1294 2146 sim
1315 2071 1583 2146 particeps
1603 2071 1898 2146 Evangelii,
1928 2069 2032 2146 sic-

462 2161 520 2204 ut
550 2147 804 2204 imniuuis
844 2138 1241 2201 sitm'criminis
1267 2138 1400 2196 falso
1434 2138 1562 2196 milii
1587 2142 1655 2195 ab
1678 2138 1796 2194 istis
1814 2138 2027 2207 objecti.

463 2221 529 2274 Et
570 2235 691 2274 mox
723 2215 978 2271 terribilis
1017 2213 1241 2269 Carolus
1291 2212 1426 2267 dixit
1458 2212 1525 2269 ad
1573 2226 1700 2266 suos
1730 2228 1743 2264 :
1775 2209 1917 2264 Cave
1965 2223 2033 2262 ne

463 2291 584 2360 quis
619 2289 686 2342 de
734 2287 839 2360 illis
883 2285 1116 2360 evadat.‘
1141 2282 1340 2360 Omnes
1384 2280 2034 2360 itaque__comprehensos

463 2348 545 2413 vel
591 2358 815 2413 diversis
843 2355 1124 2416 mortibus,
1166 2353 1248 2407 vel
1293 2348 2035 2406 irremeabilibusdamnavit

464 2429 686 2484 exsiliis.
718 2427 852 2481 Cum
880 2434 1060 2479 autem
1091 2423 1289 2477 ibidem
1314 2423 1518 2492 aliquot
1537 2421 1724 2475 diebus
1750 2417 2035 2492 reparandi

465 2499 735 2554 exercitus
789 2496 962 2566 gratia
985 2565 992 2566 ί
1019 2501 1320 2566 moraretur
1338 2534 1357 2566 _,
1384 2490 1720 2566 convocavit
1767 2490 2038 2566 antistites

466 2560 878 2644 apostolicus'de
899 2564 1086 2644 vicinis
1108 2563 1315 2644 artibus
1329 2561 1807 2644 (sic)_qtmscunque
1829 2560 2032 2641 putuit;

467 2628 520 2693 ei
543 2653 724 2694 coram
766 2636 958 2706 positis
981 2634 1203 2706 illis,_et
1244 2628 1639 2706 invincibilibus
1664 2628 2038 2706 gloriosissimi

468 2708 646 2762 Caroli
686 2700 1010 2770 comitibus,
1061 2702 1194 2757 nihil
1233 2703 1410 2756 minus
1451 2701 1812 2770 suspicantem
1867 2700 2041 2770 ipsum

469 2777 832 2847 pronuntiavit
860 2769 1236 2842 imperatorem
1274 2769 1716 2840 defensoremque
1758 2769 2037 2847 Ecclesiae.

470 2841 622 2916 Quod
649 2864 771 2903 cum
803 2846 892 2900 ille
911 2841 1024 2916 non
1052 2849 1536 2916 tanien‘gratapter
1563 2841 1956 2916 suscepit_,_pro
1975 2853 2041 2916 eo

471 2907 614 3000 quod
643 2923 859 3000 putaret
898 2913 1116 3000 (iuncos
1144 2907 1345 3000 majore
1373 2927 1660 2966 succenses
1703 2907 1901 3000 ipvidi’a
1944 2907 2042 2963 ali-

473 2956 604 3057 quid
644 2956 972 3042 incommodi
1009 2997 1186 3057 _regno
1220 2956 1558 3057 _i"iancorttxn
1599 2981 2038 3057 niacliinaturos;
2071 2956 2118 3020 (ἶ

477 3048 586 3112 imo
611 3057 824 3127 po'iori_
851 3054 1057 3127 cautela
1086 3048 1413 3122 provisuros,
1445 3053 1596 3127 Asicut
1645 3059 1772 3105 tunc
1796 3049 1937 3127 fama
1963 3048 2045 3102 fe-

479 3119 648 3190 rebat,
693 3142 761 3180 ne
788 3123 1013 3180 Carolus
1043 3119 1312 3192 insperato
1339 3122 1558 3192 veniens
1582 3135 1806 3192 regnum
1833 3119 2046 3192 illorum

479 3212 576 3251 suo
614 3188 930 3264 subjugaret
968 3188 1211 3264 imperio.
1244 3191 1310 3244 Et
1353 3191 1586 3264 maxime
1608 3231 1622 3253 ,
1648 3188 1803 3264 'quia
1839 3188 2048 3264 pridem

481 3257 850 3335 magnanithis
893 3257 1158 3335 Carolus,
1198 3275 1332 3335 cum
1377 3260 1538 3329 legati
1578 3257 1722 3335 regis
1769 3257 2047 3328 Byzantini

480 3329 724 3408 venirent
758 3335 957 3408 arise,
996 3340 1051 3386 et
1065 3331 1145 3408 .dc
1180 3329 1397 3384 domino
1427 3344 1537 3408 suo
1578 3329 1652 3382 illi
1704 3336 2053 3408 suggererent

481 3406 622 3474 quod
652 3404 823 3458 ﬁdelis
843 3403 942 3472 ipsi
974 3401 1179 3474 amicus
1205 3415 1322 3471 esse
1357 3399 1614 3474 voluisset
1635 3439 1649 3461 ,
1678 3407 1731 3453 et
1757 3397 1801 3452 si
1834 3397 2055 3474 vicinio-

484 3467 569 3531 res
595 3484 794 3538 essent,
825 3467 948 3526 eum
989 3471 1083 3526 lilii
1112 3469 1228 3525 loco
1253 3470 1460 3523 nutrire
1485 3478 1539 3524 et
1577 3475 1947 3538 paupertatem
1991 3467 2055 3520 il-

484 3546 587 3599 lius
616 3537 856 3599 relevare
879 3541 1224 3604 decrevisset,
1257 3537 1649 3594 ferventissimo
1678 3537 1798 3606 igne
1827 3552 1885 3592 se
1913 3537 2054 3590 intra

484 3623 668 3684 pectus
710 3613 944 3668 retinere
990 3619 1310 3684 nequeunte,
1356 3610 1412 3684 in
1440 3611 1568 3684 haec
1583 3611 1744 3663 verba
1770 3606 2053 3684 prorupit:

485 3675 530 3738 ὒ
559 3685 763 3738 utinam
789 3697 894 3737 non
927 3675 1189 3736 esset—ille
1218 3680 1530 3749 gurgiculus
1557 3679 1698 3733 inter
1727 3675 1856 3742 nes,
1902 3675 2060 3749 forsi-

488 3765 576 3808 tan
599 3754 817 3808 divitias
862 3749 1160 3808 Orientales
1187 3747 1278 3804 aut
1321 3747 1649 3818 partireruur
1672 3789 1686 3811 ,
1708 3817 1721 3818 ί
1739 3756 1832 3801 aut
1857 3747 2060 3818 pariter

489 3823 877 3893 participando
906 3821 1266 3893 communiter
1309 3815 1648 3893 haberemus.
1693 3817 1847 3884 Quod
1887 3815 2060 3885 ignari

489 3887 821 3964 paupertatis
854 3889 1122 3964 Africana:
1176 3889 1351 3964 solent
1369 3889 1444 3964 _d_e
1475 3887 1728 3964 Afrorum
1785 3900 2064 3964 regenar-

491 3957 633 4018 rare.
682 3961 1048 4018 Innocentiam
1076 3971 1205 4014 vero
1241 3959 1382 4013 beati
1405 3957 1599 4012 Leonis
1626 3971 1777 4027 papae
1800 3957 1874 4009 ita
1895 3957 2064 4027 dona-

491 4043 576 4087 tor
615 4041 670 4110 et
698 4032 976 4110 restitutor
1008 4028 1271 4110 sanitatis
1300 4025 1654 4110 approbavit,
1690 4025 1748 4082 ut
1775 4035 1898 4110 post
1922 4025 2066 4079 illam

492 4101 756 4173 poenalem
803 4109 878 4173 etA
894 4099 1317 4173 crudelissimam
1364 4097 1719 4173 incisiouem,
1771 4097 2062 4157 clariores.

492 4167 652 4242 quam
672 4179 829 4226 antea
855 4169 1070 4242 fuerint,
1097 4169 1144 4224 ei
1160 4167 1790 4242 condonaveritoculos;
1821 4173 2064 4242 excepto,

493 4236 634 4320 quod
672 4243 726 4320 i_n
755 4242 967 4320 signum
988 4237 1397 4320 virtutisjl‘lius,
1437 4237 1807 4320 pulcherrima.
1841 4236 2067 4292 cicatrix

2128 1680 2236 1718 non
2274 1671 2431 1725 sunt,
2463 1659 2901 1730 sicutquondam
2929 1659 3166 1730 [Egyptii
3203 1659 3456 1728 populum
3481 1660 3582 1714 Dei
3609 1661 3726 1712 ini-

2129 1736 2249 1805 quis
2269 1733 2523 1805 operibus
2545 1729 2870 1794 amiserunt,
2903 1730 3284 1805 ita__immens_is
3311 1729 3590 1805 laboribus
3613 1744 3726 1799 op-

2128 1799 2341 1874 pressit,
2393 1805 2770 1874 ut_nunq_uam
2812 1815 2910 1874 eos
2941 1799 3334 1874 aliquantulum
3365 1799 3729 1874 requiescere

2128 1867 2421 1942 pateretur.
2461 1871 2536 1942 De
2579 1867 2672 1924 tali
2709 1885 2836 1942 ergo
2885 1867 3240 1942 fraudulentia
3269 1885 3392 1942 cum
3433 1867 3729 1922 infandum
3813 1917 3834 1936 ,

2129 1939 2335 2012 pondus
2356 1941 2473 1996 auri
2502 1951 2557 1994 et
2581 1941 2788 2012 argenti
2816 1940 3223 2012 sericarumque
3245 1939 3536 2009 palliorum
3575 1953 3728 2012 cou-

2129 2010 2404 2084 gregasset
2424 2051 2438 2074 ,
2467 2019 2522 2066 et
2556 2011 2742 2084 viliora
2771 2011 3113 2084 suspendens
3124 2012 3185 2084 in
3226 2023 3459 2084 camera,
3513 2010 3734 2084 pretio-

2131 2079 2274 2138 εἰὶοή
2317 2096 2543 2152 quaeque
2575 2080 2641 2132 in
2673 2080 2816 2152 arcis
2845 2079 2926 2131 vel
2953 2079 3461 2152 scriniisAabsconsa
3493 2079 3736 2152 conclu-

2131 2153 2298 2214 deret,
2334 2148 2474 2206 'ecce'
2501 2158 2718 2219 repente
2743 2150 2932 2204 domus
2961 2148 3078 2216 ejus
3106 2148 3457 2210 inflammata,
3503 2163 3535 2201 a
3577 2148 3736 2202 refe-

2133 2223 2376 2278 rentibus
2404 2221 2477 2274 illi
2504 2220 2804 2274 nuntiatum
2830 2228 2931 2281 est,
2956 2219 3046 2287 qui
3074 2219 3320 2274 concitus
3343 2233 3646 2272 accurrens
3675 2227 3738 2272 et

2132 2308 2230 2362 per
2262 2292 2466 2362 medios
2512 2289 2850 2362 ﬂammarum
2880 2289 3064 2362 globos
3095 2290 3150 2343 in
3179 2288 3434 2343 conclave
3455 2303 3567 2358 quo
3587 2289 3739 2342 scri—

2134 2359 2224 2416 nia
2263 2377 2396 2415 auro
2415 2361 2572 2430 plena
2606 2361 2997 2430 servabantur,
3023 2359 3349 2430 irrumpens,
3375 2369 3580 2430 etcum
3617 2374 3738 2430 uno

2135 2439 2346 2486 tantum
2386 2427 2536 2484 exire
2567 2429 2775 2493 nolens,
2826 2427 3034 2496 singula
3071 2429 3299 2498 singulis
3338 2428 3595 2496 imposuit
3619 2428 3736 2498 bu-

2136 2503 2317 2562 meris,
2355 2509 2410 2554 et
2433 2500 2583 2554 exire
2602 2500 2784 2567 ρωρίι.
2819 2499 3030 2552 Interea
3056 2497 3181 2552 una’
3203 2499 3382 2552 trabes
3401 2497 3738 2567 pergrandis

2139 2572 2350 2642 ignibus
2373 2571 2548 2626 evicta
2573 2568 3112 2642 iceciditsupereum
3131 2609 3146 2631 ,
3175 2575 3248 2642 _et
3273 2582 3470 2636 corpus
3503 2567 3737 2637 quidem

2140 2637 2399 2696 materiali
2446 2639 2742 2694 combussit
2785 2639 3052 2702 incendio,
3102 2637 3337 2691 animam
3383 2650 3511 2690 vero
3546 2647 3738 2691 trans-

2142 2713 2290 2766 misit
2325 2711 2394 2765 ad
2439 2710 2616 2779 ignem
2642 2722 2665 2779 9
2694 2708 2785 2777 qui
2816 2724 2920 2762 non
2950 2707 3430 2779 succenditur._lta
3477 2706 3735 2779 divinum

2134 2779 2392 2850 judicium
2443 2777 2541 2850 pro
2595 2778 2996 2850 religiosissime
3045 2777 3530 2850 Carolo‘vigilavit
3557 2816 3572 2839 ,
3639 2777 3740 2831 ubi

2143 2847 2257 2922 ipse
2288 2847 3012 2922 regni'negotiis’occupatus
3050 2849 3230 2903 minus
3254 2847 3509 2901 intendit.

2717 2959 2944 3016 CAPUT
2972 2959 3161 3014 XXXI.

2754 3072 2832 3127 De
2856 3088 3131 3143 campana.

2220 3191 2352 3272 Erat
2400 3190 2598 3272 ibidem
2628 3190 2767 3272 alius
2809 3190 2989 3272 opifex
3030 3191 3084 3245 in
3121 3191 3270 3246 omni
3297 3205 3460 3272 apere
3507 3191 3645 3247 aeris
3689 3201 3748 3249 et

2150 3262 2274 3315 vitri
2317 3261 2528 3316 cunctis
2580 3261 2970 3326 excellentior;
3023 3276 3254 3329 cumque
3299 3261 3522 3315 Tancbo
3551 3277 3750 3316 mona-

2151 3332 2286 3386 chus
2313 3331 2486 3384 sancti
2529 3330 2668 3386 Galli
2711 3345 3032 3399 campanum
3065 3331 3331 3400 optimum
3356 3330 3662 3395 conflaret,
3694 3344 3753 3387 et

2151 3401 2269 3469 ejus
2317 3400 2557 3454 sonitum
2602 3401 2784 3457 Caesar
2835 3416 2943 3456 non
3000 3401 3345 3455 mediocriter
3399 3401 3749 3466 miraretur,

2153 3471 2289 3526 dixit
2325 3471 2414 3525 ille
2460 3470 2938 3538 praestantissimus
2964 3470 3018 3524 in
3043 3484 3152 3525 aere
3179 3471 3436 3541 magister
3463 3485 3480 3522 :
3512 3471 3754 3525 Domine

2156 3542 2466 3610 imperator,
2491 3541 2627 3610 jube
2655 3541 2784 3594 mihi
2813 3555 3040 3609 cuprum
3065 3539 3294 3594 multum
3324 3539 3531 3610 aﬂ'erri,
3563 3551 3630 3594 ut
3662 3557 3756 3594 ex-

2157 3609 2388 3678 coquam
2413 3609 2542 3664 illud
2567 3609 2634 3663 ad
2663 3624 2858 3679 purum
2879 3650 2892 3674 ,
2923 3618 2978 3664 et
3004 3610 3059 3664 in
3089 3610 3260 3663 vicem
3285 3609 3464 3664 stauni
3495 3609 3583 3664 fac
3614 3612 3754 3665 mihi

2158 3687 2418 3750 quantum
2443 3695 2580 3750 opus
2608 3690 2692 3734 est
2719 3680 2786 3734 de
2820 3689 3051 3750 argento
3086 3679 3233 3741 dari,
3282 3679 3474 3734 saltem
3519 3692 3752 3734 centum

2160 3748 2348 3814 libras,
2371 3757 2428 3804 et
2450 3748 2614 3805 fundo
2641 3749 2735 3803 tibi
2763 3748 2867 3803 tale
2896 3764 3214 3819 campanum
3233 3790 3248 3814 ,
3284 3760 3342 3803 ut
3371 3750 3517 3802 istud
3539 3751 3596 3802 in
3629 3750 3759 3819 ejus

2161 3819 2564 3888 comparatione
2612 3820 2683 3873 sit
2727 3826 2952 3872 mutum.
2994 3819 3132 3872 Tum
3189 3819 3605 3873 liberalissimus
3670 3836 3760 3874 re-

2163 3905 2310 3972 gum,
2358 3889 2446 3943 cui
2492 3889 2619 3944 licet
2659 3889 2860 3972 divitiae
2891 3888 3224 3972 .aﬂluerent,
3273 3889 3387 3970 ipse
3430 3896 3624 3942 tamen
3662 3905 3759 3944 cor

2165 3957 2400 4040 illisnon
2433 3966 2748 4040 apponeret:
2800 3957 2960 4040 facile
2997 3958 3162 4040 jussit
3201 3957 3383 4013 omnia
3433 3973 3556 4028 quae
3599 3969 3760 4040 pete

2166 4031 2364 4084 bantur
2390 4028 2666 4082 exhibere.
2699 4028 2830 4094 Quae
2870 4030 3033 4083 miser
3075 4029 3164 4083 ille
3211 4042 3497 4083 assumens
3520 4068 3535 4092 ,
3597 4028 3760 4083 laetus

2167 4099 2353 4164 exivit,
2385 4105 2440 4152 et
2458 4097 2768 4171 zesquidem
2791 4097 3031 4171 conlians
3059 4105 3115 4152 et
3142 4099 3462 4171 emundans,
3482 4099 3550 4171 in
3569 4097 3757 4171 locum

2169 4183 2298 4224 vero
2345 4168 2552 4236 argenti
2609 4168 3049 4237 purgatissimum
3100 4167 3353 4222 stantium
3414 4167 3756 4235 subiiciens,

2171 4239 2340 4294 multo
2363 4237 2552 4308 melius
2569 4238 2770 4308 optimo
2794 4238 2903 4303 illo,
2942 4239 3008 4292 de
3034 4238 3332 4308 adulterata
3361 4239 3580 4291 metallo
3610 4253 3764 4292 cam-

496 4305 549 4366 in
577 4313 793 4367 modum
807 4305 896 4365 'fili
929 4307 1230 4366 tenuissimi
1261 4305 1561 4362 turturinas
1590 4308 1734 4362 acies
1755 4307 1912 4363 niveo
1941 4320 2068 4360 can-
2095 4313 2145 4373 υ
2171 4323 2368 4378 panum
2410 4307 2465 4360 in
2501 4305 2648 4362 brevi
2687 4305 3192 4378 temporeperfecit
3216 4309 3618 4378 probatumque
3645 4308 3764 4364 Ca:-

497 4385 626 4438 dore
656 4381 968 4437 decorabat.

1052 4467 1278 4524 CAPUT
1319 4467 1508 4523 XXIX.

906 4559 979 4613 De
1010 4558 1248 4627 aedificiis
1279 4557 1453 4613 Caroli
1485 4556 1684 4630 Magni.

569 4648 647 4704 Ne
675 4663 804 4702 vero
827 4647 1177 4718 abimperitis
1201 4663 1399 4717 arguar
1423 4647 1724 4717 imperitiae,
1765 4647 1907 4718 quod
1928 4662 2077 4705 mare

501 4721 642 4789 quod
667 4717 931 4789 gurgiculi
969 4718 1236 4789 maximus
1274 4717 1562 4789 appellavit
1594 4717 1905 4789 imperator,
1935 4717 2078 4772 inter

503 4785 600 4844 nos
629 4785 692 4843 et
717 4785 964 4848 Geticos,
1014 4802 1080 4841 ex
1114 4786 1230 4854 ejus
1255 4785 1356 4842 ore
1390 4788 1552 4842 situm
1579 4785 1882 4851 retulerim,
1919 4803 2080 4842 nove-

505 4861 610 4914 rint
636 4859 726 4928 qui
768 4857 973 4918 volunt,
1025 4855 1202 4912 adhuc
1226 4857 1410 4912 Hunos
1436 4866 1489 4912 et
1517 4859 1778 4926 Vulgares
1803 4866 1859 4911 et
1898 4857 2078 4926 plures

503 4927 1103 4984 alias’immanissimas
1147 4928 1391 4983 nationes
1432 4927 1660 4983 intactas
1706 4935 1763 4981 et
1819 4929 2077 4996 integras,

503 5003 606 5054 iter
623 4999 690 5053 ad
711 4997 989 5068 Graeciam
1000 5005 1256 5053 terrestre
1278 5013 1506 5068 negare;
1531 5014 1666 5068 quas
1693 5005 1868 5051 tamen
1891 5005 2078 5065 postea

503 5066 942 5142 bellicosissimus
961 5066 1187 5142 Carolus
1201 5067 1290 5142 _vel
1317 5066 1474 5123 terra:
1496 5066 1811 5142 coinquavit,
1846 5079 1905 5121 ut
1919 5081 2080 5142 omne

507 5139 818 5208 Sclavorum
847 5152 1016 5208 genus
1043 5145 1097 5190 et
1120 5137 1439 5208 Vulgarum;
1487 5138 1570 5192 vel
1597 5137 1810 5208 penitus
1847 5137 2082 5191 eradica-

506 5211 600 5267 vit,
633 5208 718 5261 vel
762 5207 1060 5263 ferreorum
1089 5207 1621 5261 adamantinorumve
1661 5208 1971 5276 progeniem
1991 5245 2004 5270 ,
2029 5214 2083 5276 et

510 5292 615 5343 non
657 5276 952 5340 Hunorum,
992 5276 1058 5330 de
1086 5276 1282 5344 quibus
1309 5292 1434 5331 mox
1461 5278 1693 5341 docebo,
1740 5275 1784 5332 si
1832 5277 1982 5344 prius
2016 5275 2084 5330 de

509 5344 908 5428 (editieiisnua:
947 5346 1126 5428 Caesar
1150 5345 1426 5428 augustas
1454 5346 1678 5428 Carolus
1708 5344 1846 5415 apud
1890 5345 2083 5428 Aquis-

511 5416 661 5488 grani
691 5455 706 5479 ,
751 5415 905 5483 juxta
956 5415 1341 5484 sapientissimi
1385 5415 1687 5470 Salomonis
1734 5416 2039 5485 exemplum
2065 5457 2080 5482 ,

587 5568 610 5594 ι
667 5553 761 5614 Μ..

2177 4376 2286 4434 sari
2321 4378 2683 4448 praesentavit.
2717 4376 2989 4448 Quodillé
3011 4376 3232 4447 propter
3268 4379 3761 4448 incomparabilem

2175 4447 2788 4518 comparationemsatis
2827 4447 3149 4518 admiratus,
3187 4448 3426 4518 immisso
3454 4447 3615 4518 item
3643 4448 3764 4518 pui-

2179 4514 2380 4574 satorio
2421 4514 2583 4587 jussit
2640 4517 2695 4571 in
2733 4517 3076 4587 campanario
3115 4517 3388 4587 suspendi.
3436 4517 3596 4585 Quod
3639 4514 3766 4573 cum

2179 4589 2296 4642 sine
2322 4602 2470 4641 mora
2503 4585 2701 4642 factum
2726 4585 2935 4651 fuisset,
2971 4594 3025 4641 et
3051 4585 3232 4641 custos
3256 4585 3498 4641 ecclesia:
3518 4589 3609 4641 vel
3637 4588 3769 4642 reii-

2181 4658 2290 4728 qui
2324 4655 2619 4728 capellani,
2669 4671 2770 4712 nec
2798 4672 2906 4728 non
2951 4663 3006 4710 et
3039 4657 3254 4728 ermnei
3285 4656 3486 4728 tirones
3518 4657 3660 4711 illud
3702 4657 3769 4710 ad

2178 4723 2414 4782 sonitum
2438 4723 2754 4794 perducere,
2780 4726 2870 4781 alii
2909 4727 3259 4781 succedentes
3280 4726 3399 4781 aliis
3421 4727 3769 4789 niterentur.

2179 4806 2234 4852 et
2263 4796 2396 4851 nihil
2443 4794 2659 4866 eliicere
2685 4797 3010 4865 potuissent,
3047 4796 3265 4850 tandem
3311 4795 3628 4866 indignatus
3674 4813 3774 4851 au-

2180 4877 2299 4923 ctor
2327 4865 2537 4936 operis,
2570 4876 2626 4919 et
2651 4864 2986 4920 commentor
3029 4866 3281 4919 inaudita:
3312 4864 3530 4936 fraudis.
3566 4881 3774 4936 appre-

2184 4939 2352 4992 henso
2377 4933 2504 4988 fune
2547 4935 2712 4989 traxit
2759 4945 3109 4989 teramentum
3156 4952 3169 4988 :
3205 4944 3262 4989 et
3301 4949 3427 4989 ecce
3456 4933 3671 4988 ferrum
3706 4937 3774 4988 de

2181 5007 2360 5083 medio
2379 5003 2621 5083 elapsum
2646 5006 2696 5058 in
2719 5006 2974 5083 verticem
3004 5006 3171 5083 ipsius
3193 5020 3320 5083 eum
3357 5003 3650 5083 iniquitate
3678 5021 3776 5058 sua

2187 5074 2486 5137 descendit,
2527 5083 2580 5127 et
2625 5089 2722 5144 per
2761 5075 2990 5128 cadaver
3026 5073 3146 5141 jam
3187 5073 3426 5144 jamque
3453 5073 3779 5144 defunctum

2187 5143 2554 5216 pertransiens
2581 5143 2648 5198 ad
2687 5153 2887 5199 terram
2917 5159 3038 5216 cum
3086 5144 3357 5216 intestinis
3381 5143 3637 5198 virilibus
3681 5161 3777 5198 ve-

2188 5214 2286 5269 nit.
2312 5214 2662 5284 Memoratum
2709 5229 2838 5284 vero
2868 5214 3078 5284 pondus
3103 5214 3310 5284 argenti
3335 5220 3612 5281 repertum
3637 5231 3778 5284 pne-

2189 5286 2334 5354 cepit
2359 5281 2690 5354 iustissimus
2723 5281 2946 5354 Caroius
2978 5284 3116 5338 inter
3158 5281 3462 5354 indigentes
3501 5281 3781 5352 palatinos

2191 5352 2426 5424 dispergi
2465 5352 2778 5426 [distribui].

825 5555 1005 5608 anima
1066 5571 1182 5608 vero
1241 5555 1310 5608 ad
1357 5553 1827 5619 inexslinguibilem
1885 5555 2090 5608 transiit
2126 5555 2319 5619 ignem.
