4018 6178
293 481 564 544 ordinata,
613 483 674 559 ut
701 475 918 599 clauﬁor
950 475 1203 557 tubarum
1241 473 1382 554 inter
1432 470 1590 539 singu

294 564 560 599 (unumne
586 562 665 599 rei
688 561 824 599 διαιιι
866 553 1075 599 cativus
1102 543 1328 598 adverti.
1354 539 1438 593 Ad
1463 540 1561 593 has
1588 567 1590 576 ι

294 539 561 619 cuiusque
586 548 665 602 rei
688 539 1075 619 signiiicativus
1102 542 1328 619 adverti:
1354 539 1438 593 Ad
1463 540 1561 593 has
1588 551 1720 606 ergo
1750 551 1867 619 mu-

296 604 554 680 niiiones,
584 631 679 685 per
701 604 1055 685 ducentosret
1075 609 1393 685 eoamplius
1423 623 1613 685 annos,
1655 604 1870 674 quales-

299 702 516 757 cunque
544 678 809 757 omnium
832 678 1265 757 Occideuialiurrr
1289 678 1504 757 divitias
1531 688 1869 757 congregan—

306 774 386 814 tes
428 747 570 811 'cum
627 763 682 808 ct
729 752 888 824 Gothi
937 749 1263 824 eEW'audali
1290 747 1523 816 quietem
1562 747 1872 824 mortalium

301 813 706 896 perturbarent,
746 823 931 896 orbem
971 819 1264 896 Occiduum
1292 813 1429 896 plebe
1446 828 1680 896 vacuum
1715 813 1874 896 dimi-

303 885 511 948 te,an
529 892 675 960 Quos
695 885 873 945 tamen
900 885 1530 961 invictissimusCarolus
1552 885 1624 938 ita
1649 885 1873 961 iu_annis

304 974 429 1019 octo
452 950 775 1032 perdomuit,
799 968 858 1013 ut
873 960 950 1032 de
966 959 1060 1032 _ei_s_
1084 957 1335 1032 minimas
1359 952 1574 1032 quidem
1621 950 1876 1020 reliquias

310 1024 589 1088 remanere
608 1029 929 1101 permiserit.
952 1026 1488 1101 A_Vulgaribus_vcrp
1508 1024 1629 1078 ideo
1659 1034 1876 1101 manum

312 1101 555 1166 retraxit,
573 1090 697 1169 quia
722 1096 967 1169 videlicet
982 1090 1186 1169 ﬂuuiis
1214 1094 1495 1169 exstinctis
1515 1106 1686 1169 regno
1703 1090 1877 1169 Fran-

310 1186 497 1239 corum
525 1159 659 1224 nihil
685 1167 916 1222 nocituri
951 1166 1279 1239 viderentur:
1333 1162 1502 1219 Porro
1540 1159 1797 1239 praedaur
1821 1159 1877 1211 in

311 1236 586 1296 Pannonia
615 1244 882 1306 repertam
910 1250 1006 1306 per
1035 1234 1337 1306 episeopia,
1380 1228 1707 1289 monasteria
1743 1228 1879 1284 libe-

312 1250 586 1296 l’anuonia
615 1250 882 1306 repertam
893 1250 1006 1362 (per
1045 1250 1188 1303 eptsc

312 1309 577 1366 ralissima
601 1306 865 1365 divisione
931 1304 1188 1361 istribuit.

928 1393 1156 1449 CAPUT
1178 1392 1264 1448 Ill.

627 1485 842 1555 Aggeris
873 1485 1217 1538 destructores
1243 1489 1563 1537 coercentur.

388 1574 442 1632 In
470 1575 608 1631 bello
628 1585 809 1630 autem
839 1572 1106 1628 Saxonico
1131 1588 1253 1627 cum
1282 1586 1379 1641 per
1412 1569 1761 1641 semetipsum
1787 1565 1887 1621 ali-

316 1646 530 1716 quando
569 1643 757 1716 fuisset
788 1651 1105 1716 occupatus,
1144 1637 1362 1711 quidam
1390 1640 1585 1716 privati
1609 1637 1879 1702 homines,

316 1710 731 1787 quorumetiam
754 1712 970 1767 nomina
998 1710 1351 1787 designarem,
1390 1710 1493 1763 nisi
1516 1718 1699 1787 notam
1733 1722 1885 1787 arro-

318 1778 518 1869 έειηὲιίθε
537 1784 841 1869 deviarem:
862 1778 1151 1869 ,Ees‘E'f‘i'Fé
1171 1778 1537 1869 acerreae
1550 1778 1885 1869 .‘E'P‘S-‘aii'las
1918 1805 1962 1869 Β

318 1846 551 1923 Eivitatis
598 1852 681 1907 vel
718 1851 933 1923 aggeris
980 1852 1243 1923 acerrime
1289 1850 1659 1923 destruebant.
1733 1846 1884 1914 Quod

318 1923 506 1979 videns
522 1919 853 1992 iustissimus
872 1920 1095 1992 Carolus
1118 1923 1353 1992 primum
1376 1919 1590 1992 illorum
1616 1932 1740 1992 cum
1764 1932 1887 1972 con-

320 2008 481 2047 sensu
519 1987 717 2047 domini
754 1991 837 2061 sui
877 1989 1093 2046 Keroldi
1121 1987 1441 2061 praefectum
1474 1989 1616 2044 inter
1639 1987 1888 2042 Rhenum

319 2070 376 2118 et
396 2062 558 2134 Alpes
582 2061 794 2117 Italicas
820 2060 1073 2115 instituit.

931 2144 1158 2204 CAPUT
1191 2146 1278 2203 IV.

519 2237 690 2294 Duces
713 2238 1025 2293 dormientes
1052 2238 1106 2291 in
1129 2236 1361 2291 excubiis
1384 2234 1696 2307 plectuntur.

389 2330 589 2385 Ibidem
611 2343 739 2384 vero
762 2343 885 2383 cum
908 2326 1135 2382 duorum
1165 2327 1362 2381 ducum
1386 2326 1479 2379 lilii
1508 2327 1575 2380 ad
1603 2324 1892 2380 tentorium

324 2400 465 2469 regis
494 2399 763 2455 excubare
808 2398 1083 2469 deberent,
1122 2395 1416 2469 et‘potibus
1456 2395 1769 2469 ingurgitaii
1806 2393 1893 2461 ja-

323 2464 524 2532 cerent,
569 2476 628 2522 ut
672 2467 892 2531 mortui,
926 2482 1089 2536 porro
1118 2464 1225 2521 .ille
1258 2464 1422 2536 juxta
1451 2464 1893 2536 consuetudinem

324 2553 473 2594 suam
527 2538 721 2607 sepius
764 2534 1027 2607 evigilans
1072 2545 1125 2591 et
1148 2544 1335 2607 castra
1380 2534 1666 2607 circuiens,
1696 2534 1897 2589 sensim

323 2615 374 2663 et
388 2623 525 2680 pene
553 2604 697 2662 nullo
719 2604 1073 2680 cognescente
1093 2606 1160 2661 ad
1194 2604 1599 2680 tabernaculum
1623 2618 1899 2680 regressus

322 2674 425 2732 esi.
460 2677 613 2732 Mane
647 2674 826 2731 autem
854 2674 1017 2741 facto,
1056 2675 1363 2731 convocatis
1387 2674 1455 2728 ad
1491 2688 1549 2728 se
1574 2674 1784 2728 cunctis
1811 2689 1899 2728 re-

324 2747 416 2816 gni
446 2746 776 2817 primoribus
804 2745 1175 2817 interrogavit,
1203 2760 1311 2817 qua
1339 2758 1497 2817 pinna
1515 2741 1707 2817 dignus
1728 2752 1895 2817 esset,

365 2817 417 2870 ui
446 2813 608 2884 caput
633 2816 960 2870 Francorum
989 2813 1041 2868 in
1080 2830 1270 2868 manus
1298 2814 1533 2868 hostium
1567 2813 1893 2884 tradidisset.

365 2832 417 2870 ιιι
447 2832 608 2884 caput
633 2832 659 2869 r
677 2832 960 2870 raucorum
989 2832 1041 2868 ιιι
1080 2832 1270 2868 manus
1299 2832 1533 2868 nosuum
1567 2832 1893 2868 traunnsset.

324 2832 478 2940 %unc
506 2885 715 2956 prmfati
755 2886 918 2939 duces
939 2884 1248 2939 earumdem
1269 2898 1450 2938 rerum
1481 2882 1697 2953 penitus
1723 2881 1898 2953 ignari

326 2955 587 3024 ejusmOdi
634 2956 904 3011 hominem
959 2956 1451 3024 condemnaverunt
1502 2956 1571 3024 ad
1617 2964 1894 3024 mortem:

327 3021 441 3094 ipse
489 3040 616 3081 vero
646 3024 950 3082 durissimis
979 3024 1158 3079 verbis
1212 3023 1478 3080 coercitos
1515 3021 1721 3077 dimisit
1770 3023 1901 3078 illai-

329 3109 438 3151 SOS.

951 3161 1178 3220 CAPUT
1213 3162 1278 3218 γ.

880 3251 1159 3308 Libertatis
1186 3268 1355 3306 amor.

402 3343 569 3398 Erant
584 3357 800 3413 quoque
816 3343 889 3397 ibi
906 3345 1013 3397 duo
1036 3342 1187 3397 nothi
1214 3343 1286 3413 de
1307 3342 1507 3411 genitio
1527 3341 1904 3400 Columbrensi

328 3411 619 3483 procreati}
652 3411 906 3483 Quicum
937 3413 1226 3483 fortissime
1257 3411 1595 3483 dimicarent,
1627 3415 1908 3483 requisivit

333 3480 631 3553 imperator
654 3483 723 3553 ab
754 3480 860 3535 illis
888 3482 980 3550 qui
1014 3489 1069 3534 et
1094 3480 1235 3534 unde
1258 3481 1594 3553 uatiressent.
1618 3480 1737 3553 Quo
1760 3499 1908 3538 conx-

330 3550 505 3623 perto,
533 3552 830 3623 meridiano
855 3562 1095 3621 tempore
1109 3563 1206 3623 eos
1227 3550 1296 3623 ad
1319 3552 1724 3623 tabernaculum
1749 3567 1906 3607 suum

333 3616 552 3676 vocatos
576 3622 655 3676 sic
679 3621 942 3677 allocutus
958 3616 1042 3675 est
1065 3634 1079 3673 :
1108 3616 1504 3686 Bonijuvenes,
1527 3621 1648 3676 volo
1674 3630 1732 3675 ut
1753 3623 1906 3687 mihi,

332 3707 441 3747 non
467 3692 556 3746 alii
586 3692 853 3746 serviatis.
885 3690 986 3757 Qui
1020 3705 1143 3746 cum
1177 3705 1235 3744 se
1264 3690 1329 3743 ad
1361 3691 1463 3745 hoc
1489 3691 1702 3746 venisse
1745 3700 1909 3746 testa-

334 3769 539 3826 rentur,
571 3772 630 3816 ut
658 3762 744 3817 vel
771 3761 944 3816 ultimi
986 3761 1040 3815 in
1087 3758 1203 3827 ejus
1232 3770 1413 3814 essent
1444 3761 1720 3830 obsequio,
1774 3761 1912 3816 dixit

335 3832 425 3897 ille
457 3848 471 3883 :
518 3832 598 3886 Ad
618 3845 887 3893 cameram
913 3846 1091 3886 meam
1115 3831 1317 3885 servire
1342 3830 1565 3885 debetis.
1594 3831 1746 3898 Quod
1780 3832 1911 3886 indi-

373 3901 588 3956 natione
625 3900 874 3956 simulata
911 3901 1140 3955 libenter
1176 3915 1235 3955 se
1285 3899 1523 3955 facturos
1563 3916 1685 3957 esse
1742 3902 1907 3957 etiam

374 3987 462 4025 um
494 3968 807 4043 faterentur,
835 3978 1048 4041 captato
1077 3978 1345 4043 tempore,
1384 3986 1491 4043 quo
1523 3969 1703 4043 [capto
1735 3973 1911 4043 consi-

334 4037 438 4105 lio,
483 4038 628 4111 cum]
665 4037 954 4111 imperator
1011 4037 1289 4109 quiescere
1338 4037 1627 4111 cqépiss'eti
1663 4042 1911 4096 exierunt

336 4111 404 4164 ad
431 4110 621 4165 castra
643 4110 1094 4173 adversariorum,
1131 4118 1186 4164 et
1230 4110 1459 4164 tumultu
1502 4111 1771 4166 concitato
1813 4128 1911 4168 suo

337 4180 420 4234 vel
458 4180 691 4236 hostium
714 4180 974 4250 sanguine
1000 4179 1275 4235 servitutis
1299 4188 1483 4234 notam
1506 4180 1800 4237 diluerunt.

948 4289 1173 4346 CAPUT
1198 4289 1283 4345 VI.

658 4377 894 4435 Saxones
931 4396 1053 4451 gens
1086 4380 1349 4450 incognita
1374 4378 1594 4436 Gra'cis.

407 4472 553 4528 Inter
594 4471 897 4541 huiusmodi
939 4480 1116 4541 tamen
1146 4471 1528 4540 occupationes
1576 4471 1724 4527 nullo
1754 4474 1913 4530 modo

339 4540 1069 4613 magnanimuspnetermisit
1093 4540 1407 4613 imperator,
1429 4542 1557 4613 quin
1583 4543 1649 4597 ad
1668 4542 1916 4613 longissi-

340 4610 550 4667 marum
570 4610 802 4682 partium
828 4628 981 4682 reges
1004 4611 1138 4666 alios
1161 4619 1322 4680 atque
1343 4610 1476 4666 alios
1498 4610 1917 4682 dit'igcretlitte-

340 4697 523 4736 rarum
549 4681 632 4736 vel
659 4681 940 4736 munerum
964 4684 1252 4751 portitores
1300 4697 1329 4735 a
1358 4681 1553 4750 quibus
1577 4681 1651 4736 illi
1675 4685 1913 4737 omnium

341 4751 1177 4822 provinciarumbsuntuhonbres
1209 4752 1419 4822 directi.
1483 4751 1616 4822 Cum
1661 4752 1826 4822 igitur
1850 4754 1917 4807 de

343 4819 469 4891 sede
511 4832 536 4862 ι
569 4819 818 4891 _Sax_onici
846 4820 969 4891 belli
997 4821 1201 4891 legatos
1230 4820 1511 4891 adregem
1540 4819 1919 4878 Constantino-

343 4888 527 4973 poleos
554 4889 865 4973 destinaret,
916 4888 1271 4973 i_litei'mgavit
1302 4888 1440 4973 ille{n
1458 4897 1637 4973 utrum
1669 4900 1916 4973 pacatum

342 4966 487 5031 esset
503 4974 727 5028 regnum
751 4959 844 5031 ﬁlii
859 4960 940 5013 sui
964 4958 1163 5031 Caroli,
1190 4959 1274 5013 vel
1295 4958 1339 5013 si
1365 4974 1393 5011 a
1405 4958 1653 5031 ﬁnitimis
1670 4958 1920 5031 gentibus

344 5027 730 5103 incursaretur.
767 5027 1014 5103 Cuman
1028 5029 1313 5103 missorum
1334 5028 1542 5103 primus
1564 5027 1918 5103 [Alfmissns]

345 5100 492 5180 alios
499 5099 679 5153 omnia
714 5104 904 5168 pacata
930 5098 1175 5180 referret,
1201 5098 1303 5180 nisi
1330 5098 1475 5180 quod
1497 5098 1629 5180 geus
1642 5098 1917 5180 quasdam;

341 5169 436 5240 qui
460 5168 700 5240 Saxones
717 5167 1001 5240 vocantur,
1030 5167 1374 5240 creberrimis
1409 5167 1707 5223 latrociniis
1740 5170 1922 5240 Fran-

344 5237 530 5309 corum
555 5237 689 5309 lines
710 5238 1093 5309 inquietarent,
1117 5237 1655 5309 dixithomotorpens
1675 5239 1805 5303 otio,
1822 5254 1923 5295 nec

346 5308 491 5363 utilis
540 5308 663 5363 belli
713 5306 927 5378 negotio
975 5324 988 5360 :
1039 5306 1154 5361 Heu
1179 5321 1347 5378 quare
1374 5307 1582 5361 laborat
1606 5308 1747 5364 filius
1772 5324 1925 5365 meus

348 5386 531 5432 contra
546 5379 726 5434 hostes
744 5377 1116 5448 paucissimos,
1135 5377 1330 5448 nullius
1346 5378 1597 5441 nominis,
1622 5379 1925 5448 nulliusqne

349 5449 593 5503 virtutis?
639 5446 850 5504 IIaiIeas
894 5456 947 5502 tu
984 5456 1199 5516 gentem
1246 5446 1389 5500 illam
1427 5462 1550 5501 cum
1582 5446 1924 5503 omnibushd

418 5622 442 5651 θ
475 5609 544 5665 Μ.
557 5652 572 5677 ,
604 5610 777 5669 Caede.

419 5681 447 5720 ιν
479 5682 579 5742 .41.,
610 5680 728 5745 Qua
763 5683 816 5737 in
844 5679 1053 5736 ercia
1082 5686 1217 5740 idem
1247 5686 1435 5740 missus
1467 5681 1675 5735 claruit.

422 5762 442 5788 ο
471 5750 595 5807 Ilaec
632 5750 741 5808 duo
773 5752 936 5808 verba
968 5750 1162 5811 desunt
1193 5757 1245 5811 in
1275 5770 1377 5811 ms.
1414 5762 1469 5808 et
1506 5769 1567 5807 ea
1599 5751 1773 5807 aliena
1812 5766 1927 5802 nia-

779 362 1023 424 SECTIO
1061 365 1126 432 II,
1164 361 1551 423 HISTORICA.
1595 389 1666 402 --
1701 357 1790 414 DE
1821 356 2069 414 GESTIS
2102 356 2163 411 Β.
2203 353 2456 412 CAROL!
2495 351 2729 410 MAGNI.
2768 381 2839 390 —-
2877 350 3005 405 LIB.
3046 349 3108 404 II.

1592 468 1643 522 la
1685 474 1865 536 posset
1893 473 1938 531 Α
1968 478 2086 536 eam

3400 349 3543 405 ’1598

2228 460 2514 527 inentibus.
2543 459 2701 527 Quod
2716 473 2840 514 cum
2864 472 3119 527 reversus
3139 455 3546 527 bellicosissima

1970 525 2165 587 Carolo
2191 526 2483 595 nuntiaret,
2512 525 2759 585 arridens
2784 527 2874 582 ille
2902 527 3039 581 dixit
3057 526 3107 582 ei
3131 539 3146 579 :
3168 525 3329 595 Multo
3358 527 3549 581 melius

1970 600 2067 657 tibi
2092 616 2189 655 rex
2227 599 2317 653 ille
2360 593 2735 661 conSuluissa,
2784 597 2829 653 si
2861 612 3027 650 unum
3066 595 3268 650 lineum
3294 593 3548 651 femorale

1971 671 2041 726 ad
2066 677 2275 725 tantum
2295 668 2401 724 iter
2424 668 2520 724 tibi
2543 668 2838 723 tribuisset.
2982 698 2985 699 ν

2575 754 2803 813 CAPUT
2836 754 2945 809 VII.

2477 843 2779 899 ercorum
2801 843 3057 915 perjuria.

2045 933 2164 1007 Non
2193 935 2408 1007 videtur
2442 933 2792 1007 occultanda
2814 933 3076 1007 sapientia
3121 947 3283 1002 quam
3324 932 3551 1007 sapienti

1977 1005 2198 1061 Crteciaz
2223 1002 2581 1060 idem'missus
2608 1001 2896 1073 aperuitrb.
2925 1001 3061 1056 Cum
3090 1001 3399 1057 autumnali
3415 1012 3550 1057 tem-

1978 1090 2109 1145 pore
2136 1073 2203 1145 ad
2224 1075 2413 1145 urbem
2426 1071 2714 1145 quamdam
2737 1072 2942 1145 regiam
2969 1087 3091 1145 cum
3112 1072 3275 1128 sociis
3296 1073 3550 1145 venisset,

1980 1141 2106 1199 aliis
2135 1144 2240 1224 alio
2284 1141 2493 1224 divisis,
2685 1141 2898 1224 cuidam
2928 1141 3181 1224 episcopo
3211 1141 3552 1224 commenda—

1982 1222 2088 1276 tus,
2112 1213 2203 1282 qui
2241 1228 2363 1268 cum
2394 1210 2614 1282 jejuniis
2650 1220 2706 1265 et
2740 1210 3071 1282 orationibus
3112 1210 3449 1282 incessanter
3473 1211 3553 1282 in-

1984 1280 2279 1345 cumberet,
2324 1280 2557 1352 legatum
2582 1280 2730 1335 illum
2766 1296 2903 1349 pene
2925 1281 3176 1352 continua
3205 1280 3552 1352 mortiﬁcavit

1986 1352 2184 1407 inedia.
2234 1350 2451 1408 Vernali
2488 1358 2668 1405 autem
2722 1358 2960 1420 tempore
3007 1350 3120 1419 jam
3167 1350 3552 1420 aliquantulum

1988 1421 2280 1485 arridente,
2326 1420 2683 1491 praesentavit
2710 1435 2843 1491 eum
2902 1421 3033 1489 regi.
3066 1420 3165 1486 Qui
3203 1420 3553 1491 interrogavit

1987 1505 2130 1552 eum,
2154 1488 2445 1559 qualis‘sibi
2474 1488 2615 1559 idem
2637 1490 2909 1544 videretur
2929 1488 3229 1559 episcopus.
3259 1490 3331 1544 At
3362 1488 3448 1545 ille
3487 1504 3553 1543 ex

1988 1560 2113 1615 imis
2146 1558 2455 1629 praecordiis
2480 1558 2584 1613 alta
2616 1559 2844 1629 suspiria
2872 1558 3134 1614 trahens:
3176 1560 3554 1615 Sauctissimus

1989 1638 2093 1693 est,
2124 1628 2248 1699 fait,
2312 1630 2402 1684 ille
2449 1636 2639 1699 vester
2665 1628 2965 1699 episcopus,
3016 1629 3418 1699 quantumsine
3448 1629 3554 1683 Deo

1991 1698 2245 1768 possibile
2292 1709 2393 1755 est.
2432 1697 2513 1753 Ad
2551 1698 2694 1767 quod
2720 1697 3047 1767 stupefactus
3074 1715 3164 1754 rex
3206 1714 3220 1753 :
3260 1698 3555 1765 Quomodo,

1992 1769 2185 1839 inquit,
2208 1769 2322 1824 sine
2346 1770 2455 1823 Deo
2477 1768 2675 1839 aliquis
2693 1776 2910 1839 sanctus
2929 1784 3046 1823 esse
3066 1769 3428 1839 potesti'l‘um
3450 1768 3556 1831 ille.

1993 1837 2265 1920 Scriptum
2296 1846 2395 1903 est,
2430 1839 2651 1920 inquit,_
2649 1838 2786 1892 Deus
2812 1837 3038 1892 charitas
3068 1837 3141 1920 est
3180 1838 3233 1909 (Ι
3253 1838 3414 1920 Joau.
3458 1840 3557 1908 Iv),

1989 1924 2096 1978 qua
2123 1907 2224 1963 iste
2250 1925 2452 1965 vacuus
2480 1907 2582 1963 est.
2611 1907 2762 1963 Tunc
2797 1923 2890 1978 rex
2929 1909 3139 1963 vocavit
3165 1907 3287 1964 eum
3323 1908 3390 1962 ad
3435 1907 3562 1963 con—

1989 1977 2193 2033 vivium
2234 1994 2409 2042 suum,
2459 1988 2515 2033 et
2553 1978 2693 2033 inter
2732 1977 2936 2033 medios
2976 1993 3225 2047 proceres
3250 1978 3561 2042 collocavit;

1991 2064 2021 2102 a
2043 2048 2237 2117 quibus
2265 2048 2387 2102 talis
2409 2048 2494 2103 lex
2523 2048 2810 2101 constituta
2847 2055 2985 2111 erat,
3024 2057 3083 2102 ut
3104 2047 3279 2101 nullus
3305 2048 3354 2100 in
3379 2063 3560 2102 mensa

1994 2116 2137 2187 regis
2195 2117 2457 2199 indigena
2498 2118 2610 2198 sive
2665 2116 2868 2170 advena
2901 2117 3169 2199 f_aliquod
3210 2117 3560 2199 animal,_rel

1992 2185 2190 2259 corpus
2243 2185 2491 2259 animalis
2545 2187 2597 2241 in
2639 2194 2847 2259 partem
2874 2185 3059 2259 aliam’
3082 2195 3332 2248 verteret,
3366 2188 3459 2259 sed
3492 2188 3564 2240 ita

1993 2253 2295 2326 tantumrut
2321 2257 2550 2325 positum
2576 2253 2693 2311 erat
2717 2253 2783 2326 de
2809 2257 3082 2326 superiore
3107 2266 3256 2326 parte
3282 2257 3564 2311 manduca-

1994 2333 2097 2397 ret.
2145 2324 2483 2397 Allatusﬁest
2505 2333 2685 2397 autem
2724 2324 2887 2397 piscis
2917 2324 3163 2387 fluvialis,
3200 2335 3255 2381 et
3282 2326 3566 2397 pigmentis

1996 2393 2208 2464 infusus
2257 2395 2309 2464 in
2339 2396 2488 2451 disco
2509 2395 2732 2463 positus.
2780 2394 3020 2464 Cumque
3057 2396 3252 2462 bosres
3277 2393 3417 2450 idem
3442 2411 3567 2450 cou-

1996 2463 2467 2520 suetudinis'illius
2494 2465 2713 2536 ignarus
2747 2463 2948 2533 piscem
2980 2466 3126 2519 illum
3156 2466 3208 2519 in
3252 2475 3459 2534 partem
3486 2467 3567 2520 al-

1997 2541 2416 2606 teramgyraret,
2439 2543 2787 2604 exsurgentes
2805 2550 2992 2606 omnes
3012 2536 3336 2591 dixeruntad
3357 2550 3565 2606 regem:

1997 2602 2243 2667 Domine,
2274 2603 2353 2675 ita
2380 2606 2513 2675 estis
2539 2602 3016 2668 inbonorati,sicut
3045 2621 3315 2675 nunquam
3334 2602 3569 2662 anterio-

1998 2687 2090 2747 res
2121 2673 2308 2747 ves_trri.
2361 2674 2433 2730 At
2460 2675 2549 2730 ille
2585 2674 2941 2747 ingemiscens
2981 2676 3115 2747 dixit
3137 2673 3202 2728 ad
3233 2677 3465 2747 legatum
3509 2676 3572 2729 ιι-

2001 2741 2116 2814 Ιιιηι
2143 2759 2156 2795 :
2190 2743 2417 2814 Obstare
2435 2761 2540 2799 non
2567 2741 2784 2813 possum
2813 2743 2949 2810 istis,
2971 2746 3097 2814 quin
3128 2741 3571 2800 morti'continuo

2001 2812 2271 2886 tradaris;
2302 2812 2446 2869 aliud
2472 2812 2591 2884 pete
2615 2812 3246 2886 Aquodeunqne'volueris
3268 2823 3322 2870 et
3346 2816 3573 2886 complc—

2000 2883 2091 2953 bo.
2117 2881 2269 2937 Tunc
2289 2881 2578 2953 parumper
2597 2881 2906 2939 deliberans
2918 2885 3127 2940 cunctis
3152 2881 3492 2940 audientibus
3517 2886 3572 2939 in

2003 2951 2120 3006 lucc
2153 2954 2316 3035 verba
2336 2951 2617 3035 prorupit:
2648 2954 2909 3035 Obsecro,
2932 2955 3146 3010 domine
3169 2955 3478 3035 imperator,
3501 2964 3570 3035 ut

2004 3019 2296 3077 secundum
2337 3019 2757 3092 promissionem
2802 3033 3035 3079 vestram
3083 3019 3387 3080 concedatis
3444 3019 3575 3092 mihi

2004 3106 2167 3164 unam
2220 3090 2535 3164 petitionem
2586 3094 2882 3164 parvulam.
2931 3095 3000 3149 Et
3043 3111 3135 3150 rex
3174 3095 3251 3149 ait
3298 3113 3313 3148 :
3360 3090 3576 3150 Postula

1931 3154 1976 3217 C
2007 3154 2363 3235 quodcuuque
2413 3154 2665 3235 vuluefis,
2715 3171 2770 3218 et
2817 3165 3145 3235 impetrabis,
3195 3174 3392 3232 prseter
3435 3166 3578 3235 quod

2008 3230 2196 3287 contra
2233 3230 2404 3290 le’aem
2446 3231 2754 3289 Graecorum
2796 3230 2962 3289 vitam
3011 3235 3106 3289 tibi
3146 3230 3578 3290 concedere—non

2006 3316 2244 3375 possunt.
2272 3302 2423 3375 Tunc
2453 3302 2575 3359 ille:
2602 3305 2732 3367 IIoc,
2760 3305 2947 3375 inquit.
2979 3321 3144 3359 unum
3178 3306 3468 3361 moriturus
3490 3306 3581 3359 ηιμ

2007 3372 2139 3445 gito,
2156 3380 2216 3426 ut
2239 3372 2546 3445 quicunque
2573 3390 2657 3429 me
2678 3372 2878 3445 piscem
2901 3375 3046 3429 illum
3063 3390 3253 3445 gyrare
3281 3376 3576 3444 conspexit,

2006 3442 2511 3522 oculorumdumine
2528 3442 2791 3522 privetur.
2830 3442 3239 3522 obstupefactus
3281 3459 3376 3522 rex
3412 3442 3580 3522 adta-

2008 3509 2116 3565 lem
2146 3510 2505 3584 conditionem
2519 3509 2720 3580 iuravit
2744 3528 2837 3583 per
2864 3509 3155 3579 Christum,
3178 3514 3319 3584 quod
3344 3514 3456 3584 ipse
3479 3516 3581 3570 hoc

2009 3595 2114 3634 non
2137 3580 2347 3645 viderit,
2368 3582 2461 3636 sed
2487 3590 2693 3637 tantum
2734 3580 3074 3637 narrantibus
3092 3580 3581 3639 crederetheinde

2009 3649 2192 3718 regina
2224 3649 2295 3703 ita
2324 3666 2382 3705 se
2409 3651 2571 3720 coepit
2599 3666 2876 3714 excusare,
2916 3667 3012 3720 per
3058 3653 3321 3707 lartilicam
3377 3655 3582 3708 thco'to-

2008 3734 2110 3792 con
2158 3728 2400 3792 sanctam
2449 3720 2710 3775 Mariam:
2741 3738 2839 3792 ego
2877 3720 3005 3776 illud
3051 3739 3154 3777 non
3193 3722 3416 3778 adverti.
3458 3725 3583 3779 Post

2006 3788 2202 3856 reliqui
2261 3804 2543 3857 proceres,
2583 3792 2722 3846 alius
2770 3788 2894 3846 ante
2930 3792 3094 3846 alium
3144 3793 3233 3847 tali
3258 3809 3315 3847 se
3347 3795 3583 3861 periculo
3634 3798 3647 3810 ‘

2009 3872 2203 3933 eruere
2230 3867 2534 3933 satagen_tes
2562 3861 2649 3916 hic
2676 3876 2772 3933 per
2807 3862 3147 3933 elavigerum
3174 3863 3295 3918 coeli
3312 3904 3329 3930 ,
3365 3863 3452 3919 ille
3488 3879 3584 3933 per

2011 3928 2285 3983 doctorem
2314 3930 2599 4004 εειιιίιιῐιι,⁸
2630 3928 2826 4004 reliqui
2872 3928 3237 4004 per'rvirtutes
3290 3928 3583 4004 angelicas,

2011 4006 2426 4068 sanctorumque
2457 4000 2696 4054 omnium
2726 4000 2926 4064 turbas,
2965 4003 3033 4057 ab
3055 4004 3155 4057 hac
3176 4018 3234 4058 se
3261 4000 3403 4058 noxa
3428 4005 3586 4060 terri-

2011 4067 2208 4122 bilibus
2241 4067 2600 4125 sacramentis
2640 4070 2915 4126 absolvere
2940 4073 3288 4128 conabantur.
3320 4073 3454 4128 Tum
3501 4090 3586 4129 sa-

2009 4138 2164 4262 piens
2193 4137 2281 4192 ille
2315 4138 2644 4210 Francigcna
2673 4141 2960 4197 vanissima
2981 4142 3201 4197 Hellade
3231 4144 3282 4197 in
3311 4143 3422 4199 suis
3460 4145 3587 4197 zeli-

2032 4222 2113 4262 uts
2140 4216 2481 4262 exsuperata.
2510 4211 2681 4262 victor
2699 4218 2755 4262 et
2773 4228 2936 4262 sanus
2971 4212 3021 4262 in
3055 4213 3282 4262 natriam
3308 4228 3457 4262 suam
3503 4229 3586 4262 re.

2032 4224 2047 4255 ὶ

2049 4222 2113 4262 us
2140 4216 2481 4333 exsuperata,
2510 4211 2681 4266 victor
2699 4218 2755 4267 et
2773 4228 2936 4268 sanus
2970 4212 3021 4267 in
3055 4213 3282 4282 patriam
3308 4228 3458 4268 suam
3502 4229 3586 4268 rc~

2049 4292 2200 4333 ersus
2231 4294 2289 4333 es
2317 4315 2332 4332 .

2009 4292 2200 4333 versus
2231 4292 2332 4333 εει.

2593 4369 2820 4428 CAPUT
2858 4374 2988 4428 VIII.

2216 4456 2441 4528 Legatus
2469 4456 2645 4513 Caroli
2676 4478 2708 4514 a
2733 4460 2932 4516 ercis
2963 4461 3098 4516 male
3122 4474 3379 4533 acceptus.

2088 4544 2217 4620 Post
2264 4562 2449 4620 annos;
2468 4557 2648 4603 autem
2676 4549 2878 4620 aliquot
2907 4552 3103 4607 direxit
3140 4552 3265 4607 illnc
3292 4551 3588 4608 indefessus

2017 4615 2241 4702 Carolus
2256 4618 2541 4701 quemdam
2553 4615 2859 4702 episcopum
2877 4622 3426 4702 praecellentissimum
3446 4639 3590 4702 men-

2020 4693 2071 4760 t_e
2100 4695 2154 4739 et
2183 4702 2409 4760 corpore
2430 4688 2625 4760 virum,
2663 4688 2914 4760 adjuncto
2932 4692 2981 4747 ei
3017 4693 3213 4748 comite
3254 4694 3589 4751 nobilissimo

2018 4754 2169 4833 duce,
2204 4754 2897 4833 quidiutissimeprotracti
2927 4762 3139 4833 tandem
3161 4763 3225 4817 ad
3247 4764 3589 4833 praesentiam

2018 4823 2161 4905 regis
2184 4823 2430 4905 perducti
2457 4837 2514 4905 et
2540 4823 2754 4900 indigne
2780 4830 2946 4905 habiti
2970 4847 3065 4905 per
3083 4823 3445 4905 diversissima
3468 4840 3595 4886 sunt

2019 4892 2132 4948 loca
2164 4892 2342 4968 divisi.
2368 4896 2603 4951 Tandem
2627 4892 2755 4968 vitro
2778 4892 3062 4968 aliquando
3086 4901 3292 4956 dimissi
3329 4917 3450 4956 cum
3480 4916 3593 4954 ma-

2019 4978 2127 5034 gno
2156 4967 2308 5019 navis
2334 4973 2390 5019 ct
2419 4981 2593 5020 rerum
2616 4966 2895 5036 dispendio
2925 4968 3217 5023 redierunt.

2627 5076 2854 5134 CAPUT
2885 5078 2976 5133 IX.

2578 5164 2819 5223 Vindicta
2845 5167 3042 5224 Caroli.

2094 5256 2210 5311 Non
2246 5267 2366 5326 post
2395 5258 2616 5337 multum
2646 5268 2823 5337 autem
2857 5262 3055 5337 direrit
3076 5263 3214 5337 idem
3253 5280 3347 5337 rex
3390 5265 3593 5337 legata-

2026 5326 2313 5398 riosrsuos
2359 5328 2426 5382 ad
2470 5329 2916 5398 gloriosissimum
2964 5331 3234 5389 Carolum.
3271 5326 3598 5393 Fortevvero

2026 5397 2271 5477 contigit,
2312 5406 2369 5451 nt
2413 5397 2538 5477 tunc
2576 5399 2717 5477 idern
2746 5401 3184 5477 episcopuscum
3213 5405 3349 5477 duce
3374 5408 3599 5477 praefato

2025 5467 2166 5547 apud
2195 5467 2578 5537 imperatorem
2609 5467 2858 5526 fuissent.
2895 5467 3167 5528 Nuntiatis
3213 5467 3600 5547 igitur’legatis

2029 5637 2097 5744 rrn
2146 5624 2391 5694 apposita
2422 5632 2546 5681 sunt
2591 5626 2658 5681 ad
2693 5624 3105 5695 explicationem
3149 5626 3296 5685 vocis
3322 5627 3600 5698 indigeam.

2070 5708 2184 5744 ΛΕΚ.

2070 5708 2184 5747 ASN.
