4018 6178
313 308 442 371 ΗΠ

1152 307 1394 367 SECTIO
1431 310 1489 376 Il,
1533 307 1916 366 IIISTORICA.
1953 336 2024 346 —
2062 306 2216 363 VET.
2256 306 2418 363 ANN.
2462 304 2710 362 FRANG.

3421 301 3558 355 “18

306 438 521 509 sumplo
537 442 697 509 super
718 424 1308 509 saneenos‘in_§pania
1333 433 1537 508 regnat.
1564 425 1688 509 ra
1704 423 1884 506 fames
1912 431 1959 490 Α
1987 430 2134 509 tutor
2157 429 2212 476 et
2240 419 2490 475 defensor
2515 425 2674 509 esset.
2697 418 2837 474 illius
2863 418 3030 502 plebis
3051 416 3368 509 ,unduiam
3408 415 3556 509 illum

307 495 443 556 tunc
459 495 712 567 Spaniam
733 497 958 550 domuit.
997 495 1287 551 Waifarius
1308 497 1556 565 princeps
1581 495 1881 563 Aquitaniae

307 570 612 624 Narbonam
635 567 932 636 rdepnedat.

377 637 532 692 Anno
554 635 655 690 752
677 634 1053 689 .Knscmundus
1071 634 1279 688 Gothus
1299 634 1566 687 Netnauso
1586 634 1876 694 civitatem,

309 706 675 778 Magdalonaln
693 745 707 769 ,
737 703 983 778 égathen
996 744 1011 768 ,
1040 703 1478 778 Diterrisl’ipino
1505 703 1617 778 regi
1647 703 1882 778 Franco-

310 771 428 831 rum
460 775 696 829 tradidit.
737 771 812 827 Ei
844 789 908 828 eo
935 773 1018 828 die
1045 773 1237 826 Franci
1270 771 1574 825 Narbonam
1605 771 1877 826 infestant.

308 843 628 900 Waifarium
668 843 961 910 principem
999 843 1303 910 Aquitania:
1343 839 1564 909 Pipinus
1603 842 1882 909 prosequi-

317 861 628 900 ὶνειιιιηιιιιιι
706 861 961 910 rmCIpem
999 861 1303 910 aquuanue
1344 861 1564 909 l’lplﬂlls
1603 861 1881 909 prosequu-

309 926 417 980 tur,
445 931 510 970 eo
536 861 700 980 quod)
711 912 873 966 nollet
909 926 966 966 se
993 912 1182 966 ditioni
1212 911 1357 965 illius
1385 911 1534 974 dare,
1564 913 1705 964 sicut
1731 911 1881 965 Eudo

308 987 510 1040 fecerat
536 981 727 1037 Carolo
751 981 888 1051 patri
914 981 1045 1051 ejus.

379 1058 533 1108 Auno
563 1051 664 1106 75-9
689 1049 881 1104 Franci
913 1049 1212 1105 Narbonam
1240 1049 1504 1113 obsident,
1535 1050 1766 1120 datoque
1795 1066 1881 1104 sa-

261 1125 265 1160 ἒ
308 1133 584 1178 cramento
613 1120 800 1189 Gothis
826 1120 916 1188 qui
950 1120 1022 1174 ibi
1050 1129 1222 1183 erant,
1257 1128 1314 1172 ut
1340 1120 1385 1173 si
1413 1120 1684 1174 civitatem
1716 1121 1882 1189 parti-

308 1195 410 1247 bus
442 1191 714 1246 traderent
745 1188 916 1260 Pipini
947 1189 1477 1260 regis‘Francorurn,
1510 1188 1881 1260 permitterent

312 1205 410 1247 bus
442 1205 714 1246 traderent
746 1205 802 1243 γι
845 1206 916 1243 un
947 1205 1088 1260 regis
1123 1205 1477 1251 rrancorum,
1510 1205 1881 1259 permitterent

307 1277 401 1316 eos
431 1263 600 1329 legem
632 1275 783 1312 suam
807 1205 1030 1313 iiabere.
1079 1258 1196 1325 Quo
1223 1259 1364 1312 facto
1391 1257 1552 1313 Gothi
1582 1259 1881 1314 Saracenos

305 1335 394 1399 qui
428 1333 478 1384 iu
509 1329 922 1399 prarsidioillius
941 1338 1114 1391 erant,
1146 1329 1416 1393 occidunt,
1445 1329 1720 1398 ipsamque
1748 1330 1881 1382 civi-

308 1394 471 1456 tatem
503 1394 743 1470 partibus
767 1394 1096 1470 Francorum
1125 1399 1360 1470 tradunt.

374 1465 532 1526 Anno
578 1469 681 1522 762
733 1467 855 1538 gelu
907 1483 1158 1538 magnum
1209 1467 1444 1529 Gallias,
1502 1465 1770 1536 Illyricum
1824 1477 1879 1522 et

308 1537 596 1594 Thraciam
625 1537 915 1607 deprimit,
963 1537 1017 1592 et
1064 1538 1242 1591 multa:
1273 1539 1495 1591 arbores
1519 1539 1778 1607 olivarum
1824 1548 1879 1592 et

307 1609 656 1664 ficulnearum
694 1606 928 1662 decoctae
962 1607 1079 1676 gelu
1118 1614 1403 1671 aruerunt;
1444 1606 1534 1662 sed
1573 1615 1626 1661 et
1658 1622 1876 1676 germen

306 1679 559 1733 messium
591 1677 750 1740 aruit,
780 1685 834 1730 et
862 1677 1271 1746 superveniente
1299 1693 1440 1732 anno
1474 1677 1762 1745 pmdictas
1794 1694 1877 1731 re-

1984 494 2346 561 praedeecssor
2380 506 2510 561 suus
2557 492 2728 561 beata:
2765 486 3038 543 memoria:
3076 486 3557 561 Stephanuspapa

1983 556 2234 616 unctione
2277 576 2428 614 sacra
2478 560 2708 624 finiens,
2763 561 2908 614 hunc
2951 573 3129 622 regem
3175 556 3239 613 ac
3272 556 3557 628 patricium

1983 631 2346 685 Romanorum
2373 629 2668 684 ordinarat.
2699 629 2924 699 Carolus
2953 629 3116 699 igitur
3139 627 3357 699 rexper
3381 627 3559 699 consi-y

1982 701 2110 754 lium
2137 700 2456 769 optimatum
2481 714 2702 753 suorum
2720 696 3048 769 voluntatem
3062 696 3255 769 domui
3280 696 3559 765 apostolici

1980 786 2041 825 se
2067 767 2479 837 adimpleturum
2510 783 2627 822 esse
2655 784 2780 822 cum
2805 768 2899 822 Dei
2932 768 3130 822 auxilio
3161 767 3350 837 devota
3377 776 3560 837 mente

1981 833 2286 920 spopondit:
2348 837 2549 892 Eodem
2595 853 2737 920 anno
2781 839 3043 920 synodum
3089 835 3278 920 tenuit
3297 836 3352 889 in
3386 833 3556 920 Jenua

1981 906 2226 974 civitate,
2269 907 2324 960 in
2355 922 2462 975 quo
2488 915 2752 962 conventu
2781 906 3076 962 exercitum
3104 906 3314 970 divisit,
3345 914 3556 974 partem

1981 994 2164 1033 secum
2197 978 2450 1039 retinens,
2489 986 2549 1031 ut
2575 991 2671 1046 per
2695 976 2967 1046 Cenisium
2998 984 3233 1030 montem
3260 976 3550 1040 transiret,

1979 1056 2188 1117 partem
2210 1062 2338 1100 vero
2360 1045 2640 1116 reliquam,
2664 1047 2750 1117 cui
2773 1045 3012 1117 prmfecit
3034 1046 3363 1117 Bernardum
3391 1060 3556 1099 avun-

1980 1113 2160 1171 culum
2189 1132 2344 1170 suum
2373 1113 2495 1170 cum
2521 1116 2732 1171 ueteris
2761 1113 3004 1170 fidelibus
3028 1130 3125 1184 per
3145 1113 3292 1168 Jovis
3317 1123 3555 1169 montem

1981 1187 2035 1241 in
2061 1186 2209 1240 italia
2241 1187 2445 1240 intrare
2463 1187 2737 1254 praecepit.
2769 1186 3076 1240 Desiderius
3096 1200 3224 1240 vero
3250 1200 3344 1239 rex
3367 1185 3558 1240 imme-

1982 1271 2100 1311 mor
2120 1256 2503 1311 beneﬁciorum
2528 1255 2702 1325 Pipini
2729 1256 2890 1325 regis,
2908 1270 3006 1324 per
3030 1254 3182 1324 cujus
3209 1254 3554 1325 donationem

1981 1341 2214 1395 regnum,
2231 1324 2705 1395 Langobardorum
2730 1324 2953 1379 sortitus
2977 1335 3076 1387 est,
3106 1325 3316 1380 clausas
3345 1324 3557 1379 fortiter

1980 1394 2169 1450 contra
2191 1394 2440 1450 Caroliun
2469 1397 2870 1464 exercitumque
2894 1395 3011 1465 ejus
3036 1395 3251 1449 ﬁrmare
3271 1395 3552 1465 prtecepit.

1980 1465 2405 1536 Castrametatus
2449 1473 2531 1520 est
2576 1466 2757 1536 itaque
2799 1465 3086 1536 praedictus
3124 1480 3218 1536 rex
3243 1465 3494 1536 Cardlus
3523 1482 3558 1520 e

1982 1536 2199 1605 regione
2227 1535 2500 1590 clusarum
2532 1543 2586 1590 et
2614 1533 2737 1589 valli
2766 1533 2907 1605 quod
2944 1534 3275 1604 Langobardi
3307 1533 3557 1590 defende-

1984 1604 2134 1669 rant;
2183 1605 2330 1660 misit
2373 1613 2554 1659 autem
2598 1621 2696 1674 per
2723 1604 2990 1660 difﬁcilem
3029 1619 3312 1659 ascensum
3358 1605 3556 1674 montis

1983 1675 2248 1756 legionem
2283 1689 2350 1729 ex
2383 1672 2791 1756 probatissimis‘
2815 1675 3222 1756 pugnatoribus,
3245 1675 3371 1756 .qui
3413 1672 3552 1748 [per]

304 1752 490 1819 giones
517 1748 733 1819 gravius
757 1743 1021 1819 depressit
1044 1743 1231 1819 fames,
1265 1747 1337 1799 ita
1363 1756 1423 1800 ut
1449 1743 1603 1819 multi
1631 1747 1875 1803 homines
1912 1760 1953 1818 ῃ
1981 1743 2351 1819 transcensum
2374 1743 2974 1819 montisLangobardos
2995 1759 3118 1799 cum
3137 1743 3557 1819 Desidetjo'regé

305 1814 548 1888 penuria;
573 1817 727 1888 panis
759 1814 1028 1888 perirent.
1080 1814 1755 1888 Pipinusircxll‘larbonam
1785 1834 1876 1871 ve-

306 1885 478 1948 niens,
508 1887 718 1949 Tolosa,
747 1885 954 1957 Albigis
1001 1894 1055 1940 et
1102 1887 1362 1957 lturtlienis
1391 1886 1464 1940 illi
1493 1887 1702 1939 tradita:
1728 1895 1872 1949 sunt,

305 1967 360 2010 et
387 1972 490 2010 non
516 1963 638 2026 post
664 1955 895 2026 multum
919 1965 1127 2025 tempus
1155 1955 1445 2011 Waifarius
1469 1957 1718 2026 princeps
1743 1957 1878 2010 olriit

306 2041 490 2080 mense
518 2024 718 2079 _Junio.
791 2024 1188 2095 Pipinus’vero
1239 2038 1330 2078 rex
1382 2024 1682 2094 principatu
1735 2027 1878 2092 illius

304 2112 334 2148 a
359 2097 518 2164 lepto,
553 2102 672 2165 post
700 2095 815 2149 dies
856 2104 1068 2149 centum
1115 2110 1299 2149 mense
1342 2096 1680 2164 Septembrio
1715 2098 1876 2149 vitam

309 2167 508 2228 ﬁnivit,
550 2165 909 2288 regnavitique-
941 2165 1096 2218 anuis
1123 2165 1189 2218 27
1221 2180 1342 2219 cum
1372 2179 1469 2234 per
1497 2180 1666 2220 annos
1694 2165 1758 2218 l5
1787 2175 1879 2218 aut

309 2249 370 2287 eo
391 2235 620 2288 amplius
643 2235 770 2288 solis
838 2235 1013 2288 raucis
1033 2235 1321 2288 imperaret
1344 2252 1356 2288 :
1387 2235 1536 2288 ﬁnito
1559 2235 1878 2288 Aouitanico

304 2249 370 2287 eo
391 2235 620 2304 amplius
643 2235 770 2289 solis
790 2235 1321 2304 Francisimperaret
1344 2252 1356 2288 :
1387 2235 1536 2289 ﬁnito
1559 2235 1878 2304 Aquitanica

308 2304 465 2367 bello,
488 2303 638 2372 quod
670 2313 858 2359 contra
885 2303 1200 2359 Waifarium
1232 2306 1421 2360 ducem
1448 2303 1750 2374 Aquitanim
1785 2321 1880 2374 per

308 2377 589 2428 continuos
639 2390 830 2429 novem
879 2390 1049 2428 annos
1098 2375 1400 2444 gerebatur,
1454 2376 1593 2444 apud
1647 2374 1880 2430 Parisios

311 2445 500 2498 morbo
525 2460 676 2514 aquae
703 2444 982 2500 intercutis
1007 2445 1146 2499 diem
1171 2445 1320 2500 obiit.

354 2557 711 2615 EXORDIUM
758 2558 1268 2684 ωκοιὲὥίῶξκι
1314 2560 1454 2628 QUO
1505 2562 1831 2617 REGNARE

375 2717 726 2790 Regnumque
757 2719 898 2776 illius
927 2719 1020 2774 ﬁlii
1049 2720 1131 2790 sui
1159 2719 1383 2776 Carolus
1410 2731 1463 2776 et
1490 2721 1880 2780 Carlomannus

306 2788 535 2844 intcr‘se
572 2788 854 2864 dividunt,
909 2791 1003 2844 sed
1036 2788 1424 2845 Carlomannus
1451 2792 1599 2864 brevi
1639 2799 1881 2864 tempore

309 2875 471 2930 regno
498 2859 698 2931 potitus
723 2860 876 2924 obiit,
903 2869 1180 2931 totumque
1211 2875 1435 2930 regnum
1461 2863 1630 2931 patris
1654 2859 1880 2920 Carolus

305 2930 606 2984 mreunavit.

374 2944 792 3083 ἓίξῖῗὲξςποῌ
820 2999 967 3083 regis
998 2999 1130 3054 abiit
1160 3000 1548 3083 Batanregi‘na.
1574 3011 1749 3059 mater
1775 3002 1880 3058 Ca-

307 3069 406 3151 roli
445 3068 679 3151 inultalia
717 3069 783 3151 ad
815 3068 1065 3151 placitum
1094 3081 1282 3151 contra
1311 3068 1644 3151 Desiderium
1673 3087 1874 3151 regem,

303 3149 358 3210 et
384 3139 605 3210 reddita:
633 3147 756 3192 sunt
785 3139 1032 3210 civitates
1065 3141 1310 3210 plurimae
1352 3142 1418 3196 ad
1462 3152 1669 3210 partem
1701 3139 1874 3198 sancti

303 3209 470 3280 Petri,
495 3219 547 3263 et
569 3209 728 3280 Berta
752 3207 971 3280 adduxit
993 3207 1153 3264 ﬁliam
1178 3211 1434 3266 Desiderii
1463 3207 1519 3266 in
1549 3213 1792 3280 Francia,
1819 3222 1875 3270 et

305 3279 606 3345 insequenti
634 3292 774 3330 anno
794 3277 1236 3335 Carlus—mannus
1258 3291 1500 3336 mortuus
1522 3292 1624 3338 est.
1651 3277 1877 3340 Carolus

305 3357 506 3408 autem.
524 3346 975 3426 fratredcfuncto,
999 3363 1264 3404 consensu
1281 3352 1517 3406 omnium
1544 3351 1876 3409 Francorum

308 3433 400 3471 rex
431 3423 795 3469 constituitur.

375 3485 449 3538 De
476 3485 752 3555 nativitatc
774 3482 948 3536 Caroli
977 3484 1148 3555 Magni
1177 3494 1336 3555 atque
1363 3486 1582 3542 infantia
1603 3491 1689 3544 vel
1714 3492 1877 3545 etiam

305 3555 564 3624 pueritia,
613 3553 735 3623 quia
767 3568 941 3626 neque
969 3553 1183 3622 scriptis
1215 3553 1439 3625 usquam
1469 3557 1669 3626 aliquid
1697 3561 1876 3614 decla-

308 3633 482 3678 ratum
509 3631 618 3686 est,
656 3638 829 3692 neque
855 3624 1137 3693 quisquam
1169 3624 1326 3680 modo
1353 3624 1631 3694 superesse
1667 3628 1874 3682 inveni-

306 3702 395 3747 tur
435 3694 525 3762 qui
575 3694 764 3747 horum
813 3708 871 3748 se
914 3694 1058 3749 dicat
1092 3695 1289 3750 habere
1325 3696 1600 3759 notitiam,
1637 3698 1875 3753 scribere

307 3765 551 3836 ineptum
569 3763 852 3830 judicans;
905 3765 1200 3836 sed__actus
1229 3774 1282 3820 et
1310 3782 1514 3829 nzores,
1552 3775 1882 3836 ceterasque

308 3834 430 3887 vitae
482 3833 623 3887 illius
675 3839 854 3902 partes
899 3833 1241 3902 explicandas
1290 3843 1344 3890 et
1394 3833 1877 3902 demonstrandas,

306 3903 520 3975 omissis
558 3901 869 3971 incognitis,
911 3901 1144 3975 transire
1174 3905 1449 3975 disposui:
1491 3906 1565 3960 ita
1602 3915 1782 3960 tamen
1822 3901 1880 3963 ut

307 3973 482 4043 primo
512 3987 599 4043 res
628 3979 806 4043 gestas
850 3982 904 4043 et
943 3973 1084 4027 domi
1127 3981 1182 4027 ct
1223 3973 1374 4038 foris,
1403 3975 1594 4032 deinde
1618 3991 1798 4031 mores
1827 3985 1882 4032 et

305 4039 479 4095 studia
507 4039 652 4108 ejus,
695 4051 823 4114 tunc
862 4041 928 4097 de
973 4044 1123 4114 regni
1166 4045 1631 4101 administratione
1675 4055 1729 4102 et
1775 4047 1881 4102 tlne

311 4113 578 4186 narrando
596 4152 609 4175 ,
653 4111 891 4186 nihilque
920 4111 1133 4186 cognitu
1165 4114 1247 4167 vel
1274 4114 1435 4186 digna
1461 4115 1544 4170 vel
1573 4117 1878 4186 necessaria

306 4183 713 4255 praetermittam
746 4182 1002 4255 omnium
1025 4182 1284 4255 bellorum
1313 4182 1432 4254 qua:
1462 4185 1645 4255 gessit.
1694 4185 1879 4242 Primo

306 4249 685 4322 Aquitanicum
721 4265 750 4304 a
786 4259 937 4320 patre
971 4249 1596 4319 inchoatumfsed'non
1631 4255 1874 4322 ﬁnitum,

307 4321 428 4402 quia
460 4321 568 4402 cito
595 4321 782 4402 peragi.
809 4335 967 4402 posse
993 4323 1291 4387 videbatur,
1329 4323 1496 4380 fratre
1524 4325 1705 4402 adhuc
1732 4321 1873 4392 vivo,

305 4391 479 4464 etiam
519 4389 880 4464 et’auxiliu’m
927 4389 1077 4464 ferre!
1097 4402 1298 4464 rogato
1332 4395 1582 4464 suscepit.
1638 4394 1772 4449 Nam
1821 4389 1875 4452 et

307 4441 572 4534 agitauit;
596 4441 783 4534 at;
797 4441 1875 4534 βδέι-ςῑήᾱπέῑῖἰῖιοῆεῑιῖτῐειιίίῐιῑίίεῖιί
1906 4441 1953 4501 D

307 4530 609 4604 relinquere
632 4539 686 4584 et
709 4529 1048 4604 Wasconiam
1074 4542 1257 4601 petere
1278 4534 1479 4604 coegit;
1511 4529 1669 4604 quem
1696 4542 1874 4604 tamen

307 4599 380 4653 ibi
426 4602 724 4655 consistere
769 4616 876 4654 non
905 4599 1196 4664 sustinens,
1231 4599 1547 4659 transmisso
1580 4619 1738 4659 amne
1763 4602 1873 4659 Ga-

309 4683 530 4744 rumna:
561 4669 712 4738 Lupo
739 4668 1064 4744 Wasconum
1091 4671 1365 4744 _du_ci_per
1408 4673 1611 4744 legatos
1661 4672 1878 4744 mandat

307 4744 366 4789 ut
401 4736 674 4805 perfugam
711 4740 926 4809 reddat,
964 4741 1105 4809 quod
1137 4742 1189 4795 ni
1227 4736 1487 4797 festinato
1510 4743 1702 4808 faciat,
1739 4742 1878 4799 bello

308 4817 488 4881 secum
516 4808 996 4881 expostulatlrrum.
1031 4809 1137 4865 Sed
1166 4811 1344 4881 Lupus
1369 4813 1567 4867 saniori
1595 4829 1725 4867 usus
1752 4827 1878 4868 con-

307 4872 446 4936 silio,
480 4872 785 4956 nonisolum
817 4877 1081 4956 llnaldum
1109 4872 1303 4956 reddit,
1329 4883 1422 4935 sed
1447 4883 1610 4956 etiam
1642 4883 1876 4956 seipsum

307 4958 432 5027 eum
458 4947 731 5012 provincia
765 4947 862 5027 cui_
889 4958 1118 5027 praeerat
1162 4949 1278 5027 ejus
1318 4951 1571 5020 potestati
1607 4947 1874 5027 permisit.

239 5064 242 5084 ξ
307 5013 581 5092 Adrianus
607 5029 743 5082 papa
784 5013 1397 5092 urbis_Roma:_legatos
1431 5036 1556 5076 suos
1598 5013 1667 5076 ob
1693 5019 1878 5092 (Βήθη-

308 5083 512 5135 siouem
543 5082 795 5160 Romana:
826 5085 1080 5160 Ecclesiae
1114 5090 1185 5160 ad
1208 5082 1456 5144 carolum
1497 5106 1676 5160 regem
1708 5089 1878 5145 Fran—

307 5167 490 5231 corum
523 5152 670 5231 misit
689 5193 704 5215 ,
735 5155 874 5231 quia
907 5155 1056 5231 valde
1085 5156 1417 5231 allligehatur
1453 5176 1484 5214 a
1516 5152 1639 5228 revge
1669 5159 1878 5231 Lango-

311 5223 604 5294 bardorum
629 5223 928 5294 Desiderio,
965 5227 1055 5294 qui
1085 5223 1350 5284 Haistulfo
1383 5223 1719 5284 successerat
1743 5270 1758 5294 ,
1786 5223 1878 5284 'ac

307 5305 403 5369 per
429 5292 769 5369 donationem
797 5292 1148 5369 Pipini'rggis
1177 5297 1503 5369 Francorum
1543 5292 1764 5369 regnum
1799 5307 1878 5353 te-

307 5361 469 5432 nebat
496 5361 987 5432 Langobardorum.
1029 5361 1262 5432 Eratque
1292 5375 1418 5422 tunc
1447 5361 1670 5423 Carolus
1697 5383 1788 5422 rex
1823 5370 1876 5423 in

310 5429 426 5484 loco
468 5431 560 5499 qui
602 5429 798 5486 dicitur
832 5429 1270 5490 Teudonis-villa.
1314 5437 1544 5492 Veniens
1583 5438 1654 5492 ibi
1693 5439 1874 5495 domui

307 5501 586 5581 apostolici
615 5502 824 5581 .missus
848 5502 1098 5581 Adriani,
1143 5507 1356 5581 nomine
1383 5507 1877 5581 Petrus,_preci_bus

306 5571 581 5637 apostolici
613 5571 784 5639 ipsum
813 5573 878 5626 ad
905 5575 1286 5630 defendendam
1316 5587 1553 5632 sanctam
1582 5571 1877 5633 Ecclesiam

305 5639 613 5717 posullavlt,
635 5642 904 5717 utipsam
938 5643 1234 5717 Romanum
1265 5648 1515 5717 populum
1546 5649 1760 5717 superbi
1793 5664 1878 5704 re-

307 5707 388 5777 gis
410 5709 668 5765 Desiderii
693 5707 944 5765 liberaret
964 5730 976 5766 :
1001 5707 1294 5786 adiungens
1313 5707 1454 5788 q'uod
1474 5718 1585 5788 ipse
1604 5707 1874 5792 legitimus

625 5802 898 5860 Parant.
942 5803 1223 5867 XCVIII.

1902 3103 1950 3169 (Ξ

1983 1830 2170 1870 eorum
2214 1823 2269 1869 et
2306 1813 2534 1885 Oggerio
2571 1815 2625 1868 in
2665 1814 2846 1885 fugam
2883 1821 3284 1870 converterunt.
3332 1813 3556 1870 Carolus

1978 1900 2106 1940 vero
2150 1900 2245 1939 rex
2289 1884 2412 1939 cum
2447 1885 2695 1956 exercitu
2733 1884 2837 1939 'Suo
2874 1899 3041 1956 super
3081 1893 3296 1956 apertas
3338 1884 3554 1950 clusas,

1979 1956 2273 2010 auxiliante
2305 1955 2534 2010 Domino
2571 1963 2626 2010 et
2662 1963 2849 2010 sancto
2874 1954 3035 2009 Petro
3065 1956 3118 2008 in
3147 1954 3353 2008 Italiam
3390 1956 3558 2010 intra-

1981 2026 2086 2089 vit,
2135 2025 2202 2079 ad
2245 2025 2463 2095 Papiam
2505 2026 2779 2079 civitatem
2812 2040 2982 2094 usque
3019 2025 3302 2094 pervenit:
3351 2025 3406 2078 in
3449 2040 3554 2094 qua

1981 2095 2256 2150 Desiderio
2287 2095 2492 2158 incluso
2521 2095 2693 2158 ipsam
2719 2095 2992 2149 civitatem
3028 2095 3274 2158 obsedit,
3321 2102 3377 2148 et
3415 2095 3557 2149 vallo

1981 2164 2290 2220 firmissimo
2318 2163 2692 2220 circumdedit.
2731 2163 3034 2219 Celebravit
3068 2171 3245 2218 autem
3279 2165 3332 2218 in
3365 2164 3555 2220 iisdem

1979 2235 2175 2290 castris
2203 2235 2390 2289 Natale
2416 2234 2648 2299 Domini,
2677 2242 2731 2289 et
2761 2232 2964 2289 Pascha
2993 2232 3194 2288 anze.
3235 2233 3556 2290 Revertente

1981 2312 2160 2359 autem
2203 2321 2327 2374 cum
2374 2304 2468 2359 Dei
2515 2304 2747 2370 auxilio,
2794 2304 3252 2374 intercedentibus
3299 2306 3556 2374 apostolis

1981 2375 2140 2446 Petro
2164 2383 2217 2446 et
2239 2373 2425 2439 Paulo,
2452 2374 2688 2446 glorioso
2717 2390 2842 2446 rege
2862 2373 3074 2438 Carolo,
3101 2389 3130 2427 a
3158 2373 3397 2446 llomarla
3424 2377 3556 2432 urbe

1980 2445 2045 2527 ξιά
2075 2443 2504 2527 ιῗεψίειιι.νθηί.ςν
2546 2443 3032 2527 Messenae
3069 2444 3304 2527 υηίξίίιεις
3340 2443 3554 2527 Laeso-

1981 2514 2239 2570 bardi’de
2282 2514 2508 2585 singulis
2551 2514 2860 2570 civitatibus
2897 2515 3061 2585 Italia;
3099 2514 3557 2585 subdiderunt—se

1981 2585 2301 2656 dominioet
2325 2583 2591 2656 regimini,
2610 2585 2830 2656 gloriosi
2861 2585 3002 2655 regis
3029 2583 3224 2656 Caroli.
3270 2584 3556 2656 Adalgisus

1979 2655 2304 2737 vero‘ﬁlius
2355 2653 2634 2737 Desiderii'
2669 2653 2882 2737 fugiens
2928 2653 3122 2737 navem
3175 2654 3430 2737 inl‘ravit,
3485 2657 3557 2737 ad

1980 2723 2501 2796 Constantinopolim
2530 2723 2789 2796 perrexit.
2823 2723 3048 2796 Carolus
3073 2737 3201 2778 vero
3217 2723 3450 2796 Papiam
3477 2726 3557 2781 ci-

1979 2795 2200 2850 vitatem
2238 2810 2274 2848 x
2310 2792 2480 2850 annos
2503 2792 2742 2859 obsedit,
2791 2802 2846 2849 et
2888 2795 2959 2849 ita
3001 2807 3184 2848 mense
3211 2792 3371 2849 Jun’io
3399 2805 3556 2859 capta

1979 2872 2063 2919 est
2104 2865 2296 2920 civitas
2337 2881 2369 2920 a
2409 2865 2651 2921 Francis.
2699 2864 2870 2921 Porro
2899 2865 3166 2921 gloriosus
3205 2879 3300 2918 rex
3330 2864 3556 2921 Carolus

1981 2943 2173 3007 cuncta
2210 2935 2362 3007 Italia
2396 2936 2497 3007 sibi
2535 2935 2816 3007 subjugata
2849 2935 2932 3007 vel
2965 2935 3242 3007 ordinata,
3283 2936 3557 2991 custodias

1981 3003 2311 3077 Francorum
2353 3005 2410 3077 in
2445 3005 2608 3077 Papia
2635 3003 2856 3077 civitate
2883 3005 3163 3077 dimissas,
3204 3010 3473 3077 trusoqne
3499 3007 3556 3061 in

1982 3075 2230 3147 exsilium
2253 3074 2537 3131 Desiderio
2551 3091 2696 3147 rege,
2718 3085 2772 3132 et
2791 3074 3042 3147 Oggerio,
3061 3082 3116 3129 et
3133 3089 3320 3147 uxore,
3349 3083 3402 3129 et
3425 3075 3552 3139 ﬁlia,

1981 3145 2098 3215 ipse
2143 3161 2266 3200 cum
2315 3160 2508 3214 magno
2543 3141 3174 3215 triumphof'auxiliante
3204 3141 3452 3209 Domino,
3501 3147 3557 3200 in

2025 3215 2208 3271 rancia
2237 3229 2488 3271 reversus
2525 3225 2626 3271 est.
2683 3214 2773 3272 Sic
2814 3231 3034 3284 regnum
3077 3214 3557 3284 Langobardorum

1978 3286 2168 3341 ﬁnivit.
2212 3285 2593 3356 Regnaverunt
2620 3283 2957 3356 Langobardi
2988 3285 3143 3356 annis
3169 3283 3292 3356 2M.

2047 3357 2205 3412 Anno
2233 3353 2367 3422 ’δι-ιιι,
2415 3365 2557 3412 anno
2597 3353 2803 3412 scilicet
2839 3355 2873 3409 5
2902 3355 3076 3410 Caroli
3116 3355 3284 3422 regis,
3331 3353 3556 3410 Carolus

1980 3440 2075 3480 rex
2106 3427 2379 3480 hostiliter
2407 3427 2680 3494 ingressus
2707 3435 2790 3480 est
2822 3423 3168 3494 inSaxouia,
3204 3432 3259 3494 et
3288 3424 3555 3480 destruxit

1979 3494 2162 3549 fanum
2193 3509 2380 3550 eorum
2402 3493 2544 3563 quod
2566 3497 2858 3550 vocabatur
2880 3493 3192 3556 Hirminsul,
3220 3493 3556 3550 inchoatum-

1984 3578 2088 3632 que
2112 3579 2233 3617 cum
2264 3564 2343 3633 eis
2369 3564 2568 3633 bellum
2589 3564 2673 3618 vix
2689 3578 2843 3633 unus
2865 3577 3038 3633 annus
3060 3571 3281 3616 exactus
3309 3564 3389 3618 sic
3411 3564 3555 3633 quod

1985 3631 2092 3686 non
2131 3633 2199 3687 ah
2236 3631 2316 3687 eis
2354 3631 2721 3700 hujuscemodi
2758 3633 2896 3686 facta
2936 3632 3006 3685 sit
3043 3633 3385 3701 permutatio.
3430 3631 3555 3688 'Sed

1985 3702 2402 3771 magnanimitas
2451 3701 2593 3771 regis
2636 3717 2700 3756 ac
2745 3708 3001 3770 perpetua
3055 3709 3161 3754 tam
3214 3701 3268 3755 in
3313 3704 3556 3758 adversis

1982 3785 2143 3839 quam
2184 3772 2238 3825 in
2275 3773 2548 3840 prosperis
2584 3772 2782 3825 mentis
2818 3771 3152 3833 constantia,
3197 3772 3556 3828 mutabilitate

1981 3856 2089 3910 non
2115 3840 2258 3895 vinci
2285 3849 2516 3910 poterat,
2543 3841 2626 3894 vel
2658 3842 2726 3896 ab
2753 3841 2837 3897 his
2864 3857 2983 3910 quae
3011 3855 3170 3909 agere.
3196 3851 3434 3910 coeperat
3465 3842 3558 3897 de—

1983 3857 2089 3895 non
2115 3857 2258 3895 vmci
2359 3857 2516 3905 terat,
2543 3857 2626 3894 vei
2658 3857 2726 3896 ab
2753 3857 2837 3897 ms
2864 3857 2983 3910 quae
3011 3857 3170 3909 agere
3196 3857 3434 3910 coeperat
3465 3857 3557 3897 ue—

1983 3908 2218 3979 fatigari.
2279 3857 2413 3981 ggm
2465 3926 2738 3981 nunquam
2789 3925 2885 3966 eos
2935 3910 3304 3977 hujuscemodi
3353 3911 3557 3981 aliquid

1981 3986 2356 4051 perpetrantes
2389 3979 2608 4049 impune
2626 3979 2768 4035 ferre
2794 3995 2987 4050 passus
3014 3988 3126 4046 est,
3157 3981 3286 4050 quin
3315 3990 3408 4034 aut
3438 3979 3554 4051 ipse

1982 4051 2050 4104 de
2079 4049 2342 4120 seducto,
2378 4057 2471 4120 aut
2505 4065 2602 4120 per
2629 4049 2856 4106 comites
2899 4049 3234 4120 suos,mis§o
3277 4049 3552 4116 exercitu,

1979 4118 2260 4189 perﬁdiam
2286 4118 2656 4191 ulcisceretur,
2683 4128 2751 4191 et
2767 4121 2982 4190 dignam
3007 4119 3075 4174 ab
3094 4121 3174 4175 eis
3198 4136 3411 4191 pinnam
3442 4123 3552 4177 cxi-

1979 4188 2162 4260 geret,
2209 4188 2549 4260 usquedum
2591 4188 2845 4246 omnibus
2881 4191 2974 4260 qui
3018 4188 3270 4246 resistere
3311 4191 3557 4248 solebant

1978 4256 2368 4330 profligatis,—et
2385 4259 2448 4330 in
2474 4275 2572 4314 sua
2593 4268 2857 4330 potestate
2881 4256 3147 4326 redactis;
3179 4261 3362 4315 decem
3391 4261 3556 4318 millia

1978 4343 2211 4400 namque
2250 4329 2527 4400 hominum
2563 4329 2630 4384 ex
2667 4329 2752 4385 his
2794 4330 2886 4399 qui
2930 4339 3187 4400 utrasque
3225 4332 3371 4400 ripas
3404 4331 3555 4387 Alvis

1977 4397 2216 4470 lluminis
2244 4399 2550 4470 incolebant
2571 4415 2740 4470 ,7cum
2779 4397 3035 4470 uxoribus
3069 4397 3125 4454 ei
3153 4397 3393 4470 parvulis
3421 4403 3552 4456 sub-

1979 4467 2114 4540 latos
2159 4468 2468 4540 transtulit,
2505 4477 2559 4540 et
2594 4469 2702 4540 huc
2733 4477 2906 4540 atque
2941 4469 3066 4525 illuc
3103 4467 3203 4540 per
3228 4469 3454 4540 Galliam
3500 4480 3556 4526 et

1975 4537 2323 4610 Germaniam
2364 4537 2675 4593 multimoda
2715 4537 2979 4610 divisione
3021 4537 3336 4610 dis—tribuit,
3382 4556 3554 4610 eaque

1977 4607 2288 4663 conditione
2325 4623 2356 4662 a
2394 4623 2519 4679 rege
2555 4609 2830 4681 proposita
2854 4650 2870 4676 ,
2923 4617 2977 4664 et
3016 4610 3084 4666 ab
3120 4609 3226 4665 illis
3264 4607 3512 4681 suscepta
3537 4652 3552 4675 ,

1978 4684 2210 4731 tractum
2245 4692 2341 4746 per
2371 4686 2448 4733 tot
2482 4693 2653 4733 annos
2677 4679 2874 4734 bellum
2906 4687 3118 4735 constat
3154 4695 3273 4736 esse
3311 4679 3552 4745 ﬁnitum.

1976 4755 2033 4800 et
2062 4746 2279 4821 abjecto
2297 4747 2598 4821 darmonum
2626 4748 2770 4821 cultu
2789 4789 2805 4815 ,
2850 4758 2904 4805 et
2941 4750 3153 4821 relictis
3172 4750 3364 4821 patriis
3391 4767 3556 4806 caere—

1978 4817 2193 4890 moniis,
2224 4816 2556 4890 Christianre_
2570 4818 2705 4890 ﬁdei
2723 4827 2882 4890 atque
2913 4816 3191 4890 religionis
3216 4830 3552 4890 sacramenta

1979 4887 2343 4962 susciperent,
2377 4897 2432 4942 et
2461 4903 2490 4941 a
2518 4887 2986 4962 Francis‘hdunati
3020 4887 3158 4943 unus
3189 4892 3312 4962 cum
3343 4889 3423 4943 eis
3455 4904 3554 4958 po-
3619 4941 3633 4962 ί

1975 4955 2135 5026 p-lus
2171 4955 2490 5012 efficeretur.
2548 4957 2661 5010 Hoc
2698 4958 2838 5011 bello
2875 4959 3001 5012 licet
3033 4972 3131 5025 per
3157 4959 3384 5010 multum
3418 4955 3554 5012 tein-

1977 5026 2124 5093 poris
2169 5026 2410 5096 spatium
2454 5026 2780 5096 traheretur,
2835 5027 2948 5096 ipse
2997 5042 3103 5096 non
3136 5026 3381 5096 amplius
3431 5043 3554 5082 cum

1979 5097 2134 5165 hoste
2162 5093 2324 5165 quam
2347 5095 2446 5165 bis
2483 5095 2600 5149 acie
2627 5093 2898 5159 conflixit,
2941 5095 3105 5151 semel
3129 5093 3294 5165 juxta
3315 5106 3554 5152 montem

1978 5167 2068 5232 qui
2095 5164 2168 5219 Os
2181 5163 2358 5235 'Neggi
2389 5165 2578 5235 dicitur
2616 5165 2667 5218 in
2701 5165 2818 5220 loco
2846 5165 3124 5221 Teotmelli
3156 5164 3461 5232 nominato;
3503 5175 3560 5222 et

1978 5235 2173 5288 iterum
2207 5233 2347 5303 apud
2375 5233 2480 5288 Asa
2515 5235 2754 5299 fluvium,
2785 5245 2840 5290 et
2873 5236 2976 5290 hoc
3005 5251 3110 5290 uno
3137 5250 3339 5299 mense,
3371 5237 3557 5303 paucis

1978 5318 2190 5372 quoque
2217 5304 2548 5374 interpositis
2572 5304 2782 5360 diebus.
2810 5306 2906 5361 His
2927 5305 3137 5366 duobus
3155 5305 3351 5374 praeliis
3372 5304 3557 5363 hostes

1979 5374 2115 5429 adeo
2151 5372 2416 5443 profligati
2468 5383 2592 5428 sunt
2625 5391 2686 5430 ac
2726 5375 2964 5449 devicti,
3005 5384 3063 5429 ut
3095 5372 3330 5449 ulterius
3359 5391 3555 5449 regem

1981 5457 2154 5514 neque
2184 5457 2506 5514 provocare,
2538 5460 2711 5514 neque
2737 5445 2968 5500 venienti
3004 5445 3286 5514 resistere,
3319 5445 3420 5500 nisi
3440 5445 3554 5501 'all-

1979 5527 2082 5580 qua
2114 5513 2216 5567 loci
2249 5513 2545 5568 munitione
2573 5513 2777 5568 defensi
2815 5515 3092 5569 auderent.
3142 5513 3332 5568 Plures
3375 5523 3552 5571 tamen

1978 5597 2043 5636 eo
2071 5581 2212 5637 bello
2250 5591 2358 5653 tam
2389 5599 2454 5639 ex
2488 5584 2769 5643 nobilitate
2797 5585 3127 5639 Francorum
3147 5625 3161 5648 ,
3193 5599 3354 5653 quam
3384 5583 3554 5639 Saxo-

1979 5668 2136 5726 num,
2178 5659 2235 5707 et
2269 5651 2437 5708 functi
2477 5654 2702 5726 summis
2729 5654 3022 5710 honoribus
3049 5651 3351 5724 consumpti
3395 5665 3548 5726 sunt,

1987 5723 2305 5791 tandemque
2335 5737 2476 5776 anno
2501 5725 2570 5779 55
2599 5722 2804 5778 ﬁnitum
2831 5731 2932 5780 est.
3277 5722 3291 5724 “
3531 5722 3560 5790 ζ,

3041 5813 3118 5872 1εὸ
