4018 6178
322 301 456 358 1441

327 415 528 468 Lumen
565 402 915 474 apostolicum
950 394 1150 456 crudeli
1181 398 1368 454 funere
1397 396 1567 468 plagis

326 476 655 537 Occubuisse
681 474 828 535 feris,
869 487 991 524 nam
1015 484 1238 539 serpens
1258 483 1432 523 saevus
1449 476 1511 539 iet
1540 476 1716 529 atrox,

328 550 432 618 Qui
464 546 601 618 solet
621 544 900 618 unanimes
920 539 1060 594 bello
1079 537 1416 618 committere
1438 537 1534 618 fra;
1548 553 1652 601 res,

329 607 548 674 gemina
579 613 815 684 pestifcri
837 609 1045 679 jactare
1068 609 1308 684 uocenda
1336 607 1527 684 veneni

330 687 514 744 Suasit
544 677 597 737 in
629 677 917 737 innocuum
945 680 1162 733 cazcatis
1186 677 1455 731 mentibus
1474 689 1663 743 omnes

331 757 553 815 Saevire,
584 759 639 808 et
663 750 890 806 famulos
916 747 1190 802 dominum
1217 745 1485 800 trucidare
1507 753 1799 814 potentem.

331 827 458 882 Dira
482 822 677 877 animis
702 821 888 890 illapsa
915 819 1030 872 lues
1055 829 1109 890 et
1142 817 1390 870 sensibus
1415 817 1601 890 laesit,

335 897 496 950 Virus
519 885 830 962 pestiferum
857 887 1103 962 concepit
1127 894 1318 956 pectus
1343 885 1616 962 anhelum,

331 955 560 1020 Insidia's
580 976 808 1030 posuere
834 958 951 1012 viro
978 955 1327 1030 inertemque
1341 955 1603 1030 parabant

329 1033 556 1104 insonti,
581 1023 898 1104 tristemque
923 1041 1109 1081 necem
1138 1023 1290 1094 plebs
1316 1025 1482 1104 impia
1505 1023 1626 1104 telis
1663 1092 1673 1103 .

332 1102 613 1159 Pastorem
637 1100 688 1153 in
717 1099 991 1169 proprium
1017 1110 1243 1169 seseque
1260 1099 1492 1169 armavit
1511 1099 1726 1169 iniquis.

334 1175 474 1229 Dum
495 1163 1018 1225 solitum'transissct
1039 1166 1142 1218 iter
1176 1165 1284 1218 Leo
1322 1179 1456 1231 papa
1481 1163 1514 1215 h
1537 1164 1748 1230 inignus

337 1245 404 1298 Et
427 1256 578 1296 sacra
608 1237 863 1292 Laurenti
900 1243 1104 1305 peteret
1130 1234 1262 1302 pede
1285 1233 1469 1305 limina
1506 1233 1698 1305 sancti,

337 1313 496 1368 Plebs
538 1310 757 1363 demens
797 1301 1142 1376 populusque,
1160 1303 1411 1357 vecthros
1438 1315 1462 1340 ιι
1487 1302 1643 1443 malal
1670 1316 1799 1422 sanla
1825 1301 1912 1364 ju-

1651 1386 1750 1426 vei
1780 1386 1842 1424 us

1651 1378 1842 1426 veitus

335 1450 592 1505 Fustibus
610 1454 664 1500 et
693 1445 882 1515 gladiis
908 1443 1122 1498 nudatis
1155 1443 1372 1498 ensibus
1403 1441 1579 1515 omnis

336 1521 501 1575 Irruit
524 1520 575 1572 in
607 1511 873 1570 summum
899 1522 1171 1584 pastorem
1197 1515 1352 1566 turba
1380 1511 1628 1584 tumultu,

337 1593 494 1645 Cieca
519 1587 721 1648 furens,
751 1580 928 1640 subito
953 1584 1084 1638 diris
1121 1590 1389 1638 commota
1411 1580 1680 1651 procellis,

341 1661 509 1712 Sacra
543 1655 842 1710 sacerdotis
866 1655 1150 1721 torquebat
1173 1650 1424 1707 membra
1443 1650 1666 1720 ﬂagellis
1684 1690 1698 1711 ,

341 1730 514 1784 Unius
543 1727 597 1780 in
633 1740 818 1780 casum
841 1723 1131 1778 multorum
1155 1724 1306 1776 szevit
1328 1723 1509 1776 hiatus
1535 1759 1550 1785 ,

339 1797 636 1852 Carniﬁces
670 1795 910 1863 geminas
943 1801 1220 1863 traxerunt
1238 1791 1416 1846 fronte
1443 1789 1740 1863 fenestras,

341 1870 414 1922 Et
440 1860 1019 1920 celerem'abscindunt
1054 1862 1292 1916 lacerato
1319 1875 1548 1930 corpore
1567 1860 1824 1928 linguam.

343 1937 662 1992 I’ontiﬁcem
693 1943 900 1986 tantum
938 1947 1056 1987 sese
1088 1933 1384 1987 extinxisse
1412 1932 1638 2000 putabat

342 2008 502 2062 Plebs
528 2006 724 2074 pietate
752 2018 944 2074 carens
965 2003 1204 2074 atrisque
1231 2001 1427 2074 infecta
1439 2000 1701 2074 venenis;

344 2078 454 2131 Sed
490 2065 682 2130 manus
729 2073 868 2127 alma
917 2072 1089 2143 patris
1116 2065 1302 2127 'oculis
1331 2065 1916 2208 medicamiualadcm-

1743 2153 1777 2205 p
1803 2153 1850 2189 ιδ

1743 2146 1850 2205 ptis

341 2215 552 2271 Obtulit
579 2223 741 2282 atque
777 2229 916 2269 novo
943 2211 1214 2284 reparavit
1240 2211 1444 2284 lumine
1468 2209 1697 2262 vultum.

343 2288 454 2342 Ora
483 2281 791 2354 peregrinos
823 2281 1144 2354 stupuerunt
1170 2281 1365 2354 pallida
1393 2283 1560 2354 visus,

343 2347 594 2424 Explicat
605 2347 659 2406 Et
672 2353 899 2407 celerem
914 2347 1281 2424 truncata—que
1301 2352 1480 2424 lingua
1511 2347 1797 2424 loquelam.

344 2420 480 2479 Cum
501 2424 663 2478 sociis
691 2440 912 2492 magnus
941 2422 1282 2494 paucisfugit
1307 2420 1428 2476 inde
1451 2420 1702 2494 sacerdos

344 2495 499 2548 Clam
520 2501 704 2563 petere
736 2488 992 2547 auxilium
1023 2488 1342 2562 Spolitinam
1379 2490 1551 2563 tendit
1578 2489 1646 2542 ad
1675 2488 1883 2542 urbem.

345 2565 392 2617 Α
423 2562 564 2618 DuCe
589 2579 710 2617 cum
739 2579 932 2632 magno
963 2565 1021 2618 ﬁt
1044 2563 1132 2618 hic
1157 2570 1438 2632 susceptus
1465 2562 1671 2616 honore

348 2633 636 2702 Winigiso,
661 2641 716 2688 et
742 2629 926 2688 multis
949 2633 1254 2702 cumulatus
1275 2629 1332 2686 iu
1355 2632 1544 2687 ordine
1568 2629 1741 2685 donis.

346 2701 738 2757 Audit’ltaliam
771 2704 965 2758 missos
989 2704 1199 2758 venisse
1224 2701 1412 2756 ﬁdeles

348 2773 703 2836 Francorum,
735 2781 788 2828 et
810 2773 1022 2828 solitam
1055 2771 1312 2827 Romanis
1344 2770 1486 2826 ferre
1523 2769 1750 2824 salutr-m

349 2841 470 2896 Non
495 2842 747 2906 voluisse,
782 2857 939 2897 suum
961 2844 1214 2912 quoniam
1241 2842 1355 2898 sine
1390 2842 1546 2909 culpa
1579 2847 1853 2912 potentem

352 2911 640 2982 Snppliciis
668 2913 945 2968 dominum
974 2909 1328 2982 cruciasscnt,
1360 2927 1484 2982 mox
1509 2909 1820 2982 manifestos

351 2978 446 3036 Illé
466 2978 656 3036 venire
677 2983 822 3037 viros
845 2983 912 3036 ad
948 2997 1006 3037 se
1031 2981 1206 3051 jubet,
1231 2989 1391 3051 atque
1421 2981 1496 3034 ita
1523 2978 1625 3034 fari

351 3053 563 3122 Incipit,
603 3061 657 3106 et
682 3060 926 3107 truncata
957 3053 1106 3108 brevi
1136 3052 1274 3108 infra
1309 3051 1753 3122 linguapalatum

352 3120 524 3177 Cursu
547 3131 662 3176 erat
691 3123 956 3192 placidam
985 3123 1308 3194 depromeus
1333 3137 1466 3194 voce
1491 3120 1756 3189 loquelam
1785 3135 1796 3168 :

353 3195 462 3262 Vos
489 3207 589 3260 ego
615 3190 916 3262 percaram
943 3190 1120 3248 Caroli
1142 3192 1365 3262 eonjuro
1392 3190 1620 3262 salutem
1704 3218 1709 3222 -

355 3261 518 3329 Regis
541 3269 599 3313 ut
633 3260 859 3327 ejectum
892 3277 977 3314 me
1010 3260 1306 3320 defendetis
1338 3262 1365 3300 ι)
1397 3261 1451 3314 in
1475 3261 1642 3314 armis

353 3329 578 3383 Finibus
606 3344 633 3380 a
672 3329 902 3397 propriis
930 3337 984 3381 et
1016 3331 1158 3383 sedis
1187 3331 1389 3383 honore
1420 3331 1713 3397 repulsum.

356 3398 440 3452 Me
469 3411 682 3465 quoque
704 3396 977 3450 vobiscum
1001 3399 1069 3450 ad
1099 3407 1336 3458 vestrum
1368 3396 1574 3465 ducetis
1599 3397 1838 3464 opimum

357 3464 579 3537 Regem,
599 3464 668 3529 et
687 3465 940 3537 praecipui
967 3465 1125 3520 liceat
1153 3465 1285 3520 mihi
1313 3464 1570 3537 principis
1592 3480 1687 3518 ora

354 3533 608 3600 Cernere,
643 3533 735 3604 qui
761 3534 910 3602 justo
938 3546 1154 3590 nostros
1191 3533 1460 3589 examinet
1487 3533 1643 3588 actus

355 3605 586 3670 Iudicio,
623 3615 676 3660 et
704 3606 896 3660 vindex
924 3606 1218 3660 saevissima
1238 3605 1461 3658 verbera
1489 3615 1671 3658 nostra

355 3676 622 3737 Vindicet,
653 3676 876 3746 insignis
901 3675 1076 3730 luctus
1095 3675 1461 3746 gemitumque
1480 3687 1764 3741 meumque

354 3747 582 3809 Allevet,
608 3743 850 3800 addendo
876 3755 1073 3800 nostra:
1094 3743 1283 3799 solatia
1314 3743 1456 3798 vitai.

356 3815 501 3897 {Ergo
521 3817 684 3897 agite,
711 3822 767 3897 et
791 3821 970 3897 vesti-‘a
996 3817 1040 3895 si
1067 3831 1211 3897 nunc
1243 3813 1584 3897 mih‘iugratia
1620 3821 1770 3893 certa
1803 3819 1886 3863 est
1912 3849 1927 3872 ,

357 3883 578 3954 Eripite“
600 3885 684 3939 his
709 3885 886 3954 terris,
917 3885 1192 3940 David-me
1215 3883 1492 3954 obtutibus
1521 3883 1682 3954 almis

356 3951 691 4010 Przésentate
722 3955 843 4016 viri.
868 3951 982 4020 jam
1014 3971 1112 4010 nos
1140 3969 1288 4008 mora
1314 3953 1462 4008 nulla
1493 3953 1722 4008 tenendo

356 4022 636 4095 impediat,
671 4024 874 4094 gelidas
894 4040 1208 4094 superemus
1230 4026 1486 4095 cursibus
1505 4024 1688 4095 Alpes.
1725 4092 1736 4095 _
1785 4062 1796 4095 _.

357 4092 485 4148 Ilaec
507 4094 614 4148 Leo
642 4092 797 4163 papa,
827 4092 1022 4150 cohors
1060 4095 1389 4150 Francorum
1421 4092 1588 4148 mixta
1621 4092 1828 4155 Latinis

358 4163 644 4235 Obstupuit
670 4165 895 4235 Domino
916 4175 1098 4235 grates
1119 4164 1411 4235 laudesque
1437 4164 1736 4234 rependens

360 4233 460 4300 Qui
493 4250 628 4288 nova
653 4233 892 4302 pontiﬁci
917 4233 1170 4290 reddebat
1196 4234 1395 4287 lumina
1422 4233 1652 4296 summo,

361 4303 428 4374 Et
453 4306 790 4374 desperatam
821 4306 1086 4374 condebat
1114 4305 1169 4358 in
1191 4320 1284 4357 ore
1312 4303 1599 4373 loquelam.

361 4373 429 4426 At
447 4373 671 4428 Germar
691 4382 878 4428 contra
899 4373 1134 4428 breviter
1155 4375 1231 4428 sic
1258 4383 1478 4428 vocibus
1500 4389 1646 4435 usus,

362 4443 494 4514 Lux,
526 4445 690 4498 decus
711 4445 983 4514 egregium
1008 4445 1343 4514 populorum,
1369 4444 1546 4497 lumen
1571 4457 1864 4504 alumnum,

362 4511 552 4567 Pasnor
572 4511 897 4583 apostOlicus
922 4511 1260 4568 venerandus
1286 4513 1339 4566 in
1370 4515 1500 4567 orbe
1527 4515 1776 4566 sacerdos

362 4584 435 4637 Te
462 4585 716 4638 mandare
742 4584 893 4654 decet
921 4583 1263 4654 quidcunque
1289 4583 1340 4637 in
1361 4583 1528 4654 corde
1547 4583 1768 4654 volutas,

364 4654 468 4723 Nos
493 4669 683 4721 parere
714 4654 817 4708 tuis
848 4653 1062 4719 fas’est,
1087 4653 1240 4722 pater
1268 4655 1490 4723 optime,
1512 4653 1698 4722 jussis.

362 4722 484 4776 Inde
514 4725 614 4777 iter
642 4724 903 4793 incipiunt
935 4725 1040 4779 lzeti
1070 4722 1376 4793 rapidisque
1405 4725 1580 4776 metiri

363 4793 631 4856 Passibus,
664 4792 890 4861 Augusti
911 4793 1065 4860 juvat
1094 4792 1169 4847 ire
1199 4794 1264 4846 ad
1295 4792 1477 4848 limina
1501 4792 1699 4860 magni,

363 4862 612 4917 Ililliciles
642 4872 849 4916 tentare
879 4865 1012 4928 vias,
1039 4864 1336 4932 callcmqnc
1360 4876 1606 4916 severum

367 4933 590 5002 Vincere
625 4933 874 4987 certatim
902 4933 1113 4987 diversa
1145 4948 1240 5001 per
1267 4933 1459 5002 oppida
1489 4940 1738 5000 pergunt.

361 5001 656 5073 lmmmcraa
685 5012 977 5056 occurrunt
1009 5006 1208 5073 passim
1237 5001 1313 5057 ad,
1343 5005 1645 5073 spectacula
1677 5004 1867 5064 turbat,

364 5071 640 5126 Pontificis
669 5088 852 5126 sacras
879 5071 1175 5140 gaudentes
1198 5071 1434 5127 lambere
1463 5071 1692 5140 plantas,

363 5142 632 5209 Multaque
654 5151 914 5210 praaterea
938 5143 1274 5198 cumulantes
1301 5157 1521 5196 munera
1548 5152 1763 5210 portant

363 5210 430 5282 Et
451 5213 627 5282 capite
655 5211 710 5264 in
737 5213 902 5282 veteri
933 5214 1078 5266 visus
1107 5213 1374 5267 cernendo
1405 5211 1642 5266 novellos

363 5278 681 5348 Obstipeant
703 5292 752 5347 ε,
784 5281 1125 5352 linguamque
1146 5283 1294 5352 loqui
1321 5283 1585 5336 mirantur
1613 5282 1936 5350 ademptam,

436 5423 461 5452 ι
503 5412 632 5482 Leg.
666 5430 840 5469 vecors
865 5456 880 5479 ,
920 5431 1021 5470 nec
1060 5415 1224 5471 refert
1265 5417 1406 5486 quod
1440 5416 1577 5469 ratio
1624 5415 1943 5485 quantitatis

367 5491 630 5607 repugnat
697 5499 858 5554 quam
891 5487 993 5540 istc
1028 5502 1134 5541 non
1158 5489 1291 5543 adeo
1322 5488 1572 5558 religiose
1597 5496 1866 5542 OuSCl'l'Jl.

442 5560 466 5594 δ
561 5568 630 5624 ‘g.
655 5553 967 5624 defendatis.

442 5570 466 5594 ο
503 5570 630 5624 Leg.
655 5570 967 5624 aejemtam.

439 5636 460 5662 ο
497 5624 677 5688 Forte,
707 5626 1032 5694 obstupeam.

436 5694 459 5733 δ
495 5695 644 5763 l.eg.,
682 5696 872 5748 tremit.

1513 288 1761 344 SECTIO
1791 282 1880 342 Ill.
1922 317 1990 328 —
2029 283 2342 340 POETICA.

3441 281 3463 333 I
3475 281 3580 335 H2

1926 417 1972 475 Α
1999 395 2118 475 ,ἔρνη
2141 393 2339 473 dudum
2358 401 2418 475 Aet
2441 391 2671 475 celerem
2699 401 3192 475 rec‘reantemjoce
3218 393 3506 464 loquelam.

2003 464 2118 517 Rex
2145 463 2267 532 pius
2297 463 2501 517 interea
2527 461 2758 532 gelidum
2784 465 3152 535 transnavigat
3172 461 3384 518 amnem

2002 535 2170 587 David
2194 535 2430 602 spumosi
2459 546 2719 602 superans
2743 549 2876 602 vaga
2908 535 3103 588 caerula
3129 535 3302 589 Rheni

2001 601 2251 657 Armatas
2280 602 2424 656 acies
2453 601 2594 655 inter
2618 601 2930 671 primosque
2957 613 3210 659 coruscat

2001 671 2216 726 Arduus
2238 687 2388 725 arma
2413 681 2615 734 tenens,
2653 673 2928 740 equitatus
2951 674 3154 727 vertice
3185 681 3296 728 toto

2003 743 2308 812 Exsuperat
2340 741 2586 812 comites,
2618 740 2886 812 fulgentes
2906 757 3013 796 :ere
3035 751 3267 798 catervae

2010 810 2256 882 Undique
2276 809 2519 882 collectae
2535 809 2826 878 properant
2857 818 3020 878 atque
3042 812 3256 882 agmina
3271 810 3506 882 jungunt

2005 881 2141 934 Cum
2169 879 2385 932 fremitu
2413 880 2582 944 vario,
2621 894 2741 934 sese
2769 890 2824 933 et
2851 890 3030 949 stupet
3058 879 3227 935 inscia
3258 879 3436 946 tellus,

2006 949 2247 1011 Loricas,
2284 963 2461 1013 enses,
2493 950 2692 1018 galeas,
2735 957 2815 1004 tot
2844 961 2997 1004 scuta
3027 951 3264 1005 virorum

2006 1019 2084 1072 Ac
2105 1033 2366 1090 concussa
2393 1026 2588 1090 tremet
2609 1018 2638 1057 ἀ
2668 1021 2769 1073 sub
2796 1029 2944 1074 tanto
2969 1022 3206 1090 pondere
3235 1019 3382 1074 ferri.

2010 1090 2207 1142 Vastus
2229 1088 2297 1140 ad
2325 1095 2469 1141 astra
2495 1086 2747 1156 frequens
2779 1086 3091 1144 conscendit
3117 1091 3342 1155 clamor,
3373 1098 3429 1145 et
3452 1093 3588 1145 echo

2011 1159 2254 1228 Rupibus
2281 1172 2311 1210 e
2336 1158 2527 1226 gelidis
2551 1173 2748 1214 saxoso
2775 1175 2804 1212 a
2835 1168 3018 1214 monte
3049 1160 3292 1216 resultat.

2011 1229 2104 1282 Est
2130 1229 2279 1299 locus
2305 1228 2529 1297 insignis
2557 1244 2662 1296 quo
2691 1229 2849 1283 Patra
2880 1240 2935 1284 et
2956 1230 3120 1299 Lippa
3144 1231 3422 1294 ﬁucntant,

2011 1299 2164 1371 ultus
2186 1307 2240 1350 et
2270 1297 2320 1349 in
2351 1301 2493 1371 nudo
2524 1314 2710 1371 campo
2727 1299 2872 1371 jacet
2898 1297 3132 1371 undique
3159 1301 3306 1371 largo

2015 1368 2249 1421 Vestitns
2273 1368 2466 1434 spatio,
2496 1367 2653 1422 celso
2668 1369 2732 1422 de
2754 1370 2888 1422 colle
2915 1367 3085 1424 videri

2015 1437 2255 1505 Namque
2288 1447 2466 1504 potest
2489 1438 2625 1507 legio
2645 1441 2839 1503 omnis,
2872 1449 2924 1493 et
2945 1440 3068 1494 hinc
3097 1439 3368 1494 exercitus
3387 1437 3589 1504 omnis,

2014 1508 2204 1562 Castra
2234 1508 2431 1562 ducum
2457 1517 2511 1562 et
2537 1509 2793 1562 comitum
2822 1510 3196 1579 radiantiaque
3239 1525 3388 1563 arma
3425 1510 3588 1650 lviro-

3451 1594 3588 1633 min.

3451 1594 3566 1633 I‘lllll
3573 1615 3588 1631 .

2017 1647 2135 1702 IIuc
2163 1645 2388 1702 Carolus
2411 1648 2595 1702 multis
2625 1648 2856 1717 stipatus
2881 1649 3120 1703 millibus
3147 1649 3309 1705 heros

2017 1716 2267 1781 Advenit,
2291 1726 2344 1772 et
2374 1719 2589 1772 tandem
2612 1717 2767 1786 juvat
2800 1719 2888 1774 hic
2916 1718 3205 1773 succedere
3241 1719 3415 1774 tectis.

2025 1786 2214 1858 Missus
2237 1787 2514 1858 apostolici
2545 1788 2778 1858 regalem
2801 1789 2970 1842 tendit
2991 1789 3058 1841 ad
3085 1789 3282 1842 aulam.

2024 1857 2232 1928 interea
2257 1857 2311 1911 et
2332 1872 2599 1928 summum
2631 1858 2935 1928 manifestat
2957 1858 3151 1928 quippe
3176 1859 3357 1911 venire

2019 1926 2334 1981 Pontilicem
2361 1927 2640 1994 expulsum
2669 1926 2909 1982 Romana
2938 1926 3126 1982 a'seue
3151 1928 3388 1981 Leonem

2019 1997 2240 2050 Civibus
2268 2012 2298 2048 a
2328 1997 2563 2064 propriis
2587 2007 2641 2048 et
2673 2005 2750 2050 tot
2775 2000 3034 2052 tolerasse
3062 2007 3307 2051 recenset

2023 2067 2280 2129 Verbera,
2325 2081 2754 2120 commemorans
2795 2069 3090 2122 extinctum
3127 2068 3328 2121 lumine
3366 2067 3594 2134 vultum,

2021 2136 2215 2189 Narrat
2243 2145 2298 2189 et
2323 2135 2614 2190 absciSsam
2639 2136 2840 2204 liquido
2863 2138 2928 2192 de
2953 2146 3168 2206 gutture
3197 2138 3452 2206 linguam,

2021 2206 2173 2259 Nunc
2199 2206 2503 2259 medicante
2535 2209 2640 2260 Deo
2669 2216 2938 2271 sanatum,
2977 2218 3032 2260 et
3058 2208 3126 2260 ab
3148 2212 3398 2261 omnibus
3426 2206 3546 2261 istis

2017 2277 2150 2330 Esse
2177 2276 2352 2339 malis,
2383 2275 2580 2330 animis
2603 2285 2782 2343 stupet
2806 2277 2920 2344 ipse
2947 2279 3218 2332 exercitus
3244 2277 3440 2330 omnis.

2019 2346 2214 2399 Audita
2239 2355 2295 2399 et
2313 2345 2538 2400 Carolus
2568 2347 2855 2400 recolendo
2875 2348 3082 2402 somnia
3103 2354 3251 2401 retro

2018 2415 2286 2488 Praeteriti
2317 2416 2517 2488 indicio
2547 2431 2846 2488 agnoscens
2873 2417 3096 2488 vestigia
3126 2416 3295 2480 visus,

2021 2487 2134 2556 Hoc
2156 2484 2271 2556 fore
2298 2501 2405 2540 non
2433 2484 2645 2540 dubitat
2679 2488 2821 2556 quod
2851 2484 3039 2542 tristes
3075 2487 3296 2540 fundere
3324 2485 3480 2540 ﬁctus
3506 2498 3511 2503 '

2020 2555 2338 2626 Pontiﬁcem
2370 2557 2424 2610 in
2455 2557 2659 2614 somnis
2679 2555 2794 2626 jam
2819 2559 3019 2612 dudum
3047 2558 3179 2611 vidit
3205 2559 3472 2611 eumdem.

2025 2627 2160 2697 l_linc
2180 2624 2336 2692 jubet
2364 2627 2635 2695 extemplo
2657 2624 2903 2697 Pipinum
2926 2641 3212 2682 occurrere
3235 2642 3429 2696 magno

2023 2695 2256 2766 Pastori,
2289 2709 2477 2766 pacem
2499 2706 2552 2751 et
2572 2695 2838 2766 placidam
2860 2709 3077 2766 portare
3099 2695 3350 2751 salutem.

2026 2765 2228 2836 Obvius
2251 2765 2330 2820 ire
2355 2774 2507 2835 parat
2531 2765 2790 2836 genitoris
2808 2765 2958 2835 ju’ssa
2987 2768 3258 2821 lacessens

2027 2835 2249 2904 Pipinus
2276 2846 2491 2890 centum
2515 2835 2668 2893 lactus
2694 2854 2816 2892 cum
2843 2838 3076 2892 millibus
3097 2838 3196 2891 ibit
3224 2850 3269 2891 ο.

2029 2907 2147 2974 Ipse
2171 2905 2322 2960 sedet
2345 2906 2480 2962 solio
2505 2907 2728 2962 Carolus
2755 2923 2849 2962 rex
2862 2906 3042 2975 justus
3068 2907 3121 2961 in
3151 2907 3259 2962 alto

2033 2977 2176 3047 Dans
2209 2975 2352 3046 leges
2381 2976 2588 3047 patriis,
2612 2989 2668 3031 et
2693 2979 2840 3047 regni
2873 2978 3074 3032 fmdera
3101 2978 3299 3032 ﬁrmat.

2035 3045 2210 3116 thue
2240 3045 2391 3100 videt
2414 3046 2596 3114 patulo
2630 3045 2909 3102 adversum
2939 3063 2994 3101 se
3027 3051 3246 3102 tendere
3275 3061 3464 3116 campo

1955 3105 1999 3167 C
2030 3105 2223 3169 Pastor
2246 3105 2572 3185 apostolicus
2595 3125 2808 3172 centum
2836 3134 2957 3172 cum
2991 3118 3228 3172 millibus
3253 3105 3417 3171 altum

2029 3185 2298 3256 Pipinum,
2327 3186 2569 3256 geminas
2590 3188 2828 3240 extendit
2853 3189 2918 3241 ad
2943 3189 3145 3241 aethera
3181 3189 3404 3256 palmas,

2027 3255 2134 3328 Pro
2163 3255 2467 3326 populoque
2493 3271 2681 3326 preces
2708 3256 2987 3312 effundens
3018 3255 3233 3328 pectore
3261 3260 3458 3325 largas.

2025 3325 2166 3380 Ante
2185 3325 2523 3381 sacerdotem
2555 3335 2635 3380 ter
2663 3343 2932 3382 summum
2964 3325 3232 3382 exercitus
3257 3328 3434 3382 omnis

2029 3395 2322 3466 _S_ternitur,
2346 3404 2402 3447 et
2421 3397 2645 3466 supplex
2671 3397 2858 3466 vulgus
2887 3406 2967 3450 ter
2994 3396 3148 3451 fusus
3175 3399 3388 3452 adorat.

2029 3463 2157 3536 Mox
2176 3464 2284 3536 Leo
2320 3479 2457 3532 papa
2476 3463 2594 3536 sele
2620 3463 2869 3536 Pipinum
2898 3481 3046 3536 more
3074 3467 3304 3536 benigno

2028 3531 2244 3600 Excipit
2267 3540 2322 3584 et
2349 3531 2520 3586 sacris
2544 3531 2886 3588 circumdans
2919 3534 3053 3588 colla
3078 3531 3314 3597 lacertis,

2030 3601 2210 3672 Haeret
2237 3603 2291 3655 in
2325 3602 2572 3670 amplexu
2600 3604 2797 3671 diuque
2825 3604 3031 3672 placida
3052 3605 3233 3659 oscula
3265 3607 3438 3660 libens
3465 3602 3512 3660 ί.

2029 3671 2074 3742 It
2107 3686 2309 3742 comes,
2334 3681 2388 3726 et
2411 3689 2570 3742 supra
2594 3688 2652 3727 se
2675 3671 2886 3727 confert
2913 3677 3114 3729 vertice
3141 3685 3254 3729 toto

2029 3739 2273 3814 i’ipinus,
2307 3739 2493 3814 varias
2507 3745 2735 3814 miscent
2760 3759 3008 3798 sermone
3032 3745 3288 3814 loquelas,

2030 3811 2200 3880 Inque
2222 3813 2394 3866 vicem
2433 3813 2643 3866 diversa
2670 3813 2847 3866 levant
2867 3828 2984 3881 pro.
3015 3853 3028 3866 .
3058 3853 3071 3866 .
3101 3811 3116 3868 ζ
3149 3855 3163 3868 .
3197 3855 3211 3867 .
3242 3819 3266 3856 ε

2033 3882 2146 3936 Rex
2172 3883 2292 3951 pius
2321 3883 2524 3936 interea
2561 3883 2752 3937 solium
2778 3885 3109 3948 conscendit,
3142 3895 3198 3939 et
3219 3897 3434 3940 omnem

2031 3951 2337 4021 Alloquitur
2363 3953 2616 4021 populum
2640 3954 2866 4009 Carolus
2889 3951 3214 4010 venerabilis
3243 3955 3403 4010 heros
3427 3969 3441 4007 :

2034 4025 2175 4094 Ergo
2201 4025 2369 4094 agite,
2399 4040 2432 4076 ο
2459 4039 2730 4092 proceres,
2776 4025 2966 4092 inquit,
3011 4027 3206 4093 quibus
3247 4025 3438 4080 induiti
3463 4039 3613 4082 arma

2034 4093 2128 4148 Ire
2141 4096 2275 4148 estis
2296 4093 2438 4148 soliti
2468 4095 2537 4148 ad
2562 4095 2759 4149 bellum
2782 4094 3117 4164 Martemque
3145 4111 3396 4152 severum

2035 4165 2287 4238 Tentare,
2319 4165 2568 4238 et_crudo
2602 4175 2809 4219 vosmet
2829 4165 3101 4220 conﬁdere
3127 4181 3336 4238 pugno;

2035 4234 2282 4307 Rontiiici
2312 4234 2472 4307 ceieri
2493 4250 2652 4289 cursu
2679 4251 3028 4307 occurremus
3057 4234 3260 4307 opimo.

2039 4305 2140 4359 Vix
2197 4304 2313 4358 hinc
2363 4304 2500 4358 dixit
2547 4307 2747 4370 heros,
2792 4305 2972 4360 fremit
3028 4304 3265 4376 undique
3316 4306 3472 4376 turba
3520 4311 3604 4376 _tu~

3399 4374 3614 4448 [multu,

1966 4444 2018 4502 D
2044 4443 2170 4516 Tela
2202 4460 2362 4516 manu
2391 4444 2672 4514 glomerat,
2700 4462 2822 4501 mox
2855 4445 3157 4516 loricasque
3182 4447 3388 4502 trilices

2042 4515 2108 4566 Et
2139 4514 2273 4569 latus
2295 4515 2530 4584 clypeos,
2563 4517 2846 4587 galeasque
2871 4525 2926 4572 et
2953 4514 3155 4587 spicula
3181 4517 3338 4586 pelta:

2040 4587 2253 4638 Aeratxe
2274 4595 2560 4649 resonant;
2599 4586 2745 4641 acies
2771 4586 2896 4641 hinc
2919 4586 3044 4642 inde
3065 4587 3315 4642 videntur

2043 4652 2124 4728 [re
2145 4655 2957 4728 equitum,sparso‘nigrescunt
2982 4657 3202 4728 pulvere
3229 4660 3422 4724 nubes,

2042 4723 2110 4798 Et
2139 4729 2261 4798 tuba
2285 4723 2499 4798 lugubri
2524 4723 2916 4796 medio'strcpit
2945 4723 3140 4798 aggere
3166 4741 3318 4793 voce,

2043 4793 2278 4867 Classica
2305 4794 2456 4864 signa
2487 4805 2702 4867 sonant,
2730 4793 2904 4866 campi
2928 4793 3225 4851 de'n'sautur
3247 4797 3423 4867 aperti

2043 4863 2287 4934 agmine,
2321 4863 2574 4918 cristatus
2606 4863 2877 4934 fulgetqué
2906 4867 3176 4921 exercitus
3197 4863 3406 4931 omnis;

2045 4933 2171 4987 'I‘ela
2200 4935 2420 4996 micant,
2445 4937 2650 5001 pariter
2676 4933 2871 4988 vexilla
2896 4935 3070 4989 levata
3096 4945 3404 5002 coruscant,

2041 5002 2250 5056 Armati
2280 5003 2768 5070 inceduntjuvenes
2789 5013 2844 5058 et
2869 5003 3004 5058 freta
3018 5005 3272 5072 juventus

2041 5073 2252 5126 Gaudet
2275 5073 2449 5140 equis,
2489 5075 2664 5127 siccus
2690 5072 2944 5128 fervescit
2969 5077 3024 5130 in
3053 5077 3268 5132 ossibus
3295 5075 3457 5130 ardor

2041 5143 2326 5216 Audiendi,
2357 5160 2420 5196 ac
2442 5143 2667 5216 Carolus
2696 5143 2872 5199 medio
2901 5147 3067 5200 micat
3090 5149 3304 5216 agmine
3333 5146 3504 5208 laetus,

2041 5214 2218 5285 Aurea
2247 5213 2410 5266 crista
2444 5215 2576 5284 tegit
2594 5213 2849 5277 frontem,
2881 5225 2936 5269 et
2960 5213 3280 5285 conspectus
3303 5217 3357 5270 in
3385 5215 3550 5272 armis

2043 5282 2252 5353 Fulget,
2276 5298 2415 5353 equo
2439 5282 2641 5354 ingenti
2669 5294 2917 5356 portatur
2943 5282 3134 5340 duetor
3158 5287 3389 5356 opimus.

2120 5428 2143 5455 ε
2173 5416 2327 5487 Leg.,
2349 5417 2458 5472 irit.

2127 5487 2145 5525 ί
2177 5488 2332 5556 ch.,
2357 5488 2545 5541 libans.

2123 5559 2147 5596 ε
2170 5557 2305 5630 Cod.
2345 5573 2445 5612 ms.
2485 5559 2680 5630 habet:
2705 5559 2938 5630 probleps
2963 5570 3145 5616 innata
3174 5560 3360 5627 untbu;
3382 5559 3524 5620 ferte
3545 5560 3621 5620 10-

2047 5628 2280 5696 gendum
2310 5647 2320 5679 :
2355 5628 2671 5698 problemata
2701 5628 2872 5684 t‘erbo.
