4036 6186
486 295 508 350 1
521 293 618 347 447

1387 288 1479 342 ΑΙ)
1515 285 1744 344 OPERA
1784 285 1844 338 Β.
1886 279 2136 339 CAROLI
2176 277 2392 337 MAGNI
2428 276 2798 364 APPENDII.

3590 275 3737 332 “£8

2372 415 3739 441 Μ

1860 531 2343 613 ADDENDA

1127 693 1235 754 AD
1277 692 1347 753 B.
1402 689 1696 751 CAROLI
1740 687 1998 748 MAGNI
2041 686 2512 746 DlPLOMATA
2574 679 3085 746 AUTHENTICA

1425 823 1618 906 ‘Qua:
1658 836 1750 892 an
1787 834 2058 890 PARTES
2095 833 2348 889 ITALUE
2389 831 2768 888 sensum.

1245 1077 1288 1132 l.

483 1235 508 1264 ι
525 1222 765 1288 Diploma
787 1207 1169 1288 Caroliagni
1194 1206 1420 1288 Paulino
1447 1203 1766 1288 patriarcloire
1783 1215 1876 1288 pro

554 1271 668 1347 t'arte'
688 1271 821 1343 clero
851 1271 1164 1350 Aquileieirsi
1187 1271 1455 1332 servanda
1474 1277 1529 1328 in
1559 1271 1802 1327 electione
1829 1271 2060 1338 patriar-

555 1363 791 1416 diarum.

1088 1441 1260 1515 (Anno
1303 1437 1450 1507 792.)

557 1563 780 1619 Carolus
824 1556 995 1630 gratia
1035 1555 1128 1610 Dei
1171 1569 1267 1608 rex
1289 1551 1623 1606 Francorum
1664 1549 1719 1598 et
1752 1536 2064 1608 Longobar-

485 1655 673 1710 dorum
695 1695 710 1716 ,
746 1668 808 1707 ac
839 1649 1093 1722 patricius
1115 1646 1499 1700 Romanorum.

558 1764 614 1819 Si
643 1763 946 1834 potionibus
971 1757 1309 1814 sacerdotum
1331 1764 1610 1808 servorum
1637 1745 1755 1812 Dei,
1772 1744 1824 1800 in
1847 1757 1952 1812 quo
1971 1756 2065 1796 no—

487 1856 613 1910 stris
627 1853 847 1907 auribus
869 1849 1084 1904 fuerunt
1105 1845 1346 1916 prolatae,
1362 1842 1590 1895 libenter
1603 1838 2060 1902 obtemperamus,

487 1956 544 2000 et
556 1961 648 2000 eas
669 1945 722 1998 in
747 1943 840 1997 Dei
870 1939 1083 1994 nomine
1107 1937 1173 1991 ad
1203 1933 1449 1990 effectum
1475 1927 1843 1999 producimus,
1861 1922 2063 1991 regiam

489 2033 927 2091 consuetudinem
952 2040 1280 2087 exercemus,
1307 2030 1361 2076 et
1385 2021 1487 2075 hoc
1521 2018 1675 2072 nobis
1708 2015 1777 2069 ad
1803 2010 2064 2067 mercedis

489 2134 833 2195 augmentum
856 2137 949 2176 seu
972 2119 1039 2172 ad
1061 2115 1410 2172 stabilitatem
1441 2121 1728 2178 regnorum
1753 2110 2063 2158 nostrorum

489 2190 756 2288 pertinere
778 2213 1116 2270 conﬁdimus.
1147 2207 1313 2277 Igitur
1343 2209 1528 2258 notum
1555 2199 1626 2254 sit
1650 2195 1900 2252 omnibus
1937 2190 2064 2244 ﬁde-

491 2282 628 2366 libus
659 2307 858 2363 nostris
883 2301 1237 2373 praesentibus
1265 2295 1470 2352 scilicet
1498 2298 1552 2346 et
1578 2287 1802 2350 futuris,
1835 2282 2067 2373 qualiter

490 2400 573 2453 vir
601 2370 922 2453 venerabilis
953 2389 1207 2446 Paulinus
1233 2392 1432 2442 sancta;
1470 2373 1866 2450 Aquilegiensis
1887 2370 2062 2425 eccle-

490 2491 584 2545 siae
612 2485 916 2558 patriarcha
935 2522 952 2548 ,
983 2495 1101 2550 qum
1123 2487 1206 2534 est
1233 2477 1288 2530 in
1318 2477 1521 2530 honore
1551 2475 1752 2524 sanctae
1783 2463 2065 2558 Deigene-

494 2551 644 2634 tricis
668 2588 983 2645 semperque
1008 2569 1230 2640 virginis
1250 2565 1449 2626 Marize,
1465 2560 1548 2616 vel
1568 2557 1739 2614 sancti
1753 2553 1897 2608 Petri
1916 2551 2065 2622 prin—

491 2669 625 2740 cipis
646 2641 1026 2737 apostolorum,
1048 2661 1160 2716 sive
1185 2657 1354 2712 sancti
1383 2651 1546 2708 Marci
1576 2653 1886 2706 constructa
1903 2683 1917 2709 ,
1959 2641 2066 2697 cle-

492 2735 748 2816 mentiam
780 2754 930 2827 regni
962 2752 1132 2808 nostri
1172 2748 1345 2819 petiit,
1372 2753 1432 2800 ut
1474 2739 1907 2813 quandoquidem
1951 2735 2066 2804 ipse

491 2851 670 2907 divina
698 2847 979 2904 vocatione
1002 2845 1069 2898 de
1098 2843 1198 2897 hac
1235 2841 1352 2894 luce
1389 2837 1454 2891 ad
1481 2833 1765 2890 Dominum
1806 2829 2068 2897 migrave-

495 2943 594 3008 rit,
633 2939 844 3010 qualem
877 2936 1150 2991 meliorem
1170 2940 1224 2987 et
1247 2931 1544 2999 digniorem
1580 2927 1691 2994 ipsa
1729 2928 1912 2977 sancta
1939 2933 2068 2973 con-

492 3035 753 3108 gregatio,
771 3048 890 3104 qute
915 3030 1112 3086 ibidem
1135 3029 1234 3082 sub
1255 3033 1440 3081 sancto
1473 3022 1662 3077 ordine
1692 3019 1856 3071 vitam
1881 3025 2068 3083 regere

493 3101 774 3190 videntur,
791 3101 944 3178 infra
968 3136 1027 3176 se
1053 3120 1225 3179 nobis,
1255 3116 1470 3184 ﬁlioque
1501 3120 1684 3168 nostro
1705 3107 1897 3176 Pipino
1930 3101 2065 3172 regi,

492 3227 546 3272 et
573 3215 718 3271 omni
752 3213 896 3283 genti
922 3217 1116 3265 nostra:
1146 3223 1242 3278 per
1277 3206 1456 3261 omnia
1487 3201 1726 3262 ﬁdelem,
1772 3203 1987 3264 aptum,
2015 3199 2068 3246 et

493 3320 790 3379 congruum
817 3301 1098 3365 voluerint,
1121 3314 1187 3352 ex
1213 3296 1491 3366 prmmissa
1514 3288 1839 3359 indulgentia
1862 3293 2066 3346 nostra,

414 3419 418 3422 ’
494 3374 641 3453 salva
682 3393 964 3466 principali
992 3396 1256 3460 potestate
1282 3392 1489 3448 nostra,
1537 3382 1678 3435 sicut
1699 3386 1752 3433 et
1778 3377 1833 3431 in
1859 3374 2071 3430 cmteris

496 3465 750 3546 Ecclesiis
787 3483 1080 3538 secundum
1127 3477 1440 3534 canonicam
1486 3469 1862 3527 auctoritatem
1907 3465 2073 3519 licen-

499 3581 624 3634 tiam
653 3577 880 3631 habeant
912 3586 1072 3640 super
1097 3583 1154 3624 se
1180 3565 1409 3638 eligendi
1435 3570 1726 3634 pastorem.
1752 3558 1818 3612 Et
1852 3558 2072 3624 insuper

497 3667 785 3742 postulavit
810 3662 1100 3719 Serenitati
1145 3668 1362 3722 nostrze,
1404 3665 1462 3710 ut
1490 3653 1736 3709 homines
1773 3649 2072 3704 servientes

496 3739 778 3814 antedicta:
806 3753 1058 3809 Ecclesia!
1101 3751 1173 3805 ibi
1212 3757 1267 3803 et
1298 3749 1386 3801 tibi
1429 3751 1829 3799 commauentes
1869 3739 2069 3794 nullam

497 3849 757 3904 decimam
779 3845 843 3899 de
863 3855 1071 3897 annona
1103 3846 1196 3893 aut
1221 3838 1285 3893 de
1309 3835 1517 3906 peculio
1544 3833 1651 3888 ullo
1673 3845 1908 3900 unquam
1936 3838 2072 3882 tem-

499 3953 629 4013 pore
657 3937 713 3991 in
756 3933 974 4004 publico
1019 3929 1230 3986 solvere
1271 3927 1516 3988 debeant,
1551 3937 1723 4013 neque
1750 3921 1833 4013 Ade
1864 3917 2072 4013 peculio

500 4006 716 4100 proprio
743 4022 1126 4085 ecclesiastico,
1152 4016 1366 4088 quando
1381 4015 1622 4085 partibus
1643 4008 1989 4065 lstriensibus
2015 4006 2072 4061 in

501 4119 714 4192 pascuis
743 4115 1008 4178 miserint,
1042 4112 1211 4167 ullum
1235 4110 1464 4164 debeant
1488 4104 1696 4161 solvere
1715 4100 2070 4158 herbaticum.

501 4191 664 4278 Cujus
707 4203 1064 4262 venerabilem
1120 4198 1433 4270 petitionem
1486 4193 1755 4249 noluimus
1811 4191 2075 4259 denegare

504 4303 675 4358 tribus
701 4314 766 4355 ex
805 4295 985 4353 causis
1016 4309 1030 4348 :
1061 4308 1165 4348 una
1193 4289 1470 4351 videlicet,
1504 4294 1561 4341 ut
1601 4285 1732 4355 ipsis
1767 4282 1938 4339 servis
1958 4282 2074 4346 Dei,

503 4395 593 4466 qui
625 4391 820 4447 ibidem
846 4388 956 4443 Deo
977 4384 1223 4440 famulari
1244 4383 1493 4437 videntur
1509 4421 1524 4447 ,
1549 4395 1648 4450 pro
1673 4376 1857 4442 nobis,
1881 4392 2078 4431 uxore-

504 4498 627 4555 que,
659 4481 804 4547 ﬁliis,
848 4485 902 4532 et
927 4475 1136 4531 ﬁliabus
1171 4472 1390 4537 nostris,
1415 4480 1468 4526 et
1491 4469 1688 4540 populo
1729 4468 1884 4523 nobis
1910 4483 1940 4520 a
1965 4467 2077 4521 Deo

504 4573 794 4631 commisso
823 4567 1023 4637 iugiter
1046 4564 1255 4619 Domini
1300 4559 1724 4617 misericordiam
1764 4557 1956 4613 melius
1983 4559 2081 4611 im-

505 4668 719 4737 plorare
749 4662 1010 4725 delectet;
1049 4657 1174 4721 alia,
1198 4664 1257 4710 ut
1286 4657 1341 4710 in
1364 4655 1560 4710 divinis
1585 4652 1780 4708 litteris
1799 4660 1856 4706 et
1879 4649 2078 4707 doctri-

507 4757 589 4811 nis
612 4750 980 4823 spiritualibus
1004 4747 1315 4815 ampliorem
1343 4752 1616 4799 certamen
1653 4743 1868 4797 mittere
1889 4758 2083 4812 procu-

508 4851 659 4908 rent;
693 4841 880 4902 tertia,
913 4835 1029 4906 ejus
1049 4835 1258 4889 meritis
1301 4830 1744 4901 compellentibus
1778 4831 1850 4883 ita
1876 4830 2081 4900 praesti-

507 4939 656 5001 tisse,
681 4943 737 4988 et
755 4933 810 4986 in
829 4929 1078 4985 omnibus
1088 4924 1422 4982 concessisse
1436 4921 1763 4993 cognoscite.
1791 4918 2079 4990 Propterea

506 5041 605 5097 per
633 5030 956 5096 praesentem
990 5016 1366 5074 auctoritatem
1392 5021 1632 5070 nostram
1659 5011 1998 5068 decernimus
2027 5020 2081 5064 et

509 5117 786 5189 iubemus,
823 5109 965 5181 quod
1003 5106 1384 5178 perpetualiter
1424 5119 1739 5159 mansurum
1783 5118 1903 5158 esse
1931 5101 2080 5156 volu-

514 5221 651 5272 mus,
675 5213 734 5259 ut
755 5202 893 5258 sicut
932 5215 1091 5270 supra
1112 5197 1529 5253 memoravimus
1553 5195 1696 5250 circa
1718 5192 1967 5248 eumdem
1997 5207 2084 5246 sa-

513 5313 663 5352 crum
693 5295 868 5351 locum
891 5307 956 5347 ex
980 5290 1254 5362 praemissa
1285 5287 1613 5357 indulgentia
1637 5295 1819 5340 nostra
1840 5283 2086 5354 perenui-

519 5395 599 5442 ter
631 5392 843 5438 maneat
876 5381 1280 5444 inconvulsum;
1308 5387 1362 5434 et
1387 5378 1692 5447 specialiter
1723 5376 2088 5431 concessimus

516 5474 570 5532 in
609 5473 946 5543 elcemosyna
977 5479 1158 5524 n0stra
1199 5479 1495 5523 memorato
1524 5467 1642 5522 viro
1672 5466 1958 5521 venerabili
1983 5505 1997 5529 ,
2027 5475 2087 5518 ut

587 5600 613 5628 ι
643 5586 700 5640 In
727 5585 910 5640 Chart.
938 5585 1145 5640 Comm.
1189 5583 1256 5639 de
1301 5583 1561 5644 Maniaco,
1605 5598 1668 5636 ex
1702 5583 1792 5636 lib.
1825 5584 2086 5639 Thesauri

517 5657 575 5714 S.
600 5655 955 5728 Aquileiensis
977 5655 1244 5711 Ecclesiae.
1278 5654 1518 5710 Correct.
1543 5668 1609 5708 ex
1639 5653 1867 5726 Diplom.
1891 5654 2020 5710 edit.
2054 5671 2084 5709 a

2085 1069 2132 1126 Α
2161 1079 2320 1132 supra
2360 1061 2656 1118 servientes
2685 1062 2796 1132 jam
2827 1062 2952 1118 fatae
2993 1064 3275 1130 Ecclesiaa,
3318 1067 3746 1124 mansionaticos

2161 1155 2242 1210 vel
2268 1154 2480 1208 foderas
2498 1153 2678 1210 nullus
2709 1156 2904 1210 audeat
2936 1152 3220 1226 providere
3248 1167 3340 1212 aut
3363 1161 3604 1216 exaitare
3631 1163 3745 1216 ullo

2161 1259 2400 1312 unquam
2431 1236 2669 1312 tempore
2700 1260 2712 1296 :
2747 1253 2972 1312 excepto
2993 1244 3036 1297 si
3061 1246 3286 1308 venerit,
3314 1247 3459 1315 quod
3487 1264 3583 1303 nos
3615 1249 3741 1316 ipsi.

2162 1339 2256 1386 aut
2295 1331 2523 1386 dilectus
2562 1332 2703 1387 ﬁlius
2733 1341 2917 1386 noster
2939 1333 3180 1402 Pipinus,
3218 1336 3300 1388 vel
3343 1337 3525 1407 regale
3554 1342 3745 1407 praesi-
3775 1351 3787 1359 ”

2159 1414 2308 1469 dium
2332 1424 2552 1484 propter
2592 1416 2972 1486 impedimenta
3003 1418 3343 1472 inimicorum
3375 1404 3615 1489 partibus
3638 1416 3748 1474 Fo-

2162 1505 2576 1573 rojuliensihus,
2627 1516 2720 1560 aut
2769 1507 2822 1560 in
2881 1507 2986 1561 ﬁne
3047 1507 3351 1564 Tarvisiani
3401 1512 3742 1566 advenerim.

2164 1594 2316 1649 Tunc
2337 1604 2558 1664 propter
2580 1597 2917 1652 necessitatis
2934 1613 3173 1663 causam,
3195 1598 3240 1652 si
3260 1601 3561 1668 contigerit,
3589 1619 3747 1654 man-

2163 1684 2343 1737 siones
2382 1683 2626 1738 homines
2661 1685 2830 1738 nostri
2883 1685 3080 1740 ibidem
3130 1687 3416 1756 aicipiant.
3452 1689 3506 1742 In
3537 1689 3750 1758 reliquo

2163 1784 2293 1827 vero
2321 1773 2366 1826 si
2393 1773 2446 1826 in
2473 1773 2680 1827 Verona
2705 1783 2758 1827 et
2787 1774 3048 1839 Vicentia,
3078 1784 3170 1828 aut
3195 1765 3256 1829 in'
3281 1776 3607 1846 longioribus
3628 1780 3750 1832 ﬁni-

2163 1867 2264 1922 bus
2289 1867 2613 1932 resederint,
2655 1875 2714 1921 ut
2749 1883 2909 1937 supra
2942 1866 3036 1920 fati
3080 1883 3287 1933 sumus,
3315 1870 3457 1922 omni
3498 1878 3752 1939 tempore

2162 1973 2259 2027 per
2289 1959 2552 2013 mercedis
2573 1968 2773 2012 nostra:
2795 1969 3142 2028 augmentum
3172 1959 3264 2012 ﬁat
3284 1959 3546 2014 indultum
3575 1971 3745 2029 atque

2164 2063 2500 2102 concessum.
2533 2048 2597 2100 Et
2634 2056 2692 2100 ut
2718 2049 2832 2102 haec
2871 2049 3162 2103 auctoritas
3203 2050 3428 2104 ﬁrmiter
3456 2051 3740 2112 habeatur,

2164 2144 2218 2189 et
2258 2136 2528 2189 diuturnis
2571 2136 2902 2206 temporibus
2946 2137 3140 2191 melius
3185 2149 3536 2192 conservetur
3582 2155 3742 2192 manu

2163 2225 2381 2295 propria
2424 2225 2977 2290 subterﬁrmavimus,
3009 2232 3064 2279 et
3101 2226 3167 2280 de
3197 2226 3396 2280 annulo
3421 2230 3638 2298 proprio
3674 2228 3746 2282 si-

2166 2317 2341 2386 gillari
2362 2315 2644 2384 jussimus.
2699 2327 2713 2338 '

2237 2409 2401 2465 Facta
2427 2404 2597 2480 pri'die
2616 2408 2797 2465 Nonas
2822 2409 3049 2480 Augusti
3077 2422 3218 2464 anno
3243 2421 3372 2464 xnv
3397 2419 3451 2465 et
3478 2425 3568 2464 nx
3592 2410 3741 2480 regni

2166 2500 2358 2556 nostri.

2236 2591 2431 2645 Actum
2454 2587 2854 2660 Regomes‘ourg
2875 2589 3074 2659 palatio
3089 2589 3303 2660 publico
3325 2590 3379 2643 in
3407 2589 3500 2644 Dei
3528 2604 3743 2644 nomine

2166 2679 2413 2735 feliciter.
2440 2681 2631 2734 Amen.
2933 2749 2974 2804 ﬂ

2274 2843 2302 2883 δ
2343 2841 2586 2915 Diploma
2616 2840 2794 2896 Caroli
2828 2839 3015 2912 Magni
3048 2837 3276 2899 Paulino
3303 2841 3634 2912 patriarcha.

2780 2935 2953 3005 (Anno
2977 2933 3130 3002 805.)

2240 3026 2466 3082 Carolus
2489 3026 2664 3096 gratia
2700 3025 2793 3080 Dei
2817 3039 2911 3079 rex
2937 3024 3270 3079 Francorum
3295 3033 3350 3078 et
3368 3024 3744 3096 Longobardo-

2170 3133 2290 3172 rum
2325 3132 2388 3170 ac
2410 3118 2701 3186 imperator
2725 3113 3115 3170 Romanorum.

2243 3208 2299 3262 Si
2344 3206 2697 3277 petitionibus
2731 3207 3072 3262 sacerdotum
3106 3208 3190 3262 vel
3233 3222 3510 3263 servorum
3535 3208 3659 3275 Dei,
3690 3208 3744 3264 in

2170 3313 2276 3367 qua
2304 3297 2504 3352 nostris
2524 3297 2748 3352 auribus
2779 3296 2995 3351 fuerunt
3017 3299 3260 3369 prolatae,
3294 3299 3524 3385 libenter
3548 3309 3748 3370 tempe-

2172 3401 2378 3449 ramus,
2395 3393 2449 3438 et
2479 3401 2572 3439 eas
2594 3386 2646 3440 iu
2664 3386 2757 3441 Dei
2785 3389 3000 3442 nomine
3021 3389 3088 3442 ad
3117 3388 3364 3442 effectum
3385 3391 3744 3459 perducimus,

2173 3477 2378 3547 regiam
2417 3478 2856 3532 consuetudinem
2897 3494 3243 3545 exercemus,
3283 3490 3337 3535 et
3372 3483 3475 3536 hoc
3500 3484 3655 3538 nobis
3681 3486 3748 3538 ad

2173 3567 2439 3621 mercedis
2466 3575 2839 3636 augmentum,
2876 3584 2970 3624 seu
3014 3570 3365 3626 stabilitatem
3401 3573 3568 3626 nostri
3598 3576 3752 3644 regni

2171 3656 2443 3726 pertinere
2475 3656 2812 3712 conﬁdimus.
2847 3657 3032 3712 Pateat
3062 3660 3228 3731 igitur
3267 3663 3510 3716 omnibus
3545 3674 3749 3718 sanctae

2177 3745 2269 3798 Dei
2287 3742 2540 3800 Ecclesiae
2559 3747 2916 3816 pnesentibus
2934 3764 2997 3803 ac
3013 3748 3210 3805 futuris
3230 3751 3472 3807 ﬁdelibus
3491 3753 3748 3808 domuum

2175 3833 2458 3888 Paulinum
2496 3845 2694 3889 sanctas
2717 3837 3076 3906 Aquileiensis
3099 3841 3352 3897 Ecclesiae
3387 3844 3752 3914 patriarcham

2175 3923 2359 3978 Romae
2379 3939 2506 3994 erga
2529 3927 2699 3980 nostri
2724 3927 2977 3996 pietatem
2999 3938 3053 3984 et
3079 3946 3231 4001 papae
3251 3934 3676 3990 misericordiam
3695 3937 3753 3992 iu

2175 4016 2405 4084 quodam
2429 4017 2668 4086 synodali
2701 4020 2927 4076 concilio
2945 4021 3378 4080 lamentationem
3393 4026 3584 4082 fecisse
3599 4043 3754 4082 suam

2175 4106 2438 4175 videlicet
2459 4107 2744 4163 ecclesiam
2791 4110 2996 4180 ingenti
3048 4128 3379 4183 paganorum
3410 4117 3758 4187 populatione

2177 4211 2315 4266 pene
2349 4203 2518 4251 totam
2543 4199 2777 4254 existere
2801 4201 3114 4257 desolatam.
3150 4205 3261 4260 Nos
3282 4215 3460 4260 autem
3483 4209 3651 4278 ipsius
3678 4219 3761 4264 ta-

2178 4282 2258 4337 les
2293 4284 2573 4340 audientes
2599 4287 2846 4355 querelas
2875 4291 3014 4359 apud
3045 4293 3283 4347 omnium
3327 4295 3636 4365 largitorem
3660 4298 3762 4351 bo-

2181 4389 2370 4428 norum
2399 4375 2574 4444 magni
2599 4375 2833 4432 incidere
2860 4380 3012 4434 veriti
3036 4396 3223 4438 sumus
3244 4383 3500 4440 facinoris
3519 4387 3757 4458 culpam.

2182 4466 2225 4519 si
2249 4464 2365 4534 ejus
2380 4466 2689 4522 lamentatio
2715 4469 2790 4522 nil
2813 4472 3195 4529 consolationis
3215 4476 3352 4546 apud
3392 4478 3566 4532 nostri
3593 4481 3762 4536 mise-

2185 4559 2472 4614 ricordiam
2498 4561 2709 4630 imperii
2731 4563 2976 4618 obstante
2999 4567 3300 4622 tenacitatis
3324 4570 3479 4624 obice
3492 4569 3762 4640 imperare

2183 4649 2422 4719 potuisse
2471 4649 2763 4705 videretur.
2797 4651 3059 4718 Quocirca
3095 4653 3259 4722 justis
3285 4657 3536 4714 claudere
3572 4677 3759 4716 aurem

2184 4737 2532 4808 petitionibus
2550 4747 2850 4796 metuentes
2871 4743 3030 4798 tacita
3044 4745 3324 4801 nobiscum
3350 4747 3620 4817 inquirere
3645 4765 3760 4807 cas-

2187 4827 2364 4896 pimus
2390 4835 2585 4892 mente,
2607 4829 2837 4897 qualiter
2853 4833 3143 4886 secundum
3167 4836 3410 4904 praedicti
3434 4835 3641 4893 Paulini
3657 4855 3726 4910 pa
3741 4869 3759 4881 -

2189 4918 2438 4973 triarcha:
2469 4918 2902 4975 lamentationem
2928 4933 3125 4980 nostra:
3154 4925 3478 4996 Aquilejensi
3505 4930 3757 4989 Ecclesia

2185 5026 2501 5067 succurrere
2527 5013 2700 5083 pietas
2724 5014 2961 5070 deberet.
2978 5017 3216 5074 Tandem
3239 5037 3390 5092 papae
3415 5033 3759 5082 caeterorum-

2186 5117 2291 5171 que
2316 5103 2604 5157 astantium
2628 5105 3000 5174 episcoporum
3033 5124 3253 5180 accep»
3280 5113 3505 5169 consilio
3538 5115 3755 5184 dignum

2182 5191 2495 5262 iustumque
2524 5193 2640 5250 fore
2667 5195 2918 5252 duximus
2944 5201 3203 5268 quosdam
3246 5205 3313 5258 ad
3347 5204 3514 5274 ipsius
3543 5207 3755 5276 Aquile-

2182 5281 2357 5351 jensis
2380 5284 2620 5340 ecclesiae
2651 5290 3108 5344 consecrationem
3134 5293 3465 5361 pertinentes
3484 5296 3760 5369 episcopa-

2193 5384 2282 5429 tus
2312 5376 2510 5432 domuo
2558 5377 2782 5434 Paulino
2821 5381 3137 5439 tribuendos
3181 5388 3498 5455 patriarchae
3540 5391 3757 5461 suisque

2193 5470 2600 5525 successoribus
2627 5469 2695 5524 ad
2720 5474 3096 5544 suprascripta:
3125 5475 3484 5546 Aquileiensis
3520 5481 3757 5542 ecclesia.-

2195 5581 2455 5646 Palladio,
2488 5581 2627 5637 Hist.
2665 5582 2728 5638 E.
2752 5583 2792 5637 ἰ.
2818 5583 2911 5640 lib.
2942 5602 3003 5640 ιι.

2265 5654 2290 5692 b
2315 5652 2391 5706 Ex
2417 5654 2652 5710 Archivo
2673 5655 2890 5725 capituli
2920 5655 3189 5715 Utinensis
3212 5661 3479 5721 ﬁdesic.
