4018 6178
57 429 157 458 κ

333 221 352 274 I
367 218 467 272 449

1800 209 2121 265 ADDENDA

3462 207 3481 258 l
3505 207 3595 258 450

327 327 729 387 exaltationem.
781 325 851 382 Ut
895 343 1014 397 qua
1049 342 1192 383 nunc
1232 326 1525 383 savissima
1577 341 1906 398 paganorum
1939 329 1980 383 A
2011 324 2349 394 eleemosyna
2379 331 2561 377 nostra
2591 323 2659 378 ad
2687 323 2928 377 eamdem
2978 336 3130 376 suam
3157 322 3335 378 sedem
3365 321 3599 390 aliquam

333 420 480 474 rabie
501 415 708 486 dejecta
739 426 790 473 et
820 419 1136 473 conculcata
1161 419 1402 472 cernitur
1432 426 1618 472 nostro
1645 417 1908 486 imperiali

329 511 466 580 erigi
498 525 714 565 con.....
747 518 869 562 atur
904 508 1256 581 [consoletur]
1291 522 1532 563 munere.
1571 508 1912 578 Quapropter

335 604 431 658 has
476 609 814 671 pracepta...
842 615 902 654 es
942 599 1333 672 [praceptales]
1370 599 1582 655 litteras
1625 598 1844 652 omnino
1881 611 1911 649 a

333 704 518 750 nostro
547 708 689 748 nunc
705 690 834 759 ju...
861 691 1024 764 [jure]
1068 692 1456 748 transfudimus
1486 693 1538 746 in
1564 690 1766 759 jus.....
1807 697 1914 743 sta-

335 795 443 841 tem
472 785 550 858 [et
577 782 924 855 potestatem]
951 784 1133 837 domui
1157 783 1448 852 supradicti
1462 781 1670 835 Paulini
1692 779 1917 850 patriar-

335 880 450 934 cha
475 877 776 931 omniu.....
800 875 923 928 llius
952 873 1322 946 [omniumque
1348 871 1513 943 illius]
1539 885 1912 927 successorum

335 984 431 1025 sex
453 983 607 1038 ep....
631 975 791 1037 patus
821 964 1228 1038 [episcopatus].
1261 964 1435 1020 Unum
1455 963 1718 1017 videlic...
1749 959 1919 1032 [vide—

339 1059 485 1130 licet]
525 1058 967 1113 conoordiensem
1016 1057 1183 1111 al.....
1220 1056 1459 1112 incusem
1517 1052 1915 1128 [Utinensem],

340 1149 558 1204 tertium
611 1147 782 1212 illum,
832 1146 923 1218 qui
953 1147 1096 1217 apud
1139 1147 1414 1202 civitatem
1457 1159 1652 1199 novam
1701 1143 1920 1198 Histria

508 1240 768 1295 nstitutus
795 1236 1167 1311 [constitutus]
1194 1251 1312 1292 esse
1350 1237 1594 1294 noscitur
1618 1277 1633 1301 ,
1666 1242 1921 1305 quartum

340 1347 472 1387 vero
521 1331 886 1400 Ruginensem
914 1370 928 1394 ,
975 1329 1221 1398 quintum
1270 1327 1623 1385 Penetensem
1651 1366 1665 1392 ,
1710 1331 1922 1381 sextum

483 1427 868 1482 arsaticensem
891 1421 1358 1495 [Tarsatiensem].
1383 1421 1642 1476 Volumus
1668 1419 1920 1487 de....q..

346 1512 623 1589 [denique]
670 1529 734 1568 ac
778 1527 876 1583 per
897 1513 997 1567 has
1041 1518 1242 1566 nostrae
1267 1508 1678 1580 magniﬁcentia
1717 1507 1924 1561 litteras

344 1605 644 1660 santientes
676 1601 950 1671 jubemus,
986 1608 1047 1655 ut
1094 1601 1148 1654 in
1179 1599 1264 1656 his
1304 1598 1709 1669 pranominatis
1731 1596 1849 1652 lo...
1877 1596 1925 1652 is

2013 415 2312 484 portionem
2353 414 2708 478 hareditatis,
2739 429 2898 482 quam
2944 412 3260 483 Rotgandus
3289 411 3598 481 Langobar-

2013 511 2141 574 dus,
2170 517 2224 565 et
2264 523 2552 579 germanus
2586 508 2729 562 illius
2753 507 2904 561 Felix
2927 506 3070 560 intra
3096 505 3370 560 civitatem
3397 504 3482 559 vel
3512 503 3596 559 fo-

2013 600 2090 653 ris
2131 614 2299 669 prope
2333 598 2532 653 moenia
2567 597 2802 653 civitatis
2831 596 2998 665 ipsius
3023 595 3356 660 habuerunt,
3395 604 3451 650 et
3475 611 3600 665 pro-

2014 700 2134 759 pter
2169 705 2356 744 corum
2385 689 2785 749 inﬁdelitatem,
2823 687 2946 756 quia
2973 702 3095 740 cum
3119 686 3399 755 Botgando
3425 701 3600 755 quon-

2017 782 2138 836 dam
2195 781 2400 836 inﬁdcli
2454 781 2605 851 ducg,
2649 777 2865 832 fuerunt
2895 776 3183 841 interfecti,
3231 777 3286 830 in
3328 777 3601 846 publicum

2015 883 2260 930 nostrum
2289 873 2582 928 secundum
2606 871 2778 941 legem
2810 871 3142 926 Francorum
3169 870 3252 923 vel
3285 869 3600 940 Longobar-

2017 971 2209 1024 dorum
2235 969 2552 1032 devenerat;
2578 975 2632 1021 et
2652 975 2774 1035 post
2796 964 3010 1020 illorum
3032 964 3259 1019 duorum
3287 963 3514 1018 fratrum
3537 964 3602 1018 de

2019 1061 2121 1114 hac
2160 1059 2280 1113 lucc
2308 1057 2515 1111 obitum
2546 1056 2764 1125 quidam
2802 1054 2974 1108 ﬁdelis
3001 1060 3186 1107 noster
3207 1053 3423 1108 nomine
3459 1053 3604 1106 Lan-

2019 1149 2139 1204 dola
2179 1164 2275 1219 per
2306 1133 2554 1202 ῐιοδῑιᾶιιι
2591 1145 2764 1199 tenuit
2816 1142 3132 1198 beneﬁcium
3154 1182 3168 1207 ,
3207 1150 3263 1197 et
3295 1150 3417 1212 post
3447 1139 3605 1210 hujus

2022 1244 2320 1299 discessum
2360 1242 2546 1295 Bonno
2593 1239 2736 1292 ﬁlius
2783 1237 2902 1305 ejus
2946 1237 3206 1292 hactenus
3236 1243 3420 1291 tenere
3459 1234 3608 1290 visus

2022 1333 2142 1397 fuit,
2171 1333 2506 1386 traderemus
2529 1329 2610 1383 vel
2631 1329 3095 1389 eonlirmaremus,
3125 1333 3387 1394 quatenus
3415 1340 3609 1394 oppor-

2023 1425 2207 1477 tunius
2239 1429 2400 1490 atque
2423 1418 2700 1474 decentius
2725 1416 2863 1470 atria
2883 1414 2964 1470 vel
2986 1415 3224 1484 reliquas
3252 1414 3610 1470 constructio-

2025 1528 2153 1576 nes,
2193 1526 2314 1582 qua
2338 1511 2406 1564 ad
2435 1511 2695 1564 honorem
2729 1507 2873 1562 illius
2895 1506 2997 1561 loci
3028 1507 3386 1577 pertinerent;
3418 1521 3611 1561 secun-

2026 1603 2152 1657 dum
2179 1602 2322 1670 quod
2346 1601 2460 1670 ipse
2490 1606 2669 1653 mente
2693 1597 2915 1667 provida
2943 1604 3290 1662 tractaverat,
3315 1596 3610 1667 adimplere

346 1694 524 1768 [locis]
572 1695 855 1766 episcopos
894 1692 1178 1749 ordinandi
1223 1707 1288 1747 ac
1330 1689 1553 1759 regendi
1607 1689 1720 1744 sive
1760 1687 1923 1744 dandi
1959 1691 2001 1750 Β
2027 1692 2220 1745 valeat.
2255 1689 2364 1745 Nos
2386 1704 2515 1744 vero
2535 1689 2601 1743 dc
2629 1697 2735 1742 tam
2753 1687 2996 1757 praclari
3017 1688 3194 1758 cperis
3211 1688 3610 1743 constructione

348 1785 525 1842 nullus
549 1783 639 1853 jus
664 1783 750 1839 vel
791 1791 1114 1854 potestatem
1160 1783 1364 1838 habere
1419 1795 1516 1837 seu
1545 1795 1799 1836 exercere
1831 1778 1928 1833 ali-

347 1875 561 1946 quando
587 1882 910 1944 prasumat,
942 1881 1140 1944 prater
1170 1887 1293 1928 eum
1313 1913 1328 1937 ,
1361 1871 1453 1941 qui
1482 1879 1685 1925 sancta
1710 1869 1930 1939 Aquile-

343 1964 515 2033 jensis
538 1964 782 2020 ecclesia
828 1963 1193 2033 gubernaculo
1230 1962 1504 2017 videbitur
1532 1975 1755 2029 regere,
1791 1963 1930 2013 etut

349 2070 428 2109 ac
448 2053 609 2126 [hac]
659 2053 954 2108 auctoritas
979 2052 1184 2106 limior
1223 2051 1506 2114 habeatur,
1537 2065 1600 2104 ac
1625 2047 1770 2103 omni
1795 2055 1930 2101 tem-

351 2161 479 2216 pore
505 2145 696 2201 melius
719 2151 1086 2207 conservetur,
1112 2158 1274 2197 manu
1294 2143 1511 2213 propria
1540 2142 1729 2196 subter
1753 2138 1933 2194 ﬁrma-

353 2237 546 2299 vimus,
583 2244 639 2290 et
664 2237 730 2291 de
755 2235 955 2290 annulo
981 2243 1167 2289 nostro
1191 2234 1416 2305 sigillari
1429 2231 1713 2301 jussimus.

423 2326 647 2396 Signum
675 2324 852 2380 Caroli
880 2324 1254 2395 gloriosissimi
1286 2323 1650 2395 imperatoris.

423 2414 657 2470 Jacobus
681 2415 749 2469 ad
769 2415 941 2469 vicem
970 2413 1170 2478 Radovi
1196 2415 1414 2486 scripsit
1442 2422 1497 2469 et
1518 2413 1858 2489 subscripsit.

426 2505 558 2559 Data
587 2503 760 2579 pridie
805 2503 984 2564 Nonas
1013 2503 1280 2582 Augustas
1315 2522 1455 2564 anno
1487 2519 1550 2564 ιιι
1585 2508 1798 2578 imperii
1837 2521 1932 2560 no~

359 2599 476 2663 stri,
503 2599 792 2654 indictione
816 2615 947 2656 vero
975 2617 1014 2654 ι.

427 2690 621 2745 Actum
652 2690 912 2745 Romaein
945 2691 1038 2746 Dei
1068 2691 1286 2746 nomine
1325 2688 1573 2746 feliciter.
1601 2687 1795 2742 Amen.

1103 2810 1193 2865 Ill.

361 2911 388 2941 ι
402 2899 646 2970 Diploma
659 2899 837 2984 Caroli
851 2901 906 2954 Μ
910 2903 1030 2984 (ιρηὶ
1047 2901 1313 2984 agentia
1331 2901 1645 2984 patriarcha:
1659 2919 1754 2973 pro
1778 2901 1940 2972 Aqui-

765 2971 952 3041 lejcnsi
978 2971 1194 3025 ecclesia
1216 2971 1530 3042 reparanda.

967 3060 1144 3134 (Anno
1175 3060 1326 3133 812.)

435 3153 495 3206 In
521 3152 739 3208 nomine
767 3151 962 3217 Patris,
1001 3161 1057 3208 et
1079 3152 1231 3219 Filii,
1260 3162 1315 3207 et
1351 3151 1582 3224 Spiritus
1601 3153 1797 3209 sancti.

438 3241 665 3297 Carolus
692 3242 1070 3299 serenissimus
1101 3242 1395 3314 Augustus,
1419 3258 1451 3297 a
1495 3245 1606 3299 Deo
1631 3251 1940 3308 coronatus,

369 3331 592 3400 Magnus
619 3331 873 3399 paciﬁcus
903 3333 1213 3400 imperator,
1253 3335 1620 3388 Romanorum
1642 3335 1946 3404 gubernans

370 3420 675 3492 imperium,
725 3421 815 3490 qui
841 3430 895 3474 et
941 3436 1037 3490 per
1074 3423 1500 3478 miscricordiam
1523 3425 1617 3480 Dei
1650 3440 1746 3480 rex
1773 3426 1945 3480 Fran-

367 3524 553 3566 corum
589 3518 644 3563 et
668 3509 1164 3579 Langobardorum.

439 3597 707 3667 Quidquid
733 3598 802 3653 ob
822 3613 1060 3655 amorem
1094 3600 1189 3655 Dei
1222 3601 1624 3671 omnipotentis,
1655 3611 1709 3659 et
1736 3603 1804 3658 ad
1825 3604 1944 3659 loca

366 3705 586 3746 suorum
629 3690 1018 3744 venerabilium
1051 3705 1152 3760 pro
1196 3693 1460 3748 mercedis
1501 3695 1697 3748 anima
1750 3703 1949 3750 nostra

367 3789 659 3850 augmento
698 3779 939 3834 cedimus
964 3789 1018 3834 et
1045 3780 1431 3848 condonamus,
1456 3783 1558 3838 hoc
1582 3783 1739 3839 nobis
1758 3783 1948 3852 procul

368 3871 532 3924 dubio
551 3869 618 3923 ad
639 3877 896 3924 aeternam
919 3870 1304 3926 beatitudinem
1317 3873 1589 3940 pertinere
1607 3873 1946 3929 conﬁdimus.

368 3960 534 4031 Igitur
557 3968 741 4014 notum
770 3957 840 4013 sit
872 3959 1113 4013 omnium
1134 3959 1371 4015 ﬁdelium
1401 3968 1711 4016 nostrorum
1736 3962 1948 4032 magni-

371 4049 539 4103 tudini
565 4047 908 4118 praseutium
930 4048 1137 4103 scilicet
1161 4057 1217 4104 et
1250 4048 1573 4115 futurorum,
1607 4049 1842 4120 qualiter
1860 4051 1948 4104 vir

369 4137 692 4192 venerabilis
734 4135 1035 4193 Maxentius
1068 4138 1377 4207 patriarcha
1417 4138 1706 4196 Serenitati
1742 4150 1946 4196 nostra

369 4229 656 4300 suggessit,
712 4243 778 4284 eo
814 4228 956 4299 quod
991 4229 1206 4295 sedem,
1239 4245 1361 4299 qua
1404 4229 1685 4300 Aquilegia
1731 4231 1952 4288 civitate

369 4319 562 4391 priscis
593 4319 923 4390 temporibus
964 4328 1270 4376 constructa
1314 4321 1523 4387 fuerat,
1559 4329 1616 4376 et
1651 4322 1721 4378 ob
1745 4330 1948 4378 metum

1984 4369 2030 4429 ο

2029 1783 2313 1839 exhilarati
2357 1783 2726 1837 condonamus
2779 1789 2941 1850 atque
2993 1781 3376 1836 conﬁrmamus
3424 1796 3613 1850 supra-

2029 1873 2227 1928 dictam
2254 1872 2555 1942 portionem
2579 1871 2808 1926 duorum
2831 1870 3212 1939 praedictorum
3240 1869 3466 1924 fratrum
3494 1869 3612 1924 inﬁ-

2031 1963 2232 2018 delium
2266 1963 2534 2033 Rotgandi
2590 1962 2841 2019 videlicet
2877 1970 2932 2017 et
2983 1961 3209 2026 Felicis,
3265 1975 3384 2030 qua
3421 1961 3489 2016 ad
3523 1959 3613 2029 jus

2031 2063 2279 2110 nostrum
2307 2057 2581 2127 pertinere
2612 2055 3032 2127 dignoscebatur
3067 2054 3118 2108 in
3151 2054 3491 2124 eleemosyna
3513 2069 3614 2108 no-

2033 2154 2145 2200 stra
2197 2161 2296 2216 pro
2321 2146 2584 2202 mercedis
2610 2147 2803 2199 anima
2839 2153 3039 2200 nostra
3065 2151 3414 2213 augmentum
3440 2143 3613 2198 eccle-

2033 2238 2127 2292 sia
2150 2237 2242 2290 Dei
2270 2244 2471 2291 saneta
2495 2236 2774 2308 genitricis
2802 2235 2999 2300 Maria,
3034 2235 3118 2290 vel
3138 2235 3206 2290 ad
3237 2235 3406 2304 ipsam
3431 2235 3611 2290 sedero

2033 2327 2430 2399 Aquilejensem
2454 2370 2468 2395 ,
2505 2338 2565 2384 ut
2593 2329 2848 2399 perennis
2875 2329 3205 2398 temporibus
3231 2330 3296 2384 ad
3326 2330 3496 2398 ipsam
3531 2345 3614 2386 se-

2036 2425 2155 2479 dem
2183 2431 2428 2484 sanciunt
2453 2428 2703 2500 proﬁciat
2735 2429 2790 2483 in
2821 2424 3122 2500 augmentis
3166 2447 3177 2482 :
3220 2427 3274 2484 id
3295 2435 3375 2484 est
3405 2427 3610 2492 domos,

2035 2519 2272 2574 cultilem
2295 2534 2418 2575 cum
2441 2519 2720 2584 sediminc,
2747 2520 2907 2574 terris
2931 2519 3198 2582 aratoriis,
3223 2519 3415 2582 vineis,
3443 2520 3614 2584 silvis,

2034 2611 2242 2680 pratis,
2287 2625 2380 2667 seu
2439 2609 2740 2681 portionem
2782 2609 2966 2674 illam,
3016 2623 3176 2678 quam
3225 2608 3278 2662 in
3321 2615 3481 2678 portu
3518 2606 3616 2662 llu-

2037 2701 2236 2766 minis,
2281 2701 2426 2770 quod
2476 2707 2700 2756 vocatur
2731 2699 3062 2765 Natisionis,
3111 2700 3311 2755 habere
3355 2700 3457 2753 visi
3503 2698 3614 2755 fue‘

2038 2800 2197 2856 runt,
2235 2793 2375 2848 sicut
2400 2790 2646 2860 superius
2676 2791 3209 2862 comprehendimus;
3251 2790 3508 2859 quidquid
3531 2789 3613 2843 in—

2040 2890 2124 2936 tra
2150 2881 2422 2936 civitatem
2448 2880 2531 2935 vel
2560 2879 2704 2935 foras
2737 2896 2903 2951 prope
2947 2896 3131 2935 muros
3157 2881 3391 2936 civitatis
3429 2879 3622 2934 ditioni

2043 2977 2242 3024 nostra
2267 2986 2334 3025 ex
2369 2970 2484 3040 ipsa
2515 2969 2831 3025 haereditate
2867 2972 3136 3040 pertinere
3163 2971 3430 3034 videatur,
3456 2971 3624 3025 tradi-

1965 3035 2014 3098 ο
2047 3075 2168 3116 mus
2190 3068 2349 3130 atque
2367 3061 2770 3126 conﬁrmamus,
2800 3069 2854 3116 et
2881 3061 2933 3116 in
2955 3069 3277 3133 perpetuum
3307 3077 3620 3117 mansurum

2045 3165 2166 3207 esse
2189 3151 2454 3206 volumus.
2489 3151 2704 3208 Tertius
2737 3151 2952 3221 quidem
2979 3151 3147 3206 frater
3173 3151 3385 3206 illorum
3405 3152 3625 3209 nomine

2045 3240 2409 3312 Landulphus,
2457 3241 2550 3311 qui
2579 3241 2633 3296 in
2672 3241 2987 3297 inﬁdelitate
3022 3256 3211 3296 eorum
3238 3257 3346 3296 non
3375 3256 3623 3311 perseve-

2049 3331 2207 3395 ravit,
2242 3347 2394 3388 suam
2427 3333 2602 3388 adhuc
2625 3340 2770 3388 tenet
2795 3333 3117 3402 portionem.
3149 3331 3254 3386 Per
3283 3333 3490 3402 reliqua
3521 3348 3621 3387 au—

2048 3430 2157 3476 tem
2185 3422 2302 3477 loca
2327 3422 2401 3476 ibi
2429 3430 2484 3476 et
2519 3423 2611 3477 ubi
2653 3422 2853 3490 aliquid
2875 3423 2941 3477 dc
2976 3421 3409 3491 supradictorum
3436 3422 3626 3476 inﬁde-

2048 3511 2175 3564 lium
2198 3510 2510 3564 hareditate
2529 3510 2596 3563 ad
2620 3525 2717 3564 nos
2736 3509 2997 3578 pervenit,
3029 3517 3227 3565 nostra
3246 3511 3513 3581 imperiali
3543 3526 3628 3565 re-

2048 3599 2382 3655 servavimus
2409 3600 2756 3655 ordinatioui.
2785 3599 3166 3671 Pracipientes
3191 3616 3320 3672 ergo
3352 3602 3625 3673 jubemus.

2047 3698 2106 3745 ut
2133 3689 2310 3745 nullus
2336 3678 2570 3744 ﬁdelium
2602 3698 2909 3745 nostrorum
2936 3690 3221 3759 cujuslibet
3250 3692 3456 3748 ordinis
3476 3733 3490 3757 ,
3513 3692 3629 3747 olli-

2049 3781 2140 3844 cii,
2185 3779 2523 3835 auctoritatis
2559 3789 2721 3849 atque
2766 3781 2989 3836 honoris
3013 3781 3266 3851 deinceps
3303 3783 3358 3836 in
3388 3782 3627 3838 futurum

2049 3870 2116 3924 de
2160 3869 2431 3939 praedictis
2466 3870 2650 3933 rebus,
2677 3885 2812 3938 quas
2841 3871 3222 3940 perpetualiter
3263 3872 3408 3927 circa
3452 3872 3625 3942 ipsum

2051 3967 2298 4016 sanctum
2336 3960 2516 4016 locum
2563 3959 2925 4031 delegavimus
2950 3969 3113 4031 atque
3155 3962 3626 4027 conﬁrmavimus,

2050 4055 2290 4102 rectores
2338 4046 2506 4116 ipsius
2550 4054 2750 4100 sancta
2787 4045 2883 4100 Dei
2925 4046 3178 4102 Ecclesia
3213 4048 3631 4118 pranominatas

2050 4152 2138 4192 res
2185 4137 2253 4191 ab
2291 4136 2452 4191 ullius
2495 4135 2954 4203 contradictione,
3014 4138 3305 4208 tranquille
3341 4146 3396 4194 et
3449 4140 3632 4208 quiete

2044 4228 2169 4297 jure
2188 4235 2448 4297 perpetuo
2469 4227 2748 4296 possidere
2777 4227 3054 4298 impediat.
3093 4228 3161 4290 Et
3183 4237 3241 4289 ut
3267 4230 3384 4286 hac
3414 4231 3631 4286 traditio

2054 4326 2108 4372 et
2133 4317 2473 4374 conﬁrmatio
2510 4325 2695 4372 nostra
2732 4317 2960 4374 ﬁrmiter
2997 4319 3286 4387 habeatur,
3315 4335 3380 4374 ac
3415 4335 3513 4390 per
3547 4320 3630 4376 fu-

371 4409 454 4463 vel
477 4408 753 4480 perﬁdiam
778 4408 1079 4464 Gothorum
1097 4417 1152 4463 et
1165 4407 1487 4475 Avarorum,
1515 4424 1611 4464 seu
1632 4419 1950 4466 eaterarum
1985 4407 2030 4429 υ
2055 4420 2176 4466 tura
2228 4418 2470 4480 tempora
2515 4410 2709 4466 melius
2755 4420 3133 4479 eorLservetur,
3198 4429 3360 4469 manu
3415 4417 3630 4485 propria

370 4499 646 4553 nationum
669 4498 923 4554 derelicta
948 4513 1013 4553 ac
1033 4499 1305 4553 destructa
1328 4499 1590 4555 hactenus
1617 4511 1952 4558 remanserat

370 4591 560 4647 diebus
585 4591 804 4657 nostris,
828 4591 995 4647 divini
1033 4592 1233 4646 amoris
1269 4590 1388 4648 face
1417 4606 1678 4648 accensus
1695 4634 1710 4659 ,
1739 4593 1952 4650 Christo

369 4687 698 4752 protegente,
729 4695 834 4735 una
861 4695 984 4736 cum
1014 4689 1202 4736 nostro
1239 4681 1505 4751 adjutorio
1533 4668 1848 4739 construere
1872 4693 1953 4740 at-

370 4786 476 4840 que
519 4784 771 4841 reparare
811 4772 877 4827 ad
908 4772 1196 4841 pristinum
1234 4773 1500 4827 honorem
1541 4775 1822 4842 cupiebat;
1854 4775 1948 4830 sed

370 4861 495 4930 quia
530 4861 698 4924 locus,
732 4861 786 4916 in
807 4876 912 4932 quo
939 4864 1042 4918 hoc
1063 4862 1243 4918 facere
1271 4864 1507 4932 optabat,
1546 4863 1838 4919 admodum
1861 4849 1951 4920 ar;

370 4963 488 5009 ctus
521 4953 605 5008 vel
644 4955 864 5012 strictus
894 4955 1214 5021 habebatur,
1240 4964 1301 5010 ut
1322 4954 1585 5024 condigne
1616 4956 1815 5012 ibidem
1845 4958 1948 5014 hoc

369 5043 547 5099 facere
582 5059 690 5099 non
722 5045 934 5110 valeat,
977 5045 1133 5115 petiit
1177 5045 1493 5101 Celsitudini
1540 5055 1761 5113 nostra,
1791 5057 1850 5104 ut
1894 5050 1947 5104 iu

439 5175 832 5258 {Inter‘chark
859 5178 1070 5258 Comm.
1098 5175 1164 5231 de
1187 5175 1430 5231 Maniaco
1452 5190 1517 5230 ex
1548 5175 1643 5231 lib.
1677 5176 1946 5232 Thesauri

371 5243 429 5300 S.
452 5245 751 5327 Aquilejen.
781 5246 926 5327 Eccl.
1168 5317 1180 5328 '
1220 5317 1232 5328 .
1474 5315 1486 5328 .
1650 5314 1663 5327 .

407 5385 420 5398 .
439 5315 467 5355 δ
491 5317 563 5398 .ln
591 5317 844 5397 htsunotis
873 5316 1264 5398 clirgnologicts
1288 5329 1448 5398 error
1473 5323 1710 5398 irrepant.
1740 5314 1819 5398 [Ex
1841 5330 1943 5371 an-

369 5385 454 5441 nis
491 5385 722 5455 imperii,
768 5387 917 5454 regni
959 5385 1230 5450 Francici,
1261 5395 1318 5442 et
1342 5385 1652 5442 indictionis
1681 5386 1944 5440 habemus

368 5470 566 5510 annum
609 5469 716 5523 quo
741 5455 924 5514 datum
969 5455 1069 5510 fuit
1097 5457 1346 5526 diploma,
1390 5469 1511 5514 esse
1548 5471 1787 5520 occcxu,
1835 5470 1942 5523 quo

610 5679 879 5739 ΡΑτιιοι..
924 5679 1204 5742 XCVIII.

2054 4503 2499 4574 subscripsimus,
2541 4511 2596 4558 et
2633 4503 2701 4559 de
2729 4505 2927 4560 annulo
2972 4514 3160 4561 nostro
3188 4508 3378 4562 subtus
3407 4508 3633 4578 sigillari

2046 4607 2328 4660 jussumus.

2125 4682 2257 4736 Data
2294 4697 2371 4736 xu
2409 4680 2527 4736 Kal.
2561 4681 2803 4738 Januarii
2846 4697 2989 4738 anno
3019 4699 3096 4738 ιιι
3139 4683 3358 4742 Christo
3398 4689 3632 4758 propitio

2055 4773 2266 4841 imperii
2311 4775 2503 4839 nostri,
2552 4784 2608 4829 et
2634 4791 2737 4830 xuv
2763 4776 2913 4846 regni
2958 4777 3012 4830 in
3044 4776 3308 4844 Francia,
3355 4795 3537 4834 xxxv"
3580 4781 3632 4834 in

2055 4863 2227 4930 Italia,
2261 4866 2556 4922 indictione
2578 4883 2610 4919 v
2633 4867 2683 4920 ι’.

2123 4955 2317 5010 Actum
2353 4956 2677 5026 Aquisgrani
2709 4957 2760 5010 in
2787 4956 2991 5026 palatio
3014 4963 3180 5028 regio,
3211 4961 3264 5014 in
3295 4961 3387 5016 Dei
3414 4963 3632 5017 nomine

2055 5047 2303 5103 feliciter.
2329 5047 2522 5102 Amen.

2055 5197 2178 5252 cum
2213 5189 2534 5252 tamennon
2561 5179 2836 5252 concurrit
2861 5194 3037 5252 annus
3063 5196 3246 5236 xxxvii
3274 5183 3629 5252 regniltaliei,

2050 5251 2257 5305 duobus
2295 5249 2452 5321 annis
2488 5247 2887 5321 deficientibus.
2923 5250 3279 5305 Scrihendum
3307 5247 3435 5321 ergo
3465 5247 3629 5318 esset,

2051 5336 2213 5376 χχχιιι
2230 5321 2281 5401 in
2294 5319 2465 5401 Italia.
2487 5319 2541 5374 In
2556 5319 2660 5374 ﬁne
2673 5334 2888 5390 quoque
2904 5321 3052 5376 deest
3070 5319 3396 5390 subscriptio
3416 5325 3630 5391 scriba,

2051 5406 2145 5446 seu
2169 5398 2388 5445 notarii.
