2085 3156
205 195 266 227 433·

668 192 805 224 RERUM
824 191 1061 224 ECCLESIAST.
1085 190 1387 223 CONTEMPLATIO.

1779 185 1836 218 434

208 263 246 291 μα
275 253 393 288 μόσχου,
426 252 485 287 βοᾷ,
516 252 621 287 Ἄγιος.
649 253 685 279 To
711 252 738 279 δὲ
763 252 866 287 τρίτον,
899 251 929 278 τὸ
955 251 994 282 εἰς

1057 250 1228 277 nilitudinem
1244 247 1320 276 vituli
1338 247 1459 275 referens
1475 247 1594 277 clamat.
1615 245 1753 273 Sanctus:
1779 251 1835 273 ter-

207 300 331 334 ὀμοῖωμα
348 298 439 331 ἀετοῦ,
457 299 516 334 βοᾷ,
533 299 644 333 Ἄγιος.
670 298 706 324 Τὸ
737 297 765 324 δὲ
794 298 937 332 τέταρτον,
966 296 996 322 eo

208 347 247 377 εἰς
275 345 403 379 ὁμοίωμα
430 342 586 379 ἀνθρώπου,
604 343 663 378 βοᾷ,
678 344 787 377 Κύριος
801 342 931 369 Σαϐαὼθ.
952 341 996 368 Ἐν

207 391 296 427 τρισὶν
309 390 467 424 ἁγιασμοϊς,
480 390 519 421 εἰς
539 389 603 423 μίαν
624 389 740 424 Θεότητα
763 388 882 415 συνιοῦσι
903 387 996 423 κυριό-

208 445 276 471 τητα
295 437 342 462 καὶ
359 436 484 470 δύναμιν,
500 435 589 466 καθὼς
606 437 619 461 ὁ
633 436 778 470 προφήτης
793 435 930 466 τεθέαται,
956 434 997 460 ὅτι

211 492 219 508 ι
239 481 301 508 Εῐδα
315 482 362 508 τὸν
379 481 483 516 Κύριον
514 482 562 508 ἐπὶ
585 481 681 516 Θρόνου
707 481 860 516 καθήμενον
894 479 996 514 ὑψηλοῦ

209 530 255 555 καὶ
270 521 439 563 ἐπηρμένου,
456 527 502 554 καὶ
517 527 565 559 τὰς
579 527 734 562 Σεραφικὰς
755 527 884 559 δυνάμεις
903 525 997 561 κύκλῳ

209 574 341 607 ἑστώσας,
356 575 403 601 καὶ
419 574 451 600 ἐκ
467 574 516 608 τῆς
529 575 620 608 φωνῆς
631 573 753 608 ἐπλήσθη
763 574 776 599 ὁ
784 570 856 603 οἶκος
863 572 994 599 καπνοῦ.»

209 620 246 646 Τὺ
271 620 316 652 δὲ,
335 629 344 645 ι
370 618 526 652 Ἀπεστάλη
541 618 569 644 ἓν
584 618 638 644 τῶν
654 618 789 652 Σεραφὶμ,
803 617 850 643 καὶ
865 615 937 652 εἶχεν
954 617 998 643 ἅν-

209 666 297 700 θρακα
314 666 342 691 ἑν
363 667 396 700 τῇ
416 665 498 700 χειρὶ,
514 664 543 690 ὃν
557 665 589 699 τῇ
608 663 696 689 λαδίδι
712 663 808 689 ἔλαϐεν
820 663 874 689 ἀπὸ
885 663 931 689 τοῦ
952 662 998 689 θυ-

209 710 377 745 σιαστηρίου,
396 719 405 735 ι
422 709 549 745 σημαίνει
573 709 618 735 τὸν
636 709 711 744 ἱερέα
724 709 771 735 τὸν
788 709 937 744 κατέχοντα
954 709 998 736 τὸν

211 757 300 791 νοερὸν
318 755 453 790 ἄνθρακα,
468 755 597 790 Χριστὸν,
613 756 645 790 τῇ
662 755 750 781 λαϐίδι
765 754 816 788 τῆς
842 754 933 790 χειρὸς
949 755 998 781 αὺ-

207 801 254 827 τοῦ
271 801 300 826 ἐν
313 801 352 835 τῷ
376 800 446 835 ἁγίῳ
471 799 668 835 Θυσιαστηρίῳ,
698 800 746 826 καὶ
774 800 922 834 ἁγιάζοντα
952 801 999 828 καὶ

208 846 375 882 καθαίροντα
393 847 457 877 τοὺς
488 846 723 881 προσδεχομένους
747 846 793 873 καὶ
820 846 998 882 μεταλαμϐά-

208 901 313 924 νοντας.
341 893 397 919 Καὶ
425 893 478 928 γὰρ
499 894 538 923 εἰς
561 892 595 918 τὰ
609 892 724 928 οὐράνια
741 893 788 919 καὶ
805 893 998 929 ἁχειροποὶητα

208 939 255 964 καὶ
274 938 340 972 ἅγια
361 938 486 972 εἰσῆλθεν
515 939 529 964 ὁ
554 938 681 973 Χριστὸς,
696 950 698 952 ·
711 938 758 964 καὶ
785 938 948 973 ἑνεφανίσθη
969 940 998 965 ἐν

192 984 271 1020 ’δᾶξῃ
285 984 324 1018 τῷ
336 984 383 1010 τοῦ
400 983 467 1009 Θεοῦ
481 983 528 1009 καὶ
546 983 654 1018 Πατρδς
673 983 821 1018 προσώπῳ,
837 984 907 1019 ὑπὲρ
920 984 998 1019 ἡμῶν

209 1030 355 1064 γενόμενος
373 1030 519 1065 ἀρχιερεὺς
537 1030 634 1064 μέγας,
649 1028 813 1064 διεληλυθὼς
834 1031 896 1061 τοὺς
917 1031 999 1066 οὐρα-

209 1075 288 1106 νηὺςν
307 1076 355 1102 καὶ
370 1075 468 1110 ἔχομεν
482 1075 563 1101 αὑτὸν
581 1075 757 1109 παράκλητον
777 1075 844 1110 πρὸς
870 1076 915 1102 τὸν
943 1077 999 1103 Πα-

208 1121 286 1156 τέρα,
313 1121 359 1146 καὶ
383 1120 498 1155 ἱλασμὸν
512 1120 583 1155 ὑπὲρ
599 1119 653 1146 τῶν
675 1120 818 1155 ἁμαρτιῶν
846 1121 934 1157 ἡμῶν,
962 1122 1000 1154 ὡς

209 1167 443 1202 καταρτισάμενον
466 1167 533 1201 ἡμῖν
556 1166 586 1192 τὸ
602 1166 680 1200 ἆγιον
704 1166 751 1192 καὶ
765 1167 900 1193 συναΐδιον
917 1167 999 1194 αὑτοῦ

210 1213 288 1245 σῶμα
301 1213 348 1239 καὶ
359 1212 388 1238 τδ
400 1212 487 1247 τίμιον
502 1209 581 1247 αἷμα,
592 1212 690 1248 λύτρον
708 1211 778 1248 ὑπὲρ
791 1213 899 1240 πάντων
909 1213 998 1248 ἡμῶν,

209 1258 301 1288 καθὼς
316 1259 329 1283 ὁ
346 1259 427 1289 αὑτὸς
446 1257 540 1291 λέγει⁴
568 1267 576 1283 ι
596 1259 706 1292 Πάτερ,
722 1258 836 1291 ἁγίασον
854 1259 953 1291 αὐτοὺς
971 1261 1000 1286 ὲν

211 1303 249 1338 τῷ
265 1304 378 1338 ὀνόματί
398 1313 456 1335 σου,
471 1303 518 1335 οὒς
531 1303 651 1335 δέδωκάς
668 1313 724 1338 μοι,
742 1305 785 1331 ἵνα
796 1301 846 1330 ὦσι
864 1306 911 1331 καὶ
924 1306 1001 1332 αὐτοὶ

211 1349 373 1383 ἡγιασμένοι
386 1350 415 1375 ὲν
443 1349 579 1384 ἀληθείᾳ·
606 1349 653 1375 καὶ
678 1349 749 1376 θέλω
780 1349 823 1376 ἵνα
852 1351 918 1377 ὅπου
946 1351 1001 1385 ἐγώ

211 1396 340 1428 sight?)
361 1391 434 1421 οὗτοι
461 1392 521 1426 ὦσι,
545 1396 591 1421 καὶ
621 1395 743 1430 θεωρῶσι
773 1395 821 1430 τὴν
850 1395 928 1428 δόξαν
951 1397 1001 1431 τὴν

212 1439 292 1474 ἐμὴν,
307 1440 349 1465 ὅτι
374 1439 507 1474 ἠγάπησα
524 1439 634 1471 αὐτοὺς,
661 1438 750 1470 καθὼς
774 1440 920 1475 ἠγάπησας
940 1441 999 1475 ἐμὲ,

212 1485 265 1520 πρὸ
280 1485 434 1519 καταϐολῆς
447 1485 561 1520 κόσμου.
580 1495 590 1511 ι
611 1486 696 1517 Αὐτὸς
711 1483 770 1512 εἶπε
787 1495 794 1501 ·
820 1495 829 1511 ‹
845 1486 930 1513 Τοῦτό
944 1487 1001 1519 ἐστι

211 1531 241 1557 τὸ
256 1530 336 1565 σῶμα
353 1539 415 1565 μου,
430 1530 509 1557 τοῦτο
520 1531 550 1557 τὺ
572 1529 642 1565 αἷμά
659 1540 720 1565 μου.
739 1541 748 1556 ι
769 1531 855 1563 Αὐτὸς
877 1532 924 1558 καὶ
946 1533 1002 1565 τοῖς

212 1577 373 1609 ἀποστόλοις
401 1577 547 1610 ἐκέλευσε,
578 1579 624 1604 καὶ
653 1578 686 1603 δι’
711 1577 823 1604 ἐκείνων
852 1578 944 1614 ἁπάσῃ
968 1580 1001 1614 τῇ

218 1623 377 1659 Ἐκκλησία,
394 1623 472 1650 τοῦτο
487 1625 571 1650 ποιεῖν
586 1631 592 1639 ·
612 1634 621 1649 ι
639 1623 724 1650 Τοῦτο
738 1625 801 1660 γὰρ,
815 1625 891 1660 φησὶ,
903 1627 1005 1652 ποιεῖτε

213 1670 254 1701 εις
282 1669 332 1704 τὴν
359 1670 430 1704 ὲμὴν
454 1669 620 1705 ἀνάμνησιν.
642 1679 650 1694 ι
667 1670 723 1696 Οὐκ
738 1669 771 1696 ἆν
786 1671 912 1698 ἐκέλευσε
927 1672 1006 1699 τοῦτο

215 1716 316 1745 ποιεῖν,
343 1716 366 1741 εἰ
384 1715 421 1749 μὴ
443 1715 558 1750 δύναμιν
571 1716 683 1751 ὲνοῆσαι
700 1716 823 1750 ἔμελλεν,
841 1717 911 1743 ὥστε
927 1718 1007 1744 δύνα-

217 1758 279 1784 σθαι
292 1757 371 1784 τοῦτο
385 1760 483 1784 ποιεῖν.
501 1759 556 1786 Καὶ
571 1759 612 1790 τίς
629 1760 645 1794 ἡ
667 1760 760 1795 δέησις
774 1769 782 1792 ;
802 1761 832 1787 τὸ
852 1761 964 1797 Πνεῦμα
977 1762 1007 1789 τὸ

215 1804 293 1838 ἃγιον
308 1813 314 1820 ·
332 1805 348 1840 ἡ
365 1804 395 1836 ἐξ
408 1804 493 1839 ὕψους
509 1805 572 1836 τοὺς
595 1806 762 1837 ἀποστόλους
776 1807 923 1840 ὁπλίσασα,
937 1809 1008 1834 κατὰ

214 1851 245 1877 τὸ
260 1851 407 1886 εἰρημένον
423 1852 492 1886 πρὸς
506 1852 605 1883 αὐτοὺς
618 1853 669 1878 ὑπὸ
681 1852 726 1879 τοῦ
749 1853 853 1888 Κυρίου
877 1863 884 1869 ·
905 1864 914 1879 ι
934 1855 1008 1881 Καθ-

216 1897 292 1923 ίσατε
305 1898 333 1923 ὲν
359 1899 392 1932 τῇ
421 1897 496 1924 πόλει
515 1898 703 1933 Ἰερουσαλὴμ,
730 1899 782 1930 ἕως
805 1899 837 1926 ἂν
863 1899 1008 1935 ἐνδύσησθε

215 1941 332 1976 δύναμιν
351 1941 380 1974 ἐξ
410 1941 505 1976 ὕψους.
525 1951 534 1967 ι
552 1941 638 1968 Τοῦτο
663 1942 692 1968 τὸ
718 1943 799 1978 ἔργον
824 1944 932 1978 ἐκείνης
959 1945 1008 1980 τῆς

216 1987 330 2014 καθόδου
347 1996 354 2003 ⁸
374 1988 404 2014 οὑ
417 1987 473 2023 γὰρ
492 1988 622 2015 κατελθὸν
639 1988 722 2021 ἅπαξ,
747 1987 806 2016 εἶτα
828 1990 1009 2018 ἀπολέλοιπεν

217 2034 302 2068 ἡμᾶς,
316 2033 385 2060 ἀλλὰ
404 2033 462 2069 μεθ’
479 2033 557 2068 ἡμῶν
572 2034 641 2065 ἐστι,
662 2034 708 2060 καὶ
719 2033 795 2061 ἔσται
813 2034 895 2070 μέχρι
909 2036 1009 2068 παντὸς

217 2083 259 2113 εἰς
273 2081 319 2107 τὸν
334 2082 429 2108 αξῶνα.
444 2080 529 2107 Τοῦτο
542 2080 585 2108 διὰ
604 2081 654 2115 τῆς
671 2081 761 2116 χειρὸς
777 2081 837 2107 τῶν.
848 2081 944 2116 ἱερέων
963 2083 1010 2108 καὶ

217 2127 268 2162 τῆς
285 2127 408 2162 γλώττης
421 2127 456 2153 τὰ
472 2127 608 2161 μυστήρια
625 2127 811 2161 τελεσιουργεῖ
825 2135 831 2143 ·
855 2128 901 2154 καὶ
922 2129 951 2154 οὐ
979 2129 1010 2154 τὸ

219 2172 297 2205 ἅγιον
307 2172 419 2206 Πνεῦμα
437 2172 517 2206 μόνον
532 2171 655 2206 ἔπεμψεν
676 2172 690 2198 ὁ
710 2171 810 2206 Κύριος
833 2172 921 2206 ἡμῶν,
938 2172 1009 2199 ὥστε

220 2218 314 2252 μένειν
339 2218 397 2251 μεθ’
411 2217 501 2253 ἡμῶν,
521 2217 589 2243 ἀλλὰ
606 2218 654 2243 καὶ
667 2217 748 2249 αὐτὸς
759 2217 943 2252 ἐπηγγείλατο
960 2218 1008 2252 μέ-

1051 295 1119 322 tium
1136 294 1226 322 simile
1237 293 1336 328 aquilae
1350 293 1448 319 clamat
1462 312 1469 325 ,
1493 291 1626 318 Sanctus:
1650 295 1778 326 quartum
1802 291 1836 318 ad

1051 340 1259 368 similitudinem
1284 339 1402 367 hominis
1428 339 1539 371 clamat,
1560 338 1687 364 Dominus
1704 337 1833 364 Sabaolh.

1051 386 1150 414 Tribus
1165 385 1430 414 sanctificatiouibus
1445 384 1471 411 in
1485 392 1567 412 unam
1584 384 1712 411 deitatem
1731 391 1836 410 coeun-

1051 433 1122 460 tibus
1139 431 1354 459 dominationem
1369 434 1395 457 et
1410 434 1570 464 potestatem
1585 439 1591 457 :
1604 429 1835 464 quemadmodum

1050 478 1182 513 propheta
1195 477 1397 511 contemplatus
1411 480 1474 504 est:
1495 485 1504 500 Ι
1529 474 1590 502 Vidi
1615 474 1761 502 Dominum
1789 482 1836 502 su-

1051 532 1099 559 per
1114 525 1213 551 throno
1224 523 1363 550 sedentem
1378 522 1488 549 excelso
1505 525 1532 548 et
1545 521 1617 548 elato
1630 540 1639 553 ,
1665 525 1692 547 et
1707 520 1838 555 Seraphi-

1051 577 1097 597 cas
1111 573 1260 605 potestates
1275 569 1300 596 in
1318 568 1434 596 circuitu
1453 572 1585 599 astantes,
1607 571 1633 594 et
1655 567 1689 594 de
1704 575 1772 594 voce
1788 567 1838 593 im-

1051 617 1123 651 pleta
1138 621 1181 643 est
1196 616 1297 643 domus
1315 614 1402 641 l'umo.
1427 622 1438 640 ι
1466 614 1535 640 Illud
1559 617 1652 641 autem
1668 633 1675 646 ,
1694 621 1703 638 (
1723 613 1837 640 missum

1051 664 1092 687 est
1109 667 1193 686 unum
1209 667 1223 687 ο
1239 659 1400 694 Seraphim,
1431 664 1458 685 et
1485 658 1601 685 habebat
1632 657 1778 690 carbonem
1812 658 1839 683 in

1051 714 1145 739 manu,
1161 713 1241 741 quem
1263 705 1368 739 forcipe
1393 704 1427 731 ab
1450 704 1528 730 altari
1551 704 1677 737 excepit,
1703 703 1839 738 signiﬁcat

1052 753 1221 780 sacerdotem
1245 756 1383 779 tenentem
1400 751 1550 786 spiritalem
1577 750 1725 777 carbonem
1749 749 1838 785 (Chri-

1052 799 1136 833 stum)
1149 799 1252 833 forcipe
1268 806 1367 825 mauus
1383 806 1450 829 suae,
1467 797 1492 824 in
1511 801 1605 824 sancto
1621 796 1711 830 altari,
1730 801 1756 823 et
1775 804 1839 823 san<

1052 845 1216 873 etilicanlem
1231 849 1258 872 et
1273 850 1432 880 purgantem
1445 844 1610 878 accipientes
1627 848 1653 870 et
1669 844 1838 878 participau—

1053 896 1104 918 tes.
1122 891 1227 918 Etenim
1245 891 1271 918 in
1290 891 1412 918 coelestia
1427 895 1453 917 et
1470 898 1524 917 non
1548 889 1705 917 manufacta
1721 894 1749 916 et
1775 897 1839 916 san—

1052 942 1094 964 cta
1115 937 1254 971 ingressus
1276 941 1317 964 est
1337 936 1475 968 Christus,
1506 939 1533 962 et
1550 935 1678 970 apparuit
1700 935 1727 961 in
1754 935 1838 968 gloria

1053 992 1144 1011 coram
1157 984 1202 1011 Dei
1220 989 1246 1011 et
1260 983 1346 1011 Patris
1366 983 1445 1015 facie,
1465 990 1514 1017 pro
1529 982 1612 1009 nobis
1628 982 1718 1008 factus
1741 981 1836 1007 Ponti-

1053 1031 1095 1058 fex
1113 1038 1238 1064 magnus,
1261 1034 1407 1064 penetrans
1423 1029 1526 1061 caelos;
1552 1032 1578 1055 et
1594 1028 1730 1054 habemus
1749 1027 1838 1061 ipsum

1053 1077 1215 1103 advocatum
1241 1075 1312 1110 apud
1330 1074 1437 1101 Patrem
1454 1094 1461 1106 ,
1489 1078 1517 1100 et
1541 1073 1764 1108 propitiationem
1791 1079 1839 1106 pro

1053 1122 1173 1157 peccatis
1191 1122 1304 1153 nostris,
1323 1125 1417 1155 utpote
1441 1119 1521 1154 cujus
1534 1125 1660 1147 sanctum
1677 1123 1704 1146 et
1727 1123 1840 1146 coaeter-

1054 1175 1118 1194 uutn
1135 1175 1235 1199 corpus
1252 1166 1331 1195 nobis
1349 1169 1570 1200 coagmentatum
1587 1165 1633 1196 sit,
1649 1169 1677 1192 et
1700 1164 1841 1199 pretiosus

1054 1214 1176 1248 sanguis,
1193 1212 1387 1247 redemptionis
1406 1213 1523 1246 pretium
1545 1219 1596 1246 pro
1606 1212 1686 1239 nobis
1699 1212 1841 1244 omnibus,

1054 1259 1282 1294 quemadmodum
1296 1259 1354 1292 ipse
1369 1258 1426 1284 ait:
1445 1252 1561 1291 (Pater,
1580 1258 1722 1285 sanetilica
1740 1265 1788 1284 eos
1813 1258 1843 1283 in

1054 1305 1164 1332 nomine
1182 1309 1239 1336 tuo,
1258 1311 1326 1338 quos
1340 1303 1438 1330 dedisti
1461 1303 1539 1336 mihi,
1557 1308 1586 1331 ut
1605 1304 1659 1330 sint
1671 1308 1696 1330 et
1711 1304 1764 1338 ipsi
1776 1311 1842 1330 san-

1055 1351 1167 1380 ctificati
1179 1350 1205 1377 in
1221 1350 1336 1377 veritate
1347 1358 1403 1385 :lac
1418 1350 1479 1376 volo
1500 1354 1530 1376 ut
1546 1349 1591 1376 ubi
1609 1358 1664 1384 ego
1678 1357 1751 1383 sum,
1768 1354 1795 1377 et
1815 1350 1841 1376 hi

1056 1399 1120 1430 sint,
1133 1404 1159 1424 et
1179 1396 1399 1431 contemplemur
1420 1396 1534 1431 gloriam
1553 1404 1641 1423 meam
1655 1417 1663 1429 ,
1683 1397 1755 1431 quod
1773 1396 1842 1422 dile-

1056 1444 1220 1476 xerimcos,
1250 1447 1279 1470 ut
1299 1443 1417 1470 dilexisti
1451 1450 1495 1470 me
1522 1447 1585 1470 ante
1618 1442 1841 1470 constitutionem

1056 1489 1149 1517 mundi
1170 1489 1203 1515 ⁸⁸.
1223 1498 1232 1514 ι
1260 1488 1318 1523 Ipse
1336 1489 1426 1516 dixit:
1449 1498 1458 1514 ι
1484 1487 1540 1515 Hoc
1550 1493 1592 1515 est
1614 1496 1714 1522 corpus
1740 1496 1844 1520 meum,

1057 1533 1107 1561 Hic
1120 1533 1232 1568 sanguis
1247 1541 1336 1561 meus.
1362 1543 1371 1559 ›
1399 1534 1457 1568 ipse
1480 1539 1508 1560 et
1529 1535 1659 1569 apostolis
1676 1530 1762 1568 .jussit
1778 1553 1785 1565 ,
1815 1538 1844 1561 et

1056 1589 1103 1616 per
1118 1581 1180 1608 illos
1208 1580 1344 1607 universae
1374 1580 1503 1607 Ecclesia:
1517 1600 1524 1612 ,
1553 1580 1604 1607 hoc
1631 1579 1740 1607 facere:
1760 1589 1770 1605 ι
1786 1579 1844 1606 lloe

1057 1627 1139 1660 (enim
1157 1626 1205 1660 ait)
1222 1625 1303 1652 facile
1319 1625 1346 1651 in
1367 1632 1455 1651 meam
1479 1624 1767 1651 commemorationem
1782 1624 1814 1650 ⁸⁸.
1831 1633 1840 1650 ι

1056 1673 1115 1700 Non
1129 1680 1196 1700 sane
1218 1672 1244 1699 id
1269 1672 1358 1699 facere
1375 1671 1526 1706 jussisset,
1554 1671 1606 1698 nisi
1630 1671 1683 1697 vim
1708 1671 1844 1698 inditurus

1058 1720 1155 1747 fuisset
1170 1724 1201 1746 ut
1215 1719 1241 1746 id
1258 1718 1349 1745 facere
1367 1718 1471 1745 liceret.
1487 1717 1519 1743 Et
1532 1725 1590 1752 qua:
1604 1721 1645 1744 est
1669 1717 1845 1751 deprecatio?

1059 1765 1178 1800 Spiritus
1190 1769 1312 1795 sanctus,
1327 1764 1414 1791 virtus
1427 1771 1488 1799 qua
1505 1771 1536 1790 ex
1559 1764 1626 1795 alto,
1645 1764 1784 1798 apostolos
1799 1771 1845 1790 ar-

1058 1811 1152 1844 mavit,
1171 1815 1201 1837 tIt
1215 1810 1254 1838 eis
1267 1818 1281 1837 a
1299 1809 1415 1836 Domino
1434 1809 1537 1836 dictum
1554 1809 1662 1835 fuerat:
1683 1818 1692 1834 ι
1712 1808 1844 1836 Sedetein

1058 1855 1127 1882 urbe
1157 1853 1308 1881 Jerusalem
1348 1853 1437 1879 donec
1475 1852 1563 1878 induti
1599 1851 1657 1878 sitis
1680 1852 1780 1878 virtute
1812 1859 1846 1878 ex

1059 1900 1114 1927 alto
1129 1899 1162 1925 ⁸⁷.
1182 1907 1192 1924 ›
1212 1898 1269 1925 Hoc
1285 1905 1354 1932 opus
1367 1902 1408 1924 cst
1427 1897 1486 1931 ejus
1511 1898 1652 1931 ingressus
1673 1904 1757 1934 :_uon
1772 1896 1846 1923 enim

1059 1945 1144 1973 semel
1165 1951 1294 1980 egressus
1307 1964 1313 1976 ,
1337 1944 1362 1969 in
1389 1947 1528 1977 posterum
1557 1942 1702 1976 dereliquit
1720 1949 1780 1974 nos,
1799 1941 1846 1969 sed

1059 1996 1100 2018 est
1117 1991 1257 2018 nobisrum
1271 1995 1297 2016 et
1319 1989 1371 2015 erit
1389 1989 1415 2015 in
1441 1993 1616 2022 perpetuum,
1637 1991 1664 2014 ct
1693 1988 1720 2014 in
1746 1995 1845 2014 alvum.
1865 2018 1869 2023 .

1060 2036 1116 2063 lloc
1132 2043 1179 2070 per
1198 2043 1310 2062 manum
1334 2034 1507 2060 sacerdotum
1529 2038 1556 2060 et
1579 2033 1699 2066 linguam
1718 2033 1846 2067 mysteria

1059 2083 1169 2110 coniicit
1187 2091 1193 2108 :
1211 2089 1243 2108 ac
1261 2089 1315 2110 non
1332 2084 1458 2107 sanetum
1484 2079 1615 2113 Spiritum
1642 2079 1774 2105 duntaxat
1797 2078 1847 2104 mi-

1061 2131 1096 2157 sit
1108 2129 1239 2155 Dominus
1255 2131 1358 2159 nosler,
1386 2131 1416 2153 ut
1443 2130 1551 2152 maneat
1581 2124 1723 2151 uobiscum
1740 2134 1746 2151 :
1761 2125 1806 2151 Sed
1822 2129 1848 2151 et

1061 2176 1119 2210 ipse
1139 2174 1276 2209 pollicitus
1290 2177 1332 2199 est
1348 2178 1377 2199 se
1389 2179 1548 2198 mansurum
1561 2171 1716 2202 uobiscum,
1733 2179 1742 2196 ‹
1760 2178 1848 2204 usque

1062 2225 1094 2250 ad
1121 2221 1386 2254 consummationem
1415 2219 1508 2246 saeculi
1531 2218 1564 2244 “3.
1595 2227 1603 2243 ι
1624 2218 1659 2244 ΑΙ.
1691 2217 1849 2244 Paracletus

220 2271 276 2288 νειν
298 2262 357 2296 μεθ’
375 2261 465 2296 ἡμῶν,
482 2271 491 2287 ι
505 2261 557 2293 ἕως
571 2261 621 2296 τῆς
636 2261 790 2292 συντελείας
807 2261 852 2301 τοῦ
866 2262 973 2293 αἰῶνος.
998 2272 1004 2288 ι

1065 2268 1262 2302 ιιιοοιιερὶθυυε
1272 2267 1360 2297 adest,
1375 2266 1439 2300 quia
1458 2266 1515 2299 ipse
1530 2271 1630 2298 corpus
1646 2271 1699 2290 non
1717 2263 1847 2298 gestavit:

227 2307 297 2333 Ἀλλ’
312 2308 327 2334 ὁ
339 2307 389 2342 μὲν
400 2307 576 2342 παράκλητος
589 2307 704 2342 ἀόρατος
722 2307 863 2342 πάρεστιν,
880 2307 920 2333 ὅτι
933 2307 1012 2342 σῶμα

221 2354 302 2385 αὐτὸς
318 2354 368 2380 οὐκ
380 2353 522 2388 ἐφόρεσεν.
541 2352 570 2379 ὐ
586 2353 613 2378 δὲ
636 2353 738 2387 Κύριος
765 2353 812 2379 καὶ
834 2353 941 2388 ὁρᾶται,
967 2353 1014 2380 καὶ

222 2400 293 2434 ἁξῆς
311 2398 439 2433 ἀνέχεται
452 2397 496 2424 διὰ
515 2398 568 2423 τῶν
585 2397 707 2432 φρικτῶν
732 2397 779 2423 καὶ
805 2398 884 2432 ἱερῶν
910 2406 1013 2433 μυστη-

223 2442 354 2477 ρῖων,ὠς
378 2441 412 2469 ἂν
435 2442 484 2477 τὴν
511 2442 648 2477 ἡμετέραν
674 2441 755 2476 φύσιν
783 2442 941 2477 δεξάμενος,
967 2443 1015 2470 καὶ

223 2489 315 2524 φέρων
333 2489 373 2519 εἰς
386 2488 451 2519 τοὺς
464 2489 575 2518 αἰῶνας.
594 2487 668 2522 Αὕτη
684 2488 700 2523 ἡ
719 2487 769 2522 τῆς
789 2487 938 2524 ἱερωσύνης
964 2488 1012 2514 δύ-

227 2543 308 2568 ναμις
323 2543 329 2548 ·
342 2530 419 2563 οὗτος
433 2534 446 2560 ὁ
461 2533 552 2568 ἱερεύς
566 2541 574 2548 '
590 2533 621 2559 οὑ
635 2533 690 2568 γὰρ
705 2533 778 2565 ἅπαξ
796 2533 893 2560 ἑαυτὸν
926 2543 1012 2569 προσ-

222 2579 347 2612 αγαγὼν.
359 2579 406 2605 καὶ
419 2578 514 2612 Θύσας,
532 2578 670 2605 ἐπαύσατο
689 2579 739 2614 τῆς
763 2579 924 2614 ἱερωσύνης,
946 2579 1013 2607 ἀλλὰ

222 2626 342 2660 διηνεκεῖ
364 2625 451 2660 ταύτῃ
479 2625 633 2658 λειτουργεῖ
655 2625 705 2660 τὴν
730 2624 904 2660 λειτουργίαν
921 2625 1011 2660 ἡμῶν,

225 2673 287 2699 καθ’
309 2674 343 2708 ἦν
366 2673 412 2700 καὶ
429 2672 605 2708 παράκλητὸς
625 2673 698 2698 ἐστιν
712 2673 781 2708 ὑπὲρ
794 2673 872 2708 ἡμῶν
888 2673 955 2708 πρὸς
970 2673 1014 2699 τὸν

230 2719 297 2744 θεὸν
312 2717 344 2743 δι’
358 2718 467 2750 αἰῶνος,
484 2715 514 2744 οὗ
529 2718 609 2752 χάριν
623 2718 732 2753 εἴρηται
747 2718 815 2753 πρὸς
831 2718 912 2744 αὐτόν
927 2725 934 2733 ⁸
951 2727 960 2743 ι
980 2719 1016 2745 Σὺ

228 2764 319 2798 ἱερεὺς
337 2764 377 2795 εις
392 2764 437 2790 τὸν
452 2763 548 2791 αἰῶνα.
567 2772 575 2788 ι
595 2763 645 2790 Διὰ
658 2763 736 2789 τοῦτο
753 2763 864 2798 οὐδεμία
890 2765 945 2795 τοῖς
974 2773 1019 2790 πι-

229 2811 302 2840 στοῖς
321 2810 386 2844 περὶ
413 2809 460 2835 τοῦ
489 2809 626 2844 ἁγιασμοῦ
652 2809 706 2835 τῶν
737 2808 829 2844 δώρων
857 2809 1018 2844 ἀμφιϐολία,

226 2855 287 2882 οὐδὲ
303 2856 367 2890 περὶ
381 2854 436 2881 τῶν
452 2855 539 2882 ἄλλων
550 2853 677 2885 τελετῶν,
698 2855 722 2880 εἰ
738 2854 809 2880 κατὰ
821 2854 871 2889 τὴν
890 2854 1017 2888 πρόθεσιν

229 2901 276 2927 καὶ
291 2901 338 2932 τὰς
353 2901 436 2936 εὐχὰς
452 2901 504 2927 τῶν
522 2901 615 2935 ἱερέων
630 2900 863 2936 ὰποπληροῦνται.

265 2959 287 2975 ⁶¹³
307 2958 387 2987 Joau.
401 2958 484 2993 xtu,l
493 2959 503 2985 ι
513 2967 591 2994 seqq.

630 2958 652 2974 “
663 2957 729 2986 Luc.
744 2966 810 2992 uti,
833 2958 872 2985 19.
912 2959 932 2973 ετ
953 2957 1019 2985 Luc.
1040 2964 1112 2989 X.\l\',
1130 2954 1173 2981 .19.

1064 2315 1196 2342 Dominus
1211 2320 1275 2340 vero
1296 2312 1474 2345 conspicitur,
1493 2314 1517 2337 et
1539 2309 1611 2343 tangi
1631 2318 1658 2336 se
1679 2310 1784 2343 patitur
1804 2316 1850 2342 per

1063 2361 1202 2388 tremenda
1217 2364 1244 2386 ct
1257 2366 1336 2385 sacra
1350 2357 1491 2392 mysteria,
1513 2361 1542 2383 ut
1561 2356 1607 2389 qui
1630 2360 1750 2381 nostram
1769 2359 1850 2381 natu-

1063 2415 1121 2434 ram
1137 2405 1284 2439 acceperit,
1304 2411 1420 2437 eamque
1442 2407 1528 2436 gestet
1554 2401 1582 2427 iu
1598 2401 1709 2427 szccula.
1726 2401 1790 2426 Haec
1807 2407 1851 2427 sa~

1063 2451 1166 2480 cet-doti
1184 2452 1280 2479 virtus.
1299 2449 1343 2475 hic
1354 2446 1483 2474 sacerdos
1501 2455 1508 2473 :
1527 2454 1580 2473 non
1597 2446 1668 2472 enim
1688 2444 1773 2472 semel
1786 2452 1850 2471 cum

1067 2507 1097 2528 sc
1112 2496 1241 2532 obtulerit
1263 2500 1290 2522 et
1306 2494 1469 2522 saerilicarit
1483 2513 1491 2525 ,
1522 2493 1676 2520 sacerdotio
1704 2491 1852 2519 defunctus

1066 2551 1124 2579 est;
1141 2545 1188 2572 sed
1207 2545 1259 2571 hoc
1279 2545 1409 2577 perpetuo
1431 2546 1553 2567 nostrum
1578 2538 1723 2565 ministerii
1752 2545 1852 2564 munus

1066 2593 1142 2624 obit,
1160 2598 1214 2626 quo
1227 2594 1254 2616 et
1277 2589 1427 2615 advocatus
1444 2591 1486 2613 est
1502 2592 1551 2620 pro
1572 2584 1651 2611 nobis
1672 2583 1743 2618 apud
1768 2582 1852 2609 Deum

1067 2646 1115 2674 per
1126 2644 1225 2668 unum,
1242 2635 1321 2669 cujus
1332 2633 1420 2668 gratia
1435 2631 1539 2658 dictum
1561 2635 1604 2658 est
1625 2630 1736 2674 ad_eum
1750 2637 1757 2655 :
1778 2638 1787 2654 ‹
1811 2628 1852 2654 Tu

1067 2671 1096 2711 es
1114 2682 1243 2710 sacerdos
1259 2681 1285 2707 in
1299 2684 1433 2707 aeternum
1447 2677 1481 2703 ‘9.
1501 2686 1511 2702 ι
1532 2671 1677 2711 Propterea
1697 2675 1770 2702 nulla
1789 2674 1855 2701 tide-

1070 2731 1141 2758 libus
1152 2730 1184 2756 de
1193 2727 1413 2756 sanctiﬁcatione
1422 2725 1558 2753 donorum
1571 2724 1704 2750 dubitatio
1718 2727 1855 2757 superest.

1070 2783 1158 2809 neque
1178 2774 1211 2801 de
1232 2773 1293 2800 aliis
1307 2770 1508 2802 sacramentis,
1523 2776 1556 2795 an
1581 2768 1731 2796 secundum
1756 2774 1856 2802 propo-

1071 2822 1153 2849 situm
1171 2825 1198 2848 et
1213 2826 1306 2854 preces
1326 2817 1498 2845 sacerdotum
1511 2816 1708 2849 compleantur.

1213 2951 1234 2969 ε’
1250 2949 1492 2980 Maltinxxrutﬂo.
1534 2949 1556 2964 ”
1572 2947 1642 2976 l'sal.
1653 2955 1708 2980 cur,
1725 2946 1752 2973 ὁ.
