  <div class='ocr_page' id='page_1' title='image "/cluster/home/n/w/nwhite01/storage/ocr_20150623/98/njp.32101077772851/265.png"; bbox 0 0 2085 3156; ppageno 0'>
   <div class='ocr_carea' id='block_1_1' title="bbox 242 167 297 201">
    <p class='ocr_par' dir='ltr' id='par_1_1' title="bbox 242 167 297 201">
     <span class='ocr_line' id='line_1_1' title="bbox 242 167 297 201; baseline 0.036 -2"><span class='ocrx_word' id='word_1_1' title='bbox 242 167 297 201; x_wconf 71' lang='grc'><strong>435</strong></span> 
     </span>
    </p>
   </div>
   <div class='ocr_carea' id='block_1_2' title="bbox 245 269 1028 306">
    <p class='ocr_par' dir='ltr' id='par_1_2' title="bbox 245 269 1028 306">
     <span class='ocr_line' id='line_1_2' title="bbox 245 269 1028 306; baseline 0.004 -12"><span class='ocrx_word' id='word_1_2' title='bbox 245 277 305 303; x_wconf 65' lang='lat' dir='ltr'><strong>qum</strong></span> <span class='ocrx_word' id='word_1_3' title='bbox 322 274 414 297; x_wconf 89' lang='lat' dir='ltr'><strong>tenent</strong></span> <span class='ocrx_word' id='word_1_4' title='bbox 429 277 526 297; x_wconf 89' lang='lat' dir='ltr'><strong>manus</strong></span> <span class='ocrx_word' id='word_1_5' title='bbox 539 269 732 304; x_wconf 84' lang='lat' dir='ltr'><strong>diaeonorum,</strong></span> <span class='ocrx_word' id='word_1_6' title='bbox 743 276 769 298; x_wconf 91' lang='lat' dir='ltr'><strong>et</strong></span> <span class='ocrx_word' id='word_1_7' title='bbox 781 271 815 298; x_wconf 86' lang='lat' dir='ltr'><strong>ab</strong></span> <span class='ocrx_word' id='word_1_8' title='bbox 832 271 898 306; x_wconf 83' lang='lat' dir='ltr'><strong>ipsis</strong></span> <span class='ocrx_word' id='word_1_9' title='bbox 914 279 1028 299; x_wconf 77' lang='lat' dir='ltr'><strong>versan-</strong></span> 
     </span>
    </p>
   </div>
   <div class='ocr_carea' id='block_1_3' title="bbox 246 315 1030 351">
    <p class='ocr_par' dir='ltr' id='par_1_3' title="bbox 246 315 1030 351">
     <span class='ocr_line' id='line_1_3' title="bbox 246 315 1030 351; baseline 0.003 -9"><span class='ocrx_word' id='word_1_10' title='bbox 246 320 290 342; x_wconf 87' lang='lat' dir='ltr'><strong>tur</strong></span> <span class='ocrx_word' id='word_1_11' title='bbox 307 315 464 349; x_wconf 76' lang='lat' dir='ltr'><strong>derepente,</strong></span> <span class='ocrx_word' id='word_1_12' title='bbox 477 316 554 351; x_wconf 86' lang='lat' dir='ltr'><strong>quasi</strong></span> <span class='ocrx_word' id='word_1_13' title='bbox 572 317 598 343; x_wconf 93' lang='lat' dir='ltr'><strong>in</strong></span> <span class='ocrx_word' id='word_1_14' title='bbox 622 316 704 343; x_wconf 89' lang='lat' dir='ltr'><strong>animi</strong></span> <span class='ocrx_word' id='word_1_15' title='bbox 730 317 967 349; x_wconf 84' lang='lat' dir='ltr'><strong>consternatione,</strong></span> <span class='ocrx_word' id='word_1_16' title='bbox 983 325 1030 344; x_wconf 90' lang='lat' dir='ltr'><strong>us-</strong></span> 
     </span>
    </p>
   </div>
   <div class='ocr_carea' id='block_1_4' title="bbox 245 361 1030 395">
    <p class='ocr_par' dir='ltr' id='par_1_4' title="bbox 245 361 1030 395">
     <span class='ocr_line' id='line_1_4' title="bbox 245 361 1030 395; baseline 0.006 -9"><span class='ocrx_word' id='word_1_17' title='bbox 245 368 297 395; x_wconf 84' lang='lat' dir='ltr'><strong>que</strong></span> <span class='ocrx_word' id='word_1_18' title='bbox 313 361 345 387; x_wconf 91' lang='lat' dir='ltr'><strong>ad</strong></span> <span class='ocrx_word' id='word_1_19' title='bbox 362 361 546 395; x_wconf 75' lang='lat' dir='ltr'><strong>precationem</strong></span> <span class='ocrx_word' id='word_1_20' title='bbox 576 362 746 390; x_wconf 84' lang='lat' dir='ltr'><strong>Dominicam</strong></span> <span class='ocrx_word' id='word_1_21' title='bbox 761 363 772 389; x_wconf 88' lang='lat'><strong>?</strong></span> <span class='ocrx_word' id='word_1_22' title='bbox 791 362 830 390; x_wconf 87' lang='lat' dir='ltr'><strong>Ac</strong></span> <span class='ocrx_word' id='word_1_23' title='bbox 853 364 1030 391; x_wconf 84' lang='lat' dir='ltr'><strong>temerarium</strong></span> 
     </span>
    </p>
   </div>
   <div class='ocr_carea' id='block_1_5' title="bbox 245 406 1031 444">
    <p class='ocr_par' dir='ltr' id='par_1_5' title="bbox 245 406 1031 444">
     <span class='ocr_line' id='line_1_5' title="bbox 245 406 1031 444; baseline 0.008 -14"><span class='ocrx_word' id='word_1_24' title='bbox 245 406 356 439; x_wconf 90' lang='lat' dir='ltr'><strong>quidem</strong></span> <span class='ocrx_word' id='word_1_25' title='bbox 367 410 408 433; x_wconf 83' lang='lat' dir='ltr'><strong>est</strong></span> <span class='ocrx_word' id='word_1_26' title='bbox 423 406 513 434; x_wconf 85' lang='lat' dir='ltr'><strong>adhuc</strong></span> <span class='ocrx_word' id='word_1_27' title='bbox 528 407 561 434; x_wconf 92' lang='lat' dir='ltr'><strong>de</strong></span> <span class='ocrx_word' id='word_1_28' title='bbox 582 407 625 434; x_wconf 88' lang='lat' dir='ltr'><strong>his</strong></span> <span class='ocrx_word' id='word_1_29' title='bbox 642 408 839 442; x_wconf 75' lang='lat' dir='ltr'><strong>pronuntiare:</strong></span> <span class='ocrx_word' id='word_1_30' title='bbox 854 417 949 436; x_wconf 89' lang='lat' dir='ltr'><strong>verum</strong></span> <span class='ocrx_word' id='word_1_31' title='bbox 966 410 1031 444; x_wconf 84' lang='lat' dir='ltr'><strong>quia</strong></span> 
     </span>
    </p>
   </div>
   <div class='ocr_carea' id='block_1_6' title="bbox 245 451 1030 487">
    <p class='ocr_par' dir='ltr' id='par_1_6' title="bbox 245 451 1030 487">
     <span class='ocr_line' id='line_1_6' title="bbox 245 451 1030 487; baseline 0.008 -11"><span class='ocrx_word' id='word_1_32' title='bbox 245 451 329 478; x_wconf 85' lang='lat' dir='ltr'><strong>semel</strong></span> <span class='ocrx_word' id='word_1_33' title='bbox 357 451 389 478; x_wconf 91' lang='lat' dir='ltr'><strong>ad</strong></span> <span class='ocrx_word' id='word_1_34' title='bbox 423 457 588 487; x_wconf 67' lang='lat' dir='ltr'><strong>praeceptum</strong></span> <span class='ocrx_word' id='word_1_35' title='bbox 609 454 729 481; x_wconf 91' lang='lat' dir='ltr'><strong>mandati</strong></span> <span class='ocrx_word' id='word_1_36' title='bbox 760 454 1030 487; x_wconf 85' lang='lat' dir='ltr'><strong>obsecundavimus,</strong></span> 
     </span>
    </p>
   </div>
   <div class='ocr_carea' id='block_1_7' title="bbox 246 494 1032 535">
    <p class='ocr_par' dir='ltr' id='par_1_7' title="bbox 246 494 1032 535">
     <span class='ocr_line' id='line_1_7' title="bbox 246 494 1032 535; baseline 0.008 -12"><span class='ocrx_word' id='word_1_37' title='bbox 246 505 294 531; x_wconf 75' lang='lat' dir='ltr'><strong>age</strong></span> <span class='ocrx_word' id='word_1_38' title='bbox 309 497 396 524; x_wconf 88' lang='lat' dir='ltr'><strong>dehis</strong></span> <span class='ocrx_word' id='word_1_39' title='bbox 415 506 525 533; x_wconf 86' lang='lat' dir='ltr'><strong>quoque</strong></span> <span class='ocrx_word' id='word_1_40' title='bbox 537 499 663 527; x_wconf 78' lang='lat' dir='ltr'><strong>dicamus</strong></span> <span class='ocrx_word' id='word_1_41' title='bbox 681 507 742 535; x_wconf 62' lang='lat' dir='ltr'><strong>quae</strong></span> <span class='ocrx_word' id='word_1_42' title='bbox 762 499 835 528; x_wconf 90' lang='lat' dir='ltr'><strong>Deus</strong></span> <span class='ocrx_word' id='word_1_43' title='bbox 852 494 1032 529; x_wconf 39' lang='lat' dir='ltr'><strong>dederiL&#39;Si-</strong></span> 
     </span>
    </p>
   </div>
   <div class='ocr_carea' id='block_1_8' title="bbox 245 542 1030 580">
    <p class='ocr_par' dir='ltr' id='par_1_8' title="bbox 245 542 1030 580">
     <span class='ocr_line' id='line_1_8' title="bbox 245 542 1030 580; baseline 0.005 -12"><span class='ocrx_word' id='word_1_44' title='bbox 245 542 355 575; x_wconf 90' lang='lat' dir='ltr'><strong>quidem</strong></span> <span class='ocrx_word' id='word_1_45' title='bbox 373 547 400 570; x_wconf 80' lang='lat' dir='ltr'><strong>et</strong></span> <span class='ocrx_word' id='word_1_46' title='bbox 418 543 480 571; x_wconf 77' lang='lat' dir='ltr'><strong>aliis</strong></span> <span class='ocrx_word' id='word_1_47' title='bbox 498 544 658 578; x_wconf 80' lang='lat' dir='ltr'><strong>probentur,</strong></span> <span class='ocrx_word' id='word_1_48' title='bbox 682 544 739 572; x_wconf 88' lang='lat' dir='ltr'><strong>Deo</strong></span> <span class='ocrx_word' id='word_1_49' title='bbox 764 546 853 580; x_wconf 79' lang='lat' dir='ltr'><strong>gratia</strong></span> <span class='ocrx_word' id='word_1_50' title='bbox 878 546 1030 574; x_wconf 76' lang='lat' dir='ltr'><strong>habeatur:</strong></span> 
     </span>
    </p>
   </div>
   <div class='ocr_carea' id='block_1_9' title="bbox 246 588 1033 626">
    <p class='ocr_par' dir='ltr' id='par_1_9' title="bbox 246 588 1033 626">
     <span class='ocr_line' id='line_1_9' title="bbox 246 588 1033 626; baseline 0.008 -14"><span class='ocrx_word' id='word_1_51' title='bbox 246 594 300 613; x_wconf 91' lang='lat' dir='ltr'><strong>non</strong></span> <span class='ocrx_word' id='word_1_52' title='bbox 317 588 388 614; x_wconf 87' lang='lat' dir='ltr'><strong>enim</strong></span> <span class='ocrx_word' id='word_1_53' title='bbox 408 588 519 615; x_wconf 87' lang='lat' dir='ltr'><strong>omnino</strong></span> <span class='ocrx_word' id='word_1_54' title='bbox 530 588 721 624; x_wconf 76' lang='lat' dir='ltr'><strong>vituperabilia</strong></span> <span class='ocrx_word' id='word_1_55' title='bbox 736 590 822 626; x_wconf 91' lang='lat' dir='ltr'><strong>(certo</strong></span> <span class='ocrx_word' id='word_1_56' title='bbox 841 591 926 626; x_wconf 84' lang='lat' dir='ltr'><strong>scio),</strong></span> <span class='ocrx_word' id='word_1_57' title='bbox 944 599 1033 626; x_wconf 90' lang='lat' dir='ltr'><strong>neque</strong></span> 
     </span>
    </p>
   </div>
   <div class='ocr_carea' id='block_1_10' title="bbox 246 634 1033 668">
    <p class='ocr_par' dir='ltr' id='par_1_10' title="bbox 246 634 1033 668">
     <span class='ocr_line' id='line_1_10' title="bbox 246 634 1033 668; baseline 0.008 -9"><span class='ocrx_word' id='word_1_58' title='bbox 246 637 322 659; x_wconf 75' lang='lat' dir='ltr'><strong>extra</strong></span> <span class='ocrx_word' id='word_1_59' title='bbox 361 634 486 668; x_wconf 79' lang='lat' dir='ltr'><strong>dogmata</strong></span> <span class='ocrx_word' id='word_1_60' title='bbox 526 635 588 662; x_wconf 83' lang='lat' dir='ltr'><strong>ﬁdei</strong></span> <span class='ocrx_word' id='word_1_61' title='bbox 616 636 774 664; x_wconf 67' lang='lat' dir='ltr'><strong>orthodoxa:</strong></span> <span class='ocrx_word' id='word_1_62' title='bbox 801 637 1033 665; x_wconf 87' lang='lat' dir='ltr'><strong>Christianorum.</strong></span> 
     </span>
    </p>
   </div>
   <div class='ocr_carea' id='block_1_11' title="bbox 249 678 1034 716">
    <p class='ocr_par' dir='ltr' id='par_1_11' title="bbox 249 678 1034 716">
     <span class='ocr_line' id='line_1_11' title="bbox 249 678 1034 716; baseline 0.01 -14"><span class='ocrx_word' id='word_1_63' title='bbox 249 678 369 704; x_wconf 83' lang='lat' dir='ltr'><strong>ltieiums</strong></span> <span class='ocrx_word' id='word_1_64' title='bbox 396 678 477 713; x_wconf 80' lang='lat' dir='ltr'><strong>igitur</strong></span> <span class='ocrx_word' id='word_1_65' title='bbox 501 687 609 714; x_wconf 88' lang='lat' dir='ltr'><strong>semper</strong></span> <span class='ocrx_word' id='word_1_66' title='bbox 622 686 649 708; x_wconf 87' lang='lat' dir='ltr'><strong>et</strong></span> <span class='ocrx_word' id='word_1_67' title='bbox 668 681 889 716; x_wconf 69' lang='lat' dir='ltr'><strong>insoparabiliter</strong></span> <span class='ocrx_word' id='word_1_68' title='bbox 912 682 1034 711; x_wconf 77' lang='lat' dir='ltr'><strong>adfuisse</strong></span> 
     </span>
    </p>
   </div>
   <div class='ocr_carea' id='block_1_12' title="bbox 249 718 1034 764">
    <p class='ocr_par' dir='ltr' id='par_1_12' title="bbox 249 718 1034 764">
     <span class='ocr_line' id='line_1_12' title="bbox 249 718 1034 764; baseline 0.01 -16"><span class='ocrx_word' id='word_1_69' title='bbox 249 718 368 750; x_wconf 75' lang='lat' dir='ltr'><strong>Virtutes</strong></span> <span class='ocrx_word' id='word_1_70' title='bbox 384 724 511 752; x_wconf 72' lang='lat' dir='ltr'><strong>etelestes</strong></span> <span class='ocrx_word' id='word_1_71' title='bbox 527 733 580 752; x_wconf 89' lang='lat' dir='ltr'><strong>una</strong></span> <span class='ocrx_word' id='word_1_72' title='bbox 602 734 664 753; x_wconf 88' lang='lat' dir='ltr'><strong>cum</strong></span> <span class='ocrx_word' id='word_1_73' title='bbox 687 728 802 754; x_wconf 83' lang='lat' dir='ltr'><strong>Domino</strong></span> <span class='ocrx_word' id='word_1_74' title='bbox 819 728 945 761; x_wconf 82' lang='lat' dir='ltr'><strong>Christo,</strong></span> <span class='ocrx_word' id='word_1_75' title='bbox 964 737 1034 764; x_wconf 73' lang='lat' dir='ltr'><strong>pra-.-</strong></span> 
     </span>
    </p>
   </div>
   <div class='ocr_carea' id='block_1_13' title="bbox 249 769 1036 809">
    <p class='ocr_par' dir='ltr' id='par_1_13' title="bbox 249 769 1036 809">
     <span class='ocr_line' id='line_1_13' title="bbox 249 769 1036 809; baseline 0.008 -14"><span class='ocrx_word' id='word_1_76' title='bbox 249 769 327 804; x_wconf 85' lang='lat' dir='ltr'><strong>cipue</strong></span> <span class='ocrx_word' id='word_1_77' title='bbox 343 778 407 797; x_wconf 80' lang='lat' dir='ltr'><strong>vero</strong></span> <span class='ocrx_word' id='word_1_78' title='bbox 421 771 447 797; x_wconf 95' lang='lat' dir='ltr'><strong>in</strong></span> <span class='ocrx_word' id='word_1_79' title='bbox 459 771 505 797; x_wconf 82' lang='lat' dir='ltr'><strong>illa</strong></span> <span class='ocrx_word' id='word_1_80' title='bbox 519 777 599 799; x_wconf 89' lang='lat' dir='ltr'><strong>nocte</strong></span> <span class='ocrx_word' id='word_1_81' title='bbox 617 780 670 806; x_wconf 87' lang='lat' dir='ltr'><strong>qua</strong></span> <span class='ocrx_word' id='word_1_82' title='bbox 689 773 805 800; x_wconf 86' lang='lat' dir='ltr'><strong>traditus</strong></span> <span class='ocrx_word' id='word_1_83' title='bbox 824 778 874 802; x_wconf 86' lang='lat' dir='ltr'><strong>est.</strong></span> <span class='ocrx_word' id='word_1_84' title='bbox 889 774 932 802; x_wconf 84' lang='lat' dir='ltr'><strong>Eae</strong></span> <span class='ocrx_word' id='word_1_85' title='bbox 949 775 1036 809; x_wconf 73' lang='lat' dir='ltr'><strong>igitur</strong></span> 
     </span>
    </p>
   </div>
   <div class='ocr_carea' id='block_1_14' title="bbox 248 817 1035 855">
    <p class='ocr_par' dir='ltr' id='par_1_14' title="bbox 248 817 1035 855">
     <span class='ocr_line' id='line_1_14' title="bbox 248 817 1035 855; baseline 0.008 -13"><span class='ocrx_word' id='word_1_86' title='bbox 248 821 392 844; x_wconf 75' lang='lat' dir='ltr'><strong>cernentes</strong></span> <span class='ocrx_word' id='word_1_87' title='bbox 412 817 604 845; x_wconf 83' lang='lat' dir='ltr'><strong>abductionem</strong></span> <span class='ocrx_word' id='word_1_88' title='bbox 624 819 657 846; x_wconf 90' lang='lat' dir='ltr'><strong>ad</strong></span> <span class='ocrx_word' id='word_1_89' title='bbox 674 819 822 854; x_wconf 84' lang='lat' dir='ltr'><strong>Caipham,</strong></span> <span class='ocrx_word' id='word_1_90' title='bbox 846 821 1035 855; x_wconf 67' lang='lat' dir='ltr'><strong>prmsentatio-</strong></span> 
     </span>
    </p>
   </div>
   <div class='ocr_carea' id='block_1_15' title="bbox 249 862 1035 900">
    <p class='ocr_par' dir='ltr' id='par_1_15' title="bbox 249 862 1035 900">
     <span class='ocr_line' id='line_1_15' title="bbox 249 862 1035 900; baseline 0.008 -13"><span class='ocrx_word' id='word_1_91' title='bbox 249 869 310 888; x_wconf 84' lang='lat' dir='ltr'><strong>nem</strong></span> <span class='ocrx_word' id='word_1_92' title='bbox 324 869 416 889; x_wconf 89' lang='lat' dir='ltr'><strong>coram</strong></span> <span class='ocrx_word' id='word_1_93' title='bbox 437 870 480 894; x_wconf 83' lang='lat' dir='ltr'><strong>eo,</strong></span> <span class='ocrx_word' id='word_1_94' title='bbox 498 862 565 890; x_wconf 82' lang='lat' dir='ltr'><strong>I‘aisa</strong></span> <span class='ocrx_word' id='word_1_95' title='bbox 582 864 754 897; x_wconf 76' lang='lat' dir='ltr'><strong>testimonia,</strong></span> <span class='ocrx_word' id='word_1_96' title='bbox 780 866 922 900; x_wconf 80' lang='lat' dir='ltr'><strong>alaparum</strong></span> <span class='ocrx_word' id='word_1_97' title='bbox 941 866 1035 894; x_wconf 92' lang='lat' dir='ltr'><strong>incus-</strong></span> 
     </span>
    </p>
   </div>
   <div class='ocr_carea' id='block_1_16' title="bbox 250 908 1036 946">
    <p class='ocr_par' dir='ltr' id='par_1_16' title="bbox 250 908 1036 946">
     <span class='ocr_line' id='line_1_16' title="bbox 250 908 1036 946; baseline 0.008 -13"><span class='ocrx_word' id='word_1_98' title='bbox 250 908 350 940; x_wconf 78' lang='lat' dir='ltr'><strong>siones,</strong></span> <span class='ocrx_word' id='word_1_99' title='bbox 367 908 392 934; x_wconf 91' lang='lat' dir='ltr'><strong>in</strong></span> <span class='ocrx_word' id='word_1_100' title='bbox 423 916 485 935; x_wconf 89' lang='lat' dir='ltr'><strong>eum</strong></span> <span class='ocrx_word' id='word_1_101' title='bbox 504 910 707 938; x_wconf 82' lang='lat' dir='ltr'><strong>exscreationes</strong></span> <span class='ocrx_word' id='word_1_102' title='bbox 722 930 730 943; x_wconf 82' lang='lat'><strong>,</strong></span> <span class='ocrx_word' id='word_1_103' title='bbox 759 911 937 946; x_wconf 89' lang='lat' dir='ltr'><strong>colaphorum</strong></span> <span class='ocrx_word' id='word_1_104' title='bbox 964 912 1036 939; x_wconf 85' lang='lat' dir='ltr'><strong>inlli-</strong></span> 
     </span>
    </p>
   </div>
   <div class='ocr_carea' id='block_1_17' title="bbox 251 954 1038 989">
    <p class='ocr_par' dir='ltr' id='par_1_17' title="bbox 251 954 1038 989">
     <span class='ocr_line' id='line_1_17' title="bbox 251 954 1038 989; baseline 0.005 -9"><span class='ocrx_word' id='word_1_105' title='bbox 251 954 365 986; x_wconf 82' lang='lat' dir='ltr'><strong>ctiones,</strong></span> <span class='ocrx_word' id='word_1_106' title='bbox 382 954 530 981; x_wconf 87' lang='lat' dir='ltr'><strong>ludibrium</strong></span> <span class='ocrx_word' id='word_1_107' title='bbox 544 955 609 982; x_wconf 90' lang='lat' dir='ltr'><strong>illud</strong></span> <span class='ocrx_word' id='word_1_108' title='bbox 627 954 796 989; x_wconf 54' lang='lat' dir='ltr'><strong>Iudaeorum,</strong></span> <span class='ocrx_word' id='word_1_109' title='bbox 815 957 933 985; x_wconf 77' lang='lat' dir='ltr'><strong>militum</strong></span> <span class='ocrx_word' id='word_1_110' title='bbox 948 957 1038 986; x_wconf 78' lang='lat' dir='ltr'><strong>cocci-</strong></span> 
     </span>
    </p>
   </div>
   <div class='ocr_carea' id='block_1_18' title="bbox 251 1000 1037 1034">
    <p class='ocr_par' dir='ltr' id='par_1_18' title="bbox 251 1000 1037 1034">
     <span class='ocr_line' id='line_1_18' title="bbox 251 1000 1037 1034; baseline 0.008 -9"><span class='ocrx_word' id='word_1_111' title='bbox 251 1006 331 1026; x_wconf 89' lang='lat' dir='ltr'><strong>neum</strong></span> <span class='ocrx_word' id='word_1_112' title='bbox 350 1000 552 1033; x_wconf 81' lang='lat' dir='ltr'><strong>indumentum,</strong></span> <span class='ocrx_word' id='word_1_113' title='bbox 570 1002 693 1034; x_wconf 86' lang='lat' dir='ltr'><strong>spineam</strong></span> <span class='ocrx_word' id='word_1_114' title='bbox 708 1010 839 1030; x_wconf 85' lang='lat' dir='ltr'><strong>coronam</strong></span> <span class='ocrx_word' id='word_1_115' title='bbox 851 1024 858 1034; x_wconf 80' lang='lat'>.</span> <span class='ocrx_word' id='word_1_116' title='bbox 892 1011 954 1031; x_wconf 90' lang='lat' dir='ltr'><strong>cum</strong></span> <span class='ocrx_word' id='word_1_117' title='bbox 980 1004 1037 1032; x_wconf 84' lang='lat' dir='ltr'><strong>risu</strong></span> 
     </span>
    </p>
   </div>
   <div class='ocr_carea' id='block_1_19' title="bbox 250 1046 1039 1086">
    <p class='ocr_par' dir='ltr' id='par_1_19' title="bbox 250 1046 1039 1086">
     <span class='ocr_line' id='line_1_19' title="bbox 250 1046 1039 1086; baseline 0.01 -15"><span class='ocrx_word' id='word_1_118' title='bbox 250 1046 410 1080; x_wconf 72' lang='lat' dir='ltr'><strong>conjunctas</strong></span> <span class='ocrx_word' id='word_1_119' title='bbox 429 1048 659 1082; x_wconf 85' lang='lat' dir='ltr'><strong>genieulationes,</strong></span> <span class='ocrx_word' id='word_1_120' title='bbox 679 1049 788 1084; x_wconf 84' lang='lat' dir='ltr'><strong>aliaque</strong></span> <span class='ocrx_word' id='word_1_121' title='bbox 804 1050 895 1078; x_wconf 83' lang='lat' dir='ltr'><strong>omnia</strong></span> <span class='ocrx_word' id='word_1_122' title='bbox 911 1055 966 1078; x_wconf 92' lang='lat' dir='ltr'><strong>tum</strong></span> <span class='ocrx_word' id='word_1_123' title='bbox 978 1059 1039 1086; x_wconf 74' lang='lat' dir='ltr'><strong>quae</strong></span> 
     </span>
    </p>
   </div>
   <div class='ocr_carea' id='block_1_20' title="bbox 250 1090 1039 1132">
    <p class='ocr_par' dir='ltr' id='par_1_20' title="bbox 250 1090 1039 1132">
     <span class='ocr_line' id='line_1_20' title="bbox 250 1090 1039 1132; baseline 0.01 -15"><span class='ocrx_word' id='word_1_124' title='bbox 250 1090 405 1119; x_wconf 90' lang='lat' dir='ltr'><strong>divinorum</strong></span> <span class='ocrx_word' id='word_1_125' title='bbox 420 1092 629 1128; x_wconf 80' lang='lat' dir='ltr'><strong>Evangeliorum</strong></span> <span class='ocrx_word' id='word_1_126' title='bbox 647 1095 761 1122; x_wconf 90' lang='lat' dir='ltr'><strong>historia</strong></span> <span class='ocrx_word' id='word_1_127' title='bbox 775 1101 896 1129; x_wconf 90' lang='lat' dir='ltr'><strong>enarrat,</strong></span> <span class='ocrx_word' id='word_1_128' title='bbox 912 1101 968 1124; x_wconf 91' lang='lat' dir='ltr'><strong>tum</strong></span> <span class='ocrx_word' id='word_1_129' title='bbox 979 1105 1039 1132; x_wconf 77' lang='lat' dir='ltr'><strong>quae</strong></span> 
     </span>
    </p>
   </div>
   <div class='ocr_carea' id='block_1_21' title="bbox 251 1138 1037 1176">
    <p class='ocr_par' dir='ltr' id='par_1_21' title="bbox 251 1138 1037 1176">
     <span class='ocr_line' id='line_1_21' title="bbox 251 1138 1037 1176; baseline 0.009 -13"><span class='ocrx_word' id='word_1_130' title='bbox 251 1142 361 1172; x_wconf 82' lang='lat' dir='ltr'><strong>propter</strong></span> <span class='ocrx_word' id='word_1_131' title='bbox 377 1138 578 1166; x_wconf 86' lang='lat' dir='ltr'><strong>multitudinem</strong></span> <span class='ocrx_word' id='word_1_132' title='bbox 605 1139 723 1168; x_wconf 82' lang='lat' dir='ltr'><strong>fortasse</strong></span> <span class='ocrx_word' id='word_1_133' title='bbox 741 1142 925 1176; x_wconf 65' lang='lat' dir='ltr'><strong>praetermissa</strong></span> <span class='ocrx_word' id='word_1_134' title='bbox 952 1148 1037 1176; x_wconf 86' lang='lat' dir='ltr'><strong>sunt,</strong></span> 
     </span>
    </p>
   </div>
   <div class='ocr_carea' id='block_1_22' title="bbox 250 1183 1039 1223">
    <p class='ocr_par' dir='ltr' id='par_1_22' title="bbox 250 1183 1039 1223">
     <span class='ocr_line' id='line_1_22' title="bbox 250 1183 1039 1223; baseline 0.008 -13"><span class='ocrx_word' id='word_1_135' title='bbox 250 1183 278 1210; x_wconf 93' lang='lat' dir='ltr'><strong>in</strong></span> <span class='ocrx_word' id='word_1_136' title='bbox 301 1184 417 1219; x_wconf 72' lang='lat' dir='ltr'><strong>singulis</strong></span> <span class='ocrx_word' id='word_1_137' title='bbox 437 1193 497 1219; x_wconf 71' lang='lat' dir='ltr'><strong>quae</strong></span> <span class='ocrx_word' id='word_1_138' title='bbox 519 1185 641 1220; x_wconf 83' lang='lat' dir='ltr'><strong>ﬁebant,</strong></span> <span class='ocrx_word' id='word_1_139' title='bbox 660 1187 827 1216; x_wconf 84' lang='lat' dir='ltr'><strong>admirantes</strong></span> <span class='ocrx_word' id='word_1_140' title='bbox 851 1193 878 1216; x_wconf 88' lang='lat' dir='ltr'><strong>et</strong></span> <span class='ocrx_word' id='word_1_141' title='bbox 898 1193 1039 1223; x_wconf 87' lang='lat' dir='ltr'><strong>stupentes</strong></span> 
     </span>
    </p>
   </div>
   <div class='ocr_carea' id='block_1_23' title="bbox 250 1229 1040 1268">
    <p class='ocr_par' dir='ltr' id='par_1_23' title="bbox 250 1229 1040 1268">
     <span class='ocr_line' id='line_1_23' title="bbox 250 1229 1040 1268; baseline 0.009 -12"><span class='ocrx_word' id='word_1_142' title='bbox 250 1229 467 1263; x_wconf 67' lang='lat' dir='ltr'><strong>longanimitatis</strong></span> <span class='ocrx_word' id='word_1_143' title='bbox 482 1236 509 1258; x_wconf 81' lang='lat' dir='ltr'><strong>et</strong></span> <span class='ocrx_word' id='word_1_144' title='bbox 521 1233 660 1265; x_wconf 68' lang='lat' dir='ltr'><strong>patientia:</strong></span> <span class='ocrx_word' id='word_1_145' title='bbox 676 1234 904 1268; x_wconf 76' lang='lat' dir='ltr'><strong>magnitudinem,</strong></span> <span class='ocrx_word' id='word_1_146' title='bbox 918 1235 1040 1263; x_wconf 75' lang='lat' dir='ltr'><strong>velantes</strong></span> 
     </span>
    </p>
   </div>
   <div class='ocr_carea' id='block_1_24' title="bbox 250 1276 1040 1316">
    <p class='ocr_par' dir='ltr' id='par_1_24' title="bbox 250 1276 1040 1316">
     <span class='ocr_line' id='line_1_24' title="bbox 250 1276 1040 1316; baseline 0.009 -15"><span class='ocrx_word' id='word_1_147' title='bbox 250 1283 316 1303; x_wconf 71' lang='lat' dir='ltr'><strong>suas</strong></span> <span class='ocrx_word' id='word_1_148' title='bbox 332 1276 416 1303; x_wconf 79' lang='lat' dir='ltr'><strong>facies</strong></span> <span class='ocrx_word' id='word_1_149' title='bbox 431 1284 461 1304; x_wconf 87' lang='lat' dir='ltr'><strong>se</strong></span> <span class='ocrx_word' id='word_1_150' title='bbox 475 1278 646 1310; x_wconf 85' lang='lat' dir='ltr'><strong>avertebant,</strong></span> <span class='ocrx_word' id='word_1_151' title='bbox 661 1283 688 1306; x_wconf 91' lang='lat' dir='ltr'><strong>et</strong></span> <span class='ocrx_word' id='word_1_152' title='bbox 703 1279 802 1306; x_wconf 85' lang='lat' dir='ltr'><strong>iterum</strong></span> <span class='ocrx_word' id='word_1_153' title='bbox 826 1279 937 1307; x_wconf 90' lang='lat' dir='ltr'><strong>Domini</strong></span> <span class='ocrx_word' id='word_1_154' title='bbox 956 1281 1040 1316; x_wconf 80' lang='lat' dir='ltr'><strong>maje-</strong></span> 
     </span>
    </p>
   </div>
   <div class='ocr_carea' id='block_1_25' title="bbox 250 1324 1037 1358">
    <p class='ocr_par' dir='ltr' id='par_1_25' title="bbox 250 1324 1037 1358">
     <span class='ocr_line' id='line_1_25' title="bbox 250 1324 1037 1358; baseline 0.01 -11"><span class='ocrx_word' id='word_1_155' title='bbox 250 1324 349 1348; x_wconf 82' lang='lat' dir='ltr'><strong>statem</strong></span> <span class='ocrx_word' id='word_1_156' title='bbox 366 1328 534 1354; x_wconf 84' lang='lat' dir='ltr'><strong>reverentes,</strong></span> <span class='ocrx_word' id='word_1_157' title='bbox 548 1324 581 1350; x_wconf 88' lang='lat' dir='ltr'><strong>ad</strong></span> <span class='ocrx_word' id='word_1_158' title='bbox 598 1332 628 1351; x_wconf 89' lang='lat' dir='ltr'><strong>se</strong></span> <span class='ocrx_word' id='word_1_159' title='bbox 645 1325 787 1358; x_wconf 87' lang='lat' dir='ltr'><strong>redibant;</strong></span> <span class='ocrx_word' id='word_1_160' title='bbox 806 1325 831 1352; x_wconf 89' lang='lat' dir='ltr'><strong>id</strong></span> <span class='ocrx_word' id='word_1_161' title='bbox 850 1331 941 1353; x_wconf 89' lang='lat' dir='ltr'><strong>autem</strong></span> <span class='ocrx_word' id='word_1_162' title='bbox 957 1327 1037 1355; x_wconf 80' lang='lat' dir='ltr'><strong>facie-</strong></span> 
     </span>
    </p>
   </div>
   <div class='ocr_carea' id='block_1_26' title="bbox 251 1361 1041 1403">
    <p class='ocr_par' dir='ltr' id='par_1_26' title="bbox 251 1361 1041 1403">
     <span class='ocr_line' id='line_1_26' title="bbox 251 1361 1041 1403; baseline 0.011 -11"><span class='ocrx_word' id='word_1_163' title='bbox 251 1367 318 1394; x_wconf 86' lang='lat' dir='ltr'><strong>bant</strong></span> <span class='ocrx_word' id='word_1_164' title='bbox 333 1375 417 1401; x_wconf 88' lang='lat' dir='ltr'><strong>usque</strong></span> <span class='ocrx_word' id='word_1_165' title='bbox 431 1361 464 1395; x_wconf 81' lang='lat' dir='ltr'><strong>ad</strong></span> <span class='ocrx_word' id='word_1_166' title='bbox 480 1368 540 1403; x_wconf 82' lang='lat' dir='ltr'><strong>ejus</strong></span> <span class='ocrx_word' id='word_1_167' title='bbox 566 1370 760 1398; x_wconf 77' lang='lat' dir='ltr'><strong>exaltalionem</strong></span> <span class='ocrx_word' id='word_1_168' title='bbox 782 1371 809 1398; x_wconf 91' lang='lat' dir='ltr'><strong>in</strong></span> <span class='ocrx_word' id='word_1_169' title='bbox 826 1380 916 1399; x_wconf 86' lang='lat' dir='ltr'><strong>cruce.</strong></span> <span class='ocrx_word' id='word_1_170' title='bbox 944 1372 1041 1401; x_wconf 79' lang='lat' dir='ltr'><strong>Extre-</strong></span> 
     </span>
    </p>
   </div>
   <div class='ocr_carea' id='block_1_27' title="bbox 251 1413 1039 1453">
    <p class='ocr_par' dir='ltr' id='par_1_27' title="bbox 251 1413 1039 1453">
     <span class='ocr_line' id='line_1_27' title="bbox 251 1413 1039 1453; baseline 0.01 -15"><span class='ocrx_word' id='word_1_171' title='bbox 251 1419 327 1438; x_wconf 91' lang='lat' dir='ltr'><strong>mum</strong></span> <span class='ocrx_word' id='word_1_172' title='bbox 340 1413 412 1439; x_wconf 89' lang='lat' dir='ltr'><strong>enim</strong></span> <span class='ocrx_word' id='word_1_173' title='bbox 431 1414 554 1448; x_wconf 89' lang='lat' dir='ltr'><strong>corporis</strong></span> <span class='ocrx_word' id='word_1_174' title='bbox 574 1415 743 1449; x_wconf 76' lang='lat' dir='ltr'><strong>passionum,</strong></span> <span class='ocrx_word' id='word_1_175' title='bbox 762 1421 786 1443; x_wconf 89' lang='lat' dir='ltr'><strong>el</strong></span> <span class='ocrx_word' id='word_1_176' title='bbox 811 1417 953 1445; x_wconf 83' lang='lat' dir='ltr'><strong>dedecoris</strong></span> <span class='ocrx_word' id='word_1_177' title='bbox 968 1418 1039 1453; x_wconf 86' lang='lat' dir='ltr'><strong>quod</strong></span> 
     </span>
    </p>
   </div>
   <div class='ocr_carea' id='block_1_28' title="bbox 252 1459 1039 1499">
    <p class='ocr_par' dir='ltr' id='par_1_28' title="bbox 252 1459 1039 1499">
     <span class='ocr_line' id='line_1_28' title="bbox 252 1459 1039 1499; baseline 0.01 -14"><span class='ocrx_word' id='word_1_178' title='bbox 252 1459 315 1486; x_wconf 84' lang='lat' dir='ltr'><strong>inde</strong></span> <span class='ocrx_word' id='word_1_179' title='bbox 338 1460 474 1494; x_wconf 85' lang='lat' dir='ltr'><strong>provenit,</strong></span> <span class='ocrx_word' id='word_1_180' title='bbox 494 1468 561 1488; x_wconf 88' lang='lat' dir='ltr'><strong>crux</strong></span> <span class='ocrx_word' id='word_1_181' title='bbox 577 1460 647 1488; x_wconf 86' lang='lat' dir='ltr'><strong>fuit:</strong></span> <span class='ocrx_word' id='word_1_182' title='bbox 676 1469 738 1496; x_wconf 61' lang='lat' dir='ltr'><strong>qua:</strong></span> <span class='ocrx_word' id='word_1_183' title='bbox 761 1463 846 1497; x_wconf 75' lang='lat' dir='ltr'><strong>gloria</strong></span> <span class='ocrx_word' id='word_1_184' title='bbox 868 1464 960 1499; x_wconf 91' lang='lat' dir='ltr'><strong>potius</strong></span> <span class='ocrx_word' id='word_1_185' title='bbox 988 1470 1039 1499; x_wconf 85' lang='lat' dir='ltr'><strong>est,</strong></span> 
     </span>
    </p>
   </div>
   <div class='ocr_carea' id='block_1_29' title="bbox 252 1507 1042 1545">
    <p class='ocr_par' dir='ltr' id='par_1_29' title="bbox 252 1507 1042 1545">
     <span class='ocr_line' id='line_1_29' title="bbox 252 1507 1042 1545; baseline 0.008 -12"><span class='ocrx_word' id='word_1_186' title='bbox 252 1513 284 1534; x_wconf 90' lang='lat' dir='ltr'><strong>ac</strong></span> <span class='ocrx_word' id='word_1_187' title='bbox 300 1514 353 1533; x_wconf 89' lang='lat' dir='ltr'><strong>non</strong></span> <span class='ocrx_word' id='word_1_188' title='bbox 375 1507 513 1535; x_wconf 84' lang='lat' dir='ltr'><strong>dedecus:</strong></span> <span class='ocrx_word' id='word_1_189' title='bbox 534 1508 591 1535; x_wconf 63' lang='lat' dir='ltr'><strong>haec</strong></span> <span class='ocrx_word' id='word_1_190' title='bbox 609 1508 681 1535; x_wconf 92' lang='lat' dir='ltr'><strong>enim</strong></span> <span class='ocrx_word' id='word_1_191' title='bbox 706 1513 748 1536; x_wconf 84' lang='lat' dir='ltr'><strong>est</strong></span> <span class='ocrx_word' id='word_1_192' title='bbox 770 1509 878 1536; x_wconf 90' lang='lat' dir='ltr'><strong>initium</strong></span> <span class='ocrx_word' id='word_1_193' title='bbox 906 1512 1042 1545; x_wconf 85' lang='lat' dir='ltr'><strong>operatio-</strong></span> 
     </span>
    </p>
   </div>
   <div class='ocr_carea' id='block_1_30' title="bbox 755 171 1333 203">
    <p class='ocr_par' dir='ltr' id='par_1_30' title="bbox 755 171 1333 203">
     <span class='ocr_line' id='line_1_30' title="bbox 755 171 1333 203; baseline -0.002 0"><span class='ocrx_word' id='word_1_194' title='bbox 755 171 785 203; x_wconf 88' lang='lat' dir='ltr'><strong>S.</strong></span> <span class='ocrx_word' id='word_1_195' title='bbox 801 171 976 203; x_wconf 71' lang='lat' dir='ltr'><strong>GERMANI</strong></span> <span class='ocrx_word' id='word_1_196' title='bbox 1004 172 1258 203; x_wconf 67' lang='lat' dir='ltr'><strong>PATRIARCHE</strong></span> <span class='ocrx_word' id='word_1_197' title='bbox 1278 171 1333 202; x_wconf 83' lang='lat' dir='ltr'><strong>CP-</strong></span> 
     </span>
    </p>
   </div>
   <div class='ocr_carea' id='block_1_31' title="bbox 279 223 1067 268">
    <p class='ocr_par' dir='ltr' id='par_1_31' title="bbox 279 223 1067 268">
     <span class='ocr_line' id='line_1_31' title="bbox 279 223 1067 268; baseline 0.004 -17"><span class='ocrx_word' id='word_1_198' title='bbox 279 224 350 258; x_wconf 88' lang='lat' dir='ltr'><strong>Quid</strong></span> <span class='ocrx_word' id='word_1_199' title='bbox 366 232 431 252; x_wconf 86' lang='lat' dir='ltr'><strong>vero</strong></span> <span class='ocrx_word' id='word_1_200' title='bbox 458 223 605 260; x_wconf 82' lang='lat' dir='ltr'><strong>(quispiam</strong></span> <span class='ocrx_word' id='word_1_201' title='bbox 631 224 715 260; x_wconf 80' lang='lat' dir='ltr'><strong>dicat)</strong></span> <span class='ocrx_word' id='word_1_202' title='bbox 737 225 771 253; x_wconf 87' lang='lat' dir='ltr'><strong>de</strong></span> <span class='ocrx_word' id='word_1_203' title='bbox 791 226 893 254; x_wconf 85' lang='lat' dir='ltr'><strong>divinis</strong></span> <span class='ocrx_word' id='word_1_204' title='bbox 915 226 1029 255; x_wconf 83' lang='lat' dir='ltr'><strong>ﬂabellis</strong></span> <span class='ocrx_word' id='word_1_205' title='bbox 1044 229 1067 268; x_wconf 68' lang='grc' dir='ltr'><strong>ᾼ</strong></span> 
     </span>
    </p>
   </div>
   <div class='ocr_carea' id='block_1_32' title="bbox 1814 167 1868 198">
    <p class='ocr_par' dir='ltr' id='par_1_32' title="bbox 1814 167 1868 198">
     <span class='ocr_line' id='line_1_32' title="bbox 1814 167 1868 198; baseline 0 0"><span class='ocrx_word' id='word_1_206' title='bbox 1814 167 1868 198; x_wconf 71' lang='grc' dir='ltr'><strong>Δ36</strong></span> 
     </span>
    </p>
   </div>
   <div class='ocr_carea' id='block_1_33' title="bbox 1115 224 1866 262">
    <p class='ocr_par' dir='ltr' id='par_1_33' title="bbox 1115 224 1866 262">
     <span class='ocr_line' id='line_1_33' title="bbox 1115 224 1866 262; baseline -0.003 -9"><span class='ocrx_word' id='word_1_207' title='bbox 1115 227 1180 253; x_wconf 65' lang='grc' dir='ltr'>Τίδ*</span> <span class='ocrx_word' id='word_1_208' title='bbox 1198 227 1231 254; x_wconf 75' lang='grc' dir='ltr'>ἄν</span> <span class='ocrx_word' id='word_1_209' title='bbox 1246 236 1287 259; x_wconf 85' lang='grc' dir='ltr'><strong>τις</strong></span> <span class='ocrx_word' id='word_1_210' title='bbox 1303 226 1386 258; x_wconf 76' lang='grc' dir='ltr'>εἴποι,</span> <span class='ocrx_word' id='word_1_211' title='bbox 1401 224 1465 261; x_wconf 71' lang='grc' dir='ltr'>περὶ</span> <span class='ocrx_word' id='word_1_212' title='bbox 1480 226 1535 253; x_wconf 87' lang='grc' dir='ltr'><strong>τῶν</strong></span> <span class='ocrx_word' id='word_1_213' title='bbox 1551 225 1632 252; x_wconf 82' lang='grc' dir='ltr'>θείων</span> <span class='ocrx_word' id='word_1_214' title='bbox 1648 225 1772 262; x_wconf 82' lang='grc' dir='ltr'>ριπιδίων</span> <span class='ocrx_word' id='word_1_215' title='bbox 1788 225 1866 258; x_wconf 76' lang='grc' dir='ltr'>ἐγκε-</span> 
     </span>
    </p>
   </div>
   <div class='ocr_carea' id='block_1_34' title="bbox 1080 271 1870 309">
    <p class='ocr_par' dir='ltr' id='par_1_34' title="bbox 1080 271 1870 309">
     <span class='ocr_line' id='line_1_34' title="bbox 1080 271 1870 309; baseline -0.003 -10"><span class='ocrx_word' id='word_1_216' title='bbox 1080 273 1261 309; x_wconf 76' lang='grc' dir='ltr'>χειρισμένων</span> <span class='ocrx_word' id='word_1_217' title='bbox 1283 274 1340 304; x_wconf 87' lang='grc' dir='ltr'>τοῖς</span> <span class='ocrx_word' id='word_1_218' title='bbox 1364 272 1509 303; x_wconf 79' lang='grc' dir='ltr'>διακόνοις.</span> <span class='ocrx_word' id='word_1_219' title='bbox 1526 272 1572 298; x_wconf 80' lang='grc' dir='ltr'>καὶ</span> <span class='ocrx_word' id='word_1_220' title='bbox 1590 271 1636 298; x_wconf 74' lang='grc' dir='ltr'><strong>ὑπ’</strong></span> <span class='ocrx_word' id='word_1_221' title='bbox 1652 272 1741 298; x_wconf 74' lang='grc' dir='ltr'>αὐτῶν</span> <span class='ocrx_word' id='word_1_222' title='bbox 1756 279 1870 306; x_wconf 88' lang='grc' dir='ltr'>στρεφο-</span> 
     </span>
    </p>
   </div>
   <div class='ocr_carea' id='block_1_35' title="bbox 1083 314 1869 354">
    <p class='ocr_par' dir='ltr' id='par_1_35' title="bbox 1083 314 1869 354">
     <span class='ocr_line' id='line_1_35' title="bbox 1083 314 1869 354; baseline -0.005 -8"><span class='ocrx_word' id='word_1_223' title='bbox 1083 320 1170 354; x_wconf 82' lang='grc' dir='ltr'>μένων</span> <span class='ocrx_word' id='word_1_224' title='bbox 1183 319 1323 353; x_wconf 77' lang='grc' dir='ltr'>αῑφνιδίως</span> <span class='ocrx_word' id='word_1_225' title='bbox 1337 317 1376 349; x_wconf 75' lang='grc' dir='ltr'>ὡς</span> <span class='ocrx_word' id='word_1_226' title='bbox 1391 318 1419 344; x_wconf 77' lang='grc' dir='ltr'>ἑν</span> <span class='ocrx_word' id='word_1_227' title='bbox 1433 317 1575 352; x_wconf 77' lang='grc' dir='ltr'>ἐκπλήξει,</span> <span class='ocrx_word' id='word_1_228' title='bbox 1590 318 1653 353; x_wconf 76' lang='grc' dir='ltr'>ἄχρι</span> <span class='ocrx_word' id='word_1_229' title='bbox 1667 318 1715 352; x_wconf 81' lang='grc' dir='ltr'><strong>τῆς</strong></span> <span class='ocrx_word' id='word_1_230' title='bbox 1728 314 1869 343; x_wconf 84' lang='grc' dir='ltr'>θεολέκτου</span> 
     </span>
    </p>
   </div>
   <div class='ocr_carea' id='block_1_36' title="bbox 1081 361 1872 400">
    <p class='ocr_par' dir='ltr' id='par_1_36' title="bbox 1081 361 1872 400">
     <span class='ocr_line' id='line_1_36' title="bbox 1081 361 1872 400; baseline -0.004 -9"><span class='ocrx_word' id='word_1_231' title='bbox 1081 366 1257 400; x_wconf 81' lang='grc' dir='ltr'>προσευχῆς;</span> <span class='ocrx_word' id='word_1_232' title='bbox 1285 363 1429 398; x_wconf 77' lang='grc' dir='ltr'>Τολμηρὸν</span> <span class='ocrx_word' id='word_1_233' title='bbox 1455 363 1505 398; x_wconf 76' lang='grc' dir='ltr'>μὲν</span> <span class='ocrx_word' id='word_1_234' title='bbox 1533 361 1580 391; x_wconf 85' lang='grc' dir='ltr'>οὖν</span> <span class='ocrx_word' id='word_1_235' title='bbox 1614 363 1646 389; x_wconf 78' lang='grc' dir='ltr'>τὸ</span> <span class='ocrx_word' id='word_1_236' title='bbox 1675 362 1739 397; x_wconf 76' lang='grc' dir='ltr'>περὶ</span> <span class='ocrx_word' id='word_1_237' title='bbox 1767 362 1872 389; x_wconf 82' lang='grc' dir='ltr'>τούτων</span> 
     </span>
    </p>
   </div>
   <div class='ocr_carea' id='block_1_37' title="bbox 1082 407 1871 446">
    <p class='ocr_par' dir='ltr' id='par_1_37' title="bbox 1082 407 1871 446">
     <span class='ocr_line' id='line_1_37' title="bbox 1082 407 1871 446; baseline -0.005 -9"><span class='ocrx_word' id='word_1_238' title='bbox 1082 410 1252 446; x_wconf 75' lang='grc' dir='ltr'>φθέγγεσθαι</span> <span class='ocrx_word' id='word_1_239' title='bbox 1267 410 1306 436; x_wconf 78' lang='grc' dir='ltr'>ἐτι</span> <span class='ocrx_word' id='word_1_240' title='bbox 1320 418 1327 425; x_wconf 82' lang='grc'><strong><em>⁸</em></strong></span> <span class='ocrx_word' id='word_1_241' title='bbox 1340 410 1400 436; x_wconf 72' lang='grc' dir='ltr'>ἐπεὶ</span> <span class='ocrx_word' id='word_1_242' title='bbox 1417 409 1439 436; x_wconf 81' lang='grc' dir='ltr'>δ’</span> <span class='ocrx_word' id='word_1_243' title='bbox 1454 408 1528 441; x_wconf 70' lang='grc' dir='ltr'>ἅπαξ</span> <span class='ocrx_word' id='word_1_244' title='bbox 1545 408 1697 443; x_wconf 80' lang='grc' dir='ltr'>ὑπείξαμεν</span> <span class='ocrx_word' id='word_1_245' title='bbox 1718 407 1752 441; x_wconf 84' lang='grc' dir='ltr'><strong>τῇ</strong></span> <span class='ocrx_word' id='word_1_246' title='bbox 1778 407 1871 442; x_wconf 76' lang='grc' dir='ltr'>ἐντολῇ</span> 
     </span>
    </p>
   </div>
   <div class='ocr_carea' id='block_1_38' title="bbox 1081 451 1870 488">
    <p class='ocr_par' dir='ltr' id='par_1_38' title="bbox 1081 451 1870 488">
     <span class='ocr_line' id='line_1_38' title="bbox 1081 451 1870 488; baseline -0.006 -7"><span class='ocrx_word' id='word_1_247' title='bbox 1081 454 1128 481; x_wconf 82' lang='grc' dir='ltr'>τοῦ</span> <span class='ocrx_word' id='word_1_248' title='bbox 1158 454 1354 485; x_wconf 79' lang='grc' dir='ltr'><strong>κελεύσματος,</strong></span> <span class='ocrx_word' id='word_1_249' title='bbox 1380 453 1447 488; x_wconf 85' lang='grc' dir='ltr'>φέρε</span> <span class='ocrx_word' id='word_1_250' title='bbox 1473 453 1520 479; x_wconf 80' lang='grc' dir='ltr'>καὶ</span> <span class='ocrx_word' id='word_1_251' title='bbox 1537 452 1602 488; x_wconf 83' lang='grc' dir='ltr'>περὶ</span> <span class='ocrx_word' id='word_1_252' title='bbox 1619 451 1723 478; x_wconf 87' lang='grc' dir='ltr'>τούτων</span> <span class='ocrx_word' id='word_1_253' title='bbox 1739 452 1870 485; x_wconf 80' lang='grc' dir='ltr'>εῐπωμεν,</span> 
     </span>
    </p>
   </div>
   <div class='ocr_carea' id='block_1_39' title="bbox 1082 495 1873 535">
    <p class='ocr_par' dir='ltr' id='par_1_39' title="bbox 1082 495 1873 535">
     <span class='ocr_line' id='line_1_39' title="bbox 1082 495 1873 535; baseline -0.006 -8"><span class='ocrx_word' id='word_1_254' title='bbox 1082 501 1132 528; x_wconf 85' lang='grc' dir='ltr'>ὅσα</span> <span class='ocrx_word' id='word_1_255' title='bbox 1148 500 1207 535; x_wconf 84' lang='grc' dir='ltr'>δοίη</span> <span class='ocrx_word' id='word_1_256' title='bbox 1218 500 1294 532; x_wconf 81' lang='grc' dir='ltr'>Θεός.</span> <span class='ocrx_word' id='word_1_257' title='bbox 1309 500 1341 526; x_wconf 86' lang='grc' dir='ltr'>Εἰ</span> <span class='ocrx_word' id='word_1_258' title='bbox 1362 499 1412 535; x_wconf 87' lang='grc' dir='ltr'>μὲν</span> <span class='ocrx_word' id='word_1_259' title='bbox 1439 499 1486 525; x_wconf 72' lang='grc' dir='ltr'>καὶ</span> <span class='ocrx_word' id='word_1_260' title='bbox 1515 499 1572 530; x_wconf 86' lang='grc' dir='ltr'><strong>τοῖς</strong></span> <span class='ocrx_word' id='word_1_261' title='bbox 1598 497 1688 526; x_wconf 78' lang='grc' dir='ltr'>ἄλλοις</span> <span class='ocrx_word' id='word_1_262' title='bbox 1712 496 1803 529; x_wconf 80' lang='grc' dir='ltr'>δεκτὰ,</span> <span class='ocrx_word' id='word_1_263' title='bbox 1834 495 1873 530; x_wconf 88' lang='grc' dir='ltr'>τῷ</span> 
     </span>
    </p>
   </div>
   <div class='ocr_carea' id='block_1_40' title="bbox 1083 541 1874 581">
    <p class='ocr_par' dir='ltr' id='par_1_40' title="bbox 1083 541 1874 581">
     <span class='ocr_line' id='line_1_40' title="bbox 1083 541 1874 581; baseline -0.01 -9"><span class='ocrx_word' id='word_1_264' title='bbox 1083 545 1142 581; x_wconf 80' lang='grc' dir='ltr'><strong>Θεῷ</strong></span> <span class='ocrx_word' id='word_1_265' title='bbox 1164 546 1244 581; x_wconf 79' lang='grc' dir='ltr'>χάρις</span> <span class='ocrx_word' id='word_1_266' title='bbox 1261 553 1268 560; x_wconf 81' lang='grc' dir='ltr'><strong>ο</strong></span> <span class='ocrx_word' id='word_1_267' title='bbox 1289 545 1319 571; x_wconf 82' lang='grc' dir='ltr'>οὐ</span> <span class='ocrx_word' id='word_1_268' title='bbox 1340 544 1395 580; x_wconf 83' lang='grc' dir='ltr'><strong>γὰρ</strong></span> <span class='ocrx_word' id='word_1_269' title='bbox 1406 545 1496 579; x_wconf 82' lang='grc' dir='ltr'><strong>πάντη</strong></span> <span class='ocrx_word' id='word_1_270' title='bbox 1510 543 1608 579; x_wconf 80' lang='grc' dir='ltr'>ψεκτὰ,</span> <span class='ocrx_word' id='word_1_271' title='bbox 1622 541 1651 569; x_wconf 76' lang='grc' dir='ltr'>εὖ</span> <span class='ocrx_word' id='word_1_272' title='bbox 1670 541 1737 574; x_wconf 80' lang='grc' dir='ltr'>οἶδα,</span> <span class='ocrx_word' id='word_1_273' title='bbox 1752 541 1874 580; x_wconf 37' lang='grc' dir='ltr'>οὺδξέξω</span> 
     </span>
    </p>
   </div>
   <div class='ocr_carea' id='block_1_41' title="bbox 1083 587 1873 625">
    <p class='ocr_par' dir='ltr' id='par_1_41' title="bbox 1083 587 1873 625">
     <span class='ocr_line' id='line_1_41' title="bbox 1083 587 1873 625; baseline -0.005 -8"><span class='ocrx_word' id='word_1_274' title='bbox 1083 591 1138 617; x_wconf 83' lang='grc' dir='ltr'><strong>τῶν</strong></span> <span class='ocrx_word' id='word_1_275' title='bbox 1176 591 1321 625; x_wconf 80' lang='grc' dir='ltr'><strong>δογμάτων</strong></span> <span class='ocrx_word' id='word_1_276' title='bbox 1359 590 1409 625; x_wconf 80' lang='grc' dir='ltr'><strong>τῆς</strong></span> <span class='ocrx_word' id='word_1_277' title='bbox 1449 590 1504 616; x_wconf 83' lang='grc' dir='ltr'><strong>τῶν</strong></span> <span class='ocrx_word' id='word_1_278' title='bbox 1534 588 1708 624; x_wconf 83' lang='grc' dir='ltr'><strong>Χριστιανῶν</strong></span> <span class='ocrx_word' id='word_1_279' title='bbox 1732 587 1873 623; x_wconf 81' lang='grc' dir='ltr'>ὀρθοδόξου</span> 
     </span>
    </p>
   </div>
   <div class='ocr_carea' id='block_1_42' title="bbox 1084 633 1873 670">
    <p class='ocr_par' dir='ltr' id='par_1_42' title="bbox 1084 633 1873 670">
     <span class='ocr_line' id='line_1_42' title="bbox 1084 633 1873 670; baseline -0.005 -8"><span class='ocrx_word' id='word_1_280' title='bbox 1084 636 1213 667; x_wconf 83' lang='grc' dir='ltr'>πίστεως.</span> <span class='ocrx_word' id='word_1_281' title='bbox 1241 636 1334 670; x_wconf 80' lang='grc' dir='ltr'><strong>Φαμὲν</strong></span> <span class='ocrx_word' id='word_1_282' title='bbox 1357 633 1404 662; x_wconf 85' lang='grc' dir='ltr'>οὖν</span> <span class='ocrx_word' id='word_1_283' title='bbox 1430 635 1468 667; x_wconf 88' lang='grc' dir='ltr'><strong>ὡς</strong></span> <span class='ocrx_word' id='word_1_284' title='bbox 1495 635 1612 662; x_wconf 83' lang='grc' dir='ltr'>πάντοτε</span> <span class='ocrx_word' id='word_1_285' title='bbox 1642 634 1691 670; x_wconf 80' lang='grc' dir='ltr'>μὲν</span> <span class='ocrx_word' id='word_1_286' title='bbox 1705 633 1873 662; x_wconf 79' lang='grc' dir='ltr'>ἀδιαστάτως</span> 
     </span>
    </p>
   </div>
   <div class='ocr_carea' id='block_1_43' title="bbox 1086 679 1875 718">
    <p class='ocr_par' dir='ltr' id='par_1_43' title="bbox 1086 679 1875 718">
     <span class='ocr_line' id='line_1_43' title="bbox 1086 679 1875 718; baseline -0.006 -9"><span class='ocrx_word' id='word_1_287' title='bbox 1086 683 1269 718; x_wconf 87' lang='grc' dir='ltr'>συμπαρῆσαν</span> <span class='ocrx_word' id='word_1_288' title='bbox 1298 682 1344 708; x_wconf 83' lang='grc' dir='ltr'><strong>καί</strong></span> <span class='ocrx_word' id='word_1_289' title='bbox 1373 681 1503 716; x_wconf 81' lang='grc' dir='ltr'>δυνάμεις</span> <span class='ocrx_word' id='word_1_290' title='bbox 1532 680 1652 716; x_wconf 85' lang='grc' dir='ltr'><strong>οὐράνιοι</strong></span> <span class='ocrx_word' id='word_1_291' title='bbox 1690 679 1729 714; x_wconf 83' lang='grc' dir='ltr'>τῷ</span> <span class='ocrx_word' id='word_1_292' title='bbox 1752 679 1875 715; x_wconf 82' lang='grc' dir='ltr'>Δεσπότῃ</span> 
     </span>
    </p>
   </div>
   <div class='ocr_carea' id='block_1_44' title="bbox 1084 722 1875 764">
    <p class='ocr_par' dir='ltr' id='par_1_44' title="bbox 1084 722 1875 764">
     <span class='ocr_line' id='line_1_44' title="bbox 1084 722 1875 764; baseline -0.004 -10"><span class='ocrx_word' id='word_1_293' title='bbox 1084 728 1195 764; x_wconf 83' lang='grc' dir='ltr'>Χριστῷ</span> <span class='ocrx_word' id='word_1_294' title='bbox 1210 735 1217 743; x_wconf 89' lang='grc'>·</span> <span class='ocrx_word' id='word_1_295' title='bbox 1237 726 1384 763; x_wconf 77' lang='grc' dir='ltr'><strong>ἐξαιρέτως</strong></span> <span class='ocrx_word' id='word_1_296' title='bbox 1398 727 1426 754; x_wconf 76' lang='grc' dir='ltr'>δὲ</span> <span class='ocrx_word' id='word_1_297' title='bbox 1443 728 1471 753; x_wconf 73' lang='grc' dir='ltr'>ὲν</span> <span class='ocrx_word' id='word_1_298' title='bbox 1487 729 1520 762; x_wconf 79' lang='grc' dir='ltr'><strong>τῇ</strong></span> <span class='ocrx_word' id='word_1_299' title='bbox 1550 726 1628 754; x_wconf 67' lang='grc' dir='ltr'>νυκτὶ</span> <span class='ocrx_word' id='word_1_300' title='bbox 1646 726 1731 760; x_wconf 80' lang='grc' dir='ltr'>ταύτῃ</span> <span class='ocrx_word' id='word_1_301' title='bbox 1759 722 1775 762; x_wconf 80' lang='grc' dir='ltr'>ᾖ</span> <span class='ocrx_word' id='word_1_302' title='bbox 1802 733 1875 760; x_wconf 79' lang='grc' dir='ltr'>παρ-</span> 
     </span>
    </p>
   </div>
   <div class='ocr_carea' id='block_1_45' title="bbox 1086 771 1876 809">
    <p class='ocr_par' dir='ltr' id='par_1_45' title="bbox 1086 771 1876 809">
     <span class='ocr_line' id='line_1_45' title="bbox 1086 771 1876 809; baseline -0.006 -9"><span class='ocrx_word' id='word_1_303' title='bbox 1086 774 1177 809; x_wconf 80' lang='grc' dir='ltr'>εδόθη.</span> <span class='ocrx_word' id='word_1_304' title='bbox 1208 771 1292 800; x_wconf 53' lang='lat' dir='ltr'><strong>Ait-catt</strong></span> <span class='ocrx_word' id='word_1_305' title='bbox 1324 773 1414 799; x_wconf 84' lang='grc' dir='ltr'><strong>τοίνυν</strong></span> <span class='ocrx_word' id='word_1_306' title='bbox 1438 773 1541 807; x_wconf 75' lang='grc' dir='ltr'>ὁρῶσαι</span> <span class='ocrx_word' id='word_1_307' title='bbox 1575 771 1624 807; x_wconf 82' lang='grc' dir='ltr'>τὴν</span> <span class='ocrx_word' id='word_1_308' title='bbox 1653 771 1721 805; x_wconf 70' lang='grc' dir='ltr'>πρὸς</span> <span class='ocrx_word' id='word_1_309' title='bbox 1749 771 1876 803; x_wconf 75' lang='grc' dir='ltr'>Καϊάφαν</span> 
     </span>
    </p>
   </div>
   <div class='ocr_carea' id='block_1_46' title="bbox 1086 815 1876 854">
    <p class='ocr_par' dir='ltr' id='par_1_46' title="bbox 1086 815 1876 854">
     <span class='ocr_line' id='line_1_46' title="bbox 1086 815 1876 854; baseline -0.008 -8"><span class='ocrx_word' id='word_1_310' title='bbox 1086 819 1249 854; x_wconf 83' lang='grc' dir='ltr'>ἀπαγωγὴν,</span> <span class='ocrx_word' id='word_1_311' title='bbox 1274 818 1323 854; x_wconf 83' lang='grc' dir='ltr'>τὴν</span> <span class='ocrx_word' id='word_1_312' title='bbox 1348 818 1419 853; x_wconf 77' lang='grc' dir='ltr'>πρὸς</span> <span class='ocrx_word' id='word_1_313' title='bbox 1449 817 1592 852; x_wconf 82' lang='grc' dir='ltr'>ἄνθρωπον</span> <span class='ocrx_word' id='word_1_314' title='bbox 1620 817 1804 851; x_wconf 82' lang='grc' dir='ltr'>παράστασιν,</span> <span class='ocrx_word' id='word_1_315' title='bbox 1827 815 1876 846; x_wconf 78' lang='grc' dir='ltr'><strong>τὰς</strong></span> 
     </span>
    </p>
   </div>
   <div class='ocr_carea' id='block_1_47' title="bbox 1086 862 1875 901">
    <p class='ocr_par' dir='ltr' id='par_1_47' title="bbox 1086 862 1875 901">
     <span class='ocr_line' id='line_1_47' title="bbox 1086 862 1875 901; baseline -0.005 -10"><span class='ocrx_word' id='word_1_316' title='bbox 1086 865 1337 901; x_wconf 71' lang='grc' dir='ltr'><strong>ψευδομαρτυρίας,</strong></span> <span class='ocrx_word' id='word_1_317' title='bbox 1360 864 1394 890; x_wconf 81' lang='grc' dir='ltr'><strong>τὰ</strong></span> <span class='ocrx_word' id='word_1_318' title='bbox 1422 864 1592 898; x_wconf 77' lang='grc' dir='ltr'><strong>ῥαπίσματα,</strong></span> <span class='ocrx_word' id='word_1_319' title='bbox 1620 862 1653 889; x_wconf 78' lang='grc' dir='ltr'><strong>τὰ</strong></span> <span class='ocrx_word' id='word_1_320' title='bbox 1678 862 1875 897; x_wconf 81' lang='grc' dir='ltr'>ὲμπτύσματα,</span> 
     </span>
    </p>
   </div>
   <div class='ocr_carea' id='block_1_48' title="bbox 1088 908 1876 946">
    <p class='ocr_par' dir='ltr' id='par_1_48' title="bbox 1088 908 1876 946">
     <span class='ocr_line' id='line_1_48' title="bbox 1088 908 1876 946; baseline -0.008 -8"><span class='ocrx_word' id='word_1_321' title='bbox 1088 912 1122 938; x_wconf 75' lang='grc' dir='ltr'><strong>τὰ</strong></span> <span class='ocrx_word' id='word_1_322' title='bbox 1136 911 1337 946; x_wconf 84' lang='grc' dir='ltr'>κολαφίσματα,</span> <span class='ocrx_word' id='word_1_323' title='bbox 1350 909 1400 944; x_wconf 77' lang='grc' dir='ltr'>τὴν</span> <span class='ocrx_word' id='word_1_324' title='bbox 1416 909 1517 944; x_wconf 85' lang='grc' dir='ltr'><strong>χλεύην</strong></span> <span class='ocrx_word' id='word_1_325' title='bbox 1532 909 1640 944; x_wconf 75' lang='grc' dir='ltr'>ἐκείνην</span> <span class='ocrx_word' id='word_1_326' title='bbox 1654 908 1709 935; x_wconf 86' lang='grc' dir='ltr'><strong>τῶν</strong></span> <span class='ocrx_word' id='word_1_327' title='bbox 1731 908 1876 938; x_wconf 77' lang='grc' dir='ltr'>Ἰουδαίων,</span> 
     </span>
    </p>
   </div>
   <div class='ocr_carea' id='block_1_49' title="bbox 1086 952 1879 991">
    <p class='ocr_par' dir='ltr' id='par_1_49' title="bbox 1086 952 1879 991">
     <span class='ocr_line' id='line_1_49' title="bbox 1086 952 1879 991; baseline -0.006 -8"><span class='ocrx_word' id='word_1_328' title='bbox 1086 957 1140 984; x_wconf 82' lang='grc' dir='ltr'><strong>τῶν</strong></span> <span class='ocrx_word' id='word_1_329' title='bbox 1165 955 1338 991; x_wconf 81' lang='grc' dir='ltr'><strong>στρατιωτῶν</strong></span> <span class='ocrx_word' id='word_1_330' title='bbox 1361 955 1391 982; x_wconf 74' lang='grc' dir='ltr'><strong>τὸ</strong></span> <span class='ocrx_word' id='word_1_331' title='bbox 1414 954 1539 982; x_wconf 86' lang='grc' dir='ltr'>κόκκινον</span> <span class='ocrx_word' id='word_1_332' title='bbox 1569 953 1680 988; x_wconf 74' lang='grc' dir='ltr'>ἔνδυμα,</span> <span class='ocrx_word' id='word_1_333' title='bbox 1692 953 1738 979; x_wconf 82' lang='grc' dir='ltr'>τὸν</span> <span class='ocrx_word' id='word_1_334' title='bbox 1753 952 1782 986; x_wconf 72' lang='grc' dir='ltr'><strong>ἐξ</strong></span> <span class='ocrx_word' id='word_1_335' title='bbox 1796 954 1879 979; x_wconf 78' lang='grc' dir='ltr'>ἀκαν-</span> 
     </span>
    </p>
   </div>
   <div class='ocr_carea' id='block_1_50' title="bbox 1088 999 1878 1036">
    <p class='ocr_par' dir='ltr' id='par_1_50' title="bbox 1088 999 1878 1036">
     <span class='ocr_line' id='line_1_50' title="bbox 1088 999 1878 1036; baseline -0.008 -7"><span class='ocrx_word' id='word_1_336' title='bbox 1088 1003 1142 1030; x_wconf 87' lang='grc' dir='ltr'><strong>θῶν</strong></span> <span class='ocrx_word' id='word_1_337' title='bbox 1171 1003 1320 1035; x_wconf 82' lang='grc' dir='ltr'>στέφανον,</span> <span class='ocrx_word' id='word_1_338' title='bbox 1353 1000 1398 1032; x_wconf 72' lang='grc' dir='ltr'>τὰς</span> <span class='ocrx_word' id='word_1_339' title='bbox 1427 999 1496 1036; x_wconf 81' lang='grc' dir='ltr'>μετὰ</span> <span class='ocrx_word' id='word_1_340' title='bbox 1522 999 1640 1033; x_wconf 80' lang='grc' dir='ltr'>γέλωτος</span> <span class='ocrx_word' id='word_1_341' title='bbox 1663 999 1878 1034; x_wconf 75' lang='grc' dir='ltr'>προσκυνήσεις,</span> 
     </span>
    </p>
   </div>
   <div class='ocr_carea' id='block_1_51' title="bbox 1087 1043 1879 1080">
    <p class='ocr_par' dir='ltr' id='par_1_51' title="bbox 1087 1043 1879 1080">
     <span class='ocr_line' id='line_1_51' title="bbox 1087 1043 1879 1080; baseline -0.008 -5"><span class='ocrx_word' id='word_1_342' title='bbox 1087 1049 1172 1075; x_wconf 77' lang='grc' dir='ltr'>τᾶλλα</span> <span class='ocrx_word' id='word_1_343' title='bbox 1203 1047 1304 1080; x_wconf 82' lang='grc' dir='ltr'>πάντα,</span> <span class='ocrx_word' id='word_1_344' title='bbox 1330 1047 1381 1072; x_wconf 82' lang='grc' dir='ltr'>ὅσα</span> <span class='ocrx_word' id='word_1_345' title='bbox 1412 1054 1442 1071; x_wconf 88' lang='grc' dir='ltr'><strong>τε</strong></span> <span class='ocrx_word' id='word_1_346' title='bbox 1473 1046 1490 1080; x_wconf 87' lang='grc' dir='ltr'>ὴ</span> <span class='ocrx_word' id='word_1_347' title='bbox 1517 1044 1571 1071; x_wconf 81' lang='grc' dir='ltr'><strong>τῶν</strong></span> <span class='ocrx_word' id='word_1_348' title='bbox 1602 1045 1681 1071; x_wconf 84' lang='grc' dir='ltr'>θείων</span> <span class='ocrx_word' id='word_1_349' title='bbox 1706 1043 1879 1078; x_wconf 81' lang='grc' dir='ltr'>Εὐαγγελίων</span> 
     </span>
    </p>
   </div>
   <div class='ocr_carea' id='block_1_52' title="bbox 1090 1089 1879 1129">
    <p class='ocr_par' dir='ltr' id='par_1_52' title="bbox 1090 1089 1879 1129">
     <span class='ocr_line' id='line_1_52' title="bbox 1090 1089 1879 1129; baseline -0.006 -9"><span class='ocrx_word' id='word_1_350' title='bbox 1090 1094 1191 1129; x_wconf 72' lang='grc' dir='ltr'>ἱστορεῖ</span> <span class='ocrx_word' id='word_1_351' title='bbox 1203 1093 1340 1128; x_wconf 80' lang='grc' dir='ltr'>διήγησις,</span> <span class='ocrx_word' id='word_1_352' title='bbox 1357 1091 1405 1118; x_wconf 75' lang='grc' dir='ltr'>καὶ</span> <span class='ocrx_word' id='word_1_353' title='bbox 1419 1091 1468 1118; x_wconf 81' lang='grc' dir='ltr'>ὅσα</span> <span class='ocrx_word' id='word_1_354' title='bbox 1483 1090 1528 1116; x_wconf 84' lang='grc' dir='ltr'>διὰ</span> <span class='ocrx_word' id='word_1_355' title='bbox 1545 1090 1576 1116; x_wconf 75' lang='grc' dir='ltr'>τὸ</span> <span class='ocrx_word' id='word_1_356' title='bbox 1590 1090 1694 1125; x_wconf 79' lang='grc' dir='ltr'>πλῆθος</span> <span class='ocrx_word' id='word_1_357' title='bbox 1719 1089 1782 1121; x_wconf 78' lang='grc' dir='ltr'>ἴσως</span> <span class='ocrx_word' id='word_1_358' title='bbox 1809 1098 1879 1122; x_wconf 86' lang='grc' dir='ltr'>παρ-</span> 
     </span>
    </p>
   </div>
   <div class='ocr_carea' id='block_1_53' title="bbox 1089 1132 1878 1174">
    <p class='ocr_par' dir='ltr' id='par_1_53' title="bbox 1089 1132 1878 1174">
     <span class='ocr_line' id='line_1_53' title="bbox 1089 1132 1878 1174; baseline -0.01 -8"><span class='ocrx_word' id='word_1_359' title='bbox 1089 1139 1205 1174; x_wconf 81' lang='grc' dir='ltr'>έλειψεν,</span> <span class='ocrx_word' id='word_1_360' title='bbox 1230 1138 1273 1172; x_wconf 70' lang='grc' dir='ltr'><strong>ἐφ’</strong></span> <span class='ocrx_word' id='word_1_361' title='bbox 1304 1136 1411 1170; x_wconf 79' lang='grc' dir='ltr'><strong>ἑκάστῳ</strong></span> <span class='ocrx_word' id='word_1_362' title='bbox 1434 1135 1487 1162; x_wconf 81' lang='grc' dir='ltr'><strong>τῶν</strong></span> <span class='ocrx_word' id='word_1_363' title='bbox 1516 1132 1878 1169; x_wconf 77' lang='grc' dir='ltr'>γινομένων-διαποροῦσαι,</span> 
     </span>
    </p>
   </div>
   <div class='ocr_carea' id='block_1_54' title="bbox 1089 1178 1878 1218">
    <p class='ocr_par' dir='ltr' id='par_1_54' title="bbox 1089 1178 1878 1218">
     <span class='ocr_line' id='line_1_54' title="bbox 1089 1178 1878 1218; baseline -0.009 -7"><span class='ocrx_word' id='word_1_364' title='bbox 1089 1185 1137 1212; x_wconf 77' lang='grc' dir='ltr'>καὶ</span> <span class='ocrx_word' id='word_1_365' title='bbox 1163 1182 1380 1218; x_wconf 83' lang='grc' dir='ltr'>ὲκπληττόμεναι</span> <span class='ocrx_word' id='word_1_366' title='bbox 1407 1181 1455 1216; x_wconf 81' lang='grc' dir='ltr'><strong>τῆς</strong></span> <span class='ocrx_word' id='word_1_367' title='bbox 1479 1179 1672 1216; x_wconf 80' lang='grc' dir='ltr'>μακροθυμίας</span> <span class='ocrx_word' id='word_1_368' title='bbox 1692 1179 1722 1206; x_wconf 83' lang='grc' dir='ltr'><strong>τὸ</strong></span> <span class='ocrx_word' id='word_1_369' title='bbox 1753 1178 1878 1214; x_wconf 80' lang='grc' dir='ltr'>μέγεθος,</span> 
     </span>
    </p>
   </div>
   <div class='ocr_carea' id='block_1_55' title="bbox 1090 1223 1882 1261">
    <p class='ocr_par' dir='ltr' id='par_1_55' title="bbox 1090 1223 1882 1261">
     <span class='ocr_line' id='line_1_55' title="bbox 1090 1223 1882 1261; baseline -0.01 -3"><span class='ocrx_word' id='word_1_370' title='bbox 1090 1230 1276 1258; x_wconf 75' lang='grc' dir='ltr'>καλύπτουσαι</span> <span class='ocrx_word' id='word_1_371' title='bbox 1294 1228 1343 1259; x_wconf 82' lang='grc' dir='ltr'>τὰς</span> <span class='ocrx_word' id='word_1_372' title='bbox 1360 1226 1465 1254; x_wconf 79' lang='grc' dir='ltr'>ἑαυτῶν</span> <span class='ocrx_word' id='word_1_373' title='bbox 1488 1226 1564 1260; x_wconf 72' lang='grc' dir='ltr'>ὄψεις</span> <span class='ocrx_word' id='word_1_374' title='bbox 1593 1225 1806 1261; x_wconf 74' lang='grc' dir='ltr'>ἀπεστρέφοντο,</span> <span class='ocrx_word' id='word_1_375' title='bbox 1834 1223 1882 1250; x_wconf 74' lang='grc' dir='ltr'>καὶ</span> 
     </span>
    </p>
   </div>
   <div class='ocr_carea' id='block_1_56' title="bbox 1090 1271 1879 1310">
    <p class='ocr_par' dir='ltr' id='par_1_56' title="bbox 1090 1271 1879 1310">
     <span class='ocr_line' id='line_1_56' title="bbox 1090 1271 1879 1310; baseline -0.009 -7"><span class='ocrx_word' id='word_1_376' title='bbox 1090 1277 1171 1303; x_wconf 83' lang='grc' dir='ltr'>πάλιν</span> <span class='ocrx_word' id='word_1_377' title='bbox 1187 1276 1235 1310; x_wconf 86' lang='grc' dir='ltr'>τὴν</span> <span class='ocrx_word' id='word_1_378' title='bbox 1261 1273 1421 1300; x_wconf 71' lang='grc' dir='ltr'>δεσποτείαν</span> <span class='ocrx_word' id='word_1_379' title='bbox 1448 1272 1619 1307; x_wconf 82' lang='grc' dir='ltr'>αἱδούμεναι,</span> <span class='ocrx_word' id='word_1_380' title='bbox 1647 1271 1879 1306; x_wconf 69' lang='grc' dir='ltr'>ἀνθυπέστρεφον.</span> 
     </span>
    </p>
   </div>
   <div class='ocr_carea' id='block_1_57' title="bbox 1090 1315 1882 1354">
    <p class='ocr_par' dir='ltr' id='par_1_57' title="bbox 1090 1315 1882 1354">
     <span class='ocr_line' id='line_1_57' title="bbox 1090 1315 1882 1354; baseline -0.009 -6"><span class='ocrx_word' id='word_1_381' title='bbox 1090 1322 1176 1349; x_wconf 78' lang='grc' dir='ltr'>Τοῦτο</span> <span class='ocrx_word' id='word_1_382' title='bbox 1201 1321 1230 1347; x_wconf 77' lang='grc' dir='ltr'>δὲ</span> <span class='ocrx_word' id='word_1_383' title='bbox 1255 1319 1362 1347; x_wconf 76' lang='grc' dir='ltr'>ἐποίουν</span> <span class='ocrx_word' id='word_1_384' title='bbox 1387 1319 1451 1354; x_wconf 82' lang='grc' dir='ltr'>ἄχρι</span> <span class='ocrx_word' id='word_1_385' title='bbox 1483 1319 1532 1353; x_wconf 84' lang='grc' dir='ltr'><strong>τῆς</strong></span> <span class='ocrx_word' id='word_1_386' title='bbox 1560 1318 1606 1344; x_wconf 71' lang='grc' dir='ltr'><strong>ἐπὶ</strong></span> <span class='ocrx_word' id='word_1_387' title='bbox 1631 1317 1748 1353; x_wconf 85' lang='grc' dir='ltr'>σταυροῦ</span> <span class='ocrx_word' id='word_1_388' title='bbox 1773 1315 1882 1351; x_wconf 71' lang='grc' dir='ltr'>ἁνυψώ-</span> 
     </span>
    </p>
   </div>
   <div class='ocr_carea' id='block_1_58' title="bbox 1092 1361 1882 1400">
    <p class='ocr_par' dir='ltr' id='par_1_58' title="bbox 1092 1361 1882 1400">
     <span class='ocr_line' id='line_1_58' title="bbox 1092 1361 1882 1400; baseline -0.009 -6"><span class='ocrx_word' id='word_1_389' title='bbox 1092 1376 1171 1399; x_wconf 82' lang='grc' dir='ltr'>σεως.</span> <span class='ocrx_word' id='word_1_390' title='bbox 1198 1365 1281 1397; x_wconf 82' lang='grc' dir='ltr'>Τέλος</span> <span class='ocrx_word' id='word_1_391' title='bbox 1305 1365 1359 1400; x_wconf 84' lang='grc' dir='ltr'><strong>γὰρ</strong></span> <span class='ocrx_word' id='word_1_392' title='bbox 1382 1365 1444 1391; x_wconf 76' lang='grc' dir='ltr'><strong>τῶν</strong></span> <span class='ocrx_word' id='word_1_393' title='bbox 1464 1363 1512 1391; x_wconf 61' lang='lat' dir='ltr'><strong>tot”;</strong></span> <span class='ocrx_word' id='word_1_394' title='bbox 1543 1363 1668 1398; x_wconf 74' lang='grc' dir='ltr'>σώματος</span> <span class='ocrx_word' id='word_1_395' title='bbox 1700 1361 1805 1393; x_wconf 85' lang='grc' dir='ltr'>παθῶν,</span> <span class='ocrx_word' id='word_1_396' title='bbox 1835 1361 1882 1388; x_wconf 71' lang='grc' dir='ltr'>καὶ</span> 
     </span>
    </p>
   </div>
   <div class='ocr_carea' id='block_1_59' title="bbox 1090 1406 1884 1448">
    <p class='ocr_par' dir='ltr' id='par_1_59' title="bbox 1090 1406 1884 1448">
     <span class='ocr_line' id='line_1_59' title="bbox 1090 1406 1884 1448; baseline -0.01 -8"><span class='ocrx_word' id='word_1_397' title='bbox 1090 1414 1141 1448; x_wconf 79' lang='grc' dir='ltr'>τῆς</span> <span class='ocrx_word' id='word_1_398' title='bbox 1164 1412 1210 1439; x_wconf 74' lang='grc' dir='ltr'><strong>ἐπὶ</strong></span> <span class='ocrx_word' id='word_1_399' title='bbox 1224 1412 1327 1444; x_wconf 79' lang='grc' dir='ltr'>τούτοις</span> <span class='ocrx_word' id='word_1_400' title='bbox 1352 1410 1495 1446; x_wconf 81' lang='grc' dir='ltr'><strong>αἰσχύνης,</strong></span> <span class='ocrx_word' id='word_1_401' title='bbox 1518 1411 1531 1436; x_wconf 81' lang='grc' dir='ltr'>ὁ</span> <span class='ocrx_word' id='word_1_402' title='bbox 1559 1409 1674 1443; x_wconf 77' lang='grc' dir='ltr'>σταυρὸς</span> <span class='ocrx_word' id='word_1_403' title='bbox 1700 1408 1822 1442; x_wconf 85' lang='grc' dir='ltr'>γέγονεν,</span> <span class='ocrx_word' id='word_1_404' title='bbox 1852 1406 1884 1438; x_wconf 68' lang='grc' dir='ltr'><strong>ὃς</strong></span> 
     </span>
    </p>
   </div>
   <div class='ocr_carea' id='block_1_60' title="bbox 1091 1448 1883 1493">
    <p class='ocr_par' dir='ltr' id='par_1_60' title="bbox 1091 1448 1883 1493">
     <span class='ocr_line' id='line_1_60' title="bbox 1091 1448 1883 1493; baseline -0.009 -8"><span class='ocrx_word' id='word_1_405' title='bbox 1091 1459 1155 1492; x_wconf 81' lang='grc' dir='ltr'>δόξα</span> <span class='ocrx_word' id='word_1_406' title='bbox 1180 1458 1288 1493; x_wconf 69' lang='grc' dir='ltr'>μᾶλλον,</span> <span class='ocrx_word' id='word_1_407' title='bbox 1319 1457 1367 1483; x_wconf 74' lang='grc' dir='ltr'>καὶ</span> <span class='ocrx_word' id='word_1_408' title='bbox 1390 1456 1441 1482; x_wconf 75' lang='grc' dir='ltr'>οὐκ</span> <span class='ocrx_word' id='word_1_409' title='bbox 1465 1455 1601 1490; x_wconf 77' lang='grc' dir='ltr'>αἰσχύνη·</span> <span class='ocrx_word' id='word_1_410' title='bbox 1630 1454 1702 1489; x_wconf 82' lang='grc' dir='ltr'><strong>ἀρχὴ</strong></span> <span class='ocrx_word' id='word_1_411' title='bbox 1727 1453 1780 1488; x_wconf 83' lang='grc' dir='ltr'><strong>γὰρ</strong></span> <span class='ocrx_word' id='word_1_412' title='bbox 1805 1448 1883 1482; x_wconf 73' lang='grc' dir='ltr'>οὗτος</span> 
     </span>
    </p>
   </div>
   <div class='ocr_carea' id='block_1_61' title="bbox 1091 1497 1883 1538">
    <p class='ocr_par' dir='ltr' id='par_1_61' title="bbox 1091 1497 1883 1538">
     <span class='ocr_line' id='line_1_61' title="bbox 1091 1497 1883 1538; baseline -0.009 -8"><span class='ocrx_word' id='word_1_413' title='bbox 1091 1505 1146 1530; x_wconf 90' lang='grc' dir='ltr'><strong>τῶν</strong></span> <span class='ocrx_word' id='word_1_414' title='bbox 1170 1502 1314 1538; x_wconf 73' lang='grc' dir='ltr'>ἐνεργειῶν</span> <span class='ocrx_word' id='word_1_415' title='bbox 1337 1502 1383 1528; x_wconf 79' lang='grc' dir='ltr'>καὶ</span> <span class='ocrx_word' id='word_1_416' title='bbox 1398 1501 1540 1535; x_wconf 80' lang='grc' dir='ltr'>δυνάμεων</span> <span class='ocrx_word' id='word_1_417' title='bbox 1555 1500 1604 1534; x_wconf 83' lang='grc' dir='ltr'>τῆς</span> <span class='ocrx_word' id='word_1_418' title='bbox 1619 1499 1757 1534; x_wconf 78' lang='grc' dir='ltr'>θεότητος.</span> <span class='ocrx_word' id='word_1_419' title='bbox 1777 1497 1883 1524; x_wconf 85' lang='grc' dir='ltr'>Ἐντεῦ-</span> 
     </span>
    </p>
   </div>
   <div class='ocr_carea' id='block_1_62' title="bbox 252 1543 1042 1584">
    <p class='ocr_par' dir='ltr' id='par_1_62' title="bbox 252 1553 1036 1584">
     <span class='ocr_line' id='line_1_62' title="bbox 252 1553 1036 1584; baseline 0.008 -6"><span class='ocrx_word' id='word_1_420' title='bbox 252 1560 318 1579; x_wconf 91' lang='lat' dir='ltr'><strong>num</strong></span> <span class='ocrx_word' id='word_1_421' title='bbox 336 1557 362 1579; x_wconf 87' lang='lat' dir='ltr'><strong>et</strong></span> <span class='ocrx_word' id='word_1_422' title='bbox 376 1553 508 1580; x_wconf 77' lang='lat' dir='ltr'><strong>virtutum</strong></span> <span class='ocrx_word' id='word_1_423' title='bbox 526 1553 692 1581; x_wconf 87' lang='lat' dir='ltr'><strong>divinarum.</strong></span> <span class='ocrx_word' id='word_1_424' title='bbox 714 1553 783 1581; x_wconf 84' lang='lat' dir='ltr'><strong>Hinc</strong></span> <span class='ocrx_word' id='word_1_425' title='bbox 802 1555 875 1582; x_wconf 91' lang='lat' dir='ltr'><strong>enim</strong></span> <span class='ocrx_word' id='word_1_426' title='bbox 896 1556 941 1583; x_wconf 86' lang='lat' dir='ltr'><strong>ille</strong></span> <span class='ocrx_word' id='word_1_427' title='bbox 958 1565 1036 1584; x_wconf 91' lang='lat' dir='ltr'><strong>mun-</strong></span> 
     </span>
    </p>
   </div>
   <div class='ocr_carea' id='block_1_63' title="bbox 1092 1543 1884 1584">
    <p class='ocr_par' dir='ltr' id='par_1_63' title="bbox 1093 1543 1884 1584">
     <span class='ocr_line' id='line_1_63' title="bbox 1093 1543 1884 1584; baseline -0.009 -9"><span class='ocrx_word' id='word_1_428' title='bbox 1093 1550 1139 1576; x_wconf 83' lang='grc' dir='ltr'>Θεν</span> <span class='ocrx_word' id='word_1_429' title='bbox 1154 1549 1208 1584; x_wconf 78' lang='grc' dir='ltr'><strong>γὰρ</strong></span> <span class='ocrx_word' id='word_1_430' title='bbox 1235 1549 1249 1574; x_wconf 80' lang='grc' dir='ltr'>ὁ</span> <span class='ocrx_word' id='word_1_431' title='bbox 1277 1547 1410 1582; x_wconf 78' lang='grc' dir='ltr'>κοσμικὸς</span> <span class='ocrx_word' id='word_1_432' title='bbox 1434 1547 1538 1576; x_wconf 75' lang='grc' dir='ltr'>ἐκεῖνος</span> <span class='ocrx_word' id='word_1_433' title='bbox 1562 1544 1686 1578; x_wconf 77' lang='grc' dir='ltr'>σεισμὸς,</span> <span class='ocrx_word' id='word_1_434' title='bbox 1714 1544 1743 1570; x_wconf 83' lang='grc' dir='ltr'>τὸ</span> <span class='ocrx_word' id='word_1_435' title='bbox 1767 1543 1884 1578; x_wconf 88' lang='grc' dir='ltr'>τρίωρον</span> 
     </span>
    </p>
   </div>
   <div class='ocr_carea' id='block_1_64' title="bbox 252 1599 1043 1636">
    <p class='ocr_par' dir='ltr' id='par_1_64' title="bbox 252 1599 1043 1636">
     <span class='ocr_line' id='line_1_64' title="bbox 252 1599 1043 1636; baseline 0.008 -12"><span class='ocrx_word' id='word_1_436' title='bbox 252 1599 338 1625; x_wconf 90' lang='lat' dir='ltr'><strong>danus</strong></span> <span class='ocrx_word' id='word_1_437' title='bbox 352 1603 533 1632; x_wconf 74' lang='lat' dir='ltr'><strong>terraemotus,</strong></span> <span class='ocrx_word' id='word_1_438' title='bbox 562 1600 644 1626; x_wconf 89' lang='lat' dir='ltr'><strong>trium</strong></span> <span class='ocrx_word' id='word_1_439' title='bbox 669 1601 798 1628; x_wconf 88' lang='lat' dir='ltr'><strong>horarum</strong></span> <span class='ocrx_word' id='word_1_440' title='bbox 815 1602 903 1636; x_wconf 80' lang='lat' dir='ltr'><strong>spatio</strong></span> <span class='ocrx_word' id='word_1_441' title='bbox 925 1603 1043 1630; x_wconf 61' lang='lat' dir='ltr'><strong>tenebrae</strong></span> 
     </span>
    </p>
   </div>
   <div class='ocr_carea' id='block_1_65' title="bbox 253 1645 1042 1683">
    <p class='ocr_par' dir='ltr' id='par_1_65' title="bbox 253 1645 1042 1683">
     <span class='ocr_line' id='line_1_65' title="bbox 253 1645 1042 1683; baseline 0.006 -12"><span class='ocrx_word' id='word_1_442' title='bbox 253 1652 334 1679; x_wconf 78' lang='lat' dir='ltr'><strong>super</strong></span> <span class='ocrx_word' id='word_1_443' title='bbox 350 1645 507 1673; x_wconf 85' lang='lat' dir='ltr'><strong>universam</strong></span> <span class='ocrx_word' id='word_1_444' title='bbox 532 1650 646 1678; x_wconf 85' lang='lat' dir='ltr'><strong>terram,</strong></span> <span class='ocrx_word' id='word_1_445' title='bbox 664 1652 744 1682; x_wconf 87' lang='lat' dir='ltr'><strong>atque</strong></span> <span class='ocrx_word' id='word_1_446' title='bbox 769 1648 821 1674; x_wconf 81' lang='lat' dir='ltr'><strong>veli</strong></span> <span class='ocrx_word' id='word_1_447' title='bbox 850 1652 877 1674; x_wconf 92' lang='lat' dir='ltr'><strong>et</strong></span> <span class='ocrx_word' id='word_1_448' title='bbox 903 1652 1042 1683; x_wconf 77' lang='lat' dir='ltr'><strong>petrarum</strong></span> 
     </span>
    </p>
   </div>
   <div class='ocr_carea' id='block_1_66' title="bbox 252 1690 1043 1729">
    <p class='ocr_par' dir='ltr' id='par_1_66' title="bbox 252 1690 1043 1729">
     <span class='ocr_line' id='line_1_66' title="bbox 252 1690 1043 1729; baseline 0.006 -12"><span class='ocrx_word' id='word_1_449' title='bbox 252 1690 398 1725; x_wconf 77' lang='lat' dir='ltr'><strong>disruptio,</strong></span> <span class='ocrx_word' id='word_1_450' title='bbox 414 1695 439 1718; x_wconf 87' lang='lat' dir='ltr'><strong>et</strong></span> <span class='ocrx_word' id='word_1_451' title='bbox 462 1697 704 1720; x_wconf 88' lang='lat' dir='ltr'><strong>monumentorum</strong></span> <span class='ocrx_word' id='word_1_452' title='bbox 724 1693 887 1728; x_wconf 82' lang='lat' dir='ltr'><strong>patefactio:</strong></span> <span class='ocrx_word' id='word_1_453' title='bbox 911 1699 1043 1729; x_wconf 65' lang='lat' dir='ltr'><strong>praeterea</strong></span> 
     </span>
    </p>
   </div>
   <div class='ocr_carea' id='block_1_67' title="bbox 253 1737 1043 1775">
    <p class='ocr_par' dir='ltr' id='par_1_67' title="bbox 253 1737 1043 1775">
     <span class='ocr_line' id='line_1_67' title="bbox 253 1737 1043 1775; baseline 0.006 -11"><span class='ocrx_word' id='word_1_454' title='bbox 253 1737 336 1764; x_wconf 82' lang='lat' dir='ltr'><strong>ctiam</strong></span> <span class='ocrx_word' id='word_1_455' title='bbox 369 1743 539 1766; x_wconf 90' lang='lat' dir='ltr'><strong>mortuorum</strong></span> <span class='ocrx_word' id='word_1_456' title='bbox 560 1739 742 1772; x_wconf 81' lang='lat' dir='ltr'><strong>resurrectio,</strong></span> <span class='ocrx_word' id='word_1_457' title='bbox 770 1743 797 1767; x_wconf 90' lang='lat' dir='ltr'><strong>et</strong></span> <span class='ocrx_word' id='word_1_458' title='bbox 820 1748 990 1775; x_wconf 73' lang='lat' dir='ltr'><strong>quaecunque</strong></span> <span class='ocrx_word' id='word_1_459' title='bbox 1016 1742 1043 1769; x_wconf 92' lang='lat' dir='ltr'><strong>in</strong></span> 
     </span>
    </p>
   </div>
   <div class='ocr_carea' id='block_1_68' title="bbox 255 1783 1043 1822">
    <p class='ocr_par' dir='ltr' id='par_1_68' title="bbox 255 1783 1043 1822">
     <span class='ocr_line' id='line_1_68' title="bbox 255 1783 1043 1822; baseline 0.005 -11"><span class='ocrx_word' id='word_1_460' title='bbox 255 1783 357 1812; x_wconf 76' lang='lat' dir='ltr'><strong>inferos</strong></span> <span class='ocrx_word' id='word_1_461' title='bbox 374 1784 542 1813; x_wconf 80' lang='lat' dir='ltr'><strong>descendens</strong></span> <span class='ocrx_word' id='word_1_462' title='bbox 564 1785 694 1813; x_wconf 90' lang='lat' dir='ltr'><strong>Servator</strong></span> <span class='ocrx_word' id='word_1_463' title='bbox 716 1786 790 1821; x_wconf 77' lang='lat' dir='ltr'><strong>egit:</strong></span> <span class='ocrx_word' id='word_1_464' title='bbox 819 1791 845 1814; x_wconf 88' lang='lat' dir='ltr'><strong>et</strong></span> <span class='ocrx_word' id='word_1_465' title='bbox 861 1792 1005 1822; x_wconf 85' lang='lat' dir='ltr'><strong>propterea</strong></span> <span class='ocrx_word' id='word_1_466' title='bbox 1017 1788 1043 1816; x_wconf 91' lang='lat' dir='ltr'><strong>in</strong></span> 
     </span>
    </p>
   </div>
   <div class='ocr_carea' id='block_1_69' title="bbox 255 1831 1045 1869">
    <p class='ocr_par' dir='ltr' id='par_1_69' title="bbox 255 1831 1045 1869">
     <span class='ocr_line' id='line_1_69' title="bbox 255 1831 1045 1869; baseline 0.008 -13"><span class='ocrx_word' id='word_1_467' title='bbox 255 1831 315 1866; x_wconf 88' lang='lat' dir='ltr'><strong>ipso</strong></span> <span class='ocrx_word' id='word_1_468' title='bbox 333 1831 520 1859; x_wconf 75' lang='lat' dir='ltr'><strong>crueilixionis</strong></span> <span class='ocrx_word' id='word_1_469' title='bbox 538 1832 598 1859; x_wconf 90' lang='lat' dir='ltr'><strong>loco</strong></span> <span class='ocrx_word' id='word_1_470' title='bbox 613 1839 674 1859; x_wconf 88' lang='lat' dir='ltr'><strong>cum</strong></span> <span class='ocrx_word' id='word_1_471' title='bbox 689 1832 909 1866; x_wconf 84' lang='lat' dir='ltr'><strong>essetChristus,</strong></span> <span class='ocrx_word' id='word_1_472' title='bbox 924 1835 1045 1869; x_wconf 85' lang='lat' dir='ltr'><strong>stuporis</strong></span> 
     </span>
    </p>
   </div>
   <div class='ocr_carea' id='block_1_70' title="bbox 255 1876 1045 1909">
    <p class='ocr_par' dir='ltr' id='par_1_70' title="bbox 255 1876 1045 1909">
     <span class='ocr_line' id='line_1_70' title="bbox 255 1876 1045 1909; baseline 0.006 -7"><span class='ocrx_word' id='word_1_473' title='bbox 255 1880 281 1902; x_wconf 78' lang='grc' dir='ltr'>(ιι</span> <span class='ocrx_word' id='word_1_474' title='bbox 295 1876 484 1903; x_wconf 84' lang='lat' dir='ltr'><strong>admirationis</strong></span> <span class='ocrx_word' id='word_1_475' title='bbox 497 1876 603 1909; x_wconf 87' lang='lat' dir='ltr'><strong>species</strong></span> <span class='ocrx_word' id='word_1_476' title='bbox 629 1877 729 1905; x_wconf 59' lang='lat' dir='ltr'><strong>divinx</strong></span> <span class='ocrx_word' id='word_1_477' title='bbox 753 1878 806 1905; x_wconf 80' lang='lat' dir='ltr'><strong>illae</strong></span> <span class='ocrx_word' id='word_1_478' title='bbox 828 1877 982 1907; x_wconf 82' lang='lat' dir='ltr'><strong>Potestates</strong></span> <span class='ocrx_word' id='word_1_479' title='bbox 996 1880 1045 1907; x_wconf 89' lang='lat' dir='ltr'><strong>de—</strong></span> 
     </span>
    </p>
   </div>
   <div class='ocr_carea' id='block_1_71' title="bbox 256 1920 1045 1958">
    <p class='ocr_par' dir='ltr' id='par_1_71' title="bbox 256 1920 1045 1958">
     <span class='ocr_line' id='line_1_71' title="bbox 256 1920 1045 1958; baseline 0.006 -12"><span class='ocrx_word' id='word_1_480' title='bbox 256 1925 414 1955; x_wconf 85' lang='lat' dir='ltr'><strong>posuerunt.</strong></span> <span class='ocrx_word' id='word_1_481' title='bbox 443 1920 565 1956; x_wconf 81' lang='lat' dir='ltr'><strong>Hincque</strong></span> <span class='ocrx_word' id='word_1_482' title='bbox 593 1922 686 1948; x_wconf 92' lang='lat' dir='ltr'><strong>omnia</strong></span> <span class='ocrx_word' id='word_1_483' title='bbox 711 1922 836 1950; x_wconf 88' lang='lat' dir='ltr'><strong>convicia</strong></span> <span class='ocrx_word' id='word_1_484' title='bbox 852 1931 913 1958; x_wconf 70' lang='lat' dir='ltr'><strong>qua:</strong></span> <span class='ocrx_word' id='word_1_485' title='bbox 935 1931 1045 1951; x_wconf 88' lang='lat' dir='ltr'><strong>crucem</strong></span> 
     </span>
    </p>
   </div>
   <div class='ocr_carea' id='block_1_72' title="bbox 256 1965 1047 2002">
    <p class='ocr_par' dir='ltr' id='par_1_72' title="bbox 256 1965 1047 2002">
     <span class='ocr_line' id='line_1_72' title="bbox 256 1965 1047 2002; baseline 0.004 -10"><span class='ocrx_word' id='word_1_486' title='bbox 256 1970 472 1998; x_wconf 67' lang='lat' dir='ltr'><strong>aute-cesserunt,</strong></span> <span class='ocrx_word' id='word_1_487' title='bbox 493 1972 519 1992; x_wconf 83' lang='lat' dir='ltr'><strong>et</strong></span> <span class='ocrx_word' id='word_1_488' title='bbox 536 1965 654 1993; x_wconf 85' lang='lat' dir='ltr'><strong>illuserii</strong></span> <span class='ocrx_word' id='word_1_489' title='bbox 685 1967 803 1994; x_wconf 90' lang='lat' dir='ltr'><strong>honores</strong></span> <span class='ocrx_word' id='word_1_490' title='bbox 815 1975 884 2002; x_wconf 84' lang='lat' dir='ltr'><strong>quos</strong></span> <span class='ocrx_word' id='word_1_491' title='bbox 913 1968 1047 1995; x_wconf 79' lang='lat' dir='ltr'><strong>exhibue-</strong></span> 
     </span>
    </p>
   </div>
   <div class='ocr_carea' id='block_1_73' title="bbox 257 2013 1047 2049">
    <p class='ocr_par' dir='ltr' id='par_1_73' title="bbox 257 2013 1047 2049">
     <span class='ocr_line' id='line_1_73' title="bbox 257 2013 1047 2049; baseline 0.004 -10"><span class='ocrx_word' id='word_1_492' title='bbox 257 2017 332 2045; x_wconf 88' lang='lat' dir='ltr'><strong>runt,</strong></span> <span class='ocrx_word' id='word_1_493' title='bbox 346 2017 373 2040; x_wconf 90' lang='lat' dir='ltr'><strong>et</strong></span> <span class='ocrx_word' id='word_1_494' title='bbox 388 2013 547 2043; x_wconf 84' lang='lat' dir='ltr'><strong>irrisioucs.</strong></span> <span class='ocrx_word' id='word_1_495' title='bbox 578 2013 726 2047; x_wconf 86' lang='lat' dir='ltr'><strong>patientem</strong></span> <span class='ocrx_word' id='word_1_496' title='bbox 754 2014 842 2048; x_wconf 75' lang='lat' dir='ltr'><strong>magis</strong></span> <span class='ocrx_word' id='word_1_497' title='bbox 867 2014 990 2047; x_wconf 76' lang='lat' dir='ltr'><strong>tetigisse</strong></span> <span class='ocrx_word' id='word_1_498' title='bbox 1006 2015 1047 2049; x_wconf 89' lang='lat' dir='ltr'><strong>(ut</strong></span> 
     </span>
    </p>
   </div>
   <div class='ocr_carea' id='block_1_74' title="bbox 257 2057 1046 2095">
    <p class='ocr_par' dir='ltr' id='par_1_74' title="bbox 257 2057 1046 2095">
     <span class='ocr_line' id='line_1_74' title="bbox 257 2057 1046 2095; baseline 0.006 -13"><span class='ocrx_word' id='word_1_499' title='bbox 257 2057 337 2083; x_wconf 77' lang='lat' dir='ltr'><strong>etiam</strong></span> <span class='ocrx_word' id='word_1_500' title='bbox 355 2057 492 2091; x_wconf 78' lang='lat' dir='ltr'><strong>spiritales</strong></span> <span class='ocrx_word' id='word_1_501' title='bbox 506 2057 567 2084; x_wconf 84' lang='lat' dir='ltr'><strong>illas</strong></span> <span class='ocrx_word' id='word_1_502' title='bbox 579 2057 684 2085; x_wconf 83' lang='lat' dir='ltr'><strong>divinas</strong></span> <span class='ocrx_word' id='word_1_503' title='bbox 697 2058 855 2094; x_wconf 81' lang='lat' dir='ltr'><strong>potestates)</strong></span> <span class='ocrx_word' id='word_1_504' title='bbox 872 2060 1046 2095; x_wconf 81' lang='lat' dir='ltr'><strong>perspicuum</strong></span> 
     </span>
    </p>
   </div>
   <div class='ocr_carea' id='block_1_75' title="bbox 259 2103 298 2130">
    <p class='ocr_par' dir='ltr' id='par_1_75' title="bbox 259 2103 298 2130">
     <span class='ocr_line' id='line_1_75' title="bbox 259 2103 298 2130; baseline 0 -1"><span class='ocrx_word' id='word_1_505' title='bbox 259 2103 298 2130; x_wconf 80' lang='lat' dir='ltr'><strong>ﬁl.</strong></span> 
     </span>
    </p>
   </div>
   <div class='ocr_carea' id='block_1_76' title="bbox 295 2169 1048 2200">
    <p class='ocr_par' dir='ltr' id='par_1_76' title="bbox 295 2169 1048 2200">
     <span class='ocr_line' id='line_1_76' title="bbox 295 2169 1048 2200; baseline 0.007 -5"><span class='ocrx_word' id='word_1_506' title='bbox 295 2169 397 2196; x_wconf 85' lang='lat' dir='ltr'><strong>Deinde</strong></span> <span class='ocrx_word' id='word_1_507' title='bbox 419 2177 515 2196; x_wconf 89' lang='lat' dir='ltr'><strong>rursus</strong></span> <span class='ocrx_word' id='word_1_508' title='bbox 531 2169 659 2196; x_wconf 77' lang='lat' dir='ltr'><strong>sacerdos</strong></span> <span class='ocrx_word' id='word_1_509' title='bbox 682 2169 778 2196; x_wconf 86' lang='lat' dir='ltr'><strong>recitat</strong></span> <span class='ocrx_word' id='word_1_510' title='bbox 797 2169 851 2197; x_wconf 87' lang='lat' dir='ltr'><strong>Deo</strong></span> <span class='ocrx_word' id='word_1_511' title='bbox 870 2175 896 2197; x_wconf 85' lang='lat' dir='ltr'><strong>et</strong></span> <span class='ocrx_word' id='word_1_512' title='bbox 913 2171 985 2198; x_wconf 79' lang='lat' dir='ltr'><strong>Patri</strong></span> <span class='ocrx_word' id='word_1_513' title='bbox 1003 2179 1048 2200; x_wconf 86' lang='lat' dir='ltr'><strong>as-</strong></span> 
     </span>
    </p>
   </div>
   <div class='ocr_carea' id='block_1_77' title="bbox 1095 1588 1883 1627">
    <p class='ocr_par' dir='ltr' id='par_1_77' title="bbox 1095 1588 1883 1627">
     <span class='ocr_line' id='line_1_77' title="bbox 1095 1588 1883 1627; baseline -0.01 -5"><span class='ocrx_word' id='word_1_514' title='bbox 1095 1596 1189 1626; x_wconf 77' lang='grc' dir='ltr'>σκότος</span> <span class='ocrx_word' id='word_1_515' title='bbox 1215 1594 1261 1620; x_wconf 76' lang='grc' dir='ltr'><strong>ὲπὶ</strong></span> <span class='ocrx_word' id='word_1_516' title='bbox 1285 1595 1375 1620; x_wconf 78' lang='grc' dir='ltr'>πᾶσαν</span> <span class='ocrx_word' id='word_1_517' title='bbox 1394 1593 1442 1627; x_wconf 81' lang='grc' dir='ltr'>τὴν</span> <span class='ocrx_word' id='word_1_518' title='bbox 1464 1593 1527 1626; x_wconf 80' lang='grc' dir='ltr'>γῆν,</span> <span class='ocrx_word' id='word_1_519' title='bbox 1556 1591 1573 1625; x_wconf 76' lang='grc' dir='ltr'><strong>ἥ</strong></span> <span class='ocrx_word' id='word_1_520' title='bbox 1600 1599 1630 1617; x_wconf 85' lang='grc' dir='ltr'><strong>τε</strong></span> <span class='ocrx_word' id='word_1_521' title='bbox 1655 1588 1703 1616; x_wconf 82' lang='grc' dir='ltr'><strong>τοῦ</strong></span> <span class='ocrx_word' id='word_1_522' title='bbox 1728 1588 1883 1615; x_wconf 83' lang='grc' dir='ltr'>καταπετά-</span> 
     </span>
    </p>
   </div>
   <div class='ocr_carea' id='block_1_78' title="bbox 1096 1630 1883 1676">
    <p class='ocr_par' dir='ltr' id='par_1_78' title="bbox 1096 1630 1883 1676">
     <span class='ocr_line' id='line_1_78' title="bbox 1096 1630 1883 1676; baseline -0.009 -10"><span class='ocrx_word' id='word_1_523' title='bbox 1096 1648 1197 1676; x_wconf 82' lang='grc' dir='ltr'>σματος</span> <span class='ocrx_word' id='word_1_524' title='bbox 1213 1639 1259 1665; x_wconf 80' lang='grc' dir='ltr'>καὶ</span> <span class='ocrx_word' id='word_1_525' title='bbox 1275 1630 1329 1664; x_wconf 60' lang='grc' dir='ltr'><strong>τῶν</strong></span> <span class='ocrx_word' id='word_1_526' title='bbox 1346 1637 1453 1673; x_wconf 83' lang='grc' dir='ltr'>πετρῶν</span> <span class='ocrx_word' id='word_1_527' title='bbox 1466 1635 1620 1672; x_wconf 73' lang='grc' dir='ltr'>διάρῤηξις,</span> <span class='ocrx_word' id='word_1_528' title='bbox 1640 1635 1687 1662; x_wconf 83' lang='grc' dir='ltr'>καὶ</span> <span class='ocrx_word' id='word_1_529' title='bbox 1704 1635 1720 1670; x_wconf 88' lang='grc' dir='ltr'>ὴ</span> <span class='ocrx_word' id='word_1_530' title='bbox 1746 1634 1801 1660; x_wconf 86' lang='grc' dir='ltr'><strong>τῶν</strong></span> <span class='ocrx_word' id='word_1_531' title='bbox 1815 1643 1883 1669; x_wconf 86' lang='grc' dir='ltr'>μνη-</span> 
     </span>
    </p>
   </div>
   <div class='ocr_carea' id='block_1_79' title="bbox 1096 1678 1885 1722">
    <p class='ocr_par' dir='ltr' id='par_1_79' title="bbox 1096 1678 1885 1722">
     <span class='ocr_line' id='line_1_79' title="bbox 1096 1678 1885 1722; baseline -0.011 -9"><span class='ocrx_word' id='word_1_532' title='bbox 1096 1687 1189 1721; x_wconf 89' lang='grc' dir='ltr'>μάτων</span> <span class='ocrx_word' id='word_1_533' title='bbox 1220 1683 1344 1716; x_wconf 70' lang='grc' dir='ltr'>ἄνοιξιςν</span> <span class='ocrx_word' id='word_1_534' title='bbox 1372 1682 1411 1708; x_wconf 75' lang='grc' dir='ltr'><strong>ἔτι</strong></span> <span class='ocrx_word' id='word_1_535' title='bbox 1441 1690 1473 1715; x_wconf 81' lang='grc' dir='ltr'><strong>γε</strong></span> <span class='ocrx_word' id='word_1_536' title='bbox 1503 1681 1556 1722; x_wconf 79' lang='grc' dir='ltr'>μὴν</span> <span class='ocrx_word' id='word_1_537' title='bbox 1581 1680 1628 1706; x_wconf 75' lang='grc' dir='ltr'>καὶ</span> <span class='ocrx_word' id='word_1_538' title='bbox 1656 1680 1671 1714; x_wconf 87' lang='grc' dir='ltr'>ὴ</span> <span class='ocrx_word' id='word_1_539' title='bbox 1702 1679 1757 1706; x_wconf 80' lang='grc' dir='ltr'><strong>τῶν</strong></span> <span class='ocrx_word' id='word_1_540' title='bbox 1780 1678 1885 1712; x_wconf 75' lang='grc' dir='ltr'>νεκρῶν</span> 
     </span>
    </p>
   </div>
   <div class='ocr_carea' id='block_1_80' title="bbox 1095 1724 1886 1764">
    <p class='ocr_par' dir='ltr' id='par_1_80' title="bbox 1095 1724 1886 1764">
     <span class='ocr_line' id='line_1_80' title="bbox 1095 1724 1886 1764; baseline -0.01 -6"><span class='ocrx_word' id='word_1_541' title='bbox 1095 1731 1284 1764; x_wconf 78' lang='grc' dir='ltr'>ἐξανάστασις,</span> <span class='ocrx_word' id='word_1_542' title='bbox 1306 1729 1354 1755; x_wconf 71' lang='grc' dir='ltr'>καὶ</span> <span class='ocrx_word' id='word_1_543' title='bbox 1379 1729 1428 1755; x_wconf 79' lang='grc' dir='ltr'>ὅσα</span> <span class='ocrx_word' id='word_1_544' title='bbox 1453 1728 1483 1754; x_wconf 81' lang='grc' dir='ltr'>ὲν</span> <span class='ocrx_word' id='word_1_545' title='bbox 1511 1727 1562 1763; x_wconf 76' lang='grc' dir='ltr'><strong>ᾅδῃ</strong></span> <span class='ocrx_word' id='word_1_546' title='bbox 1589 1725 1728 1753; x_wconf 82' lang='grc' dir='ltr'>κατελθὼν</span> <span class='ocrx_word' id='word_1_547' title='bbox 1753 1726 1767 1751; x_wconf 82' lang='grc' dir='ltr'>ὁ</span> <span class='ocrx_word' id='word_1_548' title='bbox 1791 1724 1886 1759; x_wconf 83' lang='grc' dir='ltr'>Σωτὴρ</span> 
     </span>
    </p>
   </div>
   <div class='ocr_carea' id='block_1_81' title="bbox 1096 1769 1885 1812">
    <p class='ocr_par' dir='ltr' id='par_1_81' title="bbox 1096 1769 1885 1812">
     <span class='ocr_line' id='line_1_81' title="bbox 1096 1769 1885 1812; baseline -0.009 -10"><span class='ocrx_word' id='word_1_549' title='bbox 1096 1776 1242 1812; x_wconf 76' lang='grc' dir='ltr'>εἰργάσατο</span> <span class='ocrx_word' id='word_1_550' title='bbox 1254 1783 1262 1790; x_wconf 91' lang='grc'><strong>·</strong></span> <span class='ocrx_word' id='word_1_551' title='bbox 1288 1775 1334 1801; x_wconf 78' lang='grc' dir='ltr'>καὶ</span> <span class='ocrx_word' id='word_1_552' title='bbox 1357 1774 1402 1800; x_wconf 81' lang='grc' dir='ltr'>διὰ.</span> <span class='ocrx_word' id='word_1_553' title='bbox 1414 1774 1493 1800; x_wconf 84' lang='grc' dir='ltr'>τοῦτο</span> <span class='ocrx_word' id='word_1_554' title='bbox 1516 1773 1581 1807; x_wconf 79' lang='grc' dir='ltr'>παρ’</span> <span class='ocrx_word' id='word_1_555' title='bbox 1597 1771 1680 1798; x_wconf 82' lang='grc' dir='ltr'>αὑτοῦ</span> <span class='ocrx_word' id='word_1_556' title='bbox 1694 1770 1733 1805; x_wconf 85' lang='grc' dir='ltr'>τῷ</span> <span class='ocrx_word' id='word_1_557' title='bbox 1749 1771 1824 1805; x_wconf 83' lang='grc' dir='ltr'>τόπῳ</span> <span class='ocrx_word' id='word_1_558' title='bbox 1837 1769 1885 1804; x_wconf 79' lang='grc' dir='ltr'><strong>τῆς</strong></span> 
     </span>
    </p>
   </div>
   <div class='ocr_carea' id='block_1_82' title="bbox 1096 1816 1886 1857">
    <p class='ocr_par' dir='ltr' id='par_1_82' title="bbox 1096 1816 1886 1857">
     <span class='ocr_line' id='line_1_82' title="bbox 1096 1816 1886 1857; baseline -0.008 -9"><span class='ocrx_word' id='word_1_559' title='bbox 1096 1821 1276 1857; x_wconf 82' lang='grc' dir='ltr'>σταυρώσεως</span> <span class='ocrx_word' id='word_1_560' title='bbox 1290 1820 1429 1855; x_wconf 83' lang='grc' dir='ltr'>γενομένῳ</span> <span class='ocrx_word' id='word_1_561' title='bbox 1449 1819 1489 1854; x_wconf 82' lang='grc' dir='ltr'>τῷ</span> <span class='ocrx_word' id='word_1_562' title='bbox 1513 1818 1635 1853; x_wconf 81' lang='grc' dir='ltr'>Χριστῷ,</span> <span class='ocrx_word' id='word_1_563' title='bbox 1665 1818 1700 1844; x_wconf 72' lang='grc' dir='ltr'><strong>τὰ</strong></span> <span class='ocrx_word' id='word_1_564' title='bbox 1729 1816 1886 1850; x_wconf 80' lang='grc' dir='ltr'>ἐκπλήξεως</span> 
     </span>
    </p>
   </div>
   <div class='ocr_carea' id='block_1_83' title="bbox 1095 1861 1884 1901">
    <p class='ocr_par' dir='ltr' id='par_1_83' title="bbox 1095 1861 1884 1901">
     <span class='ocr_line' id='line_1_83' title="bbox 1095 1861 1884 1901; baseline -0.009 -7"><span class='ocrx_word' id='word_1_565' title='bbox 1095 1867 1202 1894; x_wconf 82' lang='grc' dir='ltr'>καὶτοῦ</span> <span class='ocrx_word' id='word_1_566' title='bbox 1216 1866 1353 1901; x_wconf 83' lang='grc' dir='ltr'>θαύματος</span> <span class='ocrx_word' id='word_1_567' title='bbox 1366 1865 1422 1900; x_wconf 83' lang='grc' dir='ltr'>εἴδη</span> <span class='ocrx_word' id='word_1_568' title='bbox 1448 1865 1475 1891; x_wconf 86' lang='grc' dir='ltr'><strong>αί</strong></span> <span class='ocrx_word' id='word_1_569' title='bbox 1496 1864 1566 1890; x_wconf 83' lang='grc' dir='ltr'>θεῖαι</span> <span class='ocrx_word' id='word_1_570' title='bbox 1589 1863 1718 1898; x_wconf 79' lang='grc' dir='ltr'>δυνάμεις</span> <span class='ocrx_word' id='word_1_571' title='bbox 1744 1861 1884 1889; x_wconf 82' lang='grc' dir='ltr'>ἀπέθεντο.</span> 
     </span>
    </p>
   </div>
   <div class='ocr_carea' id='block_1_84' title="bbox 1095 1908 1887 1946">
    <p class='ocr_par' dir='ltr' id='par_1_84' title="bbox 1095 1908 1887 1946">
     <span class='ocr_line' id='line_1_84' title="bbox 1095 1908 1887 1946; baseline -0.008 -7"><span class='ocrx_word' id='word_1_572' title='bbox 1095 1912 1252 1940; x_wconf 73' lang='grc' dir='ltr'>Κάιιτεῦθεν</span> <span class='ocrx_word' id='word_1_573' title='bbox 1267 1911 1356 1946; x_wconf 82' lang='grc' dir='ltr'>δῆλον,</span> <span class='ocrx_word' id='word_1_574' title='bbox 1371 1911 1409 1942; x_wconf 87' lang='grc' dir='ltr'><strong>ὡς</strong></span> <span class='ocrx_word' id='word_1_575' title='bbox 1432 1911 1466 1936; x_wconf 83' lang='grc' dir='ltr'><strong>τὰ</strong></span> <span class='ocrx_word' id='word_1_576' title='bbox 1495 1910 1548 1945; x_wconf 81' lang='grc' dir='ltr'>πρὸ</span> <span class='ocrx_word' id='word_1_577' title='bbox 1576 1909 1623 1936; x_wconf 82' lang='grc' dir='ltr'>τοῦ</span> <span class='ocrx_word' id='word_1_578' title='bbox 1653 1908 1771 1944; x_wconf 83' lang='grc' dir='ltr'>σταυροῦ</span> <span class='ocrx_word' id='word_1_579' title='bbox 1799 1908 1887 1934; x_wconf 82' lang='grc' dir='ltr'>πάντα</span> 
     </span>
    </p>
   </div>
   <div class='ocr_carea' id='block_1_85' title="bbox 1096 1954 1889 1993">
    <p class='ocr_par' dir='ltr' id='par_1_85' title="bbox 1096 1954 1889 1993">
     <span class='ocr_line' id='line_1_85' title="bbox 1096 1954 1889 1993; baseline -0.006 -9"><span class='ocrx_word' id='word_1_580' title='bbox 1096 1958 1196 1993; x_wconf 80' lang='grc' dir='ltr'>ὀνείδη,</span> <span class='ocrx_word' id='word_1_581' title='bbox 1230 1957 1278 1984; x_wconf 77' lang='grc' dir='ltr'>καὶ</span> <span class='ocrx_word' id='word_1_582' title='bbox 1307 1956 1335 1983; x_wconf 77' lang='grc' dir='ltr'>αἱ</span> <span class='ocrx_word' id='word_1_583' title='bbox 1365 1955 1544 1991; x_wconf 75' lang='grc' dir='ltr'>χλευαστικαὶ</span> <span class='ocrx_word' id='word_1_584' title='bbox 1569 1955 1659 1990; x_wconf 71' lang='grc' dir='ltr'>τιμαὶ,</span> <span class='ocrx_word' id='word_1_585' title='bbox 1683 1954 1730 1981; x_wconf 76' lang='grc' dir='ltr'>καὶ</span> <span class='ocrx_word' id='word_1_586' title='bbox 1752 1955 1776 1980; x_wconf 84' lang='grc' dir='ltr'>οι</span> <span class='ocrx_word' id='word_1_587' title='bbox 1803 1961 1889 1980; x_wconf 74' lang='grc' dir='ltr'>κατα-</span> 
     </span>
    </p>
   </div>
   <div class='ocr_carea' id='block_1_86' title="bbox 1096 1998 1888 2039">
    <p class='ocr_par' dir='ltr' id='par_1_86' title="bbox 1096 1998 1888 2039">
     <span class='ocr_line' id='line_1_86' title="bbox 1096 1998 1888 2039; baseline -0.005 -9"><span class='ocrx_word' id='word_1_588' title='bbox 1096 2003 1228 2039; x_wconf 83' lang='grc' dir='ltr'>γέλωτες,</span> <span class='ocrx_word' id='word_1_589' title='bbox 1247 2002 1339 2029; x_wconf 80' lang='grc' dir='ltr'>πλεῖον</span> <span class='ocrx_word' id='word_1_590' title='bbox 1354 2002 1473 2037; x_wconf 73' lang='grc' dir='ltr'>ἥπτοντο</span> <span class='ocrx_word' id='word_1_591' title='bbox 1491 2000 1538 2027; x_wconf 84' lang='grc' dir='ltr'>τοῦ</span> <span class='ocrx_word' id='word_1_592' title='bbox 1553 2000 1714 2036; x_wconf 79' lang='grc' dir='ltr'>πάσχοντος,</span> <span class='ocrx_word' id='word_1_593' title='bbox 1732 1999 1825 2034; x_wconf 74' lang='grc' dir='ltr'>ῶσπερ</span> <span class='ocrx_word' id='word_1_594' title='bbox 1839 1998 1888 2026; x_wconf 79' lang='grc' dir='ltr'>καὶ</span> 
     </span>
    </p>
   </div>
   <div class='ocr_carea' id='block_1_87' title="bbox 1096 2046 1517 2084">
    <p class='ocr_par' dir='ltr' id='par_1_87' title="bbox 1096 2046 1517 2084">
     <span class='ocr_line' id='line_1_87' title="bbox 1096 2046 1517 2084; baseline -0.007 -9"><span class='ocrx_word' id='word_1_595' title='bbox 1096 2048 1150 2075; x_wconf 86' lang='grc' dir='ltr'><strong>τῶν</strong></span> <span class='ocrx_word' id='word_1_596' title='bbox 1163 2047 1264 2084; x_wconf 88' lang='grc' dir='ltr'>νοερῶν</span> <span class='ocrx_word' id='word_1_597' title='bbox 1277 2047 1358 2073; x_wconf 81' lang='grc' dir='ltr'>Θείων</span> <span class='ocrx_word' id='word_1_598' title='bbox 1366 2046 1517 2081; x_wconf 81' lang='grc' dir='ltr'>δυνάμεων.</span> 
     </span>
    </p>
   </div>
   <div class='ocr_carea' id='block_1_88' title="bbox 1137 2167 1890 2205">
    <p class='ocr_par' dir='ltr' id='par_1_88' title="bbox 1137 2167 1890 2205">
     <span class='ocr_line' id='line_1_88' title="bbox 1137 2167 1890 2205; baseline -0.008 -6"><span class='ocrx_word' id='word_1_599' title='bbox 1137 2171 1202 2200; x_wconf 81' lang='grc' dir='ltr'>Εἶτα</span> <span class='ocrx_word' id='word_1_600' title='bbox 1215 2172 1297 2199; x_wconf 84' lang='grc' dir='ltr'>πάλιν</span> <span class='ocrx_word' id='word_1_601' title='bbox 1308 2172 1322 2198; x_wconf 88' lang='grc' dir='ltr'>ὁ</span> <span class='ocrx_word' id='word_1_602' title='bbox 1339 2171 1428 2205; x_wconf 79' lang='grc' dir='ltr'>ἱερεὺς</span> <span class='ocrx_word' id='word_1_603' title='bbox 1445 2169 1609 2203; x_wconf 81' lang='grc' dir='ltr'>ἐπαγγέλλει</span> <span class='ocrx_word' id='word_1_604' title='bbox 1634 2169 1672 2203; x_wconf 85' lang='grc' dir='ltr'>τῷ</span> <span class='ocrx_word' id='word_1_605' title='bbox 1690 2168 1750 2202; x_wconf 82' lang='grc' dir='ltr'><strong>Θεῷ</strong></span> <span class='ocrx_word' id='word_1_606' title='bbox 1773 2167 1819 2194; x_wconf 75' lang='grc' dir='ltr'>καὶ</span> <span class='ocrx_word' id='word_1_607' title='bbox 1833 2167 1890 2193; x_wconf 86' lang='grc' dir='ltr'><strong>Πα-</strong></span> 
     </span>
    </p>
   </div>
   <div class='ocr_carea' id='block_1_89' title="bbox 259 2212 1042 2254">
    <p class='ocr_par' dir='ltr' id='par_1_89' title="bbox 259 2215 1042 2250">
     <span class='ocr_line' id='line_1_89' title="bbox 259 2215 1042 2250; baseline 0.003 -7"><span class='ocrx_word' id='word_1_608' title='bbox 259 2215 426 2249; x_wconf 87' lang='lat' dir='ltr'><strong>sumptionis</strong></span> <span class='ocrx_word' id='word_1_609' title='bbox 455 2215 635 2242; x_wconf 88' lang='lat' dir='ltr'><strong>humanitatis</strong></span> <span class='ocrx_word' id='word_1_610' title='bbox 656 2215 795 2250; x_wconf 84' lang='lat' dir='ltr'><strong>mysteria,</strong></span> <span class='ocrx_word' id='word_1_611' title='bbox 814 2224 846 2243; x_wconf 72' lang='lat' dir='ltr'><strong>ex</strong></span> <span class='ocrx_word' id='word_1_612' title='bbox 872 2221 966 2244; x_wconf 89' lang='lat' dir='ltr'><strong>sancta</strong></span> <span class='ocrx_word' id='word_1_613' title='bbox 987 2217 1042 2245; x_wconf 31' lang='lat' dir='ltr'><strong>Vir‘</strong></span> 
     </span>
    </p>
   </div>
   <div class='ocr_carea' id='block_1_90' title="bbox 1092 2212 1890 2254">
    <p class='ocr_par' dir='ltr' id='par_1_90' title="bbox 1101 2212 1890 2254">
     <span class='ocr_line' id='line_1_90' title="bbox 1101 2212 1890 2254; baseline -0.009 -9"><span class='ocrx_word' id='word_1_614' title='bbox 1101 2219 1147 2254; x_wconf 75' lang='grc' dir='ltr'>τρὶ</span> <span class='ocrx_word' id='word_1_615' title='bbox 1162 2218 1196 2244; x_wconf 80' lang='grc' dir='ltr'><strong>τὰ</strong></span> <span class='ocrx_word' id='word_1_616' title='bbox 1215 2218 1265 2252; x_wconf 82' lang='grc' dir='ltr'><strong>τῆς</strong></span> <span class='ocrx_word' id='word_1_617' title='bbox 1287 2215 1405 2252; x_wconf 82' lang='grc' dir='ltr'>Χριστοῦ</span> <span class='ocrx_word' id='word_1_618' title='bbox 1425 2215 1660 2249; x_wconf 82' lang='grc' dir='ltr'>ὲνανθρωπήσεως</span> <span class='ocrx_word' id='word_1_619' title='bbox 1677 2213 1824 2248; x_wconf 85' lang='grc' dir='ltr'>μυστήρια,</span> <span class='ocrx_word' id='word_1_620' title='bbox 1841 2212 1890 2246; x_wconf 84' lang='grc' dir='ltr'>τὴν</span> 
     </span>
    </p>
   </div>
   <div class='ocr_carea' id='block_1_91' title="bbox 260 2254 1050 2296">
    <p class='ocr_par' dir='ltr' id='par_1_91' title="bbox 260 2254 1050 2296">
     <span class='ocr_line' id='line_1_91' title="bbox 260 2254 1050 2296; baseline 0.004 -9"><span class='ocrx_word' id='word_1_621' title='bbox 260 2262 322 2296; x_wconf 72' lang='lat' dir='ltr'><strong>gine</strong></span> <span class='ocrx_word' id='word_1_622' title='bbox 334 2266 359 2289; x_wconf 82' lang='lat' dir='ltr'><strong>et</strong></span> <span class='ocrx_word' id='word_1_623' title='bbox 374 2261 489 2296; x_wconf 64' lang='lat' dir='ltr'><strong>Di-ipara</strong></span> <span class='ocrx_word' id='word_1_624' title='bbox 503 2261 666 2288; x_wconf 71' lang='lat' dir='ltr'><strong>ineﬂ‘abilem</strong></span> <span class='ocrx_word' id='word_1_625' title='bbox 680 2254 895 2296; x_wconf 59' lang='lat' dir='ltr'><strong>generationem:</strong></span> <span class='ocrx_word' id='word_1_626' title='bbox 905 2270 1050 2291; x_wconf 84' lang='lat' dir='ltr'><strong>conversa-</strong></span> 
     </span>
    </p>
   </div>
   <div class='ocr_carea' id='block_1_92' title="bbox 261 2306 1050 2340">
    <p class='ocr_par' dir='ltr' id='par_1_92' title="bbox 261 2306 1050 2340">
     <span class='ocr_line' id='line_1_92' title="bbox 261 2306 1050 2340; baseline 0.001 -5"><span class='ocrx_word' id='word_1_627' title='bbox 261 2310 361 2335; x_wconf 86' lang='lat' dir='ltr'><strong>tionem</strong></span> <span class='ocrx_word' id='word_1_628' title='bbox 383 2314 409 2334; x_wconf 90' lang='lat' dir='ltr'><strong>et</strong></span> <span class='ocrx_word' id='word_1_629' title='bbox 432 2306 629 2334; x_wconf 86' lang='lat' dir='ltr'><strong>habitationem</strong></span> <span class='ocrx_word' id='word_1_630' title='bbox 653 2307 680 2334; x_wconf 92' lang='lat' dir='ltr'><strong>in</strong></span> <span class='ocrx_word' id='word_1_631' title='bbox 699 2308 813 2340; x_wconf 90' lang='lat' dir='ltr'><strong>mundo,</strong></span> <span class='ocrx_word' id='word_1_632' title='bbox 831 2315 951 2339; x_wconf 89' lang='lat' dir='ltr'><strong>crucem,</strong></span> <span class='ocrx_word' id='word_1_633' title='bbox 975 2316 1050 2336; x_wconf 90' lang='lat' dir='ltr'><strong>mor-</strong></span> 
     </span>
    </p>
   </div>
   <div class='ocr_carea' id='block_1_93' title="bbox 261 2352 1051 2389">
    <p class='ocr_par' dir='ltr' id='par_1_93' title="bbox 261 2352 1051 2389">
     <span class='ocr_line' id='line_1_93' title="bbox 261 2352 1051 2389; baseline 0.001 -8"><span class='ocrx_word' id='word_1_634' title='bbox 261 2359 324 2383; x_wconf 86' lang='lat' dir='ltr'><strong>tem.</strong></span> <span class='ocrx_word' id='word_1_635' title='bbox 343 2355 403 2389; x_wconf 87' lang='lat' dir='ltr'><strong>ejus</strong></span> <span class='ocrx_word' id='word_1_636' title='bbox 419 2353 452 2381; x_wconf 84' lang='lat' dir='ltr'><strong>ad</strong></span> <span class='ocrx_word' id='word_1_637' title='bbox 469 2352 570 2380; x_wconf 79' lang='lat' dir='ltr'><strong>inferos</strong></span> <span class='ocrx_word' id='word_1_638' title='bbox 588 2352 805 2386; x_wconf 81' lang='lat' dir='ltr'><strong>descensionem,</strong></span> <span class='ocrx_word' id='word_1_639' title='bbox 821 2354 975 2382; x_wconf 81' lang='lat' dir='ltr'><strong>vinctorum</strong></span> <span class='ocrx_word' id='word_1_640' title='bbox 996 2355 1051 2382; x_wconf 88' lang='lat' dir='ltr'><strong>illic</strong></span> 
     </span>
    </p>
   </div>
   <div class='ocr_carea' id='block_1_94' title="bbox 261 2399 1051 2434">
    <p class='ocr_par' dir='ltr' id='par_1_94' title="bbox 261 2399 1051 2434">
     <span class='ocr_line' id='line_1_94' title="bbox 261 2399 1051 2434; baseline 0 -6"><span class='ocrx_word' id='word_1_641' title='bbox 261 2401 460 2434; x_wconf 86' lang='lat' dir='ltr'><strong>liberationem,</strong></span> <span class='ocrx_word' id='word_1_642' title='bbox 486 2399 641 2427; x_wconf 90' lang='lat' dir='ltr'><strong>triduanam</strong></span> <span class='ocrx_word' id='word_1_643' title='bbox 656 2403 683 2427; x_wconf 88' lang='lat' dir='ltr'><strong>et</strong></span> <span class='ocrx_word' id='word_1_644' title='bbox 698 2404 820 2427; x_wconf 89' lang='lat' dir='ltr'><strong>sanctam</strong></span> <span class='ocrx_word' id='word_1_645' title='bbox 846 2408 860 2427; x_wconf 91' lang='lat' dir='ltr'><strong>a</strong></span> <span class='ocrx_word' id='word_1_646' title='bbox 879 2401 996 2428; x_wconf 84' lang='lat' dir='ltr'><strong>mortuis</strong></span> <span class='ocrx_word' id='word_1_647' title='bbox 1008 2409 1051 2428; x_wconf 88' lang='lat' dir='ltr'><strong>re-</strong></span> 
     </span>
    </p>
   </div>
   <div class='ocr_carea' id='block_1_95' title="bbox 261 2445 1052 2480">
    <p class='ocr_par' dir='ltr' id='par_1_95' title="bbox 261 2445 1052 2480">
     <span class='ocr_line' id='line_1_95' title="bbox 261 2445 1052 2480; baseline 0 -6"><span class='ocrx_word' id='word_1_648' title='bbox 261 2447 469 2477; x_wconf 77' lang='lat' dir='ltr'><strong>surrectionem,</strong></span> <span class='ocrx_word' id='word_1_649' title='bbox 495 2446 712 2480; x_wconf 84' lang='lat' dir='ltr'><strong>assumptionem</strong></span> <span class='ocrx_word' id='word_1_650' title='bbox 742 2445 768 2472; x_wconf 92' lang='lat' dir='ltr'><strong>in</strong></span> <span class='ocrx_word' id='word_1_651' title='bbox 788 2446 883 2478; x_wconf 63' lang='lat' dir='ltr'><strong>caelos,</strong></span> <span class='ocrx_word' id='word_1_652' title='bbox 910 2454 925 2473; x_wconf 89' lang='lat' dir='ltr'><strong>a</strong></span> <span class='ocrx_word' id='word_1_653' title='bbox 948 2446 1052 2474; x_wconf 73' lang='lat' dir='ltr'><strong>dextris</strong></span> 
     </span>
    </p>
   </div>
   <div class='ocr_carea' id='block_1_96' title="bbox 262 2490 1052 2525">
    <p class='ocr_par' dir='ltr' id='par_1_96' title="bbox 262 2490 1052 2525">
     <span class='ocr_line' id='line_1_96' title="bbox 262 2490 1052 2525; baseline -0.005 -4"><span class='ocrx_word' id='word_1_654' title='bbox 262 2493 308 2521; x_wconf 80' lang='lat' dir='ltr'><strong>Dei</strong></span> <span class='ocrx_word' id='word_1_655' title='bbox 323 2497 350 2520; x_wconf 87' lang='lat' dir='ltr'><strong>et</strong></span> <span class='ocrx_word' id='word_1_656' title='bbox 366 2490 455 2519; x_wconf 83' lang='lat' dir='ltr'><strong>Patris</strong></span> <span class='ocrx_word' id='word_1_657' title='bbox 470 2491 634 2523; x_wconf 85' lang='lat' dir='ltr'><strong>sessionem,</strong></span> <span class='ocrx_word' id='word_1_658' title='bbox 648 2491 798 2518; x_wconf 89' lang='lat' dir='ltr'><strong>secundum</strong></span> <span class='ocrx_word' id='word_1_659' title='bbox 812 2495 839 2518; x_wconf 81' lang='lat' dir='ltr'><strong>et</strong></span> <span class='ocrx_word' id='word_1_660' title='bbox 854 2490 975 2518; x_wconf 76' lang='lat' dir='ltr'><strong>luiturum</strong></span> <span class='ocrx_word' id='word_1_661' title='bbox 991 2491 1052 2525; x_wconf 83' lang='lat' dir='ltr'><strong>ejus</strong></span> 
     </span>
    </p>
   </div>
   <div class='ocr_carea' id='block_1_97' title="bbox 262 2536 1054 2573">
    <p class='ocr_par' dir='ltr' id='par_1_97' title="bbox 262 2536 1054 2573">
     <span class='ocr_line' id='line_1_97' title="bbox 262 2536 1054 2573; baseline -0.004 -7"><span class='ocrx_word' id='word_1_662' title='bbox 262 2539 410 2573; x_wconf 68' lang='lat' dir='ltr'><strong>gloriosum</strong></span> <span class='ocrx_word' id='word_1_663' title='bbox 434 2538 552 2565; x_wconf 89' lang='lat' dir='ltr'><strong>reditum</strong></span> <span class='ocrx_word' id='word_1_664' title='bbox 568 2537 601 2564; x_wconf 84' lang='lat' dir='ltr'><strong>ad</strong></span> <span class='ocrx_word' id='word_1_665' title='bbox 619 2543 678 2564; x_wconf 89' lang='lat' dir='ltr'><strong>nos.</strong></span> <span class='ocrx_word' id='word_1_666' title='bbox 698 2536 731 2563; x_wconf 80' lang='lat' dir='ltr'><strong>Et</strong></span> <span class='ocrx_word' id='word_1_667' title='bbox 754 2544 864 2563; x_wconf 86' lang='lat' dir='ltr'><strong>rursum</strong></span> <span class='ocrx_word' id='word_1_668' title='bbox 882 2537 1054 2564; x_wconf 88' lang='lat' dir='ltr'><strong>institutione</strong></span> 
     </span>
    </p>
   </div>
   <div class='ocr_carea' id='block_1_98' title="bbox 262 2582 1054 2617">
    <p class='ocr_par' dir='ltr' id='par_1_98' title="bbox 262 2582 1054 2617">
     <span class='ocr_line' id='line_1_98' title="bbox 262 2582 1054 2617; baseline -0.004 -4"><span class='ocrx_word' id='word_1_669' title='bbox 262 2593 402 2613; x_wconf 85' lang='lat' dir='ltr'><strong>sacrorum</strong></span> <span class='ocrx_word' id='word_1_670' title='bbox 419 2584 553 2615; x_wconf 86' lang='lat' dir='ltr'><strong>eruditus,</strong></span> <span class='ocrx_word' id='word_1_671' title='bbox 572 2583 690 2617; x_wconf 81' lang='lat' dir='ltr'><strong>appellat</strong></span> <span class='ocrx_word' id='word_1_672' title='bbox 707 2582 790 2610; x_wconf 87' lang='lat' dir='ltr'><strong>Deum</strong></span> <span class='ocrx_word' id='word_1_673' title='bbox 805 2583 957 2617; x_wconf 82' lang='lat' dir='ltr'><strong>ingenitum</strong></span> <span class='ocrx_word' id='word_1_674' title='bbox 971 2591 979 2615; x_wconf 82' lang='lat'><strong>;</strong></span> <span class='ocrx_word' id='word_1_675' title='bbox 1001 2583 1054 2610; x_wconf 89' lang='lat' dir='ltr'><strong>hoc</strong></span> 
     </span>
    </p>
   </div>
   <div class='ocr_carea' id='block_1_99' title="bbox 261 2627 1057 2665">
    <p class='ocr_par' dir='ltr' id='par_1_99' title="bbox 261 2627 1057 2665">
     <span class='ocr_line' id='line_1_99' title="bbox 261 2627 1057 2665; baseline -0.006 -6"><span class='ocrx_word' id='word_1_676' title='bbox 261 2627 319 2665; x_wconf 66' lang='lat' dir='ltr'><strong>est,</strong></span> <span class='ocrx_word' id='word_1_677' title='bbox 333 2632 416 2659; x_wconf 76' lang='lat' dir='ltr'><strong>Deum</strong></span> <span class='ocrx_word' id='word_1_678' title='bbox 432 2635 460 2659; x_wconf 88' lang='lat' dir='ltr'><strong>et</strong></span> <span class='ocrx_word' id='word_1_679' title='bbox 481 2631 599 2662; x_wconf 82' lang='lat' dir='ltr'><strong>Patrem,</strong></span> <span class='ocrx_word' id='word_1_680' title='bbox 615 2633 641 2656; x_wconf 90' lang='lat' dir='ltr'><strong>et</strong></span> <span class='ocrx_word' id='word_1_681' title='bbox 654 2634 761 2656; x_wconf 87' lang='lat' dir='ltr'><strong>uterum</strong></span> <span class='ocrx_word' id='word_1_682' title='bbox 778 2633 842 2655; x_wconf 91' lang='lat' dir='ltr'><strong>ante</strong></span> <span class='ocrx_word' id='word_1_683' title='bbox 858 2628 1014 2656; x_wconf 76' lang='lat' dir='ltr'><strong>Luciferum</strong></span> <span class='ocrx_word' id='word_1_684' title='bbox 1030 2632 1057 2655; x_wconf 89' lang='lat' dir='ltr'><strong>et</strong></span> 
     </span>
    </p>
   </div>
   <div class='ocr_carea' id='block_1_100' title="bbox 263 2673 1053 2711">
    <p class='ocr_par' dir='ltr' id='par_1_100' title="bbox 263 2673 1053 2711">
     <span class='ocr_line' id='line_1_100' title="bbox 263 2673 1053 2711; baseline -0.004 -8"><span class='ocrx_word' id='word_1_685' title='bbox 263 2685 325 2706; x_wconf 82' lang='lat' dir='ltr'><strong>ante</strong></span> <span class='ocrx_word' id='word_1_686' title='bbox 339 2678 439 2705; x_wconf 64' lang='lat' dir='ltr'><strong>smcula</strong></span> <span class='ocrx_word' id='word_1_687' title='bbox 464 2676 563 2704; x_wconf 87' lang='lat' dir='ltr'><strong>Filium</strong></span> <span class='ocrx_word' id='word_1_688' title='bbox 589 2676 756 2711; x_wconf 74' lang='lat' dir='ltr'><strong>gignentem,</strong></span> <span class='ocrx_word' id='word_1_689' title='bbox 774 2679 804 2702; x_wconf 90' lang='lat' dir='ltr'><strong>ut</strong></span> <span class='ocrx_word' id='word_1_690' title='bbox 818 2674 872 2701; x_wconf 82' lang='lat' dir='ltr'><strong>ait:</strong></span> <span class='ocrx_word' id='word_1_691' title='bbox 892 2682 901 2699; x_wconf 85' lang='grc'><strong><em>‹</em></strong></span> <span class='ocrx_word' id='word_1_692' title='bbox 919 2673 957 2700; x_wconf 75' lang='lat' dir='ltr'><strong>Ex</strong></span> <span class='ocrx_word' id='word_1_693' title='bbox 975 2677 1053 2700; x_wconf 87' lang='lat' dir='ltr'><strong>utero</strong></span> 
     </span>
    </p>
   </div>
   <div class='ocr_carea' id='block_1_101' title="bbox 263 2717 1054 2756">
    <p class='ocr_par' dir='ltr' id='par_1_101' title="bbox 263 2717 1054 2756">
     <span class='ocr_line' id='line_1_101' title="bbox 263 2717 1054 2756; baseline -0.006 -7"><span class='ocrx_word' id='word_1_694' title='bbox 263 2727 326 2750; x_wconf 75' lang='lat' dir='ltr'><strong>aute</strong></span> <span class='ocrx_word' id='word_1_695' title='bbox 350 2721 496 2749; x_wconf 80' lang='lat' dir='ltr'><strong>luciferum</strong></span> <span class='ocrx_word' id='word_1_696' title='bbox 514 2720 596 2756; x_wconf 77' lang='lat' dir='ltr'><strong>genui</strong></span> <span class='ocrx_word' id='word_1_697' title='bbox 619 2723 645 2747; x_wconf 86' lang='lat' dir='ltr'><strong>te</strong></span> <span class='ocrx_word' id='word_1_698' title='bbox 669 2719 702 2746; x_wconf 80' lang='grc'><strong>⁷⁸.</strong></span> <span class='ocrx_word' id='word_1_699' title='bbox 718 2729 727 2745; x_wconf 78' lang='grc' dir='ltr'><strong>ι</strong></span> <span class='ocrx_word' id='word_1_700' title='bbox 756 2718 789 2746; x_wconf 87' lang='lat' dir='ltr'><strong>Et</strong></span> <span class='ocrx_word' id='word_1_701' title='bbox 808 2725 904 2746; x_wconf 87' lang='lat' dir='ltr'><strong>rursus</strong></span> <span class='ocrx_word' id='word_1_702' title='bbox 929 2717 1054 2745; x_wconf 78' lang='lat' dir='ltr'><strong>obsecrat</strong></span> 
     </span>
    </p>
   </div>
   <div class='ocr_carea' id='block_1_102' title="bbox 265 2763 1054 2802">
    <p class='ocr_par' dir='ltr' id='par_1_102' title="bbox 265 2763 1054 2802">
     <span class='ocr_line' id='line_1_102' title="bbox 265 2763 1054 2802; baseline -0.005 -9"><span class='ocrx_word' id='word_1_703' title='bbox 265 2772 295 2794; x_wconf 89' lang='lat' dir='ltr'><strong>ut</strong></span> <span class='ocrx_word' id='word_1_704' title='bbox 323 2767 484 2795; x_wconf 84' lang='lat' dir='ltr'><strong>conﬁciatur</strong></span> <span class='ocrx_word' id='word_1_705' title='bbox 509 2765 668 2802; x_wconf 81' lang='lat' dir='ltr'><strong>mystetium</strong></span> <span class='ocrx_word' id='word_1_706' title='bbox 694 2765 754 2792; x_wconf 85' lang='lat' dir='ltr'><strong>Filii</strong></span> <span class='ocrx_word' id='word_1_707' title='bbox 780 2764 852 2799; x_wconf 82' lang='lat' dir='ltr'><strong>ejus.</strong></span> <span class='ocrx_word' id='word_1_708' title='bbox 874 2768 901 2790; x_wconf 84' lang='lat' dir='ltr'><strong>ct</strong></span> <span class='ocrx_word' id='word_1_709' title='bbox 928 2763 975 2790; x_wconf 76' lang='lat' dir='ltr'><strong>fiat</strong></span> <span class='ocrx_word' id='word_1_710' title='bbox 997 2763 1054 2791; x_wconf 80' lang='lat' dir='ltr'><strong>sive</strong></span> 
     </span>
    </p>
   </div>
   <div class='ocr_carea' id='block_1_103' title="bbox 266 2810 1053 2846">
    <p class='ocr_par' dir='ltr' id='par_1_103' title="bbox 266 2810 1053 2846">
     <span class='ocr_line' id='line_1_103' title="bbox 266 2810 1053 2846; baseline -0.004 -8"><span class='ocrx_word' id='word_1_711' title='bbox 266 2817 466 2839; x_wconf 83' lang='lat' dir='ltr'><strong>transmutetur</strong></span> <span class='ocrx_word' id='word_1_712' title='bbox 481 2813 537 2846; x_wconf 87' lang='lat' dir='ltr'><strong>ipse</strong></span> <span class='ocrx_word' id='word_1_713' title='bbox 552 2812 630 2846; x_wconf 86' lang='lat' dir='ltr'><strong>panis</strong></span> <span class='ocrx_word' id='word_1_714' title='bbox 645 2816 672 2840; x_wconf 83' lang='lat' dir='ltr'><strong>et</strong></span> <span class='ocrx_word' id='word_1_715' title='bbox 685 2811 777 2839; x_wconf 89' lang='lat' dir='ltr'><strong>vinum</strong></span> <span class='ocrx_word' id='word_1_716' title='bbox 792 2810 819 2838; x_wconf 92' lang='lat' dir='ltr'><strong>in</strong></span> <span class='ocrx_word' id='word_1_717' title='bbox 833 2817 934 2844; x_wconf 84' lang='lat' dir='ltr'><strong>corpus</strong></span> <span class='ocrx_word' id='word_1_718' title='bbox 949 2814 974 2835; x_wconf 85' lang='lat' dir='ltr'><strong>et</strong></span> <span class='ocrx_word' id='word_1_719' title='bbox 990 2817 1053 2836; x_wconf 85' lang='lat' dir='ltr'><strong>sau—</strong></span> 
     </span>
    </p>
   </div>
   <div class='ocr_carea' id='block_1_104' title="bbox 302 2903 523 2936">
    <p class='ocr_par' dir='ltr' id='par_1_104' title="bbox 302 2903 523 2936">
     <span class='ocr_line' id='line_1_104' title="bbox 302 2903 523 2936; baseline 0.009 -6"><span class='ocrx_word' id='word_1_720' title='bbox 302 2903 324 2919; x_wconf 78' lang='lat'>&quot;</span> <span class='ocrx_word' id='word_1_721' title='bbox 339 2903 412 2932; x_wconf 74' lang='lat' dir='ltr'><strong>Psal.</strong></span> <span class='ocrx_word' id='word_1_722' title='bbox 425 2911 483 2936; x_wconf 76' lang='lat' dir='ltr'><strong>cu,</strong></span> <span class='ocrx_word' id='word_1_723' title='bbox 497 2904 523 2932; x_wconf 82' lang='grc'><strong>5.</strong></span> 
     </span>
    </p>
   </div>
   <div class='ocr_carea' id='block_1_105' title="bbox 1101 2258 1891 2298">
    <p class='ocr_par' dir='ltr' id='par_1_105' title="bbox 1101 2258 1891 2298">
     <span class='ocr_line' id='line_1_105' title="bbox 1101 2258 1891 2298; baseline -0.009 -8"><span class='ocrx_word' id='word_1_724' title='bbox 1101 2264 1131 2297; x_wconf 72' lang='grc' dir='ltr'><strong>ἐξ</strong></span> <span class='ocrx_word' id='word_1_725' title='bbox 1144 2263 1223 2298; x_wconf 87' lang='grc' dir='ltr'>ἁγίας</span> <span class='ocrx_word' id='word_1_726' title='bbox 1237 2262 1379 2298; x_wconf 72' lang='grc' dir='ltr'>Παρθένου</span> <span class='ocrx_word' id='word_1_727' title='bbox 1395 2261 1442 2288; x_wconf 75' lang='grc' dir='ltr'>καὶ</span> <span class='ocrx_word' id='word_1_728' title='bbox 1465 2261 1597 2287; x_wconf 79' lang='grc' dir='ltr'>Θεοτόκου</span> <span class='ocrx_word' id='word_1_729' title='bbox 1613 2259 1803 2294; x_wconf 82' lang='grc' dir='ltr'>ἁνέκφραστον</span> <span class='ocrx_word' id='word_1_730' title='bbox 1828 2258 1891 2291; x_wconf 65' lang='grc' dir='ltr'>γένι-</span> 
     </span>
    </p>
   </div>
   <div class='ocr_carea' id='block_1_106' title="bbox 1102 2303 1891 2346">
    <p class='ocr_par' dir='ltr' id='par_1_106' title="bbox 1102 2303 1891 2346">
     <span class='ocr_line' id='line_1_106' title="bbox 1102 2303 1891 2346; baseline -0.011 -9"><span class='ocrx_word' id='word_1_731' title='bbox 1102 2319 1190 2346; x_wconf 85' lang='grc' dir='ltr'>νησιν,</span> <span class='ocrx_word' id='word_1_732' title='bbox 1208 2310 1257 2344; x_wconf 87' lang='grc' dir='ltr'>τὴν</span> <span class='ocrx_word' id='word_1_733' title='bbox 1283 2307 1457 2342; x_wconf 76' lang='grc' dir='ltr'>ἀναστροφὴν</span> <span class='ocrx_word' id='word_1_734' title='bbox 1476 2306 1524 2333; x_wconf 77' lang='grc' dir='ltr'>καὶ</span> <span class='ocrx_word' id='word_1_735' title='bbox 1538 2305 1729 2340; x_wconf 79' lang='grc' dir='ltr'>ὲμπολίτευσιν</span> <span class='ocrx_word' id='word_1_736' title='bbox 1740 2303 1791 2339; x_wconf 82' lang='grc' dir='ltr'>τὴν</span> <span class='ocrx_word' id='word_1_737' title='bbox 1805 2304 1834 2329; x_wconf 86' lang='grc' dir='ltr'>ὲν</span> <span class='ocrx_word' id='word_1_738' title='bbox 1853 2303 1891 2337; x_wconf 82' lang='grc' dir='ltr'>τῷ</span> 
     </span>
    </p>
   </div>
   <div class='ocr_carea' id='block_1_107' title="bbox 1101 2348 1891 2392">
    <p class='ocr_par' dir='ltr' id='par_1_107' title="bbox 1101 2348 1891 2392">
     <span class='ocr_line' id='line_1_107' title="bbox 1101 2348 1891 2392; baseline -0.013 -8"><span class='ocrx_word' id='word_1_739' title='bbox 1101 2357 1208 2392; x_wconf 86' lang='grc' dir='ltr'>κόσμῳ,</span> <span class='ocrx_word' id='word_1_740' title='bbox 1221 2355 1267 2382; x_wconf 75' lang='grc' dir='ltr'>τὸν</span> <span class='ocrx_word' id='word_1_741' title='bbox 1279 2353 1408 2388; x_wconf 68' lang='grc' dir='ltr'>σταυρὸν,</span> <span class='ocrx_word' id='word_1_742' title='bbox 1419 2353 1465 2379; x_wconf 75' lang='grc' dir='ltr'><strong>τὸν</strong></span> <span class='ocrx_word' id='word_1_743' title='bbox 1477 2352 1604 2384; x_wconf 81' lang='grc' dir='ltr'>θάνατον,</span> <span class='ocrx_word' id='word_1_744' title='bbox 1621 2351 1670 2385; x_wconf 81' lang='grc' dir='ltr'>τὴν</span> <span class='ocrx_word' id='word_1_745' title='bbox 1687 2351 1716 2376; x_wconf 79' lang='grc' dir='ltr'>ὲν</span> <span class='ocrx_word' id='word_1_746' title='bbox 1728 2348 1767 2383; x_wconf 83' lang='grc' dir='ltr'>τῷ</span> <span class='ocrx_word' id='word_1_747' title='bbox 1780 2349 1837 2384; x_wconf 68' lang='grc' dir='ltr'><strong>ᾄδῃ</strong></span> <span class='ocrx_word' id='word_1_748' title='bbox 1845 2348 1891 2374; x_wconf 87' lang='grc' dir='ltr'><strong>αὺ-</strong></span> 
     </span>
    </p>
   </div>
   <div class='ocr_carea' id='block_1_108' title="bbox 1102 2393 1892 2434">
    <p class='ocr_par' dir='ltr' id='par_1_108' title="bbox 1102 2393 1892 2434">
     <span class='ocr_line' id='line_1_108' title="bbox 1102 2393 1892 2434; baseline -0.013 -5"><span class='ocrx_word' id='word_1_749' title='bbox 1102 2402 1151 2429; x_wconf 81' lang='grc' dir='ltr'>τοῦ</span> <span class='ocrx_word' id='word_1_750' title='bbox 1169 2401 1331 2431; x_wconf 77' lang='grc' dir='ltr'>κατάϐασιν,</span> <span class='ocrx_word' id='word_1_751' title='bbox 1354 2399 1404 2434; x_wconf 83' lang='grc' dir='ltr'>τὴν</span> <span class='ocrx_word' id='word_1_752' title='bbox 1421 2398 1476 2425; x_wconf 82' lang='grc' dir='ltr'><strong>τῶν</strong></span> <span class='ocrx_word' id='word_1_753' title='bbox 1489 2397 1608 2432; x_wconf 86' lang='grc' dir='ltr'>δεσμίων</span> <span class='ocrx_word' id='word_1_754' title='bbox 1627 2397 1660 2422; x_wconf 83' lang='grc' dir='ltr'>δι’</span> <span class='ocrx_word' id='word_1_755' title='bbox 1683 2395 1766 2422; x_wconf 83' lang='grc' dir='ltr'>αὑτοῦ</span> <span class='ocrx_word' id='word_1_756' title='bbox 1786 2393 1892 2421; x_wconf 81' lang='grc' dir='ltr'>ἐλευθε-</span> 
     </span>
    </p>
   </div>
   <div class='ocr_carea' id='block_1_109' title="bbox 1103 2442 1891 2484">
    <p class='ocr_par' dir='ltr' id='par_1_109' title="bbox 1103 2442 1891 2484">
     <span class='ocr_line' id='line_1_109' title="bbox 1103 2442 1891 2484; baseline -0.01 -10"><span class='ocrx_word' id='word_1_757' title='bbox 1103 2449 1175 2484; x_wconf 86' lang='grc' dir='ltr'>ρίαν,</span> <span class='ocrx_word' id='word_1_758' title='bbox 1189 2447 1239 2478; x_wconf 81' lang='grc' dir='ltr'>τὴν</span> <span class='ocrx_word' id='word_1_759' title='bbox 1249 2448 1281 2473; x_wconf 81' lang='grc' dir='ltr'>ὲκ</span> <span class='ocrx_word' id='word_1_760' title='bbox 1297 2446 1401 2480; x_wconf 84' lang='grc' dir='ltr'>νεκρῶν</span> <span class='ocrx_word' id='word_1_761' title='bbox 1416 2444 1567 2480; x_wconf 83' lang='grc' dir='ltr'>τριήμερον</span> <span class='ocrx_word' id='word_1_762' title='bbox 1584 2443 1630 2469; x_wconf 72' lang='grc' dir='ltr'><strong>καὶ</strong></span> <span class='ocrx_word' id='word_1_763' title='bbox 1640 2442 1722 2476; x_wconf 82' lang='grc' dir='ltr'>ἁγίαν</span> <span class='ocrx_word' id='word_1_764' title='bbox 1733 2442 1891 2470; x_wconf 77' lang='grc' dir='ltr'>ἀνάστασιν.</span> 
     </span>
    </p>
   </div>
   <div class='ocr_carea' id='block_1_110' title="bbox 1102 2485 1893 2529">
    <p class='ocr_par' dir='ltr' id='par_1_110' title="bbox 1102 2485 1893 2529">
     <span class='ocr_line' id='line_1_110' title="bbox 1102 2485 1893 2529; baseline -0.013 -8"><span class='ocrx_word' id='word_1_765' title='bbox 1102 2495 1152 2529; x_wconf 84' lang='grc' dir='ltr'>τὴν</span> <span class='ocrx_word' id='word_1_766' title='bbox 1169 2495 1197 2520; x_wconf 84' lang='grc' dir='ltr'>ὲν</span> <span class='ocrx_word' id='word_1_767' title='bbox 1218 2494 1274 2524; x_wconf 78' lang='grc' dir='ltr'>τοῖς</span> <span class='ocrx_word' id='word_1_768' title='bbox 1291 2490 1417 2526; x_wconf 80' lang='grc' dir='ltr'>οὐρανοῖς</span> <span class='ocrx_word' id='word_1_769' title='bbox 1444 2489 1588 2524; x_wconf 84' lang='grc' dir='ltr'>ἀνάληψιν,</span> <span class='ocrx_word' id='word_1_770' title='bbox 1610 2489 1660 2523; x_wconf 76' lang='grc' dir='ltr'>τὴν</span> <span class='ocrx_word' id='word_1_771' title='bbox 1685 2489 1717 2514; x_wconf 76' lang='grc' dir='ltr'>ἐκ</span> <span class='ocrx_word' id='word_1_772' title='bbox 1734 2486 1830 2519; x_wconf 80' lang='grc' dir='ltr'>δεξιῶν</span> <span class='ocrx_word' id='word_1_773' title='bbox 1845 2485 1893 2512; x_wconf 82' lang='grc' dir='ltr'>τοῦ</span> 
     </span>
    </p>
   </div>
   <div class='ocr_carea' id='block_1_111' title="bbox 1103 2531 1894 2572">
    <p class='ocr_par' dir='ltr' id='par_1_111' title="bbox 1103 2531 1894 2572">
     <span class='ocr_line' id='line_1_111' title="bbox 1103 2531 1894 2572; baseline -0.011 -6"><span class='ocrx_word' id='word_1_774' title='bbox 1103 2539 1171 2566; x_wconf 82' lang='grc' dir='ltr'>θεοῦ</span> <span class='ocrx_word' id='word_1_775' title='bbox 1189 2539 1236 2565; x_wconf 73' lang='grc' dir='ltr'><strong>καὶ</strong></span> <span class='ocrx_word' id='word_1_776' title='bbox 1253 2537 1362 2572; x_wconf 84' lang='grc' dir='ltr'>Πατρὺς</span> <span class='ocrx_word' id='word_1_777' title='bbox 1377 2536 1521 2571; x_wconf 80' lang='grc' dir='ltr'>καθέδραν,</span> <span class='ocrx_word' id='word_1_778' title='bbox 1543 2535 1593 2570; x_wconf 82' lang='grc' dir='ltr'>τὴν</span> <span class='ocrx_word' id='word_1_779' title='bbox 1608 2533 1739 2569; x_wconf 83' lang='grc' dir='ltr'>δευτέραν</span> <span class='ocrx_word' id='word_1_780' title='bbox 1759 2532 1806 2559; x_wconf 77' lang='grc' dir='ltr'>καὶ</span> <span class='ocrx_word' id='word_1_781' title='bbox 1832 2531 1894 2566; x_wconf 78' lang='grc' dir='ltr'>μέλ-</span> 
     </span>
    </p>
   </div>
   <div class='ocr_carea' id='block_1_112' title="bbox 1103 2577 1894 2616">
    <p class='ocr_par' dir='ltr' id='par_1_112' title="bbox 1103 2577 1894 2616">
     <span class='ocr_line' id='line_1_112' title="bbox 1103 2577 1894 2616; baseline -0.013 -4"><span class='ocrx_word' id='word_1_782' title='bbox 1103 2586 1204 2612; x_wconf 88' lang='grc' dir='ltr'>λουσαν</span> <span class='ocrx_word' id='word_1_783' title='bbox 1227 2583 1310 2610; x_wconf 81' lang='grc' dir='ltr'>αὐτοῦ</span> <span class='ocrx_word' id='word_1_784' title='bbox 1336 2581 1441 2614; x_wconf 75' lang='grc' dir='ltr'>ἔνδοξον</span> <span class='ocrx_word' id='word_1_785' title='bbox 1467 2580 1619 2616; x_wconf 86' lang='grc' dir='ltr'>παρουσίαν</span> <span class='ocrx_word' id='word_1_786' title='bbox 1639 2579 1731 2610; x_wconf 82' lang='grc' dir='ltr'>πάλιν,</span> <span class='ocrx_word' id='word_1_787' title='bbox 1753 2578 1802 2613; x_wconf 81' lang='grc' dir='ltr'>τὴν</span> <span class='ocrx_word' id='word_1_788' title='bbox 1825 2577 1894 2612; x_wconf 77' lang='grc' dir='ltr'>πρὸς</span> 
     </span>
    </p>
   </div>
   <div class='ocr_carea' id='block_1_113' title="bbox 1104 2623 1893 2665">
    <p class='ocr_par' dir='ltr' id='par_1_113' title="bbox 1104 2623 1893 2665">
     <span class='ocr_line' id='line_1_113' title="bbox 1104 2623 1893 2665; baseline -0.011 -9"><span class='ocrx_word' id='word_1_789' title='bbox 1104 2631 1189 2665; x_wconf 76' lang='grc' dir='ltr'>ἡμᾶς.</span> <span class='ocrx_word' id='word_1_790' title='bbox 1215 2629 1270 2655; x_wconf 80' lang='grc' dir='ltr'>Καὶ</span> <span class='ocrx_word' id='word_1_791' title='bbox 1293 2628 1374 2654; x_wconf 78' lang='grc' dir='ltr'>πάλιν</span> <span class='ocrx_word' id='word_1_792' title='bbox 1400 2627 1623 2662; x_wconf 84' lang='grc' dir='ltr'>μυσταγωγεῖται</span> <span class='ocrx_word' id='word_1_793' title='bbox 1645 2624 1712 2651; x_wconf 82' lang='grc' dir='ltr'>Θεὸν</span> <span class='ocrx_word' id='word_1_794' title='bbox 1734 2623 1893 2665; x_wconf 73' lang='grc' dir='ltr'>ἀγέννητον,</span> 
     </span>
    </p>
   </div>
   <div class='ocr_carea' id='block_1_114' title="bbox 1107 2664 1896 2703">
    <p class='ocr_par' dir='ltr' id='par_1_114' title="bbox 1107 2664 1896 2703">
     <span class='ocr_line' id='line_1_114' title="bbox 1107 2664 1896 2703; baseline -0.013 -4"><span class='ocrx_word' id='word_1_795' title='bbox 1107 2664 1233 2699; x_wconf 76' lang='grc' dir='ltr'>τουτέστι</span> <span class='ocrx_word' id='word_1_796' title='bbox 1268 2670 1334 2697; x_wconf 79' lang='grc' dir='ltr'>Θεδν</span> <span class='ocrx_word' id='word_1_797' title='bbox 1364 2670 1412 2696; x_wconf 77' lang='grc' dir='ltr'>καὶ</span> <span class='ocrx_word' id='word_1_798' title='bbox 1447 2668 1580 2703; x_wconf 85' lang='grc' dir='ltr'>Πατέρα,</span> <span class='ocrx_word' id='word_1_799' title='bbox 1614 2667 1662 2694; x_wconf 74' lang='grc' dir='ltr'>καὶ</span> <span class='ocrx_word' id='word_1_800' title='bbox 1688 2665 1813 2700; x_wconf 85' lang='grc' dir='ltr'>γαστέρα</span> <span class='ocrx_word' id='word_1_801' title='bbox 1842 2664 1896 2698; x_wconf 74' lang='grc' dir='ltr'>πρὸ</span> 
     </span>
    </p>
   </div>
   <div class='ocr_carea' id='block_1_115' title="bbox 1108 2709 1896 2753">
    <p class='ocr_par' dir='ltr' id='par_1_115' title="bbox 1108 2709 1896 2753">
     <span class='ocr_line' id='line_1_115' title="bbox 1108 2709 1896 2753; baseline -0.009 -8"><span class='ocrx_word' id='word_1_802' title='bbox 1108 2717 1260 2753; x_wconf 83' lang='grc' dir='ltr'>ἑωσφόρου,</span> <span class='ocrx_word' id='word_1_803' title='bbox 1276 2717 1322 2743; x_wconf 71' lang='grc' dir='ltr'>καὶ</span> <span class='ocrx_word' id='word_1_804' title='bbox 1337 2715 1389 2751; x_wconf 75' lang='grc' dir='ltr'><strong>πρὸ</strong></span> <span class='ocrx_word' id='word_1_805' title='bbox 1398 2715 1504 2741; x_wconf 78' lang='grc' dir='ltr'>αἰώνων</span> <span class='ocrx_word' id='word_1_806' title='bbox 1512 2714 1558 2741; x_wconf 82' lang='grc' dir='ltr'>τὸν</span> <span class='ocrx_word' id='word_1_807' title='bbox 1566 2713 1631 2740; x_wconf 79' lang='grc' dir='ltr'>Υίὸν</span> <span class='ocrx_word' id='word_1_808' title='bbox 1640 2712 1788 2747; x_wconf 82' lang='grc' dir='ltr'>γεννῶσαν,</span> <span class='ocrx_word' id='word_1_809' title='bbox 1804 2709 1896 2738; x_wconf 74' lang='grc' dir='ltr'>καθὼς</span> 
     </span>
    </p>
   </div>
   <div class='ocr_carea' id='block_1_116' title="bbox 1108 2756 1894 2797">
    <p class='ocr_par' dir='ltr' id='par_1_116' title="bbox 1108 2756 1894 2797">
     <span class='ocr_line' id='line_1_116' title="bbox 1108 2756 1894 2797; baseline -0.023 1"><span class='ocrx_word' id='word_1_810' title='bbox 1108 2765 1183 2797; x_wconf 76' lang='grc' dir='ltr'>λέγει</span> <span class='ocrx_word' id='word_1_811' title='bbox 1195 2772 1201 2780; x_wconf 84' lang='grc'><strong><em>⁸</em></strong></span> <span class='ocrx_word' id='word_1_812' title='bbox 1217 2773 1226 2788; x_wconf 72' lang='grc' dir='ltr'><strong>ί</strong></span> <span class='ocrx_word' id='word_1_813' title='bbox 1248 2763 1295 2790; x_wconf 82' lang='grc' dir='ltr'><strong>Ὲκ</strong></span> <span class='ocrx_word' id='word_1_814' title='bbox 1311 2763 1429 2797; x_wconf 78' lang='grc' dir='ltr'>γαστρὸς</span> <span class='ocrx_word' id='word_1_815' title='bbox 1444 2760 1497 2796; x_wconf 79' lang='grc' dir='ltr'>πρὸ</span> <span class='ocrx_word' id='word_1_816' title='bbox 1508 2759 1648 2795; x_wconf 81' lang='grc' dir='ltr'>ὲωσφόρου</span> <span class='ocrx_word' id='word_1_817' title='bbox 1664 2756 1818 2792; x_wconf 78' lang='grc' dir='ltr'>γεγέννηκά</span> <span class='ocrx_word' id='word_1_818' title='bbox 1830 2763 1870 2781; x_wconf 79' lang='grc' dir='ltr'>σε.</span> <span class='ocrx_word' id='word_1_819' title='bbox 1885 2764 1894 2780; x_wconf 71' lang='grc' dir='ltr'><strong>ι</strong></span> 
     </span>
    </p>
   </div>
   <div class='ocr_carea' id='block_1_117' title="bbox 1110 2799 1896 2844">
    <p class='ocr_par' dir='ltr' id='par_1_117' title="bbox 1110 2799 1896 2844">
     <span class='ocr_line' id='line_1_117' title="bbox 1110 2799 1896 2844; baseline -0.014 -6"><span class='ocrx_word' id='word_1_820' title='bbox 1110 2811 1163 2837; x_wconf 68' lang='grc' dir='ltr'><strong>Καὶ</strong></span> <span class='ocrx_word' id='word_1_821' title='bbox 1183 2809 1340 2844; x_wconf 81' lang='grc' dir='ltr'>παρακαλεῖ</span> <span class='ocrx_word' id='word_1_822' title='bbox 1362 2807 1443 2834; x_wconf 82' lang='grc' dir='ltr'>πάλιν</span> <span class='ocrx_word' id='word_1_823' title='bbox 1467 2805 1612 2833; x_wconf 84' lang='grc' dir='ltr'>τελειῶσαι</span> <span class='ocrx_word' id='word_1_824' title='bbox 1635 2805 1665 2832; x_wconf 78' lang='grc' dir='ltr'>τὸ</span> <span class='ocrx_word' id='word_1_825' title='bbox 1682 2803 1833 2839; x_wconf 73' lang='grc' dir='ltr'>μυστήριον</span> <span class='ocrx_word' id='word_1_826' title='bbox 1850 2799 1896 2828; x_wconf 82' lang='grc' dir='ltr'><strong>τοῦ</strong></span> 
     </span>
    </p>
   </div>
  </div>
