2085 3156
241 151 292 185 I37

683 157 821 189 RERUM
852 158 1090 192 ECCLESIAST.
1106 142 1420 191 ἘΟΝῘΓΕΜΡΙΑΛΤΙΟ.

1812 159 1867 192 438

244 209 306 236 fici
313 210 408 243 αὑτοῦ,
420 211 468 239 καὶ
480 212 655 249 γεννηθῆναι,
667 214 727 250 ἦτοι
745 216 963 252 μεταποιηθῆναι
976 218 1021 244 αὺ-

1078 218 1186 253 guiuem
1211 218 1313 246 Christi
1330 223 1357 246 et
1384 219 1441 251 Dei,
1468 222 1494 246 et
1513 218 1655 253 impleatur
1679 218 1731 246 hoc
1750 229 1757 246 :
1779 228 1788 244 ι
1808 217 1864 254 Ego

239 256 285 282 τὸν
301 256 347 282 τὸν
361 257 443 292 ἄρτον
465 258 514 285 καὶ
529 259 575 285 τὸν
595 257 677 293 οἶνον,
694 261 735 293 εἰς
747 262 827 296 σῶμα
841 263 889 289 καὶ
900 259 971 297 αἷμα
980 263 1027 290 τοῦ

240 300 359 336 Χριστοῦ
384 302 430 329 καὶ
449 302 528 336 Θεοῦ,
548 304 596 330 καὶ
621 304 833 342 πληρωθήσεται
852 308 901 334 τό·
920 317 930 333 ί
958 308 1029 341 Ἐγὼ

242 347 361 382 σήμερον
375 348 529 384 γεγέννηκά
537 358 577 376 σε.
594 361 604 376 ι
618 351 707 378 Ὅθεν
715 353 762 378 καὶ
776 353 807 379 τὺ
822 354 899 388 ἆγιον
916 355 1028 389 Πνεῦμα

239 394 273 427 τῇ
288 393 398 429 εὐδοκία
405 394 452 420 τοῦ
463 395 580 430 Πατρδς,
597 396 644 423 καὶ
660 397 786 433 βουλήσει
794 399 841 425 τοῦ
854 399 932 430 Υίοῦ,
947 400 1029 434 dopta-

239 447 293 470 τως
313 439 409 474 παρὸν,
433 440 607 467 ὑποδεικνύει
632 442 682 478 τὴν
705 443 781 470 Θείαν
803 444 962 478 ἐνέργειαν,
983 445 1028 471 καὶ

238 486 271 519 τῇ
293 486 366 519 χειρὶ
387 485 434 511 τοῦ
456 487 551 522 ἱερέως
569 489 775 524 ἑπισφραγίζει,
799 490 845 516 καὶ
864 491 1028 525 μεταϐάλλει

241 530 290 556 καὶ
306 530 405 557 relato?
421 532 455 558 τὰ
473 533 641 567 προκείμενα
661 534 728 568 ἅγια
743 535 818 570 δῶρα
834 537 875 567 εἰς
889 537 969 571 σῶμα
981 537 1028 563 καὶ

238 572 310 610 αἷμα
328 576 374 602 τοῦ
388 577 490 612 Κυρίρυ
512 578 589 612 ἡμῶν
610 579 697 614 Ἰησοῦ
713 581 845 615 Χριστοῦ,
866 582 913 608 τοῦ
938 582 1027 609 εἰπόν-

236 629 294 651 τος,
313 621 354 648 ὅτι
374 631 383 647 t
410 623 495 658 Ὑπὲρ
515 624 605 651 αὐτῶν
630 625 686 659 ὲγὼ
711 626 816 660 ἁγιάζω
833 627 962 662 ἐμαυτὸν,
982 628 1027 655 ἵνα

237 664 289 693 ὦσι
305 667 352 694 καὶ
372 668 450 695 αὐτοὶ
472 669 648 704 ἡγιασμένοι.
670 681 679 696 ι
697 671 813 705 "Dirces;
835 682 844 698 ι
865 672 895 699 Ὀ
912 672 1027 709 τρώγων

240 720 290 746 μου
304 713 354 747 τὴν
383 715 483 748 σάρκα,
504 716 553 742 καὶ
572 716 659 743 πίνων
680 725 730 752 μου
755 718 786 745 τὸ
810 716 889 753 αἷμα,
910 720 940 746 ἐν
966 721 1027 756 ἐμοὶ

240 758 327 791 μένει,
344 758 422 793 κάγὼ
442 761 471 786 ὲν
492 760 577 796 αὐτῷ.
595 771 605 789 ι
626 763 707 790 Ὀοεν
721 764 863 799 γενόμενοι
881 765 961 792 θείων
976 775 1027 801 μυ-

238 804 357 837 στηρίων
372 805 517 838 αὐτόπται,
537 807 584 834 καὶ
600 808 709 843 μέτοχοι
730 810 803 845 ζωῆς
816 810 962 842 ἀθανάτου,
979 812 1027 839 καὶ

237 851 362 874 κοινωνοὶ
385 849 461 882 οεὶας
494 851 613 886 φύσεως,
648 853 796 889 δοξάζομεν
828 855 858 882 τὸ
885 856 957 890 μέγα
979 857 1026 883 καὶ

236 894 432 929 ἀκατάληπτον
446 897 492 922 καὶ
509 897 714 933 ἀνεξιχνίαστον
728 901 876 936 μυστήριον
891 902 939 937 τῆς
952 904 1026 929 οἰκο-

237 941 333 973 νομίας
347 940 394 966 τοῦ
414 941 477 968 Υῑοῦ
504 943 550 969 τοῦ
570 944 638 970 Θεοῦ
653 953 659 959 “
673 945 829 978 δοξάζοντες
850 946 878 973 δὲ
899 947 1023 983 βοῶμεν’

239 991 249 1008 ί
267 984 307 1010 Τὰ
330 985 362 1011 σὰ
388 986 420 1012 ἐκ
440 987 494 1013 τῶν
512 988 566 1014 σῶν
586 997 628 1015 σοι
648 990 871 1026 προσφέροντεςδ
894 1003 902 1017 ι
926 994 959 1019 ὲκ
977 993 1025 1020 τοῦ

237 1029 363 1064 σώματος
376 1033 423 1058 καὶ
441 1034 556 1068 αἵματος
567 1036 614 1061 τοῦ
622 1036 748 1068 εἰπόντος
765 1045 772 1052 °
790 1047 799 1062 ι
822 1038 906 1065 Τοῦτο
920 1040 1024 1065 ποιεῖτε

236 1077 277 1106 εἰς
289 1077 338 1111 τὴν
352 1078 422 1113 ἐμὴν
435 1080 593 1116 ἀνάμνησιν
605 1090 612 1097 ⁶
629 1092 638 1108 ι
657 1082 670 1108 ὅ
687 1084 772 1116 ἐστιν,
783 1085 814 1109 'A
832 1085 898 1119 ἡμῖν
911 1085 954 1112 διὰ
969 1085 1024 1113 τῶν

235 1121 322 1154 ἁγίων
333 1131 380 1149 σου
397 1124 553 1152 ἀποστόλων
562 1126 734 1162 παρέδωκας,
751 1129 837 1156 ταῦτά
853 1137 893 1156 σοι
906 1129 1026 1164 προσφέ-

237 1175 321 1202 ρομεν
328 1168 372 1195 διὰ
387 1170 436 1205 τὴν
452 1171 532 1206 ἡμῶν
547 1170 696 1208 σωτηρίαν.
712 1173 740 1200 '0
751 1174 814 1206 λαός
825 1183 832 1190 ·
850 1183 859 1200 ί
875 1176 908 1201 Σὲ
923 1175 1023 1210 ὑμνοῦ-

237 1222 296 1248 μεν,
316 1214 362 1241 τὸν
379 1215 446 1242 Θεὸν
456 1217 502 1243 καὶ
517 1218 638 1253 Πατέρα.
659 1219 693 1246 Σὲ
710 1219 887 1255 εὐλογοῦμεν,
898 1221 943 1247 τὸν
959 1221 1024 1248 Υεὸν

234 1260 281 1285 καὶ
298 1260 384 1294 Λόγον
396 1269 402 1276 ·
420 1263 461 1288 σοὶ
478 1263 695 1300 εὐχαριστοῦμεν
708 1265 748 1300 τῷ
766 1266 835 1301 ἁγίῳ
861 1266 1001 1301 Πνεύματι
1014 1275 1021 1282 ·

234 1304 321 1339 Κύριε
333 1307 347 1332 ό
365 1306 531 1342 Θεὸςήμῶν,
549 1309 634 1344 Τριὰς
646 1312 675 1337 ἐν
693 1312 798 1345 μονάδι.
823 1313 870 1338 καὶ
888 1314 971 1347 μονὰς
993 1313 1022 1338 ἐν

234 1350 339 1384 Τριάδι,
356 1360 366 1377 ›
379 1353 506 1386 όμοούσιε
522 1356 568 1381 καὶ
586 1356 733 1391 ἀδιαίρετε,
758 1358 907 1392 παράδοξον
925 1358 1023 1393 ἔχουσα

233 1396 279 1422 καὶ
300 1396 349 1432 τὴν
373 1397 505 1433 διαίρεσιν
531 1401 586 1427 τῶν
611 1402 778 1437 προσώπων,
798 1404 846 1430 καὶ.
861 1404 911 1439 τὴν
927 1404 1023 1430 ἕνωσιν

232 1441 282 1476 τῆς
307 1443 371 1476 μιᾶς
388 1444 496 1477 φύσεως
514 1447 563 1481 τῆς
585 1447 726 1483 θεότητοςί
746 1449 800 1475 Καὶ
820 1449 873 1483 γὰρ
886 1449 916 1475 τὸ
931 1451 1024 1476 ἐπικε-

232 1487 357 1520 κυφότως
382 1491 470 1516 ποιεῖν
487 1491 534 1518 τὸν
551 1492 627 1527 ἱερέα
644 1493 695 1527 τὴν
717 1494 791 1520 θείαν
816 1495 1021 1529 μυσταγωγίαν,

219 1533 359 1566 ⁴ιμερσίνει
392 1535 422 1560 τὸ
454 1536 594 1564 συλλαλεῖν
627 1539 751 1572 ἀοράτως
786 1539 824 1574 τῷ
852 1541 924 1574 μόνῳ
951 1540 1019 1574 Θεῷ.

232 1576 313 1603 Ὅθεν
324 1579 371 1605 καὶ
391 1579 439 1615 τὴν
455 1580 532 1608 Θείαν
556 1584 745 1617 φωτοφάνειαν
761 1586 822 1620 ὁρᾷ,
842 1586 889 1611 καὶ
902 1586 934 1620 τῇ
949 1585 1022 1620 λαμ.-

230 1623 345 1658 πρότητι
363 1627 411 1660 τῆς
425 1626 504 1662 δόξης
526 1628 572 1654 τοῦ
586 1629 734 1663 προσώπου
748 1630 794 1656 τοῦ
810 1630 874 1656 Υίοῦ
892 1630 938 1662 τοῦ
952 1630 1019 1657 Θεοῦ

230 1667 454 1704 ὲμφαιδρύνεται,
472 1673 519 1699 καὶ
533 1673 690 1702 ὑποστέλλει
703 1677 799 1703 ἑαυτὸν
816 1676 855 1712 τῷ
877 1678 950 1713 φόὸῳ
974 1677 1020 1703 καὶ

230 1715 263 1748 τῇ
280 1715 365 1742 αὲδυί·
383 1718 473 1750 καθὼς
487 1720 589 1755 Μωσῆς
610 1721 654 1754 ὅτε
672 1719 726 1748 εἶδε
748 1722 793 1748 τὸν
813 1723 880 1750 Θεὸν
903 1724 932 1750 ὲν
955 1723 1021 1750 εἴδει

1079 264 1161 291 hodie
1175 265 1254 299 genui
1274 269 1300 292 te
1314 265 1346 292 ⁷¹.
1373 274 1382 290 ι
1400 265 1476 292 Unde
1490 270 1517 292 et
1536 269 1648 293 sanctus
1663 265 1795 301 Spiritus,
1817 265 1865 292 be-

1079 309 1212 344 neplacito
1228 309 1319 337 Patris
1333 315 1361 337 et
1375 310 1515 337 voluntate
1531 309 1590 337 Filii
1609 310 1782 338 invisibiliter
1797 318 1867 344 prae-

1079 362 1154 386 sens,
1169 354 1358 381 submonstrat
1374 355 1493 382 divinam
1515 355 1726 388 coniectionem,
1741 360 1768 383 et
1782 363 1865 382 manu

1078 401 1228 436 sacerdotis
1247 401 1386 435 obsignat,
1401 406 1427 428 et
1443 406 1618 434 transmutat,
1630 407 1657 429 et
1673 402 1785 430 coniicit
1802 410 1866 437 prn-

1079 446 1169 479 posita
1185 450 1279 472 sancta
1295 447 1368 473 dona
1382 446 1408 473 in
1426 454 1526 480 corpus
1541 451 1568 473 et
1582 447 1741 482 sanguinem
1758 448 1864 474 Domini

1079 492 1166 518 nostri
1186 491 1248 519 Jesu
1267 491 1366 520 Christi
1382 492 1430 527 qui
1444 492 1513 519 dixit
1530 501 1535 518 :
1555 502 1564 518 ε
1585 493 1637 520 Pro
1653 493 1720 527 ipsis
1734 501 1784 528 ego
1799 500 1864 520 san-

1079 537 1169 564 ctiiico
1192 537 1336 572 nteipsum,
1359 543 1389 565 ut
1418 537 1475 566 sint
1497 543 1524 565 et
1551 538 1602 572 ipsi
1622 539 1782 566 sanctiﬁcati
1797 539 1830 566 7'.
1850 548 1860 565 ι

1077 582 1137 614 Quo
1155 582 1253 616 pacto?
1266 592 1275 608 ‹
1295 582 1346 615 Qui
1360 583 1417 610 edit
1430 591 1517 611 meam
1532 591 1642 612 carnem
1653 590 1680 611 et
1695 584 1762 611 hihit
1773 591 1862 610 meum

1077 627 1251 662 sanguinem,
1268 628 1294 655 in
1313 636 1356 655 me
1371 634 1474 661 tnauet,
1494 634 1522 657 et
1535 637 1586 665 ego
1611 630 1638 657 in
1662 637 1696 657 eo
1706 630 1739 656 ’³.
1759 639 1771 656 ι
1787 629 1864 657 Unde

1078 678 1128 698 nos
1146 672 1194 706 qui
1217 672 1374 699 divinorum
1393 674 1587 709 mysteriorum
1614 682 1711 701 sumus
1726 674 1863 709 inspecto-

1076 723 1131 748 res,
1147 721 1175 744 et
1199 718 1346 753 participes
1368 719 1531 746 immortalis
1553 719 1625 751 vitae,
1652 723 1679 746 et
1695 719 1795 746 divinat
1812 727 1863 746 ηε-

1077 767 1145 790 tura:
1169 764 1363 792 communione
1388 764 1494 794 donati.
1509 765 1695 799 gloriﬁcamus
1721 772 1862 800 magnum,

1076 807 1354 842 ineompreheusibile
1376 815 1403 837 et
1419 810 1609 845 investigabile
1630 811 1790 845 mysterium
1805 810 1862 838 dis-

1078 854 1248 886 pensationis
1265 855 1326 882 Filii
1348 855 1394 882 Dei
1409 864 1416 882 :
1434 855 1672 890 gloriﬁcantesque
1689 857 1840 884 clamamus
1853 865 1867 883 :.

1042 895 1063 923 Β
1081 908 1089 924 ι
1108 899 1166 926 Tua
1186 901 1219 927 de
1238 901 1292 928 tuis
1307 901 1355 928 tibi
1370 901 1530 935 offerentes;
1551 911 1560 927 ι
1587 902 1621 929 de
1638 906 1690 931 tuo
1708 910 1822 936 corpore
1835 908 1862 929 et
1901 931 1905 933 _

1076 946 1219 979 sanguine,
1235 947 1281 981 qui
1297 947 1391 974 dixisti
1407 955 1414 974 :
1431 956 1440 973 ι
1463 947 1519 974 Iloc
1534 947 1614 975 facite
1630 948 1655 975 in
1677 955 1765 975 meam
1784 955 1862 975 com-

1077 993 1320 1025 memorationem;
1337 1002 1345 1018 ι
1362 994 1435 1027 quod
1448 998 1499 1026 est,
1516 1001 1577 1028 quae
1594 994 1674 1022 nobis
1689 1002 1736 1028 per
1751 999 1861 1022 sanctos

1075 1041 1137 1064 tuos
1150 1039 1289 1071 apostolos
1305 1039 1452 1070 tradidisti,
1469 1047 1500 1066 ea
1517 1040 1565 1066 tibi
1581 1039 1730 1070 otl‘erimns,
1752 1045 1860 1074 propter

1075 1087 1197 1109 nostram
1221 1083 1348 1110 salutem.
1369 1083 1510 1118 Populus:
1531 1093 1540 1109 ι
1563 1084 1602 1111 Te
1619 1084 1726 1120 hymnis
1740 1085 1862 1111 celebra-

1074 1135 1138 1155 mus
1167 1128 1250 1156 Denm
1267 1135 1294 1156 et
1310 1130 1418 1157 Patrem
1443 1139 1450 1157 :
1469 1130 1518 1158 tibi
1538 1131 1726 1158 benedicimus
1746 1131 1814 1158 Filio
1826 1135 1860 1157 -ειι

1075 1173 1165 1201 Verbo
1188 1184 1194 1201 :
1224 1175 1271 1202 tibi
1290 1176 1391 1210 gratias
1409 1176 1516 1210 agimus
1540 1182 1636 1205 sancto
1654 1177 1779 1211 Spiritui,
1806 1177 1860 1203 Do-

1073 1220 1146 1246 mine
1165 1220 1235 1247 Deus
1252 1225 1355 1252 noster,
1372 1220 1492 1248 Trinitas
1508 1221 1534 1248 iu
1548 1222 1662 1254 unitate,
1681 1227 1707 1249 et
1724 1223 1814 1249 unitas
1832 1223 1859 1249 in

1073 1264 1216 1298 Trinitatr,
1239 1275 1248 1291 ι
1265 1266 1508 1294 consubstantialis
1530 1272 1558 1295 et
1573 1268 1725 1300 individua,
1740 1268 1859 1294 adrnira-

1073 1309 1164 1336 bilitcr
1192 1309 1294 1339 habens
1327 1314 1355 1337 ct
1382 1311 1584 1339 distinctionem
1613 1319 1805 1347 personarum,
1833 1317 1859 1340 et

1074 1356 1203 1382 unionem
1223 1356 1303 1383 unius
1329 1361 1433 1383 natura:
1448 1357 1568 1385 deitatis.
1587 1358 1690 1385 Etenim
1707 1360 1778 1394 quod
1797 1367 1855 1394 pro-

1074 1408 1126 1428 nus
1138 1401 1266 1429 saCerdos
1278 1402 1397 1429 divinam
1415 1404 1608 1438 mystagogiam
1626 1403 1718 1436 faciat,
1731 1404 1756 1431 id
1770 1405 1859 1432 decla-

1074 1452 1115 1474 rat
1130 1455 1193 1474 eum
1211 1447 1386 1475 invisibiliter
1406 1456 1469 1476 cum
1483 1449 1540 1476 solo
1556 1450 1610 1477 Deo
1633 1451 1763 1486 colloqui.
1784 1450 1860 1478 Unde

1073 1496 1099 1518 et
1115 1492 1233 1518 divinam
1252 1492 1320 1519 lucis
1343 1494 1538 1527 apparitionem
1552 1495 1650 1526 cernit,
1677 1500 1703 1522 et
1721 1496 1753 1523 ad
1766 1497 1859 1530 splen-

1074 1536 1167 1563 dorem
1186 1537 1279 1571 glorim
1294 1543 1459 1572 conspectus
1477 1538 1539 1566 Filii
1557 1541 1603 1567 Dei
1628 1542 1811 1574 exhilarescit,
1833 1549 1859 1570 ct
1895 1546 1901 1551 '

1073 1589 1102 1608 se
1117 1583 1255 1609 subtrahit
1270 1584 1367 1612 timore
1391 1590 1418 1612 et
1432 1587 1604 1619 verecundia,
1630 1588 1858 1624 quemadmodum

1073 1628 1179 1664 Moyses
1191 1637 1250 1656 cum
1264 1630 1348 1657 Deum
1366 1631 1431 1659 vidit
1446 1632 1472 1659 in
1491 1637 1583 1660 monte
1596 1634 1666 1668 ignis
1678 1635 1777 1669 specie,
1791 1643 1858 1670 per-

1073 1675 1237 1704 terrefartus
1263 1678 1378 1704 recessit
1399 1682 1427 1705 et
1452 1679 1599 1707 occultavit
1623 1680 1720 1708 faciem
1746 1689 1823 1708 suam
1848 1689 1855 1708 :

1073 1721 1248 1748 reverebatur
1260 1723 1332 1748 enirn
1351 1723 1490 1757 percipere
1504 1732 1518 1751 a
1535 1725 1620 1759 gloria
1636 1725 1682 1753 Dei
1699 1726 1806 1754 facient.

229 1763 315 1797 πυρὸς
332 1765 360 1791 ὲν
375 1766 414 1801 τῷ
448 1767 507 1802 ὕρει
522 1788 529 1799 ,
561 1768 693 1804 ἔντρομος
713 1770 877 1805 γενόμενος,
905 1770 1055 1805 ἀνέστρεψε
1075 1769 1122 1796 καὶ
1137 1769 1254 1804 ἐκάλυψε
1275 1769 1306 1796 τὸ
1334 1771 1480 1806 πρόσωπον
1507 1773 1605 1800 αὑτοῦ·
1636 1775 1776 1802 εὐλαῦεῐτο
1802 1776 1857 1811 γὰρ

230 1810 398 1844 κατανοῆσαι
426 1812 481 1839 ἀπὸ
510 1814 560 1847 τῆς
592 1814 673 1850 δόξης
705 1815 752 1842 τοῦ
789 1816 857 1843 Θεοῦ
891 1816 921 1843 τὸ
956 1816 1112 1851 πρόσωπον-

267 1866 277 1881 ι
304 1857 467 1893 Ἑξαιρέτως
492 1861 543 1895 τῆς
574 1862 724 1895 παναγίας,
746 1863 894 1898 ἁχρὰντου.
922 1873 930 1889 ι
962 1863 1022 1899 Χρὴ

227 1903 302 1937 ἡμᾶς
312 1903 364 1938 τὴν
378 1905 481 1939 Κυρίαν
492 1905 540 1932 τοῦ
551 1907 651 1939 παντὸς
666 1909 798 1941 ἐπαινεῖν,
811 1909 858 1935 καὶ
872 1909 913 1941 τὸ,
922 1910 1019 1944 Χαῖρε,

228 1948 276 1974 τοῦ
300 1949 420 1982 ἀγγέλου
450 1952 594 1985 ὲκφωνεῖν.
614 1962 623 1978 ‹
642 1953 682 1979 Τὰ
699 1953 734 1979 σὰ
750 1955 782 1980 ὲκ
799 1954 854 1980 τῶν
871 1954 934 1980 σῶν.
956 1964 965 1980 ι
992 1955 1020 1981 '0

228 1994 296 2024 Geo;
309 1995 371 2021 κατ’
387 1996 479 2023 εἰκόνα
498 1997 581 2024 αὑτοῦ
602 1998 719 2026 ἔπλασεν
737 2000 821 2034 ἡμᾶς.
841 2000 854 2026 ὃ
872 2000 930 2026 ἐστι
949 2001 1018 2027 κατὰ

227 2039 259 2065 τὸ
269 2039 343 2066 ὅσιον
367 2041 414 2066 καὶ
437 2041 542 2069 δίκαιον
562 2043 608 2070 καὶ
624 2043 754 2071 δυνατόν·
779 2045 953 2080 παραϐάντες
976 2046 1016 2078 δὲ,

227 2083 317 2110 δοῦλοι
343 2086 496 2121 γεγόναμεν
533 2088 644 2124 Φαραὼ,
662 2090 709 2116 τοῦ
738 2090 837 2126 πικροῦ
872 2091 1014 2118 δεσπότου.

234 2128 337 2156 Ἐλθὼν
360 2128 406 2156 οὖν
431 2132 446 2157 ό
464 2132 567 2168 Κύριος
587 2134 666 2168 ἡμῶν
688 2135 792 2169 Ἰησοῦς
813 2136 940 2170 Χριστὸς,
971 2136 1014 2168 ἐξ·

227 2175 364 2210 ητόρασεν
377 2177 451 2212 ἡμᾶς
467 2178 523 2212 ἰδίῳ
544 2179 652 2214 αἵματι,
678 2181 724 2207 καὶ
739 2181 863 2207 ἐνέδυσεν
877 2182 952 2216 ἡμᾶς
971 2182 1015 2208 τὸν

227 2221 287 2247 νέον
301 2221 444 2257 ἄνθρωπον
454 2231 460 2237 ·
469 2224 522 2264 ,καὶ
540 2226 570 2251 τὺ
584 2226 674 2260 τίμιον
689 2226 773 2253 αὑτοῦ
788 2227 869 2261 σῶμα
883 2227 930 2253 καὶ
945 2225 1015 2263 αἷμα

1111 1871 1119 1887 ι
1138 1861 1277 1897 Ρντιεςὶρυε
1293 1864 1476 1892 sanctissimae
1487 1885 1494 1896 .
1513 1866 1706 1895 immaculatw.
1721 1877 1729 1894 ι
1744 1868 1856 1904 Oportet

1071 1911 1100 1934 ut
1115 1915 1165 1934 nos
1179 1907 1321 1936 Dominam
1336 1909 1418 1944 hujus
1434 1911 1554 1939 universi
1570 1912 1725 1946 laudemus,
1739 1919 1767 1942 et
1782 1916 1854 1942 illam

1069 1953 1158 1989 angeli
1182 1954 1374 1982 salutationem
1399 1957 1585 1986 enuntiemus.
1606 1968 1615 1984 ι
1635 1959 1691 1987 Tua
1708 1968 1740 1988 ex
1758 1963 1821 1989 tuis.
1844 1972 1853 1988 ι

1068 1988 1142 2024 Deus
1164 1999 1315 2034 secundum
1347 2000 1493 2035 imaginem
1515 2009 1592 2029 suam
1620 2003 1748 2032 formavit
1777 2015 1827 2034 nos
1847 2016 1853 2033 :

1067 2044 1138 2077 quod
1158 2047 1209 2074 est,
1227 2045 1376 2072 secundum
1399 2047 1582 2080 sanctitatem,
1608 2050 1741 2084 justitiam
1764 2056 1790 2078 et
1807 2060 1856 2087 po-

1068 2092 1210 2116 testatem:
1229 2097 1278 2117 nos
1304 2098 1369 2118 vero
1385 2094 1561 2128 transgressi,
1579 2096 1648 2122 servi
1668 2096 1731 2124 facti
1760 2105 1856 2125 sumus

1066 2132 1228 2166 Pharaonis,
1253 2136 1344 2169 asperi
1369 2137 1438 2164 heri.
1459 2137 1576 2167 Veniens
1605 2141 1697 2176 itaque
1725 2142 1856 2172 Dominus

1066 2184 1159 2207 noster
1168 2179 1246 2208 Jesus
1256 2181 1382 2210 Christus
1399 2184 1513 2211 redemit
1527 2193 1576 2213 nos
1591 2188 1700 2222 proprio
1711 2191 1853 2225 sanguine.

1065 2229 1092 2252 et
1119 2226 1207 2253 induit
1222 2234 1272 2254 nos
1299 2235 1369 2255 nevo
1397 2229 1518 2262 homine,
1544 2239 1576 2258 ac
1605 2233 1755 2268 pretiosum
1773 2245 1852 2264 suout

227 2266 295 2299 ἡμῖν
310 2267 437 2301 δέδωκεν,
451 2269 537 2296 εἰπών
549 2278 555 2284 ·
578 2280 588 2296 ‹
606 2271 691 2298 Τοῦτο
704 2273 806 2298 ποιεῖτε
826 2273 865 2304 είς
877 2273 926 2308 τὴν
944 2273 1014 2308 ἐμὴν

1071 2278 1166 2306 corpus
1181 2277 1207 2299 et
1226 2274 1386 2308 sanguinem
1405 2276 1484 2304 nobis
1497 2277 1580 2310 dedit,
1599 2266 1725 2314 inquiens
1742 2290 1749 2308 :
1769 2291 1778 2307 ι
1797 2283 1854 2309 lloe

227 2311 409 2352 ἀνάμνησιν.»
429 2314 525 2349 Ἡμεῖς
540 2315 568 2342 δὲ
588 2317 761 2352 μεμνημένοι
777 2318 826 2352 τῆς
845 2318 929 2353 αὐτῆς
943 2319 1017 2345 ἐντο-

226 2349 286 2388 λῆς,
299 2357 332 2383 τὰ
347 2358 482 2387 ἀντίτυπα
496 2349 701 2397 προσφέρομεν,
726 2349 851 2397 λέγοντες
863 2371 870 2378 ·
894 2349 964 2390 «alii
981 2364 1016 2391 σὰ

226 2401 260 2426 ὲκ
281 2402 335 2428 τῶν
350 2403 405 2429 σῶν
427 2413 478 2437 σοι¹
504 2415 514 2431 ι
531 2406 578 2433 καὶ
593 2407 627 2433 τὰ
641 2407 715 2443 ἑξῆς,
732 2408 846 2443 νοητῶς,
866 2409 880 2435 ὃ
903 2409 961 2436 ἐστι
986 2410 1016 2436 τὺ

227 2447 383 2482 ἀρχέτυπον
415 2451 494 2486 ἡμῶν
521 2452 641 2488 ἀξίωμα,
667 2454 768 2490 δηλαδὴ
784 2455 813 2482 τὺ
832 2457 892 2483 κατ’
912 2457 1014 2489 εἰκόνα,

225 2492 240 2518 ὃ
257 2494 316 2519 ἐστι
340 2494 371 2521 τὸ
384 2495 497 2527 δίκαιον.
511 2498 542 2523 τὸ
561 2498 643 2531 ὅσιον,
658 2500 705 2525 καὶ
720 2500 750 2525 τὸ
764 2501 886 2528 δυνατόν.
903 2502 1015 2528 Δίκαιον

227 2537 289 2571 μὲν,
305 2540 372 2573 μήτε
390 2540 554 2575 ἀδικεῖσθαι,
572 2543 642 2578 μήτε
663 2545 785 2571 ἀδικεῖν·
805 2547 878 2572 ὅσιον
898 2546 937 2578 δὲ,
960 2547 1015 2573 τῶν

225 2582 412 2618 ἀδικουμένων
444 2587 599 2622 ἀνέχεσθαι,
621 2590 668 2615 καὶ
696 2593 850 2626 συγχωρεῖν
874 2594 930 2624 τοῖς
956 2593 1014 2619 ἁδι-

227 2628 321 2660 κοῦσι,
356 2631 456 2663 μᾶλλον
481 2632 510 2658 Et
535 2634 583 2660 καὶ
609 2635 762 2669 εὐεργετεῖν
792 2637 901 2669 αὐτούς.
936 2639 1014 2666 Κατὰ

226 2674 318 2700 πάντα
336 2675 363 2702 δὲ
375 2676 416 2703 δεῖ
432 2678 527 2712 ὑμνεῖν
538 2679 631 2712 αὐτὸν,
646 2680 683 2712 ὡς
702 2681 769 2709 Θεὸν
782 2683 831 2709 καὶ
847 2683 949 2720 Κύριον
966 2685 1012 2711 τοῦ

227 2720 337 2752 παντός.

271 2852 294 2868 ⁷¹
314 2851 387 2882 Psal.
406 2863 436 2889 ιι,
454 2855 479 2882 7.
518 2857 539 2872 "
554 2857 631 2884 Joan.
651 2864 715 2890 xm,
740 2859 779 2886 l9.

1069 2316 1149 2345 facile
1166 2319 1192 2345 in
1211 2319 1262 2346 mei
1282 2321 1508 2349 recordationem.
1526 2332 1536 2349 ι
1555 2324 1612 2351 Nos
1630 2325 1701 2352 enim
1718 2334 1854 2355 memores

1067 2362 1126 2396 ejus
1140 2364 1271 2396 mandati,
1290 2365 1412 2400 antitypa
1431 2367 1468 2402 (id
1488 2373 1539 2400 est,
1554 2370 1744 2406 conﬁguralia)
1762 2372 1854 2400 on‘eri-

1067 2417 1140 2441 mus,
1155 2410 1311 2444 inquientes
1326 2420 1332 2438 :
1346 2421 1355 2437 ι
1371 2411 1428 2439 Tua
1441 2420 1474 2440 ex
1489 2415 1543 2442 tuis
1559 2415 1619 2448 tibi,
1634 2425 1642 2441 ι
1663 2423 1728 2449 etc...
1743 2418 1853 2452 spirita-

1066 2456 1139 2489 liter,
1154 2466 1215 2492 quae
1228 2462 1270 2486 est
1285 2459 1445 2495 primigenia
1458 2467 1552 2489 nostra
1568 2463 1686 2498 dignitas
1699 2473 1705 2491 :
1722 2465 1852 2501 nimirum

1066 2503 1139 2536 quod
1158 2511 1190 2530 ex
1211 2503 1328 2539 imagine
1343 2504 1390 2532 Dei
1408 2506 1541 2534 habemus
1554 2508 1699 2543 justitiam,
1721 2513 1852 2539 sanctita-

1066 2553 1130 2582 tem,
1156 2554 1328 2584 potestatem.
1360 2551 1512 2586 Justitiam,
1542 2560 1568 2582 ut
1599 2563 1688 2590 neque
1705 2558 1851 2591 patiamur,

1065 2601 1154 2628 neque
1174 2594 1307 2623 faciamus
1330 2597 1482 2629 lnjuriam:
1510 2601 1694 2633 sanctitatem,
1726 2607 1756 2628 ut
1782 2603 1853 2637 inju-

1065 2641 1133 2666 riam
1153 2640 1300 2679 inferentes
1328 2644 1522 2678 perpetiamur,
1540 2651 1567 2673 et
1586 2647 1695 2682 injuriis
1709 2649 1850 2682 eedanms,

1065 2686 1108 2712 vel
1126 2687 1218 2721 potius
1235 2687 1268 2715 iis
1281 2689 1497 2718 benefaciamus.
1512 2692 1645 2721 Omnibus
1660 2699 1750 2721 autem
1769 2696 1794 2722 in
1809 2704 1852 2723 re-

1060 2731 1127 2763 uns,
1144 2732 1170 2758 in
1189 2731 1297 2767 hymnis
1317 2734 1497 2764 celebrandus
1515 2742 1557 2765 est
1574 2742 1602 2765 ut
1619 2738 1689 2766 Deus
1714 2743 1740 2766 et
1759 2739 1850 2768 Domi-

1066 2784 1117 2803 nus
1134 2777 1213 2812 hujus
1230 2779 1428 2809 univcrsitatis.

832 2859 853 2874 "
867 2857 945 2888 Joan.
965 2869 1000 2894 rt,
1019 2861 1064 2889 57.
