2085 3156
228 153 283 186 Ιι39

764 154 795 185 s.
817 139 997 186 Genium
1019 156 1276 187 PATRIARCIL’E
1292 157 1346 187 cr.

1816 158 1870 191 440

265 213 415 249 Signantur
429 216 520 240 autem
535 212 627 240 divina
641 212 724 246 dona,
737 217 768 240 ut
783 213 917 241 adventus
929 218 956 242 et
970 213 1027 249 glo-

1115 215 1152 241 Τδ
1167 215 1194 241 δὲ
1211 214 1405 251 σφραγίσαιτὲι
1419 214 1478 241 θεία
1492 213 1577 250 δῶρα,
1595 213 1640 240 ἵνα
1651 215 1683 249 τῇ
1698 215 1870 250 ἐπιφοιτήσει

228 260 305 287 riosa
321 259 409 287 sancti
421 258 541 294 Spiritus
551 260 697 294 praesentia
711 265 878 288 transmutet
889 265 915 288 et
932 261 1025 294 faciat,

228 314 261 333 ea
283 313 353 340 pane
369 306 489 340 quidem,
518 307 606 341 ipsum
623 306 772 341 pretiosum
797 314 898 342 corpus
917 306 1026 339 Domini

229 352 318 378 nostri
333 352 399 379 .lesu
413 351 526 385 Christi,
540 360 573 379 ex
589 360 621 379 eo
637 357 728 380 autem
742 353 815 387 quod
829 358 871 381 est
886 353 912 380 in
929 353 1024 387 calice,
1054 349 1060 356 ’

230 398 321 431 ipsum
340 396 493 433 pretiosum
523 398 685 433 sanguinem
703 399 794 433 magni
813 398 859 426 Dei
880 403 908 426 et
926 399 1026 427 Serva-

232 445 300 472 toris
317 446 402 472 nostri
419 445 482 472 Jesu
499 444 613 477 Christi,
629 444 675 479 qni
691 444 795 472 effusus
812 450 852 473 est
866 453 915 479 pro
930 445 1025 473 mundi

231 493 285 518 vita
300 496 328 518 et
347 491 436 520 salute
452 500 458 518 :
473 495 502 518 et
518 496 547 518 ut
567 491 796 525 participantibus
815 499 848 518 ex
864 498 908 524 eo,
934 491 980 518 flat
998 491 1025 519 in

231 537 420 564 remissionem
433 541 609 572 peccatorum
622 540 649 564 et
666 536 748 564 vitam
764 542 906 564 aeternam.

271 636 280 652 ι
300 625 358 654 Hoc
374 631 464 654 autem
482 627 629 662 praecipue.
654 637 662 653 ι
684 627 710 654 ld
729 632 781 658 est,
806 634 821 654 0
836 626 922 654 Mater
938 631 1024 659 casta,

233 673 337 700 lumine
354 677 479 700 carentes
503 678 582 709 typos
600 677 627 701 et
643 674 796 708 praeteritas
814 673 926 700 umbras
945 672 1026 700 Verbi

233 720 461 754 contemplantes,
488 727 605 754 qumque
622 720 649 746 in
665 720 705 747 eis
727 724 802 750 sunt,
822 719 943 746 occlusis
960 719 1027 746 fori-

235 766 295 797 bus,
325 766 416 792 lumen
440 766 562 793 veritatis
587 766 725 801 refulgens
755 765 950 801 glorificamus,
981 769 1027 793 tuo

233 820 299 840 \ero
317 816 394 840 utero
414 813 496 848 digne
518 812 715 840 benedicimus.
738 821 747 838 ι
767 812 799 839 Ει
814 819 865 846 pro
882 812 1027 839 universo-

234 867 295 885 rum
312 859 535 893 cogitationibus.
553 868 561 882 ι
580 858 702 893 Populus
723 867 729 884 :
749 867 758 882 ι
778 858 810 884 Et
826 859 948 885 omnium
964 858 1026 884 uni-

234 912 390 931 \'ersorum.
409 914 418 930 ι
434 904 514 931 Jubet
540 904 671 931 sacerdos
687 904 818 939 populum
836 903 971 930 recordari
988 903 1029 930 in-
1045 899 1064 926 Β

235 955 374 978 ternarum
408 951 510 977 irarum
547 955 669 985 tempore
700 950 799 977 dirinm
828 949 1026 985 mystagogim.

233 1004 335 1031 easque
351 997 470 1030 abjieere
495 997 529 1024 ab
544 997 672 1025 omnibus
690 1002 716 1024 ct
732 997 866 1024 universis
893 996 939 1032 qui
965 996 1028 1024 odio

233 1050 284 1068 nos
302 1047 516 1076 persequuntur.

268 1086 311 1114 Fit
325 1092 414 1114 autetn
433 1091 460 1114 ct
476 1088 607 1115 memoria
623 1088 695 1122 apud
715 1087 798 1115 Deum
819 1096 866 1122 pro
879 1088 1026 1120 defunctis,

231 1133 419 1166 ct-spiritibus
435 1137 462 1160 et
481 1133 555 1161 omni
577 1141 671 1167 carne,
695 1137 724 1160 ut
741 1134 787 1168 qui
807 1139 977 1160 mortuorum
1002 1139 1029 1160 et

232 1181 382 1207 viventium
399 1185 563 1214 potestatem
587 1181 694 1213 haheat,
716 1186 743 1208 et
759 1182 916 1209 dominetur
932 1190 1028 1216 super-

231 1227 391 1253 cmlestibus
410 1231 436 1253 et
460 1227 577 1254 terrattis
592 1232 619 1254 et
636 1227 841 1261 subterraneis;
865 1232 891 1255 et
912 1233 940 1254 ut
955 1227 1028 1263 Rege

231 1273 341 1299 Christo
358 1278 502 1307 praesente.
519 1276 546 1300 ct
562 1278 592 1300 ut
614 1268 709 1300 sancto
734 1273 837 1308 Spiritu
864 1282 960 1301 omnes
982 1274 1028 1301 ad-

233 1319 360 1346 hortante
375 1320 497 1347 viventes
514 1325 594 1355 atque
610 1321 663 1347 vita
683 1320 790 1348 functos
802 1321 838 1348 ad
852 1322 906 1348 illic
923 1329 1026 1348 moram

232 1367 405 1400 trahendam,
435 1372 462 1394 et
489 1368 717 1402 requiescendum
749 1368 774 1394 in
797 1367 905 1394 Domini
931 1373 957 1395 et
980 1368 1025 1396 Dei

234 1413 320 1439 nostri
334 1411 399 1440 Jesu
418 1412 520 1440 Christi
545 1421 702 1445 occursum,
722 1418 750 1440 ut
779 1418 978 1448 religi-egeritur
1002 1419 1028 1442 et

233 1464 425 1495 praeoccupent
440 1461 537 1490 faciem
554 1461 624 1495 ejus,
650 1465 677 1488 et
702 1461 815 1488 audiant
841 1469 922 1489 voces
939 1462 1028 1490 laudis

232 1507 310 1540 ejus;
329 1512 357 1534 ut
372 1508 500 1535 omnibus
515 1515 576 1542 quze
591 1513 670 1535 erant
694 1508 722 1534 in
749 1508 864 1535 infernis
882 1508 1027 1535 animabus

233 1554 332 1586 solutis
355 1563 369 1583 a
392 1555 510 1582 vinculis
533 1563 580 1590 per
609 1559 723 1581 mortem
746 1559 772 1581 et
796 1555 1025 1581 reSurn-ctionem
1042 1572 1063 1600 ο

234 1601 346 1628 tlhristi.
372 1601 432 1635 lpse
453 1602 525 1628 enim
547 1601 684 1628 excitatus
700 1605 742 1628 est
755 1608 769 1627 a
786 1601 914 1631 mortuis.
932 1600 1028 1635 primi-

234 1648 278 1674 tizc
295 1653 322 1674 et
342 1648 540 1682 primogenitus
559 1647 649 1674 factus
666 1646 872 1678 dormientium,
888 1651 916 1673 et
937 1646 1029 1673 omni-

233 1694 285 1720 lms
302 1694 372 1729 riam
390 1694 513 1728 aperiens
531 1693 741 1720 reSIxrreclionis
753 1700 767 1719 a
784 1692 909 1723 mortuis.
926 1692 960 1719 ad
979 1692 1030 1718 im-

235 1739 378 1766 mortalem
401 1744 428 1766 et
453 1739 560 1766 beatam
580 1739 663 1766 vitam
688 1737 848 1766 refocillans
873 1745 921 1765 eos
934 1737 980 1772 qui
1000 1737 1028 1764 in

237 1794 285 1821 spe
310 1787 521 1813 resurrectionis
548 1785 608 1820 ejus
628 1785 810 1813 dormierunt.
837 1784 1029 1812 Convocantur

236 1837 326 1859 autent
343 1840 439 1859 omnes
459 1840 554 1859 eorum
572 1831 669 1858 animae
685 1839 747 1858 cum
769 1830 910 1865 praphetis
924 1834 949 1857 et
964 1837 1030 1864 apo-

236 1877 313 1904 stolis
329 1881 355 1903 ct
371 1876 548 1913 martyribus,
566 1879 596 1903 ut
610 1883 664 1903 una
679 1875 869 1910 ingrediantur
881 1879 908 1901 et
920 1881 1029 1901 recum-

236 1923 302 1948 baut
317 1930 379 1948 eum
407 1922 545 1948 Abraham
570 1925 596 1948 et
619 1921 695 1949 Isaae
710 1925 736 1947 et
755 1919 839 1947 Jacob
861 1919 888 1946 in
916 1918 1029 1954 mystica

236 1975 330 1994 mensa
345 1967 420 2002 regni
436 1966 550 1993 Christi.

277 2113 286 2129 (
306 2103 339 2130 Et
360 2104 393 2130 da
412 2103 502 2135 nobis,
519 2110 567 2130 ore
590 2111 644 2131 uno
662 2099 693 2130 ρι’
706 2103 788 2131 corde
808 2111 863 2131 uno
878 2103 1030 2138 glorificare

237 2151 267 2176 ρι’
292 2149 403 2175 laudare
438 2148 760 2176 honorificentissimum.
788 2158 798 2175 ι
835 2148 1030 2184 Supplicamus

238 2195 298 2228 tibi,
327 2202 374 2222 ore
403 2201 458 2221 uno
486 2201 596 2229 nn0quc
619 2195 716 2226 corde,
741 2199 770 2222 ut
797 2199 821 2222 te
837 2196 928 2223 verbis
946 2195 1031 2230 glori-

1078 261 1125 287 καὶ
1142 260 1241 296 ἐνδόξῳ
1267 261 1405 296 παρουσίᾳ
1421 260 1469 287 τοῦ
1488 260 1567 294 ἁγίου
1591 259 1760 295 Πνεύματος,
1787 270 1871 296 μετα-

1077 306 1147 342 6άλῃ
1174 305 1222 332 καὶ
1248 307 1360 342 ποιήσῃ,
1383 306 1431 333 τὸν
1459 305 1509 341 μὲν
1534 306 1628 341 ἄρτον,
1645 306 1711 332 αὐτὸ
1731 306 1761 332 τι
1780 307 1871 342 τίμιον

1078 352 1158 388 σῶμα
1176 352 1222 379 τοῦ
1251 353 1354 388 Κυρίου
1374 353 1454 388 ὴμῶν
1478 352 1567 387 Ὶησοῦ
1590 352 1728 388 Χριστοῦ·
1744 353 1774 378 τδ
1789 353 1816 379 δὲ
1842 354 1873 379 ὲν

1077 398 1116 433 τῷ
1129 399 1264 434 ποτηρίῳ,
1275 399 1343 425 αὐτὸ
1363 399 1394 425 τὸ
1411 399 1502 433 τίμιον
1516 395 1586 433 αἷμα
1600 398 1648 425 τοῦ
1665 399 1784 434 μεγάλου
1804 398 1872 424 Θεοῦ

1078 443 1125 469 καὶ
1139 443 1267 478 Σωτῆρος
1279 443 1358 477 ἡμῶν
1379 442 1468 478 Ἰησοῦ
1486 442 1616 479 Χριστοῦ,
1628 443 1658 470 τὸ
1673 443 1787 478 ἐκχυθὲν
1802 443 1872 478 ὑπὲρ

1076 489 1125 524 τῆς
1141 489 1188 516 τοῦ
1213 489 1316 524 κόσμου
1337 488 1422 524 ζωῆς,
1439 489 1487 516 καὶ
1519 489 1673 524 σωτηρίας’
1692 489 1739 515 καὶ
1759 489 1802 515 ἵνα
1816 490 1871 520 τοῖς

1079 536 1335 571 μεταλαμϐάνουσιν
1350 537 1380 570 ἐξ
1388 535 1482 569 αὐτοῦ,
1493 535 1608 571 γένηται
1617 536 1655 567 είς
1665 536 1764 570 ἄφεσιν
1780 536 1872 570 ἁμαρ-

1077 582 1143 609 τιῶν
1159 584 1207 609 καὶ
1221 582 1295 618 ζωὴν
1309 582 1431 610 αἰώνιον.
1623 603 1630 610 .

1113 629 1150 656 Τὸ
1161 629 1199 662 δὲ,
1217 638 1226 655 ι
1252 629 1427 665 Ἐξαιρέτως,
1439 639 1447 655 ι
1467 629 1617 661 τουτέστιν,
1629 626 1666 654 ’Ὦ
1685 628 1772 664 μῆτερ
1790 627 1871 662 ἁγνὴ,

1077 676 1142 707 τοὺς
1158 676 1292 710 ἀφεγγείς
1313 675 1416 707 τύπους
1436 675 1484 702 καὶ
1507 674 1558 706 τὰς
1579 674 1772 710 παρελθούσας
1793 673 1872 704 σκιὰς
1890 683 1893 686 -

1077 720 1124 748 τοῦ
1137 722 1223 755 Λόγου
1240 721 1416 756 θεασάμενοι,
1426 719 1475 746 καὶ
1487 720 1522 746 τὰ
1533 721 1561 745 ὲν
1577 719 1696 750 τούτοις,
1711 718 1872 751 κεκλεισμέ-

1077 776 1127 802 νης
1137 767 1236 803 πύλης,
1249 767 1307 801 φῶς
1321 767 1370 801 τῆς
1385 766 1513 801 ἀληθείας
1530 765 1704 800 ἀναλάμψαν,
1714 764 1870 798 δοξάζομεν·

1080 813 1129 848 σὴν
1141 814 1169 840 δὲ
1186 813 1309 848 γαστέρα
1327 811 1448 844 ἐπαξίως
1463 805 1648 846 εὐλογοῦμενί
1659 820 1667 836 ι
1689 810 1743 836 Καὶ
1757 806 1794 835 ὧν
1811 809 1874 838 ἔκα-

1080 867 1142 890 στος
1157 859 1227 886 κατὰ
1243 858 1364 885 διάνοιαν
1381 857 1447 893 ἔχει,
1470 867 1478 882 ι
1501 857 1530 882 Ὀ
1546 856 1626 888 λαός⁴
1650 864 1659 880 ι
1687 854 1741 881 Kal
1764 853 1873 880 πάντων

1080 905 1127 931 καὶ⁴
1138 904 1243 931 πασῶν.
1266 913 1274 929 ι
1295 903 1464 929 Ἐντέλλεται
1480 903 1494 928 ὁ
1515 901 1604 936 ἱερεὺς
1623 900 1661 934 τῷ
1682 898 1750 934 λαῷ,
1767 906 1873 933 μνημο-

1079 951 1168 977 νεύειν
1182 951 1245 981 ’τάς
1272 949 1325 976 τῶν
1350 949 1476 976 διανοιῶν
1497 948 1592 983 ὀργὰς,
1609 947 1638 972 ἐν
1660 945 1699 980 τῷ
1715 945 1805 981 καιρῷ
1822 944 1873 979 τῆς

1079 998 1155 1029 θείας
1172 996 1377 1032 μυσταγωγίας,
1395 995 1443 1022 καὶ
1455 993 1610 1030 ἁπορῥίψαι
1623 992 1708 1024 αὑτὰς
1718 993 1750 1018 ὲκ
1762 991 1872 1018 πάντων

1079 1045 1127 1071 καὶ
1141 1043 1236 1071 πασῶν
1258 1043 1312 1070 τῶν
1335 1043 1487 1078 μισούντων
1502 1042 1587 1076 ἡμᾶς.

1116 1092 1224 1118 Γίνεται
1252 1091 1280 1117 δὲ
1302 1091 1349 1117 καὶ
1379 1090 1474 1125 μνήμη
1497 1089 1565 1124 πρὸς
1579 1088 1625 1114 τὸν
1641 1087 1708 1114 Θεὸν
1731 1086 1802 1121 ὑπὲρ
1818 1084 1873 1111 τῶν

1080 1136 1300 1171 κεκοιμημένων,
1321 1135 1369 1161 καὶ
1389 1134 1564 1168 πνευμάτων,
1588 1132 1634 1158 καὶ
1648 1131 1738 1166 πάσης
1759 1129 1871 1165 σαρκὸς,

1079 1183 1116 1214 ὡς
1145 1182 1249 1217 νεκρῶν
1265 1181 1312 1208 καὶ
1334 1180 1443 1212 ζώντων
1474 1179 1523 1214 τὴν
1543 1177 1668 1211 ἐξουσίαν
1695 1177 1802 1211 ἔχοντα,
1825 1176 1872 1201 καὶ

1079 1229 1246 1262 δεσπόζοντα
1269 1227 1439 1263 ἐπουρανίων
1456 1226 1503 1252 καὶ
1517 1224 1647 1258 ἐπιγείων
1671 1224 1718 1250 καὶ
1737 1221 1873 1256 καταχθο-

1080 1277 1159 1303 νίων·
1182 1276 1229 1302 καὶ
1246 1275 1284 1306 ὡς
1298 1274 1345 1301 τοῦ
1362 1273 1494 1308 βασιλέως
1515 1270 1636 1306 Χριστοῦ
1660 1269 1805 1304 παρόντος,
1825 1269 1873 1294 καὶ

1078 1323 1115 1355 ὡς
1134 1322 1181 1349 τοῦ
1211 1322 1289 1356 ἁγίου
1311 1321 1472 1356 Πνεύματος
1494 1319 1598 1350 πάντας
1613 1316 1870 1353 προσκαλουμένου,

1079 1370 1184 1402 ζῶντάς
1200 1378 1230 1396 τε
1243 1369 1290 1396 καὶ
1304 1368 1501 1403 μεταστάντας,
1514 1366 1582 1401 πρὸς
1597 1365 1648 1396 τὰς
1667 1365 1757 1390 ἐκεῖσε
1789 1361 1872 1397 μονὰς

1079 1417 1126 1442 καὶ
1153 1415 1356 1446 καταπαύσεις,
1384 1415 1423 1445 εἰς
1447 1413 1498 1447 τὴν
1527 1412 1574 1438 τοῦ
1598 1410 1702 1446 Κυρίου
1727 1409 1776 1435 καὶ
1801 1406 1871 1433 Θεοῦ

1079 1461 1158 1496 ἡμῶν
1178 1460 1264 1496 Ίησοῦ
1293 1458 1415 1495 Χριστοῦ
1441 1458 1614 1493 προέλευσιν,
1642 1454 1873 1490 ωναθροισθῆναι

1079 1508 1127 1535 καὶ
1139 1506 1297 1541 προφθάσαι
1318 1507 1348 1533 τὸ
1369 1505 1517 1540 πρόσωπον
1532 1503 1627 1536 αὐτοῦ,
1643 1502 1692 1529 καὶ
1706 1500 1872 1535 ἀκουσθῆναι

1080 1555 1136 1581 τῶν
1156 1554 1254 1589 φωνῶν
1267 1553 1315 1587 τῆς
1333 1552 1466 1583 αἰνέσεως
1482 1549 1564 1577 αὑτοῦ
1580 1559 1586 1566 ·
1602 1549 1639 1581 ὡς
1656 1548 1751 1575 πασῶν
1770 1546 1823 1572 τῶν
1844 1547 1874 1572 ὲν

1081 1601 1131 1636 ᾄδῃ
1145 1600 1239 1635 ψυχῶν
1258 1598 1446 1626 ἀπολυθεισῶν
1466 1597 1520 1623 τῶν
1537 1595 1655 1630 δεσμῶν,
1675 1594 1718 1621 διὰ
1733 1593 1779 1620 τοῦ
1791 1592 1874 1619 θανά-

1080 1655 1127 1673 του
1144 1647 1191 1673 καὶ
1206 1647 1256 1681 τῆς
1273 1645 1449 1676 ἀναστάσεως
1472 1641 1603 1679 Χριστοῦ.
1619 1641 1706 1671 Αὐτὸς
1729 1640 1784 1674 γὰρ
1807 1638 1874 1673 ὲγή-

1081 1701 1177 1728 γερται
1191 1694 1223 1719 ὲκ
1236 1691 1351 1726 νεκρῶν,
1375 1689 1487 1726 ἀπαρχὴ
1502 1689 1550 1715 καὶ
1566 1687 1738 1722 πρωτότοκος
1761 1686 1875 1719 γενόμε-

1080 1747 1126 1770 νος
1146 1738 1201 1764 τῶν
1221 1736 1435 1772 κεκοιμημένων
1449 1744 1455 1750 ·
1471 1734 1519 1762 καὶ
1543 1734 1626 1759 πᾶσιν
1643 1731 1804 1766 ὀδοποιήσας
1826 1728 1875 1764 τὴν

1081 1785 1113 1811 ἐκ
1139 1783 1244 1819 νεκρῶν
1267 1783 1435 1809 ἀνάστασιν⁹
1461 1781 1507 1807 καὶ
1523 1779 1592 1815 πρὸς
1605 1778 1654 1814 τὴν
1677 1777 1810 1804 ἀθάνατον
1829 1775 1875 1801 καὶ

1083 1830 1223 1867 μακαρίαν
1240 1830 1314 1865 ζωὴν
1333 1828 1481 1855 ἀναπαύων
1502 1827 1566 1857 τοὺς
1580 1826 1624 1851 ἐπ’
1636 1824 1725 1851 ἑλπίδι
1743 1822 1793 1856 τῆς
1808 1822 1874 1848 ἀνα-

1082 1876 1204 1907 στάσεως
1224 1875 1307 1902 αὺτοῦ
1325 1873 1518 1909 κοιμηθέντας.
1531 1869 1734 1904 Συγκαλοῦνται
1746 1868 1774 1894 δὲ
1788 1868 1875 1893 πᾶσαι

1081 1925 1109 1950 ut.
1122 1923 1208 1958 ψυχαὶ
1221 1922 1311 1949 αὐτῶν
1334 1920 1403 1956 μετὰ
1423 1919 1477 1945 τῶν
1494 1916 1642 1953 προφητῶν
1655 1915 1702 1942 καὶ
1717 1913 1875 1958 ἀποστόλων

1081 1957 1134 1996 καί
1149 1967 1297 2004 μαρτύρων
1321 1964 1503 1992 συνεισελθεῖν
1528 1963 1575 1989 καὶ
1603 1959 1782 1994 ἀνακλιθῆναι
1805 1957 1876 1992 μετὰ

1088 2014 1213 2050 Ἀϐραὰμ
1227 2013 1274 2040 καὶ
1292 2012 1385 2038 Ἰσαὰκ
1402 2011 1449 2038 καὶ
1467 2008 1613 2041 Ἰακὼ6,ὲν
1626 2007 1659 2042 τῇ
1677 2005 1796 2042 μυστικῇ
1809 2012 1875 2039 τρα-

1083 2061 1153 2097 πέζῃ
1172 2061 1222 2095 τῆς
1239 2058 1377 2095 βασιλείας
1394 2056 1523 2092 Χριστοῦ.

1121 2117 1130 2132 ι
1148 2107 1202 2133 Καὶ
1211 2107 1254 2137 δδς
1269 2106 1347 2140 ἡμῖν,
1361 2105 1390 2129 ἐν
1404 2103 1444 2130 ἐνὶ
1463 2103 1576 2137 στόματι
1593 2101 1639 2128 καὶ
1657 2100 1705 2135 μιᾷ
1720 2098 1820 2134 καρδία
1830 2097 1874 2124 δο-

1083 2153 1174 2185 ξάζειν
1199 2153 1246 2178 καὶ
1265 2151 1393 2186 ἁνυμνεῖν
1418 2149 1450 2176 τὸ
1472 2149 1617 2183 πάντιμον.
1650 2156 1658 2172 ι
1682 2145 1806 2180 Δεὸμεθά
1827 2152 1873 2170 σου

1083 2197 1176 2233 ὥσπερ
1195 2199 1223 2224 ὲν
1247 2198 1288 2223 ἐνὶ
1311 2197 1425 2231 στόματι
1441 2195 1489 2222 καὶ
1513 2195 1562 2229 μιᾷ
1589 2193 1688 2228 καρδίᾳ
1704 2192 1744 2223 εἷς
1759 2190 1808 2226 τὴν
1825 2190 1874 2225 σὴν

239 2242 353 2269 ﬁeemus
366 2250 372 2274 ;
387 2241 424 2268 ita
445 2249 511 2268 sane
525 2246 551 2268 ct
568 2249 650 2268 unum
669 2241 794 2276 spiritum
812 2246 838 2269 et
863 2250 946 2269 unum
971 2241 1030 2268 ani-

1083 2244 1256 2278 δοξολογίαν·
1279 2242 1350 2269 οὕτω
1366 2242 1456 2268 τοίνυν
1479 2240 1527 2267 καὶ
1549 2240 1577 2266 ἓν
1595 2239 1713 2273 πνεῦμα,
1741 2236 1787 2263 καὶ
1812 2236 1876 2270 μίαν

239 2296 314 2316 mum
331 2289 364 2316 da
381 2288 470 2321 nobis,
487 2292 517 2315 ut
533 2288 671 2323 conjuncti
687 2287 829 2315 charitatis
844 2288 954 2315 vinculo
970 2296 1032 2323 pos-

238 2325 327 2363 simus
341 2343 403 2362 cum
424 2334 521 2362 fiducia
542 2335 595 2361 frui
612 2334 751 2369 proposita
768 2342 872 2367 mensa,
889 2339 916 2361 et
934 2334 1032 2362 fiamus

238 2381 339 2409 divinis
354 2381 494 2417 mysteriis
520 2381 593 2416 digni
610 2380 794 2416 glorificantes
821 2385 847 2408 et
862 2381 972 2415 hymnis
988 2388 1031 2407 cc-

238 2428 375 2455 lebrantes
407 2427 637 2462 pretiosissimum
670 2430 697 2454 et
725 2426 902 2461 magnificum
932 2433 1031 2453 nomen

239 2479 329 2507 tuum,
344 2482 361 2501 ο
375 2473 466 2506 Pater,
483 2477 509 2500 ct
524 2472 584 2506 Fili,
602 2477 628 2500 et
641 2472 760 2508 Spiritus
776 2478 883 2500 sancte.
907 2482 916 2494 ι
933 2473 965 2499 Ει
978 2473 1034 2499 sint

238 2520 437 2549 misericordia
457 2519 548 2554 magni
573 2519 620 2546 Dei
643 2523 669 2546 ct
693 2518 847 2546 Servatoris
867 2519 952 2545 nostri
968 2518 1032 2546 Jesu

238 2567 342 2594 Christi
366 2573 429 2593 cum
445 2565 574 2592 omnibus
591 2565 681 2591 nobis.
702 2574 711 2590 ›
738 2563 766 2591 Si
791 2564 831 2592 sic
855 2564 989 2591 faciamus
1005 2569 1034 2590 ut

241 2612 367 2646 superius
380 2611 512 2642 diximus,
530 2610 723 2637 miserationes
739 2609 785 2636 Dei
801 2614 881 2636 erunt
895 2618 956 2636 cum
973 2618 1033 2636 om-

242 2659 323 2685 nilxus
339 2657 428 2685 nobis.
445 2656 630 2683 Misericordia
643 2656 691 2683 Dei
703 2655 830 2683 Christus
842 2661 892 2688 est,
910 2656 956 2691 qui
972 2663 1035 2690 pro-

211 2703 212 2708 ‘
241 2707 302 2737 pter
314 2710 375 2735 nos,
392 2708 419 2730 et
435 2702 498 2737 quia
515 2702 601 2728 nostri
622 2702 815 2734 miserebatur,
831 2710 846 2728 a
863 2709 962 2737 magno
979 2702 1034 2729 Deo

243 2749 345 2777 missus
364 2753 416 2781 est.
437 2750 483 2784 qui
503 2748 615 2775 tradidit
633 2748 810 2783 semetipsum
833 2754 945 2783 propter
974 2756 1033 2781 nos,

243 2800 271 2822 et
299 2796 427 2823 misertus
451 2799 503 2822 est.
527 2794 578 2827 Qui
598 2795 670 2822 enim
695 2795 722 2821 in
751 2795 882 2822 unitatem
907 2795 980 2828 fidei,
1009 2800 1036 2823 et

243 2841 519 2869 tommunicationcm
549 2842 635 2868 sancti
672 2841 792 2876 Spiritus
819 2842 963 2874 coirimus,
989 2850 1036 2876 per

243 2888 478 2928 dispensationem
497 2888 556 2923 ejus
576 2888 623 2924 qui
640 2897 688 2924 pro
711 2889 791 2919 nobis
807 2894 932 2917 mortuus
955 2893 995 2917 cst
1011 2894 1037 2917 et

1083 2291 1171 2326 ψυχὴν
1180 2290 1225 2321 δὺς
1254 2290 1332 2325 ἡμῖν,
1356 2288 1399 2314 ἵνα
1423 2286 1622 2321 συναπτόμενοι
1637 2284 1673 2318 τῷ
1698 2283 1747 2317 τῆς
1764 2283 1875 2315 ἀγάπης

1085 2336 1236 2371 συνδέσμῳ,
1262 2333 1443 2369 δυνησώμεθα
1462 2332 1531 2367 μετὰ
1555 2330 1712 2366 παρρησίας
1728 2327 1875 2355 ἀπολαύειν

1083 2382 1134 2417 τῆς
1145 2381 1331 2417 προκειμένης
1347 2379 1497 2414 τραπέζης,
1513 2377 1561 2404 καὶ
1573 2375 1718 2411 γενώμεθα
1737 2373 1808 2406 ἄξιοι
1821 2373 1876 2399 τῶν

1084 2427 1165 2454 θείων
1197 2426 1367 2462 μυστηρίων,
1402 2424 1561 2456 δοξάζοντες
1597 2421 1644 2449 καὶ
1674 2420 1824 2456 ὑμνοῦντες
1846 2418 1875 2444 τὸ

1085 2474 1219 2508 πάντιμον
1247 2473 1294 2499 καὶ
1320 2470 1531 2507 μεγαλοπρεπὲς
1556 2468 1641 2503 ὖνομά
1667 2475 1724 2498 σου,
1748 2465 1794 2492 τοῦ
1821 2465 1877 2490 [Ια-

1083 2520 1158 2555 τρὸς,
1189 2519 1236 2546 καὶ
1265 2519 1312 2545 τοῦ
1344 2517 1421 2548 Υίοῦ,
1445 2517 1493 2543 καὶ
1521 2515 1569 2542 τοῦ
1593 2515 1672 2548 ἁγίου
1705 2512 1873 2547 [Ινεύματος.

1089 2576 1097 2590 ι
1118 2565 1255 2592 Καὶὲσται
1268 2565 1302 2591 τὰ
1317 2564 1380 2599 ὲλέη
1399 2563 1446 2590 τοῦ
1463 2562 1583 2598 μεγάλου
1598 2560 1667 2587 Θεοῦ
1683 2560 1729 2586 καὶ
1744 2557 1876 2592 Σωτῆρος

1085 2612 1163 2648 ἡμῶν
1190 2610 1279 2644 Ἰησοῦ
1309 2610 1427 2645 Χριστοῦ
1450 2609 1520 2645 μετὰ
1539 2609 1649 2636 πάντων
1665 2606 1755 2642 ἡμῶν.
1780 2615 1789 2631 ι
1813 2604 1877 2631 Ἐὰν

1085 2658 1156 2685 οὕτω
1170 2658 1320 2692 πράξωμεν
1336 2657 1374 2688 ὠς
1400 2656 1529 2691 ἀνωτέρω
1545 2655 1661 2689 ἔφημεν,
1687 2653 1722 2679 τὰ
1743 2651 1806 2687 ὲλέη
1828 2650 1876 2677 τοῦ

1085 2704 1152 2730 Θεοῦ
1168 2704 1246 2730 ἔσται
1268 2703 1337 2738 μετὰ
1352 2703 1461 2729 πάντων
1474 2701 1563 2737 ἡμῶν.
1581 2701 1677 2731 Ἔλεος
1697 2699 1765 2726 Θεοῦ
1780 2699 1793 2724 ὁ
1810 2698 1878 2732 Χρι-

1087 2750 1147 2781 στός
1163 2751 1247 2781 ἐστιν,
1257 2751 1271 2776 ὁ
1283 2750 1316 2776 δι’
1331 2750 1414 2784 ἡμᾶς,
1430 2749 1476 2775 καὶ
1488 2748 1532 2775 διὰ
1551 2747 1581 2774 τὸ
1597 2746 1708 2781 ἐλεῆσαι
1723 2745 1808 2780 ἡμᾶς,
1822 2743 1878 2770 ἀπὸ

1086 2797 1132 2821 τοῦ
1152 2796 1271 2830 μεγάλου
1295 2795 1362 2820 Θεοῦ
1393 2793 1568 2825 ἀποσταλείς·
1590 2792 1619 2824 ὃς
1641 2792 1689 2818 κει)⁵
1717 2790 1878 2825 παρέδωκεν

1088 2841 1182 2867 ἑαυτὸν
1198 2841 1231 2867 δι’
1253 2841 1337 2875 ἡμᾶς,
1357 2841 1402 2867 xu".
1424 2840 1549 2875 ἠλέησεν.
1573 2838 1605 2864 Ol
1631 2838 1684 2871 γὰρ
1709 2837 1748 2868 εἰς
1763 2835 1878 2869 ἑνότητα

1088 2888 1136 2922 τῆς
1166 2887 1280 2919 πίστεως
1310 2888 1356 2913 καὶ
1385 2887 1526 2914 κοινωνίαν
1542 2885 1589 2914 τοῦ
1610 2885 1686 2919 ἁγίου
1717 2882 1878 2918 Πνεύματος
