2085 3156
235 151 288 184 641

693 155 832 189 RERUM
853 158 1091 194 ECCLESIAST.
1117 162 1421 193 CONTEMPI.ATIO.

1816 161 1871 192 452

236 211 410 243 συνελθόντες
424 233 431 243 ,
457 212 502 240 διὰ
525 213 574 248 τῆς
601 215 758 250 οἰκονομίας
782 217 830 243 τοῦ
851 218 921 253 ὑπὲρ
943 218 1014 253 ήμῶη

1074 221 1221 254 excitatus.
1237 226 1264 248 et
1279 222 1355 249 sedet
1370 222 1398 248 in
1417 220 1528 248 dextera
1549 219 1650 251 Patris,
1673 227 1728 246 non
1751 220 1869 254 amplius

236 257 430 292 ἀποθανόντος,
441 260 486 286 καὶ
497 259 668 295 ὲγερθέντος,
680 262 726 288 καὶ
742 262 903 294 καθίσαντος
911 264 941 289 έν
951 264 1026 299 δεξιᾷ

233 303 282 329 τοῦ
313 304 428 339 Πατρός,
454 306 506 332 οὐκ
529 306 569 332 ἔτι
587 307 633 333 ἐπὶ
657 307 709 342 γῆς
733 308 827 343 ἐσμεν,
854 309 911 335 ἀλλ’
935 310 964 335 ὲν
987 309 1026 344 τῷ

235 348 323 384 θρόνῳ
337 349 384 375 τοῦ
405 349 472 376 Θεοῦ
485 351 524 385 τῷ
544 351 676 387 βασιλικῷ
694 354 909 388 παρεστήκαμεν
925 354 954 380 ἐν
970 356 1026 385 τοῖς

233 394 368 427 οὐρανοῖς,
388 396 456 421 ὅπου
469 397 483 422 ό
494 396 612 432 Χριστός
631 399 700 430 ἐστι,
715 399 807 430 καθὼς
823 399 904 430 αὐτὸς
930 399 1004 433 λέγει
1017 407 1024 414 ·

237 448 246 464 ι
265 439 355 474 Πάτερ
370 440 469 474 δίκαιε,
494 443 607 476 ἁγίασον
621 444 720 475 αὐτοὺς
741 445 769 470 ὲν
786 445 824 479 τῷ
834 444 946 479 ὀνόματί
964 454 1021 478 σου,

233 485 279 516 οὓς
306 486 426 518 δέδωκάς
452 497 518 523 μοι·
546 489 590 516 ἴνα
612 490 679 516 ὅπου
709 491 767 525 είμὶ
796 491 863 524 ἐγὼ,
899 492 1022 518 κάκεῖνοι

232 528 283 558 ὦσι
299 533 359 566 μετ’
383 533 462 567 ἐμοῦ,
482 535 529 561 καὶ
550 535 675 569 θεωρῶσι
699 536 749 571 τὴν
762 537 841 568 δόξαν
857 537 890 572 ἣν
904 537 1022 569 δέδωκάς

233 586 288 612 μοι,
303 578 344 605 ὅτι
365 579 512 615 ἠγάπησας
530 582 637 612 αὐτοὺς,
660 581 750 613 καθὼς
771 582 820 617 ἐμὲ
836 583 995 618 ἠγάπησας.
1010 593 1018 608 ι

231 624 335 655 Πάντες
350 625 378 651 δὲ
395 626 420 651 οἱ
439 626 490 661 τὴν
504 627 640 654 υἱοθεσίαν
662 628 855 661 ἀπολαϐόντες,
882 629 930 655 καὶ
957 637 1022 662 συγ-

230 670 394 704 κληρονόμοι
415 671 463 697 τοῦ
484 673 603 706 Χριστοῦ
620 674 773 708 γενόμενοι,
788 674 832 701 διὰ
846 674 895 709 τῆς
910 674 1022 710 χάριτος

229 716 322 749 αὑτοῦ,
341 717 387 743 καὶ
406 718 457 744 οὐκ
474 717 504 750 ἐξ
524 718 613 753 ἐργων
635 719 715 754 ήμῶν
730 719 828 754 ἔχομεν
849 720 880 746 τὸ
907 719 1021 754 Πνεῦμα

227 759 273 786 τοῦ
292 761 356 787 Υίοῦ
374 763 421 788 τοῦ
457 763 525 789 Θεοῦ
545 765 585 796 εἰς
606 765 656 796 τὰς
675 766 787 800 καρδίας
805 765 882 800 ήμῶν
896 774 902 780 ·
916 764 1020 797 οὗτινος

226 806 277 840 τὴν
296 808 376 841 χάριν
399 810 446 834 καὶ
467 810 517 844 τὴν
537 810 678 845 ἐνέργειαν
691 811 801 846 Θεωρῶν
819 813 832 837 ό
854 811 953 846 ἱερεὺς,
970 811 1020 846 βοᾷ

1075 275 1156 300 super
1169 271 1269 294 terram
1290 274 1403 298 sumus,
1419 265 1468 294 sed
1490 266 1517 293 in
1538 266 1640 292 throno
1664 266 1709 292 Dei
1726 267 1780 301 regi
1798 268 1868 293 assi-

1075 314 1173 340 stimus
1189 313 1215 340 in
1231 313 1310 340 coelis
1322 313 1367 339 ubi
1383 312 1508 339 Christus
1523 316 1574 345 est,
1586 312 1817 346 quemadmodum
1830 313 1869 339 ait

1075 359 1154 392 ipse:
1180 368 1188 382 ι
1205 357 1286 384 Pater
1307 357 1390 391 jnsle,
1413 357 1555 384 sanctifica
1573 365 1621 384 eos
1643 357 1671 384 in
1696 357 1806 384 nomine
1821 363 1868 384 tuo

1074 410 1144 436 quos
1162 402 1258 429 dedisti
1277 402 1355 433 mihi,
1372 405 1402 428 ut
1418 401 1463 428 ubi
1484 409 1534 436 ego
1555 400 1619 428 sum
1634 405 1661 428 et
1675 401 1718 427 illi-
1736 402 1792 428 sint
1807 409 1866 428 mc-

1075 456 1148 478 cum.
1166 452 1192 474 et
1206 448 1427 482 contemplemur
1442 447 1557 482 gloriam
1574 455 1657 481 quam
1673 446 1772 474 dedisti
1786 447 1864 478 mihi,

1073 494 1146 528 quod
1162 493 1304 520 dilexerim
1320 501 1378 523 eos.
1394 492 1624 527 quemadmodum
1639 499 1682 518 me
1695 492 1814 518 dilexisti
1830 500 1837 518 :
1853 501 1862 517 ι

1073 546 1169 565 omnes
1179 545 1244 565 vero
1257 538 1303 572 qui
1315 537 1488 572 adoptionem
1507 537 1533 563 in
1546 535 1645 563 Filium
1661 536 1826 570 accepimus,
1838 540 1865 562 et

1073 585 1228 611 coha-redcs
1240 584 1343 610 Christi
1360 591 1408 618 per
1425 583 1540 617 gratiam
1557 582 1617 617 ejus
1633 590 1665 608 ac
1680 589 1733 608 non
1751 589 1783 608 ex
1800 589 1863 615 ope-

1074 630 1150 657 ribus
1166 630 1267 657 nostris
1287 628 1351 656 facti
1376 636 1482 660 sumus,
1499 627 1633 654 habemus
1650 626 1782 661 Spiritum
1804 626 1863 653 Filii

1072 675 1119 702 Dei
1133 676 1159 702 in
1173 675 1304 702 cordibus
1319 675 1422 702 nostris
1436 683 1442 701 ε
1458 674 1536 708 cujus
1548 673 1664 707 gratiam
1677 678 1703 699 et
1717 672 1864 699 efﬁcaciam

1072 721 1260 754 contemplans
1273 720 1414 751 sacerdos,
1433 719 1533 746 clamat
1544 723 1570 745 et
1583 719 1641 745 ait:
1660 728 1668 744 ‹
1685 718 1772 747 Abba.
1786 718 1865 744 Pater

1071 766 1201 797 coalestis,
1225 766 1341 801 dignare
1366 773 1414 793 nos
1437 773 1499 792 cum
1522 764 1620 791 liducia
1644 764 1866 791 indcmnabilitcr

1071 811 1172 837 audere
1188 810 1317 838 invocare
1331 815 1355 837 te
1368 815 1395 837 et
1412 810 1510 837 dicere.
1528 819 1538 834 ι

227 854 274 878 καὶ
299 854 389 888 λέγει·
409 865 418 880 ι
450 856 569 889 Ἀ66Ξ,ό
594 857 690 892 Πατὴρ
713 859 727 884 ό
745 855 886 894 οὐράνιος,
907 858 1025 891 ἀξίωσον
1044 858 1117 893 ἡμᾶς
1131 858 1322 893 ἀκατακρίτως
1359 858 1428 892 μετὰ
1450 856 1607 892 παρρησίας
1638 855 1742 891 τολμᾷν
1765 856 1862 882 ἐπικα-

225 898 331 926 λεῖσοαί
345 908 375 926 σε
391 902 437 927 καὶ
457 901 556 936 λέγειν.
572 912 582 928 ι

263 954 273 970 ι
289 945 380 981 Πάτερ
409 948 489 981 ἡμῶν
511 949 525 975 ό
548 949 577 974 ὲν
597 951 654 981 τοῖς
679 950 814 985 οὐρανοῖς.
851 960 860 976 ι
896 951 1014 986 Ἀληθῶς

1108 958 1117 975 ι
1134 948 1214 976 Pater
1227 952 1330 981 noster,
1344 948 1390 982 qui
1408 955 1438 975 es
1454 947 1481 974 in
1500 946 1587 974 caelis.
1599 956 1607 972 ι
1624 946 1691 974 Vere
1709 945 1789 974 Pater
1803 955 1861 974 om-

226 990 322 1024 Πατὴρ
338 991 450 1018 πάντων
471 992 550 1027 ἡμῶν
572 994 641 1025 ἐστι,
659 994 708 1021 καὶ
730 995 836 1027 πάντας
849 996 938 1030 τηρεῖ.
961 995 1017 1022 Καὶ

224 1036 249 1061 εὶ
268 1036 318 1070 μὲν
340 1036 371 1062 τὸ
386 1037 494 1072 θέλημα
509 1039 593 1065 αὐτοῦ
612 1039 783 1075 πράττομεν,
807 1041 897 1076 πατὴρ
915 1040 992 1076 ἡμῶν
1007 1048 1014 1056 ·

223 1082 248 1107 εί
267 1082 295 1108 δὲ
311 1082 359 1116 μὴ,
377 1080 483 1115 οὗτινος
492 1085 522 1110 τὸ
541 1085 621 1120 ἔργον
637 1086 779 1121 ποιοῦμεν,
793 1083 871 1118 οὗτός
885 1088 944 1113 ἐστι
964 1095 1018 1113 πα-

222 1127 288 1162 τήρ.
312 1129 367 1154 Καὶ
382 1129 485 1161 ἄλλως·
501 1130 612 1166 Πατέρα
635 1131 718 1158 αὑτὸν
740 1132 850 1164 καλεῖς;
867 1133 905 1163 ὡς
920 1131 1016 1158 τέκνον

224 1172 377 1205 πολιτεύου,
395 1175 438 1201 ἵνα
456 1175 603 1210 εὐάρεστος
619 1177 694 1210 αὐτῷ
713 1177 780 1213 γένῃ
804 1177 843 1212 τῷ
868 1178 956 1212 Πατρὶ.
977 1178 1016 1212 τῷ

222 1219 252 1245 ὲν
262 1221 319 1250 τοῖς
328 1221 454 1255 οὐρανοῖς
469 1229 476 1237 ·
492 1221 533 1253 τίς
547 1221 601 1257 γὰρ
613 1223 651 1258 τῷ
661 1224 866 1258 κοσμοκράτορί
876 1224 931 1250 τῶν
940 1224 1016 1251 κάτω

223 1265 381 1299 ωρομὲνων
394 1267 624 1301 στρατευόμενος,
641 1269 690 1294 καὶ
712 1269 919 1304 υἱοθετούμενος
939 1269 1016 1304 αὐτῷ

223 1308 267 1335 διὰ
283 1310 338 1337 τῶν
362 1311 489 1346 πονηρῶν
515 1312 618 1347 ἔργων,
640 1314 728 1348 τολμᾷ
746 1314 792 1341 τὸν
808 1314 895 1341 αἴτιον
913 1315 1015 1347 παντὸς

221 1355 326 1388 ἀγαθοῦ
345 1357 448 1392 Κύριον
465 1359 556 1384 εἰπεῖν
578 1359 704 1395 Πατέρα;
735 1360 820 1394 Δῆλον
835 1361 863 1387 δὲ
879 1361 920 1387 ὄτι
937 1359 1015 1393 οὗτος

221 1402 252 1428 οὐ
265 1401 310 1427 τὸν
321 1402 424 1437 Κύριον
445 1402 560 1430 Σαϐαὼο
577 1404 655 1430 καὶεί
668 1405 787 1439 Πατέρα,
803 1405 870 1432 ἀλλὰ
881 1406 926 1432 τὸν
938 1407 1015 1432 ἀντι-

222 1447 360 1483 κείμενον,
376 1446 406 1475 οὖ
423 1449 471 1476 καὶ
484 1449 518 1476 τὰ
538 1450 607 1486 ἔργα
621 1451 748 1486 πράττει.
768 1451 885 1483 Ἄλλωςο
902 1452 1014 1487 Πατέρα

221 1494 323 1528 λέγεις,
338 1495 473 1531 ἄνθρωπε,
487 1496 534 1522 τόν
550 1497 633 1530 Θεόν;
648 1498 739 1530 καλῶς
758 1498 847 1532 λέγεις
858 1507 866 1514 θ
888 1499 946 1526 ἐστι
960 1500 1015 1535 γὰρ

221 1541 318 1575 Πατὴρ
343 1542 390 1568 καὶ¹
421 1542 540 1577 Ποιητής
568 1543 677 1570 πάντων
710 1545 807 1579 ἡμῶν·
825 1545 893 1571 ἀλλὰ
915 1545 1014 1572 σπεῦδε

221 1587 388 1622 ἐργάζεσθαι
414 1589 483 1624 ἔργα
502 1589 655 1624 ἀρέσκοντα
669 1589 708 1624 τῷ
725 1590 813 1625 Πατρί
841 1599 898 1617 σου.
930 1591 961 1617 Et
985 1591 1013 1618 δὲ

1069 995 1143 1022 nium
1166 998 1289 1022 nostrum
1304 998 1356 1024 est.
1371 997 1398 1020 et
1415 1001 1510 1020 omnes
1526 993 1566 1027 (ut
1582 992 1658 1019 vocis
1670 997 1775 1027 etymon
1792 993 1862 1019 indi-

1067 1047 1111 1068 cat
1122 1041 1190 1073 (Η),
1209 1044 1310 1066 servat.
1326 1041 1364 1066 Ac
1378 1039 1523 1074 siquidem
1541 1038 1709 1065 voluntatem
1722 1038 1782 1072 ejus
1796 1038 1861 1065 faei-

1067 1094 1141 1117 mns,
1164 1090 1240 1120 pater
1266 1089 1312 1112 cst.
1335 1087 1428 1112 noster
1451 1093 1458 1110 :
1478 1084 1520 1112 sin
1547 1083 1649 1116 minus,
1670 1082 1859 1117 cujuscunque

1066 1139 1136 1166 opus
1151 1131 1279 1162 facimus,
1303 1131 1327 1158 is
1350 1134 1392 1157 est
1416 1134 1504 1164 pater.
1525 1129 1559 1156 Et
1576 1128 1657 1156 aliter
1676 1137 1683 1156 :
1700 1128 1779 1155 Pater
1795 1135 1858 1155 eum

1067 1178 1164 1205 vocas?
1179 1182 1208 1204 ut
1223 1177 1308 1204 Filius
1323 1177 1406 1203 vitam
1424 1181 1497 1203 luam
1519 1175 1641 1207 institue,
1659 1179 1689 1202 ut
1706 1179 1806 1209 gratus
1819 1174 1859 1202 sis

1066 1228 1093 1250 ct
1105 1224 1212 1258 placeas
1227 1222 1277 1257 ipsi
1294 1227 1341 1249 tuo
1355 1221 1428 1248 Patri
1442 1221 1488 1256 qui
1504 1221 1530 1248 in
1544 1220 1621 1248 caelis
1636 1224 1677 1248 est
1689 1228 1696 1246 :
1711 1221 1773 1254 quis
1783 1219 1857 1247 enim

1066 1270 1118 1296 suh
1141 1269 1236 1296 mundi
1259 1269 1382 1303 principe
1404 1275 1552 1302 rerumque
1574 1267 1728 1295 inferaruin
1746 1271 1858 1301 potente

1066 1315 1198 1346 militans,
1216 1320 1243 1342 et
1259 1315 1286 1342 in
1306 1315 1392 1342 filium
1409 1314 1434 1340 ei
1448 1314 1615 1348 adoptatus,
1632 1313 1711 1340 malis
1728 1313 1857 1346 operibus

1065 1361 1164 1388 audeat
1181 1361 1328 1387 Auctorem
1343 1360 1468 1387 omnium
1490 1359 1627 1386 bonorum
1652 1366 1684 1386 ac
1710 1358 1856 1385 Dominum

1065 1406 1156 1433 dicere
1169 1405 1298 1433 Patrem?
1314 1405 1424 1432 Certum
1441 1408 1483 1432 est
1498 1405 1570 1440 quod
1589 1405 1634 1432 hic
1645 1412 1698 1431 non
1711 1403 1856 1431 Dominum

1066 1451 1186 1478 Sabaoth
1221 1455 1298 1478 vocat
1330 1451 1448 1482 Patrem.
1475 1450 1520 1477 sed
1548 1449 1747 1480 adversarium,
1777 1449 1857 1482 cujus

1065 1497 1147 1524 ctiam
1164 1504 1246 1531 opera
1273 1497 1347 1524 facit.
1365 1497 1450 1523 Aliter
1466 1506 1471 1522 :
1490 1496 1596 1523 Patrem
1623 1496 1691 1523 dicis
1716 1496 1744 1529 (υ
1764 1494 1855 1529 homo)

1064 1542 1170 1570 Deum?
1195 1543 1324 1578 praeclare
1350 1542 1428 1574 dicis,
1455 1546 1498 1569 est
1513 1541 1585 1569 enim
1603 1541 1683 1568 Pater
1704 1546 1731 1568 et
1755 1541 1857 1568 Auctor

1065 1588 1188 1616 omnium
1207 1593 1331 1616 nostrum
1348 1598 1354 1615 :
1371 1589 1416 1616 sed
1435 1588 1534 1616 festina
1551 1595 1582 1615 ea
1598 1588 1675 1615 obire
1690 1587 1783 1615 munia
1796 1595 1858 1622 quae

221 1632 296 1659 κακὰ
312 1633 380 1668 ἔργα
397 1636 495 1666 ποιεῖς,
518 1635 653 1670 πρόδηλον
667 1636 708 1662 ὅτι
722 1636 767 1662 τὸν
778 1636 903 1663 διάϐολον
914 1639 1012 1664 ἐπικα-

1065 1639 1111 1663 luo
1130 1636 1255 1670 placeant
1272 1635 1356 1663 Patri.
1378 1635 1407 1662 Si
1425 1643 1488 1662 vero
1505 1635 1577 1662 mala
1594 1642 1676 1669 opera
1698 1634 1776 1667 facis,
1791 1642 1854 1669 per-

220 1678 278 1710 λεῖς
302 1680 419 1714 πατέρα.
443 1678 528 1712 Οὗτος
547 1681 602 1716 γάρ
628 1682 702 1708 ἐστιν
718 1681 815 1717 ἔφορος
830 1683 885 1709 τῶν
907 1679 1010 1711 κακῶν.

222 1725 268 1750 Διὸ
281 1725 380 1752 σπεῦδε
404 1726 535 1760 ἐκφυγεῖν
557 1726 662 1759 τοῦτον,
679 1727 729 1754 καὶ
747 1728 845 1764 ἀρέσαι
864 1729 903 1764 τῷ
917 1729 1012 1764 ἀγαθῷ

222 1769 310 1806 Πατρί
328 1779 376 1798 σου
394 1773 440 1798 καὶ
453 1772 553 1808 Ποιητῇ
572 1781 630 1800 σου.

262 1871 271 1887 ι
280 1862 456 1897 Ἁγιασθήτω
467 1863 498 1890 τὸ
508 1864 595 1900 ὄνομά
608 1873 667 1892 σου.
675 1874 684 1891 ι
695 1866 803 1900 Ὄνομά
816 1867 874 1892 ἐστι
885 1866 933 1893 τοῦ
945 1866 1011 1893 Υίοΰ

220 1908 268 1935 τοῦ
280 1909 361 1940 Θεοῦ,
377 1909 408 1935 τὸ
421 1910 570 1944 ἐπικληθὲν
579 1911 621 1944 ἐφ’
637 1912 725 1946 ἡμᾶς·
744 1912 864 1947 Χριστὸς
881 1913 945 1947 γὰρ.
963 1913 1013 1939 καὶ

221 1955 304 1990 ἡμεῖς
318 1956 489 1991 Χριστιανοὶ,
513 1957 560 1984 καὶ
579 1957 611 1984 τὺ
628 1957 714 1992 ὄνομα
732 1958 814 1985 αὐτοῦ
833 1959 1012 1994 ἐπικέκληται

221 2001 300 2034 ἡμῖν.
315 2001 369 2026 Καὶ
387 2000 497 2035 ἀληθῶς
509 2001 588 2036 ἆγιος
600 2001 614 2027 ό
629 2002 706 2034 Θεὸς,
717 2003 775 2030 ἀλλ’
789 2003 868 2038 ἡμεῖς
885 2012 1011 2038 παρακα-

221 2045 332 2080 λοῦμεν,
353 2046 396 2073 ἵνα
417 2039 519 2084 ἁγιάσῃ
531 2048 561 2074 τὸ
576 2048 663 2083 ὄνομα
677 2049 761 2075 αὐτοῦ
779 2050 808 2076 ὲν
822 2050 899 2084 ἡμῖν,
920 2050 934 2076 ὃ
952 2050 1011 2076 ἐστι

221 2092 250 2117 τὸ
267 2092 349 2127 ἔργον
362 2092 440 2127 ἡμῶν
451 2092 635 2127 ἀξιολόγιστον
645 2101 653 2108 ⁴
666 2094 745 2128 ἅγιον
752 2095 798 2121 καὶ
813 2095 883 2127 ὅλως
890 2095 1011 2131 καθαρὸν

221 2137 323 2173 ποιήσῃ
339 2138 370 2164 τὸ
386 2138 466 2173 σῶμα
491 2139 572 2173 ήμῶν
583 2147 590 2154 ·
608 2139 651 2166 ῐνα
672 2140 840 2175 ἀνέγκλητον
865 2141 966 2176 εὑρεθῇ
982 2143 1011 2168 ὲν

220 2184 252 2217 τῇ
265 2184 359 2219 ἡμέρᾳ
368 2184 417 2219 τῆς
429 2183 592 2218 ἀπολογίας.
605 2184 661 2212 Καὶ
669 2185 696 2212 τί
711 2186 774 2220 γάρ;
785 2186 834 2213 οὐκ
844 2186 918 2214 ἐστιν
935 2187 1011 2221 ἆγιος

220 2229 332 2262 ό.Θεό;;
350 2230 404 2257 Ναὶ
433 2231 510 2265 ἆγιος
523 2239 530 2245 ·
552 2231 620 2257 ἀλλὰ
641 2231 722 2258 τοῦτο
741 2231 845 2265 λέγεις·
878 2232 924 2258 Ἐν
948 2232 1010 2266 ἐμοὶ

223 2283 232 2299 ι
247 2275 406 2310 ἁγιασθήτω
424 2276 454 2302 τὸ
470 2275 555 2311 όνομά
573 2284 632 2308 σου,
647 2285 656 2301 ι
667 2276 743 2307 ὅπως
760 2277 853 2303 ῐδωσιν
864 2277 890 2303 ot
904 2276 1010 2312 ἄνθρωο

221 2328 267 2346 ποι
285 2320 320 2346 τὰ
334 2321 406 2347 καλὰ
424 2320 494 2355 ἔργα
509 2329 571 2356 μου,
585 2321 634 2348 καὶ
645 2321 779 2355 δοξάσωσι
792 2330 822 2348 σε
835 2322 882 2348 τὸν
899 2322 1010 2358 Πατέρα

220 2367 268 2392 καὶ
284 2367 404 2402 Ποιητήν
420 2375 482 2402 μου.

258 2422 268 2438 ‹
289 2412 407 2439 Ἐλθέτω
421 2413 438 2448 ἡ
449 2412 572 2448 βασιλεία
587 2422 645 2440 σου.
659 2423 669 2439 ι
684 2413 715 2440 'H
730 2413 853 2448 βασιλεία
866 2413 914 2440 τοῦ
930 2413 1009 2446 Θεοῦ,

218 2458 249 2484 τὸ
265 2458 378 2493 Πνεῦμά
395 2459 454 2486 ἐστι
479 2459 511 2485 τὸ
533 2459 622 2493 ἅγιον,
634 2459 672 2491 ὡς
689 2459 761 2493 λέγει
775 2467 782 2475 ·
806 2469 815 2485 ‹
837 2458 869 2485 Ἦ
887 2459 1010 2494 βασιλεία

218 2503 273 2530 τῶν
283 2504 407 2539 οὐρανῶν
422 2504 499 2536 ἐντὸς
520 2505 597 2540 ὑμῶν
620 2506 688 2531 ἐστι.
709 2514 718 2530 ι
737 2504 782 2540 Τῷ
796 2505 938 2540 Πνεύματι
953 2505 1009 2540 γὰρ

219 2549 257 2584 τῷ
276 2550 348 2584 ἁγίῳ
367 2550 417 2576 σὺν
436 2550 525 2585 Πατρὶ
539 2551 586 2576 καὶ
600 2550 657 2585 Υἱῷ
671 2551 702 2577 τὺ
718 2550 871 2586 βασιλεύειν
896 2550 1007 2586 πρέπει,

218 2594 258 2629 τῷ
272 2595 414 2630 ἁγιάζοντι
433 2596 480 2622 καὶ
494 2596 639 2630 φωτίζοντι
653 2597 704 2628 τὰς
716 2596 814 2631 νοερὰς
830 2596 878 2623 καὶ
895 2596 1007 2630 ἀγγελι-

219 2641 270 2672 κὰς
292 2641 439 2676 δυνάμεις,
464 2642 513 2669 καὶ
528 2642 672 2678 οὐρανίους
689 2642 830 2677 στρατιάς,
848 2643 895 2670 καὶ
919 2643 1008 2670 πάντα

218 2687 363 2723 ἄνθρωπον
377 2689 525 2724 ἐρχόμενον
542 2690 582 2720 εἰς
593 2689 638 2716 τὸν
648 2689 762 2724 κόσμον,
777 2689 826 2716 καὶ
843 2689 1006 2717 πιστεύοντα

218 2734 260 2764 είς
278 2733 309 2759 τὺ
334 2733 420 2769 δνομα
446 2733 494 2760 τοῦ
520 2735 627 2770 Πατρός
652 2735 700 2761 καὶ
722 2734 769 2762 τοῦ
799 2735 867 2762 Υἱοῦ
888 2736 934 2763 καὶ
959 2735 1006 2763 τοῦ

267 2801 289 2816 ⁷⁸
305 2800 370 2828 Luc.
389 2809 455 2833 xvn,
468 2801 514 2828 21.

254 2857 308 2889 (Η)
322 2858 427 2893 Πατὴρ,
441 2858 520 2893 quasi
543 2860 645 2890 πάντας
655 2857 756 2893 τηρῶν.

1064 1683 1189 1717 spicuum
1209 1686 1252 1709 est
1277 1686 1303 1709 te
1327 1682 1467 1709 diabolum
1493 1682 1622 1708 invocare
1648 1684 1776 1715 patrem:
1799 1680 1856 1714 ipso

1062 1729 1134 1755 enim
1153 1733 1195 1756 est
1219 1736 1320 1763 prn'ses
1344 1728 1492 1755 malorum.
1509 1727 1643 1760 Quocirca
1661 1726 1762 1753 festina
1783 1726 1856 1753 hunc

1063 1774 1194 1809 eﬁ'ugere,
1210 1779 1237 1801 et
1253 1775 1331 1801 bono
1348 1774 1421 1803 Patri
1435 1776 1483 1801 tuo
1499 1777 1526 1800 et
1540 1772 1714 1800 Procreatori
1732 1777 1778 1799 tuo
1798 1772 1856 1806 pla-

1063 1827 1136 1847 cere.

1101 1875 1110 1891 ι
1132 1866 1323 1893 Sanctificctur
1344 1872 1443 1892 nomen
1467 1869 1555 1891 tuum.
1574 1873 1583 1889 ι
1600 1863 1703 1890 Nomen
1728 1867 1770 1890 est
1793 1862 1854 1890 Filii

1063 1911 1120 1944 Dei,
1135 1912 1208 1946 quod
1231 1911 1388 1938 invocatum
1405 1915 1447 1938 est
1465 1918 1548 1944 super
1563 1917 1625 1937 nos.
1642 1909 1768 1937 Christus
1781 1910 1853 1936 enim

1062 1962 1114 1990 est,
1129 1963 1155 1984 et
1169 1964 1219 1985 nos
1236 1955 1396 1986 Christiani.
1412 1961 1439 1982 et
1461 1957 1495 1983 ab
1509 1955 1569 1990 ejus
1588 1956 1698 1982 nomine
1714 1955 1854 1989 cognomi-

1062 2003 1119 2030 nati
1148 2009 1255 2029 sumus.
1285 2001 1410 2029 Profecto
1434 2009 1496 2029 vere
1523 2006 1635 2029 sanctus
1657 2005 1699 2028 est
1717 2001 1788 2028 Deus
1805 2009 1811 2027 :
1827 2004 1854 2027 at

1062 2056 1112 2076 nos
1128 2048 1313 2083 supplicamus
1325 2052 1354 2074 ut
1374 2055 1474 2074 nomen
1490 2055 1570 2075 suum
1595 2047 1621 2073 in
1640 2047 1719 2073 nobis
1734 2047 1854 2073 sanctifi—

1063 2099 1114 2127 cet,
1131 2095 1204 2129 quod
1215 2099 1257 2121 est
1271 2101 1341 2129 opus
1356 2098 1480 2121 nostrum
1498 2093 1597 2120 rationi
1612 2097 1827 2120 consentaneum
1845 2101 1851 2119 :

1063 2145 1188 2168 sanctum
1205 2144 1232 2168 et
1248 2140 1364 2166 omnino
1386 2130 1484 2174 purum
1503 2138 1583 2166 faciat
1600 2146 1701 2173 corpus
1717 2142 1851 2167 nostrum.

1062 2190 1092 2213 ut
1106 2186 1327 2220 irreprehensum
1342 2185 1498 2213 inveniatur
1509 2185 1535 2212 in
1549 2185 1593 2212 die
1603 2185 1771 2212 defensionis
1784 2184 1851 2218 (l2).

1062 2231 1166 2266 Ecquid
1189 2233 1260 2259 enim
1278 2239 1332 2259 non
1347 2235 1389 2259 est
1405 2237 1517 2259 sanctus
1532 2231 1622 2258 Deus?
1648 2230 1776 2258 Profecto
1790 2238 1854 2257 san-

1062 2282 1123 2305 ctus
1136 2283 1194 2312 est;
1209 2278 1256 2306 sed
1271 2279 1323 2305 hoc
1348 2278 1388 2305 ais
1401 2287 1407 2304 :
1424 2278 1452 2304 ln
1469 2285 1512 2305 me
1526 2287 1535 2302 ι
1555 2276 1740 2304 sanctiﬁcetur
1754 2283 1851 2302 nomen

1062 2327 1149 2355 tuum,
1171 2332 1180 2348 ι
1196 2327 1225 2350 ut
1242 2323 1350 2350 videant
1367 2323 1491 2350 homines
1508 2323 1578 2349 bona
1594 2329 1676 2356 opera
1693 2328 1763 2352 mea,
1784 2325 1810 2346 et
1826 2325 1852 2345 te

1060 2367 1326 2403 glorificentPatrcm
1341 2372 1367 2395 et
1375 2367 1516 2395 Factorem
1533 2375 1635 2394 meum.

1097 2423 1107 2439 ι
1125 2413 1260 2441 Adveniat
1281 2421 1394 2447 regnum
1411 2418 1498 2440 tuum.
1518 2421 1527 2437 ›
1545 2411 1668 2446 Regnum
1685 2410 1744 2442 Dei,
1763 2409 1851 2444 Spiri~

1060 2463 1103 2486 tus
1114 2463 1156 2486 est
1175 2462 1298 2490 sanctus,
1312 2457 1544 2492 quemadmodum
1561 2456 1600 2483 ait
1614 2465 1621 2482 :
1638 2455 1757 2490 Regnum
1772 2454 1849 2481 caelo-

1060 2513 1118 2531 rum
1134 2505 1205 2531 intra
1224 2512 1266 2531 vos
1282 2509 1319 2530 est
1335 2503 1368 2530 7‘.
1389 2503 1504 2538 Spiritui
1518 2503 1591 2529 enim
1606 2507 1703 2529 sancto
1718 2508 1780 2528 cum
1797 2501 1848 2527 Pa-

1061 2553 1102 2577 tre
1127 2555 1154 2577 et
1176 2549 1245 2577 Filio
1270 2557 1383 2585 regnare
1413 2550 1549 2580 convenit.
1579 2549 1626 2582 qui
1654 2547 1807 2575 sanctificat
1823 2551 1851 2573 et

1059 2595 1197 2622 illuminat
1219 2595 1355 2630 spiritales
1375 2599 1402 2622 et
1417 2595 1554 2629 angelieas
1571 2598 1728 2628 potestates,
1743 2597 1770 2619 et
1792 2600 1849 2619 cm—

1059 2639 1140 2670 lestes
1154 2642 1303 2675 exercitus,
1318 2646 1346 2670 et
1363 2648 1472 2669 omnem
1493 2641 1632 2668 hominem
1650 2639 1801 2667 venientem
1821 2639 1848 2665 in

1059 2689 1200 2721 mundum,
1213 2693 1240 2716 et
1256 2688 1410 2716 credentem
1424 2688 1452 2715 in
1467 2687 1579 2715 nomine
1593 2686 1682 2714 Patris
1698 2690 1724 2713 et
1746 2685 1805 2712 Filii
1821 2689 1848 2712 et

1056 2734 1143 2762 sancti
1160 2734 1289 2770 Spiritus.
1308 2734 1378 2762 Vere
1395 2734 1451 2763 Rex
1468 2739 1558 2768 terrae,
1575 2733 1725 2762 visibilium
1736 2735 1763 2761 et
1776 2732 1844 2760 iuvit

1096 2858 1149 2893 il?)
1170 2858 1343 2893 Ἀπολογίας,
1355 2859 1496 2888 reddenda:
1508 2860 1632 2888 rationis.
