2085 3156
245 159 299 193 445

708 165 846 198 RERUM
861 168 1098 200 ECCLESIAST.
1128 151 1429 203 CONTEiiiPLATIO.

1823 175 1881 210 ιιθ

243 214 319 248 ζήτει
332 221 339 228 ·
355 213 404 241 ἐὰν
423 213 523 247 ἔλυσας
539 215 654 252 ἀδελφὺν
673 214 719 244 ἀπ’
731 218 841 255 ἔχθρας,
857 222 1011 256 παρακάλει

1083 229 1116 249 an
1139 222 1250 250 fratrem
1266 224 1300 250 ab
1325 224 1476 252 inimicitiis
1500 225 1615 253 solveris
1629 246 1636 258 ,
1652 227 1724 261 apud
1753 232 1780 256 te
1807 237 1876 258 con—

242 259 305 286 εἰδὲ
320 260 506 294 μνησικακίαν
526 261 608 296 ἔχεις,
627 263 707 290 ποίαν
718 265 816 298 ἄφεσιν
832 265 938 300 (mare;
958 267 989 294 Ἠ
1003 268 1032 295 δὲ

242 304 365 335 ἐπίλυσίς
378 306 452 332 ἐστιν
461 305 560 339 οὕτως,
573 308 611 340 ὼς
626 309 692 343 φέρε
706 311 794 337 είπεῖν
805 318 813 325 ·
828 311 926 347 Κύριε,
941 321 950 338 ι
964 313 1032 347 ἄφες

240 351 307 385 ἡμῖν
326 351 361 377 τὰ
372 351 442 386 χρέα
453 353 543 387 ἡμῶν,
565 363 574 379 ι
591 355 725 388 τουτέστι,
741 356 791 389 τὰς
805 357 943 393 ἁμαρτίας
953 359 1032 394 ἡμῶν

241 395 288 422 καὶ
304 396 338 422 τὰ
353 397 524 432 πταίσματα,
552 408 561 424 ι
577 399 616 431 ὼς
639 400 686 427 καὶ
699 401 781 436 ἡμεῖς
803 402 920 437 ἀφίεμεν
937 414 946 429 ι
964 405 1032 431 πᾶσι

241 442 297 472 τοῖς
316 441 520 476 ἁμαρτάνουσιν
535 445 582 470 καὶ
603 445 745 473 πταίουσιν
758 447 798 479 είς
818 449 892 483 ἡμᾶς
905 449 1031 484 ἀδελφοῖς

240 486 337 521 ἡμῶν,
361 487 515 522 ἐλευθέροις
544 498 575 515 τε
602 491 649 517 καὶ
668 491 788 524 δούλοις,
815 494 862 520 καὶ
885 495 952 521 πᾶσι
974 496 1032 527 τοῖς

239 531 406 566 ὑποχειρίοις
421 533 509 567 ἡμῶν.
523 533 616 562 Ταῦτα
630 535 726 570 λέγων,
738 537 879 575 ἄνθρωπε,
891 539 940 565 ἐὰν
957 539 1030 566 οὕτω

239 577 329 610 ποιῇς,
339 577 492 613 ἐννοήθητι,
502 579 544 606 ὅτι
556 588 566 605 ι
577 580 641 613 φοσε
647 581 692 615 ρδν
703 581 735 608 τὸ
745 582 877 617 ἐμπεσεῖν
886 585 927 615 είς
934 585 1029 619 χεῖρας

187 624 191 626 “
237 621 305 648 Θεοῦ
335 621 454 654 ζῶντοςι
489 633 498 650 ι
528 626 576 652 καὶ
599 625 838 662 διορθωσάμενος,
865 629 1028 665 ὲπίστρεψον

238 667 306 702 πρὸς
317 668 362 694 τὸν
374 668 441 695 Θεὸν
458 669 504 696 καὶ
521 670 630 706 Πατέρα
649 672 696 699 καὶ
714 673 832 709 Ποιητήν
851 682 909 702 σου.

275 765 284 781 ι
305 757 360 783 Καὶ
381 757 418 792 μὴ
444 758 605 796 εἰσενέγκῃς
624 761 699 796 ἡμᾶς
711 762 752 793 εἰς
770 763 936 798 πειρασμὸν,
957 764 1027 792 ἀλλὰ

237 802 319 836 ῥῦσαι
340 803 413 836 ἡμᾶς
437 804 491 829 ἀπὸ
509 804 554 830 τοῦ
583 806 717 841 πονηροῦ.
735 817 744 833 ι
764 807 874 842 Ἡμεῖς,
891 809 1025 844 Δέσποτα,

235 847 319 882 ἐσμὲν
336 848 406 881 ἄξιοι
421 849 513 884 πάσης
529 850 679 883 κολάσεως,
698 854 745 879 καὶ
760 855 976 890 παρακαλοῦμεν
988 857 1025 892 μὴ

235 893 384 928 παραδῲης
410 895 484 930 ἡμᾶς
507 897 548 927 είς
579 898 674 932 χεῖρας
706 898 838 933 ἐχθίστων
861 900 1024 936 ἀνθρώπων,

234 939 282 965 καὶ
297 939 424 974 πονηρῶν
436 941 584 976 δαιμόνων,
598 943 668 978 πρὸς
679 944 708 970 τὸ
720 945 836 972 κολάσαι
846 946 920 981 ἡμᾶς
934 955 940 960 ·
957 948 1025 974 ἀλλὰ

235 983 278 1014 σὺ,
297 984 398 1020 Κύριε,
415 986 490 1021 ἡμᾶς
511 986 657 1013 παίδευσον
671 1006 678 1020 ,
694 988 735 1014 ὅτι
749 988 786 1020 ὡς
802 990 818 1024 ἡ
833 990 1025 1026 φιλανθρωπία

234 1038 292 1062 σου,
309 1032 382 1059 οὕτω
394 1033 442 1060 καὶ
457 1034 474 1068 ἡ
489 1033 598 1060 παιδεία
614 1042 673 1061 σου.
694 1035 727 1062 Τί
748 1035 803 1071 γάρ
819 1045 826 1069 ;
843 1038 856 1063 ὀ
875 1037 942 1069 Θεὸς
964 1039 1024 1064 εισ-

232 1075 294 1109 άγει
309 1077 453 1113 ἄνθρωπον
471 1079 511 1110 είς
534 1080 707 1115 πειρασμόν;
724 1081 762 1117 μὴ
782 1083 897 1116 γένοιτο.
916 1084 954 1110 Οὐ
969 1084 1023 1120 γὰρ

231 1120 319 1152 αἴτιος
348 1123 403 1149 τῶν
429 1123 523 1150 κακῶν
539 1125 553 1150 ὸ
578 1124 664 1156 Θεός·
683 1126 752 1153 ἀλλὰ
785 1128 1023 1163 παρακαλέσωμεν

230 1166 326 1200 αὐτὸν,
344 1168 389 1195 ἵνα
403 1169 461 1201 τοῖς
478 1169 589 1202 πολλοῖς
613 1171 697 1198 αὑτοῦ
721 1173 877 1208 οίκτιρμοῖς
899 1174 937 1210 μὴ
952 1175 1022 1212 ἐάσῃ

231 1214 306 1248 ἡμᾶς
333 1216 529 1251 πειρασθῆναι.
547 1217 633 1253 Κύριε
646 1240 654 1252 ,
670 1219 718 1246 ἑὰν
732 1219 837 1256 ζητήσῃ
854 1222 926 1256 ἡμᾶς
941 1223 955 1248 ὁ
969 1223 1022 1249 Σα-

233 1262 314 1291 τανᾶς
333 1263 451 1289 σινιάσαι
474 1263 511 1294 ὼς
526 1263 572 1289 τὸν
587 1265 670 1297 σῖτον,
683 1264 776 1300 ὥσπερ
792 1267 912 1298 καὶτοὺς
926 1268 1022 1302 ἁγίους

231 1314 280 1334 σου
298 1307 465 1340 ἀποστόλους
480 1309 598 1345 ἐζήτησε
615 1311 674 1349 μὲν,
689 1312 810 1348 ἀπέτυχε
827 1313 854 1339 δέ
867 1322 873 1328 ·
889 1315 905 1349 ἥ
923 1315 962 1346 ὡς
975 1315 1021 1343 τὸν

231 1352 316 1379 πάλαι
336 1353 398 1380 ’1ώὸ
412 1362 417 1369 -
433 1354 471 1389 μὴ
499 1355 588 1391 δώσῃς
610 1356 685 1391 αὐτῷ
699 1357 826 1390 ἐξουσίαν
854 1359 916 1386 καθ’
932 1360 1020 1395 ἡμῶνέ

237 1398 309 1425 Ἀλλ’
326 1400 351 1425 εί
367 1400 415 1426 καὶ
440 1401 561 1436 πονηρὸς
584 1401 729 1437 ἄνθρωπος
746 1403 856 1438 Θελήσει
873 1405 947 1440 ἡμᾶς
958 1414 1021 1432 πει-

230 1445 314 1480 ράσαι
331 1465 339 1476 ,
358 1446 396 1481 μὴ
425 1446 523 1482 δώσῃςν
537 1449 614 1482 ἡμᾶς
635 1447 674 1483 τῷ
690 1448 825 1484 θελήματι
838 1450 932 1483 αὐτοῦ,
953 1452 1021 1479 ἀλλὰ

230 1490 370 1518 σκέπασον
394 1492 469 1526 ἡμᾶς
484 1493 513 1518 ὲν
534 1494 567 1528 τῇ
588 1494 678 1530 σκέπῃ
706 1494 761 1521 τῶν
784 1496 929 1531 πτερύγων
949 1506 997 1524 σου
1012 1506 1018 1514 ·

1041 891 1062 918 Β

232 1545 242 1561 ι
263 1537 326 1563 Ὅτι
344 1537 391 1563 σοῦ
419 1539 495 1565 ἐστιν
512 1539 527 1573 ή
552 1539 678 1573 βασιλεία
700 1541 747 1567 καὶ
771 1543 786 1576 ἠ
809 1542 925 1577 δυνάμις
942 1545 988 1571 καὶ
1002 1545 1018 1580 ἡ
1032 1554 1054 1582 c

228 1582 304 1616 δόξα,
320 1592 329 1608 ι
347 1583 394 1609 τοῦ
421 1584 529 1620 Πατρὸς
543 1604 550 1616 ,
566 1586 614 1612 καὶ
639 1586 686 1613 τοῦ
708 1587 773 1613 Υίοῦ
788 1608 795 1620 ,
815 1589 863 1615 καὶ
877 1589 924 1616 τοῦ
941 1591 1019 1624 ἁγίου

229 1627 399 1663 Ιῐνεύματος.
426 1630 477 1657 Σοῦ
504 1631 559 1666 γάρ
588 1632 663 1659 ἐστιν
679 1633 695 1668 ή
712 1632 822 1665 ἐξουσία
841 1636 887 1662 καὶ
906 1637 923 1671 ἡ
935 1637 1020 1672 κυρία

228 1676 276 1702 τοῦ
291 1677 377 1703 ἐλεεῖν
391 1678 439 1704 καὶ
454 1678 563 1711 σώζειν,
578 1679 625 1706 τοῦ
648 1680 780 1708 θανατοῦν
797 1682 846 1709 καὶ
860 1683 1018 1719 ζωογονεῖν,

227 1722 275 1749 τοῦ
292 1723 398 1758 Πατρός
414 1725 460 1751 καὶ
477 1725 524 1752 τοῦ
542 1726 608 1752 Υίοῡ
621 1728 668 1753 καὶ
683 1728 730 1754 τοῦ
747 1728 827 1763 άγίου
843 1730 1018 1766 Πνεύματος,

229 1768 277 1795 νῦν
295 1769 400 1796 καὶ-ἀεὶ
414 1771 461 1797 καὶ
483 1772 522 1803 είς
548 1773 612 1804 τοὺς
634 1773 745 1806 αἰῶνας.
760 1775 858 1810 Κύριε,
874 1777 968 1813 ἐπειδὴ
985 1778 1017 1813 σή

227 1815 303 1841 ἐστιν
316 1816 333 1850 ἡ
351 1815 487 1850 βασιλεία,
506 1817 544 1853 μὴ
559 1818 644 1854 ὲάσῃς
662 1820 735 1854 ἡμᾶς
755 1821 907 1857 φοῦηθῆναι
921 1823 1019 1858 ἑτέραν

229 1860 381 1895 βασιλείαν,
398 1863 467 1897 μήτε
482 1863 611 1898 δύναμιν,
631 1865 700 1900 μήτε
715 1866 884 1895 δεσποτείαν.
909 1869 979 1895 Ἀλλ’
993 1871 1017 1897 εί

229 1907 277 1933 καὶ
295 1907 369 1940 ἄξιοί
383 1908 467 1943 ἐσμεν
484 1909 633 1944 κολάσεων,
649 1911 693 1938 διὰ
709 1912 759 1944 τὰς
772 1913 910 1949 ἁμαρτίας
926 1915 1016 1950 ἡμῶν,

228 1953 260 1979 σὺ
274 1954 349 1988 ἡμᾶς
362 1954 411 1989 οἵῳ
426 1955 523 1991 τρόπῳ
539 1955 632 1992 θέλῃς,
650 1957 810 1993 τιμώρησον
823 1967 829 1973 ·
846 1960 893 1986 καὶ
911 1961 947 1996 μὴ
963 1970 1016 1988 πα-

227 1999 316 2034 ραδῷς
347 2000 421 2035 ἡμᾶς
442 2002 483 2033 είς
503 2002 596 2036 χεῖρας
618 2002 781 2037 ἀνθρώπων.
805 2005 1016 2042 Ἑμπεσούμεθα

226 2045 254 2070 δὲ
268 2045 309 2076 εἰς
324 2047 419 2080 χεῖρας
444 2046 494 2078 σάς
511 2054 518 2061 ·
533 2047 575 2074 ὅτι
598 2048 636 2079 ὡς
660 2049 677 2083 ἡ
694 2050 876 2087 μεγαλωσύνη
896 2061 954 2085 σου,
971 2053 1016 2080 οὗ·

226 2098 265 2116 τω
281 2091 329 2116 καὶ
342 2091 372 2117 τὸ
385 2090 458 2123 ἔλεός
470 2100 529 2124 σου,
541 2093 635 2128 Πάτερ
655 2096 859 2131 παντοκράτορ.

263 2144 273 2160 ι
289 2135 391 2171 Είρήνη
405 2137 499 2164 πᾶσιν.
518 2147 527 2163 ι
548 2139 670 2174 Ἦρεμον
684 2140 731 2167 τὸν
742 2141 804 2168 νοῦν
813 2141 931 2177 ἓξοιμεν,
949 2143 1016 2170 πάν-

225 2188 280 2212 τες.
303 2191 312 2207 ι
333 2181 389 2213 Τὰς
405 2183 529 2217 κεφαλὰς
558 2184 649 2220 ἡμῶν.
666 2195 675 2211 ι
703 2186 759 2218 Τὰς
789 2187 910 2219 διανοίας
936 2190 1015 2224 ἡμῶν

227 2226 276 2252 σὺν
288 2227 346 2258 τοῖς
374 2227 467 2262 ἔργοις
491 2228 529 2264 τῷ
544 2230 640 2265 Κυρίῳ
653 2231 874 2267 ἐπιστρέψωμεν,
893 2233 1015 2269 δεόμενοι

225 2271 260 2298 τὰ
275 2273 447 2308 προκείμενα
460 2273 536 2310 δῶρα
549 2276 589 2307 εὶς
600 2275 701 2310 ἀγαθὸν
709 2277 869 2312 ὲξομαλίσαι
881 2280 952 2307 κατὰ
966 2281 1016 2317 τὴν

226 2317 321 2351 χρείαν
336 2319 465 2345 ἑκάστου.
491 2320 716 2356 Εὐχαριστοῦμεν
730 2322 775 2356 δὲ,
793 2324 887 2358 χάριτι
907 2326 955 2352 καὶ
975 2328 1015 2353 οε-

226 2364 352 2398 κτιρμοῖς
364 2364 411 2390 καὶ
425 2364 617 2401 φιλανθρωπίᾳ
628 2365 676 2392 τοῦ
688 2366 859 2402 Μονογενοῦς
875 2378 934 2397 σου,
948 2370 1014 2398 Εἶτα

226 2407 405 2443 βοᾷόίερεὺς
428 2410 486 2441 τοῖς
509 2411 577 2436 πᾶσι
601 2411 709 2444 λέγων’
728 2422 737 2437 ι
757 2413 818 2440 Ὅτι
839 2415 896 2448 ἐγὼ
912 2416 1013 2451 ἄνθρωι

225 2452 276 2484 πός
303 2454 362 2488 εἰμι
385 2455 556 2490 ὁμοιοπαθὴς
581 2456 645 2492 ὑμῖν
657 2477 665 2489 ,
681 2457 718 2493 μὴ
735 2457 880 2498 γινώσκων
896 2461 1012 2488 ἑκάστου

227 2498 304 2533 ἇμῶν
322 2500 358 2527 τὰ
376 2500 446 2536 ἔργα
460 2509 467 2516 ·
487 2511 496 2528 ι
513 2503 594 2537 ὁρᾶτε
619 2501 666 2530 οὖν
681 2505 730 2531 καὶ
748 2505 857 2539 γίνεσθε
873 2506 957 2540 ἅγιοι,
971 2509 1013 2534 ὅτι

225 2545 239 2570 ὁ
255 2546 375 2580 Χριστὸς
394 2546 424 2573 ὃν
446 2547 560 2582 μέλλετε
577 2549 754 2584 μεταλαϐεῖν.
768 2550 846 2584 ἅγιος
858 2551 927 2584 Θεός
945 2553 1014 2588 ἐστι,

226 2591 274 2617 καὶ
288 2592 316 2617 ἐν
328 2592 418 2626 ἁγίοις
430 2594 649 2630 ἀναπαυόμενος.
665 2604 674 2620 ι
690 2595 731 2622 Τὰ
741 2595 807 2630 ἇγια
821 2599 877 2629 τοῖς
887 2598 985 2632 ἁγίοις.
1002 2608 1012 2625 ι

226 2636 289 2668 Τοῖς
305 2638 508 2673 ἀμνησικᾴκοις
525 2640 573 2666 καὶ
593 2640 724 2674 καθαροῖς
745 2642 777 2677 τῇ
793 2643 893 2679 καρδίᾳ
914 2643 985 2677 ἀξιοῖ
1001 2645 1015 2672 ὁ

225 2681 291 2712 ’θεὸς
304 2681 396 2709 δοῦναι
412 2685 447 2710 τα
465 2683 542 2717 ἆγια.
562 2683 670 2718 Ἀγίους
694 2683 768 2718 λέγει
787 2685 851 2717 τοὺς
876 2686 1014 2724 κεκαθαρ-

261 2780 285 2794 ⁷⁶
300 2778 383 2808 Hebr.
400 2788 429 2814 ι,
443 2781 488 2808 51.

1031 2218 1053 2246 D

1083 266 1198 294 sidera:
1222 268 1295 301 quod
1322 268 1345 295 si
1370 269 1459 295 adhuc
1485 269 1549 296 mali
1574 271 1678 305 accepti
1709 273 1874 306 recordaris,

1082 319 1165 346 quam
1179 313 1369 340 remissionem
1382 314 1501 348 quaeris?
1513 315 1613 342 Eorum
1627 324 1689 351 quae
1700 317 1818 346 dicimus
1831 320 1875 348 hic

1083 365 1182 386 sensus
1196 364 1236 386 est
1250 368 1256 386 :
1271 359 1410 392 Domineu
1422 361 1528 389 dimitte
1540 363 1618 391 nobis
1629 364 1720 391 debita
1733 371 1847 404 nostra;
1862 377 1871 393 ι

1083 404 1109 431 id
1127 410 1178 437 est,
1195 411 1304 438 peccata
1324 410 1416 433 nostra
1435 411 1462 433 et
1479 406 1581 441 lapsus,
1601 417 1610 433 ι
1633 408 1706 436 sicut
1722 415 1750 437 et
1767 418 1817 437 nos
1833 412 1874 438 di-

1083 450 1220 478 mittimus
1240 461 1249 477 ι
1267 452 1398 479 omnibus
1420 453 1644 488 delinquentibus
1658 455 1685 482 in
1707 464 1759 484 nos
1781 456 1877 484 fratri-

1081 495 1133 523 bus
1149 497 1268 528 nostris.
1285 501 1339 524 tam
1359 498 1453 525 liberis
1473 506 1555 533 quam
1578 500 1666 527 servis
1677 520 1685 533 ,
1702 505 1729 528 et
1745 502 1873 531 omnibus

1080 541 1197 569 subditis
1216 543 1308 570 nobis.
1327 542 1390 572 "ac
1418 544 1531 576 dicens,
1552 553 1569 572 0
1593 545 1693 579 homo,
1714 555 1748 574 an
1771 547 1808 575 ita
1830 548 1872 576 fa-

1079 586 1147 620 cias,
1167 592 1257 615 tecum
1275 593 1381 623 reputa,
1396 590 1488 634 quia}
1505 591 1629 618 terribile
1649 597 1690 619 est
1706 592 1825 620 incidere
1844 594 1871 621 in

1079 640 1179 661 manus
1191 633 1240 661 Dei
1260 634 1376 662 viventis
1390 635 1414 651 ⁷⁸
1429 644 1438 662 :
1457 645 1466 661 ι
1493 640 1520 663 ει
1539 641 1564 663 ιε
1581 637 1721 671 corrigens
1735 643 1762 666 et
1776 647 1870 667 emen-

1078 678 1147 706 dans
1164 684 1322 708 convertere
1341 677 1375 708 ad
1393 680 1477 709 Deum
1500 685 1528 709 et
1553 681 1661 710 Patrem
1685 687 1712 711 et
1726 683 1868 713 Factorem

1079 727 1168 751 tuum.

1116 779 1126 795 ι
1148 770 1182 798 Ει
1196 778 1231 798 ηε
1256 779 1306 799 nos
1323 771 1438 800 inducas
1458 773 1485 800 in
1508 774 1698 808 tentationem,
1715 775 1762 803 sed
1783 775 1869 804 libera

1078 823 1129 842 nos
1144 823 1159 842 a
1174 816 1257 844 malo.
1278 826 1286 842 ι
1306 816 1372 848 Nos.
1389 817 1514 850 Domine,
1529 819 1605 847 onmi
1622 819 1756 855 supplicio
1773 829 1869 850 sumus

1077 860 1163 896 digni,
1177 866 1202 888 ct
1222 863 1409 897 supplicamus
1426 864 1473 891 tibi
1491 872 1526 891 ne
1541 865 1633 892 tradas
1654 874 1706 893 nos
1725 866 1751 893 in
1769 875 1869 896 manus

1077 906 1332 935 inimicissimnrum
1345 908 1498 939 hominum.
1513 911 1687 938 etmalorum
1701 911 1867 946 dmmonum,

1075 951 1108 978 ad
1126 952 1281 985 puniendos
1297 961 1347 980 nos
1365 963 1371 980 :
1389 955 1435 981 sed
1454 954 1630 987 tu,Domine,
1650 963 1700 984 nos
1717 958 1868 985 erudiendo

1075 996 1189 1031 castiga,
1204 997 1267 1031 quia
1290 998 1403 1032 perinde
1423 1003 1463 1026 est
1483 1004 1526 1026 tua
1552 1000 1695 1028 clementia
1724 1006 1805 1036 atque
1819 1010 1868 1031 ca-

1074 1041 1184 1075 stigatio
1209 1047 1264 1069 tua.
1296 1042 1367 1076 Quid
1393 1043 1487 1071 enim?
1511 1045 1650 1073 inducitne
1677 1046 1816 1075 hominem
1839 1050 1865 1076 in

1074 1087 1276 1114 tentationem?
1303 1089 1394 1116 absit!
1415 1097 1469 1117 non
1496 1090 1569 1117 enim
1598 1090 1670 1119 Deus
1701 1097 1743 1119 est
1770 1099 1867 1121 auctor

1074 1132 1209 1159 malorum
1235 1142 1242 1160 :
1272 1134 1318 1161 sed
1346 1134 1526 1163 obsecramus
1552 1143 1615 1163 eum
1639 1141 1669 1164 ut
1690 1145 1739 1172 per
1766 1139 1866 1167 multas

1073 1183 1139 1204 suas
1153 1177 1347 1206 miserationes
1362 1187 1418 1206 non
1431 1180 1504 1207 sinat
1518 1188 1568 1209 nos
1583 1182 1610 1208 in
1627 1183 1805 1211 tentationem
1823 1185 1866 1212 in-

1073 1221 1173 1249 cidere.
1192 1222 1316 1256 Domine,
1335 1225 1356 1252 si
1383 1230 1489 1259 quaerat
1506 1234 1556 1253 nos
1575 1226 1702 1261 Satanas,
1720 1234 1750 1257 ut
1765 1231 1867 1258 cribret

1072 1268 1306 1302 quemadmodum
1327 1270 1495 1299 frumentum
1512 1272 1554 1307 (ut
1568 1273 1652 1301 etiam
1678 1281 1788 1304 sanctos
1804 1281 1866 1303 tuos

1072 1314 1210 1348 apostolos
1232 1316 1376 1349 quaesivit,
1405 1317 1452 1344 sed
1474 1325 1527 1345 non
1545 1319 1683 1353 obtinuit;
1709 1326 1756 1354 aut
1774 1327 1803 1348 ut
1820 1330 1865 1350 ve-

1072 1364 1156 1387 terem
1184 1360 1262 1387 illum
1287 1361 1362 1396 Job),
1392 1369 1426 1389 ne
1447 1361 1496 1390 des
1514 1362 1539 1390 ei
1563 1368 1728 1398 potestatem
1750 1365 1778 1393 in
1803 1374 1862 1396 nos.

1071 1404 1227 1437 Quinetiam
1247 1405 1271 1432 si
1286 1406 1424 1441 malignus
1441 1407 1525 1435 homo
1542 1408 1607 1436 velit
1629 1417 1680 1436 nos
1696 1414 1811 1444 tentare,
1828 1420 1862 1440 ne

1071 1450 1165 1477 tradas
1183 1458 1232 1478 nos
1249 1450 1308 1484 ejus
1328 1451 1472 1485 voluntati,
1491 1454 1537 1481 sed
1554 1458 1616 1489 tege
1631 1463 1681 1483 nos
1706 1460 1864 1491 legumento

1071 1496 1177 1523 alarum
1207 1502 1315 1524 tuarum
1336 1507 1342 1525 :
1361 1507 1370 1523 ι
1392 1499 1528 1531 Quoniam
1545 1505 1621 1528 tuum
1647 1506 1689 1530 est
1708 1500 1820 1538 regnum
1836 1510 1870 1532 et.

1071 1541 1284 1576 virtusetgloria
1295 1543 1362 1577 (Μ),
1379 1553 1388 1569 ι
1402 1543 1503 1577 Patris,
1516 1550 1543 1572 ct
1554 1544 1627 1577 Filii,
1639 1552 1666 1573 ct
1677 1549 1764 1575 sancti
1775 1548 1873 1583 Spiri-~

1071 1591 1124 1615 tus.
1142 1587 1170 1614 ln
1188 1593 1232 1615 tua
1255 1594 1297 1616 est
1313 1589 1385 1616 enim
1402 1595 1537 1624 potestate
1553 1596 1580 1619 et
1594 1592 1728 1625 dominio,
1746 1595 1862 1622 misera-

1071 1632 1108 1659 tio
1121 1637 1147 1660 et
1158 1632 1245 1669 salus,
1258 1640 1332 1661 mors
1341 1637 1368 1661 et
1377 1634 1442 1668 vita,
1451 1642 1467 1662 ο
1482 1634 1573 1668 Pater,
1589 1641 1616 1663 et
1630 1636 1694 1670 Fili,
1705 1642 1732 1665 et
1745 1638 1863 1673 Spiritus

1069 1682 1174 1711 sancte,
1201 1686 1284 1712 nunc,
1301 1684 1328 1707 et
1356 1687 1475 1715 semper,
1501 1685 1529 1708 et
1546 1681 1574 1708 in
1599 1684 1710 1711 saecula.
1733 1684 1860 1718 Domine,

1069 1724 1200 1758 quoniam
1217 1728 1292 1752 tuum
1311 1729 1353 1752 est
1367 1733 1494 1761 regnum,
1507 1734 1541 1754 ne
1556 1727 1630 1755 sinas
1647 1736 1697 1756 nos
1713 1729 1873 1759 formidare

1069 1770 1141 1798 aliud
1155 1778 1281 1806 regnum,
1304 1778 1394 1807 neque
1408 1772 1571 1806 potentiam,
1585 1781 1674 1808 neque
1696 1775 1862 1803 dominatio-

1069 1824 1143 1844 nem.
1162 1816 1205 1849 Et,
1225 1817 1334 1845 tametsi
1357 1817 1501 1852 suppliciis
1527 1818 1601 1853 digni
1625 1826 1722 1847 sumus
1748 1827 1861 1855 propter

1069 1867 1180 1898 peccata
1203 1867 1308 1895 nostra,
1325 1868 1353 1890 tu
1376 1870 1426 1890 nos
1443 1863 1584 1898 qttomodo
1599 1864 1640 1892 vis
1657 1865 1763 1899 pttnito,
1784 1871 1811 1893 et
1825 1875 1860 1894 nc
1908 1867 1915 1873 ‘

1069 1909 1161 1936 tradas
1177 1916 1227 1936 nos
1246 1909 1273 1936 in
1297 1917 1396 1937 manus
1417 1909 1571 1937 hominum.
1588 1909 1743 1939 incidemus
1767 1916 1858 1940 autem

1068 1954 1095 1981 in
1111 1962 1208 1982 manus
1222 1959 1282 1981 tuas
1298 1964 1304 1982 :
1318 1955 1383 1989 quia
1397 1956 1459 1982 talis
1473 1960 1516 1983 est
1528 1956 1689 1991 magnitudo
1700 1962 1757 1990 tua,
1769 1958 1866 1993 qualis-

1067 2003 1094 2027 et
1112 2000 1300 2027 misericordia
1315 2005 1371 2034 tua,
1387 2000 1468 2028 Pater
1478 2002 1665 2036 omnipotens.

1105 2141 1114 2157 ι
1136 2131 1192 2159 Pax
1208 2131 1349 2160 omnibus.
1370 2141 1380 2158 )
1394 2132 1522 2166 Quietam
1543 2130 1572 2161 et
1593 2134 1712 2162 sedatam
1739 2141 1865 2164 mentem-

1067 2178 1217 2206 habcamus
1244 2187 1352 2206 omnes.
1372 2188 1382 2205 ι
1397 2180 1492 2214 Capita
1515 2185 1609 2209 nostra
1627 2190 1634 2208 :
1650 2190 1659 2207 ι
1679 2182 1865 2217 cogitationes

1068 2231 1176 2253 nostras
1194 2233 1256 2253 cum
1272 2227 1403 2261 operibus
1425 2226 1481 2254 Deo
1501 2233 1626 2263 acceptas
1650 2228 1783 2261 feramus,
1808 2230 1859 2257 de-

1068 2275 1211 2306 precantes
1229 2276 1259 2299 ut
1283 2273 1423 2307 proposita
1440 2281 1555 2300 munera
1574 2274 1601 2301 in
1616 2275 1718 2301 bonum
1736 2275 1858 2309 compla-

1066 2321 1122 2349 net,
1140 2317 1165 2344 in
1195 2325 1276 2344 usum
1293 2322 1320 2344 et
1335 2318 1509 2346 commodum
1528 2319 1672 2354 cujusque.
1686 2320 1793 2347 Gratias
1809 2328 1858 2346 au-

1067 2367 1120 2390 tem
1136 2363 1253 2398 agimus,
1270 2363 1318 2390 Dei
1346 2364 1434 2398 gratia
1451 2369 1478 2391 et
1494 2365 1717 2393 miserationibus
1732 2371 1759 2393 et
1783 2366 1863 2393 boui-7

1065 2409 1167 2444 gnitatc
1185 2407 1248 2436 Filii
1269 2409 1308 2436 tui
1327 2409 1355 2436 in
1372 2409 1507 2438 homines.
1526 2410 1630 2438 Deinde
1645 2411 1745 2438 clamat
1761 2420 1855 2439 sacer-

1067 2455 1128 2487 dos,
1144 2455 1272 2483 omnibus
1288 2455 1454 2491 inquiensu
1465 2456 1534 2490 Quia
1551 2463 1602 2493 ego
1622 2458 1705 2485 homo
1724 2466 1796 2491 sum,
1815 2459 1863 2486 κί’-ν

1066 2500 1229 2530 lectionibus
1244 2502 1330 2529 vestri
1343 2502 1453 2535 similis,
1470 2511 1524 2530 non
1539 2511 1708 2539 cognoscens
1721 2505 1857 2540 cujusque

1064 2551 1185 2574 vestrum
1201 2555 1300 2581 opera;
1326 2557 1336 2573 ›
1353 2548 1443 2576 videte
1459 2548 1542 2583 igitur
1555 2553 1586 2576 ut
1601 2550 1767 2578 sanctilicati
1782 2551 1854 2582 sitis.

1063 2593 1128 2627 quia
1142 2592 1268 2621 Christus
1281 2594 1360 2629 cujus
1376 2595 1522 2630 participes
1536 2596 1606 2623 estis
1629 2596 1727 2629 futuri,
1743 2603 1864 2624 sanctus

1063 2638 1136 2666 Deus
1147 2643 1198 2671 est,
1212 2643 1239 2667 et
1253 2639 1281 2667 in
1295 2641 1399 2668 sanctis
1412 2641 1556 2669 recumbit.
1576 2650 1584 2667 ι
1600 2641 1699 2670 Sancta
1712 2642 1826 2670 sanctis.
1842 2652 1861 2668 ν

1063 2683 1275 2713 lmmemoribus
1292 2687 1439 2720 malorum,
1455 2692 1484 2715 et
1497 2687 1608 2715 mundis
1627 2688 1710 2716 corde
1725 2688 1857 2723 dignatur.

261 2870 317 2905 (14)
331 2869 368 2899 Dc
380 2871 430 2900 hac
441 2872 586 2908 doxologia
599 2881 659 2908 qua:
670 2875 790 2902 occurrit
803 2874 830 2902 in
844 2879 918 2903 textu
928 2874 1128 2911 Gmcojlatth.
1149 2885 1176 2910 γ,
1194 2877 1236 2912 15,
1255 2878 1355 2906 videsis
1372 2877 1439 2906 Nov.
1451 2877 1525 2906 Tcst.
1543 2878 1686 2907 “tetatenii
1703 2878 1754 2907 hoc
1770 2878 1804 2905 ιυι
1814 2885 1842 2907 ο.
