2085 3156
223 166 277 199 ιιι

670 166 810 198 RERUM
829 164 1070 196 ECCLESIAST.
1085 164 1389 195 CONTEMPLATIG.

1803 165 1858 198 451)

224 224 251 251 δὲ
269 223 337 251 ἄλλα
352 223 431 258 τίμια
445 223 531 259 δῶρα,
547 223 616 259 μέλη
636 223 766 258 Χριστοῦ,
786 222 928 257 καὶσῶμα
943 222 1009 257 Χρι-

1062 220 1174 252 Christi,
1191 225 1217 247 et
1241 227 1342 254 corpus
1359 220 1479 252 Christi,
1511 220 1537 247 id
1558 225 1610 252 est,
1627 222 1774 249 venerandi
1793 230 1858 251 cor-

225 271 288 297 στοῦ
301 279 308 286 ·
327 271 411 306 ἤγουν
423 270 470 297 τοῦ
494 271 584 306 τιμίου
600 271 726 305 σώματος
741 269 860 306 Χριστοῦ
875 269 920 295 τοῦ
933 267 1012 295 Θεοῦ.

231 317 349 348 Ἐκεῖνος
364 319 418 352 γάρ
433 318 492 343 ὲστι
509 318 599 352 μόνος,
618 318 647 342 ἐν
660 313 682 350 ᾧ
693 316 826 343 τυποῦται
847 317 894 342 καὶ
910 315 1014 341 δείκνυ-

225 371 269 389 ται
282 363 314 389 τδ
325 363 397 389 θεῖον
413 364 460 390 καὶ
475 363 618 398 ζωηφόρον
632 363 729 396 πάθος,
742 362 788 388 τοῦ
800 361 927 392 τυθέντος
943 361 1013 395 ὑπὲρ

224 409 274 444 τῆς
307 408 353 434 τοῦ
386 409 489 443 κόσμου
519 409 777 443 ζωῆς¹ὲπειδήπερ
805 407 886 438 αὐτὸς
911 406 1014 440 μόνοςὸ

225 456 295 486 θεῖος
308 455 388 489 ἄρτος
403 474 410 486 ,
427 455 574 490 σφάττεται
595 454 646 489 μὲν
659 476 666 487 ,
685 455 733 481 καὶ
750 454 788 485 ὡς
800 454 886 488 ἀμνὸς
899 453 992 480 θύεται
1005 460 1013 468 ο

223 500 258 526 τὰ
271 500 293 526 δ’
307 501 377 526 ἄλλα
396 499 450 526 τῶν
469 501 548 526 θείων
577 500 670 535 δὼρων
695 501 724 528 οὺ
750 499 924 534 λογχεύονται
945 499 1014 534 μετὰ

223 547 273 581 τῆς
295 546 396 582 λόγχης
425 547 625 581 σταυροειδῶς·
639 546 696 573 ἀλλ’
713 547 750 577 ὼς
777 546 845 581 μέλη
873 546 919 572 καὶ
943 546 1012 580 μέρη

224 594 363 628 σώματος.
378 593 535 628 μερίζονται
551 593 598 619 καὶ
615 593 864 626 κατασφάττονται.
882 591 1012 625 Μετέχων

224 637 270 666 οὖν
286 640 389 670 ἐκεῖνος
404 641 418 665 ὁ
428 639 498 670 θεῖος
513 639 594 673 ἄρτος
613 637 751 673 ἁγιασμοῦ
764 658 770 670 ,
786 637 946 672 μεταδίδωσι
964 637 1012 663 καὶ

223 686 278 716 τοῖς
292 684 382 715 ἄλλοις
400 683 502 718 τιμίοις
515 684 612 719 δώροις
624 693 631 700 ι
645 684 744 718 ὁμοίως
767 683 814 710 καὶ
831 683 871 718 τῷ
890 682 1012 718 ποτηρίῳ

226 730 387 764 μεταδίδωσι
417 729 463 755 τοῦ
492 729 629 764 ἀγιασμοῦ
651 730 762 764 καὶτῆς
780 730 903 764 χάριτος.

258 774 337 801 Μετὰ
352 774 380 800 δὲ
402 775 451 807 τὴν
466 773 580 808 ὖψωσιν,
607 774 688 805 εὐθὺς
703 775 716 800 ὁ
730 773 863 809 μερισμὸς
878 773 925 800 τοῦ
939 772 1011 799 θείου

224 822 342 846 ποιεῖται
368 819 503 854 σώματος.
523 819 603 846 Ἀλλὰ
626 819 676 845 κᾶν
692 819 847 854 μερίζηται,
863 819 1012 854 ἀμέριστος

223 865 345 901 διαμένει
374 866 421 891 καὶ
447 865 569 900 ἄτμητος
586 885 593 896 ,
609 865 652 898 ἐφ’
670 865 711 890 ἐνὶ
739 865 846 898 ἑκάστῳ
862 865 941 899 μέρει
956 863 1010 890 τῶν

223 911 407 946 τεμνομένων,
423 911 483 942 ὅλος
490 911 690 945 γνωριζόμενός
701 919 729 936 τε
741 911 788 936 καὶ
802 911 1010 946 εὑρισκόμενος.

223 959 256 984 El
269 957 323 991 γὰρ
339 957 386 983 καὶ
401 957 507 991 φθορὰν
520 956 625 991 ὑπέστη
642 956 680 991 τῷ
695 956 819 991 Θανάτῳ,
834 956 892 982 ἀλλ’
911 957 927 991 ὴ
943 955 1012 990 σὰρξ

223 1001 305 1028 αὑτοῦ
322 1002 351 1028 ὲν
362 1001 401 1036 τῷ
422 1001 473 1037 ᾄδῃ
491 1002 542 1028 οὐκ
562 1000 617 1027 εἶδε
644 1001 803 1037 διαφθοράν.
825 1002 891 1028 Τότε
914 1001 942 1027 δὲ
965 1010 1011 1028 κο·-

225 1047 333 1082 μίζεται
354 1046 426 1082 ὕδωρ
452 1047 619 1082 θερμότατον
643 1048 683 1078 εἰς
710 1047 808 1082 μικρὸν
833 1047 1006 1082 λεϐητάριον,

224 1093 271 1120 καὶ
287 1092 416 1127 κιρνῶσιν
434 1093 463 1126 ἐξ
482 1093 565 1119 αὑτοῦ
583 1093 619 1119 τὰ
636 1092 807 1128 προκείμενα
820 1094 853 1128 τῇ
872 1093 932 1127 θείᾳ
943 1102 1011 1128 τρα-

224 1137 306 1173 πέζῃ,
323 1138 379 1164 εἴτε
403 1138 542 1173 κρατῆρες
557 1158 564 1169 ,
578 1138 633 1164 εἴτε
647 1139 766 1173 ποτήρια
780 1135 834 1163 εἷεν
845 1145 850 1152 ·
863 1137 896 1163 ἶν’
916 1137 1011 1173 ὥσπερ

224 1185 257 1210 ὲκ
280 1183 373 1218 ζώσης
398 1183 534 1218 προῆλθον
564 1184 613 1218 τῆς
631 1183 706 1215 Θείας
732 1183 854 1217 πλευρᾶς
868 1183 1012 1217 ἀμφότερα

224 1230 393 1265 θερμότητος
419 1230 640 1265 πεπληρωμένα,
662 1229 732 1255 οὕτω
756 1229 787 1264 δὴ
812 1229 859 1255 καὶ
885 1229 916 1254 τὸ
940 1224 1011 1264 ὕδωρ

224 1275 393 1311 θερμότατον
410 1276 438 1301 ἐν
453 1275 492 1310 τῷ
508 1276 597 1311 καιρῷ
613 1276 661 1310 τῆς
680 1275 856 1310 pessimum;
871 1267 1012 1308 ἐπεμϐαλ-

224 1319 347 1354 λόμενον,
360 1319 464 1346 τέλειον
479 1320 524 1346 τὸν
549 1320 635 1346 τύπον
656 1320 702 1346 τοῦ
721 1320 872 1354 μυστηρίου
887 1319 1011 1354 ἀναπλη-

224 1366 267 1400 ροῖ
292 1365 347 1391 τῶν
373 1365 638 1400 μεταλαμὸανόντων
662 1367 695 1400 τῇ
719 1365 786 1400 θηλῇ
803 1365 850 1391 τοῦ
866 1366 1029 1402 ποτηρίου,-

222 1412 261 1443 ὡς
285 1413 353 1447 αὐτῇ
371 1413 404 1447 τῇ
420 1412 588 1447 ζωοπαρόχῳ
618 1412 722 1447 πλευρᾷ
742 1412 894 1446 ψαυόντων.
919 1411 1012 1438 Ταῦτα

224 1457 272 1483 καὶ
285 1457 355 1492 θύρα
379 1457 420 1485 τίς
445 1456 519 1486 ἐστι,
538 1456 606 1490 πρὸς
617 1455 667 1490 τὴν
680 1456 730 1490 τῆς
744 1455 858 1490 Τριάδος
876 1455 966 1481 πίστιν
982 1463 1012 1481 τε

224 1501 271 1527 καὶ
301 1501 467 1535 ἐπίγνωσιν,
482 1500 529 1526 καὶ
553 1501 633 1527 τοῦτο
662 1501 676 1527 ὁ
702 1501 790 1535 μέγας
812 1500 940 1534 Ἰωάννης
965 1499 1012 1526 καὶ

1065 264 1140 298 poris
1154 264 1255 292 Clu-isti
1272 265 1330 291 Dei.
1346 265 1392 292 llle
1414 266 1488 292 ettim
1508 271 1549 293 est
1569 266 1644 294 solus
1660 268 1686 294 itt
1709 276 1764 302 quo
1788 269 1859 304 ﬁgu-

1066 315 1141 338 ratur
1162 315 1189 337 cl
1206 316 1375 338 monstratur
1397 312 1488 339 divina
1505 318 1531 340 et
1551 314 1657 342 viviﬁca
1676 316 1768 349 passio
1784 316 1856 350 ejus,

1064 358 1110 392 qui
1122 363 1164 385 est
1186 358 1343 385 imtnolatus
1365 366 1413 392 pro
1429 359 1522 385 mundi
1537 359 1592 386 vita
1611 369 1617 385 :
1634 361 1857 395 quandoquidetn

1064 403 1122 438 ipse
1135 403 1210 430 solus
1225 403 1335 442 divinus
1363 404 1441 438 panis
1457 408 1601 438 mactatur,
1618 410 1645 432 et
1661 411 1689 432 ut
1706 415 1792 441 agnus
1806 407 1858 434 im-

1065 450 1185 476 molatur
1200 459 1206 477 :
1226 450 1279 476 alia
1300 457 1365 477 vero
1381 450 1473 477 divina
1487 450 1569 483 dona,
1587 451 1682 479 lancea
1700 460 1753 479 non
1769 452 1857 481 disse-

1064 501 1160 522 cantur
1179 497 1206 522 iu
1233 497 1344 523 modum
1369 497 1462 524 crucis
1488 497 1581 524 lancea
1598 498 1731 530 adhibita,
1762 500 1807 526 sed
1829 503 1858 526 ut

1063 541 1184 568 membra
1200 545 1227 568 et
1246 546 1337 576 partes
1354 542 1478 576 corporis
1493 543 1677 576 particulatim
1697 544 1859 570 dividuntur

1063 591 1090 613 et
1110 591 1276 614 mactantur.
1300 587 1385 622 igitur
1402 588 1481 622 panis
1507 588 1552 615 ille
1573 589 1682 616 divinus
1702 589 1858 616 sanctiﬁca-

1064 632 1136 659 tione
1153 634 1331 668 participans,
1349 633 1535 660 communicat
1549 639 1575 660 et
1590 635 1652 662 aliis
1669 635 1795 668 pretiosis
1808 635 1858 661 do—

1064 678 1115 710 nis,
1131 679 1256 706 similiter
1270 683 1297 706 et
1312 680 1388 707 calici
1405 681 1592 708 communicat
1609 681 1856 709 sanctiﬁcatiouem

1063 727 1089 749 et
1103 724 1218 757 gratiam
1236 724 1259 757 (l
1266 723 1305 758 5).

1098 768 1164 796 Post
1179 769 1361 796 elevationem
1389 771 1481 797 statim
1497 771 1609 805 partitio
1632 771 1716 798 divini
1733 773 1858 807 corporis

1063 814 1103 841 ﬁt.
1133 814 1391 853 Verumenimvero,
1416 817 1525 844 tametsi
1552 810 1580 844 in
1609 822 1700 851 partes
1728 818 1858 844 dividitur

1064 860 1233 888 individuum
1246 866 1274 888 et
1288 862 1432 893 insectum,
1447 863 1473 889 in
1493 863 1607 898 singulis
1626 863 1749 898 partibus
1765 869 1856 891 secto-

1064 914 1122 933 rum
1147 912 1232 934 totum
1250 908 1407 942 agnoscitur
1426 913 1453 935 et
1479 909 1624 936 invenitur.
1647 909 1766 936 Tametsi
1782 910 1855 936 enim

1062 953 1266 986 corruptionem
1290 953 1374 980 subiit
1398 958 1496 985 morte,
1511 959 1537 982 at
1560 955 1619 988 ejus
1640 963 1704 982 caro
1720 956 1744 981 in
1761 954 1856 982 inferis

1063 1007 1116 1025 ttott
1134 999 1219 1026 sensit
1234 1001 1448 1034 corruptionem.
1463 1000 1541 1027 Tunc
1556 1005 1583 1027 et
1595 1001 1710 1028 affertur
1725 1008 1795 1034 aqua
1809 1009 1856 1027 ca-

1063 1044 1195 1071 lidissima
1214 1046 1240 1072 itt
1256 1046 1356 1080 exiguo
1370 1046 1466 1079 lebete,
1483 1054 1516 1074 ac
1533 1055 1565 1073 ex
1581 1055 1613 1074 ea
1630 1051 1782 1081 temperant
1794 1054 1856 1081 qua:

1062 1090 1161 1118 divinae
1192 1099 1292 1118 mensae
1312 1093 1451 1126 proposita
1474 1098 1549 1125 sunt,
1569 1093 1627 1120 sive
1649 1098 1773 1124 craterae,
1796 1093 1855 1119 sive

1063 1137 1160 1170 pocula
1183 1137 1254 1169 sint;
1276 1141 1306 1163 ut
1326 1137 1408 1164 veluti
1430 1145 1462 1164 ex
1477 1138 1585 1164 vivente
1602 1139 1749 1172 procedant
1761 1138 1855 1164 divino

1063 1180 1156 1211 latere,
1177 1186 1293 1216 utraque
1312 1182 1403 1209 calore
1419 1183 1527 1209 referta.
1549 1182 1587 1209 Ita
1603 1191 1669 1210 sane
1683 1188 1709 1210 et
1723 1191 1792 1218 aqua
1809 1190 1857 1210 ca-

1063 1226 1195 1254 lidissima
1215 1233 1335 1262 tempore
1354 1230 1557 1256 communionis
1580 1230 1680 1264 injecta
1696 1231 1852 1257 absolutum

1063 1276 1155 1307 typum
1171 1273 1292 1307 mysterii
1306 1274 1393 1304 explet
1410 1275 1620 1308 percipientium
1640 1283 1785 1302 mammam
1805 1284 1854 1309 po-

1062 1317 1126 1350 culi,
1142 1319 1221 1352 quasi
1238 1318 1295 1352 ipso
1310 1319 1391 1345 vitam
1409 1320 1562 1353 porrigente
1576 1320 1657 1347 latere
1673 1326 1852 1347 coutrecmto.

1062 1362 1125 1390 Htec
1141 1363 1223 1390 etiam
1235 1363 1320 1398 janua
1336 1365 1460 1399 quaedam
1477 1370 1517 1392 est
1531 1366 1564 1392 ad
1580 1365 1721 1393 Trinitatis
1734 1367 1812 1392 ﬁdem
1829 1371 1856 1393 et

1064 1409 1245 1444 cognitionem
1263 1411 1477 1444 percipiendam,
1491 1411 1571 1446 idque
1587 1420 1700 1445 magnus
1719 1412 1762 1438 ille
1773 1411 1855 1438 Joan-

1063 1462 1111 1481 nes
1131 1462 1162 1481 ac
1187 1455 1331 1490 theologus
1353 1461 1540 1490 repraesentat,
1561 1457 1647 1484 tribus
1669 1457 1713 1483 his
1741 1458 1855 1484 testibus

1063 1500 1194 1528 salutaris
1215 1501 1276 1527 ﬁdei
1303 1506 1331 1527 et
1355 1501 1464 1528 virtutis
1493 1509 1646 1529 sermonem
1677 1503 1854 1529 cunl‘trmans.

224 1547 348 1580 θεολόγος
377 1546 525 1581 παρίστησι
541 1548 619 1578 ,τοῖς
648 1547 722 1581 τρισὶ
749 1546 854 1577 τούτοις
880 1546 1008 1580 μάρτυσι,

1066 1557 1074 1572 ι
1094 1547 1172 1579 Tres,
1188 1547 1287 1582 inquit,
1304 1552 1368 1592 sunt
1387 1549 1575 1580 testiﬁcantes,
1601 1549 1725 1582 spiritus,
1744 1558 1814 1583 aqua
1830 1553 1857 1574 rt

223 1593 275 1628 τῆς
300 1593 436 1628 σωτηρίου
466 1593 583 1623 πίστεως
599 1593 646 1618 καὶ
671 1591 812 1627 δυνάμεως
825 1591 1011 1626 ἐπιστηρίζων

223 1639 269 1665 τὸν
283 1639 371 1672 λόγον.
389 1648 397 1664 ι
413 1639 492 1673 Τρεῖς
505 1639 573 1664 εἰσιν
589 1639 613 1664 οί
625 1638 837 1673 μαρτυροῦντες,
851 1637 882 1663 τὸ
891 1637 1009 1671 πνεῦμα,

224 1685 254 1711 τὸ
271 1684 343 1719 ὕδωρ
356 1685 402 1710 καὶ
417 1685 447 1710 τὸ
463 1682 531 1718 αἷμα
544 1704 552 1715 ,
567 1685 613 1710 καὶ
627 1685 650 1710 el
664 1684 737 1718 τρεῖς
755 1684 796 1715 είς
812 1683 843 1709 τὸ
858 1683 886 1709 ἓν
902 1684 981 1709 εἰσιν.
999 1692 1008 1708 ι

231 1730 261 1756 Ἥ
277 1731 304 1756 δὲ
332 1729 482 1764 μετάληψις
499 1729 575 1764 δηλοί
594 1730 641 1755 καὶ
654 1730 702 1764 τὴν
720 1729 771 1765 πρὸ
783 1729 830 1756 τοῦ
847 1729 949 1760 πάθους
965 1728 1011 1754 ἐπὶ

223 1775 271 1802 τοῦ
291 1775 424 1810 μυστικοῦ
453 1775 562 1801 δείπνου
578 1775 723 1810 μετάδοσιν
737 1774 783 1800 τοῦ
799 1772 882 1809 ἄρτου
899 1773 947 1799 καὶ
963 1772 1010 1798 τοῦ

224 1821 320 1847 καινοῦ
354 1821 484 1855 ποτηρίου
498 1831 504 1836 ·
524 1821 587 1856 περὶ
610 1818 640 1847 οὗ
662 1817 739 1846 εἶπεν
761 1821 775 1846 ὁ
796 1818 891 1854 Σωτὴρ
913 1818 1010 1853 ἡμῶν·

227 1875 237 1890 ι
251 1866 350 1892 Οὐκέτι
367 1866 398 1891 ἐκ
413 1866 508 1891 τούτου
524 1866 588 1897 πίω,
604 1865 683 1900 ἄχρις
695 1865 758 1892 ὅτου
775 1865 828 1891 πίω
841 1863 906 1890 αὐτὸ
919 1863 1012 1890 καινὸν

223 1913 254 1938 ὲν
267 1914 299 1947 τῇ
314 1912 438 1947 βασιλείᾳ
450 1913 496 1938 τοῦ
514 1913 620 1947 Πατρός
634 1921 695 1947 μου.
717 1922 725 1937 ι
749 1913 781 1937 ’Ὁ
797 1912 844 1937 καὶ
865 1911 926 1937 ἔπιε
942 1910 1012 1946 μετὰ.

223 1957 274 1992 τὴν
290 1958 439 1984 ἀνάστασιν
456 1957 538 1989 ξένως
552 1958 619 1992 ὁμοῦ
632 1958 678 1983 καὶ
691 1956 894 1992 καιννοπρεπῶς.
909 1956 945 1982 Οὐ
958 1955 1012 1990 γὰρ

223 2003 261 2033 ὡς
290 2004 384 2037 χρείαν
410 2004 561 2037 τηνικαῦτα
579 2003 624 2029 τοῦ
638 2003 763 2037 σώματος
775 2002 883 2037 ἔχοντος
897 2002 1011 2036 τροφῆς,

224 2048 282 2075 ἀλλ’
295 2051 334 2080 εἰς
353 2049 540 2084 πληροφορίαν
554 2049 607 2075 τῶν
622 2049 752 2083 μαθητῶν
767 2049 815 2083 τῆς
834 2048 1012 2078 ἀναστάσεως

223 2095 315 2121 ἕνεκαΔ
332 2095 368 2120 Τὸ
382 2095 411 2121 δὲ
430 2095 592 2130 μεταλαϐεῖν
615 2095 660 2122 τὸν
679 2095 753 2130 ἱερέα
771 2094 851 2130 μόνον
872 2095 918 2120 τὸν
941 2094 1012 2130 Θεῖον

223 2141 317 2175 ἄρτον,
331 2141 396 2167 ἄνευ
417 2140 467 2176 μὲν
491 2141 616 2176 αἵματος,
633 2139 682 2167 εἷθ’
699 2141 786 2172 οὓτως
804 2141 951 2175 μετασχεῖν
965 2139 1012 2166 τοῦ

224 2187 298 2213 θείου
314 2187 440 2221 αἵματος,
454 2188 530 2214 οὐδὲν
547 2188 611 2214 ἄλλο
624 2187 709 2222 δηλοῖ,
723 2188 747 2214 εί
767 2187 805 2222 μὴ
817 2186 958 2222 αἱματώδη
973 2185 1012 2211 ἔτι

223 2231 293 2259 εἶναι
306 2233 351 2258 τὸν
367 2232 438 2259 θεῖον
456 2233 541 2268 ἀμνὸν
551 2254 558 2265 ,
572 2234 625 2260 ἀπὸ
648 2233 698 2268 τῆς
712 2233 787 2264 θείας
805 2233 852 2259 καὶ
868 2232 1011 2267 ζωηφόρου

224 2279 333 2313 σφαγῆς
350 2299 357 2311 ,
374 2279 422 2306 καὶ
445 2279 492 2305 τοῦ
511 2279 606 2314 νοητοῦ
622 2279 757 2314 θύματος,
773 2279 829 2314 ῆνὸ
845 2279 934 2314 ἱερεὺς
947 2279 1011 2304 ἐπε-

224 2325 334 2360 ποιήκει
354 2325 493 2359 μυστικῶς
519 2326 548 2351 ὲν
569 2327 602 2361 τῇ
619 2325 756 2361 προθέσει.
777 2325 808 2351 Ἡ
825 2325 891 2359 εὑχὴ
907 2326 924 2360 ἡ
942 2325 1012 2359 μετὰ

223 2372 253 2397 το
271 2371 434 2405 μεταλαϐεῖν
448 2371 494 2398 τὸν
506 2371 580 2406 ἱερέα
593 2380 599 2386 ·
619 2381 628 2397 ι
653 2372 821 2407 Ἡτοίμασας
833 2371 949 2398 ἐνώπιόν
960 2380 1011 2406 μου

223 2415 364 2449 τράπεζαν
380 2415 410 2447 ἐξ
434 2416 558 2447 ἐναντίας
580 2416 689 2442 πάντων
704 2417 758 2442 τῶν
775 2417 921 2443 θλιϐόντων
940 2425 983 2451 με.
1001 2426 1010 2442 ι

224 2461 281 2495 Τὴν
303 2462 463 2496 ἐπουράνιον
484 2461 558 2496 λέγει
582 2462 723 2498 τράπεζαν
736 2483 742 2495 ,
761 2463 790 2489 τὺ
811 2465 959 2499 μυστήριον
984 2464 1014 2490 τὸ

224 2506 360 2532 ἀθάνατον
373 2514 380 2521 '
399 2507 550 2542 τράπεζαν,
564 2507 594 2533 τὸ
610 2508 743 2543 ἄχραντον
759 2508 848 2543 σῶμα.
869 2519 877 2534 ι
903 2509 1013 2536 Ἐλίπα-

224 2560 273 2582 νας
301 2553 330 2578 ἐν
352 2552 434 2588 ἐλαίῳ
454 2553 502 2588 τὴν
526 2553 647 2588 κεφαλήν
673 2562 744 2588 μου·
763 2554 818 2580 ne
833 2554 923 2580 ἔλαιον
940 2554 1014 2588 λέγει

223 2596 276 2631 τῆς
291 2598 401 2633 χάριτος
424 2598 471 2624 τοῦ
487 2599 566 2632 ἁγίου
585 2599 754 2634 Πνεύματος.
776 2610 785 2625 ι
804 2601 859 2627 Καὶ
884 2601 913 2626 τὸ
930 2601 1014 2635 ποτή-

226 2642 284 2677 ριόν
302 2651 348 2669 σου
364 2643 500 2678 μεθύει-κον
516 2654 548 2679 με
560 2664 567 2675 ,
584 2645 650 2671 ὡσεὶ
667 2647 829 2681 κράτιστονῐ
848 2657 856 2671 ι
874 2646 922 2682 τὴν
944 2646 1012 2673 ἀθά-

225 2696 304 2713 νατον
321 2689 403 2714 ,πόσιν
418 2689 492 2723 λέγει
510 2691 556 2716 τοῦ
582 2691 653 2717 θείου
671 2692 795 2726 αἳματος.
820 2693 940 2725 Ἄλλως·
959 2693 1008 2718 Πο-

224 2733 328 2767 τὴριον,
345 2734 375 2759 τὸ
392 2734 481 2769 τίμιον
510 2733 589 2770 αἷμα.
607 2736 660 2762 Καὶ
675 2737 704 2762 τό
717 2745 724 2753 ⁸
740 2748 747 2761 ι
768 2739 914 2766 Κατοικεῖν
931 2748 964 2774 με
982 2740 1010 2766 ὲν

259 2809 302 2836 "l
320 2809 400 2838 Joan.
417 2819 442 2842 v,
459 2812 485 2839 8.

261 2868 318 2903 (l5)
338 2868 456 2904 Benigne
472 2871 718 2906 inlctpretandum.

1063 1593 1185 1627 sanguis,
1210 1597 1236 1620 et
1252 1598 1305 1620 tres
1332 1593 1359 1620 itt
1387 1602 1469 1620 unum
1494 1599 1592 1622 coeunt
1607 1595 1641 1621 ‘7.
1661 1603 1670 1620 ι
1691 1594 1855 1621 Communia

1063 1643 1152 1664 autem
1180 1638 1316 1673 signiﬁcat
1340 1638 1422 1673 etiam
1448 1640 1534 1671 illam,
1558 1645 1621 1667 ante
1645 1641 1810 1675 passionem,
1828 1642 1854 1668 in

1063 1685 1178 1719 mystica
1196 1692 1273 1711 manu
1289 1685 1567 1712 communicationem
1583 1687 1662 1720 patris
1680 1690 1706 1712 et
1724 1687 1785 1712 novi
1806 1694 1855 1720 po-

1062 1731 1127 1762 culi,
1143 1729 1176 1757 de
1191 1738 1245 1765 qtto
1259 1731 1296 1757 ait
1313 1730 1439 1757 Salvator
1454 1735 1564 1758 uester:
1584 1741 1592 1756 ι
1609 1731 1668 1758 Non
1684 1733 1802 1766 amplius
1821 1740 1854 1759 ex

1061 1783 1094 1802 eo
1109 1775 1182 1807 bibo,
1201 1776 1288 1802 donec
1302 1777 1394 1803 hibero
1407 1777 1472 1803 illud
1494 1785 1594 1804 novum
1619 1777 1646 1804 itt
1662 1786 1746 1812 regno
1766 1778 1854 1806 Patris

1063 1822 1126 1848 mei.
1148 1830 1157 1847 ι
1175 1820 1250 1854 Quod
1265 1826 1293 1848 et
1310 1821 1379 1848 bibit
1393 1828 1452 1856 post
1468 1823 1707 1855 resurrectionem,
1723 1830 1853 1850 extraneo

1062 1864 1285 1901 quodannsimul
1303 1872 1329 1893 et
1340 1875 1411 1893 noro
1428 1868 1519 1893 modo.
1535 1867 1591 1894 Non
1607 1870 1678 1894 enim
1698 1870 1776 1902 quasi
1794 1874 1851 1896 tum

1064 1913 1192 1947 temporis
1206 1920 1307 1947 corpus
1321 1920 1390 1947 opus
1405 1913 1516 1939 haberet
1529 1913 1663 1944 alimenti,
1676 1914 1721 1940 sed
1736 1914 1853 1948 pertinet

1063 1959 1096 1986 ad
1129 1958 1207 1993 plene
1243 1958 1379 1985 docendos
1408 1958 1547 1991 apostolus
1576 1958 1609 1984 dc
1641 1959 1852 1986 resurrectione.

1063 2003 1139 2037 Quod
1157 2008 1246 2030 autem
1266 2004 1394 2030 sacerdos
1407 2004 1496 2030 solum
1512 2003 1633 2030 divinum
1652 2011 1750 2038 panem
1766 2005 1852 2039 perci-

1063 2051 1120 2085 piat
1133 2050 1236 2084 absque
1251 2050 1401 2084 sanguine,
1423 2050 1521 2077 deinde
1538 2055 1628 2084 pOstea
1642 2051 1763 2077 divinum
1785 2059 1851 2078 san-

1063 2096 1171 2131 guinem
1190 2100 1289 2127 sumat,
1311 2096 1378 2122 ttiltil
1407 2096 1480 2122 aliud
1506 2097 1617 2129 indicat,
1640 2105 1721 2131 quam
1742 2100 1853 2132 sangui-

1064 2142 1205 2168 nolentum
1228 2142 1318 2168 adhuc
1334 2149 1394 2169 esse
1411 2142 1534 2169 divinum
1562 2151 1660 2177 agnum
1687 2151 1701 2169 a
1720 2144 1810 2170 divina
1826 2149 1854 2171 et

1063 2187 1137 2214 vitali
1154 2188 1329 2220 mactatioue,
1346 2193 1372 2214 et
1385 2187 1498 2222 spiritali
1514 2188 1659 2220 sacriﬁcio,
1669 2197 1749 2222 quant
1760 2197 1853 2217 sacer-

1029 2224 1049 2251 D
1066 2233 1115 2260 dos
1144 2233 1245 2260 fecerat
1263 2233 1377 2268 mystice
1397 2234 1422 2260 in
1439 2234 1572 2267 protltesi.
1589 2233 1683 2261 Oratio
1699 2239 1760 2269 post
1778 2236 1853 2263 coui-

1066 2279 1225 2307 muniouem
1246 2280 1396 2307 sacerdotis
1418 2288 1424 2306 :
1447 2289 1456 2305 ι
1477 2279 1638 2314 Praeparasti
1663 2281 1689 2307 in
1707 2287 1853 2316 conspectu

1065 2333 1127 2352 meo
1157 2332 1280 2352 mensam
1310 2333 1343 2352 ex
1374 2325 1489 2352 adverso
1514 2326 1636 2352 omniunt
1664 2326 1852 2353 tribulautium

1066 2379 1128 2399 me:
1150 2381 1159 2397 ι
1177 2371 1395 2405 supercoalestem
1424 2379 1557 2403 mensam,
1584 2371 1680 2405 inquit,
1693 2373 1851 2406 mysterium

1063 2419 1218 2446 immortale
1234 2427 1239 2444 :
1257 2425 1391 2449 mensatn,
1410 2417 1615 2444 immaculatum
1633 2425 1741 2452 corpus.
1768 2427 1776 2443 ι
1797 2418 1852 2445 Utt-

1063 2466 1126 2492 xisti
1144 2465 1203 2492 oleo
1214 2467 1298 2498 caput
1312 2471 1422 2490 meum:
1443 2472 1452 2488 ι
1471 2464 1561 2490 oleum
1577 2464 1642 2490 dicit
1656 2465 1749 2498 gratim
1765 2466 1851 2491 sant-ti

1064 2511 1193 2544 Spiritus.
1213 2519 1221 2535 ι
1243 2509 1274 2537 Et
1287 2509 1356 2536 calix
1374 2514 1437 2536 tuus
1454 2509 1594 2536 ittchrians
1614 2517 1666 2542 me,
1683 2517 1765 2544 quam
1782 2518 1851 2545 prte-

1063 2557 1169 2584 clarusl
1187 2566 1195 2582 ι
1212 2555 1392 2583 immortalem
1409 2559 1502 2590 potum
1518 2556 1583 2583 dicit.
1599 2556 1682 2582 divini
1698 2557 1850 2589 sanguinis.

1065 2602 1150 2628 Aliter
1166 2611 1172 2628 :
1191 2601 1320 2634 Calicem,
1346 2601 1494 2635 pretiosum
1518 2601 1690 2636 sanguinem.
1712 2600 1745 2628 Et
1764 2601 1850 2628 illud:

1069 2658 1078 2674 ‹
1101 2648 1134 2675 Ut
1152 2649 1300 2676 iultabitem
1317 2656 1366 2683 ego
1382 2649 1408 2675 in
1426 2649 1507 2675 domo
1535 2649 1641 2676 Domini
1665 2649 1691 2676 in
1706 2649 1852 2684 longitudi-

1066 2703 1125 2722 ttcttt
1143 2695 1247 2721 dierum
1258 2714 1265 2726 ,
1282 2704 1291 2720 ι
1311 2694 1336 2721 in
1352 2702 1469 2733 superpa
1485 2694 1653 2730 Jerusalem;
1671 2695 1778 2729 domus,
1795 2702 1852 2724 εω-

1065 2741 1132 2773 lnm,
1148 2747 1173 2768 et
1190 2741 1318 2782 Ecclesia,
1336 2744 1362 2768 et
1377 2740 1453 2769 Sion.
