  <div class='ocr_page' id='page_1' title='image "/cluster/home/n/w/nwhite01/storage/ocr_20150623/98/njp.32101077772851/273.png"; bbox 0 0 2085 3156; ppageno 0'>
   <div class='ocr_carea' id='block_1_1' title="bbox 239 149 290 182">
    <p class='ocr_par' dir='ltr' id='par_1_1' title="bbox 239 149 290 182">
     <span class='ocr_line' id='line_1_1' title="bbox 239 149 290 182; baseline -0.039 0"><span class='ocrx_word' id='word_1_1' title='bbox 239 149 290 182; x_wconf 53' lang='grc' dir='ltr'><strong>ιιι</strong></span> 
     </span>
    </p>
   </div>
   <div class='ocr_carea' id='block_1_2' title="bbox 741 147 1318 180">
    <p class='ocr_par' dir='ltr' id='par_1_2' title="bbox 741 147 1318 180">
     <span class='ocr_line' id='line_1_2' title="bbox 741 147 1318 180; baseline -0.005 0"><span class='ocrx_word' id='word_1_2' title='bbox 741 150 771 180; x_wconf 90' lang='lat' dir='ltr'><strong>S-</strong></span> <span class='ocrx_word' id='word_1_3' title='bbox 787 148 964 179; x_wconf 72' lang='lat' dir='ltr'><strong>GERMANI</strong></span> <span class='ocrx_word' id='word_1_4' title='bbox 984 147 1242 177; x_wconf 62' lang='lat' dir='ltr'><strong>PATRIARCH&#39;E</strong></span> <span class='ocrx_word' id='word_1_5' title='bbox 1264 148 1318 177; x_wconf 71' lang='grc' dir='ltr'><strong>(ΣΡ.</strong></span> 
     </span>
    </p>
   </div>
   <div class='ocr_carea' id='block_1_3' title="bbox 1828 142 1880 171">
    <p class='ocr_par' dir='ltr' id='par_1_3' title="bbox 1828 142 1880 171">
     <span class='ocr_line' id='line_1_3' title="bbox 1828 142 1880 171; baseline -0.038 -1"><span class='ocrx_word' id='word_1_6' title='bbox 1828 142 1880 171; x_wconf 57' lang='lat'><strong>432‘”)</strong></span> 
     </span>
    </p>
   </div>
   <div class='ocr_carea' id='block_1_4' title="bbox 240 197 1878 244">
    <p class='ocr_par' dir='ltr' id='par_1_4' title="bbox 240 197 1878 244">
     <span class='ocr_line' id='line_1_4' title="bbox 240 197 1878 244; baseline -0.007 -10"><span class='ocrx_word' id='word_1_7' title='bbox 240 207 309 243; x_wconf 76' lang='grc' dir='ltr'>οἴκῳ</span> <span class='ocrx_word' id='word_1_8' title='bbox 325 206 429 244; x_wconf 73' lang='grc' dir='ltr'>Κυρίου</span> <span class='ocrx_word' id='word_1_9' title='bbox 444 207 484 239; x_wconf 79' lang='grc' dir='ltr'><strong>είς</strong></span> <span class='ocrx_word' id='word_1_10' title='bbox 500 206 660 242; x_wconf 83' lang='grc' dir='ltr'>μακρότητα</span> <span class='ocrx_word' id='word_1_11' title='bbox 684 204 808 240; x_wconf 76' lang='grc' dir='ltr'>ἡμερῶν,</span> <span class='ocrx_word' id='word_1_12' title='bbox 829 213 837 230; x_wconf 76' lang='grc' dir='ltr'><strong>ι</strong></span> <span class='ocrx_word' id='word_1_13' title='bbox 861 204 900 235; x_wconf 83' lang='grc' dir='ltr'><strong>είς</strong></span> <span class='ocrx_word' id='word_1_14' title='bbox 917 203 966 238; x_wconf 84' lang='grc' dir='ltr'>τὴν</span> <span class='ocrx_word' id='word_1_15' title='bbox 999 203 1055 229; x_wconf 79' lang='grc' dir='ltr'><strong>ἄνω</strong></span> <span class='ocrx_word' id='word_1_16' title='bbox 1080 202 1271 238; x_wconf 80' lang='grc' dir='ltr'>Ἰερουσαλήμ.</span> <span class='ocrx_word' id='word_1_17' title='bbox 1288 199 1379 234; x_wconf 77' lang='grc' dir='ltr'>Οἶκος,</span> <span class='ocrx_word' id='word_1_18' title='bbox 1393 201 1407 228; x_wconf 81' lang='grc' dir='ltr'><strong>ὀ</strong></span> <span class='ocrx_word' id='word_1_19' title='bbox 1436 201 1560 236; x_wconf 76' lang='grc' dir='ltr'>οὐρανὸς,</span> <span class='ocrx_word' id='word_1_20' title='bbox 1571 200 1641 236; x_wconf 78' lang='grc' dir='ltr'>καὶὴ</span> <span class='ocrx_word' id='word_1_21' title='bbox 1660 197 1820 234; x_wconf 80' lang='grc' dir='ltr'>Ἐκκλησία,</span> <span class='ocrx_word' id='word_1_22' title='bbox 1834 200 1878 224; x_wconf 72' lang='grc' dir='ltr'>καὶ</span> 
     </span>
    </p>
   </div>
   <div class='ocr_carea' id='block_1_5' title="bbox 241 255 357 291">
    <p class='ocr_par' dir='ltr' id='par_1_5' title="bbox 241 255 357 291">
     <span class='ocr_line' id='line_1_5' title="bbox 241 255 357 291; baseline 0.009 -9"><span class='ocrx_word' id='word_1_23' title='bbox 241 257 258 291; x_wconf 78' lang='grc' dir='ltr'><strong>ἡ</strong></span> <span class='ocrx_word' id='word_1_24' title='bbox 277 255 357 283; x_wconf 85' lang='grc' dir='ltr'>Σιών.</span> 
     </span>
    </p>
   </div>
   <div class='ocr_carea' id='block_1_6' title="bbox 280 297 1073 330">
    <p class='ocr_par' dir='ltr' id='par_1_6' title="bbox 280 297 1073 330">
     <span class='ocr_line' id='line_1_6' title="bbox 280 297 1073 330; baseline -0.008 -1"><span class='ocrx_word' id='word_1_25' title='bbox 280 311 290 329; x_wconf 78' lang='grc' dir='ltr'><strong>ι</strong></span> <span class='ocrx_word' id='word_1_26' title='bbox 309 302 378 329; x_wconf 87' lang='lat' dir='ltr'><strong>Cum</strong></span> <span class='ocrx_word' id='word_1_27' title='bbox 395 302 496 329; x_wconf 89' lang='lat' dir='ltr'><strong>timore</strong></span> <span class='ocrx_word' id='word_1_28' title='bbox 512 300 559 328; x_wconf 82' lang='lat' dir='ltr'><strong>Dei</strong></span> <span class='ocrx_word' id='word_1_29' title='bbox 577 303 604 327; x_wconf 90' lang='lat' dir='ltr'><strong>et</strong></span> <span class='ocrx_word' id='word_1_30' title='bbox 627 298 679 326; x_wconf 90' lang='lat' dir='ltr'><strong>lide</strong></span> <span class='ocrx_word' id='word_1_31' title='bbox 698 302 725 325; x_wconf 83' lang='lat' dir='ltr'><strong>et</strong></span> <span class='ocrx_word' id='word_1_32' title='bbox 744 297 890 330; x_wconf 87' lang='lat' dir='ltr'><strong>cbaritate,</strong></span> <span class='ocrx_word' id='word_1_33' title='bbox 914 297 1035 324; x_wconf 90' lang='lat' dir='ltr'><strong>accedite</strong></span> <span class='ocrx_word' id='word_1_34' title='bbox 1050 299 1073 327; x_wconf 78' lang='grc' dir='ltr'><strong>Α</strong></span> 
     </span>
    </p>
   </div>
   <div class='ocr_carea' id='block_1_7' title="bbox 241 343 1036 379">
    <p class='ocr_par' dir='ltr' id='par_1_7' title="bbox 241 343 1036 379">
     <span class='ocr_line' id='line_1_7' title="bbox 241 343 1036 379; baseline -0.01 -2"><span class='ocrx_word' id='word_1_35' title='bbox 241 349 277 377; x_wconf 83' lang='lat' dir='ltr'><strong>ad</strong></span> <span class='ocrx_word' id='word_1_36' title='bbox 304 348 446 375; x_wconf 84' lang='lat' dir='ltr'><strong>Christum</strong></span> <span class='ocrx_word' id='word_1_37' title='bbox 476 346 561 373; x_wconf 84' lang='lat' dir='ltr'><strong>Deum</strong></span> <span class='ocrx_word' id='word_1_38' title='bbox 588 349 616 373; x_wconf 91' lang='lat' dir='ltr'><strong>et</strong></span> <span class='ocrx_word' id='word_1_39' title='bbox 636 344 737 379; x_wconf 81' lang='lat' dir='ltr'><strong>Regem</strong></span> <span class='ocrx_word' id='word_1_40' title='bbox 757 347 894 371; x_wconf 89' lang='lat' dir='ltr'><strong>nostrum.</strong></span> <span class='ocrx_word' id='word_1_41' title='bbox 914 353 923 369; x_wconf 70' lang='grc' dir='ltr'><strong>ι</strong></span> <span class='ocrx_word' id='word_1_42' title='bbox 950 343 1036 378; x_wconf 81' lang='lat' dir='ltr'><strong>Igitur</strong></span> 
     </span>
    </p>
   </div>
   <div class='ocr_carea' id='block_1_8' title="bbox 243 390 1036 428">
    <p class='ocr_par' dir='ltr' id='par_1_8' title="bbox 243 390 1036 428">
     <span class='ocr_line' id='line_1_8' title="bbox 243 390 1036 428; baseline -0.008 -6"><span class='ocrx_word' id='word_1_43' title='bbox 243 395 397 422; x_wconf 80' lang='lat' dir='ltr'><strong>habeamus</strong></span> <span class='ocrx_word' id='word_1_44' title='bbox 418 397 529 428; x_wconf 91' lang='lat' dir='ltr'><strong>oportet</strong></span> <span class='ocrx_word' id='word_1_45' title='bbox 549 392 676 419; x_wconf 86' lang='lat' dir='ltr'><strong>timorem</strong></span> <span class='ocrx_word' id='word_1_46' title='bbox 694 395 720 418; x_wconf 81' lang='lat' dir='ltr'><strong>et</strong></span> <span class='ocrx_word' id='word_1_47' title='bbox 733 390 897 418; x_wconf 83' lang='lat' dir='ltr'><strong>eharitatem</strong></span> <span class='ocrx_word' id='word_1_48' title='bbox 914 395 1036 424; x_wconf 88' lang='lat' dir='ltr'><strong>tempore</strong></span> 
     </span>
    </p>
   </div>
   <div class='ocr_carea' id='block_1_9' title="bbox 243 436 1035 475">
    <p class='ocr_par' dir='ltr' id='par_1_9' title="bbox 243 436 1035 475">
     <span class='ocr_line' id='line_1_9' title="bbox 243 436 1035 475; baseline -0.008 -7"><span class='ocrx_word' id='word_1_49' title='bbox 243 440 453 475; x_wconf 83' lang='lat' dir='ltr'><strong>mysteriorum,</strong></span> <span class='ocrx_word' id='word_1_50' title='bbox 475 442 581 465; x_wconf 87' lang='lat' dir='ltr'><strong>etcum</strong></span> <span class='ocrx_word' id='word_1_51' title='bbox 607 437 659 464; x_wconf 61' lang='lat' dir='ltr'><strong>title</strong></span> <span class='ocrx_word' id='word_1_52' title='bbox 681 437 870 464; x_wconf 76' lang='lat' dir='ltr'><strong>accedamus:</strong></span> <span class='ocrx_word' id='word_1_53' title='bbox 895 436 971 471; x_wconf 87' lang='lat' dir='ltr'><strong>quia,</strong></span> <span class='ocrx_word' id='word_1_54' title='bbox 984 436 1035 463; x_wconf 88' lang='lat' dir='ltr'><strong>etsi</strong></span> 
     </span>
    </p>
   </div>
   <div class='ocr_carea' id='block_1_10' title="bbox 244 481 1036 518">
    <p class='ocr_par' dir='ltr' id='par_1_10' title="bbox 244 481 1036 518">
     <span class='ocr_line' id='line_1_10' title="bbox 244 481 1036 518; baseline -0.005 -5"><span class='ocrx_word' id='word_1_55' title='bbox 244 487 408 513; x_wconf 87' lang='lat' dir='ltr'><strong>innumeras</strong></span> <span class='ocrx_word' id='word_1_56' title='bbox 427 484 532 512; x_wconf 82' lang='lat' dir='ltr'><strong>scilicet</strong></span> <span class='ocrx_word' id='word_1_57' title='bbox 544 483 759 518; x_wconf 83' lang='lat' dir='ltr'><strong>justiﬂcationes</strong></span> <span class='ocrx_word' id='word_1_58' title='bbox 771 482 933 516; x_wconf 82' lang='lat' dir='ltr'><strong>habeamus,</strong></span> <span class='ocrx_word' id='word_1_59' title='bbox 952 487 978 509; x_wconf 81' lang='lat' dir='ltr'><strong>et</strong></span> <span class='ocrx_word' id='word_1_60' title='bbox 993 481 1036 509; x_wconf 91' lang='lat' dir='ltr'><strong>in-</strong></span> 
     </span>
    </p>
   </div>
   <div class='ocr_carea' id='block_1_11' title="bbox 240 527 1036 566">
    <p class='ocr_par' dir='ltr' id='par_1_11' title="bbox 240 527 1036 566">
     <span class='ocr_line' id='line_1_11' title="bbox 240 527 1036 566; baseline -0.006 -9"><span class='ocrx_word' id='word_1_61' title='bbox 240 532 380 566; x_wconf 81' lang='lat' dir='ltr'><strong>juriarum</strong></span> <span class='ocrx_word' id='word_1_62' title='bbox 397 536 533 556; x_wconf 89' lang='lat' dir='ltr'><strong>memores</strong></span> <span class='ocrx_word' id='word_1_63' title='bbox 557 529 656 560; x_wconf 87' lang='lat' dir='ltr'><strong>simus,</strong></span> <span class='ocrx_word' id='word_1_64' title='bbox 675 527 744 554; x_wconf 88' lang='lat' dir='ltr'><strong>nihil</strong></span> <span class='ocrx_word' id='word_1_65' title='bbox 759 535 793 553; x_wconf 80' lang='lat' dir='ltr'><strong>ex</strong></span> <span class='ocrx_word' id='word_1_66' title='bbox 809 527 850 554; x_wconf 91' lang='lat' dir='ltr'><strong>eis</strong></span> <span class='ocrx_word' id='word_1_67' title='bbox 864 528 962 554; x_wconf 88' lang='lat' dir='ltr'><strong>salutis</strong></span> <span class='ocrx_word' id='word_1_68' title='bbox 981 527 1036 561; x_wconf 91' lang='lat' dir='ltr'><strong>(in-</strong></span> 
     </span>
    </p>
   </div>
   <div class='ocr_carea' id='block_1_12' title="bbox 241 573 1035 612">
    <p class='ocr_par' dir='ltr' id='par_1_12' title="bbox 241 573 1035 612">
     <span class='ocr_line' id='line_1_12' title="bbox 241 573 1035 612; baseline -0.006 -8"><span class='ocrx_word' id='word_1_69' title='bbox 241 577 313 612; x_wconf 86' lang='lat' dir='ltr'><strong>quit)</strong></span> <span class='ocrx_word' id='word_1_70' title='bbox 331 576 473 611; x_wconf 63' lang='lat' dir='ltr'><strong>percipere</strong></span> <span class='ocrx_word' id='word_1_71' title='bbox 489 574 643 609; x_wconf 84' lang='lat' dir='ltr'><strong>poterimus</strong></span> <span class='ocrx_word' id='word_1_72' title='bbox 663 582 670 601; x_wconf 91' lang='lat'>:</span> <span class='ocrx_word' id='word_1_73' title='bbox 693 577 839 608; x_wconf 80' lang='lat' dir='ltr'><strong>propterea</strong></span> <span class='ocrx_word' id='word_1_74' title='bbox 859 578 886 600; x_wconf 93' lang='lat' dir='ltr'><strong>ct</strong></span> <span class='ocrx_word' id='word_1_75' title='bbox 909 573 1035 600; x_wconf 89' lang='lat' dir='ltr'><strong>timorem</strong></span> 
     </span>
    </p>
   </div>
   <div class='ocr_carea' id='block_1_13' title="bbox 244 619 1036 655">
    <p class='ocr_par' dir='ltr' id='par_1_13' title="bbox 244 619 1036 655">
     <span class='ocr_line' id='line_1_13' title="bbox 244 619 1036 655; baseline -0.005 -6"><span class='ocrx_word' id='word_1_76' title='bbox 244 624 396 649; x_wconf 80' lang='lat' dir='ltr'><strong>habeamus</strong></span> <span class='ocrx_word' id='word_1_77' title='bbox 411 625 530 655; x_wconf 86' lang='lat' dir='ltr'><strong>oportet,</strong></span> <span class='ocrx_word' id='word_1_78' title='bbox 547 624 575 647; x_wconf 88' lang='lat' dir='ltr'><strong>et</strong></span> <span class='ocrx_word' id='word_1_79' title='bbox 597 620 760 647; x_wconf 87' lang='lat' dir='ltr'><strong>charitatem</strong></span> <span class='ocrx_word' id='word_1_80' title='bbox 778 623 903 654; x_wconf 89' lang='lat' dir='ltr'><strong>tempore</strong></span> <span class='ocrx_word' id='word_1_81' title='bbox 929 619 1036 646; x_wconf 78' lang='lat' dir='ltr'><strong>sacriﬁ-</strong></span> 
     </span>
    </p>
   </div>
   <div class='ocr_carea' id='block_1_14' title="bbox 243 665 1035 700">
    <p class='ocr_par' dir='ltr' id='par_1_14' title="bbox 243 665 1035 700">
     <span class='ocr_line' id='line_1_14' title="bbox 243 665 1035 700; baseline -0.004 -5"><span class='ocrx_word' id='word_1_82' title='bbox 243 669 348 695; x_wconf 78' lang='lat' dir='ltr'><strong>ciorum</strong></span> <span class='ocrx_word' id='word_1_83' title='bbox 377 676 384 694; x_wconf 87' lang='lat'><strong>:</strong></span> <span class='ocrx_word' id='word_1_84' title='bbox 414 666 482 693; x_wconf 82' lang='lat' dir='ltr'><strong>nihil</strong></span> <span class='ocrx_word' id='word_1_85' title='bbox 502 666 577 693; x_wconf 86' lang='lat' dir='ltr'><strong>enim</strong></span> <span class='ocrx_word' id='word_1_86' title='bbox 603 665 720 700; x_wconf 59' lang='lat' dir='ltr'><strong>justitia&#39;.</strong></span> <span class='ocrx_word' id='word_1_87' title='bbox 749 665 825 692; x_wconf 86' lang='lat' dir='ltr'><strong>aliud</strong></span> <span class='ocrx_word' id='word_1_88' title='bbox 857 665 1035 697; x_wconf 76' lang='lat' dir='ltr'><strong>memoravit,</strong></span> 
     </span>
    </p>
   </div>
   <div class='ocr_carea' id='block_1_15' title="bbox 241 710 1038 748">
    <p class='ocr_par' dir='ltr' id='par_1_15' title="bbox 241 710 1038 748">
     <span class='ocr_line' id='line_1_15' title="bbox 241 710 1038 748; baseline -0.005 -7"><span class='ocrx_word' id='word_1_89' title='bbox 241 721 326 748; x_wconf 88' lang='lat' dir='ltr'><strong>quam</strong></span> <span class='ocrx_word' id='word_1_90' title='bbox 342 713 517 741; x_wconf 88' lang='lat' dir='ltr'><strong>cbaritatem.</strong></span> <span class='ocrx_word' id='word_1_91' title='bbox 540 712 600 747; x_wconf 89' lang='lat' dir='ltr'><strong>Ipse</strong></span> <span class='ocrx_word' id='word_1_92' title='bbox 616 711 774 747; x_wconf 71' lang='lat' dir='ltr'><strong>unigenilus</strong></span> <span class='ocrx_word' id='word_1_93' title='bbox 790 710 877 739; x_wconf 89' lang='lat' dir='ltr'><strong>Filius</strong></span> <span class='ocrx_word' id='word_1_94' title='bbox 893 715 919 738; x_wconf 88' lang='lat' dir='ltr'><strong>et</strong></span> <span class='ocrx_word' id='word_1_95' title='bbox 939 710 1038 738; x_wconf 88' lang='lat' dir='ltr'><strong>Sermo</strong></span> 
     </span>
    </p>
   </div>
   <div class='ocr_carea' id='block_1_16' title="bbox 245 756 1037 794">
    <p class='ocr_par' dir='ltr' id='par_1_16' title="bbox 245 756 1037 794">
     <span class='ocr_line' id='line_1_16' title="bbox 245 756 1037 794; baseline -0.005 -7"><span class='ocrx_word' id='word_1_96' title='bbox 245 759 305 792; x_wconf 89' lang='lat' dir='ltr'><strong>Dei,</strong></span> <span class='ocrx_word' id='word_1_97' title='bbox 323 759 398 794; x_wconf 84' lang='lat' dir='ltr'><strong>pacis</strong></span> <span class='ocrx_word' id='word_1_98' title='bbox 414 758 576 786; x_wconf 85' lang='lat' dir='ltr'><strong>conciliator</strong></span> <span class='ocrx_word' id='word_1_99' title='bbox 590 756 666 784; x_wconf 91' lang='lat' dir='ltr'><strong>omni</strong></span> <span class='ocrx_word' id='word_1_100' title='bbox 687 756 810 784; x_wconf 81' lang='lat' dir='ltr'><strong>credenti</strong></span> <span class='ocrx_word' id='word_1_101' title='bbox 833 760 896 790; x_wconf 87' lang='lat' dir='ltr'><strong>est;</strong></span> <span class='ocrx_word' id='word_1_102' title='bbox 923 763 956 783; x_wconf 87' lang='lat' dir='ltr'><strong>ac</strong></span> <span class='ocrx_word' id='word_1_103' title='bbox 974 763 1037 790; x_wconf 89' lang='lat' dir='ltr'><strong>pre-</strong></span> 
     </span>
    </p>
   </div>
   <div class='ocr_carea' id='block_1_17' title="bbox 247 802 1039 839">
    <p class='ocr_par' dir='ltr' id='par_1_17' title="bbox 247 802 1039 839">
     <span class='ocr_line' id='line_1_17' title="bbox 247 802 1039 839; baseline -0.005 -6"><span class='ocrx_word' id='word_1_104' title='bbox 247 807 348 833; x_wconf 88' lang='lat' dir='ltr'><strong>tiosum</strong></span> <span class='ocrx_word' id='word_1_105' title='bbox 364 813 444 833; x_wconf 87' lang='lat' dir='ltr'><strong>suum</strong></span> <span class='ocrx_word' id='word_1_106' title='bbox 463 812 566 839; x_wconf 89' lang='lat' dir='ltr'><strong>corpus</strong></span> <span class='ocrx_word' id='word_1_107' title='bbox 585 808 612 832; x_wconf 90' lang='lat' dir='ltr'><strong>et</strong></span> <span class='ocrx_word' id='word_1_108' title='bbox 634 803 797 838; x_wconf 79' lang='lat' dir='ltr'><strong>sanguinem</strong></span> <span class='ocrx_word' id='word_1_109' title='bbox 815 810 878 830; x_wconf 90' lang='lat' dir='ltr'><strong>cum</strong></span> <span class='ocrx_word' id='word_1_110' title='bbox 897 802 996 829; x_wconf 88' lang='lat' dir='ltr'><strong>timore</strong></span> <span class='ocrx_word' id='word_1_111' title='bbox 1011 806 1039 830; x_wconf 91' lang='lat' dir='ltr'><strong>et</strong></span> 
     </span>
    </p>
   </div>
   <div class='ocr_carea' id='block_1_18' title="bbox 246 853 497 887">
    <p class='ocr_par' dir='ltr' id='par_1_18' title="bbox 246 853 497 887">
     <span class='ocr_line' id='line_1_18' title="bbox 246 853 497 887; baseline -0.004 -7"><span class='ocrx_word' id='word_1_112' title='bbox 246 853 299 880; x_wconf 82' lang='lat' dir='ltr'><strong>lide</strong></span> <span class='ocrx_word' id='word_1_113' title='bbox 315 853 432 887; x_wconf 73' lang='lat' dir='ltr'><strong>largitus</strong></span> <span class='ocrx_word' id='word_1_114' title='bbox 445 856 497 879; x_wconf 88' lang='lat' dir='ltr'><strong>est.</strong></span> 
     </span>
    </p>
   </div>
   <div class='ocr_carea' id='block_1_19' title="bbox 285 894 1038 932">
    <p class='ocr_par' dir='ltr' id='par_1_19' title="bbox 285 894 1038 932">
     <span class='ocr_line' id='line_1_19' title="bbox 285 894 1038 932; baseline -0.003 -9"><span class='ocrx_word' id='word_1_115' title='bbox 285 907 294 923; x_wconf 74' lang='grc' dir='ltr'><strong>ι</strong></span> <span class='ocrx_word' id='word_1_116' title='bbox 316 897 405 929; x_wconf 77' lang='lat' dir='ltr'><strong>Raeti,</strong></span> <span class='ocrx_word' id='word_1_117' title='bbox 421 897 467 932; x_wconf 91' lang='lat' dir='ltr'><strong>qui</strong></span> <span class='ocrx_word' id='word_1_118' title='bbox 485 896 645 931; x_wconf 84' lang='lat' dir='ltr'><strong>accepimus</strong></span> <span class='ocrx_word' id='word_1_119' title='bbox 669 899 772 931; x_wconf 88' lang='lat' dir='ltr'><strong>partem</strong></span> <span class='ocrx_word' id='word_1_120' title='bbox 792 895 949 923; x_wconf 88' lang='lat' dir='ltr'><strong>divinorum</strong></span> <span class='ocrx_word' id='word_1_121' title='bbox 966 894 1038 922; x_wconf 90' lang='lat' dir='ltr'><strong>inta-</strong></span> 
     </span>
    </p>
   </div>
   <div class='ocr_carea' id='block_1_20' title="bbox 245 941 1039 977">
    <p class='ocr_par' dir='ltr' id='par_1_20' title="bbox 245 941 1039 977">
     <span class='ocr_line' id='line_1_20' title="bbox 245 941 1039 977; baseline -0.005 -6"><span class='ocrx_word' id='word_1_122' title='bbox 245 945 428 977; x_wconf 85' lang='lat' dir='ltr'><strong>minatorum,</strong></span> <span class='ocrx_word' id='word_1_123' title='bbox 448 943 657 974; x_wconf 86' lang='lat' dir='ltr'><strong>immortalium,</strong></span> <span class='ocrx_word' id='word_1_124' title='bbox 678 951 687 968; x_wconf 82' lang='grc'><strong><em>›</em></strong></span> <span class='ocrx_word' id='word_1_125' title='bbox 713 942 740 969; x_wconf 93' lang='lat' dir='ltr'><strong>id</strong></span> <span class='ocrx_word' id='word_1_126' title='bbox 761 945 814 974; x_wconf 88' lang='lat' dir='ltr'><strong>est,</strong></span> <span class='ocrx_word' id='word_1_127' title='bbox 841 946 914 968; x_wconf 86' lang='lat' dir='ltr'><strong>recta</strong></span> <span class='ocrx_word' id='word_1_128' title='bbox 932 941 1039 975; x_wconf 74' lang='lat' dir='ltr'><strong>cogita-</strong></span> 
     </span>
    </p>
   </div>
   <div class='ocr_carea' id='block_1_21' title="bbox 245 986 1038 1023">
    <p class='ocr_par' dir='ltr' id='par_1_21' title="bbox 245 986 1038 1023">
     <span class='ocr_line' id='line_1_21' title="bbox 245 986 1038 1023; baseline -0.006 -6"><span class='ocrx_word' id='word_1_129' title='bbox 245 991 320 1017; x_wconf 89' lang='lat' dir='ltr'><strong>tione</strong></span> <span class='ocrx_word' id='word_1_130' title='bbox 345 997 407 1017; x_wconf 90' lang='lat' dir='ltr'><strong>cum</strong></span> <span class='ocrx_word' id='word_1_131' title='bbox 424 989 555 1023; x_wconf 85' lang='lat' dir='ltr'><strong>eperibus</strong></span> <span class='ocrx_word' id='word_1_132' title='bbox 572 992 677 1015; x_wconf 89' lang='lat' dir='ltr'><strong>stemus</strong></span> <span class='ocrx_word' id='word_1_133' title='bbox 700 987 747 1022; x_wconf 90' lang='lat' dir='ltr'><strong>qui</strong></span> <span class='ocrx_word' id='word_1_134' title='bbox 768 986 952 1022; x_wconf 87' lang='lat' dir='ltr'><strong>percepimus,</strong></span> <span class='ocrx_word' id='word_1_135' title='bbox 971 990 998 1014; x_wconf 90' lang='lat' dir='ltr'><strong>et</strong></span> <span class='ocrx_word' id='word_1_136' title='bbox 1014 986 1038 1013; x_wconf 92' lang='lat' dir='ltr'><strong>ei</strong></span> 
     </span>
    </p>
   </div>
   <div class='ocr_carea' id='block_1_22' title="bbox 247 1033 1038 1070">
    <p class='ocr_par' dir='ltr' id='par_1_22' title="bbox 247 1033 1038 1070">
     <span class='ocr_line' id='line_1_22' title="bbox 247 1033 1038 1070; baseline -0.004 -7"><span class='ocrx_word' id='word_1_137' title='bbox 247 1036 361 1063; x_wconf 83' lang='lat' dir='ltr'><strong>meritas</strong></span> <span class='ocrx_word' id='word_1_138' title='bbox 379 1035 482 1070; x_wconf 72' lang='lat' dir='ltr'><strong>gratias</strong></span> <span class='ocrx_word' id='word_1_139' title='bbox 496 1041 622 1069; x_wconf 77' lang='lat' dir='ltr'><strong>agamus,</strong></span> <span class='ocrx_word' id='word_1_140' title='bbox 643 1033 717 1068; x_wconf 94' lang='lat' dir='ltr'><strong>quod</strong></span> <span class='ocrx_word' id='word_1_141' title='bbox 742 1033 872 1068; x_wconf 86' lang='lat' dir='ltr'><strong>dignatus</strong></span> <span class='ocrx_word' id='word_1_142' title='bbox 889 1033 924 1060; x_wconf 88' lang='lat' dir='ltr'><strong>sit</strong></span> <span class='ocrx_word' id='word_1_143' title='bbox 942 1036 971 1059; x_wconf 89' lang='lat' dir='ltr'><strong>ut</strong></span> <span class='ocrx_word' id='word_1_144' title='bbox 987 1039 1038 1060; x_wconf 86' lang='lat' dir='ltr'><strong>nos</strong></span> 
     </span>
    </p>
   </div>
   <div class='ocr_carea' id='block_1_23' title="bbox 246 1078 1039 1116">
    <p class='ocr_par' dir='ltr' id='par_1_23' title="bbox 246 1078 1039 1116">
     <span class='ocr_line' id='line_1_23' title="bbox 246 1078 1039 1116; baseline -0.005 -7"><span class='ocrx_word' id='word_1_145' title='bbox 246 1081 450 1116; x_wconf 65' lang='lat' dir='ltr'><strong>gustaverimus</strong></span> <span class='ocrx_word' id='word_1_146' title='bbox 466 1080 562 1107; x_wconf 86' lang='lat' dir='ltr'><strong>divina</strong></span> <span class='ocrx_word' id='word_1_147' title='bbox 577 1079 708 1115; x_wconf 81' lang='lat' dir='ltr'><strong>mysteria</strong></span> <span class='ocrx_word' id='word_1_148' title='bbox 720 1099 727 1112; x_wconf 94' lang='lat'><strong>,</strong></span> <span class='ocrx_word' id='word_1_149' title='bbox 745 1083 773 1106; x_wconf 90' lang='lat' dir='ltr'><strong>ct</strong></span> <span class='ocrx_word' id='word_1_150' title='bbox 786 1079 814 1105; x_wconf 93' lang='lat' dir='ltr'><strong>iu</strong></span> <span class='ocrx_word' id='word_1_151' title='bbox 831 1078 1039 1114; x_wconf 80' lang='lat' dir='ltr'><strong>regeneratione</strong></span> 
     </span>
    </p>
   </div>
   <div class='ocr_carea' id='block_1_24' title="bbox 246 1125 1039 1160">
    <p class='ocr_par' dir='ltr' id='par_1_24' title="bbox 246 1125 1039 1160">
     <span class='ocr_line' id='line_1_24' title="bbox 246 1125 1039 1160; baseline -0.003 -6"><span class='ocrx_word' id='word_1_152' title='bbox 246 1136 309 1155; x_wconf 84' lang='lat' dir='ltr'><strong>cum</strong></span> <span class='ocrx_word' id='word_1_153' title='bbox 332 1135 366 1155; x_wconf 92' lang='lat' dir='ltr'><strong>eo</strong></span> <span class='ocrx_word' id='word_1_154' title='bbox 383 1127 539 1154; x_wconf 87' lang='lat' dir='ltr'><strong>babitemus</strong></span> <span class='ocrx_word' id='word_1_155' title='bbox 558 1135 565 1153; x_wconf 90' lang='lat'><strong>:</strong></span> <span class='ocrx_word' id='word_1_156' title='bbox 583 1126 683 1153; x_wconf 79' lang='lat' dir='ltr'><strong>Amen.</strong></span> <span class='ocrx_word' id='word_1_157' title='bbox 702 1125 790 1153; x_wconf 80' lang='lat' dir='ltr'><strong>Aliter</strong></span> <span class='ocrx_word' id='word_1_158' title='bbox 807 1135 813 1152; x_wconf 88' lang='lat'>:</span> <span class='ocrx_word' id='word_1_159' title='bbox 831 1125 886 1152; x_wconf 89' lang='lat' dir='ltr'><strong>Nos</strong></span> <span class='ocrx_word' id='word_1_160' title='bbox 900 1125 947 1160; x_wconf 86' lang='lat' dir='ltr'><strong>qui</strong></span> <span class='ocrx_word' id='word_1_161' title='bbox 964 1132 1039 1153; x_wconf 90' lang='lat' dir='ltr'><strong>com-</strong></span> 
     </span>
    </p>
   </div>
   <div class='ocr_carea' id='block_1_25' title="bbox 248 1171 1039 1204">
    <p class='ocr_par' dir='ltr' id='par_1_25' title="bbox 248 1171 1039 1204">
     <span class='ocr_line' id='line_1_25' title="bbox 248 1171 1039 1204; baseline -0.001 -5"><span class='ocrx_word' id='word_1_162' title='bbox 248 1173 379 1200; x_wconf 89' lang='lat' dir='ltr'><strong>munione</strong></span> <span class='ocrx_word' id='word_1_163' title='bbox 390 1172 492 1199; x_wconf 87' lang='lat' dir='ltr'><strong>vivilici</strong></span> <span class='ocrx_word' id='word_1_164' title='bbox 507 1171 638 1198; x_wconf 86' lang='lat' dir='ltr'><strong>saerilieii</strong></span> <span class='ocrx_word' id='word_1_165' title='bbox 662 1175 710 1199; x_wconf 89' lang='lat' dir='ltr'><strong>aut</strong></span> <span class='ocrx_word' id='word_1_166' title='bbox 726 1171 887 1199; x_wconf 62' lang='lat' dir='ltr'><strong>substantiae</strong></span> <span class='ocrx_word' id='word_1_167' title='bbox 902 1171 1039 1204; x_wconf 59' lang='lat' dir='ltr'><strong>laetamur,</strong></span> 
     </span>
    </p>
   </div>
   <div class='ocr_carea' id='block_1_26' title="bbox 247 1217 1040 1252">
    <p class='ocr_par' dir='ltr' id='par_1_26' title="bbox 247 1217 1040 1252">
     <span class='ocr_line' id='line_1_26' title="bbox 247 1217 1040 1252; baseline -0.003 -6"><span class='ocrx_word' id='word_1_168' title='bbox 247 1227 262 1246; x_wconf 72' lang='grc' dir='ltr'>ο</span> <span class='ocrx_word' id='word_1_169' title='bbox 279 1219 398 1246; x_wconf 82' lang='lat' dir='ltr'><strong>terrenis</strong></span> <span class='ocrx_word' id='word_1_170' title='bbox 414 1218 447 1245; x_wconf 88' lang='lat' dir='ltr'><strong>ad</strong></span> <span class='ocrx_word' id='word_1_171' title='bbox 461 1217 585 1245; x_wconf 64' lang='lat' dir='ltr'><strong>coelestia</strong></span> <span class='ocrx_word' id='word_1_172' title='bbox 602 1222 720 1245; x_wconf 86' lang='lat' dir='ltr'><strong>mentem</strong></span> <span class='ocrx_word' id='word_1_173' title='bbox 737 1217 899 1251; x_wconf 84' lang='lat' dir='ltr'><strong>dirigamus,</strong></span> <span class='ocrx_word' id='word_1_174' title='bbox 916 1221 943 1244; x_wconf 89' lang='lat' dir='ltr'><strong>et</strong></span> <span class='ocrx_word' id='word_1_175' title='bbox 959 1217 1040 1252; x_wconf 75' lang='lat' dir='ltr'><strong>digne</strong></span> 
     </span>
    </p>
   </div>
   <div class='ocr_carea' id='block_1_27' title="bbox 246 1262 1040 1299">
    <p class='ocr_par' dir='ltr' id='par_1_27' title="bbox 246 1262 1040 1299">
     <span class='ocr_line' id='line_1_27' title="bbox 246 1262 1040 1299; baseline -0.003 -8"><span class='ocrx_word' id='word_1_176' title='bbox 246 1265 272 1290; x_wconf 77' lang='lat' dir='ltr'><strong>ei</strong></span> <span class='ocrx_word' id='word_1_177' title='bbox 288 1265 458 1299; x_wconf 79' lang='lat' dir='ltr'><strong>placeamus,</strong></span> <span class='ocrx_word' id='word_1_178' title='bbox 477 1264 542 1298; x_wconf 86' lang='lat' dir='ltr'><strong>quia</strong></span> <span class='ocrx_word' id='word_1_179' title='bbox 560 1264 689 1298; x_wconf 72' lang='lat' dir='ltr'><strong>dignatus</strong></span> <span class='ocrx_word' id='word_1_180' title='bbox 705 1268 746 1290; x_wconf 90' lang='lat' dir='ltr'><strong>est</strong></span> <span class='ocrx_word' id='word_1_181' title='bbox 766 1270 816 1290; x_wconf 85' lang='lat' dir='ltr'><strong>nos</strong></span> <span class='ocrx_word' id='word_1_182' title='bbox 831 1263 982 1298; x_wconf 80' lang='lat' dir='ltr'><strong>participes</strong></span> <span class='ocrx_word' id='word_1_183' title='bbox 998 1262 1040 1289; x_wconf 80' lang='lat' dir='ltr'><strong>fa-</strong></span> 
     </span>
    </p>
   </div>
   <div class='ocr_carea' id='block_1_28' title="bbox 250 1309 1039 1345">
    <p class='ocr_par' dir='ltr' id='par_1_28' title="bbox 250 1309 1039 1345">
     <span class='ocr_line' id='line_1_28' title="bbox 250 1309 1039 1345; baseline -0.001 -8"><span class='ocrx_word' id='word_1_184' title='bbox 250 1319 313 1337; x_wconf 79' lang='lat' dir='ltr'><strong>(&#39;ct‘e</strong></span> <span class='ocrx_word' id='word_1_185' title='bbox 335 1310 449 1345; x_wconf 86' lang='lat' dir='ltr'><strong>pretiosi</strong></span> <span class='ocrx_word' id='word_1_186' title='bbox 467 1310 594 1343; x_wconf 87' lang='lat' dir='ltr'><strong>corporis</strong></span> <span class='ocrx_word' id='word_1_187' title='bbox 611 1314 638 1336; x_wconf 90' lang='lat' dir='ltr'><strong>et</strong></span> <span class='ocrx_word' id='word_1_188' title='bbox 655 1309 800 1344; x_wconf 78' lang='lat' dir='ltr'><strong>sanguinis</strong></span> <span class='ocrx_word' id='word_1_189' title='bbox 824 1309 866 1336; x_wconf 87' lang='lat' dir='ltr'><strong>sui</strong></span> <span class='ocrx_word' id='word_1_190' title='bbox 892 1317 899 1336; x_wconf 88' lang='lat'><strong>:</strong></span> <span class='ocrx_word' id='word_1_191' title='bbox 920 1316 1039 1344; x_wconf 91' lang='lat' dir='ltr'><strong>quorum</strong></span> 
     </span>
    </p>
   </div>
   <div class='ocr_carea' id='block_1_29' title="bbox 249 1348 1040 1390">
    <p class='ocr_par' dir='ltr' id='par_1_29' title="bbox 249 1348 1040 1390">
     <span class='ocr_line' id='line_1_29' title="bbox 249 1348 1040 1390; baseline -0.001 -7"><span class='ocrx_word' id='word_1_192' title='bbox 249 1357 354 1384; x_wconf 82' lang='lat' dir='ltr'><strong>utinam</strong></span> <span class='ocrx_word' id='word_1_193' title='bbox 373 1348 541 1383; x_wconf 75' lang='lat' dir='ltr'><strong>omnesuos</strong></span> <span class='ocrx_word' id='word_1_194' title='bbox 567 1360 708 1390; x_wconf 89' lang='lat' dir='ltr'><strong>compotes</strong></span> <span class='ocrx_word' id='word_1_195' title='bbox 734 1355 849 1388; x_wconf 82' lang='lat' dir='ltr'><strong>ﬁamus,</strong></span> <span class='ocrx_word' id='word_1_196' title='bbox 868 1360 895 1382; x_wconf 89' lang='lat' dir='ltr'><strong>et</strong></span> <span class='ocrx_word' id='word_1_197' title='bbox 912 1355 940 1382; x_wconf 89' lang='lat' dir='ltr'><strong>iu</strong></span> <span class='ocrx_word' id='word_1_198' title='bbox 963 1363 1040 1390; x_wconf 78' lang='lat' dir='ltr'><strong>rcge-</strong></span> 
     </span>
    </p>
   </div>
   <div class='ocr_carea' id='block_1_30' title="bbox 251 1400 1041 1436">
    <p class='ocr_par' dir='ltr' id='par_1_30' title="bbox 251 1400 1041 1436">
     <span class='ocr_line' id='line_1_30' title="bbox 251 1400 1041 1436; baseline 0 -7"><span class='ocrx_word' id='word_1_199' title='bbox 251 1403 405 1434; x_wconf 87' lang='lat' dir='ltr'><strong>ueratioue,</strong></span> <span class='ocrx_word' id='word_1_200' title='bbox 431 1401 549 1429; x_wconf 87' lang='lat' dir='ltr'><strong>visionis</strong></span> <span class='ocrx_word' id='word_1_201' title='bbox 576 1400 636 1433; x_wconf 84' lang='lat' dir='ltr'><strong>Dei,</strong></span> <span class='ocrx_word' id='word_1_202' title='bbox 661 1409 710 1436; x_wconf 90' lang='lat' dir='ltr'><strong>per</strong></span> <span class='ocrx_word' id='word_1_203' title='bbox 733 1401 793 1435; x_wconf 89' lang='lat' dir='ltr'><strong>ejus</strong></span> <span class='ocrx_word' id='word_1_204' title='bbox 816 1401 944 1436; x_wconf 72' lang='lat' dir='ltr'><strong>gratiam.</strong></span> <span class='ocrx_word' id='word_1_205' title='bbox 970 1401 1041 1434; x_wconf 83' lang='lat' dir='ltr'><strong>Quid</strong></span> 
     </span>
    </p>
   </div>
   <div class='ocr_carea' id='block_1_31' title="bbox 249 1447 1040 1482">
    <p class='ocr_par' dir='ltr' id='par_1_31' title="bbox 249 1447 1040 1482">
     <span class='ocr_line' id='line_1_31' title="bbox 249 1447 1040 1482; baseline -0.003 -7"><span class='ocrx_word' id='word_1_206' title='bbox 249 1456 314 1475; x_wconf 78' lang='lat' dir='ltr'><strong>Vero</strong></span> <span class='ocrx_word' id='word_1_207' title='bbox 329 1453 370 1475; x_wconf 85' lang='lat' dir='ltr'><strong>est</strong></span> <span class='ocrx_word' id='word_1_208' title='bbox 383 1447 555 1482; x_wconf 83' lang='lat' dir='ltr'><strong>regeneratio</strong></span> <span class='ocrx_word' id='word_1_209' title='bbox 565 1447 576 1473; x_wconf 70' lang='grc' dir='ltr'>’ί</span> <span class='ocrx_word' id='word_1_210' title='bbox 588 1447 710 1475; x_wconf 85' lang='lat' dir='ltr'><strong>secundo</strong></span> <span class='ocrx_word' id='word_1_211' title='bbox 725 1448 848 1482; x_wconf 74' lang='lat' dir='ltr'><strong>generari</strong></span> <span class='ocrx_word' id='word_1_212' title='bbox 864 1451 890 1474; x_wconf 90' lang='lat' dir='ltr'><strong>et</strong></span> <span class='ocrx_word' id='word_1_213' title='bbox 903 1447 1040 1474; x_wconf 89' lang='lat' dir='ltr'><strong>renovari.</strong></span> 
     </span>
    </p>
   </div>
   <div class='ocr_carea' id='block_1_32' title="bbox 252 1494 1040 1529">
    <p class='ocr_par' dir='ltr' id='par_1_32' title="bbox 252 1494 1040 1529">
     <span class='ocr_line' id='line_1_32' title="bbox 252 1494 1040 1529; baseline -0.001 -8"><span class='ocrx_word' id='word_1_214' title='bbox 252 1495 378 1522; x_wconf 86' lang='lat' dir='ltr'><strong>Sublatio</strong></span> <span class='ocrx_word' id='word_1_215' title='bbox 395 1499 485 1522; x_wconf 90' lang='lat' dir='ltr'><strong>autem</strong></span> <span class='ocrx_word' id='word_1_216' title='bbox 500 1494 658 1521; x_wconf 86' lang='lat' dir='ltr'><strong>relictarum</strong></span> <span class='ocrx_word' id='word_1_217' title='bbox 674 1498 833 1521; x_wconf 85' lang='lat' dir='ltr'><strong>sanctarum</strong></span> <span class='ocrx_word' id='word_1_218' title='bbox 850 1494 1040 1529; x_wconf 86' lang='lat' dir='ltr'><strong>reliquiarum,</strong></span> 
     </span>
    </p>
   </div>
   <div class='ocr_carea' id='block_1_33' title="bbox 251 1533 1039 1575">
    <p class='ocr_par' dir='ltr' id='par_1_33' title="bbox 251 1533 1039 1575">
     <span class='ocr_line' id='line_1_33' title="bbox 251 1533 1039 1575; baseline -0.001 -7"><span class='ocrx_word' id='word_1_219' title='bbox 251 1545 471 1575; x_wconf 76' lang='lat' dir='ltr'><strong>assumpttoueut</strong></span> <span class='ocrx_word' id='word_1_220' title='bbox 501 1540 608 1568; x_wconf 87' lang='lat' dir='ltr'><strong>Domini</strong></span> <span class='ocrx_word' id='word_1_221' title='bbox 637 1548 670 1568; x_wconf 90' lang='lat' dir='ltr'><strong>ac</strong></span> <span class='ocrx_word' id='word_1_222' title='bbox 694 1540 742 1568; x_wconf 85' lang='lat' dir='ltr'><strong>Dei</strong></span> <span class='ocrx_word' id='word_1_223' title='bbox 770 1533 860 1568; x_wconf 80' lang='lat' dir='ltr'><strong>nostri</strong></span> <span class='ocrx_word' id='word_1_224' title='bbox 885 1541 1039 1568; x_wconf 86' lang='lat' dir='ltr'><strong>subinnuit.</strong></span> 
     </span>
    </p>
   </div>
   <div class='ocr_carea' id='block_1_34' title="bbox 252 1586 1041 1621">
    <p class='ocr_par' dir='ltr' id='par_1_34' title="bbox 252 1586 1041 1621">
     <span class='ocr_line' id='line_1_34' title="bbox 252 1586 1041 1621; baseline 0.003 -9"><span class='ocrx_word' id='word_1_225' title='bbox 252 1586 365 1614; x_wconf 83' lang='lat' dir='ltr'><strong>Sullitus</strong></span> <span class='ocrx_word' id='word_1_226' title='bbox 390 1592 482 1614; x_wconf 91' lang='lat' dir='ltr'><strong>autem</strong></span> <span class='ocrx_word' id='word_1_227' title='bbox 516 1591 673 1621; x_wconf 85' lang='lat' dir='ltr'><strong>postremus</strong></span> <span class='ocrx_word' id='word_1_228' title='bbox 689 1607 696 1619; x_wconf 95' lang='lat'><strong>,</strong></span> <span class='ocrx_word' id='word_1_229' title='bbox 721 1588 836 1621; x_wconf 77' lang='lat' dir='ltr'><strong>gratiam</strong></span> <span class='ocrx_word' id='word_1_230' title='bbox 864 1594 924 1614; x_wconf 88' lang='lat' dir='ltr'><strong>eam</strong></span> <span class='ocrx_word' id='word_1_231' title='bbox 955 1588 1041 1615; x_wconf 88' lang='lat' dir='ltr'><strong>sancti</strong></span> 
     </span>
    </p>
   </div>
   <div class='ocr_carea' id='block_1_35' title="bbox 252 1633 1043 1668">
    <p class='ocr_par' dir='ltr' id='par_1_35' title="bbox 252 1633 1043 1668">
     <span class='ocr_line' id='line_1_35' title="bbox 252 1633 1043 1668; baseline 0.003 -9"><span class='ocrx_word' id='word_1_232' title='bbox 252 1633 372 1668; x_wconf 86' lang='lat' dir='ltr'><strong>Spiritus</strong></span> <span class='ocrx_word' id='word_1_233' title='bbox 394 1641 444 1667; x_wconf 88' lang='lat' dir='ltr'><strong>per</strong></span> <span class='ocrx_word' id='word_1_234' title='bbox 466 1633 677 1668; x_wconf 87' lang='lat' dir='ltr'><strong>inspiratiouem</strong></span> <span class='ocrx_word' id='word_1_235' title='bbox 698 1633 791 1660; x_wconf 89' lang='lat' dir='ltr'><strong>datam</strong></span> <span class='ocrx_word' id='word_1_236' title='bbox 818 1633 953 1668; x_wconf 85' lang='lat' dir='ltr'><strong>apostolis</strong></span> <span class='ocrx_word' id='word_1_237' title='bbox 979 1640 1043 1668; x_wconf 89' lang='lat' dir='ltr'><strong>post</strong></span> 
     </span>
    </p>
   </div>
   <div class='ocr_carea' id='block_1_36' title="bbox 252 1677 1043 1713">
    <p class='ocr_par' dir='ltr' id='par_1_36' title="bbox 252 1677 1043 1713">
     <span class='ocr_line' id='line_1_36' title="bbox 252 1677 1043 1713; baseline 0 -7"><span class='ocrx_word' id='word_1_238' title='bbox 252 1678 499 1706; x_wconf 75' lang='lat' dir='ltr'><strong>resurrectionem.</strong></span> <span class='ocrx_word' id='word_1_239' title='bbox 523 1677 589 1711; x_wconf 69' lang='lat' dir='ltr'><strong>Quae</strong></span> <span class='ocrx_word' id='word_1_240' title='bbox 610 1683 700 1705; x_wconf 83' lang='lat' dir='ltr'><strong>autent</strong></span> <span class='ocrx_word' id='word_1_241' title='bbox 718 1679 835 1705; x_wconf 90' lang='lat' dir='ltr'><strong>habetur</strong></span> <span class='ocrx_word' id='word_1_242' title='bbox 847 1686 862 1706; x_wconf 91' lang='lat' dir='ltr'><strong>a</strong></span> <span class='ocrx_word' id='word_1_243' title='bbox 876 1677 972 1713; x_wconf 91' lang='lat' dir='ltr'><strong>pulpiti</strong></span> <span class='ocrx_word' id='word_1_244' title='bbox 990 1683 1043 1706; x_wconf 88' lang='lat' dir='ltr'><strong>ter-</strong></span> 
     </span>
    </p>
   </div>
   <div class='ocr_carea' id='block_1_37' title="bbox 252 1722 1042 1760">
    <p class='ocr_par' dir='ltr' id='par_1_37' title="bbox 252 1722 1042 1760">
     <span class='ocr_line' id='line_1_37' title="bbox 252 1722 1042 1760; baseline 0 -8"><span class='ocrx_word' id='word_1_245' title='bbox 252 1733 287 1760; x_wconf 82' lang='lat' dir='ltr'><strong>go</strong></span> <span class='ocrx_word' id='word_1_246' title='bbox 299 1722 388 1752; x_wconf 77' lang='lat' dir='ltr'><strong>oratio</strong></span> <span class='ocrx_word' id='word_1_247' title='bbox 400 1746 407 1758; x_wconf 86' lang='lat'><strong>,</strong></span> <span class='ocrx_word' id='word_1_248' title='bbox 427 1725 507 1760; x_wconf 85' lang='lat' dir='ltr'><strong>quasi</strong></span> <span class='ocrx_word' id='word_1_249' title='bbox 527 1725 649 1760; x_wconf 80' lang='lat' dir='ltr'><strong>sigillum</strong></span> <span class='ocrx_word' id='word_1_250' title='bbox 663 1728 705 1752; x_wconf 87' lang='lat' dir='ltr'><strong>est</strong></span> <span class='ocrx_word' id='word_1_251' title='bbox 723 1725 846 1751; x_wconf 88' lang='lat' dir='ltr'><strong>omnium</strong></span> <span class='ocrx_word' id='word_1_252' title='bbox 866 1725 1042 1760; x_wconf 86' lang='lat' dir='ltr'><strong>petitionum,</strong></span> 
     </span>
    </p>
   </div>
   <div class='ocr_carea' id='block_1_38' title="bbox 251 1771 1044 1806">
    <p class='ocr_par' dir='ltr' id='par_1_38' title="bbox 251 1771 1044 1806">
     <span class='ocr_line' id='line_1_38' title="bbox 251 1771 1044 1806; baseline 0.003 -9"><span class='ocrx_word' id='word_1_253' title='bbox 251 1779 285 1797; x_wconf 87' lang='lat' dir='ltr'><strong>ac</strong></span> <span class='ocrx_word' id='word_1_254' title='bbox 308 1778 417 1797; x_wconf 79' lang='lat' dir='ltr'><strong>suiuma</strong></span> <span class='ocrx_word' id='word_1_255' title='bbox 445 1771 542 1798; x_wconf 88' lang='lat' dir='ltr'><strong>ordine</strong></span> <span class='ocrx_word' id='word_1_256' title='bbox 568 1771 684 1805; x_wconf 89' lang='lat' dir='ltr'><strong>repetita</strong></span> <span class='ocrx_word' id='word_1_257' title='bbox 714 1777 871 1806; x_wconf 76' lang='lat' dir='ltr'><strong>congruens</strong></span> <span class='ocrx_word' id='word_1_258' title='bbox 895 1771 993 1805; x_wconf 89' lang='lat' dir='ltr'><strong>pritnis</strong></span> <span class='ocrx_word' id='word_1_259' title='bbox 1017 1775 1044 1799; x_wconf 86' lang='lat' dir='ltr'><strong>et.</strong></span> 
     </span>
    </p>
   </div>
   <div class='ocr_carea' id='block_1_39' title="bbox 253 1815 1042 1851">
    <p class='ocr_par' dir='ltr' id='par_1_39' title="bbox 253 1815 1042 1851">
     <span class='ocr_line' id='line_1_39' title="bbox 253 1815 1042 1851; baseline 0.004 -10"><span class='ocrx_word' id='word_1_260' title='bbox 253 1817 466 1851; x_wconf 68' lang='lat' dir='ltr'><strong>[tl‘CllOaiOt‘iltUS</strong></span> <span class='ocrx_word' id='word_1_261' title='bbox 495 1816 621 1851; x_wconf 79' lang='lat' dir='ltr'><strong>epilogis.</strong></span> <span class='ocrx_word' id='word_1_262' title='bbox 643 1815 713 1843; x_wconf 86' lang='lat' dir='ltr'><strong>Cum</strong></span> <span class='ocrx_word' id='word_1_263' title='bbox 736 1816 811 1843; x_wconf 93' lang='lat' dir='ltr'><strong>enim</strong></span> <span class='ocrx_word' id='word_1_264' title='bbox 841 1816 971 1844; x_wconf 86' lang='lat' dir='ltr'><strong>universa</strong></span> <span class='ocrx_word' id='word_1_265' title='bbox 998 1817 1042 1844; x_wconf 93' lang='lat' dir='ltr'><strong>di-</strong></span> 
     </span>
    </p>
   </div>
   <div class='ocr_carea' id='block_1_40' title="bbox 256 1860 1044 1897">
    <p class='ocr_par' dir='ltr' id='par_1_40' title="bbox 256 1860 1044 1897">
     <span class='ocr_line' id='line_1_40' title="bbox 256 1860 1044 1897; baseline 0.004 -10"><span class='ocrx_word' id='word_1_266' title='bbox 256 1861 315 1887; x_wconf 68' lang='lat' dir='ltr'><strong>vina</strong></span> <span class='ocrx_word' id='word_1_267' title='bbox 331 1869 374 1888; x_wconf 86' lang='lat' dir='ltr'><strong>res</strong></span> <span class='ocrx_word' id='word_1_268' title='bbox 387 1869 477 1894; x_wconf 84' lang='lat' dir='ltr'><strong>sacra,</strong></span> <span class='ocrx_word' id='word_1_269' title='bbox 493 1861 626 1896; x_wconf 84' lang='lat' dir='ltr'><strong>primario</strong></span> <span class='ocrx_word' id='word_1_270' title='bbox 641 1868 691 1896; x_wconf 93' lang='lat' dir='ltr'><strong>pro</strong></span> <span class='ocrx_word' id='word_1_271' title='bbox 702 1860 881 1889; x_wconf 69' lang='lat' dir='ltr'><strong>offerentibus</strong></span> <span class='ocrx_word' id='word_1_272' title='bbox 892 1866 919 1889; x_wconf 90' lang='lat' dir='ltr'><strong>et</strong></span> <span class='ocrx_word' id='word_1_273' title='bbox 932 1868 1044 1897; x_wconf 90' lang='lat' dir='ltr'><strong>propter</strong></span> 
     </span>
    </p>
   </div>
   <div class='ocr_carea' id='block_1_41' title="bbox 251 1907 1044 1943">
    <p class='ocr_par' dir='ltr' id='par_1_41' title="bbox 251 1907 1044 1943">
     <span class='ocr_line' id='line_1_41' title="bbox 251 1907 1044 1943; baseline 0.003 -10"><span class='ocrx_word' id='word_1_274' title='bbox 251 1916 322 1943; x_wconf 88' lang='lat' dir='ltr'><strong>quos</strong></span> <span class='ocrx_word' id='word_1_275' title='bbox 338 1908 511 1941; x_wconf 80' lang='lat' dir='ltr'><strong>obtulerunt,</strong></span> <span class='ocrx_word' id='word_1_276' title='bbox 528 1907 699 1942; x_wconf 83' lang='lat' dir='ltr'><strong>perﬁciatur,</strong></span> <span class='ocrx_word' id='word_1_277' title='bbox 724 1907 824 1935; x_wconf 89' lang='lat' dir='ltr'><strong>deinde</strong></span> <span class='ocrx_word' id='word_1_278' title='bbox 843 1912 870 1935; x_wconf 90' lang='lat' dir='ltr'><strong>et</strong></span> <span class='ocrx_word' id='word_1_279' title='bbox 891 1915 939 1942; x_wconf 91' lang='lat' dir='ltr'><strong>pro</strong></span> <span class='ocrx_word' id='word_1_280' title='bbox 957 1908 1044 1935; x_wconf 89' lang='lat' dir='ltr'><strong>omni-</strong></span> 
     </span>
    </p>
   </div>
   <div class='ocr_carea' id='block_1_42' title="bbox 252 1954 1043 1989">
    <p class='ocr_par' dir='ltr' id='par_1_42' title="bbox 252 1954 1043 1989">
     <span class='ocr_line' id='line_1_42' title="bbox 252 1954 1043 1989; baseline 0.001 -8"><span class='ocrx_word' id='word_1_281' title='bbox 252 1956 304 1982; x_wconf 83' lang='lat' dir='ltr'><strong>bus</strong></span> <span class='ocrx_word' id='word_1_282' title='bbox 327 1954 553 1989; x_wconf 85' lang='lat' dir='ltr'><strong>percipientibus,</strong></span> <span class='ocrx_word' id='word_1_283' title='bbox 579 1955 682 1982; x_wconf 91' lang='lat' dir='ltr'><strong>idcirco</strong></span> <span class='ocrx_word' id='word_1_284' title='bbox 697 1955 749 1982; x_wconf 87' lang='lat' dir='ltr'><strong>sub</strong></span> <span class='ocrx_word' id='word_1_285' title='bbox 764 1955 856 1988; x_wconf 82' lang='lat' dir='ltr'><strong>linem,</strong></span> <span class='ocrx_word' id='word_1_286' title='bbox 878 1955 975 1982; x_wconf 90' lang='lat' dir='ltr'><strong>seriem</strong></span> <span class='ocrx_word' id='word_1_287' title='bbox 994 1955 1043 1982; x_wconf 85' lang='lat' dir='ltr'><strong>ad-</strong></span> 
     </span>
    </p>
   </div>
   <div class='ocr_carea' id='block_1_43' title="bbox 248 2000 1043 2036">
    <p class='ocr_par' dir='ltr' id='par_1_43' title="bbox 248 2000 1043 2036">
     <span class='ocr_line' id='line_1_43' title="bbox 248 2000 1043 2036; baseline 0 -9"><span class='ocrx_word' id='word_1_288' title='bbox 248 2001 342 2036; x_wconf 70' lang='lat' dir='ltr'><strong>jungit</strong></span> <span class='ocrx_word' id='word_1_289' title='bbox 364 2000 500 2034; x_wconf 86' lang='lat' dir='ltr'><strong>cujusque</strong></span> <span class='ocrx_word' id='word_1_290' title='bbox 518 2008 673 2036; x_wconf 78' lang='lat' dir='ltr'><strong>congruam</strong></span> <span class='ocrx_word' id='word_1_291' title='bbox 690 2000 824 2028; x_wconf 88' lang='lat' dir='ltr'><strong>orationis</strong></span> <span class='ocrx_word' id='word_1_292' title='bbox 844 2008 905 2035; x_wconf 54' lang='lat' dir='ltr'><strong>qua).</strong></span> <span class='ocrx_word' id='word_1_293' title='bbox 921 2008 1043 2035; x_wconf 86' lang='lat' dir='ltr'><strong>pronun-</strong></span> 
     </span>
    </p>
   </div>
   <div class='ocr_carea' id='block_1_44' title="bbox 253 2045 1043 2080">
    <p class='ocr_par' dir='ltr' id='par_1_44' title="bbox 253 2045 1043 2080">
     <span class='ocr_line' id='line_1_44' title="bbox 253 2045 1043 2080; baseline 0.001 -8"><span class='ocrx_word' id='word_1_294' title='bbox 253 2046 318 2072; x_wconf 87' lang='lat' dir='ltr'><strong>tiata</strong></span> <span class='ocrx_word' id='word_1_295' title='bbox 342 2045 387 2072; x_wconf 87' lang='lat' dir='ltr'><strong>sit.</strong></span> <span class='ocrx_word' id='word_1_296' title='bbox 408 2045 545 2077; x_wconf 86' lang='lat' dir='ltr'><strong>Quoniam</strong></span> <span class='ocrx_word' id='word_1_297' title='bbox 562 2046 636 2072; x_wconf 91' lang='lat' dir='ltr'><strong>enim</strong></span> <span class='ocrx_word' id='word_1_298' title='bbox 653 2045 780 2072; x_wconf 90' lang='lat' dir='ltr'><strong>nonnulli</strong></span> <span class='ocrx_word' id='word_1_299' title='bbox 796 2053 891 2073; x_wconf 87' lang='lat' dir='ltr'><strong>eorum</strong></span> <span class='ocrx_word' id='word_1_300' title='bbox 906 2046 954 2080; x_wconf 92' lang='lat' dir='ltr'><strong>qui</strong></span> <span class='ocrx_word' id='word_1_301' title='bbox 975 2046 1043 2073; x_wconf 80' lang='lat' dir='ltr'><strong>foris</strong></span> 
     </span>
    </p>
   </div>
   <div class='ocr_carea' id='block_1_45' title="bbox 253 2090 1043 2126">
    <p class='ocr_par' dir='ltr' id='par_1_45' title="bbox 253 2090 1043 2126">
     <span class='ocr_line' id='line_1_45' title="bbox 253 2090 1043 2126; baseline 0.001 -8"><span class='ocrx_word' id='word_1_302' title='bbox 253 2096 354 2123; x_wconf 83' lang='lat' dir='ltr'><strong>astant,</strong></span> <span class='ocrx_word' id='word_1_303' title='bbox 381 2091 408 2117; x_wconf 90' lang='lat' dir='ltr'><strong>in</strong></span> <span class='ocrx_word' id='word_1_304' title='bbox 431 2090 630 2118; x_wconf 81' lang='lat' dir='ltr'><strong>dubitationem</strong></span> <span class='ocrx_word' id='word_1_305' title='bbox 646 2098 718 2125; x_wconf 58' lang='lat' dir='ltr'><strong>saepe</strong></span> <span class='ocrx_word' id='word_1_306' title='bbox 730 2091 855 2123; x_wconf 81' lang='lat' dir='ltr'><strong>veniunt,</strong></span> <span class='ocrx_word' id='word_1_307' title='bbox 873 2091 1043 2126; x_wconf 81' lang='lat' dir='ltr'><strong>ambigentes</strong></span> 
     </span>
    </p>
   </div>
   <div class='ocr_carea' id='block_1_46' title="bbox 253 2135 1044 2170">
    <p class='ocr_par' dir='ltr' id='par_1_46' title="bbox 253 2135 1044 2170">
     <span class='ocr_line' id='line_1_46' title="bbox 253 2135 1044 2170; baseline 0.003 -8"><span class='ocrx_word' id='word_1_308' title='bbox 253 2141 276 2162; x_wconf 90' lang='lat' dir='ltr'><strong>et</strong></span> <span class='ocrx_word' id='word_1_309' title='bbox 295 2136 452 2170; x_wconf 86' lang='lat' dir='ltr'><strong>iuquientes</strong></span> <span class='ocrx_word' id='word_1_310' title='bbox 469 2144 475 2162; x_wconf 87' lang='lat'>:</span> <span class='ocrx_word' id='word_1_311' title='bbox 492 2135 626 2168; x_wconf 83' lang='lat' dir='ltr'><strong>Quisnam</strong></span> <span class='ocrx_word' id='word_1_312' title='bbox 653 2140 695 2163; x_wconf 89' lang='lat' dir='ltr'><strong>est</strong></span> <span class='ocrx_word' id='word_1_313' title='bbox 716 2143 817 2169; x_wconf 87' lang='lat' dir='ltr'><strong>scopus</strong></span> <span class='ocrx_word' id='word_1_314' title='bbox 838 2141 865 2163; x_wconf 89' lang='lat' dir='ltr'><strong>et</strong></span> <span class='ocrx_word' id='word_1_315' title='bbox 889 2144 988 2164; x_wconf 86' lang='lat' dir='ltr'><strong>sensus</strong></span> <span class='ocrx_word' id='word_1_316' title='bbox 1012 2145 1044 2164; x_wconf 86' lang='lat' dir='ltr'><strong>ac</strong></span> 
     </span>
    </p>
   </div>
   <div class='ocr_carea' id='block_1_47' title="bbox 252 2181 1044 2218">
    <p class='ocr_par' dir='ltr' id='par_1_47' title="bbox 252 2181 1044 2218">
     <span class='ocr_line' id='line_1_47' title="bbox 252 2181 1044 2218; baseline 0.004 -11"><span class='ocrx_word' id='word_1_317' title='bbox 252 2181 294 2208; x_wconf 71' lang='lat' dir='ltr'><strong>vis</strong></span> <span class='ocrx_word' id='word_1_318' title='bbox 319 2181 474 2208; x_wconf 85' lang='lat' dir='ltr'><strong>orationum</strong></span> <span class='ocrx_word' id='word_1_319' title='bbox 500 2188 570 2216; x_wconf 88' lang='lat' dir='ltr'><strong>quas</strong></span> <span class='ocrx_word' id='word_1_320' title='bbox 593 2181 750 2209; x_wconf 84' lang='lat' dir='ltr'><strong>minutatim</strong></span> <span class='ocrx_word' id='word_1_321' title='bbox 782 2183 871 2210; x_wconf 88' lang='lat' dir='ltr'><strong>sacris</strong></span> <span class='ocrx_word' id='word_1_322' title='bbox 899 2183 1044 2218; x_wconf 65' lang='lat' dir='ltr'><strong>praafectus</strong></span> 
     </span>
    </p>
   </div>
   <div class='ocr_carea' id='block_1_48' title="bbox 253 2227 1042 2264">
    <p class='ocr_par' dir='ltr' id='par_1_48' title="bbox 253 2227 1042 2264">
     <span class='ocr_line' id='line_1_48' title="bbox 253 2227 1042 2264; baseline 0.003 -10"><span class='ocrx_word' id='word_1_323' title='bbox 253 2227 383 2254; x_wconf 75' lang='lat' dir='ltr'><strong>sacerdos</strong></span> <span class='ocrx_word' id='word_1_324' title='bbox 398 2227 542 2254; x_wconf 78' lang='lat' dir='ltr'><strong>recitavit?</strong></span> <span class='ocrx_word' id='word_1_325' title='bbox 566 2232 593 2255; x_wconf 88' lang='lat' dir='ltr'><strong>et</strong></span> <span class='ocrx_word' id='word_1_326' title='bbox 613 2227 770 2255; x_wconf 87' lang='lat' dir='ltr'><strong>desiderant</strong></span> <span class='ocrx_word' id='word_1_327' title='bbox 791 2229 919 2255; x_wconf 88' lang='lat' dir='ltr'><strong>notitiam</strong></span> <span class='ocrx_word' id='word_1_328' title='bbox 942 2237 1042 2264; x_wconf 87' lang='lat' dir='ltr'><strong>quam-</strong></span> 
     </span>
    </p>
   </div>
   <div class='ocr_carea' id='block_1_49' title="bbox 248 2273 1040 2309">
    <p class='ocr_par' dir='ltr' id='par_1_49' title="bbox 248 2273 1040 2309">
     <span class='ocr_line' id='line_1_49' title="bbox 248 2273 1040 2309; baseline 0.004 -9"><span class='ocrx_word' id='word_1_329' title='bbox 248 2273 316 2300; x_wconf 83' lang='lat' dir='ltr'><strong>dam</strong></span> <span class='ocrx_word' id='word_1_330' title='bbox 344 2273 425 2300; x_wconf 87' lang='lat' dir='ltr'><strong>etiam</strong></span> <span class='ocrx_word' id='word_1_331' title='bbox 452 2280 546 2300; x_wconf 89' lang='lat' dir='ltr'><strong>earum</strong></span> <span class='ocrx_word' id='word_1_332' title='bbox 573 2273 705 2308; x_wconf 84' lang='lat' dir='ltr'><strong>assequi;</strong></span> <span class='ocrx_word' id='word_1_333' title='bbox 739 2274 800 2301; x_wconf 89' lang='lat' dir='ltr'><strong>ideo</strong></span> <span class='ocrx_word' id='word_1_334' title='bbox 826 2274 911 2301; x_wconf 88' lang='lat' dir='ltr'><strong>divini</strong></span> <span class='ocrx_word' id='word_1_335' title='bbox 935 2274 1040 2309; x_wconf 85' lang='lat' dir='ltr'><strong>Patres,</strong></span> 
     </span>
    </p>
   </div>
   <div class='ocr_carea' id='block_1_50' title="bbox 1126 290 1879 328">
    <p class='ocr_par' dir='ltr' id='par_1_50' title="bbox 1126 290 1879 328">
     <span class='ocr_line' id='line_1_50' title="bbox 1126 290 1879 328; baseline -0.005 -8"><span class='ocrx_word' id='word_1_336' title='bbox 1126 303 1135 320; x_wconf 76' lang='grc' dir='ltr'><strong>ι</strong></span> <span class='ocrx_word' id='word_1_337' title='bbox 1163 293 1241 320; x_wconf 72' lang='grc' dir='ltr'>Μετὰ</span> <span class='ocrx_word' id='word_1_338' title='bbox 1267 293 1351 328; x_wconf 73' lang='grc' dir='ltr'>φόδου</span> <span class='ocrx_word' id='word_1_339' title='bbox 1376 291 1444 318; x_wconf 86' lang='grc' dir='ltr'>Θεοῦ</span> <span class='ocrx_word' id='word_1_340' title='bbox 1475 292 1522 318; x_wconf 75' lang='grc' dir='ltr'>καὶ</span> <span class='ocrx_word' id='word_1_341' title='bbox 1546 291 1666 322; x_wconf 85' lang='grc' dir='ltr'>πίστεως</span> <span class='ocrx_word' id='word_1_342' title='bbox 1695 290 1742 317; x_wconf 76' lang='grc' dir='ltr'>καὶ</span> <span class='ocrx_word' id='word_1_343' title='bbox 1768 291 1879 326; x_wconf 81' lang='grc' dir='ltr'><strong>ἀγάπης</strong></span> 
     </span>
    </p>
   </div>
   <div class='ocr_carea' id='block_1_51' title="bbox 1087 337 1877 375">
    <p class='ocr_par' dir='ltr' id='par_1_51' title="bbox 1087 337 1877 375">
     <span class='ocr_line' id='line_1_51' title="bbox 1087 337 1877 375; baseline -0.006 -8"><span class='ocrx_word' id='word_1_344' title='bbox 1087 340 1254 375; x_wconf 74' lang='grc' dir='ltr'>προσέλθετε</span> <span class='ocrx_word' id='word_1_345' title='bbox 1275 338 1389 374; x_wconf 86' lang='grc' dir='ltr'><strong>Χριστῷ</strong></span> <span class='ocrx_word' id='word_1_346' title='bbox 1417 338 1456 374; x_wconf 78' lang='grc' dir='ltr'>τῷ</span> <span class='ocrx_word' id='word_1_347' title='bbox 1478 338 1538 373; x_wconf 86' lang='grc' dir='ltr'>Θεῷ</span> <span class='ocrx_word' id='word_1_348' title='bbox 1563 338 1611 364; x_wconf 75' lang='grc' dir='ltr'>καὶ</span> <span class='ocrx_word' id='word_1_349' title='bbox 1633 337 1739 372; x_wconf 81' lang='grc' dir='ltr'>βασιλεῖ</span> <span class='ocrx_word' id='word_1_350' title='bbox 1756 337 1847 372; x_wconf 84' lang='grc' dir='ltr'>ἡμῶν.</span> <span class='ocrx_word' id='word_1_351' title='bbox 1867 346 1877 361; x_wconf 68' lang='grc' dir='ltr'><strong>ι</strong></span> 
     </span>
    </p>
   </div>
   <div class='ocr_carea' id='block_1_52' title="bbox 1087 382 1880 421">
    <p class='ocr_par' dir='ltr' id='par_1_52' title="bbox 1087 382 1880 421">
     <span class='ocr_line' id='line_1_52' title="bbox 1087 382 1880 421; baseline -0.008 -7"><span class='ocrx_word' id='word_1_352' title='bbox 1087 389 1133 414; x_wconf 82' lang='grc' dir='ltr'><strong>Δεῖ</strong></span> <span class='ocrx_word' id='word_1_353' title='bbox 1157 387 1204 414; x_wconf 79' lang='grc' dir='ltr'>οὖν</span> <span class='ocrx_word' id='word_1_354' title='bbox 1230 386 1313 421; x_wconf 79' lang='grc' dir='ltr'>φόϐον</span> <span class='ocrx_word' id='word_1_355' title='bbox 1336 386 1408 421; x_wconf 81' lang='grc' dir='ltr'>ἐχειν</span> <span class='ocrx_word' id='word_1_356' title='bbox 1429 386 1504 421; x_wconf 83' lang='grc' dir='ltr'><strong>ἡμᾶς</strong></span> <span class='ocrx_word' id='word_1_357' title='bbox 1532 385 1580 412; x_wconf 77' lang='grc' dir='ltr'>καὶ</span> <span class='ocrx_word' id='word_1_358' title='bbox 1604 385 1717 419; x_wconf 81' lang='grc' dir='ltr'><strong>ἀγάπην</strong></span> <span class='ocrx_word' id='word_1_359' title='bbox 1742 383 1771 409; x_wconf 73' lang='grc' dir='ltr'>ὲν</span> <span class='ocrx_word' id='word_1_360' title='bbox 1790 382 1880 418; x_wconf 83' lang='grc' dir='ltr'>καιρῷ</span> 
     </span>
    </p>
   </div>
   <div class='ocr_carea' id='block_1_53' title="bbox 1087 428 1881 468">
    <p class='ocr_par' dir='ltr' id='par_1_53' title="bbox 1087 428 1881 468">
     <span class='ocr_line' id='line_1_53' title="bbox 1087 428 1881 468; baseline -0.01 -7"><span class='ocrx_word' id='word_1_361' title='bbox 1087 434 1141 461; x_wconf 84' lang='grc' dir='ltr'><strong>τῶν</strong></span> <span class='ocrx_word' id='word_1_362' title='bbox 1160 432 1331 468; x_wconf 81' lang='grc' dir='ltr'><strong>μυστηρίων,</strong></span> <span class='ocrx_word' id='word_1_363' title='bbox 1351 433 1399 458; x_wconf 76' lang='grc' dir='ltr'>καὶ</span> <span class='ocrx_word' id='word_1_364' title='bbox 1417 431 1486 466; x_wconf 87' lang='grc' dir='ltr'>μετὰ</span> <span class='ocrx_word' id='word_1_365' title='bbox 1505 431 1625 461; x_wconf 85' lang='grc' dir='ltr'>πίστεως</span> <span class='ocrx_word' id='word_1_366' title='bbox 1643 428 1821 464; x_wconf 77' lang='grc' dir='ltr'><strong>προσελθεῖν·</strong></span> <span class='ocrx_word' id='word_1_367' title='bbox 1839 428 1881 454; x_wconf 79' lang='grc' dir='ltr'>ὅτι</span> 
     </span>
    </p>
   </div>
   <div class='ocr_carea' id='block_1_54' title="bbox 1088 473 1880 515">
    <p class='ocr_par' dir='ltr' id='par_1_54' title="bbox 1088 473 1880 515">
     <span class='ocr_line' id='line_1_54' title="bbox 1088 473 1880 515; baseline -0.01 -8"><span class='ocrx_word' id='word_1_368' title='bbox 1088 481 1140 507; x_wconf 86' lang='grc' dir='ltr'>κᾶν</span> <span class='ocrx_word' id='word_1_369' title='bbox 1158 479 1243 515; x_wconf 87' lang='grc' dir='ltr'>μυρία</span> <span class='ocrx_word' id='word_1_370' title='bbox 1258 478 1361 514; x_wconf 85' lang='grc' dir='ltr'>δηλαδὴ</span> <span class='ocrx_word' id='word_1_371' title='bbox 1374 477 1549 512; x_wconf 84' lang='grc' dir='ltr'>δικαιώματα</span> <span class='ocrx_word' id='word_1_372' title='bbox 1563 476 1671 510; x_wconf 75' lang='grc' dir='ltr'>ἔχωμεν</span> <span class='ocrx_word' id='word_1_373' title='bbox 1683 496 1690 506; x_wconf 90' lang='grc'><strong>,</strong></span> <span class='ocrx_word' id='word_1_374' title='bbox 1715 474 1763 501; x_wconf 74' lang='grc' dir='ltr'><strong>καὶ</strong></span> <span class='ocrx_word' id='word_1_375' title='bbox 1780 473 1880 509; x_wconf 86' lang='grc' dir='ltr'>μνησί-</span> 
     </span>
    </p>
   </div>
   <div class='ocr_carea' id='block_1_55' title="bbox 1087 517 1883 560">
    <p class='ocr_par' dir='ltr' id='par_1_55' title="bbox 1087 517 1883 560">
     <span class='ocr_line' id='line_1_55' title="bbox 1087 517 1883 560; baseline -0.013 -6"><span class='ocrx_word' id='word_1_376' title='bbox 1087 535 1169 554; x_wconf 82' lang='grc' dir='ltr'>κακοι</span> <span class='ocrx_word' id='word_1_377' title='bbox 1180 523 1266 560; x_wconf 81' lang='grc' dir='ltr'>ὦμεν,</span> <span class='ocrx_word' id='word_1_378' title='bbox 1279 525 1357 551; x_wconf 82' lang='grc' dir='ltr'>οὐδὲν</span> <span class='ocrx_word' id='word_1_379' title='bbox 1368 524 1397 557; x_wconf 77' lang='grc' dir='ltr'><strong>ἐξ</strong></span> <span class='ocrx_word' id='word_1_380' title='bbox 1410 523 1500 551; x_wconf 79' lang='grc' dir='ltr'>αὐτῶν</span> <span class='ocrx_word' id='word_1_381' title='bbox 1514 522 1663 557; x_wconf 77' lang='grc' dir='ltr'><strong>σωτηρίας,</strong></span> <span class='ocrx_word' id='word_1_382' title='bbox 1673 519 1758 554; x_wconf 79' lang='grc' dir='ltr'>λέγει,</span> <span class='ocrx_word' id='word_1_383' title='bbox 1769 517 1883 554; x_wconf 82' lang='grc' dir='ltr'>καρπώ-</span> 
     </span>
    </p>
   </div>
   <div class='ocr_carea' id='block_1_56' title="bbox 1089 564 1882 607">
    <p class='ocr_par' dir='ltr' id='par_1_56' title="bbox 1089 564 1882 607">
     <span class='ocr_line' id='line_1_56' title="bbox 1089 564 1882 607; baseline -0.013 -8"><span class='ocrx_word' id='word_1_384' title='bbox 1089 573 1190 599; x_wconf 89' lang='grc' dir='ltr'>σασθαι</span> <span class='ocrx_word' id='word_1_385' title='bbox 1211 571 1402 607; x_wconf 81' lang='grc' dir='ltr'>δυνησόμεθα’</span> <span class='ocrx_word' id='word_1_386' title='bbox 1433 569 1479 595; x_wconf 83' lang='grc' dir='ltr'><strong>διὰ</strong></span> <span class='ocrx_word' id='word_1_387' title='bbox 1493 567 1574 595; x_wconf 83' lang='grc' dir='ltr'>τοῦτο</span> <span class='ocrx_word' id='word_1_388' title='bbox 1591 567 1639 593; x_wconf 83' lang='grc' dir='ltr'>καὶ</span> <span class='ocrx_word' id='word_1_389' title='bbox 1655 565 1737 600; x_wconf 75' lang='grc' dir='ltr'>φόϐον</span> <span class='ocrx_word' id='word_1_390' title='bbox 1753 564 1793 590; x_wconf 78' lang='grc' dir='ltr'>δεῖ</span> <span class='ocrx_word' id='word_1_391' title='bbox 1808 564 1882 599; x_wconf 81' lang='grc' dir='ltr'>ἔχειν</span> 
     </span>
    </p>
   </div>
   <div class='ocr_carea' id='block_1_57' title="bbox 1088 609 1882 652">
    <p class='ocr_par' dir='ltr' id='par_1_57' title="bbox 1088 609 1882 652">
     <span class='ocr_line' id='line_1_57' title="bbox 1088 609 1882 652; baseline -0.014 -7"><span class='ocrx_word' id='word_1_392' title='bbox 1088 619 1137 646; x_wconf 76' lang='grc' dir='ltr'>καὶ</span> <span class='ocrx_word' id='word_1_393' title='bbox 1160 618 1271 652; x_wconf 79' lang='grc' dir='ltr'><strong>ἀγάπην</strong></span> <span class='ocrx_word' id='word_1_394' title='bbox 1295 617 1324 642; x_wconf 81' lang='grc' dir='ltr'><strong>ὲν</strong></span> <span class='ocrx_word' id='word_1_395' title='bbox 1340 614 1430 650; x_wconf 83' lang='grc' dir='ltr'>καιρῷ</span> <span class='ocrx_word' id='word_1_396' title='bbox 1446 614 1499 641; x_wconf 84' lang='grc' dir='ltr'>τῶν</span> <span class='ocrx_word' id='word_1_397' title='bbox 1513 612 1616 640; x_wconf 85' lang='grc' dir='ltr'><strong>θυσιῶν</strong></span> <span class='ocrx_word' id='word_1_398' title='bbox 1630 620 1636 627; x_wconf 91' lang='grc'>·</span> <span class='ocrx_word' id='word_1_399' title='bbox 1653 611 1731 638; x_wconf 81' lang='grc' dir='ltr'>οὐδὲν</span> <span class='ocrx_word' id='word_1_400' title='bbox 1746 610 1801 645; x_wconf 83' lang='grc' dir='ltr'>γὰρ</span> <span class='ocrx_word' id='word_1_401' title='bbox 1816 609 1882 636; x_wconf 79' lang='grc' dir='ltr'>ἄλλο</span> 
     </span>
    </p>
   </div>
   <div class='ocr_carea' id='block_1_58' title="bbox 1088 655 1896 700">
    <p class='ocr_par' dir='ltr' id='par_1_58' title="bbox 1088 655 1896 700">
     <span class='ocr_line' id='line_1_58' title="bbox 1088 655 1896 700; baseline -0.014 -9"><span class='ocrx_word' id='word_1_402' title='bbox 1088 664 1278 700; x_wconf 72' lang='grc' dir='ltr'><strong>ἐμνημόνευσε</strong></span> <span class='ocrx_word' id='word_1_403' title='bbox 1294 661 1487 694; x_wconf 76' lang='grc' dir='ltr'><strong>δικαιοσύνης,</strong></span> <span class='ocrx_word' id='word_1_404' title='bbox 1514 660 1539 685; x_wconf 85' lang='grc' dir='ltr'>εί</span> <span class='ocrx_word' id='word_1_405' title='bbox 1558 659 1596 693; x_wconf 84' lang='grc' dir='ltr'><strong>μὴ</strong></span> <span class='ocrx_word' id='word_1_406' title='bbox 1617 657 1667 693; x_wconf 84' lang='grc' dir='ltr'>τὴν</span> <span class='ocrx_word' id='word_1_407' title='bbox 1684 656 1806 690; x_wconf 80' lang='grc' dir='ltr'>ἀγάπην.</span> <span class='ocrx_word' id='word_1_408' title='bbox 1825 655 1896 681; x_wconf 61' lang='lat' dir='ltr'><strong>Aci--</strong></span> 
     </span>
    </p>
   </div>
   <div class='ocr_carea' id='block_1_59' title="bbox 1087 700 1881 745">
    <p class='ocr_par' dir='ltr' id='par_1_59' title="bbox 1087 700 1881 745">
     <span class='ocr_line' id='line_1_59' title="bbox 1087 700 1881 745; baseline -0.014 -8"><span class='ocrx_word' id='word_1_409' title='bbox 1087 711 1134 742; x_wconf 79' lang='grc' dir='ltr'><strong>τὺς</strong></span> <span class='ocrx_word' id='word_1_410' title='bbox 1147 710 1203 745; x_wconf 76' lang='grc' dir='ltr'><strong>γάρ</strong></span> <span class='ocrx_word' id='word_1_411' title='bbox 1219 710 1232 735; x_wconf 89' lang='grc' dir='ltr'><strong>ό</strong></span> <span class='ocrx_word' id='word_1_412' title='bbox 1248 707 1399 744; x_wconf 78' lang='grc' dir='ltr'>μονογενὴς</span> <span class='ocrx_word' id='word_1_413' title='bbox 1410 706 1475 737; x_wconf 81' lang='grc' dir='ltr'>Υίὺς</span> <span class='ocrx_word' id='word_1_414' title='bbox 1489 705 1537 731; x_wconf 74' lang='grc' dir='ltr'><strong>καὶ</strong></span> <span class='ocrx_word' id='word_1_415' title='bbox 1548 705 1635 738; x_wconf 83' lang='grc' dir='ltr'><strong>Λόγος</strong></span> <span class='ocrx_word' id='word_1_416' title='bbox 1647 702 1695 729; x_wconf 89' lang='grc' dir='ltr'><strong>τοῦ</strong></span> <span class='ocrx_word' id='word_1_417' title='bbox 1709 701 1789 733; x_wconf 89' lang='grc' dir='ltr'>Θεοῦ,</span> <span class='ocrx_word' id='word_1_418' title='bbox 1804 700 1881 736; x_wconf 85' lang='grc' dir='ltr'>είρή-</span> 
     </span>
    </p>
   </div>
   <div class='ocr_carea' id='block_1_60' title="bbox 1088 747 1882 792">
    <p class='ocr_par' dir='ltr' id='par_1_60' title="bbox 1088 747 1882 792">
     <span class='ocr_line' id='line_1_60' title="bbox 1088 747 1882 792; baseline -0.015 -8"><span class='ocrx_word' id='word_1_419' title='bbox 1088 765 1138 792; x_wconf 86' lang='grc' dir='ltr'><strong>νης</strong></span> <span class='ocrx_word' id='word_1_420' title='bbox 1159 755 1291 792; x_wconf 74' lang='grc' dir='ltr'><strong>πρόξενος</strong></span> <span class='ocrx_word' id='word_1_421' title='bbox 1317 753 1400 780; x_wconf 70' lang='grc' dir='ltr'>παντὶ</span> <span class='ocrx_word' id='word_1_422' title='bbox 1416 752 1455 788; x_wconf 86' lang='grc' dir='ltr'>τῷ</span> <span class='ocrx_word' id='word_1_423' title='bbox 1471 750 1646 782; x_wconf 80' lang='grc' dir='ltr'><strong>πιστεύοντι,</strong></span> <span class='ocrx_word' id='word_1_424' title='bbox 1674 749 1720 776; x_wconf 70' lang='grc' dir='ltr'>καὶ</span> <span class='ocrx_word' id='word_1_425' title='bbox 1745 748 1776 774; x_wconf 83' lang='grc' dir='ltr'>τὸ</span> <span class='ocrx_word' id='word_1_426' title='bbox 1791 747 1882 782; x_wconf 85' lang='grc' dir='ltr'>τίμιον</span> 
     </span>
    </p>
   </div>
   <div class='ocr_carea' id='block_1_61' title="bbox 1090 792 1880 835">
    <p class='ocr_par' dir='ltr' id='par_1_61' title="bbox 1090 792 1880 835">
     <span class='ocr_line' id='line_1_61' title="bbox 1090 792 1880 835; baseline -0.013 -7"><span class='ocrx_word' id='word_1_427' title='bbox 1090 801 1175 828; x_wconf 81' lang='grc' dir='ltr'>αὑτοῦ</span> <span class='ocrx_word' id='word_1_428' title='bbox 1195 801 1276 835; x_wconf 84' lang='grc' dir='ltr'>σῶμα</span> <span class='ocrx_word' id='word_1_429' title='bbox 1300 799 1348 826; x_wconf 78' lang='grc' dir='ltr'>καὶ</span> <span class='ocrx_word' id='word_1_430' title='bbox 1363 795 1433 833; x_wconf 71' lang='grc' dir='ltr'>αἷμα</span> <span class='ocrx_word' id='word_1_431' title='bbox 1458 796 1528 832; x_wconf 77' lang='grc' dir='ltr'>μετὰ</span> <span class='ocrx_word' id='word_1_432' title='bbox 1542 794 1625 830; x_wconf 80' lang='grc' dir='ltr'>φόὸου</span> <span class='ocrx_word' id='word_1_433' title='bbox 1641 795 1689 822; x_wconf 81' lang='grc' dir='ltr'>καὶ</span> <span class='ocrx_word' id='word_1_434' title='bbox 1702 794 1821 824; x_wconf 78' lang='grc' dir='ltr'>πίστεως</span> <span class='ocrx_word' id='word_1_435' title='bbox 1836 792 1880 818; x_wconf 85' lang='grc' dir='ltr'>δέ·</span> 
     </span>
    </p>
   </div>
   <div class='ocr_carea' id='block_1_62' title="bbox 1089 847 1187 874">
    <p class='ocr_par' dir='ltr' id='par_1_62' title="bbox 1089 847 1187 874">
     <span class='ocr_line' id='line_1_62' title="bbox 1089 847 1187 874; baseline -0.01 0"><span class='ocrx_word' id='word_1_436' title='bbox 1089 847 1187 874; x_wconf 86' lang='grc' dir='ltr'>δωκεν.</span> 
     </span>
    </p>
   </div>
   <div class='ocr_carea' id='block_1_63' title="bbox 1129 884 1880 928">
    <p class='ocr_par' dir='ltr' id='par_1_63' title="bbox 1129 884 1880 928">
     <span class='ocr_line' id='line_1_63' title="bbox 1129 884 1880 928; baseline -0.013 -9"><span class='ocrx_word' id='word_1_437' title='bbox 1129 902 1138 919; x_wconf 77' lang='grc' dir='ltr'><strong>ι</strong></span> <span class='ocrx_word' id='word_1_438' title='bbox 1164 892 1271 928; x_wconf 82' lang='grc' dir='ltr'>Ὀρθοὶ,</span> <span class='ocrx_word' id='word_1_439' title='bbox 1296 892 1320 918; x_wconf 78' lang='grc' dir='ltr'>οἱ</span> <span class='ocrx_word' id='word_1_440' title='bbox 1345 889 1546 926; x_wconf 78' lang='grc' dir='ltr'>μεταλαὸόντες</span> <span class='ocrx_word' id='word_1_441' title='bbox 1560 887 1616 914; x_wconf 89' lang='grc' dir='ltr'>τῶν</span> <span class='ocrx_word' id='word_1_442' title='bbox 1630 886 1711 914; x_wconf 78' lang='grc' dir='ltr'>θείων</span> <span class='ocrx_word' id='word_1_443' title='bbox 1725 884 1880 920; x_wconf 84' lang='grc' dir='ltr'>ἀχράντων,</span> 
     </span>
    </p>
   </div>
   <div class='ocr_carea' id='block_1_64' title="bbox 1091 929 1883 970">
    <p class='ocr_par' dir='ltr' id='par_1_64' title="bbox 1091 929 1883 970">
     <span class='ocr_line' id='line_1_64' title="bbox 1091 929 1883 970; baseline -0.013 -4"><span class='ocrx_word' id='word_1_444' title='bbox 1091 939 1245 966; x_wconf 78' lang='grc' dir='ltr'>ἀθανάτων.</span> <span class='ocrx_word' id='word_1_445' title='bbox 1260 948 1268 963; x_wconf 78' lang='grc' dir='ltr'><strong>ι</strong></span> <span class='ocrx_word' id='word_1_446' title='bbox 1283 937 1444 969; x_wconf 79' lang='grc' dir='ltr'>Τουτέστιν,</span> <span class='ocrx_word' id='word_1_447' title='bbox 1454 935 1570 970; x_wconf 76' lang='grc' dir='ltr'>όρθῇ”τῇ</span> <span class='ocrx_word' id='word_1_448' title='bbox 1583 933 1689 969; x_wconf 70' lang='grc' dir='ltr'>διανοίᾳ</span> <span class='ocrx_word' id='word_1_449' title='bbox 1706 933 1754 959; x_wconf 78' lang='grc' dir='ltr'>σὺν</span> <span class='ocrx_word' id='word_1_450' title='bbox 1768 932 1824 962; x_wconf 86' lang='grc' dir='ltr'>τοῖς</span> <span class='ocrx_word' id='word_1_451' title='bbox 1838 929 1883 965; x_wconf 75' lang='grc' dir='ltr'><strong>ἕρ-</strong></span> 
     </span>
    </p>
   </div>
   <div class='ocr_carea' id='block_1_65' title="bbox 1090 976 1882 1019">
    <p class='ocr_par' dir='ltr' id='par_1_65' title="bbox 1090 976 1882 1019">
     <span class='ocr_line' id='line_1_65' title="bbox 1090 976 1882 1019; baseline -0.011 -8"><span class='ocrx_word' id='word_1_452' title='bbox 1090 993 1149 1019; x_wconf 86' lang='grc' dir='ltr'>γοις</span> <span class='ocrx_word' id='word_1_453' title='bbox 1167 984 1277 1018; x_wconf 71' lang='grc' dir='ltr'>στῶμεν</span> <span class='ocrx_word' id='word_1_454' title='bbox 1294 981 1510 1018; x_wconf 81' lang='grc' dir='ltr'>μεταλαϐόντες’</span> <span class='ocrx_word' id='word_1_455' title='bbox 1540 980 1588 1006; x_wconf 72' lang='grc' dir='ltr'><strong>κα)⁵</strong></span> <span class='ocrx_word' id='word_1_456' title='bbox 1608 979 1692 1011; x_wconf 78' lang='grc' dir='ltr'>ἀξίως</span> <span class='ocrx_word' id='word_1_457' title='bbox 1708 977 1783 1012; x_wconf 88' lang='grc' dir='ltr'><strong>αὑτῷ</strong></span> <span class='ocrx_word' id='word_1_458' title='bbox 1798 976 1882 1011; x_wconf 78' lang='grc' dir='ltr'>εὐχα-</span> 
     </span>
    </p>
   </div>
   <div class='ocr_carea' id='block_1_66' title="bbox 1091 1020 1884 1066">
    <p class='ocr_par' dir='ltr' id='par_1_66' title="bbox 1091 1020 1884 1066">
     <span class='ocr_line' id='line_1_66' title="bbox 1091 1020 1884 1066; baseline -0.013 -9"><span class='ocrx_word' id='word_1_459' title='bbox 1091 1020 1277 1066; x_wconf 72' lang='grc' dir='ltr'>ριστήσωμεν,</span> <span class='ocrx_word' id='word_1_460' title='bbox 1294 1029 1334 1056; x_wconf 82' lang='grc' dir='ltr'>ὃτι</span> <span class='ocrx_word' id='word_1_461' title='bbox 1348 1028 1466 1064; x_wconf 76' lang='grc' dir='ltr'><strong>ἠξίωσεν</strong></span> <span class='ocrx_word' id='word_1_462' title='bbox 1478 1027 1553 1062; x_wconf 80' lang='grc' dir='ltr'><strong>ἡμᾶς</strong></span> <span class='ocrx_word' id='word_1_463' title='bbox 1564 1025 1619 1052; x_wconf 83' lang='grc' dir='ltr'><strong>τῶν</strong></span> <span class='ocrx_word' id='word_1_464' title='bbox 1631 1024 1711 1051; x_wconf 81' lang='grc' dir='ltr'>θείων</span> <span class='ocrx_word' id='word_1_465' title='bbox 1724 1022 1884 1059; x_wconf 76' lang='grc' dir='ltr'><strong>μυστηρίων</strong></span> 
     </span>
    </p>
   </div>
   <div class='ocr_carea' id='block_1_67' title="bbox 1089 1068 1882 1111">
    <p class='ocr_par' dir='ltr' id='par_1_67' title="bbox 1089 1068 1882 1111">
     <span class='ocr_line' id='line_1_67' title="bbox 1089 1068 1882 1111; baseline -0.014 -7"><span class='ocrx_word' id='word_1_466' title='bbox 1089 1077 1259 1111; x_wconf 84' lang='grc' dir='ltr'>γεύσασθαι,</span> <span class='ocrx_word' id='word_1_467' title='bbox 1288 1075 1336 1101; x_wconf 64' lang='grc' dir='ltr'><strong>καὶ¹</strong></span> <span class='ocrx_word' id='word_1_468' title='bbox 1358 1076 1386 1100; x_wconf 81' lang='grc' dir='ltr'><strong>ὲν</strong></span> <span class='ocrx_word' id='word_1_469' title='bbox 1404 1075 1437 1109; x_wconf 85' lang='grc' dir='ltr'>τῇ</span> <span class='ocrx_word' id='word_1_470' title='bbox 1456 1071 1655 1106; x_wconf 76' lang='grc' dir='ltr'>παλιγγενεσία</span> <span class='ocrx_word' id='word_1_471' title='bbox 1673 1070 1723 1096; x_wconf 82' lang='grc' dir='ltr'><strong>σὺν</strong></span> <span class='ocrx_word' id='word_1_472' title='bbox 1741 1068 1816 1103; x_wconf 77' lang='grc' dir='ltr'>αὐτῷ</span> <span class='ocrx_word' id='word_1_473' title='bbox 1831 1068 1882 1094; x_wconf 87' lang='grc' dir='ltr'><strong>αὐ-</strong></span> 
     </span>
    </p>
   </div>
   <div class='ocr_carea' id='block_1_68' title="bbox 1090 1114 1881 1156">
    <p class='ocr_par' dir='ltr' id='par_1_68' title="bbox 1090 1114 1881 1156">
     <span class='ocr_line' id='line_1_68' title="bbox 1090 1114 1881 1156; baseline -0.014 -7"><span class='ocrx_word' id='word_1_474' title='bbox 1090 1121 1226 1156; x_wconf 81' lang='grc' dir='ltr'>λισθῆναι.</span> <span class='ocrx_word' id='word_1_475' title='bbox 1249 1122 1345 1155; x_wconf 80' lang='grc' dir='ltr'><strong>Ἀμήν.</strong></span> <span class='ocrx_word' id='word_1_476' title='bbox 1366 1119 1488 1150; x_wconf 77' lang='grc' dir='ltr'>Ἀλλως·</span> <span class='ocrx_word' id='word_1_477' title='bbox 1507 1118 1538 1144; x_wconf 87' lang='grc' dir='ltr'><strong>Οί</strong></span> <span class='ocrx_word' id='word_1_478' title='bbox 1557 1116 1738 1152; x_wconf 83' lang='grc' dir='ltr'>μετασχόντες</span> <span class='ocrx_word' id='word_1_479' title='bbox 1751 1115 1800 1149; x_wconf 77' lang='grc' dir='ltr'>τῆς</span> <span class='ocrx_word' id='word_1_480' title='bbox 1817 1114 1881 1145; x_wconf 75' lang='grc' dir='ltr'><strong>ζωο-</strong></span> 
     </span>
    </p>
   </div>
   <div class='ocr_carea' id='block_1_69' title="bbox 1091 1159 1884 1201">
    <p class='ocr_par' dir='ltr' id='par_1_69' title="bbox 1091 1159 1884 1201">
     <span class='ocr_line' id='line_1_69' title="bbox 1091 1159 1884 1201; baseline -0.013 -7"><span class='ocrx_word' id='word_1_481' title='bbox 1091 1167 1169 1194; x_wconf 83' lang='grc' dir='ltr'>ποιοῦ</span> <span class='ocrx_word' id='word_1_482' title='bbox 1191 1167 1302 1199; x_wconf 79' lang='grc' dir='ltr'><strong>θυσίας,</strong></span> <span class='ocrx_word' id='word_1_483' title='bbox 1327 1166 1343 1201; x_wconf 80' lang='grc' dir='ltr'>ἢ</span> <span class='ocrx_word' id='word_1_484' title='bbox 1367 1165 1462 1196; x_wconf 79' lang='grc' dir='ltr'><strong>οὐσίας</strong></span> <span class='ocrx_word' id='word_1_485' title='bbox 1473 1185 1480 1197; x_wconf 89' lang='grc'><strong>,</strong></span> <span class='ocrx_word' id='word_1_486' title='bbox 1513 1163 1568 1190; x_wconf 81' lang='grc' dir='ltr'><strong>ἀπὸ</strong></span> <span class='ocrx_word' id='word_1_487' title='bbox 1582 1162 1636 1189; x_wconf 86' lang='grc' dir='ltr'>τῶν</span> <span class='ocrx_word' id='word_1_488' title='bbox 1649 1161 1752 1196; x_wconf 83' lang='grc' dir='ltr'>γηΐνων</span> <span class='ocrx_word' id='word_1_489' title='bbox 1768 1159 1837 1195; x_wconf 78' lang='grc' dir='ltr'>πρὸς</span> <span class='ocrx_word' id='word_1_490' title='bbox 1850 1159 1884 1185; x_wconf 80' lang='grc' dir='ltr'>τὰ</span> 
     </span>
    </p>
   </div>
   <div class='ocr_carea' id='block_1_70' title="bbox 1090 1205 1884 1249">
    <p class='ocr_par' dir='ltr' id='par_1_70' title="bbox 1090 1205 1884 1249">
     <span class='ocr_line' id='line_1_70' title="bbox 1090 1205 1884 1249; baseline -0.013 -8"><span class='ocrx_word' id='word_1_491' title='bbox 1090 1215 1206 1249; x_wconf 74' lang='grc' dir='ltr'>οὐράνια</span> <span class='ocrx_word' id='word_1_492' title='bbox 1219 1212 1413 1248; x_wconf 89' lang='grc' dir='ltr'>διορθώσωμεν</span> <span class='ocrx_word' id='word_1_493' title='bbox 1427 1212 1472 1238; x_wconf 81' lang='grc' dir='ltr'>τὸν</span> <span class='ocrx_word' id='word_1_494' title='bbox 1484 1211 1558 1241; x_wconf 81' lang='grc' dir='ltr'>νοῦν,</span> <span class='ocrx_word' id='word_1_495' title='bbox 1571 1209 1620 1236; x_wconf 75' lang='grc' dir='ltr'><strong>καὶ</strong></span> <span class='ocrx_word' id='word_1_496' title='bbox 1631 1207 1714 1241; x_wconf 78' lang='grc' dir='ltr'>ἀξίως</span> <span class='ocrx_word' id='word_1_497' title='bbox 1725 1207 1765 1241; x_wconf 83' lang='grc' dir='ltr'>τῷ</span> <span class='ocrx_word' id='word_1_498' title='bbox 1772 1205 1884 1240; x_wconf 77' lang='grc' dir='ltr'>Χριστῷ</span> 
     </span>
    </p>
   </div>
   <div class='ocr_carea' id='block_1_71' title="bbox 1091 1250 1884 1295">
    <p class='ocr_par' dir='ltr' id='par_1_71' title="bbox 1091 1250 1884 1295">
     <span class='ocr_line' id='line_1_71' title="bbox 1091 1250 1884 1295; baseline -0.011 -9"><span class='ocrx_word' id='word_1_499' title='bbox 1091 1259 1343 1295; x_wconf 85' lang='grc' dir='ltr'>εὐαρεστήσωμεν,</span> <span class='ocrx_word' id='word_1_500' title='bbox 1372 1257 1413 1288; x_wconf 81' lang='grc' dir='ltr'>ὅτι</span> <span class='ocrx_word' id='word_1_501' title='bbox 1437 1256 1556 1291; x_wconf 65' lang='grc' dir='ltr'>ἠξίωσεν</span> <span class='ocrx_word' id='word_1_502' title='bbox 1579 1254 1654 1290; x_wconf 80' lang='grc' dir='ltr'>ἡμᾶς</span> <span class='ocrx_word' id='word_1_503' title='bbox 1670 1252 1818 1288; x_wconf 80' lang='grc' dir='ltr'>μετασχεῖν</span> <span class='ocrx_word' id='word_1_504' title='bbox 1836 1250 1884 1277; x_wconf 85' lang='grc' dir='ltr'><strong>τοῦ</strong></span> 
     </span>
    </p>
   </div>
   <div class='ocr_carea' id='block_1_72' title="bbox 1090 1294 1885 1340">
    <p class='ocr_par' dir='ltr' id='par_1_72' title="bbox 1090 1294 1885 1340">
     <span class='ocr_line' id='line_1_72' title="bbox 1090 1294 1885 1340; baseline -0.013 -8"><span class='ocrx_word' id='word_1_505' title='bbox 1090 1294 1183 1340; x_wconf 77' lang='grc' dir='ltr'>τιμίου</span> <span class='ocrx_word' id='word_1_506' title='bbox 1207 1304 1334 1339; x_wconf 84' lang='grc' dir='ltr'>σώματος</span> <span class='ocrx_word' id='word_1_507' title='bbox 1359 1303 1408 1330; x_wconf 73' lang='grc' dir='ltr'>καὶ</span> <span class='ocrx_word' id='word_1_508' title='bbox 1430 1299 1674 1337; x_wconf 77' lang='grc' dir='ltr'>αἶματος“αὺτοῦ·</span> <span class='ocrx_word' id='word_1_509' title='bbox 1713 1294 1751 1326; x_wconf 84' lang='grc' dir='ltr'><strong>ὧν</strong></span> <span class='ocrx_word' id='word_1_510' title='bbox 1778 1297 1885 1332; x_wconf 83' lang='grc' dir='ltr'>γένοιτο</span> 
     </span>
    </p>
   </div>
   <div class='ocr_carea' id='block_1_73' title="bbox 1092 1343 1885 1387">
    <p class='ocr_par' dir='ltr' id='par_1_73' title="bbox 1092 1343 1885 1387">
     <span class='ocr_line' id='line_1_73' title="bbox 1092 1343 1885 1387; baseline -0.014 -8"><span class='ocrx_word' id='word_1_511' title='bbox 1092 1353 1198 1383; x_wconf 78' lang='grc' dir='ltr'>πάντας</span> <span class='ocrx_word' id='word_1_512' title='bbox 1212 1352 1286 1387; x_wconf 76' lang='grc' dir='ltr'>ἡμᾶς</span> <span class='ocrx_word' id='word_1_513' title='bbox 1303 1351 1455 1385; x_wconf 77' lang='grc' dir='ltr'>ἐπιτυχεῖν,</span> <span class='ocrx_word' id='word_1_514' title='bbox 1472 1349 1519 1376; x_wconf 76' lang='grc' dir='ltr'>καὶ</span> <span class='ocrx_word' id='word_1_515' title='bbox 1533 1348 1583 1383; x_wconf 82' lang='grc' dir='ltr'>τῆς</span> <span class='ocrx_word' id='word_1_516' title='bbox 1598 1349 1627 1374; x_wconf 75' lang='grc' dir='ltr'><strong>ἐν</strong></span> <span class='ocrx_word' id='word_1_517' title='bbox 1640 1348 1673 1382; x_wconf 84' lang='grc' dir='ltr'><strong>τῇ</strong></span> <span class='ocrx_word' id='word_1_518' title='bbox 1688 1343 1885 1378; x_wconf 71' lang='grc' dir='ltr'>παλιγγενεσία</span> 
     </span>
    </p>
   </div>
   <div class='ocr_carea' id='block_1_74' title="bbox 1092 1389 1882 1432">
    <p class='ocr_par' dir='ltr' id='par_1_74' title="bbox 1092 1389 1882 1432">
     <span class='ocr_line' id='line_1_74' title="bbox 1092 1389 1882 1432; baseline -0.013 -7"><span class='ocrx_word' id='word_1_519' title='bbox 1092 1397 1263 1432; x_wconf 78' lang='grc' dir='ltr'>θεοφανείας,</span> <span class='ocrx_word' id='word_1_520' title='bbox 1281 1396 1373 1431; x_wconf 85' lang='grc' dir='ltr'>χάριτι</span> <span class='ocrx_word' id='word_1_521' title='bbox 1390 1394 1484 1422; x_wconf 79' lang='grc' dir='ltr'>αὐτοῦ.</span> <span class='ocrx_word' id='word_1_522' title='bbox 1504 1393 1536 1420; x_wconf 87' lang='grc' dir='ltr'><strong>Τί</strong></span> <span class='ocrx_word' id='word_1_523' title='bbox 1551 1393 1579 1420; x_wconf 88' lang='grc' dir='ltr'><strong>δέ</strong></span> <span class='ocrx_word' id='word_1_524' title='bbox 1594 1394 1652 1419; x_wconf 77' lang='grc' dir='ltr'>ἐστι</span> <span class='ocrx_word' id='word_1_525' title='bbox 1667 1389 1882 1425; x_wconf 86' lang='grc' dir='ltr'>παλιγγενεσία;</span> 
     </span>
    </p>
   </div>
   <div class='ocr_carea' id='block_1_75' title="bbox 1092 1436 1884 1477">
    <p class='ocr_par' dir='ltr' id='par_1_75' title="bbox 1092 1436 1884 1477">
     <span class='ocr_line' id='line_1_75' title="bbox 1092 1436 1884 1477; baseline -0.011 -7"><span class='ocrx_word' id='word_1_526' title='bbox 1092 1444 1122 1471; x_wconf 72' lang='grc' dir='ltr'>τὸ</span> <span class='ocrx_word' id='word_1_527' title='bbox 1148 1444 1181 1470; x_wconf 82' lang='grc' dir='ltr'>ὲκ</span> <span class='ocrx_word' id='word_1_528' title='bbox 1205 1442 1334 1477; x_wconf 81' lang='grc' dir='ltr'><strong>δευτέρου</strong></span> <span class='ocrx_word' id='word_1_529' title='bbox 1360 1441 1546 1476; x_wconf 80' lang='grc' dir='ltr'><strong>γεννηθῆναι,</strong></span> <span class='ocrx_word' id='word_1_530' title='bbox 1577 1440 1623 1466; x_wconf 84' lang='grc' dir='ltr'>καὶ</span> <span class='ocrx_word' id='word_1_531' title='bbox 1645 1436 1884 1471; x_wconf 79' lang='grc' dir='ltr'>ἀνακαινισθῆναι.</span> 
     </span>
    </p>
   </div>
   <div class='ocr_carea' id='block_1_76' title="bbox 1098 1481 1884 1524">
    <p class='ocr_par' dir='ltr' id='par_1_76' title="bbox 1098 1481 1884 1524">
     <span class='ocr_line' id='line_1_76' title="bbox 1098 1481 1884 1524; baseline -0.013 -8"><span class='ocrx_word' id='word_1_532' title='bbox 1098 1489 1130 1516; x_wconf 85' lang='grc' dir='ltr'><strong>ἸΙ</strong></span> <span class='ocrx_word' id='word_1_533' title='bbox 1154 1489 1182 1516; x_wconf 78' lang='grc' dir='ltr'>δὲ</span> <span class='ocrx_word' id='word_1_534' title='bbox 1202 1489 1283 1524; x_wconf 79' lang='grc' dir='ltr'>ἄρσις</span> <span class='ocrx_word' id='word_1_535' title='bbox 1307 1487 1363 1513; x_wconf 85' lang='grc' dir='ltr'>τῶν</span> <span class='ocrx_word' id='word_1_536' title='bbox 1384 1485 1623 1520; x_wconf 79' lang='grc' dir='ltr'>καταλειφθέντων</span> <span class='ocrx_word' id='word_1_537' title='bbox 1640 1484 1721 1510; x_wconf 82' lang='grc' dir='ltr'>θείων</span> <span class='ocrx_word' id='word_1_538' title='bbox 1737 1481 1884 1515; x_wconf 75' lang='grc' dir='ltr'>λειψάνων,</span> 
     </span>
    </p>
   </div>
   <div class='ocr_carea' id='block_1_77' title="bbox 1092 1528 1884 1571">
    <p class='ocr_par' dir='ltr' id='par_1_77' title="bbox 1092 1528 1884 1571">
     <span class='ocr_line' id='line_1_77' title="bbox 1092 1528 1884 1571; baseline -0.013 -9"><span class='ocrx_word' id='word_1_539' title='bbox 1092 1535 1143 1571; x_wconf 85' lang='grc' dir='ltr'><strong>τὴν</strong></span> <span class='ocrx_word' id='word_1_540' title='bbox 1164 1534 1298 1569; x_wconf 74' lang='grc' dir='ltr'>ἀνάληψιν</span> <span class='ocrx_word' id='word_1_541' title='bbox 1322 1533 1372 1560; x_wconf 73' lang='grc' dir='ltr'><strong>τοῦ</strong></span> <span class='ocrx_word' id='word_1_542' title='bbox 1390 1532 1494 1566; x_wconf 79' lang='grc' dir='ltr'>Κυρίου</span> <span class='ocrx_word' id='word_1_543' title='bbox 1513 1531 1559 1558; x_wconf 74' lang='grc' dir='ltr'>καὶ</span> <span class='ocrx_word' id='word_1_544' title='bbox 1575 1529 1644 1556; x_wconf 82' lang='grc' dir='ltr'>Θεοῦ</span> <span class='ocrx_word' id='word_1_545' title='bbox 1659 1528 1738 1564; x_wconf 81' lang='grc' dir='ltr'><strong>ἡμῶν</strong></span> <span class='ocrx_word' id='word_1_546' title='bbox 1757 1528 1884 1554; x_wconf 76' lang='grc' dir='ltr'>ὑπαινιτ-</span> 
     </span>
    </p>
   </div>
   <div class='ocr_carea' id='block_1_78' title="bbox 1092 1572 1885 1612">
    <p class='ocr_par' dir='ltr' id='par_1_78' title="bbox 1092 1572 1885 1612">
     <span class='ocr_line' id='line_1_78' title="bbox 1092 1572 1885 1612; baseline -0.011 -4"><span class='ocrx_word' id='word_1_547' title='bbox 1092 1589 1180 1608; x_wconf 84' lang='grc' dir='ltr'>τεται.</span> <span class='ocrx_word' id='word_1_548' title='bbox 1210 1581 1240 1607; x_wconf 86' lang='grc' dir='ltr'>Ὀ</span> <span class='ocrx_word' id='word_1_549' title='bbox 1261 1579 1290 1606; x_wconf 81' lang='grc' dir='ltr'>δὲ</span> <span class='ocrx_word' id='word_1_550' title='bbox 1314 1579 1472 1609; x_wconf 84' lang='grc' dir='ltr'>τελευταῖος</span> <span class='ocrx_word' id='word_1_551' title='bbox 1495 1576 1643 1612; x_wconf 81' lang='grc' dir='ltr'>θυμιατὸς.</span> <span class='ocrx_word' id='word_1_552' title='bbox 1673 1575 1724 1610; x_wconf 87' lang='grc' dir='ltr'>τὴν</span> <span class='ocrx_word' id='word_1_553' title='bbox 1741 1574 1821 1610; x_wconf 81' lang='grc' dir='ltr'>χάριν</span> <span class='ocrx_word' id='word_1_554' title='bbox 1837 1572 1885 1599; x_wconf 84' lang='grc' dir='ltr'><strong>τοῦ</strong></span> 
     </span>
    </p>
   </div>
   <div class='ocr_carea' id='block_1_79' title="bbox 1095 1619 1886 1661">
    <p class='ocr_par' dir='ltr' id='par_1_79' title="bbox 1095 1619 1886 1661">
     <span class='ocr_line' id='line_1_79' title="bbox 1095 1619 1886 1661; baseline -0.014 -6"><span class='ocrx_word' id='word_1_555' title='bbox 1095 1627 1173 1661; x_wconf 85' lang='grc' dir='ltr'>ἁγίου</span> <span class='ocrx_word' id='word_1_556' title='bbox 1200 1626 1379 1661; x_wconf 83' lang='grc' dir='ltr'>Πνεύματος,</span> <span class='ocrx_word' id='word_1_557' title='bbox 1406 1623 1456 1660; x_wconf 79' lang='grc' dir='ltr'><strong>τὴν</strong></span> <span class='ocrx_word' id='word_1_558' title='bbox 1480 1624 1514 1650; x_wconf 86' lang='grc' dir='ltr'><strong>δι’</strong></span> <span class='ocrx_word' id='word_1_559' title='bbox 1538 1622 1739 1658; x_wconf 82' lang='grc' dir='ltr'>ὲμφυσήματος</span> <span class='ocrx_word' id='word_1_560' title='bbox 1762 1619 1886 1646; x_wconf 87' lang='grc' dir='ltr'>δοθεῖσαν</span> 
     </span>
    </p>
   </div>
   <div class='ocr_carea' id='block_1_80' title="bbox 1094 1664 1887 1708">
    <p class='ocr_par' dir='ltr' id='par_1_80' title="bbox 1094 1664 1887 1708">
     <span class='ocr_line' id='line_1_80' title="bbox 1094 1664 1887 1708; baseline -0.014 -7"><span class='ocrx_word' id='word_1_561' title='bbox 1094 1675 1151 1705; x_wconf 83' lang='grc' dir='ltr'>τοῖς</span> <span class='ocrx_word' id='word_1_562' title='bbox 1166 1673 1327 1704; x_wconf 76' lang='grc' dir='ltr'>ἀποστόλοις</span> <span class='ocrx_word' id='word_1_563' title='bbox 1345 1671 1414 1708; x_wconf 86' lang='grc' dir='ltr'>μετὰ</span> <span class='ocrx_word' id='word_1_564' title='bbox 1426 1671 1476 1705; x_wconf 81' lang='grc' dir='ltr'>τὴν</span> <span class='ocrx_word' id='word_1_565' title='bbox 1488 1670 1648 1696; x_wconf 70' lang='grc' dir='ltr'><strong>ἀνάστασιν.</strong></span> <span class='ocrx_word' id='word_1_566' title='bbox 1664 1667 1696 1693; x_wconf 87' lang='grc' dir='ltr'><em>Ἦ</em></span> <span class='ocrx_word' id='word_1_567' title='bbox 1710 1666 1738 1693; x_wconf 78' lang='grc' dir='ltr'>δὲ</span> <span class='ocrx_word' id='word_1_568' title='bbox 1750 1664 1887 1699; x_wconf 80' lang='grc' dir='ltr'>ὀπισθάμ-</span> 
     </span>
    </p>
   </div>
   <div class='ocr_carea' id='block_1_81' title="bbox 1095 1711 1886 1754">
    <p class='ocr_par' dir='ltr' id='par_1_81' title="bbox 1095 1711 1886 1754">
     <span class='ocr_line' id='line_1_81' title="bbox 1095 1711 1886 1754; baseline -0.014 -7"><span class='ocrx_word' id='word_1_569' title='bbox 1095 1721 1181 1751; x_wconf 82' lang='grc' dir='ltr'>ϐωνος</span> <span class='ocrx_word' id='word_1_570' title='bbox 1203 1719 1289 1754; x_wconf 78' lang='grc' dir='ltr'>εὐχὴ,</span> <span class='ocrx_word' id='word_1_571' title='bbox 1316 1718 1398 1745; x_wconf 84' lang='grc' dir='ltr'>οἱονεὶ</span> <span class='ocrx_word' id='word_1_572' title='bbox 1420 1716 1540 1752; x_wconf 83' lang='grc' dir='ltr'>σφραγίς</span> <span class='ocrx_word' id='word_1_573' title='bbox 1563 1717 1620 1741; x_wconf 78' lang='grc' dir='ltr'>ἐστι</span> <span class='ocrx_word' id='word_1_574' title='bbox 1645 1713 1756 1740; x_wconf 85' lang='grc' dir='ltr'>πάντων</span> <span class='ocrx_word' id='word_1_575' title='bbox 1772 1711 1827 1738; x_wconf 85' lang='grc' dir='ltr'>τῶν</span> <span class='ocrx_word' id='word_1_576' title='bbox 1842 1711 1886 1737; x_wconf 86' lang='grc' dir='ltr'><strong>αι-</strong></span> 
     </span>
    </p>
   </div>
   <div class='ocr_carea' id='block_1_82' title="bbox 1094 1757 1887 1801">
    <p class='ocr_par' dir='ltr' id='par_1_82' title="bbox 1094 1757 1887 1801">
     <span class='ocr_line' id='line_1_82' title="bbox 1094 1757 1887 1801; baseline -0.013 -9"><span class='ocrx_word' id='word_1_577' title='bbox 1094 1766 1240 1801; x_wconf 87' lang='grc' dir='ltr'>τημάτων,</span> <span class='ocrx_word' id='word_1_578' title='bbox 1259 1763 1307 1790; x_wconf 76' lang='grc' dir='ltr'>καὶ</span> <span class='ocrx_word' id='word_1_579' title='bbox 1323 1761 1564 1797; x_wconf 80' lang='grc' dir='ltr'>ἀνακεφαλαίωσις</span> <span class='ocrx_word' id='word_1_580' title='bbox 1579 1759 1697 1794; x_wconf 83' lang='grc' dir='ltr'>τακτικὴ</span> <span class='ocrx_word' id='word_1_581' title='bbox 1709 1778 1716 1790; x_wconf 90' lang='grc'><strong>,</strong></span> <span class='ocrx_word' id='word_1_582' title='bbox 1743 1757 1887 1792; x_wconf 79' lang='grc' dir='ltr'>πρέπουσα</span> 
     </span>
    </p>
   </div>
   <div class='ocr_carea' id='block_1_83' title="bbox 1093 1802 1887 1846">
    <p class='ocr_par' dir='ltr' id='par_1_83' title="bbox 1093 1802 1887 1846">
     <span class='ocr_line' id='line_1_83' title="bbox 1093 1802 1887 1846; baseline -0.011 -8"><span class='ocrx_word' id='word_1_583' title='bbox 1093 1813 1150 1843; x_wconf 84' lang='grc' dir='ltr'>τοῖς</span> <span class='ocrx_word' id='word_1_584' title='bbox 1167 1810 1286 1846; x_wconf 81' lang='grc' dir='ltr'>πρώτοις</span> <span class='ocrx_word' id='word_1_585' title='bbox 1303 1809 1350 1836; x_wconf 79' lang='grc' dir='ltr'>καὶ</span> <span class='ocrx_word' id='word_1_586' title='bbox 1363 1808 1540 1844; x_wconf 82' lang='grc' dir='ltr'>τιμιωτέροις</span> <span class='ocrx_word' id='word_1_587' title='bbox 1554 1803 1822 1840; x_wconf 74' lang='grc' dir='ltr'>ἐπιλόγοις.Ἐπειδὴ</span> <span class='ocrx_word' id='word_1_588' title='bbox 1833 1802 1887 1837; x_wconf 89' lang='grc' dir='ltr'><strong>γὰρ</strong></span> 
     </span>
    </p>
   </div>
   <div class='ocr_carea' id='block_1_84' title="bbox 1095 1849 1887 1891">
    <p class='ocr_par' dir='ltr' id='par_1_84' title="bbox 1095 1849 1887 1891">
     <span class='ocr_line' id='line_1_84' title="bbox 1095 1849 1887 1891; baseline -0.013 -8"><span class='ocrx_word' id='word_1_589' title='bbox 1095 1858 1170 1884; x_wconf 81' lang='grc' dir='ltr'>πᾶσα</span> <span class='ocrx_word' id='word_1_590' title='bbox 1194 1857 1211 1891; x_wconf 84' lang='grc' dir='ltr'>ὴ</span> <span class='ocrx_word' id='word_1_591' title='bbox 1231 1855 1293 1882; x_wconf 89' lang='grc' dir='ltr'>θεία</span> <span class='ocrx_word' id='word_1_592' title='bbox 1317 1854 1476 1891; x_wconf 84' lang='grc' dir='ltr'>ἱερουργία,</span> <span class='ocrx_word' id='word_1_593' title='bbox 1501 1851 1720 1888; x_wconf 85' lang='grc' dir='ltr'>προηγουμένως</span> <span class='ocrx_word' id='word_1_594' title='bbox 1736 1849 1798 1885; x_wconf 77' lang='grc' dir='ltr'>μὲν,</span> <span class='ocrx_word' id='word_1_595' title='bbox 1816 1849 1887 1883; x_wconf 83' lang='grc' dir='ltr'>ὑπὲρ</span> 
     </span>
    </p>
   </div>
   <div class='ocr_carea' id='block_1_85' title="bbox 1092 1895 1886 1938">
    <p class='ocr_par' dir='ltr' id='par_1_85' title="bbox 1092 1895 1886 1938">
     <span class='ocr_line' id='line_1_85' title="bbox 1092 1895 1886 1938; baseline -0.011 -8"><span class='ocrx_word' id='word_1_596' title='bbox 1092 1904 1148 1930; x_wconf 82' lang='grc' dir='ltr'><strong>τῶν</strong></span> <span class='ocrx_word' id='word_1_597' title='bbox 1165 1902 1422 1938; x_wconf 82' lang='grc' dir='ltr'>προσενεγκάντων,</span> <span class='ocrx_word' id='word_1_598' title='bbox 1438 1901 1485 1928; x_wconf 80' lang='grc' dir='ltr'><strong>καὶ</strong></span> <span class='ocrx_word' id='word_1_599' title='bbox 1498 1900 1532 1927; x_wconf 80' lang='grc' dir='ltr'>δι’</span> <span class='ocrx_word' id='word_1_600' title='bbox 1545 1899 1592 1931; x_wconf 85' lang='grc' dir='ltr'>οὓς</span> <span class='ocrx_word' id='word_1_601' title='bbox 1607 1899 1784 1934; x_wconf 86' lang='grc' dir='ltr'>προσήγαγον</span> <span class='ocrx_word' id='word_1_602' title='bbox 1798 1895 1886 1922; x_wconf 80' lang='grc' dir='ltr'>τελεῖ-</span> 
     </span>
    </p>
   </div>
   <div class='ocr_carea' id='block_1_86' title="bbox 1093 1942 1884 1982">
    <p class='ocr_par' dir='ltr' id='par_1_86' title="bbox 1093 1942 1884 1982">
     <span class='ocr_line' id='line_1_86' title="bbox 1093 1942 1884 1982; baseline -0.013 -6"><span class='ocrx_word' id='word_1_603' title='bbox 1093 1959 1157 1981; x_wconf 83' lang='grc' dir='ltr'>ται,</span> <span class='ocrx_word' id='word_1_604' title='bbox 1184 1949 1281 1976; x_wconf 76' lang='grc' dir='ltr'>ἔπειτα</span> <span class='ocrx_word' id='word_1_605' title='bbox 1303 1947 1352 1975; x_wconf 65' lang='grc' dir='ltr'><strong>καὶ</strong></span> <span class='ocrx_word' id='word_1_606' title='bbox 1371 1947 1442 1982; x_wconf 85' lang='grc' dir='ltr'>ὑπὲρ</span> <span class='ocrx_word' id='word_1_607' title='bbox 1460 1946 1570 1973; x_wconf 83' lang='grc' dir='ltr'>πάντων</span> <span class='ocrx_word' id='word_1_608' title='bbox 1586 1945 1642 1971; x_wconf 88' lang='grc' dir='ltr'><strong>τῶν</strong></span> <span class='ocrx_word' id='word_1_609' title='bbox 1656 1942 1884 1977; x_wconf 83' lang='grc' dir='ltr'>διαλειφθέντων·</span> 
     </span>
    </p>
   </div>
   <div class='ocr_carea' id='block_1_87' title="bbox 1094 1987 1886 2029">
    <p class='ocr_par' dir='ltr' id='par_1_87' title="bbox 1094 1987 1886 2029">
     <span class='ocr_line' id='line_1_87' title="bbox 1094 1987 1886 2029; baseline -0.011 -7"><span class='ocrx_word' id='word_1_610' title='bbox 1094 1995 1165 2022; x_wconf 86' lang='grc' dir='ltr'>κατὰ</span> <span class='ocrx_word' id='word_1_611' title='bbox 1179 1995 1260 2022; x_wconf 86' lang='grc' dir='ltr'>τοῦτο</span> <span class='ocrx_word' id='word_1_612' title='bbox 1274 1995 1303 2020; x_wconf 80' lang='grc' dir='ltr'><strong>ἐν</strong></span> <span class='ocrx_word' id='word_1_613' title='bbox 1316 1993 1355 2029; x_wconf 79' lang='grc' dir='ltr'>τῷ</span> <span class='ocrx_word' id='word_1_614' title='bbox 1367 1993 1459 2025; x_wconf 85' lang='grc' dir='ltr'>τέλει,</span> <span class='ocrx_word' id='word_1_615' title='bbox 1486 1992 1565 2024; x_wconf 80' lang='grc' dir='ltr'>τάξιν</span> <span class='ocrx_word' id='word_1_616' title='bbox 1585 1990 1742 2025; x_wconf 75' lang='grc' dir='ltr'>ἐπιτίθησιν</span> <span class='ocrx_word' id='word_1_617' title='bbox 1757 1988 1807 2023; x_wconf 83' lang='grc' dir='ltr'><strong>τὴν</strong></span> <span class='ocrx_word' id='word_1_618' title='bbox 1819 1987 1886 2013; x_wconf 81' lang='grc' dir='ltr'>ἑκά-</span> 
     </span>
    </p>
   </div>
   <div class='ocr_carea' id='block_1_88' title="bbox 1095 2033 1886 2076">
    <p class='ocr_par' dir='ltr' id='par_1_88' title="bbox 1095 2033 1886 2076">
     <span class='ocr_line' id='line_1_88' title="bbox 1095 2033 1886 2076; baseline -0.011 -8"><span class='ocrx_word' id='word_1_619' title='bbox 1095 2050 1162 2076; x_wconf 83' lang='grc' dir='ltr'>στης</span> <span class='ocrx_word' id='word_1_620' title='bbox 1178 2040 1340 2076; x_wconf 83' lang='grc' dir='ltr'>πρέπουσαν</span> <span class='ocrx_word' id='word_1_621' title='bbox 1355 2038 1569 2074; x_wconf 80' lang='grc' dir='ltr'>ἐκφωνουμένης</span> <span class='ocrx_word' id='word_1_622' title='bbox 1583 2036 1677 2071; x_wconf 83' lang='grc' dir='ltr'>εὐχῆς.</span> <span class='ocrx_word' id='word_1_623' title='bbox 1704 2034 1815 2069; x_wconf 76' lang='grc' dir='ltr'>Ἐπειδὴ</span> <span class='ocrx_word' id='word_1_624' title='bbox 1831 2033 1886 2068; x_wconf 79' lang='grc' dir='ltr'><strong>γάρ</strong></span> 
     </span>
    </p>
   </div>
   <div class='ocr_carea' id='block_1_89' title="bbox 1093 2081 1885 2119">
    <p class='ocr_par' dir='ltr' id='par_1_89' title="bbox 1093 2081 1885 2119">
     <span class='ocr_line' id='line_1_89' title="bbox 1093 2081 1885 2119; baseline -0.011 -5"><span class='ocrx_word' id='word_1_625' title='bbox 1093 2096 1166 2119; x_wconf 89' lang='grc' dir='ltr'>τινες</span> <span class='ocrx_word' id='word_1_626' title='bbox 1190 2086 1246 2114; x_wconf 87' lang='grc' dir='ltr'>τῶν</span> <span class='ocrx_word' id='word_1_627' title='bbox 1268 2087 1320 2118; x_wconf 75' lang='grc' dir='ltr'><strong>ἔξω</strong></span> <span class='ocrx_word' id='word_1_628' title='bbox 1333 2085 1381 2112; x_wconf 84' lang='grc' dir='ltr'><strong>τοῦ</strong></span> <span class='ocrx_word' id='word_1_629' title='bbox 1403 2084 1598 2119; x_wconf 82' lang='grc' dir='ltr'>θυσιαστηρίου</span> <span class='ocrx_word' id='word_1_630' title='bbox 1615 2081 1741 2110; x_wconf 73' lang='grc' dir='ltr'>ἑστώτων</span> <span class='ocrx_word' id='word_1_631' title='bbox 1755 2082 1796 2112; x_wconf 84' lang='grc' dir='ltr'>εἰς</span> <span class='ocrx_word' id='word_1_632' title='bbox 1813 2081 1885 2106; x_wconf 84' lang='grc' dir='ltr'><strong>ἁπο-</strong></span> 
     </span>
    </p>
   </div>
   <div class='ocr_carea' id='block_1_90' title="bbox 1096 2124 1885 2168">
    <p class='ocr_par' dir='ltr' id='par_1_90' title="bbox 1096 2124 1885 2168">
     <span class='ocr_line' id='line_1_90' title="bbox 1096 2124 1885 2168; baseline -0.011 -9"><span class='ocrx_word' id='word_1_633' title='bbox 1096 2133 1157 2168; x_wconf 86' lang='grc' dir='ltr'>ρίαν</span> <span class='ocrx_word' id='word_1_634' title='bbox 1182 2132 1313 2163; x_wconf 80' lang='grc' dir='ltr'>πολλάκις</span> <span class='ocrx_word' id='word_1_635' title='bbox 1336 2131 1474 2167; x_wconf 80' lang='grc' dir='ltr'>χωροῦσι,</span> <span class='ocrx_word' id='word_1_636' title='bbox 1502 2127 1744 2164; x_wconf 86' lang='grc' dir='ltr'>γνωσιμαχοῦντες</span> <span class='ocrx_word' id='word_1_637' title='bbox 1779 2125 1825 2152; x_wconf 75' lang='grc' dir='ltr'>καὶ</span> <span class='ocrx_word' id='word_1_638' title='bbox 1839 2124 1885 2151; x_wconf 85' lang='grc' dir='ltr'>λέ-</span> 
     </span>
    </p>
   </div>
   <div class='ocr_carea' id='block_1_91' title="bbox 1094 2168 1885 2212">
    <p class='ocr_par' dir='ltr' id='par_1_91' title="bbox 1094 2168 1885 2212">
     <span class='ocr_line' id='line_1_91' title="bbox 1094 2168 1885 2212; baseline -0.011 -8"><span class='ocrx_word' id='word_1_639' title='bbox 1094 2185 1202 2212; x_wconf 82' lang='grc' dir='ltr'>γοντες-</span> <span class='ocrx_word' id='word_1_640' title='bbox 1227 2177 1275 2208; x_wconf 81' lang='grc' dir='ltr'><strong>Τίς</strong></span> <span class='ocrx_word' id='word_1_641' title='bbox 1295 2176 1349 2212; x_wconf 78' lang='grc' dir='ltr'>ἄρα</span> <span class='ocrx_word' id='word_1_642' title='bbox 1372 2176 1387 2202; x_wconf 84' lang='grc' dir='ltr'><strong><em>ὁ</em></strong></span> <span class='ocrx_word' id='word_1_643' title='bbox 1409 2175 1528 2206; x_wconf 80' lang='grc' dir='ltr'>σκοπὸς,</span> <span class='ocrx_word' id='word_1_644' title='bbox 1556 2174 1603 2200; x_wconf 78' lang='grc' dir='ltr'>καὶ</span> <span class='ocrx_word' id='word_1_645' title='bbox 1628 2173 1645 2208; x_wconf 86' lang='grc' dir='ltr'><strong>ἡ</strong></span> <span class='ocrx_word' id='word_1_646' title='bbox 1669 2172 1722 2198; x_wconf 86' lang='grc' dir='ltr'><strong>τῶν</strong></span> <span class='ocrx_word' id='word_1_647' title='bbox 1745 2171 1822 2206; x_wconf 75' lang='grc' dir='ltr'>παρὰ</span> <span class='ocrx_word' id='word_1_648' title='bbox 1837 2168 1885 2196; x_wconf 84' lang='grc' dir='ltr'><strong>τοῦ</strong></span> 
     </span>
    </p>
   </div>
   <div class='ocr_carea' id='block_1_92' title="bbox 1094 2214 1887 2258">
    <p class='ocr_par' dir='ltr' id='par_1_92' title="bbox 1094 2214 1887 2258">
     <span class='ocr_line' id='line_1_92' title="bbox 1094 2214 1887 2258; baseline -0.011 -9"><span class='ocrx_word' id='word_1_649' title='bbox 1094 2221 1247 2258; x_wconf 81' lang='grc' dir='ltr'>ἀρχιερέως</span> <span class='ocrx_word' id='word_1_650' title='bbox 1269 2220 1544 2255; x_wconf 78' lang='grc' dir='ltr'>ὑποψιθυριζομένων</span> <span class='ocrx_word' id='word_1_651' title='bbox 1565 2218 1654 2253; x_wconf 76' lang='grc' dir='ltr'>εὐχῶν</span> <span class='ocrx_word' id='word_1_652' title='bbox 1678 2216 1768 2243; x_wconf 83' lang='grc' dir='ltr'>έννοιά</span> <span class='ocrx_word' id='word_1_653' title='bbox 1788 2223 1818 2241; x_wconf 88' lang='grc' dir='ltr'><strong>τε</strong></span> <span class='ocrx_word' id='word_1_654' title='bbox 1837 2214 1887 2241; x_wconf 83' lang='grc' dir='ltr'>καὶ</span> 
     </span>
    </p>
   </div>
   <div class='ocr_carea' id='block_1_93' title="bbox 1093 2262 1887 2303">
    <p class='ocr_par' dir='ltr' id='par_1_93' title="bbox 1093 2262 1887 2303">
     <span class='ocr_line' id='line_1_93' title="bbox 1093 2262 1887 2303; baseline -0.013 -7"><span class='ocrx_word' id='word_1_655' title='bbox 1093 2268 1226 2303; x_wconf 54' lang='grc' dir='ltr'>δύναμις</span> <span class='ocrx_word' id='word_1_656' title='bbox 1243 2267 1290 2294; x_wconf 74' lang='grc' dir='ltr'><strong>καὶ</strong></span> <span class='ocrx_word' id='word_1_657' title='bbox 1302 2267 1426 2302; x_wconf 72' lang='grc' dir='ltr'>ἐφίενται</span> <span class='ocrx_word' id='word_1_658' title='bbox 1440 2264 1543 2301; x_wconf 82' lang='grc' dir='ltr'>εῐδησίν</span> <span class='ocrx_word' id='word_1_659' title='bbox 1554 2273 1616 2291; x_wconf 86' lang='grc' dir='ltr'>τινα</span> <span class='ocrx_word' id='word_1_660' title='bbox 1627 2263 1675 2290; x_wconf 78' lang='grc' dir='ltr'>καὶ</span> <span class='ocrx_word' id='word_1_661' title='bbox 1686 2262 1788 2289; x_wconf 79' lang='grc' dir='ltr'>τούτων</span> <span class='ocrx_word' id='word_1_662' title='bbox 1801 2268 1887 2287; x_wconf 85' lang='grc' dir='ltr'>κατα-</span> 
     </span>
    </p>
   </div>
   <div class='ocr_carea' id='block_1_94' title="bbox 252 2307 1041 2355">
    <p class='ocr_par' dir='ltr' id='par_1_94' title="bbox 252 2319 1041 2355">
     <span class='ocr_line' id='line_1_94' title="bbox 252 2319 1041 2355; baseline 0.005 -10"><span class='ocrx_word' id='word_1_663' title='bbox 252 2319 333 2353; x_wconf 88' lang='lat' dir='ltr'><strong>quasi</strong></span> <span class='ocrx_word' id='word_1_664' title='bbox 353 2319 475 2347; x_wconf 91' lang='lat' dir='ltr'><strong>omnium</strong></span> <span class='ocrx_word' id='word_1_665' title='bbox 495 2327 644 2352; x_wconf 87' lang='lat' dir='ltr'><strong>summam,</strong></span> <span class='ocrx_word' id='word_1_666' title='bbox 664 2328 712 2354; x_wconf 88' lang='lat' dir='ltr'><strong>per</strong></span> <span class='ocrx_word' id='word_1_667' title='bbox 726 2327 821 2355; x_wconf 87' lang='lat' dir='ltr'><strong>preces</strong></span> <span class='ocrx_word' id='word_1_668' title='bbox 842 2321 1041 2355; x_wconf 88' lang='lat' dir='ltr'><strong>postulatorum</strong></span> 
     </span>
    </p>
   </div>
   <div class='ocr_carea' id='block_1_95' title="bbox 1092 2307 1887 2355">
    <p class='ocr_par' dir='ltr' id='par_1_95' title="bbox 1095 2307 1887 2347">
     <span class='ocr_line' id='line_1_95' title="bbox 1095 2307 1887 2347; baseline -0.013 -5"><span class='ocrx_word' id='word_1_669' title='bbox 1095 2309 1212 2347; x_wconf 78' lang='grc' dir='ltr'>λαὸεῖν,</span> <span class='ocrx_word' id='word_1_670' title='bbox 1236 2314 1308 2341; x_wconf 85' lang='grc' dir='ltr'>κατὰ</span> <span class='ocrx_word' id='word_1_671' title='bbox 1329 2312 1426 2340; x_wconf 88' lang='grc' dir='ltr'>τοῦτον</span> <span class='ocrx_word' id='word_1_672' title='bbox 1452 2313 1476 2339; x_wconf 78' lang='lat' dir='ltr'><strong>oi</strong></span> <span class='ocrx_word' id='word_1_673' title='bbox 1499 2311 1567 2339; x_wconf 84' lang='grc' dir='ltr'>θεῖοι</span> <span class='ocrx_word' id='word_1_674' title='bbox 1582 2310 1715 2346; x_wconf 87' lang='grc' dir='ltr'>Πατέρες,</span> <span class='ocrx_word' id='word_1_675' title='bbox 1733 2307 1771 2339; x_wconf 75' lang='grc' dir='ltr'>ὡς</span> <span class='ocrx_word' id='word_1_676' title='bbox 1785 2308 1887 2334; x_wconf 82' lang='grc' dir='ltr'>ἀνακε-</span> 
     </span>
    </p>
   </div>
   <div class='ocr_carea' id='block_1_96' title="bbox 253 2366 1043 2403">
    <p class='ocr_par' dir='ltr' id='par_1_96' title="bbox 253 2366 1043 2403">
     <span class='ocr_line' id='line_1_96' title="bbox 253 2366 1043 2403; baseline 0.004 -10"><span class='ocrx_word' id='word_1_677' title='bbox 253 2366 371 2394; x_wconf 88' lang='lat' dir='ltr'><strong>iudicem</strong></span> <span class='ocrx_word' id='word_1_678' title='bbox 384 2366 411 2393; x_wconf 93' lang='lat' dir='ltr'><strong>in</strong></span> <span class='ocrx_word' id='word_1_679' title='bbox 426 2367 478 2394; x_wconf 91' lang='lat' dir='ltr'><strong>bac</strong></span> <span class='ocrx_word' id='word_1_680' title='bbox 488 2366 678 2400; x_wconf 87' lang='lat' dir='ltr'><strong>incluserunt;</strong></span> <span class='ocrx_word' id='word_1_681' title='bbox 691 2366 822 2394; x_wconf 86' lang='lat' dir='ltr'><strong>docentes</strong></span> <span class='ocrx_word' id='word_1_682' title='bbox 830 2367 877 2401; x_wconf 90' lang='lat' dir='ltr'><strong>qui</strong></span> <span class='ocrx_word' id='word_1_683' title='bbox 889 2368 1043 2403; x_wconf 85' lang='lat' dir='ltr'><strong>requirunt,</strong></span> 
     </span>
    </p>
   </div>
   <div class='ocr_carea' id='block_1_97' title="bbox 251 2412 722 2447">
    <p class='ocr_par' dir='ltr' id='par_1_97' title="bbox 251 2412 722 2447">
     <span class='ocr_line' id='line_1_97' title="bbox 251 2412 722 2447; baseline 0.004 -9"><span class='ocrx_word' id='word_1_684' title='bbox 251 2412 333 2447; x_wconf 74' lang='grc' dir='ltr'><strong>ψιοεί</strong></span> <span class='ocrx_word' id='word_1_685' title='bbox 346 2419 378 2439; x_wconf 82' lang='lat' dir='ltr'><strong>ex</strong></span> <span class='ocrx_word' id='word_1_686' title='bbox 393 2412 500 2439; x_wconf 82' lang='lat' dir='ltr'><strong>limbria</strong></span> <span class='ocrx_word' id='word_1_687' title='bbox 518 2413 722 2441; x_wconf 84' lang='lat' dir='ltr'><strong>vestimentum.</strong></span> 
     </span>
    </p>
   </div>
   <div class='ocr_carea' id='block_1_98' title="bbox 290 2498 1045 2535">
    <p class='ocr_par' dir='ltr' id='par_1_98' title="bbox 290 2498 1045 2535">
     <span class='ocr_line' id='line_1_98' title="bbox 290 2498 1045 2535; baseline 0 -9"><span class='ocrx_word' id='word_1_688' title='bbox 290 2498 442 2534; x_wconf 80' lang='lat' dir='ltr'><strong>Virginalis</strong></span> <span class='ocrx_word' id='word_1_689' title='bbox 472 2503 563 2526; x_wconf 86' lang='lat' dir='ltr'><strong>autem</strong></span> <span class='ocrx_word' id='word_1_690' title='bbox 595 2499 720 2534; x_wconf 90' lang='lat' dir='ltr'><strong>corporis</strong></span> <span class='ocrx_word' id='word_1_691' title='bbox 745 2504 843 2535; x_wconf 87' lang='lat' dir='ltr'><strong>typus,</strong></span> <span class='ocrx_word' id='word_1_692' title='bbox 872 2498 1045 2534; x_wconf 85' lang='lat' dir='ltr'><strong>participatio</strong></span> 
     </span>
    </p>
   </div>
   <div class='ocr_carea' id='block_1_99' title="bbox 252 2544 1046 2580">
    <p class='ocr_par' dir='ltr' id='par_1_99' title="bbox 252 2544 1046 2580">
     <span class='ocr_line' id='line_1_99' title="bbox 252 2544 1046 2580; baseline -0.003 -6"><span class='ocrx_word' id='word_1_693' title='bbox 252 2545 454 2574; x_wconf 84' lang='lat' dir='ltr'><strong>benedictionis</strong></span> <span class='ocrx_word' id='word_1_694' title='bbox 476 2549 504 2572; x_wconf 91' lang='lat' dir='ltr'><strong>ct</strong></span> <span class='ocrx_word' id='word_1_695' title='bbox 523 2544 685 2573; x_wconf 85' lang='lat' dir='ltr'><strong>oblationis.</strong></span> <span class='ocrx_word' id='word_1_696' title='bbox 710 2545 858 2580; x_wconf 83' lang='lat' dir='ltr'><strong>Frangitur</strong></span> <span class='ocrx_word' id='word_1_697' title='bbox 883 2545 994 2580; x_wconf 85' lang='lat' dir='ltr'><strong>quidem</strong></span> <span class='ocrx_word' id='word_1_698' title='bbox 1015 2549 1046 2573; x_wconf 90' lang='lat' dir='ltr'><strong>ut</strong></span> 
     </span>
    </p>
   </div>
   <div class='ocr_carea' id='block_1_100' title="bbox 252 2591 1046 2626">
    <p class='ocr_par' dir='ltr' id='par_1_100' title="bbox 252 2591 1046 2626">
     <span class='ocr_line' id='line_1_100' title="bbox 252 2591 1046 2626; baseline 0 -8"><span class='ocrx_word' id='word_1_699' title='bbox 252 2591 344 2626; x_wconf 71' lang='lat' dir='ltr'><strong>panis,</strong></span> <span class='ocrx_word' id='word_1_700' title='bbox 361 2591 542 2618; x_wconf 85' lang='lat' dir='ltr'><strong>distribuitur</strong></span> <span class='ocrx_word' id='word_1_701' title='bbox 557 2596 649 2618; x_wconf 89' lang='lat' dir='ltr'><strong>autem</strong></span> <span class='ocrx_word' id='word_1_702' title='bbox 666 2596 697 2618; x_wconf 92' lang='lat' dir='ltr'><strong>ut</strong></span> <span class='ocrx_word' id='word_1_703' title='bbox 714 2591 862 2619; x_wconf 83' lang='lat' dir='ltr'><strong>ineﬂ‘abilis</strong></span> <span class='ocrx_word' id='word_1_704' title='bbox 876 2591 1046 2619; x_wconf 86' lang='lat' dir='ltr'><strong>benedictio-</strong></span> 
     </span>
    </p>
   </div>
   <div class='ocr_carea' id='block_1_101' title="bbox 252 2631 1046 2666">
    <p class='ocr_par' dir='ltr' id='par_1_101' title="bbox 252 2631 1046 2666">
     <span class='ocr_line' id='line_1_101' title="bbox 252 2631 1046 2666; baseline 0 -2"><span class='ocrx_word' id='word_1_705' title='bbox 252 2638 296 2665; x_wconf 91' lang='lat' dir='ltr'><strong>uis</strong></span> <span class='ocrx_word' id='word_1_706' title='bbox 309 2638 528 2665; x_wconf 86' lang='lat' dir='ltr'><strong>communicatio</strong></span> <span class='ocrx_word' id='word_1_707' title='bbox 549 2638 822 2666; x_wconf 83' lang='lat' dir='ltr'><strong>communicantibus</strong></span> <span class='ocrx_word' id='word_1_708' title='bbox 841 2645 904 2665; x_wconf 82' lang='lat' dir='ltr'><strong>cum</strong></span> <span class='ocrx_word' id='word_1_709' title='bbox 924 2631 987 2665; x_wconf 79' lang='lat' dir='ltr'><strong>ﬁde.</strong></span> <span class='ocrx_word' id='word_1_710' title='bbox 1013 2636 1046 2664; x_wconf 91' lang='lat' dir='ltr'><strong>Ut</strong></span> 
     </span>
    </p>
   </div>
   <div class='ocr_carea' id='block_1_102' title="bbox 251 2684 1044 2720">
    <p class='ocr_par' dir='ltr' id='par_1_102' title="bbox 251 2684 1044 2720">
     <span class='ocr_line' id='line_1_102' title="bbox 251 2684 1044 2720; baseline -0.001 -8"><span class='ocrx_word' id='word_1_711' title='bbox 251 2684 356 2713; x_wconf 86' lang='lat' dir='ltr'><strong>oblatio</strong></span> <span class='ocrx_word' id='word_1_712' title='bbox 379 2690 469 2712; x_wconf 87' lang='lat' dir='ltr'><strong>autem</strong></span> <span class='ocrx_word' id='word_1_713' title='bbox 497 2685 577 2720; x_wconf 88' lang='lat' dir='ltr'><strong>plena</strong></span> <span class='ocrx_word' id='word_1_714' title='bbox 606 2684 797 2712; x_wconf 81' lang='lat' dir='ltr'><strong>sanctimoniae</strong></span> <span class='ocrx_word' id='word_1_715' title='bbox 812 2684 1002 2715; x_wconf 78' lang='lat' dir='ltr'><strong>offerentibus.</strong></span> <span class='ocrx_word' id='word_1_716' title='bbox 1019 2689 1044 2711; x_wconf 89' lang='lat' dir='ltr'><strong>et</strong></span> 
     </span>
    </p>
   </div>
   <div class='ocr_carea' id='block_1_103' title="bbox 252 2729 1042 2759">
    <p class='ocr_par' dir='ltr' id='par_1_103' title="bbox 252 2729 1042 2759">
     <span class='ocr_line' id='line_1_103' title="bbox 252 2729 1042 2759; baseline -0.003 0"><span class='ocrx_word' id='word_1_717' title='bbox 252 2731 355 2759; x_wconf 81' lang='lat' dir='ltr'><strong>sanctis</strong></span> <span class='ocrx_word' id='word_1_718' title='bbox 373 2731 496 2759; x_wconf 86' lang='lat' dir='ltr'><strong>vicissim</strong></span> <span class='ocrx_word' id='word_1_719' title='bbox 510 2731 626 2758; x_wconf 79' lang='lat' dir='ltr'><strong>oll‘ertur</strong></span> <span class='ocrx_word' id='word_1_720' title='bbox 641 2735 692 2758; x_wconf 60' lang='lat' dir='ltr'><strong>ret</strong></span> <span class='ocrx_word' id='word_1_721' title='bbox 706 2731 743 2757; x_wconf 91' lang='lat' dir='ltr'><strong>ita</strong></span> <span class='ocrx_word' id='word_1_722' title='bbox 760 2737 774 2757; x_wconf 87' lang='lat' dir='ltr'><strong>a</strong></span> <span class='ocrx_word' id='word_1_723' title='bbox 791 2729 1042 2758; x_wconf 84' lang='lat' dir='ltr'><strong>communicatione</strong></span> 
     </span>
    </p>
   </div>
   <div class='ocr_carea' id='block_1_104' title="bbox 253 2777 1041 2813">
    <p class='ocr_par' dir='ltr' id='par_1_104' title="bbox 253 2777 1041 2813">
     <span class='ocr_line' id='line_1_104' title="bbox 253 2777 1041 2813; baseline -0.001 -9"><span class='ocrx_word' id='word_1_724' title='bbox 253 2778 422 2806; x_wconf 86' lang='lat' dir='ltr'><strong>immaculati</strong></span> <span class='ocrx_word' id='word_1_725' title='bbox 440 2779 573 2812; x_wconf 88' lang='lat' dir='ltr'><strong>corporis,</strong></span> <span class='ocrx_word' id='word_1_726' title='bbox 592 2778 638 2813; x_wconf 92' lang='lat' dir='ltr'><strong>qui</strong></span> <span class='ocrx_word' id='word_1_727' title='bbox 654 2785 686 2805; x_wconf 86' lang='lat' dir='ltr'><strong>ex</strong></span> <span class='ocrx_word' id='word_1_728' title='bbox 704 2785 735 2805; x_wconf 89' lang='lat' dir='ltr'><strong>ea</strong></span> <span class='ocrx_word' id='word_1_729' title='bbox 750 2782 832 2811; x_wconf 63' lang='lat' dir='ltr'><strong>natus</strong></span> <span class='ocrx_word' id='word_1_730' title='bbox 849 2781 892 2804; x_wconf 77' lang='lat' dir='ltr'><strong>est</strong></span> <span class='ocrx_word' id='word_1_731' title='bbox 914 2777 1041 2804; x_wconf 81' lang='lat' dir='ltr'><strong>Christus</strong></span> 
     </span>
    </p>
   </div>
   <div class='ocr_carea' id='block_1_105' title="bbox 252 2820 1043 2856">
    <p class='ocr_par' dir='ltr' id='par_1_105' title="bbox 252 2820 1043 2856">
     <span class='ocr_line' id='line_1_105' title="bbox 252 2820 1043 2856; baseline -0.001 -8"><span class='ocrx_word' id='word_1_732' title='bbox 252 2820 325 2849; x_wconf 87' lang='lat' dir='ltr'><strong>Deus</strong></span> <span class='ocrx_word' id='word_1_733' title='bbox 341 2827 443 2855; x_wconf 90' lang='lat' dir='ltr'><strong>noster,</strong></span> <span class='ocrx_word' id='word_1_734' title='bbox 468 2826 495 2849; x_wconf 86' lang='lat' dir='ltr'><strong>et</strong></span> <span class='ocrx_word' id='word_1_735' title='bbox 513 2822 626 2856; x_wconf 88' lang='lat' dir='ltr'><strong>pretiosi</strong></span> <span class='ocrx_word' id='word_1_736' title='bbox 651 2820 794 2856; x_wconf 75' lang='lat' dir='ltr'><strong>sanguinis</strong></span> <span class='ocrx_word' id='word_1_737' title='bbox 819 2820 1000 2848; x_wconf 79' lang='lat' dir='ltr'><strong>sanctiﬁcatio</strong></span> <span class='ocrx_word' id='word_1_738' title='bbox 1016 2825 1043 2847; x_wconf 87' lang='lat' dir='ltr'><strong>ct</strong></span> 
     </span>
    </p>
   </div>
   <div class='ocr_carea' id='block_1_106' title="bbox 250 2864 1042 2905">
    <p class='ocr_par' dir='ltr' id='par_1_106' title="bbox 250 2864 1042 2905">
     <span class='ocr_line' id='line_1_106' title="bbox 250 2864 1042 2905; baseline -0.004 -8"><span class='ocrx_word' id='word_1_739' title='bbox 250 2869 392 2905; x_wconf 78' lang='lat' dir='ltr'><strong>adoptatio</strong></span> <span class='ocrx_word' id='word_1_740' title='bbox 416 2869 547 2903; x_wconf 82' lang='lat' dir='ltr'><strong>ﬁliorum,</strong></span> <span class='ocrx_word' id='word_1_741' title='bbox 566 2869 695 2896; x_wconf 84' lang='lat' dir='ltr'><strong>ﬁdelibus</strong></span> <span class='ocrx_word' id='word_1_742' title='bbox 709 2864 931 2904; x_wconf 71' lang='lat' dir='ltr'><strong>rcpmsetitatur.</strong></span> <span class='ocrx_word' id='word_1_743' title='bbox 957 2866 1042 2903; x_wconf 85' lang='lat' dir='ltr'><strong>Spiri—</strong></span> 
     </span>
    </p>
   </div>
   <div class='ocr_carea' id='block_1_107' title="bbox 1095 2354 1885 2396">
    <p class='ocr_par' dir='ltr' id='par_1_107' title="bbox 1095 2354 1885 2396">
     <span class='ocr_line' id='line_1_107' title="bbox 1095 2354 1885 2396; baseline -0.011 -9"><span class='ocrx_word' id='word_1_744' title='bbox 1095 2360 1248 2396; x_wconf 83' lang='grc' dir='ltr'>φαλαίωσιν</span> <span class='ocrx_word' id='word_1_745' title='bbox 1272 2359 1382 2386; x_wconf 79' lang='grc' dir='ltr'>πάντων</span> <span class='ocrx_word' id='word_1_746' title='bbox 1399 2358 1454 2396; x_wconf 80' lang='grc' dir='ltr'>τῶν</span> <span class='ocrx_word' id='word_1_747' title='bbox 1471 2356 1516 2385; x_wconf 83' lang='grc' dir='ltr'><strong>διὰ</strong></span> <span class='ocrx_word' id='word_1_748' title='bbox 1531 2357 1586 2384; x_wconf 85' lang='grc' dir='ltr'>τῶν</span> <span class='ocrx_word' id='word_1_749' title='bbox 1600 2355 1689 2391; x_wconf 82' lang='grc' dir='ltr'>εὐχῶν</span> <span class='ocrx_word' id='word_1_750' title='bbox 1703 2354 1885 2388; x_wconf 80' lang='grc' dir='ltr'>αἰτουμένων,</span> 
     </span>
    </p>
   </div>
   <div class='ocr_carea' id='block_1_108' title="bbox 1094 2394 1887 2442">
    <p class='ocr_par' dir='ltr' id='par_1_108' title="bbox 1094 2394 1887 2442">
     <span class='ocr_line' id='line_1_108' title="bbox 1094 2394 1887 2442; baseline -0.011 -8"><span class='ocrx_word' id='word_1_751' title='bbox 1094 2394 1140 2434; x_wconf 80' lang='grc' dir='ltr'>τὸν</span> <span class='ocrx_word' id='word_1_752' title='bbox 1153 2405 1316 2442; x_wconf 85' lang='grc' dir='ltr'>χαρακτῆρα</span> <span class='ocrx_word' id='word_1_753' title='bbox 1330 2394 1623 2440; x_wconf 60' lang='grc' dir='ltr'>ταύτηίὲποιήσαντο,</span> <span class='ocrx_word' id='word_1_754' title='bbox 1637 2401 1812 2431; x_wconf 80' lang='grc' dir='ltr'>διδάσκοντες</span> <span class='ocrx_word' id='word_1_755' title='bbox 1822 2398 1887 2430; x_wconf 78' lang='grc' dir='ltr'>τοὺς</span> 
     </span>
    </p>
   </div>
   <div class='ocr_carea' id='block_1_109' title="bbox 1095 2448 1774 2488">
    <p class='ocr_par' dir='ltr' id='par_1_109' title="bbox 1095 2448 1774 2488">
     <span class='ocr_line' id='line_1_109' title="bbox 1095 2448 1774 2488; baseline -0.007 -9"><span class='ocrx_word' id='word_1_756' title='bbox 1095 2452 1305 2488; x_wconf 74' lang='grc' dir='ltr'>ἐπιζητοῦντας,</span> <span class='ocrx_word' id='word_1_757' title='bbox 1322 2453 1354 2478; x_wconf 84' lang='grc' dir='ltr'>ὲκ</span> <span class='ocrx_word' id='word_1_758' title='bbox 1367 2451 1416 2478; x_wconf 87' lang='grc' dir='ltr'><strong>τοῦ</strong></span> <span class='ocrx_word' id='word_1_759' title='bbox 1430 2450 1585 2487; x_wconf 81' lang='grc' dir='ltr'>κρασπέδου</span> <span class='ocrx_word' id='word_1_760' title='bbox 1601 2449 1632 2476; x_wconf 78' lang='grc' dir='ltr'><strong>τὺ</strong></span> <span class='ocrx_word' id='word_1_761' title='bbox 1647 2448 1774 2484; x_wconf 82' lang='grc' dir='ltr'>ὕφασμα.</span> 
     </span>
    </p>
   </div>
   <div class='ocr_carea' id='block_1_110' title="bbox 1136 2492 1888 2533">
    <p class='ocr_par' dir='ltr' id='par_1_110' title="bbox 1136 2492 1888 2533">
     <span class='ocr_line' id='line_1_110' title="bbox 1136 2492 1888 2533; baseline -0.009 -8"><span class='ocrx_word' id='word_1_762' title='bbox 1136 2499 1165 2525; x_wconf 93' lang='lat' dir='ltr'><strong>&#39;O</strong></span> <span class='ocrx_word' id='word_1_763' title='bbox 1179 2498 1208 2525; x_wconf 85' lang='grc' dir='ltr'>δὲ</span> <span class='ocrx_word' id='word_1_764' title='bbox 1223 2498 1271 2525; x_wconf 88' lang='grc' dir='ltr'><strong>τοῦ</strong></span> <span class='ocrx_word' id='word_1_765' title='bbox 1286 2495 1454 2533; x_wconf 83' lang='grc' dir='ltr'>παρθενικοῦ</span> <span class='ocrx_word' id='word_1_766' title='bbox 1469 2496 1597 2531; x_wconf 84' lang='grc' dir='ltr'>σώματος</span> <span class='ocrx_word' id='word_1_767' title='bbox 1611 2495 1709 2527; x_wconf 82' lang='grc' dir='ltr'>τύπος,</span> <span class='ocrx_word' id='word_1_768' title='bbox 1724 2495 1738 2520; x_wconf 90' lang='grc' dir='ltr'><strong>ό</strong></span> <span class='ocrx_word' id='word_1_769' title='bbox 1752 2492 1888 2529; x_wconf 75' lang='grc' dir='ltr'>μερισμὸς</span> 
     </span>
    </p>
   </div>
   <div class='ocr_carea' id='block_1_111' title="bbox 1095 2539 1886 2580">
    <p class='ocr_par' dir='ltr' id='par_1_111' title="bbox 1095 2539 1886 2580">
     <span class='ocr_line' id='line_1_111' title="bbox 1095 2539 1886 2580; baseline -0.009 -9"><span class='ocrx_word' id='word_1_770' title='bbox 1095 2545 1145 2580; x_wconf 85' lang='grc' dir='ltr'>τῆς</span> <span class='ocrx_word' id='word_1_771' title='bbox 1161 2544 1288 2579; x_wconf 76' lang='grc' dir='ltr'>εὐλογίας</span> <span class='ocrx_word' id='word_1_772' title='bbox 1302 2545 1350 2570; x_wconf 74' lang='grc' dir='ltr'>καὶ</span> <span class='ocrx_word' id='word_1_773' title='bbox 1366 2543 1544 2579; x_wconf 80' lang='grc' dir='ltr'>προσφορᾶς,</span> <span class='ocrx_word' id='word_1_774' title='bbox 1561 2542 1661 2569; x_wconf 82' lang='grc' dir='ltr'>κλᾶται</span> <span class='ocrx_word' id='word_1_775' title='bbox 1678 2541 1728 2576; x_wconf 79' lang='grc' dir='ltr'><strong>μὲν</strong></span> <span class='ocrx_word' id='word_1_776' title='bbox 1742 2540 1781 2571; x_wconf 84' lang='grc' dir='ltr'><strong>ὡς</strong></span> <span class='ocrx_word' id='word_1_777' title='bbox 1793 2539 1886 2573; x_wconf 74' lang='grc' dir='ltr'>ἄρτος,</span> 
     </span>
    </p>
   </div>
   <div class='ocr_carea' id='block_1_112' title="bbox 1095 2584 1889 2625">
    <p class='ocr_par' dir='ltr' id='par_1_112' title="bbox 1095 2584 1889 2625">
     <span class='ocr_line' id='line_1_112' title="bbox 1095 2584 1889 2625; baseline -0.009 -9"><span class='ocrx_word' id='word_1_778' title='bbox 1095 2589 1254 2625; x_wconf 82' lang='grc' dir='ltr'>διανέμεται</span> <span class='ocrx_word' id='word_1_779' title='bbox 1277 2588 1306 2615; x_wconf 78' lang='grc' dir='ltr'>δὲ</span> <span class='ocrx_word' id='word_1_780' title='bbox 1329 2588 1367 2620; x_wconf 82' lang='grc' dir='ltr'><strong>ὡς</strong></span> <span class='ocrx_word' id='word_1_781' title='bbox 1385 2588 1512 2624; x_wconf 70' lang='grc' dir='ltr'>ἀρρήτου</span> <span class='ocrx_word' id='word_1_782' title='bbox 1522 2587 1649 2621; x_wconf 80' lang='grc' dir='ltr'>εὐλογίας</span> <span class='ocrx_word' id='word_1_783' title='bbox 1666 2584 1817 2621; x_wconf 74' lang='grc' dir='ltr'>μετάληψις</span> <span class='ocrx_word' id='word_1_784' title='bbox 1831 2584 1889 2614; x_wconf 78' lang='grc' dir='ltr'>τοῖς</span> 
     </span>
    </p>
   </div>
   <div class='ocr_carea' id='block_1_113' title="bbox 1098 2629 1889 2671">
    <p class='ocr_par' dir='ltr' id='par_1_113' title="bbox 1098 2629 1889 2671">
     <span class='ocr_line' id='line_1_113' title="bbox 1098 2629 1889 2671; baseline -0.009 -9"><span class='ocrx_word' id='word_1_785' title='bbox 1098 2635 1342 2671; x_wconf 55' lang='grc' dir='ltr'>μεταλαμβάνουσι</span> <span class='ocrx_word' id='word_1_786' title='bbox 1369 2634 1439 2669; x_wconf 84' lang='grc' dir='ltr'>μετὰ</span> <span class='ocrx_word' id='word_1_787' title='bbox 1464 2633 1601 2665; x_wconf 81' lang='grc' dir='ltr'>πίστεως·</span> <span class='ocrx_word' id='word_1_788' title='bbox 1630 2633 1668 2663; x_wconf 80' lang='grc' dir='ltr'>ὡς</span> <span class='ocrx_word' id='word_1_789' title='bbox 1692 2629 1838 2667; x_wconf 79' lang='grc' dir='ltr'>προσφορά</span> <span class='ocrx_word' id='word_1_790' title='bbox 1860 2629 1889 2655; x_wconf 81' lang='grc' dir='ltr'>δὲ</span> 
     </span>
    </p>
   </div>
   <div class='ocr_carea' id='block_1_114' title="bbox 1094 2677 1890 2717">
    <p class='ocr_par' dir='ltr' id='par_1_114' title="bbox 1094 2677 1890 2717">
     <span class='ocr_line' id='line_1_114' title="bbox 1094 2677 1890 2717; baseline -0.009 -8"><span class='ocrx_word' id='word_1_791' title='bbox 1094 2683 1151 2714; x_wconf 88' lang='grc' dir='ltr'>τοῖς</span> <span class='ocrx_word' id='word_1_792' title='bbox 1162 2682 1303 2717; x_wconf 72' lang='grc' dir='ltr'>ἔνηνοχόσι</span> <span class='ocrx_word' id='word_1_793' title='bbox 1314 2681 1421 2715; x_wconf 85' lang='grc' dir='ltr'>πλήρης</span> <span class='ocrx_word' id='word_1_794' title='bbox 1432 2679 1599 2714; x_wconf 83' lang='grc' dir='ltr'>ἁγιωσύνης,</span> <span class='ocrx_word' id='word_1_795' title='bbox 1611 2680 1643 2706; x_wconf 87' lang='grc' dir='ltr'>ὲκ</span> <span class='ocrx_word' id='word_1_796' title='bbox 1652 2679 1707 2705; x_wconf 84' lang='grc' dir='ltr'>τῶν</span> <span class='ocrx_word' id='word_1_797' title='bbox 1719 2678 1805 2712; x_wconf 82' lang='grc' dir='ltr'>ἁγίων</span> <span class='ocrx_word' id='word_1_798' title='bbox 1816 2677 1890 2703; x_wconf 86' lang='grc' dir='ltr'>ἀντι-</span> 
     </span>
    </p>
   </div>
   <div class='ocr_carea' id='block_1_115' title="bbox 1097 2723 1890 2764">
    <p class='ocr_par' dir='ltr' id='par_1_115' title="bbox 1097 2723 1890 2764">
     <span class='ocr_line' id='line_1_115' title="bbox 1097 2723 1890 2764; baseline -0.009 -9"><span class='ocrx_word' id='word_1_799' title='bbox 1097 2728 1357 2764; x_wconf 70' lang='grc' dir='ltr'>προσορέρεται·καὶ</span> <span class='ocrx_word' id='word_1_800' title='bbox 1380 2726 1468 2758; x_wconf 78' lang='grc' dir='ltr'>οὕτως</span> <span class='ocrx_word' id='word_1_801' title='bbox 1488 2726 1543 2753; x_wconf 81' lang='grc' dir='ltr'><strong>ἀπὸ</strong></span> <span class='ocrx_word' id='word_1_802' title='bbox 1565 2725 1615 2761; x_wconf 82' lang='grc' dir='ltr'><strong>μὲν</strong></span> <span class='ocrx_word' id='word_1_803' title='bbox 1637 2725 1688 2759; x_wconf 81' lang='grc' dir='ltr'>τῆς</span> <span class='ocrx_word' id='word_1_804' title='bbox 1710 2723 1890 2760; x_wconf 78' lang='grc' dir='ltr'>μεταληψεως</span> 
     </span>
    </p>
   </div>
   <div class='ocr_carea' id='block_1_116' title="bbox 1098 2769 1889 2810">
    <p class='ocr_par' dir='ltr' id='par_1_116' title="bbox 1098 2769 1889 2810">
     <span class='ocr_line' id='line_1_116' title="bbox 1098 2769 1889 2810; baseline -0.008 -9"><span class='ocrx_word' id='word_1_805' title='bbox 1098 2775 1145 2801; x_wconf 77' lang='grc' dir='ltr'><strong>τοῦ</strong></span> <span class='ocrx_word' id='word_1_806' title='bbox 1170 2774 1308 2810; x_wconf 83' lang='grc' dir='ltr'>ἀχράντου</span> <span class='ocrx_word' id='word_1_807' title='bbox 1332 2773 1476 2808; x_wconf 85' lang='grc' dir='ltr'>σώματος,</span> <span class='ocrx_word' id='word_1_808' title='bbox 1513 2773 1569 2799; x_wconf 73' lang='grc' dir='ltr'><strong>τοῦ</strong></span> <span class='ocrx_word' id='word_1_809' title='bbox 1586 2771 1616 2804; x_wconf 83' lang='grc' dir='ltr'>ὲξ</span> <span class='ocrx_word' id='word_1_810' title='bbox 1638 2771 1724 2806; x_wconf 83' lang='grc' dir='ltr'>αὐτῆς</span> <span class='ocrx_word' id='word_1_811' title='bbox 1747 2769 1889 2804; x_wconf 79' lang='grc' dir='ltr'>τεχθέντος</span> 
     </span>
    </p>
   </div>
   <div class='ocr_carea' id='block_1_117' title="bbox 1098 2817 1888 2856">
    <p class='ocr_par' dir='ltr' id='par_1_117' title="bbox 1098 2817 1888 2856">
     <span class='ocr_line' id='line_1_117' title="bbox 1098 2817 1888 2856; baseline -0.008 -8"><span class='ocrx_word' id='word_1_812' title='bbox 1098 2820 1219 2856; x_wconf 79' lang='grc' dir='ltr'>Χριστοῦ</span> <span class='ocrx_word' id='word_1_813' title='bbox 1241 2820 1289 2847; x_wconf 82' lang='grc' dir='ltr'><strong>τοῦ</strong></span> <span class='ocrx_word' id='word_1_814' title='bbox 1305 2820 1374 2846; x_wconf 80' lang='grc' dir='ltr'>Θεοῦ</span> <span class='ocrx_word' id='word_1_815' title='bbox 1390 2820 1485 2855; x_wconf 75' lang='grc' dir='ltr'>ἡμῶν,</span> <span class='ocrx_word' id='word_1_816' title='bbox 1516 2818 1562 2845; x_wconf 82' lang='grc' dir='ltr'>καὶ</span> <span class='ocrx_word' id='word_1_817' title='bbox 1588 2817 1634 2844; x_wconf 86' lang='grc' dir='ltr'><strong>τοῦ</strong></span> <span class='ocrx_word' id='word_1_818' title='bbox 1650 2818 1742 2852; x_wconf 88' lang='grc' dir='ltr'>τιμίου</span> <span class='ocrx_word' id='word_1_819' title='bbox 1759 2817 1888 2851; x_wconf 74' lang='grc' dir='ltr'>αἵματος,</span> 
     </span>
    </p>
   </div>
   <div class='ocr_carea' id='block_1_118' title="bbox 1097 2862 1887 2902">
    <p class='ocr_par' dir='ltr' id='par_1_118' title="bbox 1097 2862 1887 2902">
     <span class='ocr_line' id='line_1_118' title="bbox 1097 2862 1887 2902; baseline -0.008 -8"><span class='ocrx_word' id='word_1_820' title='bbox 1097 2867 1111 2894; x_wconf 77' lang='grc' dir='ltr'><strong>ὸ</strong></span> <span class='ocrx_word' id='word_1_821' title='bbox 1127 2865 1265 2902; x_wconf 73' lang='grc' dir='ltr'>ἁγιασμὸς</span> <span class='ocrx_word' id='word_1_822' title='bbox 1283 2866 1330 2893; x_wconf 78' lang='grc' dir='ltr'><strong>καὶ</strong></span> <span class='ocrx_word' id='word_1_823' title='bbox 1346 2865 1469 2892; x_wconf 74' lang='grc' dir='ltr'>υἱοθεσία</span> <span class='ocrx_word' id='word_1_824' title='bbox 1493 2866 1549 2896; x_wconf 84' lang='grc' dir='ltr'>τοῖς</span> <span class='ocrx_word' id='word_1_825' title='bbox 1566 2865 1672 2896; x_wconf 85' lang='grc' dir='ltr'>πιστοῖς</span> <span class='ocrx_word' id='word_1_826' title='bbox 1691 2862 1887 2899; x_wconf 77' lang='grc' dir='ltr'>παραγίνεται.</span> 
     </span>
    </p>
   </div>
  </div>
