2085 3156
233 172 287 203 L53

711 173 869 202 HYMNUS
893 173 931 202 IN
952 172 982 202 S.
1005 172 1070 202 DEI
1099 172 1349 202 GENITRICEM.

1810 167 1863 200 4M

240 226 272 251 Ἦ
289 225 317 251 δὲ
335 223 507 258 πνευματικὴ
525 224 648 257 εὐλογία,
668 225 714 251 καὶ
729 226 744 261 ἡ
761 225 828 261 ἄλλη
842 226 896 252 τῶν
910 226 1022 259 ἀγαθῶν
1038 233 1050 258 Λ

1075 226 1137 252 talis
1153 231 1243 252 autem
1261 226 1425 258 benedictio,
1449 229 1476 253 et
1496 226 1549 253 alia
1573 226 1708 252 bonorum
1729 225 1862 252 subpedi-

235 280 364 306 χορηγια,
380 270 419 306 τῷ
433 270 486 296 τῶν
500 271 671 305 Χριστιανῶν
685 271 769 305 γένει,
784 273 816 298 ὲκ
830 273 878 307 τῆς
891 272 1021 308 διανομῆς

235 317 282 343 tu?)
305 317 388 351 ἄρτου
416 316 462 343 τοῦ
485 317 613 351 σώματος
629 317 679 350 τῆς
695 317 828 344 Θεοτόκου
850 318 955 351 γίνεται
975 319 1022 345 καὶ

235 362 403 388 πιστεύεται.
434 363 464 388 Ὀ
480 363 529 397 μὲν
545 362 663 397 θεὸπτης
679 363 785 394 ἐκεῖνος
800 364 917 399 Μωσῆς,
937 364 1022 390 παλαι

235 409 338 443 αἵματα
353 408 463 443 τράγων
479 408 526 434 καὶ
542 408 661 443 μόσχων,
678 408 821 444 ὲρῤάντιξε
835 408 881 436 τὸν
893 409 967 442 λαὸν,
980 410 1024 436 λέ-

235 462 306 487 γων·
328 464 336 479 ι
352 453 438 480 Τοῦτο
454 453 485 480 τὸ
501 451 571 489 αἷμα
585 455 635 489 τῆς
648 454 783 490 διαθήκης
797 455 900 490 Κυρίου
914 455 997 482 ἐστίν.
1011 465 1021 481 ι

241 499 270 525 ’0
285 499 314 525 δὲ
331 499 450 534 Χριστὸς
467 499 513 526 καὶ
526 499 594 530 Θεὸς
620 500 651 525 τὸ
670 499 736 526 ἴδιον
751 501 830 536 σῶμα
847 500 958 531 δέδωκε,
976 501 1023 527 καὶ

237 543 303 569 ἴδιον
318 540 389 577 αἷμα
406 543 514 579 εξέχεε,
533 545 581 570 καὶ
597 545 713 579 ἐκέρασε
730 545 760 570 τὸ
776 545 873 580 καινῆς
888 545 1023 581 διαοήκης

237 590 322 623 πόμα,
341 589 439 623 λέγων·
460 598 468 614 ι
483 589 570 616 Τοῦτό
585 590 642 616 ἐστι
659 591 689 616 τὸ
703 591 783 626 σῶμά
798 599 860 624 μου,
876 592 924 617 καὶ
937 592 968 617 τὺ
981 590 1024 618 αἷ-

238 634 275 668 μά
300 642 350 668 μου
362 653 369 665 ,
396 634 427 660 τὸ
449 634 589 669 κλώμενον
611 636 660 662 καὶ
676 635 852 672 διαχεόμενον
869 638 908 668 είς
925 637 1024 672 ἄφεσιν

234 680 398 714 ἁμαρτιῶν·
425 679 496 706 ὥστε
518 681 614 712 ὁσάκις
635 681 740 708 ἐσθίετε
754 682 799 708 τὸν
811 682 910 717 ἄρτον,
931 684 978 710 καὶ
994 683 1024 710 τὸ

235 725 366 760 ποτήριον
386 724 467 751 τοῦτο
488 725 601 757 πίνετε,
629 726 676 752 τὸν
695 726 811 753 θάνατον
828 727 875 753 καὶ
891 727 941 762 τὴν
956 728 1024 754 ἀνά.-

235 771 332 798 στιισίν
356 780 410 805 μου
433 771 604 805 ὁμολογεῖτε.
622 781 631 797 ›
663 772 718 798 Καὶ
741 772 813 799 οὕτω
838 773 932 799 λοιπὸν
955 773 1025 808 μετὰ

233 817 363 852 τοιαύτης
386 817 494 849 ἑννοίας
505 838 514 849 ,
538 818 667 853 ἐσθίομεν
680 819 725 845 τὸν
739 818 822 854 ἄρτον
837 819 885 846 καὶ
897 819 927 846 τὺ
940 820 1025 855 ποτή-

235 872 294 898 ριον
307 863 433 898 πίνομεν,
449 863 487 895 ὼς
499 863 589 898 σάρκα
603 865 650 891 καὶ
664 862 734 899 αἷμα
747 865 795 891 τοῦ
807 864 873 891 Υίοῦ
886 865 933 891 τοῦ
944 865 1023 896 Θεοῦ,

1075 271 1151 303 latio,
1169 271 1391 299 Christianorum
1407 273 1498 307 generi
1517 280 1549 299 ex
1568 272 1764 299 distributione
1783 277 1863 305 pams

1073 317 1201 351 corporis
1217 316 1341 352 Deipara:
1358 318 1388 344 [it
1402 323 1429 345 et
1444 318 1574 346 creditur.
1588 318 1626 344 Α(-
1640 317 1684 344 ille
1697 316 1744 343 Dei
1756 320 1863 350 specta—

1074 367 1116 388 tor
1138 362 1238 394 Moses,
1261 362 1325 388 olim
1347 363 1530 397 sanguinibus
1551 363 1692 390 hircorum
1715 369 1747 389 ac
1764 360 1863 387 vitulo-

1073 415 1134 434 rum
1152 407 1315 442 aspergehat
1327 408 1470 442 populum,
1486 408 1613 442 inquiens
1629 416 1636 435 :
1657 417 1666 433 ι
1686 406 1735 434 Hic
1750 405 1862 440 sanguis

1073 453 1230 480 testamenti
1257 452 1367 480 Domini
1389 459 1442 480 est.
1459 464 1469 481 ι
1491 453 1619 480 Christus
1640 460 1704 479 vero
1729 458 1755 479 et
1779 451 1861 482 Deus,

1073 500 1216 534 proprium
1238 507 1340 533 corpus
1362 503 1389 526 et
1411 498 1552 533 proprium
1571 499 1731 533 sanguinem
1749 498 1862 530 cﬂudit,

1073 549 1100 572 et
1125 545 1236 572 miscuit
1261 545 1323 572 novi
1353 545 1508 572 testamenti
1542 545 1675 577 calicem,
1711 544 1862 578 inquiens:

1076 599 1086 616 ι
1105 589 1163 617 Hoc
1184 594 1226 617 est
1246 597 1347 624 corpus
1372 597 1464 617 meum
1488 596 1515 617 et
1539 590 1653 624 sanguis
1676 597 1765 622 meus,
1790 588 1863 622 quod

1073 635 1220 670 ft'angitur,
1237 640 1264 663 et
1283 637 1330 670 qui
1352 635 1501 663 elI'unditur
1520 637 1546 662 in
1562 636 1753 663 remissionem
1769 642 1865 669 pecca-

1074 685 1184 714 torum;
1204 682 1239 708 ita
1263 682 1483 716 quotiescunque
1507 682 1588 709 editis
1611 689 1721 716 pultem,
1743 686 1770 707 et
1796 680 1864 707 cali-

1073 734 1132 754 cem
1173 727 1247 753 hunc
1284 727 1397 760 bibitis,
1435 732 1550 754 mortem
1581 732 1608 754 et
1634 725 1862 754 resurrectionem

1075 780 1163 799 meam
1179 771 1348 799 conﬁtemini
1363 780 1370 798 :
1387 781 1396 797 ι
1415 778 1442 799 et
1464 773 1498 799 ila
1519 772 1546 799 in
1569 777 1722 807 posterum,
1738 779 1799 798 cum
1817 771 1864 797 tali

1074 818 1241 852 cogitatione
1255 818 1393 845 vescimur
1407 826 1488 853 pane.
1508 822 1535 846 et
1554 818 1682 853 poculum
1701 818 1821 844 bibimus
1835 820 1864 843 ut

1075 872 1185 892 carnem
1201 869 1228 892 et
1244 865 1405 898 sanguinem
1420 864 1481 891 Filii
1498 864 1567 898 Dei,
1589 869 1704 891 mortem
1727 869 1753 891 et
1773 871 1865 890 resur-

233 910 278 935 τδν
302 909 418 936 Θάνατον
443 909 490 936 καὶ
512 910 563 944 τὴν
582 909 733 936 ἀνάστασιν
754 910 953 945 ὁμολογοῦντες
974 909 1022 938 τοῦ
1040 908 1050 935 ι

1076 911 1226 939 rectionem
1243 912 1406 939 conﬁtentes
1423 912 1532 939 Domini
1554 911 1641 939 nostri
1663 910 1728 938 Jesu
1751 908 1864 942 Christi,

234 955 338 991 Κυρίου
349 955 428 991 ἡμῶν
443 954 531 990 Ἰησοῦ
544 955 663 991 Χριστοῦ
672 964 678 971 ·
691 952 714 990 ᾧ
725 957 742 992 ὴ
755 956 818 989 δόξα
830 957 871 988 εις
883 956 946 988 τοὺς
956 956 1022 983 αἰῶ-

235 1009 291 1032 νας.
317 1001 415 1036 Ἀμήν.

1077 957 1121 984 cui
1138 957 1225 991 gloria
1237 957 1265 984 in
1283 956 1394 985 saecula.
1409 957 1507 985 Amen.

634 1196 804 1228 HYMNUS
826 1195 866 1226 ΙΝ
889 1195 1080 1226 SANCTAM
1104 1195 1171 1226 DEI
1196 1195 1459 1226 GENITRICEM.

435 1280 548 1308 Damt!“
561 1278 693 1306 Tlteaaur.
708 1278 922 1313 hymnologictu,
937 1281 958 1305 ι.
977 1277 1022 1310 lll,
1035 1285 1064 1312 p.
1081 1277 1115 1305 79
1129 1286 1137 1311 ;
1156 1277 1224 1304 Actu
1241 1278 1402 1304 Sanctorum
1420 1278 1483 1305 Jun.
1501 1283 1522 1305 ι.
1536 1278 1568 1311 ll,
1584 1285 1610 1312 p.
1627 1287 1670 1305 XL.

551 1358 604 1384 Θεο
609 1356 641 1383 τό
642 1364 687 1383 κιο
690 1364 718 1382 ν.

303 1413 484 1448 Σαλπίσωμεν
499 1413 529 1440 ὲν
545 1412 678 1446 σάλπιγγι
695 1411 842 1447 ᾀσμάτωνι

303 1458 472 1494 Προκύψασα
486 1458 541 1493 γὰρ
558 1459 574 1492 ἡ
593 1458 770 1484 παντάνασσα
787 1456 1023 1491 Μητροπάροενος

304 1505 370 1536 Ταῖς
386 1504 541 1539 εὐλογίαις,
568 1503 737 1536 καταστέφει
753 1503 816 1534 τοὺς
830 1502 1024 1538 εὐφημοῦντας
1074 1500 1077 1501 ⁷

841 1546 950 1582 [αὑτήν.

304 1593 430 1624 Βασιλεῖς
444 1593 493 1620 καὶ
508 1594 640 1629 ἄρχοντες
658 1592 897 1627 συντρεχέτωσαν,

303 1639 358 1664 Καὶ
373 1639 422 1674 τὴν
437 1638 566 1665 Βασιλίδα
581 1638 764 1674 κροτείτωσαν
779 1638 808 1664 ὲν
823 1637 932 1673 ὕμνοις,

304 1685 422 1711 Βασιλέα
435 1685 553 1717 τέξασαν
567 1686 631 1716 τοὺς
647 1684 756 1719 θανάτῳ
769 1684 975 1719 κρατουμένους

306 1730 374 1765 Πρὶν
389 1730 524 1757 ἀπολύσαι
540 1729 742 1765 φιλανθρώπως
755 1730 952 1765 εὐδοκήσαντα.

305 1775 439 1809 Ποιμένες
452 1777 499 1801 καὶ
509 1775 677 1804 διδάσκαλοι,
689 1774 740 1809 τὴν
748 1774 795 1800 τοῦ
805 1773 888 1800 καλοῦ
897 1774 1026 1808 ποιμένος
1039 1775 1061 1804 C

305 1820 472 1856 Ὑπεράγιον
486 1820 602 1856 Μητέρα
617 1819 791 1851 συνελθόντες
806 1819 1024 1854 εὐφημήσωμεν.

305 1914 361 1949 τὴν
374 1913 487 1949 λυχνίαν
501 1914 552 1948 τὴν
565 1914 720 1948 χρυσαυγῆ,

305 1960 361 1996 Τὴν
380 1960 541 1995 φωτοφόρον
555 1959 682 1993 νεφέλην,

306 2005 362 2040 Τὴν
378 2005 433 2031 τῶν
450 2005 594 2040 Χερουσὶμ
609 2003 777 2039 ὑπερτέραν,

306 2052 362 2086 Τὴν
377 2051 501 2086 ἔμψυχον
517 2051 635 2078 κιϐωτὸν
644 2071 652 2083 ,

306 2098 359 2124 Τὸν
373 2099 549 2133 περίμορφον
563 2098 611 2124 τοῦ
624 2098 762 2124 Δεσπότου
778 2096 885 2131 θρόνον,

306 2143 362 2178 Τὴν
381 2144 550 2178 μανναδόχον
566 2144 686 2179 χρυσέαν
702 2143 833 2178 στάμνον,

308 2190 364 2225 Τὴν
381 2190 524 2226 ζωηφόρον
538 2190 587 2216 τοῦ
601 2190 689 2224 Λόγου
706 2190 812 2220 πλάκα,

302 2236 444 2263 ’Λπάντών
462 2236 517 2262 τῶν
532 2236 707 2272 Χριστιανῶν
723 2236 754 2262 τὺ
769 2234 938 2269 καταφύγιον

302 2283 424 2317 ’ᾼσμασι
442 2282 585 2318 θεηγόροις
599 2281 822 2317 ἐγκωμιάζοντες

309 2328 402 2358 Οὕτως
416 2328 554 2362 εῐπωμεν·
575 2327 704 2354 Πιλάτιον
721 2327 767 2354 τοῦ
783 2327 884 2361 Λόγου,

315 2373 441 2405 ’Δᾷίωσον
471 2373 538 2404 τοὺς
560 2373 709 2405 ταπεινοὺς
732 2373 807 2408 ἡμᾶς
832 2371 882 2407 τῆς
904 2370 1027 2407 οὐρανῶν

785 2417 938 2454 [βασιλείας
948 2425 955 2432 ·

308 2466 393 2494 Οὐδὲν
406 2465 460 2502 γὰρ
473 2465 611 2493 ἀδύνατον·
619 2467 653 2502 τῇ
672 2465 799 2501 μεσιτειᾳ
813 2473 870 2491 σου.

1400 1353 1566 1382 Theotocion.

1149 1412 1290 1440 Canamus
1307 1412 1390 1443 tubis,
1404 1414 1467 1447 quia
1485 1411 1588 1446 Regina

1148 1450 1288 1489 Otn'nium,
1305 1457 1391 1485 Mater
1409 1459 1493 1492 virgo,
1514 1457 1643 1484 benevola
1657 1460 1714 1490 est,

1146 1502 1178 1530 Ει
1196 1503 1433 1530 benedictionibus
1448 1507 1561 1530 coronat
1578 1502 1731 1529 laudatores
1746 1508 1822 1529 suos.

1151 1595 1238 1631 Reges
1255 1603 1287 1622 ac
1305 1595 1442 1629 principes
1459 1599 1641 1626 concurrant.

1151 1642 1241 1676 Atque
1257 1642 1375 1668 excitan
1392 1641 1488 1675 plausu
1504 1644 1666 1666 vene~enlur
1683 1638 1811 1674 Reginam
1822 1659 1830 1671 ,

1149 1684 1215 1717 Qua:
1232 1685 1336 1720 peperit
1352 1684 1463 1718 Regem,
1483 1685 1643 1719 gaudentem

1148 1731 1169 1757 Δ
1187 1735 1274 1757 morte
1288 1730 1376 1757 victos
1396 1730 1511 1764 benigne
1528 1729 1642 1756 solxere.

1150 1775 1278 1803 Pastorcs
1294 1784 1326 1804 ac
1341 1776 1476 1811 magistri,
1492 1775 1613 1802 Pastoris
1629 1775 1692 1801 boni

1149 1822 1357 1850 Sanctissimam
1379 1822 1546 1849 Genilriccm
1570 1829 1623 1848 una
1642 1821 1785 1848 elici-amns
1807 1821 1868 1848 lau-

1693 1865 1799 1900 [dibus.

1148 1909 1348 1937 Candelabrum
1363 1918 1487 1942 aureum,

1149 1956 1352 1983 llluminuntetn
1371 1956 1481 1987 nubem.

1149 2002 1334 2029 Excelsiorem
1352 2002 1492 2029 cherubim
1505 2021 1512 2033 ,

1148 2048 1303 2074 Animatam
1321 2055 1412 2074 arcam
1424 2066 1431 2079 ,

1150 2091 1310 2126 Speciosum
1327 2091 1460 2120 Altissimi
1483 2092 1582 2119 saliunt
1594 2112 1602 2124 ,

1151 2137 1252 2164 Urnam
1268 2145 1379 2165 auream
1398 2138 1573 2172 receptricem
1591 2143 1714 2172 mannae,

1148 2184 1266 2211 Vitalem
1284 2184 1365 2212 Verbi
1384 2185 1522 2216 tabulam,

1147 2231 1276 2258 Omnium
1295 2230 1514 2258 Christianorum
1532 2230 1688 2266 perfugium

1151 2276 1236 2305 Sacro
1252 2277 1422 2316 celebrantes
1441 2276 1575 2307 carmine,

1149 2322 1195 2350 Sic
1209 2322 1333 2350 dicamus
1348 2331 1354 2348 :
1373 2321 1506 2348 Palatium
1524 2321 1604 2349 Verbi
1619 2341 1626 2353 ,

1148 2369 1205 2397 Nos
1222 2367 1342 2395 humiles
1356 2367 1488 2395 calorum
1505 2374 1589 2402 regno
1604 2367 1717 2401 dignare
1730 2375 1738 2394 :

1153 2459 1214 2488 Non
1228 2464 1270 2487 est
1283 2458 1355 2487 enim
1374 2458 1536 2493 quidquam,
1553 2455 1625 2490 quod
1644 2461 1669 2483 te
1686 2455 1873 2484 ιιιιετευιιιιηιο

1556 2501 1627 2539 {fieri
1642 2509 1695 2529 non
1709 2507 1805 2536 possit.
