2085 3156
242 151 294 184 431

771 153 801 184 S.
816 152 993 184 GERMANI
1006 152 1260 185 PATRIARCH/E
1277 156 1332 187 (ΣΡ.

1820 153 1873 183 432

244 213 316 240 neiis
337 211 481 243 virtutum,
501 219 510 236 ι
529 210 659 243 Sanctus,
677 209 804 244 Sanctus,
827 212 954 244 Sanctus,
982 212 1034 240 Do-

1086 212 1163 247 ἅγιος
1174 214 1220 240 καὶ
1238 214 1373 249 μακάριος
1391 223 1397 230 '
1418 215 1511 250 ἐκείνη
1529 216 1582 250 γὰρ
1595 216 1641 242 καὶ
1658 215 1727 251 μόνη
1750 216 1873 251 μακαρία

244 258 335 285 minus
362 256 492 284 Sabaoth.
513 266 522 282 ι
541 256 657 283 Sanctus
673 257 782 291 quidem
804 256 895 288 Pater,
913 261 940 284 ut
961 265 1031 292 pra:-

243 305 321 338 cipue
347 306 458 332 sanctus
478 306 505 329 et
530 303 642 335 beatus;
661 303 705 329 illa
721 303 793 329 enim
819 307 847 329 et
870 303 928 329 sola
952 303 1032 330 beata

243 356 341 376 natura
355 349 411 376 Dei.
429 349 546 375 Sanctus
566 347 662 380 Filius,
680 352 710 374 ut
734 347 829 374 Sermo
850 347 898 375 Dei
924 353 950 375 et
967 348 1033 375 cha-

244 402 332 424 racter
347 398 525 431 bypostaseos
550 395 621 429 ejus,
644 399 671 421 et
695 394 795 428 eﬁigies
812 394 986 429 exemplaris,
1005 399 1034 422 et

243 443 362 477 sigillum
391 441 551 473 immobile,
581 444 608 467 et
640 440 874 467 incommutabilis
912 444 1031 466 natura:

242 488 328 515 Filius
342 487 464 521 quidem,
483 490 512 513 ut
535 493 567 512 ex
589 485 648 520 ipso
663 485 781 520 (scilicet
797 493 830 512 ex
845 484 934 518 Patre)
953 491 1033 512 natus

237 532 439 567 .impatibiliter,
461 535 490 558 ut
513 531 631 558 Verbum
654 539 685 557 ex
713 535 823 558 mente:
848 536 875 558 et
898 532 970 565 quod
985 538 1033 565 per

245 581 332 614 ipsum
351 578 421 604 facta
443 582 505 604 sunt
526 577 618 604 omnia
635 576 806 611 t‘isibiliaque
822 581 849 604 et
872 577 1031 609 invisibilia,

242 626 321 660 juxta
343 624 546 659 Apostolum“.
573 633 582 649 ι
603 624 736 650 Sermoae
754 624 826 650 enim
842 624 950 651 Domini
971 624 1033 650 cmli

245 672 344 699 ﬁrmati
366 675 441 702 sunt,
469 679 478 697 ι
508 675 537 697 ut
559 671 598 697 ait
618 669 704 696 David
725 669 758 697 “.
777 669 896 697 Sanctus
923 677 987 697 vero
1007 675 1034 698 et

244 719 363 752 Spiritus
377 721 499 749 sanctus,
518 717 563 751 qui
582 724 597 743 a
623 717 702 743 Patre
718 717 840 750 procedit
857 720 884 744 et
908 717 935 743 in
959 716 1032 743 Filio

248 764 405 798 requiescit,
421 767 449 790 et
469 762 623 790 sanctiﬁcat
644 762 747 794 omnia,
772 766 798 789 et
814 769 897 796 opera
917 762 1032 796 perlicit,

244 818 298 837 non
311 809 450 845 perﬁcitur
462 818 470 842 ;
483 808 645 840 sanctiﬁcat,
657 814 712 834 non
728 808 922 845 sanetiﬁcatur.
933 807 1034 840 Quem-

243 856 391 884 admodum
409 856 481 882 enim
505 855 546 882 sol
566 855 629 882 fons
652 858 679 882 et
696 862 779 883 causa
800 854 868 880 radii
884 858 911 880 et
933 853 1034 880 illumi—

243 903 365 929 natiouis
379 906 431 933 est,
447 909 479 929 ac
496 909 543 936 per
561 901 667 929 radium
686 901 765 929 nobis
780 900 944 928 illuminatio
957 907 1034 927 com-
1049 891 1071 919 Β

246 948 411 979 municatur,
432 951 458 974 et
484 947 542 981 ipsa
565 952 607 975 est
630 954 692 982 qua:
713 947 791 974 nobis
814 946 953 981 praelucet,
976 950 1004 973 et
1019 953 1034 973 a

237 994 325 1029 .nobis
340 993 518 1028 participatur
530 1012 538 1024 ,
561 993 597 1020 ita
617 999 684 1019 sane
698 996 724 1020 et
739 992 809 1019 Deus
824 996 850 1018 et
865 990 957 1023 Pater,
975 990 1035 1018 fons

212 1052 213 1055 η
245 1043 287 1066 est
314 1043 341 1065 et
362 1045 446 1066 causa
469 1037 531 1064 Filii
554 1043 581 1064 et
602 1037 688 1064 sancti
713 1036 844 1071 Spiritus.
869 1035 990 1070 Spiritus
1019 1042 1034 1062 a

245 1083 325 1111 Patre
339 1083 500 1118 procedens,
517 1090 564 1116 per
582 1081 678 1109 Filium
696 1081 916 1108 communicatur
935 1085 963 1108 et
979 1088 1036 1107 ma-

246 1129 401 1156 uitestatur.
420 1126 479 1154 Vox
501 1132 591 1154 autem
620 1126 760 1157 Dominus,
787 1126 846 1152 unit
867 1124 986 1157 Patrem,
1009 1128 1036 1151 et

242 1174 358 1206 Filium,
383 1176 410 1200 et
441 1172 574 1208 Spiritum
591 1163 734 1204 sanctum,
752 1177 779 1198 et
801 1179 884 1197 unum
903 1177 963 1198 esse
984 1169 1035 1196 tria

244 1219 424 1247 demonstrat.
452 1217 502 1244 Ter
524 1221 632 1244 sanctus
655 1215 801 1250 Seraphim
827 1215 933 1247 dicunt,
953 1221 1031 1241 com-

245 1266 350 1301 plentes
364 1263 457 1299 gloria:
484 1262 697 1290 celebrationem
716 1261 758 1288 his
783 1261 890 1288 verbis:
906 1260 1035 1287 Dominus

245 1310 375 1340 Sabaoth.
397 1309 569 1344 Singularem
594 1313 720 1335 naturam
749 1308 888 1342 pauentia,
912 1311 1035 1334 sanctam

245 1357 420 1387 Trinitatem,
436 1358 467 1382 ut
489 1359 517 1381 ct
543 1355 576 1381 ab
602 1354 669 1388 ipsis
693 1353 773 1380 nobis
802 1353 976 1380 testiﬁcatum
1002 1352 1037 1379 sit

246 1402 349 1439 sanctis
381 1400 545 1435 Seraphim:
569 1407 619 1435 nos
646 1406 710 1426 vero
739 1398 843 1430 ﬁdeles,
864 1399 985 1430 Patrem,
1009 1402 1037 1425 et

248 1448 359 1479 Filium,
374 1451 401 1474 et
417 1449 542 1473 sanctum
562 1445 707 1480 Spiritum,
722 1444 749 1471 in
767 1451 822 1479 quo
840 1443 1036 1479 perfectionem

245 1494 414 1529 accepimus,
430 1500 492 1519 cum
509 1491 614 1526 angelis
627 1493 786 1523 sentientes,
800 1489 911 1517 intacite
929 1489 1035 1516 theolo-

246 1547 362 1575 gamur:
377 1544 419 1566 est
435 1538 508 1565 enim
532 1538 561 1564 in
583 1536 709 1572 personis
727 1535 858 1569 Trinitas,
881 1543 951 1562 unus
972 1543 1036 1562 vero

245 1587 318 1614 Deus
333 1585 377 1613 eui
391 1585 533 1620 psallimus
547 1591 554 1610 :
573 1591 582 1608 ι
602 1582 765 1609 Benedictus
782 1582 829 1614 qui
848 1581 922 1608 venit
940 1580 969 1607 in
984 1588 1033 1607 no-

244 1640 320 1659 nnne
336 1631 454 1658 Domini.
469 1630 595 1656 llosanna
611 1629 638 1655 in
656 1629 800 1655 excelsis.)
818 1626 981 1654 llebraicum
999 1627 1035 1653 ita

246 1678 346 1706 habet:
363 1675 502 1708 Hosanna,
521 1674 636 1707 Adonei,
661 1674 774 1706 Asdiua,
802 1673 917 1706 Daruch,
941 1672 1033 1705 Pater,

246 1723 360 1755 Abbalh,
383 1721 499 1753 Semma,
525 1720 645 1751 Deniam,
672 1719 790 1746 Sabaoth
808 1719 873 1754 (tu).
894 1719 964 1746 Deus
982 1720 1036 1745 vir-

248 1774 335 1797 tutum
362 1769 409 1802 qui
433 1767 520 1795 voluit
541 1765 654 1793 mactari
677 1765 792 1792 vitulum
813 1765 986 1799 saginatum:
1009 1769 1037 1792 ct

248 1815 350 1842 vitulus
373 1814 419 1848 qui
450 1820 558 1847 semper
590 1815 725 1839 mactatur
749 1811 852 1843 \‘olcns,
878 1814 906 1837 ct
929 1818 1035 1846 semper

247 1863 360 1889 vivens:
394 1860 440 1895 qui
466 1859 573 1895 perﬁcit
599 1866 669 1893 opus
697 1857 806 1894 mystici
837 1858 980 1890 sacriﬁcii,
1009 1862 1036 1884 et

247 1915 355 1943 seraper
370 1907 521 1934 adventans
536 1913 584 1941 per
599 1905 764 1940 baptismum
778 1914 783 1931 :
799 1910 910 1932 sanctus
927 1913 967 1938 es,
980 1905 1035 1931 Rex

248 1955 422 1983 saeculorum.
446 1958 474 1980 et
498 1953 588 1980 omnis
611 1950 799 1978 sanctimonia:
821 1951 910 1978 dator.
939 1950 977 1977 Tu
1006 1958 1037 1978 es

247 1999 371 2026 omnium
388 2002 494 2032 potens,
510 1997 556 2032 qui
571 2001 666 2024 sancta
681 1996 810 2030 ol-siguas
823 1996 892 2022 dona
907 1999 1037 2023 :sauctus

244 2053 315 2073 ,vero
342 2049 369 2071 et
400 2043 557 2078 unigenitus
580 2045 645 2068 tuus
677 2041 761 2068 Filius
787 2041 919 2068 Dominus
944 2045 1038 2068 noster

249 2091 329 2118 Jesus
344 2090 481 2122 Christus,
499 2092 563 2115 ante
581 2087 680 2114 smeula
701 2094 734 2113 ex
749 2090 775 2113 te
798 2086 971 2113 incﬁabiliter
994 2094 1038 2121 ge-

251 2138 345 2164 nitus:
380 2139 494 2163 sanctus
527 2139 619 2160 autem
648 2138 675 2159 et
705 2132 823 2166 Spit-itus
853 2137 933 2164 tuus,
967 2137 1039 2159 totus

250 2187 373 2213 sanctus,
400 2185 527 2208 serutans
543 2179 646 2210 omnia,
664 2179 745 2206 etiam
765 2177 899 2212 profunda
925 2182 970 2204 tua
992 2177 1038 2212 qui

251 2231 323 2257 Deus
351 2237 391 2262 es,
406 2235 454 2262 per
474 2235 555 2261 quem
572 2227 698 2253 universa
715 2232 775 2260 qua:
791 2225 817 2252 in
834 2225 903 2252 coelo
918 2229 945 2252 et
958 2232 1039 2260 super
1057 2225 1077 2251 ι)

251 2280 352 2302 terram
370 2278 444 2306 sunt,
461 2273 677 2300 sanctiﬁcantur.

286 2321 407 2348 Flabella
426 2327 492 2346 vero
511 2324 538 2346 et
557 2318 675 2350 diac0ui,
690 2317 811 2344 indicant
828 2316 971 2350 Scraplrim
990 2322 1037 2342 sex

251 2368 303 2396 alis
319 2366 442 2402 pratdita,
460 2369 488 2392 et
501 2363 725 2391 multioeulorum
741 2361 891 2390 Cherubim
912 2354 1048 2396 eﬁigiem.’

252 2414 358 2442 Etenim
376 2411 660 2447 supermundanorum
685 2414 712 2436 et
729 2408 965 2443 superccelestium
990 2415 1038 2434 su-

253 2458 470 2494 permundanam
480 2461 506 2483 et
516 2455 666 2490 spiritalem
675 2454 876 2482 ordinationem
896 2453 998 2487 pariter
1012 2454 1039 2477 et

254 2509 362 2531 terrena
382 2503 535 2529 imitantur.
555 2500 660 2526 Etenim
681 2497 879 2533 quadriformia
896 2496 1038 2528 animalia,

255 2549 358 2576 mutuis
378 2547 505 2575 cantibus
520 2545 572 2571 alia
589 2545 624 2572 ab
646 2544 707 2571 aliis
725 2543 848 2570 vicissim
872 2540 1038 2576 excipientia

254 2595 390 2622 clamant:
424 2592 541 2626 primum
576 2590 687 2625 quidem
719 2588 842 2618 animal,
861 2585 1041 2615 similitudine

254 2639 376 2667 referens
392 2640 496 2665 leonem
523 2636 633 2668 clamat,
661 2635 794 2662 Sanctus:
821 2633 983 2664 secundum,
1003 2630 1042 2658 si-

290 2727 311 2743 “
325 2723 521 2755 Coloss.l,16.
576 2721 599 2738 ⁸⁸
612 2720 686 2748 Psal.
704 2728 788 2751 xxx",
809 2719 835 2745 6.

291 2783 345 2817 (l0)
362 2781 425 2808 Haec
436 2789 468 2817 ex
487 2779 560 2807 Psal.
579 2787 662 2817 exuli,
688 2777 734 2817 :26,
752 2777 803 2817 sic»
818 2776 949 2817 restitute;
965 2776 1038 2814 (intra

254 2810 368 2848 Ad‘om'ti,
385 2815 505 2842 hasliuua
520 2815 636 2841 :baruch
650 2813 743 2840 habbo.
761 2824 769 2838 ε
785 2812 891 2848 Qua-so,
909 2810 1031 2848 nomine.

253 2845 398 2889 prosperos
415 2851 455 2878 fac
470 2860 475 2876 :
490 2851 647 2877 benedictus
662 2849 707 2883 qui
721 2849 801 2876 venit.
814 2857 822 2872 ι
842 2846 953 2881 (Deinde
967 2845 1044 2871 chal-

1087 259 1178 293 φύσις,
1198 261 1213 294 ἡ
1231 260 1278 286 τοῦ
1293 260 1373 288 Θεοῦ.
1394 261 1489 294 ’Ἄγιος
1512 263 1526 288 6
1542 262 1614 294 Υἱὸς,
1634 262 1672 293 ὠς
1693 262 1780 295 Λόγος
1805 262 1873 288 Θεοῦ

1085 305 1132 331 καὶ
1146 306 1291 341 χαρακτὴρ
1307 306 1359 341 τῆς
1372 307 1547 338 ὑποστάσεως
1558 308 1651 339 αὐτοῦ,
1666 307 1713 334 καὶ
1726 308 1874 342 ἐκμαγεῖον

1085 351 1131 377 τοῦ
1148 352 1302 386 ἀρχετύπου
1323 353 1370 379 καὶ
1385 354 1502 389 σφραγὶς
1518 354 1656 388 ἀκίνητος,
1668 355 1717 380 καὶ
1727 354 1865 382 ἀναλλοίω

1047 426 1054 429 ν
1084 405 1130 428 τος
1150 397 1230 431 φύσις
1247 405 1254 412 ⁶
1279 397 1343 429 Υἱὸς
1359 399 1418 433 μὲν,
1433 399 1471 431 ὡς
1502 399 1533 431 ἐξ
1547 399 1642 432 αὐτοῦ,
1664 399 1748 434 ἤγουν
1775 400 1807 425 ὲκ
1826 399 1874 426 τοῦ

1085 442 1203 477 Πατρὸς,
1224 443 1365 478 γεννηθεὶς
1381 444 1506 477 ἀπαθῶς,
1529 445 1566 476 ὼς
1580 444 1666 478 Λόγος
1689 445 1720 471 ἐκ
1745 444 1802 478 νοῦ,
1827 444 1875 471 καὶ

1085 489 1122 521 ὡς
1152 490 1186 516 δι’
1214 491 1296 517 αὐτοῦ
1321 492 1486 527 γεγενῆσθαι
1510 492 1545 518 τὰ
1564 493 1664 524 πάντα,
1685 493 1719 518 τά
1739 500 1768 518 τε
1789 492 1876 527 ὁρατά

1085 534 1133 561 καὶ
1146 534 1180 560 τὰ
1191 535 1304 570 ἀόρατα,
1322 536 1393 562 κατὰ
1407 536 1454 562 τὸν
1462 536 1623 562 ’Δπόστολον
1632 544 1638 550 ”
1657 545 1666 560 ι
1681 535 1726 570 Τῷ
1734 535 1788 569 γὰρ
1797 533 1876 569 Λόγῳ

1086 580 1188 615 Κυρίου
1205 582 1228 606 οἱ
1239 581 1349 614 οὐρανοὶ
1359 582 1577 616 ἐστερεώθησαν,
1591 590 1600 606 ι
1615 581 1653 612 ὥς
1666 589 1747 616 φησιν
1761 583 1773 607 6
1783 580 1874 606 Δαϐίδ-

1086 625 1163 659 ἆγιον
1177 626 1205 652 δὲ
1221 627 1310 652 καὶτὸ
1328 626 1441 661 Πνεῦμα
1453 627 1482 653 τὸ
1497 627 1584 660 ἆγιον,
1600 627 1631 653 τὸ
1646 628 1678 653 ἐκ
1701 626 1747 652 τοῦ
1771 626 1877 661 Πατρός

1086 672 1313 706 ἐκπορευόμενον,
1329 673 1377 699 καὶ
1395 673 1423 698 ὲν
1435 672 1493 708 Υίῴ
1507 673 1721 707 ἀναπαυόμενον,
1735 672 1782 698 καὶ
1796 672 1877 706 ἁγιά-

1087 718 1133 750 ζον
1156 718 1190 744 τὰ
1210 719 1309 750 πάντα,
1331 719 1379 745 καὶ
1396 719 1596 753 τελεσιουργὸν,
1614 719 1651 754 μὴ
1665 717 1854 753 τελειούμενον
1869 726 1876 732 ·

1087 765 1208 799 ἁγιάζον,
1239 766 1288 800 οὐχ
1318 765 1508 800 ἀγιαζόμενον,
1538 766 1643 800 Ὠσπερ
1667 765 1722 800 γὰρ
1747 765 1761 790 6
1791 764 1876 799 ἥλιος,

1087 811 1163 845 πηγὴ
1177 811 1224 837 καὶ
1235 811 1309 837 αἰτία
1333 810 1384 845 τῆς
1397 819 1426 836 τε
1444 811 1552 841 ἀκτῖνος
1574 811 1621 837 καὶ
1644 811 1693 845 τῆς
1718 809 1877 844 ὲλλάμψεως

1088 854 1135 888 ὢν,
1151 855 1194 882 διὰ
1211 856 1240 882 δὲ
1250 855 1300 890 τῆς
1314 856 1424 887 ἀκτῖνος
1435 856 1501 890 ἡμῖν
1516 856 1532 891 ή
1544 855 1677 890 man
1693 855 1875 890 μεταδίδοται,

1086 899 1132 928 καὶ
1147 901 1217 936 αὕτη
1239 902 1312 928 ἐστὶν
1329 903 1346 937 ὴ
1370 901 1526 936 φωτίζουσα
1542 903 1625 937 ἡμᾶς,
1641 902 1689 928 καὶ
1707 901 1876 936 μετεχομένη

1085 947 1130 980 ὑφ’
1145 947 1224 982 ὴμῶν
1238 956 1245 962 ·
1262 947 1334 974 οὕτω
1348 947 1380 981 δὴ
1395 948 1442 974 καὶ
1456 949 1470 974 6
1493 947 1560 979 Θεὸς
1592 948 1638 974 καὶ
1668 947 1773 983 Πατὴρ,
1800 947 1876 982 πηγὴ

1084 991 1151 1019 οὖσα
1167 993 1214 1019 καὶ
1234 993 1309 1020 αἰτία
1323 993 1389 1020 Υἱοῦ
1414 994 1462 1020 καὶ
1492 993 1570 1027 ἁγίου
1592 993 1762 1028 Πνεύματος.
1789 993 1826 1019 Τὸ
1849 993 1877 1019 δὲ

1085 1037 1207 1072 Πνεῦμα,
1217 1039 1249 1064 ὲκ
1262 1038 1369 1073 [ια-πρὸς
1381 1038 1608 1073 ἐκπορευόμενον,
1616 1037 1648 1064 δι’
1658 1038 1723 1064 Υἰοῡ
1731 1038 1877 1064 διαδίδοται

1086 1083 1134 1108 καὶ
1157 1084 1362 1118 πειανέρωται.
1380 1083 1416 1110 Τὸ
1432 1083 1460 1109 δὲ
1485 1083 1581 1116 εἰπεῖν,
1608 1083 1724 1116 Κύριος.
1752 1084 1808 1110 ἑνοῖ
1831 1083 1877 1109 τὸν

1085 1128 1206 1163 Πατέρα,
1221 1129 1267 1155 καὶ
1283 1129 1330 1155 τὸν
1349 1129 1422 1160 Υῐὸν,
1437 1129 1483 1154 καὶ
1502 1130 1531 1154 τὺ
1549 1129 1661 1164 [habita
1676 1130 1706 1154 τὸ
1722 1129 1811 1163 ἅγιον,
1829 1129 1878 1155 καὶ

1085 1174 1115 1200 ἓν
1140 1174 1174 1200 τὰ
1196 1172 1412 1210 τρίαδείλινυσι.
1443 1174 1540 1210 Τρίτον
1567 1174 1668 1209 Ἄγιος
1690 1175 1724 1201 τὰ
1753 1175 1877 1210 Σεραφὶμ

1085 1220 1204 1254 λέγουσι,
1227 1220 1383 1255 πληροῦντα
1402 1221 1451 1256 τὴν
1472 1221 1626 1255 δοξο).ογίαν
1655 1221 1695 1252 είς
1710 1221 1740 1247 τό
1753 1229 1758 1235 ·
1771 1221 1878 1254 Κύριος

1085 1266 1223 1293 Σαϐαώθ’
1240 1266 1345 1293 ἑνιαίαν
1372 1267 1453 1300 φύσιν
1468 1267 1588 1299 τιθέντα,
1599 1267 1649 1301 τὴν
1667 1266 1748 1300 ἀγίαν
1763 1265 1875 1301 Τριάδα,

1086 1314 1124 1345 ῶς
1140 1313 1186 1340 καὶ
1202 1313 1248 1339 ὑπ’
1275 1313 1366 1340 αὐτῶν
1385 1314 1453 1348 ἡμῖν
1478 1312 1688 1348 μεμαρτύρηται
1709 1312 1764 1338 τῶν
1790 1312 1877 1345 ἁγίων

1087 1359 1212 1395 Σεραφίμ
1224 1370 1231 1376 ·
1249 1361 1331 1394 ἡμεῖς
1353 1359 1382 1386 δὲ
1401 1360 1425 1385 οί
1450 1359 1541 1385 πιστοὶ
1567 1358 1613 1385 τὸν
1640 1358 1749 1393 Πατέρα
1767 1358 1814 1384 καὶ
1832 1357 1878 1384 τὸν

1086 1406 1150 1432 Υἱὸν
1167 1406 1214 1432 καὶ
1228 1406 1258 1431 τὸ
1273 1406 1351 1439 ἆγιον
1363 1405 1483 1440 Πνεῦμα,
1499 1406 1528 1431 ἐν
1543 1401 1564 1438 ᾧ
1579 1404 1628 1439 τὴν
1645 1404 1802 1438 τελειότητα
1817 1403 1879 1430 ἐλά·

1087 1451 1181 1486 εομεν,
1201 1451 1250 1477 σὺν
1269 1451 1397 1485 ἀγγέλοις
1421 1450 1563 1484 ἀσιγήτως
1591 1449 1772 1483 θεολογοῦμεν
1800 1448 1878 1480 δοξά-

1087 1496 1179 1528 ζοντες
1196 1505 1202 1512 '
1219 1495 1298 1522 τοῦτο
1312 1496 1366 1530 γὰρ
1380 1496 1440 1527 ταῖς
1456 1496 1621 1522 ὑποστάσεσι
1637 1495 1722 1528 Τριάς
1739 1502 1745 1510 ”
1763 1491 1803 1525 εἷς
1820 1494 1848 1520 δὲ
1864 1494 1879 1520 6

1049 1553 1070 1583 ο
1087 1542 1163 1574 Θεὸς,
1192 1538 1213 1575 ᾧ
1231 1541 1278 1568 καὶ
1289 1541 1427 1577 ψάλλομεν
1440 1548 1447 1556 ·
1468 1550 1478 1567 ι
1500 1541 1689 1576 Εὐλογημένος
1702 1542 1716 1567 6
1731 1540 1877 1575 ἐρχόμενος

1086 1588 1115 1614 ὲν
1130 1587 1243 1622 ὀνόματι
1258 1588 1373 1622 Κυρίου,
1395 1587 1510 1613 Ὡσαννὰ
1537 1588 1565 1614 ἐν
1592 1588 1650 1618 τοῖς
1666 1587 1798 1621 ὑψίστοις.
1819 1595 1828 1611 ι
1841 1586 1878 1612 Τὸ

1091 1632 1234 1667 Ἐϐραϊκδν
1245 1632 1315 1658 οὕτω
1329 1633 1427 1658 κεῖται·
1445 1631 1586 1661 Ὡσαννὰ,
1601 1631 1734 1664 Ἀδωναῒ,
1743 1630 1876 1661 Ἀσδινὰ,

1085 1676 1214 1710 Βαροὺχ,
1232 1676 1343 1710 Πατὴρ,
1362 1677 1473 1708 Ἁΰϐὰθ,
1487 1675 1598 1710 Σεμμὰ,
1609 1677 1726 1706 Δειδίαν,
1744 1675 1877 1702 Σαϐαὼθ.

1092 1722 1120 1748 '0
1137 1722 1201 1753 Θεὸς
1216 1722 1269 1748 τῶν
1285 1722 1436 1757 δυνάμεων,
1462 1724 1476 1749 6
1490 1722 1607 1757 θελήσας
1629 1722 1741 1756 τυθῆναι
1760 1722 1804 1748 τὸν
1829 1722 1878 1756 μό-

1087 1776 1150 1803 σχον
1160 1768 1206 1794 τδν
1218 1768 1340 1794 σιτευτόν
1358 1776 1364 1782 ·
1380 1768 1426 1794 καὶ
1448 1768 1548 1803 μόσχος
1560 1769 1574 1794 6
1592 1769 1636 1794 ἀεὶ
1651 1767 1779 1803 θυόμενος
1796 1767 1876 1799 ἑκὼν,

1086 1815 1134 1841 καὶ
1153 1814 1196 1840 ἀεὶ
1209 1813 1274 1846 ζῶν,
1293 1815 1307 1840 6
1321 1813 1520 1848 τελεσιουργῶν
1543 1813 1594 1848 τὴν
1617 1813 1752 1848 μυστικὴν
1770 1813 1875 1844 θυσίαν,

1086 1860 1134 1886 καὶ
1157 1860 1200 1886 ἀεὶ
1225 1860 1372 1894 ἐπιφοιτῶν
1391 1860 1434 1886 διὰ
1461 1859 1508 1886 τοῦ
1527 1859 1715 1894 βαπτίσματος
1728 1867 1734 1873 ·
1749 1858 1825 1892 ἅγιος
1841 1856 1876 1890 εἴ,

1087 1906 1202 1932 Βασιλεῦ
1220 1905 1275 1932 τῶν
1296 1905 1414 1938 αίὼνων,
1439 1906 1488 1932 καὶ
1505 1906 1597 1939 πάσης
1611 1904 1766 1938 ἁγιωσύνης
1782 1905 1875 1940 δοτήρ.
1913 1932 1918 1937 ,

1087 1952 1123 1978 Σὺ
1151 1949 1178 1978 εἴ
1200 1953 1214 1978 6
1236 1952 1445 1986 παντοκράτωρ,
1460 1951 1474 1977 6
1491 1950 1647 1986 σφραγίζων
1664 1951 1697 1977 τὰ
1713 1951 1777 1984 ἅγια
1793 1950 1875 1984 δῶρα.

1089 1998 1184 2030 ’Ἄγιος
1207 1998 1235 2024 δὲ
1257 1998 1303 2024 καὶ
1319 1998 1333 2023 6
1347 1997 1495 2031 μονογενής
1512 2005 1558 2022 σου
1576 1997 1639 2027 Υἱὸς
1655 1998 1667 2022 ό
1683 1996 1783 2030 Κύριος
1797 1995 1876 2029 ὴμῶν

1094 2045 1199 2080 Ἰησοῦς
1211 2043 1341 2078 Χριστὸς,
1356 2044 1370 2068 6
1388 2043 1440 2077 πρὸ
1456 2041 1511 2068 τῶν
1526 2042 1631 2068 αἰώνων
1645 2042 1676 2067 ἐκ
1690 2041 1736 2068 σοῦ
1752 2042 1876 2076 ἀρρήτως

1088 2089 1226 2124 γεννηθείς
1243 2096 1249 2102 ·
1274 2088 1352 2121 ἅγιον
1364 2087 1392 2113 δὲ
1407 2087 1437 2113 τὺ
1454 2086 1566 2121 Πνεῠμά
1584 2095 1629 2112 σου
1645 2087 1675 2112 τὸ
1691 2085 1832 2120 πανὰγιον,
1847 2085 1878 2112 τὸ

1090 2134 1207 2170 ἐρευνῶν
1222 2134 1255 2160 τὰ
1270 2133 1359 2159 πάντα
1371 2133 1418 2160 καὶ
1433 2132 1466 2158 τὰ
1482 2132 1550 2168 βάθη
1569 2133 1615 2159 σοῦ
1631 2132 1678 2159 τοῦ
1690 2132 1756 2158 Θεοῦ
1774 2141 1780 2147 -
1796 2132 1829 2158 δι’
1846 2128 1876 2159 οὗ

1090 2180 1197 2206 ἅπαντα
1214 2179 1247 2205 τὰ
1263 2179 1292 2204 ὲν
1307 2177 1413 2212 οὐρανῷ
1434 2179 1482 2204 καὶ
1497 2178 1542 2204 ἐπὶ
1553 2178 1605 2212 γῆς
1617 2177 1769 2211 ἁγιάζεται.

1126 2310 1166 2336 Τὰ
1183 2309 1211 2335 δὲ
1227 2308 1333 2344 emtam
1347 2308 1395 2334 καὶ
1408 2308 1433 2334 oi
1449 2307 1580 2340 διάκονοι,
1598 2307 1758 2342 ἐμφαίνουσι
1772 2307 1804 2333 τὰ
1815 2306 1877 2338 ἐξα-

1091 2356 1214 2390 πτέρυγα
1246 2354 1393 2388 Σεραφὶμ,
1425 2354 1472 2380 καὶ
1511 2352 1560 2388 τὴν
1593 2352 1646 2379 τῶν
1677 2352 1876 2386 πολυομμάτων

1091 2400 1232 2436 Χερουϐὶμ
1250 2399 1409 2434 ἐμφέρειαν.
1433 2399 1488 2425 Καὶ
1504 2398 1558 2433 γὰρ
1575 2398 1646 2424 κατὰ
1658 2398 1706 2432 τὴν
1722 2397 1776 2424 τῶν
1791 2398 1876 2432 ὑπερ-

1092 2447 1213 2482 κοσμίων
1228 2446 1275 2472 καὶ
1303 2444 1472 2479 ἐπουρανίων
1497 2444 1681 2479 ὑπερκόσμιον
1709 2444 1756 2471 καὶ
1781 2443 1877 2476 νοερᾰν

1089 2492 1177 2525 τάξιν,
1193 2491 1264 2518 οὕτω
1281 2491 1328 2517 καὶ
1344 2489 1379 2516 τὰ
1392 2489 1502 2523 ἐπίγεια
1527 2488 1683 2524 μιμοῦνται.
1707 2489 1763 2514 Καὶ
1778 2488 1831 2522 γὰρ
1844 2487 1878 2513 τὰ

1089 2538 1268 2573 τετράμορφα
1291 2535 1359 2568 ζῶα,
1385 2534 1610 2570 ἀντιφωνητικῶς
1627 2533 1752 2569 ἀλλήλοις
1771 2532 1877 2558 ἀντιδε-

1091 2584 1203 2618 χόμενα,
1215 2581 1310 2616 βοῶσι·
1327 2581 1357 2606 τὸ
1376 2580 1425 2616 μὲν
1440 2580 1547 2615 πρῶτον
1562 2579 1640 2611 ζῶον,
1656 2579 1685 2605 τὺ
1700 2579 1739 2610 είς
1753 2578 1878 2613 ὁμοίωμα

1092 2629 1198 2659 λέοντος
1215 2627 1273 2662 βοᾷ,
1295 2626 1406 2661 Ἄγιος.
1426 2625 1462 2651 Τὸ
1476 2625 1504 2651 δὲ
1519 2624 1661 2661 δεύτερονἸ
1679 2623 1709 2650 τὺ
1725 2623 1763 2654 είς
1779 2621 1878 2658 ὁμοίω-

1089 2773 1170 2833 gaico
1182 2779 1257 2798 tnore
1273 2771 1300 2806 ε)
1314 2771 1396 2798 bima
1426 2769 1542 2797 dodonai
1562 2766 1678 2800 sebaolh,
1694 2775 1704 2792 ι
1722 2764 1749 2794 in
1763 2763 1874 2792 neruine

1111 2816 1134 2833 (ΕΙ
1148 2813 1306 2833 νιηιιιιιιιι.»

1111 2816 1134 2835 Cl
1148 2813 1288 2835 γηιιιιιιιιι.
1297 2816 1306 2832 ι
