2085 3156
224 193 285 225 ἃ33·

688 191 825 223 RERUM
844 191 1081 223 ECCLESIAST.
1105 190 1407 223 CONTEMPLATIO.

1799 186 1856 219 43E

227 262 265 290 μα
294 251 414 286 μόσχου,
446 251 505 286 βοᾷ,
535 251 642 286 Ἄγιος.
669 252 705 278 Τὸ
730 251 758 277 δὲ
782 251 885 286 τρίτον,
919 251 948 277 τὸ
974 251 1014 281 εἰς

1074 249 1247 276 nilitudinem
1263 247 1340 276 vituli
1358 247 1478 275 referens
1494 247 1595 274 elainat
1607 265 1614 277 ,
1635 245 1772 273 Sanctus:
1799 251 1854 274 ter—

226 298 350 333 ὀμοίωμα
368 297 459 329 ἀετοῦ,
477 297 536 332 βοᾷ,
553 296 664 332 Ἄγιος.
689 297 726 323 Τὸ
756 296 784 323 δὲ
814 297 957 332 τέταρτον,
985 296 1016 321 τδ

226 345 266 375 εἰς
295 344 423 378 ὁμοίωμα
449 341 606 378 ἀνθρώπου,
624 342 683 377 βοᾷ,
698 343 806 376 Κύριος
820 341 950 368 Σαϐαὼθ.
971 341 1016 367 Ἐν

226 389 316 425 τρισὶν
328 389 486 423 ἁγιασμοῖς,
499 388 538 419 είς
559 388 623 422 μίαν
643 387 759 422 θεότητα
782 387 902 414 συνιοῦσι
922 387 1016 422 κυριό-

227 444 296 469 τητα
314 435 361 461 καὶ
378 435 504 469 δύναμιν,
519 434 609 465 καθὼς
625 435 639 460 ό
653 434 797 469 προφήτης
812 434 950 465 τεθέαται,
975 433 1016 459 ὅτι

230 490 239 506 1
257 479 320 507 Είδα
335 481 380 507 τὸν
398 479 502 515 Κύριον
534 480 581 506 ὲπὶ
605 479 700 515 θρόνου
726 480 880 515 καθήμενον
913 479 1015 513 ὑψηλοῦ

228 528 275 553 καὶ
289 520 458 561 ἐπηρμένου,
475 526 522 552 καὶ
536 526 584 557 τὰς
598 525 753 561 Σεραςρικὰς
774 525 903 558 δυνάμεις
923 524 1017 560 κύκλῳ

227 573 360 605 ἑστώσας,
375 573 422 599 καὶ
438 573 470 598 ὲκ
486 572 535 606 τῆς
548 573 638 607 φωνῆς
650 571 772 607 ἐπλήσθη
782 569 1013 602 ὁοῖκοςκαπνοῦ.)

228 618 265 644 Τὸ
291 619 336 651 δὲ,
355 627 364 643 1
388 617 545 651 ’Δπεστὰλη
560 616 588 643 ἒν
603 616 657 642 τῶν
673 616 808 651 Σεραφὶμ,
822 616 870 642 καὶ
884 613 956 650 εἶχεν
973 615 1017 642 ἇν-

227 664 316 698 θρακα
333 665 362 690 ὲν
382 665 415 698 τῇ
436 663 518 699 χειρὶ,
533 663 562 688 ὃν
576 663 608 698 τῇ
627 662 715 688 λαῦίδι
731 662 827 688 ἐλαϐεν
839 662 893 688 ἀπὸ
905 662 950 688 τοῦ
971 661 1017 688 θυ-

227 709 395 744 σιαστηρίου,
415 718 424 734 ι
440 708 568 744 σημαίνει
592 708 638 734 τὸν
655 708 730 742 ἱερέα
743 708 790 734 τὸν
807 708 957 742 κατέχοντα
972 708 1017 735 τὸν

229 755 319 789 νοερὸν
337 753 471 788 ἄνθρακα,
487 753 615 788 Χριστὸν,
632 755 664 789 τῇ
681 753 769 779 λαὸίδι
784 753 835 788 τῆς
861 753 952 788 χειρὸς
968 754 1017 780 αὺ-

225 799 274 825 τοῦ
289 798 370 834 ὲντῷ
395 798 464 833 ἁγίῳ
490 798 687 833 θυσιαστηρίῳ,
717 799 765 825 καὶ¹
793 799 941 833 ἁγιάζοντοι
971 800 1018 826 καὶ

226 845 394 880 καθαίροντα
412 845 476 876 τοὺς
506 845 742 880 προσδεχομένους
765 845 812 871 καὶ
839 845 1017 881 μεταλαμϐά-

225 899 331 922 νοντας.
360 892 415 917 Kal
444 891 497 926 γὰρ
517 892 557 922 είς
580 891 614 917 τὰ
628 891 743 926 οὐράνια
760 891 806 918 καὶ
824 892 1017 927 ἀχειροποίητα.

226 938 274 962 καὶ
293 936 359 970 ἅγια.
380 936 505 970 εἰσῆλθεν
534 937 548 963 ὁ
572 936 700 971 Χριστὸς,
729 937 777 962 καὶ
804 937 967 972 ὲνεφανίσθη
989 939 1017 964 ἐν

210 985 213 987 ‘
225 983 289 1018 δῦξῃ
303 983 342 1017 τῷ
354 983 402 1008 τοῦ
419 981 486 1008 Θεοῦ
499 981 546 1008 καὶ
566 982 672 1016 [Ῑατρὺς
691 982 840 1017 προσώπῳ,
855 983 925 1017 ὑπὲρ
939 983 1017 1018 ἡμῶν

227 1029 374 1063 γενόμενος
392 1029 537 1064 ἀρχιερεὺς
555 1028 652 1062 μέγας,
667 1027 831 1063 διεληλυθὼς
852 1030 914 1060 τοὺς
935 1030 1018 1064 οὐρα-

227 1074 306 1105 νούς·
325 1074 374 1100 καὶ
388 1074 487 1108 ἔχομεν
500 1074 582 1100 αὑτὸν
599 1074 775 1108 παράκλητον
795 1074 863 1109 πρὸς
889 1075 934 1102 τὸν
961 1076 1017 1102 Πα-

226 1119 304 1155 τέρα,
331 1119 378 1145 καὶ
401 1118 516 1154 ίλασμδν
531 1119 601 1154 ὑπὲρ
618 1118 671 1145 τῶν
693 1119 836 1154 ἁμαρτιῶν
864 1121 952 1156 ἡμῶν,
981 1121 1019 1153 ὡς

227 1165 461 1200 καταρτισάμενον
484 1166 552 1200 ἡμῖν
575 1165 604 1191 τὸ
621 1164 698 1199 ἅγιον
723 1165 770 1191 καὶ
784 1159 918 1192 ωναῖδιον
936 1167 1017 1194 αὑτοῦ

228 1211 307 1243 σῶμα
320 1212 367 1237 καὶ
377 1211 407 1237 τὸ
418 1211 506 1246 τίμιον
520 1208 600 1246 αἷμα,
611 1211 708 1247 λύτρον
726 1211 796 1247 ὑπὲρ
809 1212 917 1239 πάντων
927 1213 1017 1248 ἡμῶν,
1036 1208 1038 1210 ’

227 1256 319 1287 καθὼς
334 1257 347 1282 ὁ
364 1257 445 1287 αὐτὸς
464 1256 539 1290 λέγει
554 1266 559 1272 ⁸
586 1267 594 1282 1
614 1258 705 1292 Πάτερ
716 1277 723 1290 ,
740 1257 855 1290 ἁγίασον
872 1259 971 1290 αὐτοὺς
990 1260 1018 1286 ἐν

228 1302 267 1336 τῷ
284 1302 396 1336 ὀνόματί
416 1311 474 1334 σου,
489 1302 536 1334 οὒς
549 1303 669 1334 δέδωκάς
687 1312 742 1337 μοι,
760 1304 803 1330 ἵνα
814 1301 864 1330 ὦσι
882 1305 929 1331 καὶ
942 1306 1019 1331 αὐτοὶ

228 1347 391 1381 ἡγιασμένοι
404 1348 433 1373 ὲν
462 1348 597 1382 ἀληθεία·
624 1349 671 1374 καὶ
696 1348 766 1374 θέλω
798 1349 841 1375 ἵνα
870 1350 936 1376 ὅπου
964 1351 1019 1384 ἐγώ

229 1393 358 1426 eluunt
381 1390 453 1419 οὗτοι
478 1390 539 1424 ὦσι,
563 1395 609 1420 καὶ
639 1393 761 1429 θεωρῶσι
791 1394 839 1430 τὴν
868 1395 946 1427 δόξαν
970 1396 1019 1431 τὴν

230 1437 310 1472 ἐμὴν,
326 1438 367 1463 ὅτι
393 1437 525 1473 ἠγάπησα
541 1438 651 1470 αὐτοὺς,
679 1437 769 1469 καθὼς
792 1439 938 1474 ἠγάπησας
958 1441 1017 1475 ἐμὲ,

230 1482 284 1518 προ
299 1483 452 1518 καταϐολῆς
465 1484 579 1518 κόσμου.
598 1493 607 1510 ›
628 1484 713 1516 Αὐτὸς
729 1482 788 1510 εἷπε
806 1493 812 1500 ”
838 1495 847 1510 1
863 1485 948 1512 Τοῦτό
962 1487 1019 1518 ἐστι

229 1529 260 1555 τὸ
274 1529 353 1563 σῶμά
371 1537 433 1563 μου,
448 1529 527 1555 τοῦτο
538 1530 568 1555 τὸ
590 1528 660 1564 αἷμά
677 1539 738 1564 μου.
757 1540 766 1556 ι
787 1530 872 1562 Αὐτὸς
895 1531 942 1557 καὶ
964 1532 1020 1564 τοῖς

230 1576 391 1607 ἀποστόλοις
418 1576 565 1607 ἐκέλευσε,
596 1577 642 1602 καὶ
671 1576 704 1602 δι’
729 1576 841 1603 ἐκείνων
870 1578 962 1613 ἁπάσῃ
986 1579 1019 1614 τῇ
1036 1599 1057 1627 c

237 1622 395 1657 Ἐκκλησία,
412 1621 490 1648 τοῦτο
505 1624 589 1648 ποιεῖν
604 1629 610 1637 ·
630 1632 639 1648 1
657 1621 742 1649 Τοῦτο
756 1623 819 1658 γὰρ,
833 1625 908 1659 φησὶ,
921 1626 1023 1651 ποιεῖτε

231 1669 272 1699 εἰς
300 1667 349 1702 τὴν
377 1668 447 1702 ἐμὴν
472 1668 637 1703 ἀνάμνησιν.
659 1678 668 1693 ι
684 1669 741 1695 Οὔκ
756 1668 788 1695 ἂν
803 1670 929 1697 ἐκέλευσε
944 1671 1024 1699 τοῦτο

233 1714 333 1743 ποιεῖν,
360 1714 383 1739 εί
401 1713 439 1748 μὴ
460 1713 576 1748 δύναμιν
588 1714 700 1749 ὲνθῆσαι
717 1715 841 1749 ἔμελλεν,
859 1715 928 1742 ὥστε
945 1717 1024 1743 δύνα-

235 1756 296 1782 σθαι
310 1756 388 1782 τοῦτο
402 1758 500 1783 ποιεῖν.
518 1757 573 1784 Καὶ
589 1757 630 1788 τίς
647 1759 663 1792 ή
685 1758 777 1794 δέησις
792 1767 799 1791 ;
819 1760 850 1785 τὸ
869 1761 982 1796 Πνεῦμα
994 1761 1024 1788 τὸ

233 1802 310 1836 ἅγιον
325 1811 331 1818 ·
349 1803 365 1838 ἡ
382 1802 412 1834 ἐξ
425 1802 510 1837 ὕψους
526 1804 590 1835 τοὺς
612 1805 779 1836 ἀποστόλους
794 1806 941 1839 ὁπλίσασα,
954 1807 1025 1834 κατὰ

233 1849 262 1875 τὸ
278 1850 424 1884 εἰρημένον
440 1850 509 1884 πρὸς
524 1851 622 1882 αὐτοὺς
635 1851 686 1877 ὑπὸ
698 1851 744 1878 τοῦ
766 1853 870 1887 Κυρίου
894 1862 901 1868 ·
922 1863 931 1878 1
952 1854 1026 1880 Καθ-

235 1895 309 1921 ίσατε
322 1896 350 1921 ὲν
377 1896 410 1930 τῇ
438 1896 514 1922 πόλει
533 1897 720 1932 Ἰερουσαλὴμ,
748 1897 800 1929 ἓως
822 1898 854 1925 ἂν
880 1899 1025 1934 ἐνδύσησθε

234 1939 349 1974 δύναμιν
368 1940 397 1972 ἐξ
427 1940 522 1974 ὕψους.
542 1950 551 1965 ι
569 1940 655 1967 Τοῦτο
680 1941 709 1967 τὸ
736 1942 816 1977 ἔργον
841 1943 949 1977 ἐκείνης
976 1944 1025 1979 τῆς

235 1986 347 2012 καθόδου
364 1995 370 2000 ·
392 1986 422 2012 οὐ
434 1986 490 2021 γὰρ
509 1987 640 2014 κατελθὸν
656 1987 740 2020 ἅπαξ,
764 1986 823 2015 εἶτα
845 1989 1026 2017 ἀπολέλοιπεν

235 2032 320 2066 ἡμᾶς,
333 2031 402 2058 ἀλλὰ
421 2031 480 2067 μεθ’
496 2032 574 2067 ἡμῶν
589 2033 658 2064 ἐστι,
679 2033 726 2059 καὶ
737 2032 812 2060 ἔσται
830 2034 912 2069 μέχρι
926 2035 1026 2068 παντὸς

236 2081 276 2111 εἰς
290 2079 335 2105 τὸν
351 2080 446 2106 αίῶνα.
460 2079 546 2105 Τοῦτο
559 2079 602 2106 διὰ
621 2080 670 2114 τῆς
688 2080 778 2114 χειρὸς
794 2080 854 2106 τῶν.
865 2081 960 2115 ἱερέων
979 2082 1026 2108 καὶ

235 2125 285 2159 τῆς
302 2125 425 2160 γλώττης
438 2125 473 2152 τὰ
489 2126 625 2160 μυστήρια
643 2126 828 2160 τελεσιουργεῖ
841 2134 848 2142 ο
872 2128 918 2153 καὶ
938 2128 968 2153 οὐ
995 2128 1026 2153 τὺ

237 2170 314 2203 ᾶγιον
324 2170 436 2204 Πνεῦμα
454 2170 534 2204 μόνον
549 2170 671 2204 ἔπεμψεν
693 2171 707 2196 ὁ
727 2169 827 2205 Κύριος
850 2171 938 2205 ὴμῶν,
954 2171 1026 2198 ὥστε

238 2216 331 2250 μένειν
356 2216 414 2250 μεθ’
428 2215 518 2251 ἡμῶν,
538 2216 606 2242 ἀλλὰ
623 2217 670 2242 καὶ
684 2215 764 2247 αὐτὸς
776 2216 960 2251 ἐπηγγείλατο
977 2218 1024 2251 μέ-

1071 295 1139 322 tium
1156 293 1246 321 simile
1256 293 1355 327 aquilze
1370 293 1488 325 clamat,
1512 291 1645 319 Sanctus:
1669 296 1797 326 quartum
1821 292 1855 318 ad

1070 340 1278 368 similitudinem
1303 339 1421 366 hominis
1447 339 1558 371 clamat,
1579 338 1707 364 Dominus
1724 338 1852 365 Sabaoth.

1070 386 1170 413 Tribus
1184 385 1449 413 sanctificationibus
1464 385 1491 411 in
1505 392 1586 411 unam
1603 384 1731 411 deitatem
1750 392 1854 410 coeun-

1070 432 1141 459 tibus
1159 431 1373 458 dominationem
1388 434 1414 457 et
1429 434 1590 464 potestatem
1604 439 1610 456 :
1623 430 1854 464 quemadmodum

1069 477 1201 512 propheta
1215 476 1416 511 contemplatus
1431 479 1493 503 est:
1515 484 1524 500 1
1548 474 1610 502 Vidi
1634 474 1780 502 Dominum
1808 483 1854 502 su-

1071 531 1119 558 per
1133 523 1232 550 throno
1243 523 1382 550 sedentem
1397 522 1508 549 excelso
1524 525 1551 548 et
1564 521 1636 548 elato
1649 540 1658 553 ,
1684 526 1711 548 et
1726 520 1858 555 Seraphi-

1070 577 1117 597 cas
1130 573 1279 604 potestates
1293 569 1320 595 in
1337 569 1454 596 circuitu
1472 571 1604 599 astantes,
1626 571 1652 594 et
1674 567 1708 594 de
1723 575 1790 594 voce
1807 568 1857 594 im-

1070 616 1142 650 pleta
1158 619 1200 642 est
1215 615 1316 642 domus
1335 613 1422 641 fumo.
1446 622 1457 640 ι
1485 614 1554 640 Illud
1579 617 1672 641 autem
1687 633 1694 646 ,
1713 622 1722 638 1
1742 613 1856 639 missum

1070 663 1111 686 est
1128 667 1212 686 unum
1228 666 1242 686 e
1258 658 1419 693 Seraphim,
1450 663 1477 685 et
1503 657 1620 684 habebat
1651 657 1797 690 carbonem
1831 657 1857 683 in

1070 713 1164 737 manu,
1180 713 1260 740 quem
1282 705 1388 739 forcipe
1412 704 1446 731 ab
1469 703 1548 730 altari
1570 704 1696 737 excepit,
1722 703 1858 738 signiﬁcat

1071 752 1240 780 sacerdotem
1264 755 1402 779 tenentem
1419 751 1569 785 spiritalem
1596 750 1744 777 carbonem
1768 749 1857 785 (Chri-

1071 799 1154 833 stum)
1169 798 1271 832 l‘oreipe
1287 805 1386 824 manus
1402 805 1469 829 suae,
1486 797 1511 824 in
1531 801 1625 824 sancto
1640 797 1730 829 altari,
1749 800 1776 822 et
1794 803 1858 823 san-

1071 845 1234 872 ctiﬁcantem
1250 849 1277 871 et
1292 850 1451 879 purgantem
1464 844 1629 878 accipientes
1646 848 1672 870 et
1689 843 1857 878 participan-

1072 895 1123 918 tes.
1141 890 1246 917 Etenim
1264 891 1290 917 in
1309 890 1431 918 coelestia
1445 894 1472 917 et
1489 898 1542 916 non
1567 890 1724 916 manufaeta
1741 893 1768 916 et
1793 897 1858 916 san-

1071 941 1112 963 eta
1133 936 1273 970 ingressus
1295 940 1335 963 est
1356 936 1494 967 Christus,
1525 939 1552 962 et
1569 935 1697 970 apparuit
1719 935 1746 961 in
1773 935 1857 968 gloria

1071 991 1163 1010 coram
1175 983 1221 1010 Dei
1239 988 1265 1010 et
1279 983 1365 1010 Patris
1385 983 1464 1014 l‘acie,
1484 990 1533 1017 pro
1548 981 1631 1009 nobis
1647 981 1737 1008 l'aetus
1759 981 1856 1007 Ponti-

1071 1029 1114 1057 fex
1131 1037 1257 1064 magnus,
1280 1034 1426 1064 penetrans
1441 1029 1546 1061 malos;
1571 1032 1597 1055 et
1613 1027 1747 1054 habemus
1768 1027 1857 1061 ipsum

1072 1076 1234 1102 advocatum
1259 1074 1330 1109 apud
1349 1074 1456 1100 Patrem
1473 1094 1480 1106 ,
1508 1078 1535 1100 et
1559 1073 1783 1108 propitiationem
1811 1080 1859 1106 pro
1908 1102 1913 1106 _

1071 1122 1191 1157 peccatis
1209 1121 1322 1153 nostris,
1342 1125 1437 1155 utpote
1460 1119 1540 1154 cujus
1553 1125 1679 1147 sanctum
1696 1123 1723 1146 et
1746 1123 1859 1146 coaeter-

1072 1175 1137 1194 num
1154 1174 1254 1199 corpus
1270 1165 1349 1195 nobis
1367 1169 1589 1200 coagmentatum
1605 1165 1651 1196 sit,
1667 1169 1696 1192 et
1719 1165 1860 1199 pretiosus

1072 1214 1194 1248 sanguis.
1211 1212 1406 1247 redemptionis
1424 1212 1542 1246 pretium
1564 1220 1615 1246 pro
1625 1212 1705 1239 nobis
1718 1212 1859 1244 omnibus,

1072 1259 1300 1294 quemadmodum
1315 1259 1372 1292 ipse
1387 1258 1444 1284 ait:
1464 1252 1580 1291 (Pater,
1598 1258 1741 1285 sanetiﬁca
1759 1266 1807 1284 eos
1832 1258 1860 1284 in

1073 1305 1183 1331 nomine
1200 1309 1257 1336 tuo,
1276 1311 1344 1338 quos
1359 1303 1457 1330 dedisti
1479 1303 1558 1336 mihi,
1575 1308 1604 1331 ut
1623 1304 1715 1331 siutet
1730 1304 1782 1339 ipsi
1795 1312 1860 1331 san-

1073 1351 1185 1379 etiﬁeati
1197 1350 1223 1377 in
1240 1350 1372 1377 veritate:
1389 1358 1421 1377 ac
1437 1350 1498 1377 volo
1519 1354 1548 1377 ut
1564 1350 1610 1377 ubi
1627 1358 1682 1385 ego
1696 1358 1769 1384 sum,
1787 1355 1813 1378 et
1833 1351 1859 1377 hi

1073 1399 1138 1430 sint,
1151 1404 1177 1424 et.
1197 1397 1417 1431 contemplentur
1438 1397 1552 1432 gloriam
1571 1404 1659 1424 meam
1673 1418 1681 1430 ,
1702 1397 1773 1431 quod
1791 1397 1860 1423 dile-

1074 1444 1238 1476 xerimeos,
1268 1447 1297 1470 ut
1317 1443 1435 1470 dilexisti
1469 1450 1513 1470 me
1541 1448 1603 1470 ante
1636 1443 1859 1470 constitutionem

1074 1489 1167 1516 mundi
1188 1489 1221 1515 ⁸⁵.
1241 1498 1250 1514 ι
1278 1488 1336 1523 lpse
1354 1489 1444 1516 dixit:
1467 1498 1476 1514 1
1502 1488 1558 1516 Hoc
1568 1493 1610 1516 est
1632 1496 1732 1523 corpus
1759 1497 1860 1521 meum,

1075 1533 1125 1560 Hic
1138 1533 1250 1568 sanguis
1266 1541 1353 1561 meus.
1380 1543 1389 1560 ι
1417 1535 1474 1568 Ipse
1498 1539 1526 1561 et
1547 1535 1677 1569 apostolis
1694 1531 1780 1569 jussit
1795 1554 1803 1566 .
1833 1539 1861 1562 et

1075 1589 1121 1615 per
1136 1581 1198 1608 illos
1225 1580 1362 1608 universae
1391 1580 1520 1608 Ecclesiae
1535 1600 1541 1612 ,
1571 1581 1622 1608 hoc
1649 1580 1758 1608 facere:
1778 1589 1787 1606 1
1805 1579 1862 1607 Hoc

1075 1627 1157 1660 (enim
1175 1626 1223 1660 ait)
1240 1625 1321 1652 tacite
1337 1625 1363 1651 in
1385 1632 1473 1651 meam
1497 1625 1785 1652 commemorationem
1800 1625 1832 1651 αδ.
1849 1634 1858 1650 ι

1074 1673 1132 1700 Non
1146 1680 1213 1700 sane
1236 1673 1262 1699 id
1287 1672 1376 1699 facere
1393 1671 1543 1706 jussisset,
1572 1672 1624 1699 nisi
1647 1672 1700 1698 vim
1725 1672 1862 1699 inditurus

1075 1719 1173 1747 fuisset
1188 1723 1218 1746 ut
1233 1719 1258 1746 id
1276 1718 1366 1745 facere
1385 1718 1488 1746 liceret.
1503 1717 1536 1744 Et
1549 1726 1607 1752 quae
1621 1723 1662 1745 est
1687 1718 1863 1752 deprecatio?

1076 1765 1195 1800 Spiritus
1207 1769 1329 1795 sanctus,
1345 1764 1431 1791 virtus
1445 1771 1506 1799 qua:
1522 1772 1553 1791 ex
1577 1765 1643 1796 alto,
1663 1765 1802 1798 apostolos
1817 1773 1862 1791 ar-

1075 1811 1170 1843 mavit,
1189 1815 1218 1837 ut
1232 1810 1271 1837 eis
1284 1818 1298 1837 a
1316 1810 1432 1836 Domino
1452 1810 1554 1836 dictum
1572 1809 1679 1836 fuerat:
1700 1818 1709 1834 1
1729 1809 1862 1837 Sedetein

1075 1855 1144 1881 urhe
1175 1853 1325 1881 Jerusalem
1366 1853 1454 1879 donec
1493 1853 1580 1879 induti
1616 1852 1674 1879 sitis
1697 1853 1797 1880 virtute
1829 1861 1863 1880 ex

1077 1899 1131 1926 alto
1146 1899 1179 1924 ⁵⁷.
1200 1907 1209 1924 ›
1229 1898 1285 1924 Hoc
1302 1905 1371 1931 opus
1384 1902 1425 1924 est
1445 1897 1503 1930 ejus
1528 1897 1670 1931 ingressus
1690 1905 1774 1934 :Inon
1789 1897 1863 1924 enim

1077 1945 1162 1972 semel
1183 1951 1311 1979 egressus
1324 1964 1330 1976 ,
1353 1944 1378 1969 in
1406 1948 1545 1978 posterum
1574 1942 1719 1976 dereliquit
1737 1950 1797 1975 nos,
1816 1942 1862 1970 sed

1076 1995 1117 2018 est
1133 1991 1274 2017 nobisrum
1287 1994 1314 2015 et
1336 1989 1388 2015 erit
1406 1989 1432 2015 in
1458 1993 1633 2022 perpetuum,
1654 1992 1681 2015 et
1709 1988 1736 2014 in
1762 1995 1862 2014 aevum.
1882 2019 1886 2023 .

1077 2035 1133 2063 llue
1149 2043 1197 2070 per
1215 2042 1327 2061 mantun
1352 2034 1523 2060 sacerdotum
1546 2038 1573 2060 et
1596 2033 1716 2066 linguam
1735 2033 1863 2068 mysteria

1076 2083 1186 2110 coniicit
1204 2091 1210 2107 :
1228 2089 1260 2107 ac
1278 2088 1332 2109 non
1348 2084 1475 2107 sanetum
1501 2079 1632 2113 Spiritum
1659 2079 1791 2105 duntaxat
1814 2079 1863 2105 mi-

1077 2130 1113 2156 sit
1125 2128 1256 2155 Dominus
1272 2131 1374 2159 noster,
1404 2131 1433 2152 ut
1459 2130 1568 2152 maneat
1598 2125 1740 2152 nohiseum
1757 2135 1762 2152 :
1778 2125 1822 2152 sed
1839 2130 1865 2151 et

1078 2176 1136 2209 ipse
1156 2173 1294 2208 pollicitus
1308 2177 1348 2199 est
1365 2178 1394 2198 se
1405 2179 1565 2198 mansurum
1578 2171 1732 2203 nobiseum,
1750 2180 1758 2196 1
1777 2179 1864 2205 usque

1078 2224 1110 2250 ad
1138 2220 1403 2254 e0nsummationem
1431 2219 1524 2246 szeculi
1548 2218 1581 2244 κδ.
1611 2227 1619 2243 ι
1641 2219 1675 2245 At
1708 2217 1866 2244 Parucletus

238 2269 294 2286 νειν
315 2260 374 2294 μεθ’
391 2260 482 2295 ήμῶν,
499 2269 507 2285 1
522 2260 574 2291 ἕως
588 2260 637 2294 τῆς
653 2259 807 2291 συντελείας
823 2259 868 2295 τοῦ
883 2261 990 2292 αίῶνος.
1015 2271 1023 2288 ι

1081 2268 1278 2302 ineonspieuus
1289 2267 1376 2298 adest,
1392 2266 1455 2300 quia
1475 2266 1532 2300 ipse
1547 2272 1646 2298 corpus
1663 2271 1715 2290 non
1733 2264 1863 2298 gestavit:

244 2305 314 2331 Ἀλλ’
329 2306 343 2332 ὁ
355 2306 405 2340 μὲν
417 2305 592 2340 παράκλητος
606 2305 721 2340 ἀόρατος
738 2306 880 2340 πάρεστιν,
896 2306 936 2332 ὅτι
949 2307 1029 2341 σῶμα.

239 2352 319 2383 αὐτὸς
335 2352 385 2377 οὐκ
397 2351 538 2386 ὲφόρεσεν.
558 2351 586 2377 '0
602 2351 629 2377 δὲ
653 2351 754 2386 Κύριος
782 2352 828 2378 καὶ
850 2353 958 2387 ὁρᾶται,
984 2353 1031 2379 καὶ

239 2398 310 2431 ἀξῆς
328 2396 455 2431 ἀνέχεται
468 2396 512 2422 διὰ
531 2396 584 2422 τῶν
601 2396 723 2431 φρικτῶν
748 2397 795 2422 καὶ
821 2397 901 2430 ἱερῶν
926 2405 1030 2432 μυστη-

240 2441 318 2475 ρίων,
334 2440 371 2472 ὡς
395 2439 428 2466 ἂν
451 2441 500 2476 τὴν
527 2441 664 2475 ἡμετέραν
690 2440 771 2476 φύσιν
799 2440 958 2476 δεξάμενος,
983 2443 1031 2469 καὶ

240 2486 332 2521 (θέρων
349 2487 390 2516 είς
402 2486 467 2517 τοὺς
481 2487 592 2517 αἰῶνας.
610 2485 684 2520 Αὕτη
700 2486 716 2521 ἡ
735 2486 785 2521 τῆς
805 2486 954 2523 ἱερωσύνης
981 2488 1028 2514 δύ-

243 2541 324 2566 ναμις
339 2541 345 2547 ·
358 2527 436 2561 οὗτος
449 2532 463 2557 ὁ
478 2531 569 2567 ἱερεύς
583 2539 589 2546 ·
606 2532 637 2558 οὑ
650 2532 706 2567 γὰρ
721 2532 794 2564 ἅπαξ
812 2533 908 2559 ἑαυτὸν
942 2542 1028 2568 προσ-

239 2577 362 2610 αγαγὼν.
376 2577 423 2603 καὶ
436 2576 531 2609 θύσας,
548 2577 685 2604 ἐπαύσατο
704 2578 754 2612 τῆς
779 2577 939 2613 ἱερωσύνης,
962 2579 1029 2606 ἀλλὰ

239 2623 358 2658 διηνεκεί
381 2623 467 2658 ταύτῃ
495 2623 649 2657 λειτουργεῖ
671 2623 721 2658 τὴν
746 2622 920 2658 λειτουργίαν
938 2624 1027 2659 ἡμῶν,

242 2670 304 2697 καθ’
325 2671 358 2706 ἣν
383 2671 428 2697 καὶ
446 2670 622 2705 παράκλητός
640 2671 714 2697 ἐστιν
728 2671 797 2706 ὑπὲρ
810 2672 888 2706 ἡμῶν
903 2672 970 2707 πρὸς
986 2672 1030 2699 τὸν

246 2716 313 2742 θεὸν
327 2715 360 2741 δι’
374 2716 483 2748 αἰῶνος,
500 2713 530 2742 οὗ
544 2716 625 2751 χάριν
639 2716 748 2751 εἴρηται
763 2717 831 2752 πρὸς
847 2717 928 2743 αὐτόν
943 2725 949 2732 ·
967 2726 976 2742 1
995 2719 1031 2744 Σὺ

245 2762 335 2796 ἱερεὺς
352 2762 392 2793 εἰς
407 2762 453 2788 τδν
468 2761 563 2789 αἰῶνα.
583 2771 591 2787 ι
611 2761 661 2788 Διὰ
675 2761 752 2788 τοῦτο
769 2762 880 2798 οὐδεμία
906 2764 961 2794 τοῖς
989 2772 1034 2789 πι-

246 2808 318 2838 στοῖς
337 2808 401 2843 περὶ
429 2807 475 2834 τοῦ
504 2808 642 2843 ἁγιασμοῦ
668 2807 722 2834 τῶν
752 2807 845 2843 δώρων
872 2808 1033 2843 ἀμφιϐολία,

243 2853 304 2879 οὐδὲ
319 2854 383 2888 περὶ
396 2853 451 2880 τῶν
467 2854 555 2880 ἄλλων
566 2852 693 2884 τελετῶν,
714 2853 738 2879 εί
754 2853 825 2879 κατὰ
837 2853 887 2888 τὴν
905 2853 1032 2887 πρόθεσιν

246 2898 293 2924 καὶ
307 2899 354 2929 τὰς
369 2899 451 2934 εὐχᾶς
468 2899 520 2925 τῶν
537 2899 631 2933 ἱερέων
646 2898 878 2934 ἁποπληροῦνταε.

283 2957 304 2972 ⁸⁵
323 2955 403 2984 Joan.
417 2956 606 2992 xvu,’llscqq.
646 2956 745 2985 “Luc.
760 2965 825 2991 χχιι,
849 2958 888 2984 10.

928 2958 947 2972 ⁸⁷
969 2956 1034 2984 Luc.
1055 2963 1128 2989 XMV,
1145 2954 1188 2981 49.

1080 2315 1212 2341 Dominus
1229 2320 1292 2340 vero
1313 2311 1491 2346 conspicitur,
1510 2314 1534 2337 et
1555 2310 1628 2344 tangi
1647 2318 1675 2336 se
1696 2310 1800 2343 patitur
1820 2317 1866 2343 per

1079 2361 1218 2388 tremenda
1233 2364 1260 2386 et
1274 2365 1352 2385 sacra
1367 2357 1508 2392 mysteria,
1529 2361 1558 2383 ut
1577 2356 1623 2389 qui
1646 2360 1766 2382 uestram
1785 2359 1867 2382 natu-

1079 2415 1138 2434 ram
1153 2405 1300 2439 acceperit,
1320 2411 1436 2437 eamque
1458 2407 1545 2436 gestet
1571 2402 1598 2428 in
1614 2401 1726 2428 smcula.
1743 2401 1806 2427 lirec
1823 2408 1867 2427 sa-

1079 2451 1182 2479 cerdoti
1200 2451 1297 2479 virtus,
1315 2449 1359 2475 hic
1370 2447 1499 2474 sacerdos
1517 2456 1524 2473 :
1544 2454 1596 2473 non
1614 2446 1684 2473 enim
1704 2445 1788 2472 semel
1802 2452 1866 2472 cum

1083 2507 1113 2528 se
1128 2496 1257 2532 obtulerit,
1280 2500 1306 2521 et
1322 2494 1485 2522 sacrificarit
1499 2513 1507 2525 ,
1538 2493 1692 2520 sacerdotio
1720 2492 1868 2519 defunctus

1081 2550 1140 2578 est;
1157 2545 1204 2572 sed
1223 2545 1275 2571 hoc
1295 2545 1426 2576 perpetuo
1447 2546 1569 2567 nostrum
1594 2538 1738 2565 ministerii
1768 2546 1868 2565 munus

1082 2593 1158 2623 obit,
1176 2597 1230 2625 quo
1243 2593 1270 2616 et
1293 2588 1443 2615 advocatus
1460 2591 1502 2613 est
1519 2593 1567 2620 pro
1589 2584 1667 2611 nobis
1688 2584 1759 2618 apud
1784 2583 1868 2609 Deum

1083 2645 1131 2673 per
1142 2644 1241 2668 aevum,
1257 2635 1337 2669 cujus
1348 2633 1435 2667 gratia
1450 2631 1555 2659 dictum
1577 2635 1620 2658 est
1641 2630 1752 2673 adeum
1766 2638 1773 2656 :
1794 2639 1803 2655 ι
1827 2629 1867 2656 Tu

1083 2671 1112 2710 es
1130 2681 1258 2710 sacerdos
1274 2680 1301 2706 in
1315 2683 1449 2706 aeternum
1463 2677 1496 2703 οε.
1517 2686 1526 2702 ι
1548 2671 1693 2711 Propterea
1713 2675 1786 2702 nulla
1805 2675 1870 2702 ﬁde-

1085 2731 1157 2757 libus
1167 2730 1200 2755 de
1209 2727 1429 2755 sanctiﬁcatione
1437 2726 1574 2753 donorum
1586 2724 1720 2751 dubitatio
1733 2728 1871 2757 superest,

1085 2782 1173 2809 neque
1193 2773 1226 2800 de
1247 2773 1308 2799 aliis
1323 2770 1523 2802 sacramentis,
1538 2777 1572 2796 an
1596 2769 1746 2796 secundum
1772 2775 1872 2802 propo-

1087 2822 1168 2848 situm
1187 2824 1213 2848 et
1228 2826 1322 2854 preces
1342 2816 1514 2845 sacerdotum
1526 2816 1724 2849 compleantur.

1228 2951 1250 2970 θ’
1265 2949 1508 2980 ΜειιΙι.›;Χγιιι,Ξο.
1550 2950 1572 2964 "
1587 2948 1657 2976 l'sal.
1669 2955 1724 2980 cur,
1741 2946 1768 2973 4.
