2085 3156
245 168 299 202 435

758 174 788 205 S.
804 173 980 205 GERMANI
1007 175 1261 206 PATRIARCHE
1281 174 1336 204 CP-

1817 170 1870 202 536

281 226 352 260 Quid
369 234 433 254 vero
460 226 608 263 (quispiam
634 226 718 264 dicat)
741 227 774 256 de
794 229 896 256 divinis
918 229 1032 257 [labellis

1118 230 1150 256 Τί
1161 230 1183 256 δ’
1200 230 1233 257 ἄν
1248 239 1290 262 τις
1305 229 1389 261 εἴποι,
1403 227 1468 264 περὶ
1483 228 1538 256 τῶν
1554 228 1635 255 θείων
1651 228 1775 265 ριπιδίων
1791 229 1868 262 ὲγκε-

248 279 308 305 qum
324 276 416 299 tenent
431 279 529 299 manus
542 272 735 307 diaeonorum,
746 278 772 301 et
784 273 818 300 ab
835 274 901 308 ipsis
917 282 1031 301 versan-

248 321 292 344 tur
309 317 467 352 derepente,
480 319 557 353 quasi
574 319 601 346 in
624 319 707 346 animi
732 319 970 352 consternatione,
986 327 1033 347 us-

247 370 300 397 que
315 363 348 390 ad
365 363 548 398 precationem
578 364 774 392 Dominicam?
794 365 832 392 Ac
856 358 1033 393 temerarium

248 408 359 441 quidem
371 413 411 435 est
425 408 515 436 adhuc
530 410 564 436 de
585 410 627 436 his
644 411 841 444 pronuntiare:
856 419 951 438 verum
968 412 1033 446 quia

247 454 332 480 semel
360 454 392 481 ad
426 459 590 489 przeceptum
612 456 732 483 mandati
762 456 1032 490 obsecundavimus.

249 508 297 534 age
312 500 399 527 dehis
418 508 527 536 quoque
539 502 665 529 dicamus
684 509 744 537 qua:
765 502 838 530 Deus
854 496 1034 531 deder-itaSi-

248 544 358 577 quidem
375 549 402 572 et
420 546 482 573 aliis
501 547 661 580 probemur,
685 547 741 574 Deo
766 549 855 583 gratia
880 548 1032 576 habeatur:

249 597 303 615 non
319 590 390 616 enim
410 591 521 617 omnino
533 591 722 626 vituperabilia
738 592 825 628 (certo
843 593 928 628 scio),
946 601 1035 629 neque

249 639 325 661 extra
363 636 488 670 dogmata
528 638 590 665 ﬁdei
618 638 776 666 orthodoxa:
802 639 1035 668 Christianorum.

251 680 371 707 Dicimus
398 680 479 715 igitur
503 689 611 716 semper
624 687 650 710 et
670 684 891 718 inseparabiliter
914 684 1036 713 adfuisse

251 721 370 752 Virtutes
386 727 513 754 caelestes
529 736 582 754 una
604 736 666 755 cum
689 730 804 757 Domino
821 730 947 763 Christo,
966 740 1035 766 prce-

251 771 329 806 cipue
345 780 410 799 vero
423 773 449 800 in
461 774 506 799 illa
521 778 601 801 nocte
619 782 671 808 qua
691 775 806 803 traditus
825 780 876 804 est.
891 777 935 804 Em
951 777 1037 812 igitur

250 822 394 846 cernentes
413 819 606 847 abductionem
626 821 659 848 ad
676 821 824 856 Caipham,
848 824 1037 858 praesentatio-

251 871 312 890 nem
326 870 418 891 coram
439 872 482 896 eo,
499 864 567 892 falsa
584 866 756 899 testimonia,
782 868 923 902 alaparum
943 869 1037 896 incus-

252 909 352 942 siones,
369 910 394 936 in
425 918 486 937 eum
506 912 709 940 exscreationes
724 932 732 945 ,
761 913 939 948 colaphorum
965 914 1038 942 inlli-

253 956 367 988 ctiones,
384 956 532 983 ludibrium
546 957 611 984 illud
629 956 797 992 Judreorum,
816 959 934 987 militum
949 960 1039 988 cocci-

253 1008 333 1028 neum
352 1002 554 1035 indumentum,
572 1004 695 1037 spineam
710 1012 841 1032 coronam
853 1026 860 1037 .
894 1014 956 1033 eum
982 1007 1039 1034 risu

251 1048 411 1082 coniunctas
431 1049 661 1084 geniculationcs,
681 1051 789 1086 aliaque
806 1053 896 1080 omnia
912 1058 967 1080 tum
980 1062 1040 1088 qua:

251 1092 406 1120 divinorum
421 1094 631 1130 Evangeliorum
649 1097 762 1124 historia
776 1103 897 1131 enarrat,
913 1104 969 1126 tum
981 1108 1041 1134 quae

253 1143 363 1173 propter
379 1141 580 1168 multitudinem
606 1141 725 1170 fortasse
743 1145 927 1178 praetermissa
953 1150 1039 1178 sunt,

252 1184 280 1212 in
302 1185 418 1220 singulis
439 1195 499 1222 quae
521 1187 642 1222 liehant,
661 1189 828 1218 admirantes
853 1195 880 1218 et
899 1196 1041 1225 stupentes

251 1231 468 1265 ionganimitatis
484 1238 511 1260 et
523 1235 661 1267 patientia:
678 1236 905 1270 magnitudinem,
919 1237 1041 1266 velantes

252 1285 317 1304 suas
333 1278 417 1305 facies
432 1286 462 1306 se
476 1280 648 1312 avertebant,
663 1285 689 1308 et
705 1281 803 1309 iterum
828 1282 938 1310 Domini
957 1284 1041 1318 maje-

252 1326 350 1350 statein
368 1330 535 1356 reverentes,
549 1326 582 1352 ad
600 1334 629 1353 se
646 1327 788 1360 redibant;
807 1327 833 1354 id
851 1333 942 1356 autem
958 1329 1038 1357 facie-

253 1369 319 1395 bant
334 1377 419 1403 usque
433 1363 466 1397 ad
482 1371 542 1405 ejus
567 1372 762 1400 exaltationem
783 1373 810 1401 in
827 1382 918 1401 cruce.
945 1375 1042 1403 Extre-

253 1421 329 1440 mum
342 1415 414 1442 enim
432 1416 556 1450 corporis
576 1417 744 1451 passionum,
763 1423 788 1445 et
812 1419 953 1447 dedecoris
969 1421 1041 1456 quod

253 1460 316 1488 inde
340 1462 475 1496 provenit,
495 1470 562 1490 crux
578 1463 648 1491 fuit:
677 1472 739 1498 quae
762 1465 847 1499 gloria
869 1466 961 1501 potius
989 1473 1040 1501 est,

253 1515 286 1535 ac
301 1516 354 1535 non
375 1509 515 1537 dedecus:
535 1509 592 1537 haec
610 1510 683 1537 enim
708 1515 749 1538 est
771 1511 880 1539 initium
907 1514 1043 1548 Operatio-

1083 276 1263 311 χειρισμένων
1286 276 1342 306 τοῖς
1367 275 1511 306 διακόνοις,
1529 275 1575 301 καὶ
1592 274 1638 301 ὑπ’
1655 274 1744 301 αὐτῶν
1759 282 1872 309 στρεφο-

1086 322 1173 356 μένων
1186 322 1326 356 αίφνιδίως
1340 321 1378 352 ὡς
1393 321 1421 347 ἐν
1436 320 1577 355 ἐκπλήξει,
1592 321 1655 356 ἄχρι
1669 321 1718 355 τῆς
1730 318 1871 346 θεολέκτου

1084 369 1259 403 προσευχῆς;
1288 366 1431 402 Τολμηρὸν
1457 366 1507 401 μὲν
1536 364 1583 393 οὖν
1617 366 1648 392 τὸ
1677 366 1742 400 περὶ
1769 365 1874 392 τούτων

1085 413 1254 447 φθέγγεσθαι
1270 412 1309 439 ἔτι
1323 420 1329 428 ·
1343 412 1402 439 ἐπεὶ
1419 412 1442 438 δ’
1457 411 1530 444 ἅπαξ
1548 411 1699 446 ὑπείξαμεν
1720 410 1754 445 τῇ
1781 411 1873 446 ἐντολῇ

1084 457 1131 484 τοῦ
1160 457 1356 488 κελεύσματος,
1382 456 1450 491 φέρε
1475 456 1522 482 καὶ
1539 455 1604 491 περὶ
1621 455 1725 481 τούτων
1741 455 1872 489 είπωμεν,

1084 503 1134 530 ὅσα
1150 502 1208 538 δοίη
1220 503 1296 535 Θεός.
1311 503 1343 529 Εἰ
1364 502 1414 537 μὲν
1441 502 1489 528 καὶ
1518 502 1574 533 τοῖς
1600 500 1690 529 ἄλλοις
1713 499 1805 532 δεκτὰ,
1836 499 1875 534 τῷ

1085 548 1145 584 Θεῷ
1166 548 1247 584 χάρις
1263 556 1270 563 ·
1292 548 1321 574 οὐ
1342 547 1397 583 γὰρ
1408 547 1498 582 πάντη
1512 546 1610 582 ψεκτὰ,
1625 544 1654 573 εὖ
1672 544 1739 578 οἶδα,
1754 545 1807 572 οὐδ’
1817 545 1876 584 ,ἔξω

1085 594 1140 620 τῶν
1178 593 1323 628 δογμάτων
1361 593 1411 627 τῆς
1451 593 1506 619 τῶν
1537 592 1710 627 Χριστιανῶν
1733 591 1875 627 ὀρθοδόξου

1087 639 1215 670 πίστεως.
1243 639 1336 673 Φαμὲν
1359 636 1406 665 οὗν
1433 638 1470 670 ὡς
1497 638 1614 665 πάντοτε
1644 638 1693 673 μὲν
1707 636 1875 666 ἀδιαστάτως

1088 685 1271 720 συμπαρῆσαν
1300 685 1346 711 καὶ
1375 684 1506 719 δυνάμεις
1534 683 1654 719 οὐράνιοι
1692 682 1731 717 τῷ
1754 683 1877 718 Δεσπότῃ

1086 730 1197 766 Χριστῷ
1212 738 1220 746 ο
1239 729 1386 766 ἐξαιρέτως
1400 730 1428 757 δὲ
1445 731 1473 756 ἐν
1489 731 1522 766 τῇ
1551 729 1630 756 νυκτὶ
1648 729 1733 764 ταύτῃ
1761 725 1777 765 ᾗ
1804 737 1876 763 παρ-

1088 777 1179 812 εδόθη.
1209 774 1294 803 Δῦται
1325 776 1416 802 τοίνυν
1440 776 1543 810 ὁρῶσαι
1577 775 1626 810 τὴν
1655 774 1723 809 πρὸς
1750 774 1877 806 Καϊάφαν

1087 822 1251 856 ἀπαγωγὴν,
1276 821 1325 856 τὴν
1351 821 1421 856 πρὸς
1451 820 1594 856 ἄνθρωπον
1623 820 1806 855 παράστασιν,
1829 818 1878 849 τὰς

1088 867 1340 903 ψευδομαρτυρίας,
1362 867 1396 893 τὰ
1424 867 1593 901 ῥαπίσματα,
1621 865 1655 892 τὰ
1679 865 1877 900 ὲμπτύσματα,

1090 914 1124 941 τὰ
1138 913 1339 948 κολαφίσματα,
1352 913 1401 947 τὴν
1417 912 1519 947 χλεύην
1533 912 1641 947 ἐκείνην
1656 912 1710 938 τῶν
1734 911 1878 942 Ἰουδαίων,

1088 960 1142 987 τῶν
1166 959 1340 994 στρατιωτῶν
1363 958 1392 984 τὸ
1416 957 1541 985 κόκκινον
1570 957 1681 991 ἔνδυμα,
1694 957 1739 983 τὸν
1755 956 1784 989 ἐξ
1798 957 1881 982 ἀχαν-

1089 1006 1144 1032 θῶν
1172 1005 1322 1038 στέφανον,
1355 1003 1399 1035 τὰς
1429 1003 1498 1039 μετὰ
1524 1002 1642 1036 γέλωτος
1665 1002 1879 1038 προσκυνήσεις,

1089 1051 1174 1078 τᾶλλα
1205 1049 1306 1082 πάντα,
1332 1049 1383 1075 ὅσα
1414 1057 1444 1074 τε
1475 1049 1491 1083 ἠ
1518 1048 1573 1074 τῶν
1603 1048 1682 1074 οείων
1707 1047 1881 1081 Εὐαγγελίων

1092 1097 1193 1132 ἱστορεῖ
1204 1096 1341 1131 διήγησις,
1359 1094 1406 1121 καὶ
1421 1094 1470 1120 ὅσα
1485 1093 1529 1120 διὰ
1547 1093 1577 1120 τὺ
1592 1093 1695 1128 πλῆθος
1721 1093 1783 1124 ἴσως
1810 1101 1881 1126 παρ-

1090 1141 1207 1176 έλειψεν,
1232 1140 1274 1174 ἐφ’
1305 1139 1412 1174 ἑκάστῳ
1435 1138 1489 1165 τῶν
1518 1135 1879 1172 γινομένων-διαποροῦσαι,

1091 1188 1138 1215 καὶ
1165 1185 1382 1221 ὲκπληττόμεναι
1408 1184 1457 1219 τῆς
1481 1183 1673 1219 μακροθυμίας
1693 1182 1724 1209 τὸ
1755 1181 1880 1217 μέγεθος,

1091 1233 1277 1260 καλύπτουσαι
1295 1231 1345 1262 τὰς
1361 1229 1466 1257 ἑαυτῶν
1489 1229 1566 1263 ὄψεις
1595 1228 1808 1264 ἀπεστρέφοντο,
1835 1227 1883 1253 καὶ

1091 1279 1173 1306 πάλιν
1188 1279 1236 1313 τὴν
1262 1276 1422 1303 δεσποτείαν
1450 1275 1620 1309 αἱδούμεναι,
1648 1274 1880 1310 ἀνθυπέστρεφον.

1091 1325 1178 1352 Τοῦτο
1202 1323 1231 1350 δὲ
1256 1322 1363 1349 ἐποίουν
1388 1322 1452 1356 ἄχρι
1484 1322 1534 1356 τῆς
1561 1321 1608 1347 ἐπὶ
1632 1320 1749 1356 σταυροῦ
1775 1319 1884 1354 ἀνυψώ-

1093 1379 1172 1402 σεως.
1199 1368 1282 1400 Τέλος
1307 1369 1360 1403 γὰρ
1383 1368 1438 1394 τῶν
1466 1367 1513 1394 τοῦ
1544 1366 1669 1401 σώματος
1701 1364 1806 1396 παθῶν,
1836 1364 1883 1391 καὶ

1091 1416 1142 1451 τῆς
1165 1415 1211 1442 ὲπὶ
1225 1415 1329 1446 τούτοις
1353 1413 1496 1448 αἰσχύνης,
1519 1413 1533 1439 δ
1560 1411 1676 1446 σταυρὸς
1701 1411 1823 1445 γέγονεν,
1854 1410 1885 1442 ὃς

1092 1461 1156 1495 δόξα
1181 1460 1289 1495 μᾶλλον,
1320 1459 1368 1486 καὶ
1391 1459 1442 1485 οὐκ
1466 1457 1602 1492 αἰσχύνη·
1631 1457 1702 1492 ἀρχὴ
1728 1456 1782 1491 γὰρ
1806 1451 1884 1486 οὗτος

1092 1507 1147 1533 τῶν
1171 1505 1316 1541 ἐνεργειῶν
1338 1505 1385 1531 καὶ
1399 1504 1540 1538 δυνάμεων
1556 1503 1605 1537 τῆς
1621 1501 1758 1537 θεότητος.
1778 1500 1884 1527 Ἐντεῦ-

254 1562 319 1581 num
337 1559 363 1581 et
377 1555 510 1582 virtutum
527 1555 693 1583 divinarum.
715 1555 785 1584 Hinc
803 1558 876 1584 enim
897 1559 943 1586 ille
959 1567 1038 1586 mun-

1094 1552 1140 1579 Θεν
1155 1552 1209 1587 γὰρ
1237 1552 1251 1577 ὁ
1278 1549 1411 1585 κοσμικδς
1435 1550 1538 1579 ἐκεῖνος
1563 1547 1687 1582 σεισμὸς,
1714 1546 1744 1573 τὺ
1768 1546 1884 1581 τρίωρον

253 1600 534 1634 dannstermmotus,
563 1602 645 1628 trium
670 1603 798 1630 horarum
817 1605 904 1638 spatio
927 1606 1044 1632 tenebrae

254 1654 335 1681 super
351 1647 508 1675 universam
534 1652 648 1680 terram,
665 1654 745 1684 atque
769 1650 822 1677 veli
851 1654 878 1677 et
903 1655 1043 1686 petrarum

253 1693 399 1726 disruptio,
415 1697 440 1720 et
463 1699 704 1722 monumentorum
725 1696 888 1731 patefactio:
911 1701 1044 1732 praeterea

254 1739 337 1766 etiam
369 1745 540 1767 mortuorum
561 1741 743 1774 resurrectio,
771 1746 798 1769 et
821 1750 991 1778 quaecunque
1017 1744 1044 1772 in

256 1785 358 1814 inferos
375 1786 543 1814 descendens
565 1787 695 1815 Servator
717 1788 791 1824 egit:
819 1794 846 1816 et
862 1794 1006 1824 propterea
1018 1791 1044 1818 in

255 1833 315 1867 ipso
334 1833 521 1861 crucitixionis
539 1834 599 1860 loco
613 1841 674 1861 cum
690 1835 910 1868 essetChristus,
925 1837 1046 1872 stuporis

256 1882 282 1904 et
296 1877 485 1904 admirationis
498 1878 604 1912 species
630 1879 730 1906 divitiae
754 1879 806 1907 illae
828 1879 982 1909 Potestates
997 1882 1046 1909 de—

257 1927 415 1956 posuerunt.
443 1922 566 1958 ilincqne
593 1924 686 1951 omnia
712 1925 836 1952 convicia
853 1933 913 1960 quae
935 1934 1045 1954 crucem

257 1971 473 2000 antecesserunt,
494 1974 519 1994 et
537 1968 656 1995 illusorii
685 1969 803 1997 honores
816 1977 885 2004 quos
913 1971 1047 1998 exhibue-

258 2019 333 2046 runt,
347 2019 374 2041 et
389 2015 548 2045 irrisioncs,
579 2015 727 2049 patientem
755 2016 842 2050 magis
867 2017 990 2050 tetigisse
1006 2018 1048 2051 (ut

258 2059 338 2084 etiam
356 2058 492 2093 spiritales
507 2058 567 2086 illas
579 2059 684 2086 divinas
697 2060 855 2095 potestates)
872 2062 1046 2097 perspicuum

260 2105 299 2131 fil.

297 2171 397 2197 Deinde
419 2178 515 2198 rursus
531 2171 660 2198 sacerdos
682 2171 778 2198 recitat
797 2171 851 2199 Deo
870 2177 896 2199 et
913 2174 986 2200 Patri
1004 2181 1049 2202 as-

1096 1599 1191 1629 σκότος
1216 1597 1262 1623 ἐπὶ
1286 1597 1376 1622 πᾶσαν
1395 1595 1443 1629 τὴν
1465 1596 1527 1629 γῆν,
1557 1594 1574 1627 ἡ
1601 1601 1631 1619 τε
1655 1592 1703 1619 τοῦ
1728 1591 1884 1618 καταπετά-

1097 1651 1198 1679 σματος
1214 1641 1259 1668 καὶ
1276 1633 1329 1667 τῶν
1346 1640 1454 1675 πετρῶν
1467 1638 1621 1674 διάρῤηξις,
1640 1638 1687 1664 καὶ
1705 1638 1721 1673 ἡ
1747 1637 1802 1663 τῶν
1816 1645 1884 1672 μνη-

1097 1689 1190 1723 μάτων
1221 1686 1344 1719 ἄνοιξις·
1372 1685 1412 1711 ἐτι
1442 1693 1474 1718 γε
1504 1683 1556 1725 μὴν
1582 1683 1629 1710 καὶ
1656 1683 1672 1717 ἠ
1703 1682 1758 1708 τῶν
1780 1681 1886 1716 νεκρῶν

1096 1733 1285 1766 ἐξανάστασις,
1307 1731 1355 1758 κοιλ⁸
1379 1731 1429 1757 ὅσα
1454 1731 1483 1756 ὲν
1512 1730 1563 1765 ᾄδῃ
1590 1728 1729 1756 κατελθὼν
1753 1729 1767 1753 ὁ
1791 1727 1886 1762 Σωτὴρ

1096 1779 1243 1815 είργάσατο
1255 1786 1262 1793 ·
1289 1777 1335 1804 καὶ
1358 1776 1402 1803 διὰ
1415 1776 1494 1802 τοῦτο
1516 1775 1582 1809 παρ’
1597 1774 1680 1801 αὑτοῦ
1695 1773 1734 1808 τῷ
1749 1773 1824 1808 τόπῳ
1837 1773 1886 1808 τῆς

1097 1824 1276 1859 σταυρώσεως
1291 1823 1430 1858 γενομένῳ
1450 1821 1489 1856 τῷ
1514 1821 1635 1856 Χριστῷ,
1665 1821 1700 1847 τὰ
1730 1819 1887 1853 ἐκπλήξεως

1096 1870 1203 1897 καὶτοῦ
1217 1868 1354 1903 θαύματος
1367 1868 1423 1902 εἴδη
1448 1868 1475 1893 αἱ
1496 1867 1566 1893 θεῖαι
1589 1866 1718 1900 δυνάμεις
1744 1864 1885 1892 ἀπέθεντο.

1096 1914 1252 1942 Κάντεῠθεν
1268 1914 1357 1949 δῆλον,
1371 1913 1410 1945 ὡς
1432 1913 1467 1939 τὰ
1495 1912 1549 1948 πρὸ
1577 1911 1624 1938 τοῦ
1653 1911 1771 1947 σταυροῦ
1799 1911 1887 1936 πάντα

1096 1961 1196 1995 ὀνείδη,
1230 1959 1279 1986 καὶ
1308 1959 1335 1985 αί
1365 1957 1545 1994 χλευαστικαὶ
1569 1958 1659 1992 τιμαὶ,
1684 1957 1730 1984 καὶ
1752 1957 1776 1983 οί
1804 1964 1889 1982 κατα-

1096 2006 1228 2041 γέλωτες,
1247 2005 1339 2032 πλεῖον
1354 2004 1473 2039 ἥπτοντο
1491 2002 1538 2030 τοῦ
1554 2002 1714 2038 πάσχοντος,
1733 2001 1826 2038 ὥσπερ
1840 2001 1889 2028 καὶ

1097 2051 1150 2078 τῶν
1163 2049 1265 2086 νοερῶν
1278 2049 1358 2076 θείων
1367 2048 1518 2083 δυνάμεων.

1137 2173 1202 2202 Εἶτα
1215 2175 1297 2201 πάλιν
1308 2175 1322 2200 ὁ
1339 2173 1429 2208 ἱερεὺς
1445 2172 1609 2206 ἐπαγγέλλει
1634 2172 1672 2206 τῷ
1690 2171 1750 2206 Θεῷ
1773 2170 1819 2197 καὶ
1833 2171 1890 2196 Πα-

260 2217 426 2251 sumptionis
455 2217 635 2244 immanitatis
657 2218 795 2252 mysteria,
815 2226 846 2245 ex
873 2223 966 2247 sancta
987 2219 1042 2247 Virt

1101 2221 1148 2256 τρὶ
1162 2221 1196 2247 τὰ
1215 2220 1265 2255 τῆς
1287 2218 1405 2254 Χριστοῦ
1426 2217 1660 2252 ἑνανθρωπήσεως
1678 2216 1824 2251 μυστήρια,
1841 2215 1890 2249 τὴν

261 2263 323 2297 gine
335 2267 360 2290 ct
375 2262 490 2297 Dcipara
503 2262 666 2290 inetfabilem
680 2256 895 2298 generationem:
905 2272 1050 2294 conversa-

261 2311 362 2337 tionem
384 2316 410 2336 et
433 2308 630 2336 habitationem
654 2308 681 2335 in
700 2309 813 2342 mundo,
831 2317 951 2342 crucem,
976 2318 1050 2338 mor-

261 2361 324 2385 tem.
343 2356 403 2390 ejus
419 2355 453 2382 ad
469 2354 570 2382 inferos
588 2354 805 2388 descensionem,
821 2356 975 2384 vinclorum
996 2357 1051 2385 illic

262 2403 461 2435 liberationem,
486 2401 641 2428 triduanam
657 2405 683 2428 et
697 2406 820 2429 sanctam
846 2410 861 2428 a
880 2403 997 2430 mortuis
1008 2411 1052 2430 re-

261 2449 468 2478 surrectionem.
495 2447 711 2482 assumptionem
741 2448 768 2474 in
788 2448 883 2480 cmlos,
910 2456 925 2475 a
948 2449 1052 2477 dextris

262 2495 308 2522 Dei
324 2498 350 2521 et
365 2491 455 2521 Patris
470 2492 634 2525 sessionem,
648 2493 798 2520 secundum
812 2498 839 2519 et
854 2492 976 2520 futurum
991 2493 1052 2527 ejus

262 2540 410 2575 gloriosum
434 2539 552 2566 reditum
569 2538 601 2565 ad
619 2545 678 2566 nos.
698 2537 731 2565 Et
755 2546 864 2565 rursum
883 2538 1054 2566 institutione

262 2594 403 2614 sacrorum
419 2585 554 2616 eruditus,
572 2584 691 2618 appellat
707 2584 791 2612 Deum
805 2584 957 2619 ingenitum
972 2593 979 2617 ;
1002 2585 1054 2611 hoc

261 2628 322 2667 est,»
333 2633 416 2660 Deum
432 2636 460 2660 et
480 2632 599 2663 Patrem,
615 2635 642 2658 ct
654 2635 761 2658 uterum
779 2635 841 2657 ante
858 2629 1014 2657 Lucilerum
1030 2634 1057 2657 ct

263 2685 325 2707 ante
339 2679 439 2707 saecula
465 2677 562 2705 Filium
589 2677 756 2712 gignentem.
774 2681 804 2703 ut
817 2676 872 2702 ait:
893 2684 901 2700 ι
919 2675 957 2702 Et
975 2679 1053 2702 utero

263 2728 326 2751 ante
351 2722 496 2750 luciferum
513 2721 595 2757 genui
619 2725 645 2748 te
670 2721 702 2748 "°.
718 2730 727 2746 ι
756 2720 788 2747 Et
808 2727 904 2747 rursus
929 2719 1054 2746 obsecrat

265 2773 295 2795 ut
323 2768 484 2796 conﬁciatur
509 2767 668 2803 mysterium
694 2766 754 2794 Filii
780 2765 852 2800 ejus.
875 2769 901 2792 et
929 2765 974 2792 fiat
997 2765 1054 2792 sive

265 2818 465 2840 transmutctur
480 2814 537 2847 ipse
552 2813 630 2848 panis
645 2817 672 2841 ct
685 2813 777 2840 viuum
792 2811 819 2839 in
834 2818 934 2845 corpus
949 2816 974 2837 ct
990 2819 1054 2837 san-

301 2905 324 2920 "
338 2904 410 2934 Psal.
425 2913 482 2938 cu,
497 2906 522 2934 5.

1101 2266 1132 2299 ἐξ
1144 2266 1224 2300 ἁγίας
1237 2265 1379 2300 Παρθένου
1396 2264 1442 2290 καὶ
1465 2264 1597 2290 Θεοτόκου
1613 2262 1803 2297 ἀνέκφραστον
1828 2261 1891 2294 γέν-

1102 2322 1191 2348 νησιν,
1209 2312 1257 2347 τὴν
1284 2309 1457 2345 ἀναστροφὴν
1476 2309 1524 2335 καὶ
1538 2308 1729 2343 ὲμπολίτευσιν
1741 2306 1791 2342 τὴν
1806 2307 1834 2332 ὲν
1853 2306 1891 2340 τῷ

1101 2359 1208 2394 κόσμῳ,
1222 2357 1266 2384 τδν
1279 2356 1408 2391 σταυρὸν,
1420 2355 1465 2382 τὸν
1478 2354 1604 2386 θάνατον,
1621 2353 1670 2388 τὴν
1687 2353 1716 2379 ὲν
1728 2352 1767 2386 τῷ
1780 2352 1838 2387 ᾄδῃ
1846 2351 1892 2377 αὑ-

1102 2404 1151 2431 τοῦ
1169 2403 1331 2433 κατάϐασιν,
1355 2401 1405 2436 τὴν
1421 2400 1476 2427 τῶν
1489 2400 1608 2434 δεσμίων
1627 2399 1660 2425 δι’
1683 2397 1766 2425 αὑτοῦ
1786 2397 1892 2424 ἐλευθε-

1103 2451 1176 2487 ρίαν,
1189 2450 1238 2481 τὴν
1249 2451 1281 2475 ὲκ
1297 2448 1401 2483 νεκρῶν
1416 2447 1567 2482 τριήμερον
1584 2446 1630 2472 καὶ
1641 2445 1721 2479 ἁγίαν
1733 2445 1891 2474 ἀνάστασιν,

1102 2497 1152 2531 τὴν
1169 2497 1197 2522 ὲν
1218 2496 1274 2526 τοῖς
1292 2492 1417 2529 οὐρανοῖς
1444 2492 1588 2527 ἀνάληψιν,
1610 2491 1660 2526 τὴν
1685 2492 1717 2517 ἐκ
1735 2489 1830 2521 δεξιῶν
1845 2488 1893 2515 τοῦ

1103 2541 1171 2568 θεοῦ
1189 2541 1236 2567 καὶ
1253 2540 1361 2575 Πατρδς
1377 2538 1521 2573 καθέδραν,
1542 2537 1593 2572 τὴν
1608 2536 1739 2572 δευτέραν
1758 2535 1805 2562 καὶ
1832 2535 1894 2569 μέλ-

1103 2588 1204 2613 λουσαν
1227 2585 1310 2612 αὑτοῦ
1336 2584 1441 2617 ἔνδοξον
1467 2583 1619 2618 παρουσίαν
1640 2582 1731 2613 πάλιν,
1753 2581 1802 2616 τὴν
1825 2580 1894 2615 πρὸς

1104 2633 1189 2667 ἡμᾶς.
1214 2631 1270 2657 Καὶ
1292 2630 1374 2656 πάλιν
1401 2629 1623 2664 μυπαγωγεῖται
1645 2627 1712 2654 Θεὸν
1734 2626 1893 2661 ἀγέννητον,

1107 2673 1233 2700 τουτέστι
1268 2672 1334 2699 Θεὸν
1364 2671 1412 2698 καὶ
1447 2671 1580 2705 Πατέρα,
1614 2669 1662 2696 καὶ
1688 2668 1812 2703 γαστέρα
1842 2667 1896 2701 πρὸ

1108 2719 1259 2754 ἑωσφόρον,
1276 2719 1322 2745 καὶ
1337 2718 1389 2754 πρὸ
1398 2718 1504 2744 αἰώνων
1512 2716 1557 2744 τὸν
1566 2716 1631 2742 Υἱὸν
1640 2715 1788 2750 γεννῶσαν,
1804 2713 1897 2741 καθὼς

1108 2767 1183 2799 λέγει
1195 2774 1201 2781 ·
1217 2775 1226 2790 ‹
1248 2766 1295 2791 ‘Ex
1311 2765 1429 2798 γαστρὸς
1444 2763 1497 2798 πρὸ
1508 2761 1648 2797 ἑωσφόρον
1664 2759 1818 2794 γεγέννηκά
1830 2766 1870 2784 σε.
1885 2767 1894 2783 I

1110 2814 1163 2839 Καὶ
1183 2811 1339 2846 παρακαλεῖ
1362 2809 1443 2837 πάλιν
1466 2808 1612 2836 τελειῶσαι
1634 2807 1664 2834 τὺ
1681 2805 1832 2841 μυστήριον
1849 2802 1897 2830 τοῦ
