2085 3156
233 158 284 192 L'i’i

675 162 814 193 RERUM
845 161 1082 194 ECCLESIAS‘I‘.
1099 144 1413 192 Δ(ΣΟΝῙῙἙΜΡΙΛἿἹΟ.

1805 158 1860 190 438

237 216 299 243 Ποῦ
305 217 401 248 αὑτοῦ,
413 217 462 245 καὶ
473 217 648 254 γεννηθῆναι,
660 219 720 255 ἦτοι
738 219 956 255 μεταποιηθῆναι
969 220 1019 247 αὺ-

1071 220 1179 255 guinem
1204 220 1306 248 Christi
1323 224 1350 247 et
1377 219 1434 252 Dei,
1461 223 1488 246 et
1506 218 1649 254 impleatur
1672 218 1724 245 hoc
1743 227 1750 246 :
1772 227 1781 243 ι
1801 216 1857 253 Ego

232 262 278 288 τὸν
293 262 340 288 τὸν
354 262 436 298 ἄρτον
458 264 507 290 καὶ
523 264 568 291 τὸν
588 262 670 298 οἶνον,
687 266 728 297 εἰς
740 266 820 300 σῶμα
835 266 883 292 καὶ.
893 262 964 301 αἷμα
973 266 1020 293 τοῦ

233 307 352 342 Χριστοῦ
377 308 424 335 καὶ
442 308 522 341 Θεοῦ,
541 309 590 336 καὶ
614 309 826 346 πληρωθήσεται
846 311 877 337 τό
889 319 895 325 ·
913 320 923 336 ι
951 311 1022 344 Ἐγὼ

235 354 354 388 σήμερον
369 354 522 389 γεγέννηκά
530 364 571 382 σε.
588 366 598 381 ι
612 355 756 383 Ὂθεντκαὶ
769 357 800 383 τὸ
816 357 893 391 ἅγιον
910 357 1022 392 Πνεῦμα

233 401 266 434 τῇ
281 399 391 435 εὐδοκία
399 399 446 426 τοῦ
456 400 573 435 Πατρδς,
590 401 638 428 καὶ¹
654 401 780 437 βουλήσει
788 402 834 428 τοῦ
848 402 926 433 rio-3,
941 403 1023 436 ἀορά-

233 454 287 476 τως
306 445 403 480 παρὸν,
427 446 601 472 ὑποδεικνύει
626 447 676 482 τὴν
699 447 775 474 θείαν
797 447 956 482 ὶνέργειαν,
977 447 1023 473 καὶ

232 492 265 526 τῇ
287 492 360 525 χειρὶ
381 491 428 517 τοῦ
450 492 546 527 ἱερέως
563 493 770 528 ἰπισφραγίζει,
793 493 840 520 καὶ
858 494 1022 528 μεταϐάλλει

235 537 284 563 καὶ
300 537 399 563 τελειοῖ
415 538 450 563 τά
467 538 636 572 προκείμενα
656 539 722 572 ἅγια
737 538 812 574 δῶρα
828 541 870 570 εἰς
883 539 963 574 σῶμα
975 540 1023 566 καὶ

233 579 304 616 αἷμα
323 582 369 608 τοῦ
383 583 485 617 Κυρίευ
506 583 584 617 ἡμῶν
605 583 692 618 Ἰιισοῦ
708 585 840 619 Χριστοῦ,
861 585 908 611 τοῦ
933 585 1022 611 εἰπόν-

231 635 289 658 τος,
308 628 349 654 ὅτι
369 637 378 653 ι
405 628 490 663 ’Υπὲρ
509 629 600 656 αὐτῶν
625 629 681 664 ἐγὼ
705 629 811 663 ἁγιάζω
828 631 957 665 ἐμαυτὸν,
976 630 1022 658 ἴνα

232 670 284 700 ὦσι
300 673 347 699 καὶ
367 674 446 700 αὐτοὶ
467 674 644 709 ἡγιασμένοι.
666 685 675 701 ι
692 676 808 708 Ὄπως;
829 685 839 701 ι
860 675 890 702 '0
906 675 1022 712 τρώγων

235 726 286 752 μου
299 719 349 753 τὴν
379 720 479 754 σάρκα.
499 721 548 747 καὶ
568 721 655 748 πίνων
675 730 725 756 μου
750 721 781 749 τὸ
805 719 885 757 αἷμα,
906 723 935 749 ὲν
961 723 1022 758 ἐμοὶ

236 764 322 798 μένει.
339 764 417 799 κάγὼ
438 767 467 791 ὲν
487 766 572 801 αὐτῷ.
591 776 601 793 ι
621 767 702 794 Ὅθεν
717 768 859 803 γενόμενοι
877 768 958 795 θείων
972 778 1023 803 μυ-

235 810 353 843 στηρίων
368 810 513 843 αὐτόπται,
533 812 579 839 καὶ
595 813 705 847 μέτοχοι
726 814 799 848 ζωῆς
812 813 958 845 ἀθανάτου.
975 815 1023 842 καὶ

234 857 358 880 κοινωνοὶ
381 855 457 887 θείας
490 857 609 891 φύσεως,
644 857 793 893 δοξάζομεν
824 858 854 885 τὸ
882 859 953 894 μέγα
975 860 1022 886 καὶ

1073 267 1154 293 hodie
1168 267 1248 301 genui
1267 271 1293 293 te
1307 267 1340 293 τι.
1366 275 1376 291 ι
1394 265 1469 293 Unde
1483 270 1510 293 et
1530 270 1641 293 sanctus
1657 264 1788 300 Spiritus,
1810 264 1859 291 be-

1072 311 1206 346 neplacito
1221 311 1312 338 Patris
1327 316 1354 338 et
1368 311 1508 338 voluntate
1524 309 1584 337 Filii
1603 309 1775 337 invisibiliter
1791 316 1860 343 prat-

1072 364 1147 388 sens,
1163 356 1352 383 submoustrat
1368 356 1487 383 divinam
1509 355 1719 388 coniectionem,
1735 359 1762 382 et
1775 362 1858 381 manu

1072 403 1222 438 sacerdotis
1242 403 1380 436 obsignat,
1395 407 1421 428 et
1437 406 1612 434 transmutat,
1624 407 1650 429 et
1667 401 1779 429 conﬁcit
1795 408 1860 435 pro-

1073 449 1163 482 posita
1179 452 1273 474 saneta
1290 448 1362 474 dona
1376 447 1403 474 in
1421 455 1520 481 corpus
1535 451 1562 473 et
1576 447 1735 481 sanguinem
1752 446 1858 473 Domini

1073 494 1161 520 nostri
1180 493 1243 520 Jesu
1262 493 1360 520 Christi
1377 493 1424 527 qui
1439 493 1507 519 dixit
1524 501 1530 518 :
1549 502 1558 518 ι
1580 493 1632 520 Ρι·ο
1648 493 1714 526 ipsis
1729 499 1778 527 ego
1793 499 1858 519 san-

1073 539 1164 566 ctiﬁco
1186 539 1331 573 meipsum,
1354 544 1384 565 ut
1413 538 1469 566 sint
1492 543 1519 566 et.
1545 538 1597 572 ipsi
1617 538 1776 565 sanctiﬁcati
1791 538 1824 564 ".
1844 547 1855 563 ι

1072 584 1132 617 Quo
1150 584 1248 618 pacto?
1261 594 1270 609 ‹
1289 584 1341 616 Qui
1355 584 1412 611 edit
1425 591 1512 611 meam
1528 591 1637 611 carnem
1647 589 1675 610 et
1690 583 1756 609 bibit
1767 590 1857 609 meum

1073 629 1246 664 sanguinem,
1263 629 1289 656 in
1308 637 1351 656 tne
1366 634 1469 661 manet,
1490 634 1517 656 et
1530 637 1581 664 ego
1607 630 1633 656 in
1657 636 1691 656 eo
1701 629 1735 655 ⁷³.
1754 638 1765 654 ›
1783 627 1860 655 Unde

1073 680 1123 701 tios
1142 674 1189 708 qui
1212 674 1369 701 divinorum
1388 675 1582 709 mysteriorum
1610 681 1706 701 sumus
1721 673 1859 707 inspecto-

1072 725 1128 750 res,
1143 722 1172 746 et
1195 719 1343 754 participes
1364 719 1527 747 immortalis
1549 718 1621 750 vitae,
1648 723 1675 746 et
1691 718 1791 745 divinae
1808 725 1859 745 na-

1073 769 1141 792 tural
1165 765 1359 793 communione
1384 765 1490 794 donati.
1505 765 1691 800 gloriﬁcamus
1717 771 1858 799 magnum,

1073 809 1350 844 ineomprehensibile
1372 816 1399 838 et
1416 810 1606 845 investigabile
1627 810 1786 844 mysterium
1801 809 1858 836 dis—

1074 855 1245 889 pensationis
1261 856 1323 883 Filii
1344 856 1390 883 Dei
1405 864 1412 883 :
1431 856 1668 890 glorilicantesque
1685 855 1836 883 clamamus
1849 863 1863 881 :.

232 900 428 935 ἀκατάληπτον
441 903 488 927 καὶ
506 902 710 938 ἀνεξιχνίαστον
725 905 872 940 μυστήριον
888 905 936 940 τῆς
948 906 1020 932 οὶκο-

1077 910 1086 926 ι
1104 901 1162 928 Tua
1182 902 1216 929 de
1235 902 1288 929 tuis
1304 902 1352 929 tibi
1366 901 1527 935 oﬂerentes;
1547 911 1556 927 I
1584 902 1618 929 de
1635 905 1686 931 tuo
1704 908 1819 935 corpm'e
1831 906 1859 928 et
1898 928 1902 931 _

234 948 330 979 νομίας
344 946 391 972 τοῦ
409 946 474 973 Υίοῦ
500 948 547 974 τοῦ
567 948 635 975 Θεοῦ
650 957 655 964 ·
669 949 826 982 δοξάζοντες
847 950 875 976 δὲ
896 950 1020 986 βοῶμενο

235 998 245 1014 ι
264 990 304 1017 Τὰ
326 991 359 1017 σὰ
385 992 417 1018 ἐκ
437 993 491 1019 τῶν
508 993 563 1019 σῶν
584 1002 625 1020 σοι
646 994 868 1030 προσφέροντες·
891 1006 900 1021 ι
923 997 956 1022 ὲκ
974 996 1022 1022 τοῦ

234 1036 360 1070 σώματος
373 1039 420 1064 καὶ
438 1039 553 1074 αἵματος
564 1040 611 1066 τοῦ
619 1041 745 1072 εἰπόντος
762 1049 769 1056 ’
787 1051 796 1066 ι
818 1041 904 1068 Τοῦτο
917 1043 1021 1068 ποιεῖτε

233 1083 273 1113 είς
286 1083 335 1117 τὴν
349 1084 419 1119 ἐμὴν
433 1086 590 1121 ἀνάμνησιν
603 1095 609 1102 ·
627 1096 636 1112 ι
653 1087 668 1113 ὅ
684 1088 769 1119 ἐστιν,
780 1088 811 1113 "A
829 1089 895 1122 ἡμῖν
908 1088 952 1115 διὰ
967 1088 1022 1115 τῶν

233 1127 320 1160 ἁγίων
330 1137 377 1155 σου
394 1130 550 1157 ἀποστόλων
559 1131 732 1167 παρέδωκας,
748 1132 834 1160 ταῦτά
850 1141 891 1159 σοι
904 1132 1023 1167 προσφέ-

234 1181 318 1208 ρομεν
326 1174 370 1201 διὰ
385 1176 434 1210 τὴν
449 1176 530 1211 ἡμῶν
545 1175 694 1212 σωτηρίαν.
709 1178 738 1204 '0
749 1178 812 1210 λαός
823 1187 830 1194 ’
848 1187 857 1204 ι
873 1179 906 1204 Σὲ
921 1178 1022 1213 ὑμνοῦ-

234 1228 295 1255 μεν,
314 1221 359 1247 τὸν
377 1222 444 1248 Θεὸν
453 1222 500 1248 καὶ
515 1223 636 1258 Πατέρα.
657 1224 690 1250 Σὲ
708 1223 885 1259 εὐλογοῦμεν,
896 1224 942 1251 τὸν
956 1224 1022 1251 rem

232 1266 280 1291 καὶ
297 1266 382 1300 Λόγον
393 1275 400 1282 ⁸
418 1269 459 1294 σοὶ
476 1268 693 1304 εὐχαριστοῦμεν
707 1269 746 1304 τῷ
764 1270 833 1305 ἁγίῳ
861 1269 999 1304 Πνεύματι
1012 1277 1020 1284 ⁸

232 1310 319 1346 Κύριε
331 1313 345 1338 ὁ
364 1312 530 1348 Θεὸςὴμῶν,
547 1315 632 1349 Τριὰς
645 1316 674 1341 ἐν
691 1316 796 1350 μονάδι,
821 1317 868 1342 καὶ
886 1317 970 1350 μονάς
992 1316 1021 1341 ἐν

232 1357 337 1390 Τριάδι,
354 1366 364 1382 ι
377 1359 504 1392 ὁμοούσιε
521 1361 567 1386 καὶ
585 1361 732 1396 ἀδιαίρετε,
757 1361 906 1396 παράδοξον
923 1361 1022 1396 ἔχουσα

232 1403 278 1428 καὶ
299 1402 348 1438 τὴν
371 1404 504 1439 διαίρεσιν
529 1405 585 1432 τῶν
610 1407 777 1441 προσώπων,
796 1407 845 1434 καὶ
860 1407 910 1442 τὴν
926 1407 1022 1433 ἕνωσιν

231 1447 280 1482 τῆς
306 1449 370 1482 μιᾶς
387 1449 494 1483 φύσεως
513 1452 562 1486 τῆς
584 1452 725 1487 θεότητοςέ
745 1453 799 1479 Καὶ
819 1453 872 1487 γὰρ
885 1453 915 1479 τὸ
931 1454 1023 1478 ἐπικε-

231 1494 357 1526 κυφότως
381 1496 470 1522 ποιεῖν
485 1496 532 1523 τὸν
550 1497 626 1532 ἱερέα
644 1498 694 1532 τὴν
716 1498 790 1524 θείαν
815 1498 1020 1533 μυσταγωγίαν,

220 1539 358 1572 {purgabat
392 1541 422 1566 τὸ
453 1541 594 1568 συλλαλεῖν
627 1543 751 1577 ἀοράτως
785 1543 823 1578 τῷ
851 1544 923 1578 μόνῳ
951 1543 1018 1577 Θεῷ.

232 1583 313 1610 Ὅθεν
324 1585 371 1611 καὶ
391 1585 439 1620 τὴν
455 1586 532 1613 θείαν
556 1588 744 1622 φωτοφάνειαν
761 1589 822 1624 ὁρᾷ,
842 1589 888 1615 καὶ
901 1590 934 1623 τῇ
949 1589 1021 1623 λαμ.-

231 1630 345 1664 πρότητι
363 1633 411 1666 τῆς
425 1631 504 1667 δόξης
526 1632 572 1659 τοῦ
586 1633 734 1668 προσώπου
748 1634 793 1660 τοῦ
810 1633 874 1660 Υίοῦ
892 1633 938 1666 τοῦ
952 1633 1018 1660 Θεοῦ

231 1674 454 1710 ὲμφαιδρύνεται,
472 1679 519 1704 καὶ
533 1678 690 1706 ὑποστέλλει
703 1681 799 1708 ἑαυτὸν
816 1680 855 1716 τῷ
877 1681 950 1716 φόϐῳ
974 1680 1020 1707 καὶ

231 1721 263 1754 τῇ
280 1721 365 1748 αἱδυί*
383 1724 474 1756 καθὼς
487 1725 590 1760 Μωσῆς
611 1726 654 1758 ὅτε
672 1723 727 1752 εἶδε
749 1727 793 1753 τὸν
814 1727 880 1753 Θεὸν
903 1727 932 1753 ὲν
956 1726 1021 1753 εἴδει

1073 947 1216 981 sanguine,
1232 948 1278 982 qui
1294 947 1388 975 dixisti
1405 956 1411 974 :
1428 957 1437 973 ι
1459 947 1516 974 lloc
1531 947 1611 975 facite
1626 947 1653 974 in
1674 954 1762 974 meam
1781 953 1859 974 com-

1073 994 1317 1026 memorationem;
1334 1003 1342 1019 ι
1359 995 1432 1028 quod
1445 998 1496 1026 cst,
1513 1001 1574 1028 quae
1592 994 1671 1021 nobis
1686 1001 1733 1027 per
1748 997 1858 1020 sanctos

1073 1043 1134 1066 tuos
1148 1040 1286 1074 apostolos
1303 1039 1449 1071 tradidisti,
1466 1047 1497 1066 ea
1514 1039 1562 1066 tibi
1578 1039 1727 1069 oll‘erimus,
1750 1043 1858 1073 propter

1072 1089 1194 1111 nostram
1219 1084 1346 1111 salutem.
1367 1083 1508 1118 Populus:
1528 1093 1538 1110 ι
1561 1083 1599 1111 Te
1616 1084 1725 1119 hymnis
1737 1083 1860 1110 celebra—

1072 1137 1135 1158 mus
1165 1130 1248 1158 Dcum
1265 1136 1292 1158 et
1308 1131 1416 1158 Patrem
1440 1139 1447 1158 :
1467 1131 1515 1158 tibi
1537 1131 1725 1158 benedicimus
1744 1130 1813 1156 Filio
1825 1134 1859 1155 τρι

1072 1175 1162 1203 Verbo
1186 1186 1193 1203 ι
1222 1176 1269 1203 tibi
1288 1177 1389 1211 gratias
1407 1177 1513 1211 agimus
1538 1182 1635 1204 sancto
1652 1176 1778 1210 Spiritui,
1805 1175 1858 1202 Do-

1071 1222 1145 1248 mine
1163 1221 1233 1248 Deus
1250 1225 1353 1253 noster,
1371 1221 1491 1249 Trinitas
1507 1221 1532 1248 in
1546 1222 1660 1254 unitate,
1679 1226 1706 1249 et
1723 1222 1813 1248 unitas
1831 1222 1857 1248 in

1072 1267 1215 1300 Trinitatr,
1238 1276 1247 1292 ι
1263 1267 1507 1294 eonsubstantialis
1529 1272 1556 1295 et
1571 1268 1724 1299 individua,
1739 1268 1858 1294 admira-

1071 1311 1163 1338 biliter
1191 1311 1293 1340 habens
1327 1316 1353 1338 et
1381 1311 1582 1339 distinctionem
1613 1319 1805 1347 personarum,
1832 1315 1859 1339 ct

1073 1358 1202 1384 unionem
1221 1358 1302 1384 unius
1328 1362 1432 1384 naturae
1447 1358 1567 1386 deitatis.
1586 1359 1689 1385 Etenim
1707 1359 1777 1394 quod
1796 1366 1855 1393 pro-

1073 1411 1125 1430 nus
1137 1403 1265 1431 sacerdos
1277 1403 1396 1430 divinam
1414 1405 1607 1439 mystagogiam
1626 1404 1717 1436 faciat,
1730 1404 1755 1431 id
1769 1404 1858 1431 decla-

1073 1455 1114 1476 rat
1129 1457 1192 1476 eum
1211 1449 1385 1476 invisibiliter
1406 1457 1468 1476 cum
1482 1450 1539 1477 solo
1555 1450 1610 1477 Deo
1633 1451 1762 1485 colloqui.
1782 1450 1859 1477 Unde

1072 1499 1098 1521 et
1114 1494 1233 1520 divinam
1251 1493 1320 1520 lucis
1342 1495 1538 1528 apparitionem
1552 1495 1649 1526 cernit,
1676 1499 1703 1521 et
1721 1495 1753 1522 ad
1766 1496 1859 1530 splen-

1073 1539 1167 1565 dorem
1185 1538 1279 1573 gloriuc
1294 1543 1458 1574 conspectus
1477 1539 1538 1566 Filii
1557 1541 1603 1567 Dei
1628 1541 1811 1573 exhilarcscit,
1832 1548 1858 1569 et
1894 1545 1900 1550 ‘

1073 1592 1102 1611 se
1117 1585 1254 1611 subtrahit
1270 1585 1367 1613 timore
1391 1591 1418 1613 et
1431 1587 1605 1619 verecundia,
1629 1587 1858 1622 quemadmodum

1073 1630 1179 1666 Moyses
1191 1639 1250 1658 cum
1264 1632 1349 1659 Deum
1365 1633 1431 1660 vidit
1446 1633 1472 1660 in
1491 1638 1583 1661 monte
1596 1634 1666 1668 ignis
1678 1635 1778 1669 specie,
1791 1642 1858 1669 per—

1073 1677 1237 1706 terrefartus
1263 1679 1378 1706 recessit
1400 1684 1427 1706 et
1452 1681 1600 1708 occultavit
1623 1680 1721 1708 faciem
1746 1688 1824 1708 suam
1848 1688 1856 1707 :

1074 1723 1249 1750 reverebantur
1260 1724 1333 1750 enitn
1351 1724 1491 1759 percipere
1505 1732 1518 1752 a
1536 1725 1620 1760 gloria
1637 1725 1683 1753 Dei
1699 1726 1806 1753 faciem.

231 1769 316 1803 πυρὸς
332 1771 361 1797 ὲν
375 1771 414 1806 τῷ
448 1772 507 1807 θρει
522 1793 530 1805 ,
562 1773 694 1809 ἔντρομος
713 1774 877 1810 γενόμενος,
906 1773 1056 1808 ἀνέστρεψε
1075 1772 1123 1798 καὶ
1137 1771 1255 1805 ἐκάλυψε
1276 1771 1307 1797 τὸ
1335 1772 1481 1807 πρόσωπον
1508 1773 1606 1801 αὐτοῦ·
1637 1775 1777 1801 εὐλαϐεῖτο
1803 1775 1857 1811 γὰρ

231 1815 398 1850 κατανοῆσαι
427 1817 482 1844 ἀπὸ
511 1819 561 1852 τῆς
593 1819 673 1854 δόξης
706 1819 753 1846 τοῦ
789 1819 858 1846 Θεοῦ
892 1819 922 1846 τὸ
956 1819 1113 1854 πρόσωπον.

268 1871 278 1887 ε
304 1863 468 1899 ’ἐξαιρέτως
493 1865 544 1900 τῆς
575 1866 725 1900 παναγίας,
747 1867 895 1902 άχράντου.
923 1876 931 1892 ι
963 1866 1022 1901 Χρὴ

229 1910 304 1944 ἡμᾶς
313 1910 365 1944 τὴν
379 1910 482 1945 Κυρίαν
493 1911 541 1937 τοῦ
553 1912 652 1944 παντὸς
667 1913 799 1945 ἐπαινεῖν,
812 1913 859 1938 καὶ
874 1912 1020 1947 τδ,Χαῖρε,

230 1954 278 1980 τοῦ
301 1955 421 1988 ἀγγέλου
452 1957 596 1991 ὲκφωνεῖν.
615 1967 624 1982 ι
643 1958 684 1984 Τὰ
700 1958 735 1984 σὰ
751 1959 784 1984 ὲκ
800 1957 855 1984 τῶν
873 1957 935 1983 σῶν.
957 1967 966 1983 ι
993 1958 1021 1984 Ὀ

230 2000 297 2031 Θεὸς
311 2000 372 2027 κατ’
388 2002 480 2029 εἰκόνα
499 2002 583 2029 αὐτοῦ
604 2002 720 2029 ἔπλασεν
738 2004 823 2038 ἡμᾶς,
842 2003 856 2029 ὃ
874 2003 931 2029 ἐστι
950 2003 1020 2030 κατὰ

229 2045 261 2071 τὸ
271 2045 344 2072 ὅσιον
369 2047 415 2073 καὶ
439 2047 544 2074 δίκαιον
563 2048 610 2075 καὶ
625 2048 756 2075 δυνατόν’
780 2048 955 2084 παραϐάντες
977 2048 1017 2081 δὲ,

229 2089 320 2116 δοῦλοι
344 2092 498 2126 γεγόναμεν
535 2093 646 2128 Φαραὼ,
664 2094 711 2120 τοῦ
740 2094 839 2130 πικροῦ
873 2094 1016 2121 δεσπότου.

236 2134 340 2162 Ἐλθὼν
362 2133 408 2162 οὖν
433 2138 448 2163 δ
467 2137 570 2172 Κύριος
589 2138 668 2173 ἡμῶν
690 2139 794 2174 Ἰησοῦς
815 2139 942 2174 Χριστὸς,
972 2139 1017 2171 ὲξ-

230 2181 366 2216 ηγόρασεν
379 2183 453 2216 ἡμᾶς
469 2183 526 2217 ἰδίῳ
546 2184 655 2219 αἵματι,
680 2184 726 2211 καὶ
742 2185 865 2211 ἐνέδυσεν
879 2185 953 2220 ἡμᾶς
973 2185 1018 2211 τὸν

230 2227 290 2253 νέον
303 2227 447 2262 ἄνθρωπον
457 2237 463 2242 ·
472 2229 524 2269 καὶ
543 2230 573 2256 τὸ
587 2230 677 2265 τίμιον
692 2230 775 2256 αὐτοῦ
790 2230 871 2265 σῶμα
886 2230 932 2256 καὶ
947 2227 1018 2266 αἷμα

1111 1873 1120 1890 ι
1140 1864 1278 1899 Praecipue
1293 1865 1478 1893 sanctissimae
1489 1886 1496 1897 .
1514 1867 1707 1895 immaculata).
1722 1878 1730 1894 ι
1745 1868 1857 1903 Oportet

1072 1914 1101 1936 ut
1117 1918 1166 1936 nos
1180 1909 1323 1937 Dominam
1337 1911 1419 1945 hujus
1435 1912 1555 1939 universi
1571 1912 1726 1946 laudéntus,
1740 1919 1768 1941 et
1784 1915 1856 1942 illam

1071 1955 1159 1994 angeli
1183 1955 1375 1984 salutau‘onem
1401 1957 1586 1987 enuntiemus.
1608 1968 1617 1983 ι
1636 1958 1693 1986 Tua
1710 1968 1742 1987 ex
1759 1962 1823 1988 tuis.
1845 1971 1854 1986 ι

1070 1999 1141 2026 Deus
1165 2000 1316 2027 secundum
1349 2001 1495 2036 imaginem
1516 2009 1594 2029 suam
1621 2003 1750 2031 formavit
1779 2014 1829 2032 nos
1849 2015 1855 2032 :

1068 2046 1140 2079 quod
1160 2049 1211 2076 est,
1229 2046 1378 2073 secundutu
1400 2048 1583 2080 sanctitatem,
1610 2049 1743 2084 justitiam
1765 2056 1792 2078 et
1809 2059 1857 2086 po-

1070 2094 1212 2118 testatem:
1231 2099 1280 2119 nos
1306 2099 1371 2119 vero
1388 2094 1562 2128 transgressi,
1581 2096 1650 2122 servi
1670 2096 1733 2123 facti
1761 2104 1858 2125 sumus

1068 2135 1231 2168 Pharaonis,
1255 2137 1346 2171 asperi
1371 2138 1440 2165 heri.
1461 2138 1578 2168 Veniens
1607 2141 1699 2176 itaque
1727 2141 1859 2171 Dominus

1057 2186 1162 2217 .noster
1170 2181 1248 2210 Jesus
1259 2182 1384 2212 Christus
1402 2185 1516 2212 redemit
1530 2193 1579 2214 nos
1593 2188 1703 2222 proprio
1714 2190 1856 2225 sanguine.

1068 2232 1095 2254 et
1122 2228 1210 2255 induit
1225 2236 1275 2255 nos
1302 2237 1372 2257 n0vo
1400 2230 1521 2262 homine,
1546 2239 1579 2259 ac
1607 2233 1758 2268 pretiosum
1775 2243 1855 2262 suum

231 2272 298 2305 ἡμῖν
313 2272 440 2306 δέδωκεν,
454 2274 540 2301 εἰπών
551 2282 558 2289 ·
581 2285 590 2301 ι
609 2275 694 2302 Τοῦτο
706 2277 809 2302 ποιεῖτε
828 2277 868 2307 είς
880 2276 929 2311 τὴν
947 2276 1017 2311 ἐμὴν

1071 2281 1169 2308 corpus
1184 2279 1210 2301 et
1229 2275 1389 2310 sanguinem
1408 2277 1487 2304 nobis
1500 2278 1583 2310 dedit,
1601 2280 1728 2314 inquiens
1745 2289 1752 2307 :
1771 2291 1780 2306 ι
1801 2281 1857 2308 lloc

230 2317 412 2356 ἀνάμνησιν.»
432 2319 528 2354 Ἡμεῖς
543 2320 572 2347 δὲ
591 2321 764 2356 μεμνημένοι
780 2321 829 2356 τῆς
849 2321 932 2356 αὐτῆς
945 2322 1020 2348 ἐντο-

229 2355 290 2395 λῆςξ
302 2364 336 2389 τὰ.
350 2364 485 2392 ἀντίτυπα
499 2355 704 2401 προσφέρομεν,
729 2355 854 2400 λέγοντες
866 2374 873 2381 ·
897 2355 916 2391 ιν
927 2367 967 2394 Τὰ
985 2367 1019 2394 σὰ

230 2407 264 2433 ὲκ
284 2408 338 2434 τῶν
354 2409 409 2435 σῶν
430 2418 482 2442 σοι,
507 2420 517 2437 ι
535 2411 581 2438 καὶ
597 2411 631 2438 τὰ
645 2411 718 2447 ἑξῆς,
735 2411 849 2447 νοητῶς,
870 2412 884 2438 ὃ
906 2413 965 2439 ἐστι
989 2413 1020 2439 τὸ

231 2453 386 2488 ἀρχέτυπον
418 2456 498 2491 ἡμῶν
524 2457 644 2493 ἀξίωμα⁷
671 2458 771 2493 δηλαδὴ
787 2459 816 2485 τὸ
835 2460 896 2486 κατ’
915 2460 1018 2491 εἰκόνα,

229 2499 244 2524 ὁ
261 2500 320 2525 ἐστι
344 2500 375 2527 τὸ
388 2501 501 2532 δίκαιον.
515 2502 546 2528 τὸ
565 2502 647 2536 ὅσιον,
662 2504 709 2530 καὶ
724 2504 753 2529 τὸ
768 2504 890 2532 δυνατόν.
907 2505 1019 2532 Δίκαιον

231 2543 293 2577 μὲν,
308 2545 376 2579 μήτε
394 2545 558 2579 ἀδικεῖσθαι,
576 2548 646 2583 μήτε
667 2549 770 2575 ἀδικεῖν
783 2557 789 2563 ⁸
809 2551 882 2576 ὅσιον
902 2549 942 2582 δὲ,
964 2550 1019 2576 τῶν

229 2589 417 2624 ἀδικουμένων
448 2592 603 2627 ἀνέχεσθαι,
625 2595 672 2619 καὶ
701 2597 853 2630 συγχωρεῖν
878 2597 934 2627 τοῖς
960 2596 1018 2622 ἅδι-

231 2634 325 2667 χοῦσι,
360 2637 460 2670 μᾶλλον
485 2637 514 2664 δὲ
540 2639 587 2664 καὶ
613 2639 766 2673 εὐεργετεῖν
796 2641 905 2672 αὐτούς.
940 2643 1019 2668 Κατὰ

230 2680 322 2706 πάντα
341 2681 367 2707 δὲ
379 2681 420 2709 δεῖ
436 2683 532 2717 ὑμνεῖν
543 2684 635 2716 αὐτὴν,
651 2685 688 2717 ὡς
707 2685 773 2712 Θεὸν
787 2686 835 2713 καὶ
851 2687 954 2723 Κύριον
970 2687 1017 2714 τοῦ

231 2727 342 2758 παντός.

276 2858 298 2874 ’¹
319 2857 392 2887 Psal.
411 2868 441 2894 ιι,
459 2860 484 2887 7.
523 2862 544 2877 "
560 2861 637 2889 Joan.
657 2869 720 2894 sui,
745 2863 784 2890 l9.

1071 2319 1153 2347 facite
1169 2321 1196 2347 in
1214 2321 1265 2348 mei
1284 2322 1511 2350 recordationem.
1529 2332 1539 2349 ι
1558 2324 1615 2351 Nos
1633 2325 1704 2351 enim
1721 2333 1857 2354 metnorcs

1070 2365 1129 2399 ejus
1144 2366 1275 2398 mandati,
1294 2366 1416 2402 antitypa
1434 2368 1472 2402 (id
1491 2373 1542 2400 est,
1558 2370 1747 2405 configuralia)
1766 2371 1858 2398 oﬂeri-

1070 2419 1143 2443 mus,
1159 2412 1314 2447 inquientes
1329 2421 1336 2439 :
1349 2423 1359 2438 ι
1374 2412 1431 2440 Tua
1445 2421 1478 2441 ex
1492 2415 1546 2441 tuis
1563 2415 1622 2447 tibi,
1637 2425 1646 2441 ι
1666 2423 1732 2448 etc...
1746 2417 1857 2451 spirita-

1071 2459 1143 2492 liter,
1157 2468 1219 2494 quze
1232 2464 1274 2488 est
1289 2460 1449 2495 primigenia
1462 2467 1556 2489 nostra
1572 2462 1690 2498 dignitas
1703 2473 1709 2490 :
1726 2464 1855 2500 nimirum

1071 2505 1143 2539 quod
1162 2513 1194 2532 ex
1215 2505 1331 2541 imagine
1347 2506 1394 2534 Dei
1412 2507 1545 2535 habemus
1558 2508 1703 2543 justitiam,
1725 2512 1856 2538 sanctitas

1071 2555 1135 2584 tem,
1161 2556 1333 2586 potestatem.
1364 2551 1516 2586 Justitiam,
1546 2560 1572 2582 ut
1603 2563 1692 2590 neque
1709 2557 1855 2591 patiamur,

1070 2603 1158 2630 neque
1179 2595 1311 2624 faciamus
1334 2598 1487 2630 lnjuriam:
1515 2601 1698 2633 sanctitatem,
1730 2606 1760 2628 ut
1786 2602 1857 2636 inju-

1070 2643 1138 2668 riam
1158 2642 1304 2681 inferentes
1333 2645 1527 2679 perpetiamur,
1545 2652 1572 2673 et
1590 2647 1699 2682 injuriis
1713 2649 1854 2682 cedamus,

1070 2689 1113 2714 vel
1131 2689 1223 2723 potius
1239 2689 1272 2716 iis
1286 2690 1502 2719 benefaciamus.
1516 2692 1650 2721 Omnibus
1665 2699 1754 2721 autent
1773 2696 1799 2721 in
1814 2703 1856 2723 re-

1065 2733 1132 2765 Jius,
1149 2733 1175 2759 in
1195 2733 1302 2768 hymnis
1322 2735 1502 2764 celebrandas
1520 2741 1562 2765 est
1579 2742 1608 2765 ut
1625 2738 1695 2766 Deus
1719 2743 1745 2766 et
1764 2739 1855 2768 Domi-

1071 2786 1123 2806 nus
1139 2779 1219 2814 hujus
1236 2781 1432 2810 universitatis.

838 2863 858 2877 "
872 2861 951 2891 Joan.
970 2872 1006 2896 ιἰ,
1024 2864 1069 2891 57.
