2086 3155
227 159 282 193 Ιι39

764 160 794 191 s.
816 144 996 191 οΕιιῑιριΝι
1018 162 1275 192 PATRIARCIUE
1291 163 1346 194 οι).

1815 164 1868 197 440

264 218 414 254 Signanlnr
428 221 519 246 autem
535 217 626 246 divina
640 217 723 252 dona,
736 222 767 246 ut
783 219 916 247 adventus
927 224 955 247 et
970 219 1026 255 glo-

1114 220 1151 247 Τὸ
1166 220 1194 247 δὲ
1210 221 1404 256 σφραγίσαιτά
1418 220 1478 247 θεῖα
1491 220 1576 255 δῶρα,
1594 219 1638 246 ἵνα
1650 220 1682 256 τῇ
1697 221 1868 256 ἐπιφοιτήσει

228 266 304 293 riosa
320 265 408 292 sancti
420 264 540 300 Spiritus
550 265 697 300 praesentia
711 270 877 294 transmutet
888 271 914 294 et
931 266 1024 300 faciat,

227 319 261 338 es
282 319 352 346 pane
368 311 488 346 quidem,
517 312 606 346 ipsum
622 312 772 346 pretiosum
797 319 897 347 corpus
916 312 1024 345 Domini

228 357 316 384 nostri
333 357 398 384 Jesu
411 356 525 391 Christi,
539 366 572 385 ex
588 366 620 385 eo
636 362 728 385 autem
741 359 814 393 quod
828 364 870 387 est
885 359 912 386 in
928 359 1023 392 calice,
1053 355 1059 362 ’

229 404 320 437 ipsum
339 402 493 438 pretiosum
522 404 684 438 sanguinem
702 404 793 439 magni
812 404 859 431 Dei
879 409 907 432 et
926 404 1026 432 Serva-

230 451 299 477 toris
316 451 401 478 nostri
418 450 482 478 Jesu
498 450 612 482 Christi,
628 450 674 484 qui
691 450 794 478 rlfusus
811 456 852 478 est
865 459 914 485 pro
929 451 1025 479 mundi

229 498 284 524 vita
300 501 327 524 et
347 497 434 525 salute
452 505 458 523 :
473 500 501 524 et
517 501 546 523 ut
567 496 796 531 participantibus
815 504 848 524 ex
864 504 907 531 eo,
933 497 980 524 ﬁat
997 497 1024 524 in

230 543 420 570 remissionem
432 547 608 578 peccatorum
621 545 648 569 et
666 542 748 569 vitam
763 548 905 570 aeternam.

270 642 279 657 α
300 631 358 659 Hoc
374 636 464 660 autem
481 633 629 668 prsecipue.
654 643 662 658 ι
684 633 709 660 ld
728 637 780 664 est,
805 640 821 660 ο
836 632 921 660 Mater
938 637 1024 665 casta,

232 678 337 706 lumine
354 683 479 706 carentes
503 684 581 715 typos
600 684 627 706 et
642 680 795 714 praeteritas
814 679 926 706 umbras
945 678 1025 706 Verbi

232 725 460 759 contemplantes,
488 733 605 759 quaeque
622 725 649 752 in
665 726 705 753 eis
727 730 802 757 sunt,
822 725 942 752 occlusis
959 725 1026 752 fori-

235 772 295 803 bus,
325 771 415 798 lumen
441 772 561 799 veritatis
588 772 725 807 refulgens
755 771 950 807 glorificamus,
980 776 1027 799 tuo

233 826 299 845 \ero
316 822 394 846 utero
414 819 496 854 digne
517 819 714 846 benediciinus.
737 827 746 844 ι
766 817 798 844 Ει
814 826 864 852 pro
882 818 1027 845 universo-

234 873 295 890 rum
311 865 534 898 cogitationibus.
552 874 560 888 ι
579 864 702 899 Populus
723 873 729 890 ε
749 873 757 888 ι
778 864 809 890 Et
825 865 947 891 omnium
963 864 1025 890 nni-

234 918 389 937 versorum.
409 920 418 936 ι
434 909 514 937 Jubet
539 910 670 937 sacerdos
687 910 818 944 populum
835 910 971 937 recordari
987 910 1028 936 in-
1044 905 1064 932 Β

234 961 373 984 ternarum
407 957 509 983 irarum
547 961 669 991 tempore
699 956 799 983 divinae
828 955 1025 990 mystagogim,

233 1010 335 1037 easque
350 1003 470 1036 abjirere
495 1003 528 1030 ab
544 1003 672 1031 omnibus
689 1007 716 1030 et
731 1003 866 1030 universis
892 1003 938 1038 qui
965 1002 1027 1029 odio

233 1055 285 1073 ιιος
302 1053 516 1082 persequuntur.

268 1091 310 1120 Fit
324 1097 414 1120 autem
433 1097 460 1120 et
476 1094 607 1120 memoria
623 1094 694 1128 apud
715 1093 797 1120 Deum
818 1102 865 1128 pro
878 1093 1026 1126 defunctis,

231 1143 268 1164 et'
277 1138 419 1172 spiritibus
434 1143 461 1165 et
481 1139 556 1166 omni
576 1146 670 1172 carne,
694 1140 786 1174 utqui
806 1143 977 1166 mortuorum
1002 1145 1029 1166 (ιι

231 1186 382 1212 viventium
399 1191 563 1220 potestatem
586 1187 694 1219 haheat,
716 1192 742 1214 et
758 1188 915 1215 dominetur
931 1195 1027 1222 super-

231 1232 390 1259 cmlestibns
410 1237 436 1259 et
459 1233 577 1259 terrenis
592 1237 619 1259 et
636 1233 841 1267 subterraneis;
864 1238 890 1260 et
911 1239 940 1260 ut
955 1233 1027 1268 Rege

230 1279 341 1305 Christo
358 1283 501 1312 praesente.
519 1282 592 1305 etut
614 1274 709 1306 sancto
734 1279 837 1313 Spiritu
863 1288 959 1307 omnes
981 1280 1028 1307 ad-

232 1324 359 1351 hortante
375 1325 496 1352 viventes
513 1330 594 1360 atque
610 1326 663 1353 vita
683 1325 789 1353 functos
802 1327 837 1353 ad
851 1327 906 1354 illic
922 1335 1026 1354 moram

231 1372 404 1405 trahendam,
435 1377 461 1399 et
489 1373 717 1407 requiescendum
748 1373 774 1399 in
797 1373 905 1400 Domini
931 1378 957 1400 et
980 1374 1025 1401 Dei

233 1418 319 1444 nostri
333 1417 398 1445 Jesu
418 1417 520 1445 Christi
544 1426 702 1450 occursuro,
722 1424 750 1445 ut
779 1424 978 1453 congregemur
1002 1425 1028 1447 et

232 1469 424 1501 prreoceupent
440 1466 537 1495 faciem
554 1466 624 1501 ejus,
650 1470 677 1493 et
702 1466 815 1494 audiant
841 1475 922 1494 voces
939 1467 1027 1495 laudis

231 1513 310 1545 ejus;
328 1518 357 1540 ut
372 1513 500 1540 Omnibus
515 1521 576 1547 qum
591 1518 670 1540 erant
695 1513 721 1539 in
749 1513 864 1540 infernis
882 1514 1027 1541 animabus

233 1559 332 1591 solutis
354 1568 369 1587 a
392 1560 510 1588 vinculis
533 1568 581 1595 per
609 1564 723 1587 mortem
746 1564 772 1587 et
795 1560 1025 1587 resurrectionem

233 1606 346 1633 Christi.
372 1607 432 1640 Ipse
453 1607 525 1633 enim
548 1606 685 1634 excitatus
700 1610 742 1633 est
756 1614 768 1632 a
786 1607 913 1637 mortuis,
931 1606 1028 1641 primi-

234 1653 278 1679 tirc
295 1658 322 1680 et
342 1652 540 1687 primogenitus
559 1652 649 1679 factus
666 1651 871 1684 dormientium,
888 1657 916 1679 et
937 1652 1028 1678 omni-

234 1699 285 1725 bus
302 1699 372 1725 viam
390 1699 514 1733 aperiens
531 1698 741 1726 resurrectionis
753 1705 766 1724 a
784 1697 909 1728 mortuis.
926 1697 959 1724 ad
978 1698 1029 1724 im-

235 1744 378 1771 mortalem
401 1749 428 1771 et
453 1745 560 1771 beatam
580 1744 664 1771 vitam
687 1743 848 1770 refocillans
873 1751 920 1770 eos
934 1743 980 1778 qui
1000 1743 1028 1770 in

236 1799 285 1826 spe
309 1792 521 1819 resurrectionis
548 1791 608 1826 eius
628 1790 810 1818 dormierunt.
837 1789 1029 1816 Convocantur

235 1842 326 1864 autem
342 1845 439 1865 omnes
458 1845 554 1864 eorum
571 1837 669 1864 anima;
685 1844 747 1864 cum
769 1836 909 1870 pmphetis
923 1839 949 1862 et
963 1842 1030 1870 apo-

235 1882 313 1909 stolis
328 1887 354 1908 et
371 1882 548 1919 martyribus,
566 1885 595 1908 ut
609 1889 663 1908 una
678 1880 868 1916 ingrediantur
881 1884 907 1906 et
920 1887 1029 1906 recum-

236 1927 302 1954 bunt
317 1935 378 1954 cum
406 1927 544 1953 Abraham
570 1930 596 1953 et
618 1925 695 1954 Isaac
709 1930 735 1952 et
754 1924 839 1952 Jacob
860 1924 888 1951 in
915 1924 1029 1959 mystica

235 1980 329 1999 mensa
344 1972 420 2007 regni
436 1971 550 1998 Christi.

276 2118 286 2135 ι
306 2109 338 2135 Et
359 2109 392 2136 da
411 2109 502 2141 nobis,
519 2116 566 2136 ore
589 2117 644 2136 uno
661 2114 688 2136 et
705 2109 788 2136 corde
807 2116 862 2136 uno
877 2109 1030 2144 glorificare

236 2160 263 2181 et
292 2154 402 2181 laudare
438 2154 760 2181 honorificentissimum.
787 2164 797 2180 ι
834 2154 1030 2189 Supplicamus

237 2200 297 2233 tibi,
326 2207 373 2227 ore
402 2207 458 2226 uno
485 2207 595 2234 unoque
617 2200 716 2231 corde,
740 2204 770 2227 ut
796 2205 821 2227 te
837 2201 927 2228 Verbis
945 2200 1030 2236 glori—

1077 266 1125 293 καὶ
1141 266 1240 301 ἐνδόξῳ
1266 267 1404 302 παρουσίᾳ
1421 266 1467 293 τοῦ
1488 266 1566 300 ἁγίου
1590 265 1759 300 Πνεύματος,
1787 275 1870 301 μετα-

1077 312 1146 347 ϐάλῃ
1173 311 1221 338 καὶ
1248 313 1359 348 ποιήσῃ,
1383 312 1430 339 τὸν
1458 311 1508 347 μὲν
1534 312 1627 346 ἄρτον,
1644 312 1710 338 αὐτὸ
1730 311 1760 338 τὸ
1779 313 1871 347 τίμιον

1077 358 1157 394 σῶμα
1175 358 1222 384 τοῦ
1250 359 1354 394 Κυρίου
1373 359 1453 394 ἡμῶν
1477 357 1567 393 Ἰησοῦ
1589 357 1709 393 Χριστοῦ
1721 367 1727 373 ·
1743 358 1773 384 τὸ
1788 358 1815 385 δὲ
1842 360 1872 385 ἐν

1076 404 1116 438 τῷ
1129 405 1264 440 ποτηρίῳ,
1275 404 1342 431 αὐτὸ
1362 405 1393 430 τὸ
1410 404 1501 439 τίμιον
1515 401 1585 439 αἷμα
1599 403 1647 430 τοῦ
1664 404 1783 439 μεγάλου
1803 404 1871 430 Θεοῦ

1077 449 1124 475 καὶ
1139 449 1266 484 Σωτῆρος
1279 449 1358 483 ἡμῶν
1377 448 1467 484 Ἰησοῦ
1485 448 1615 484 Χριστοῦ,
1627 448 1657 475 τὸ
1672 449 1786 483 ἐκχυθὲν
1801 449 1871 484 ὑπὲρ

1075 495 1125 530 τῆς
1140 495 1188 522 τοῦ
1212 495 1316 530 κόσμου
1336 494 1422 530 ζωῆς,
1439 495 1486 521 καὶ
1518 494 1672 530 σωτηρίας’
1691 495 1738 521 καὶ
1757 494 1801 521 ἵνα
1815 495 1871 525 τοῖς

1079 542 1335 577 μεταλαμϐάνουσιν
1350 542 1379 575 ἐξ
1387 541 1482 574 αὑτοῦ,
1492 541 1607 577 γένηται
1616 542 1654 573 εἰς
1665 541 1763 576 ἄφεσιν
1779 542 1871 576 ἀμαρ-

1076 588 1142 614 τιῶν
1159 589 1206 615 καὶ
1221 588 1295 624 ζωὴν
1308 588 1430 616 αἰώνιον.
1622 609 1630 615 ι

1113 635 1149 661 Τὸ
1160 635 1199 668 δὲ,
1216 644 1226 660 ι
1251 635 1426 670 Ἐξαιρέτως,
1438 644 1447 661 ι
1466 635 1616 667 τουτέστιν,
1628 631 1665 660 Ὦ
1684 633 1772 669 μῆτερ
1789 633 1870 668 ἁγνὴ,

1077 682 1142 714 τοὺς
1158 682 1291 716 ἀφεγγεϊς
1312 681 1415 713 τύπους
1435 680 1483 708 καὶ
1506 680 1557 712 τὰς
1579 680 1771 715 παρελθούσας
1792 679 1872 710 σκιὰς
1889 689 1892 692 ·

1077 727 1124 754 τοῦ
1136 728 1222 761 Λόγου
1239 726 1416 762 θεασάμενοι,
1426 725 1474 752 καὶ
1486 725 1521 752 τὰ
1532 726 1561 751 ὲν
1576 724 1695 756 τούτοις,
1710 723 1872 757 κεκλεισμέ-

1077 782 1126 808 νης
1137 773 1236 808 πύλης,
1249 772 1306 807 φῶς
1320 773 1370 807 τῆς
1384 771 1513 807 ἀληθείας
1529 771 1704 806 ἀναλάμψαν.
1713 770 1869 804 δοξάζομεν·

1080 819 1129 854 σὴν
1141 819 1169 846 δὲ
1186 819 1309 854 γαστέρα
1326 817 1447 850 ἐπαξίως
1462 816 1639 852 εὐλογοῦμεν.
1658 826 1666 842 ι
1689 816 1743 842 Καὶ
1757 812 1794 841 ὦν
1811 815 1873 844 ἕκα-

1079 873 1142 896 στος
1157 865 1226 891 κατὰ
1243 863 1364 890 διάνοιαν
1380 863 1446 899 ἔχει.
1469 872 1478 888 ι
1501 862 1529 888 '0
1546 862 1625 894 λαός*
1649 870 1658 886 ι
1686 860 1741 887 Καὶ
1763 859 1872 886 πάντων

1080 911 1127 937 καὶ
1138 909 1243 937 πασῶν.
1265 919 1274 934 ι
1294 909 1463 935 Ἐντέλλεται
1480 909 1493 934 ὁ
1514 906 1604 942 ἱερεὺς
1623 905 1661 940 τῷ
1681 905 1749 939 λαῷ,
1766 912 1873 939 μνημοο

1079 957 1167 983 νεύειν
1183 956 1244 987 τὰς
1270 955 1325 982 τῶν
1349 954 1474 982 διανοιῶν
1496 954 1592 988 ὀργὰς,
1608 953 1637 978 ἐν
1660 951 1698 986 τῷ
1715 950 1804 986 καιρῷ
1821 950 1872 984 τῆς

1079 1003 1154 1035 θείας
1172 1002 1376 1038 μυσταγωγίας,
1395 1001 1442 1028 καὶ
1455 999 1609 1036 ἀπορῥίψαι
1622 998 1708 1029 αὐτὰς
1717 999 1749 1024 ὲκ
1761 998 1872 1024 πάντων

1079 1051 1127 1077 καὶ
1141 1049 1236 1076 πασῶν
1257 1049 1312 1075 τῶν
1334 1048 1486 1084 μισούντων
1501 1047 1586 1082 ἡμᾶς.

1115 1098 1224 1124 Γίνεται
1252 1097 1279 1123 δὲ
1301 1096 1348 1123 καὶ
1378 1096 1473 1131 μνήμη
1492 1094 1564 1130 πρὸς
1579 1093 1624 1120 τὸν
1640 1092 1707 1119 Θεὸν
1730 1091 1801 1126 ὑπὲρ
1817 1090 1872 1117 τῶν

1080 1142 1299 1177 κεκοιμημένων,
1320 1141 1368 1166 καὶ
1388 1139 1564 1174 πνευμάτων,
1587 1138 1634 1164 καὶ
1647 1137 1738 1171 πάσης
1758 1135 1870 1170 σαρκὸς,

1078 1189 1116 1219 ὡς
1144 1188 1249 1222 νεκρῶν
1265 1187 1311 1214 καὶ
1333 1186 1442 1218 ζώντων
1473 1185 1523 1220 τὴν
1543 1183 1668 1216 ἐξουσίαν
1695 1183 1801 1217 ἔχοντα,
1825 1181 1872 1207 καὶ

1078 1235 1245 1267 δεσπόζοντα
1268 1233 1438 1268 ἐπουρανίων
1455 1232 1502 1258 καὶ
1517 1230 1646 1264 ἐπιγείων
1670 1229 1717 1255 καὶ
1737 1227 1872 1262 καταχθο-

1079 1283 1158 1309 νίων·
1181 1281 1228 1307 καὶ
1245 1281 1284 1312 ὡς
1298 1280 1344 1306 τοῦ
1361 1279 1493 1314 βασιλέως
1515 1276 1635 1312 Χριστοῦ
1659 1275 1804 1310 παρόντος,
1825 1274 1873 1300 καὶ

1077 1329 1115 1360 ὡς
1134 1328 1181 1355 τοῦ
1210 1328 1288 1362 ἀγίου
1311 1327 1471 1361 Πνεύματος
1494 1325 1597 1356 πάντας
1613 1322 1870 1358 προσκαλουμένου,

1078 1375 1183 1408 ζῶντάς
1199 1383 1229 1401 τε
1242 1375 1290 1402 καὶ
1303 1374 1501 1409 μεταστάντας.
1513 1371 1582 1407 πρὸς
1597 1371 1647 1402 τὰς
1667 1371 1756 1396 ἐκεῖσε
1789 1367 1872 1402 μονὰς

1079 1423 1125 1448 καὶ
1152 1421 1356 1451 καταπαύσεις,
1383 1421 1422 1451 εἰς
1447 1419 1497 1453 τὴν
1526 1417 1573 1444 τοῦ
1597 1416 1701 1452 Κυρίου
1727 1415 1776 1441 καὶ
1801 1413 1871 1439 Θεοῦ

1078 1466 1157 1502 ἡμῶν
1178 1465 1263 1501 Ἰησοῦ
1292 1464 1414 1501 Χριστοῦ
1440 1463 1613 1499 προέλευσιν,
1642 1460 1873 1496 συναθροισθῆναι

1079 1514 1126 1540 καὶ
1138 1512 1296 1547 προφθάσαι
1317 1512 1348 1539 τὸ
1368 1511 1517 1546 πρόσωπον
1532 1508 1627 1541 αὑτοῦ,
1642 1508 1691 1535 κα)⁸
1706 1506 1872 1541 ἀκουσθῆναι

1079 1560 1135 1586 τῶν
1156 1559 1253 1594 φωνῶν
1266 1559 1315 1593 τῆς
1333 1558 1466 1589 αἰνέσεως
1481 1555 1564 1583 αὑτοῦ
1579 1565 1585 1572 ·
1601 1555 1639 1587 ὡς
1655 1554 1751 1581 πασῶν
1770 1552 1823 1578 τῶν
1845 1552 1874 1578 ὲν

1080 1606 1130 1642 ᾅδῃ
1145 1605 1239 1640 ψυχῶν
1257 1604 1446 1631 ἀπολυθεισῶν
1465 1603 1519 1629 τῶν
1537 1601 1654 1636 δεσμῶν,
1674 1600 1717 1627 διὰ
1733 1599 1779 1626 τοῦ
1791 1598 1874 1625 θανά-

1079 1661 1126 1679 του
1143 1653 1190 1679 καὶ
1205 1653 1255 1686 τῆς
1272 1650 1448 1681 ἀναστάσεως
1471 1647 1602 1684 Χριστοῦ.
1619 1647 1705 1678 Αὐτὸς
1729 1646 1784 1680 γὰρ
1807 1645 1873 1679 ἐγή-

1080 1707 1176 1734 γερται
1191 1699 1222 1724 ὲκ
1235 1697 1351 1732 νεκρῶν,
1374 1695 1486 1732 ἀπαρχὴ
1501 1695 1550 1721 καὶ
1565 1693 1738 1728 πρωτότοκος
1761 1692 1876 1725 γενόμεο

1080 1753 1125 1775 νος
1145 1743 1201 1770 τῶν
1220 1742 1434 1777 κεκοιμημένων
1448 1750 1454 1756 ·
1471 1740 1519 1768 καὶ
1542 1740 1626 1766 πᾶσιν
1642 1737 1804 1772 ὁδοποιήσας
1826 1734 1874 1770 τὴν

1080 1790 1112 1816 ὲκ
1138 1789 1244 1824 νεκρῶν
1267 1789 1434 1815 ἀνάστασιν·
1460 1787 1506 1813 καὶ
1522 1785 1591 1821 πρὸς
1605 1784 1654 1819 τὴν
1677 1783 1810 1809 ἀθάνατον
1828 1781 1875 1808 καὶ

1082 1836 1223 1872 μακαρίαν
1239 1835 1313 1870 ζωὴν
1332 1834 1481 1861 ἀναπαύων
1501 1833 1565 1863 τοὺς
1580 1832 1623 1858 ἐπ’
1636 1830 1724 1857 ἑλπίδι
1743 1829 1793 1862 τῆς
1808 1828 1875 1854 ἀνα-

1081 1882 1203 1913 στάσεως
1223 1880 1306 1907 αὑτοῦ
1324 1879 1517 1915 κοιμηθέντας.
1531 1875 1734 1910 Συγκαλοῦνται
1745 1874 1774 1900 δὲ
1788 1874 1875 1900 πᾶσαι

1081 1930 1108 1956 al
1122 1928 1207 1963 ψυχαὶ
1221 1927 1310 1954 αὐτῶν
1333 1926 1402 1962 μετά
1422 1925 1477 1951 τῶν
1493 1922 1642 1959 προφητῶν
1655 1922 1702 1948 καὶ
1717 1919 1875 1947 ἀποστόλων

1081 1976 1128 2001 καὶ
1148 1972 1296 2009 μαρτύρων
1321 1970 1502 1998 συνεισελθεῖν
1527 1969 1574 1995 καὶ
1602 1965 1781 2000 ἀνακλιθῆναι
1805 1963 1875 1998 μετὰ.

1088 2019 1213 2055 Ἀϐραὰμ
1227 2019 1273 2045 καὶ
1291 2017 1385 2044 Ἰσαὰκ
1402 2017 1449 2043 καὶ
1466 2014 1613 2047 ἰακὼ6,ὲν
1625 2014 1659 2048 τῇ
1677 2012 1797 2048 μυστικῇ
1809 2018 1875 2045 τρα-

1082 2066 1152 2102 πέζῃ
1172 2066 1221 2100 τῆς
1238 2063 1377 2100 βασιλείας
1393 2062 1523 2098 Χριστοῦ.

1120 2122 1129 2138 ι
1148 2112 1201 2138 Καὶ
1210 2112 1254 2142 δὶς
1269 2111 1347 2146 ἡμῖν,
1360 2111 1390 2135 ἐν
1403 2109 1444 2136 ἐνὶ
1462 2108 1576 2143 στόματι
1592 2107 1639 2134 καὶ
1657 2107 1706 2142 μιᾷ
1720 2105 1820 2140 καρδίᾳ
1830 2104 1875 2130 δο-

1083 2158 1174 2190 ξάζειν
1198 2158 1245 2183 καὶ
1264 2157 1393 2191 ἁνυμνεῖν
1418 2155 1450 2182 τὸ
1472 2155 1617 2189 πάντιμον.
1649 2162 1658 2178 ι
1682 2152 1806 2187 Δεόμεθά
1827 2159 1873 2176 σου

1082 2203 1176 2238 ὥσπερ
1194 2204 1222 2230 ἐν
1246 2203 1287 2229 ἑνὶ
1310 2202 1424 2237 στόματι
1441 2201 1489 2228 καὶ
1513 2201 1562 2236 μιᾷ
1588 2199 1688 2235 καρδίᾳ
1705 2199 1744 2230 είς
1759 2197 1808 2232 τὴν
1825 2197 1874 2231 σὴν

239 2247 352 2275 ﬁeemus
365 2255 372 2279 ;
387 2247 423 2274 ita
444 2254 511 2274 sane
525 2252 550 2274 et
567 2254 650 2273 unum
668 2247 794 2281 spiritum
811 2251 838 2273 et
863 2255 946 2274 unum
970 2247 1029 2273 ani-

1083 2249 1237 2283 δοξολογίαν
1250 2257 1256 2264 ·
1278 2248 1349 2275 οὓτω
1366 2248 1455 2274 τοίνυν
1478 2246 1527 2273 καὶ
1548 2246 1577 2272 ἓν
1595 2245 1714 2280 πνεῦμα,
1741 2243 1787 2269 καὶ
1811 2243 1875 2277 μίαν

239 2301 313 2321 ιιιιιιιι
331 2294 364 2321 da
381 2293 470 2327 nobis,
487 2297 516 2320 ut
532 2293 670 2328 conjuncti
686 2293 829 2320 charitatis
843 2293 954 2320 vinculo
969 2301 1032 2328 pos-

238 2330 326 2368 simus
340 2348 402 2367 cum
423 2340 521 2367 fiducia
541 2339 594 2366 frui
611 2340 751 2374 proposita
767 2347 872 2372 mensa,
889 2344 915 2366 et
934 2339 1031 2367 fiamus

237 2387 338 2414 divinis
353 2386 493 2422 mysteriis
519 2386 592 2421 digni
609 2385 794 2421 glorificantes
820 2390 847 2412 et
862 2386 972 2420 hymnis
987 2393 1031 2412 cc-

237 2433 375 2460 Iehrantes
406 2432 636 2467 pretiosissimum
670 2435 696 2458 et
725 2431 901 2466 magnificum
932 2439 1031 2458 nomen

238 2484 328 2512 tuum,
343 2486 360 2506 ο
375 2478 465 2511 Pater,
482 2482 508 2505 et
523 2478 584 2510 Fili,
601 2482 627 2505 et
640 2478 758 2513 Spiritus
776 2483 882 2505 sancte.
906 2487 915 2500 ι
932 2478 964 2504 Ει
978 2478 1033 2505 sint

238 2525 436 2555 misericordia:
457 2525 547 2560 magni
572 2524 618 2551 Dei
642 2529 668 2551 et
693 2523 846 2551 Servatoris
866 2524 952 2551 nostri
968 2523 1032 2552 Jesu

237 2572 341 2600 Christi
365 2579 428 2599 cum
444 2570 574 2598 omnibus
591 2570 680 2597 nobis.
701 2579 710 2595 ι
737 2569 765 2596 Si
791 2570 830 2597 sic
855 2569 988 2596 faciamus
1004 2574 1034 2596 ut

239 2617 366 2652 superius
379 2617 511 2647 diximus,
529 2615 722 2642 miserationes
739 2614 785 2642 Dei
800 2620 880 2642 erunt
894 2623 955 2642 cum
972 2623 1032 2642 om-

240 2665 322 2690 nibus
338 2663 428 2690 nobis.
444 2661 629 2690 Misericordia
642 2661 690 2689 Dei
702 2661 829 2689 Clnistus
841 2666 892 2694 est,
909 2661 955 2696 qui
972 2669 1034 2696 pro-

241 2713 300 2743 pter
313 2716 375 2740 nos,
392 2713 418 2736 et
434 2708 498 2743 quia
515 2708 600 2735 nostri
621 2707 814 2740 miserebatur,
830 2715 844 2734 a
862 2715 962 2743 magno
978 2707 1034 2735 Deo

242 2755 344 2782 missus
363 2758 415 2787 est,
437 2756 481 2790 qui
502 2754 615 2782 tradidit
632 2754 808 2788 semetipsum
832 2760 945 2789 propter
973 2762 1032 2787 nos,

242 2807 270 2828 et
298 2802 426 2829 misertus
451 2805 502 2828 est.
526 2801 577 2833 Qui
597 2801 670 2827 enim
695 2801 721 2827 in
750 2800 881 2828 unitatem
906 2801 979 2833 fidei,
1009 2806 1036 2829 et

242 2848 519 2875 mmmunicationcm
548 2847 635 2874 sancti
671 2847 791 2882 Spiritus
817 2848 962 2881 coirinms,
988 2856 1035 2883 per

241 2894 477 2935 dispensationem
496 2894 555 2930 ejus
576 2894 622 2930 qui
639 2903 687 2930 pro
710 2895 790 2925 nobis
806 2900 931 2923 mortuus
954 2900 994 2923 est
1009 2901 1036 2923 et

1082 2296 1170 2331 ψυχὴν
1180 2295 1225 2326 δὸς
1253 2295 1332 2330 ἡμῖν,
1355 2294 1399 2320 ἴνα
1423 2292 1622 2327 συναπτόμενοι
1636 2290 1674 2325 τῷ
1698 2289 1747 2324 ’τῆς
1763 2289 1875 2322 ἀγάπης

1084 2341 1236 2376 συνδέσμῳ,
1261 2339 1443 2376 δυνησώμεθα
1462 2338 1531 2374 μετὰ
1555 2337 1712 2372 παρρησίας
1729 2334 1875 2362 ἀπολαύειν

1082 2387 1133 2422 τῆς
1144 2386 1330 2422 προκειμένης
1347 2385 1497 2420 τραπέζης,
1513 2384 1560 2411 καὶ
1573 2382 1718 2417 γενώμεθα
1737 2380 1808 2413 ἄξιοι
1821 2380 1876 2406 τῶν

1084 2433 1165 2459 θείων
1196 2432 1366 2468 μυστηρίων,
1401 2430 1561 2463 δοξάζοντες
1597 2428 1645 2455 καὶ
1675 2427 1824 2463 ὑμνοῦντες
1846 2425 1875 2451 τὸ

1084 2479 1218 2514 πάντιμον
1247 2479 1293 2505 καὶ
1319 2476 1531 2513 μεγαλοπρεπὲς
1555 2475 1641 2510 ὄνομά
1667 2482 1724 2506 σου,
1748 2472 1794 2499 τοῦ
1821 2472 1877 2498 [Ια-

1083 2526 1157 2560 τρδς,
1188 2525 1235 2552 καὶ
1265 2524 1312 2551 τοῦ
1343 2524 1421 2556 Υίοῦ,
1445 2523 1493 2550 καὶ
1521 2522 1569 2549 τοῦ
1593 2522 1672 2556 ἁγίου
1705 2520 1874 2554 Πνεῦματος.

1088 2582 1096 2596 ι
1117 2572 1169 2598 Καὶ
1179 2571 1255 2597 ἔσται
1268 2571 1302 2597 τά
1317 2570 1380 2605 ὲλέη
1398 2569 1446 2596 τοῦ
1463 2569 1583 2604 μεγάλου
1598 2567 1667 2594 Θεοῦ
1683 2567 1730 2594 καὶ
1744 2564 1875 2600 Σωτῆρος

1084 2618 1163 2654 ἡμῶν
1190 2616 1278 2650 Ἰησοῦ
1309 2616 1427 2652 Χριστοῦ
1450 2616 1520 2651 μετὰ
1539 2615 1649 2643 πάντων
1666 2613 1755 2649 ήμῶν,
1780 2622 1790 2638 ι
1813 2612 1877 2638 Ἐὰν

1084 2664 1155 2691 οὕτω
1169 2664 1320 2698 πράξωμεν
1336 2663 1374 2695 ὡς
1400 2663 1530 2697 ἀνωτέρω
1545 2662 1662 2696 ἔφημεν,
1687 2659 1722 2686 τὰ
1744 2659 1806 2694 ὲλέη
1829 2658 1876 2685 τοῦ

1084 2710 1152 2736 Θεοῦ
1168 2710 1245 2736 ἔσται
1267 2709 1337 2745 μετά
1351 2709 1461 2736 πάντων
1474 2709 1563 2744 ἡμῶν.
1582 2708 1677 2738 Ἔλεος
1697 2706 1766 2733 Θεοῦ
1781 2706 1794 2732 ὁ
1811 2705 1878 2740 Χρι-

1087 2757 1147 2787 στός
1163 2757 1246 2787 ἐστιν,
1257 2757 1270 2782 ὁ
1283 2756 1316 2782 δι’
1331 2757 1414 2791 ἡμᾶς,
1430 2755 1476 2782 καὶ
1488 2755 1532 2782 διὰ
1551 2755 1582 2781 τὸ
1597 2753 1708 2788 ἐλεῆσαι
1724 2753 1809 2788 ἡμᾶς,
1823 2751 1878 2778 ἀπὸ

1085 2803 1132 2828 τοῦ
1152 2802 1271 2837 μεγάλου
1294 2801 1361 2828 Θεοῦ
1392 2800 1569 2832 ἀποσταλείς
1590 2800 1619 2832 ὃς
1642 2799 1689 2826 καὶ
1717 2798 1878 2834 παρέδωκεν

1087 2848 1182 2874 ἑαυτὸν
1197 2847 1230 2874 δι’
1252 2848 1335 2882 ἡμᾶς,
1356 2847 1401 2874 καὶ
1423 2847 1550 2882 ἠλέησεν.
1574 2846 1606 2872 Οί
1632 2846 1685 2880 γὰρ
1710 2845 1749 2876 εἰς
1763 2843 1878 2878 ἑνότητα

1087 2895 1135 2929 τῆς
1166 2893 1280 2926 πίστεως
1309 2894 1355 2920 καὶ
1385 2894 1526 2922 κοινωνίαν
1542 2893 1589 2922 τοῦ
1610 2893 1687 2928 ἁγίου
1717 2890 1879 2926 Πνεύματος
