2086 3155
225 154 281 187 441·

683 158 823 191 RERUM
844 161 1081 197 ECCLESIAST.
1108 165 1411 196 CONTEMPLATIO.

1806 163 1862 195 452

226 214 400 246 συνελθόντες
414 236 421 247 ,
448 215 493 243 διὰ
515 217 565 252 τῆς
591 217 749 253 οἰκονομίας
773 219 820 246 τοῦ
841 220 912 256 ὑπὲρ
933 221 1008 256 ὴμῶι

1064 224 1211 257 excitatus,
1228 229 1254 251 et
1270 225 1346 252 sedet
1361 224 1388 251 in
1407 223 1518 251 dextera
1540 221 1640 254 Patris,
1663 229 1718 249 non
1741 222 1859 256 amplius

226 260 421 295 ἀποθανόντος,
432 263 476 288 καὶ
487 263 658 298 ὲγερθέντος,
670 265 717 291 καὶ
732 265 894 297 καθίσαντος
902 267 932 292 ἐν
942 267 1016 302 δεξιᾷ

223 307 272 333 τοῦ
302 307 418 343 Πατρὸς,
445 309 496 335 οὐκ
519 309 559 336 ἔτι
578 309 624 336 ἐπὶ
647 310 700 344 γῆς
724 311 817 345 ἐσμεν,
845 311 902 338 ἀλλ’
926 312 954 338 έν
977 312 1016 347 τῷ

226 352 313 387 θρόνῳ
327 352 374 378 τοῦ
395 352 462 379 Θεοῦ
475 354 514 388 τῷ
535 353 667 390 βασιλικῷ
684 357 900 391 παρεστήκαμεν
916 357 944 383 ἐν
961 358 1016 388 τοῖς

224 398 358 431 οὐρανοῖς,
379 399 446 425 ὅπου
459 400 473 425 ὁ
484 399 602 435 Χριστός
621 402 691 434 ἐστι,
706 401 798 433 καθὼς
814 402 894 433 αὐτὸς
920 401 994 436 λέγει
1008 410 1014 416 ·

227 451 236 467 ι
255 442 345 478 Πάτερ
361 443 459 477 δίκαιε,
484 446 598 479 ἁγίασον
611 447 711 478 αὐτοὺς
731 448 760 473 ὲν
776 447 814 482 τῷ
825 447 936 482 ὀνόματί
954 457 1012 481 σου,

223 488 270 520 οὓς
297 490 417 522 δέδωκάς
443 500 508 526 μοι·
537 492 580 519 ἵνα
602 493 670 519 ὅπου
699 494 757 528 εἰμὶ
787 493 853 527 ἐγὼ,
890 495 1012 521 κάκεῖνοι

221 532 274 561 ὦσι
290 536 350 570 μετ’
373 537 452 571 ἐμοῦ,
472 538 520 564 καὶ
540 537 665 572 θεωρῶσι
690 539 739 573 τὴν
753 539 832 571 δόξαν
847 540 880 574 ἥν
895 540 1014 572 δέδωκάς

223 590 278 616 μοι,
294 582 334 608 ὅτι
355 582 503 618 ἠγάπησας
520 585 628 615 αὐτοὺς,
651 584 741 616 καθὼς
761 585 811 621 ἐμὲ
827 586 985 620 ἠγάπησας.
1001 596 1009 611 ι

222 627 325 658 Πάντες
340 628 369 654 δὲ
385 629 411 654 at
430 629 480 664 τὴν
494 629 631 657 υἱοθεσίαν
653 631 846 664 ἀπολαϐόντες,
872 632 920 658 καὶ
947 640 1013 665 συγ-

220 673 385 708 κληρονόμοι
406 674 453 700 τοῦ
475 676 594 710 Χριστοῦ
611 678 764 712 γενόμενοι,
779 677 822 704 διὰ
837 678 886 712 τῆς
901 677 1013 712 χάριτος

219 719 313 753 αὑτοῦ,
332 720 378 746 καὶ
397 721 448 747 οὐκ
464 720 494 753 ἐξ
514 721 604 756 ἔργων
626 722 705 757 ἡμῶν
721 722 818 757 ἔχομεν
840 723 870 748 τὸ
898 723 1011 757 Πνεῦμα

218 763 264 789 τοῦ
282 764 346 790 Υἱοῦ
365 766 411 791 τοῦ
448 766 516 792 Θεοῦ
535 768 576 798 είς
596 768 646 799 τὰς
666 769 778 803 καρδίας
796 768 873 803 ἡμῶν
886 777 893 783 ⁸
907 767 1011 800 οὗτινος

217 809 268 844 τὴν
287 811 367 845 χάριν
390 813 437 838 καὶ
458 813 508 847 τὴν
528 813 669 848 ἐνέργειαν
682 814 792 849 θεωρῶν
810 815 823 840 ὁ
844 814 944 849 ἱερεὺς,
961 813 1011 848 βοᾷ

1065 277 1147 302 super
1159 273 1259 296 terram
1280 276 1393 301 sumus,
1409 269 1458 296 sed
1481 269 1507 295 in
1529 269 1630 295 throno
1654 268 1699 295 Dei
1716 269 1770 303 regi
1788 271 1859 295 assi-

1065 316 1163 343 stimus
1179 315 1205 342 in
1222 316 1300 342 cmlis
1313 316 1358 342 ubi
1373 315 1498 342 Christus
1513 319 1564 347 est,
1576 314 1807 349 quemadmodum
1821 315 1858 341 ait

1065 362 1145 395 ipse:
1171 371 1178 385 ι
1196 360 1277 387 Pater
1298 360 1381 394 juste,
1403 360 1545 387 sanctiﬁca
1563 367 1611 387 eos
1634 360 1661 386 in
1686 360 1797 386 nomine
1812 365 1858 387 tuo

1065 413 1134 439 quos
1152 404 1249 432 dedisti
1267 404 1345 436 mihi,
1363 408 1392 431 ut
1408 404 1453 430 ubi
1474 411 1525 438 ego
1546 411 1608 431 sum
1624 408 1652 430 et
1665 403 1708 430 illi
1726 404 1782 430 sint
1797 411 1856 430 me-

1065 459 1138 481 cum,
1156 455 1183 477 et
1196 451 1417 484 contemplemur
1433 450 1547 484 gloriam
1564 457 1647 484 quam
1663 449 1762 476 dedisti
1777 450 1855 481 mihi,

1064 497 1136 530 quod
1152 496 1295 523 dilexerim
1310 503 1369 526 eos,
1385 495 1614 529 quemadmodum
1630 502 1673 521 me
1685 494 1804 521 dilexisti
1820 503 1828 521 :
1843 503 1852 519 ι

1064 549 1159 568 omnes
1168 548 1234 568 vero
1248 541 1293 575 qui
1306 540 1478 575 adoptionem
1497 539 1524 566 in
1537 538 1635 565 Filium
1651 539 1816 572 accepimus,
1828 543 1856 564 et

1064 587 1219 614 cohwredes
1231 586 1333 613 Christi
1351 594 1398 621 per
1415 586 1531 620 gratiam
1547 585 1608 619 ejus
1624 592 1655 611 ac
1671 591 1724 610 non
1742 592 1774 610 ex
1790 591 1854 618 opu-

1065 633 1140 660 rihus
1157 633 1257 660 nostris
1277 631 1342 659 facti
1367 639 1473 663 sumus,
1490 630 1624 657 habemus
1641 629 1773 664 Spiritum
1794 628 1855 656 Filii

1063 679 1110 705 Dei
1124 679 1149 705 in
1165 678 1294 705 cordibus
1310 677 1412 704 nostris
1427 686 1433 704 :
1449 677 1527 711 cujus
1539 675 1655 710 gratiam
1668 681 1694 702 et
1707 674 1854 701 ellicaciam

1062 724 1251 757 contemplans
1264 723 1405 754 sacerdos,
1424 723 1524 749 clamat
1535 725 1561 748 et
1574 721 1632 748 ait:
1651 731 1659 746 ‹
1675 721 1762 749 Abba.
1777 720 1856 746 Pater

1062 769 1191 800 caelestis,
1216 769 1332 804 dignare
1356 776 1405 796 nos
1428 776 1490 794 cum
1512 767 1611 794 liducia
1635 766 1856 794 indcmnabiiiter

1062 813 1162 840 audere
1180 814 1308 840 invooare
1321 818 1346 840 te
1359 818 1386 840 et
1403 812 1501 840 dicere.
1519 821 1528 837 ι

218 857 264 882 καὶ
289 857 380 891 λέγει·
401 868 409 883 ι
440 859 560 892 Ἀ66ᾶ,ὸ
584 860 680 895 Πατὴρ
703 862 718 887 ὁ
735 858 878 896 οὐράνιος,
898 861 1016 894 ἀξίωσον
1035 861 1108 896 ἡμᾶς
1121 860 1313 896 ἀκατακρίτως
1350 861 1419 895 μετὰ
1441 859 1598 895 παρρησίας
1629 858 1732 894 τολμᾷν
1756 858 1854 884 ἐπικα-

216 901 322 929 λεῖσθαί
337 912 366 929 σε
382 905 427 930 καὶ
447 904 547 939 λέγειν.
563 915 572 931 ›

254 957 263 973 ι
280 948 372 984 Πάτερ
400 951 480 984 ἡμῶν
502 953 516 978 ὁ
539 953 568 978 ὲν
588 954 645 984 τοῖς
670 953 805 988 οὐρανοῖς,
842 963 851 979 ι
886 954 1007 989 Ἀληθῶς
1023 955 1044 983 Β

216 993 312 1028 Πατὴρ
329 994 441 1021 πάντων
463 995 540 1030 ἡμῶν
563 997 631 1028 ἐστι,
650 997 698 1024 καὶ⁴
721 998 826 1029 πάντας
839 999 929 1033 τηρεῖ.
952 998 1007 1024 Καὶ

215 1039 240 1064 εἰ
258 1039 309 1073 μὲν
331 1039 362 1065 τὸ
377 1040 484 1075 θέλημα
499 1042 584 1068 αὐτοῦ
603 1043 774 1078 πράττομεν,
798 1044 888 1079 πατὴρ
907 1043 983 1078 ἡμῶν
998 1051 1005 1059 ’

214 1085 239 1110 εί
258 1085 286 1111 δὲ
302 1085 350 1120 μὴ,
368 1083 474 1118 οὗτινος
483 1088 512 1114 τὸ
532 1089 612 1123 ἔργον
628 1089 770 1124 ποιοῦμεν,
785 1087 862 1121 οὗτός
876 1091 935 1116 ἐστι
955 1098 1009 1116 πα-

213 1131 278 1165 τήρ.
303 1132 358 1158 Kal.
373 1132 476 1164 ἄλλως·
492 1133 603 1169 Πατέρα
627 1134 709 1161 αὑτὸν
731 1135 841 1168 κα).εῖς;
858 1136 896 1166 ὡς
912 1135 1007 1161 τέκνον

214 1175 368 1208 πολιτεύου,
386 1178 429 1204 ἵνα
447 1179 594 1213 εὐάρεστος
611 1179 685 1213 αὑτῷ
704 1180 771 1216 γένῃ
795 1181 834 1215 τῷ
859 1181 947 1215 Πατρὶ
968 1180 1007 1215 τῷ

213 1223 243 1248 ἐν
253 1224 310 1253 τοῖς
319 1224 446 1258 οὐρανοῖς
460 1232 467 1240 ⁸
483 1225 524 1256 τίς
538 1225 592 1260 γὰρ
604 1225 642 1261 τῷ
653 1227 857 1261 κοσμοκράτορι
867 1227 922 1253 τῶν
931 1228 1007 1254 κάτω

214 1267 372 1302 συρομένων
385 1270 614 1304 στρατευόμενος,
633 1272 680 1297 καὶ
703 1272 910 1306 υίοθετούμενος
931 1273 1007 1307 αὐτῷ

213 1312 258 1339 διὰ
274 1313 329 1340 τῶν
353 1315 480 1349 πονηρῶν
507 1315 609 1350 ἔργων,
631 1317 718 1352 τολμᾷ
737 1317 783 1343 τὸν
799 1317 885 1344 αἴτιον
905 1319 1006 1350 παντὸς

212 1359 317 1392 ἀγαθοῦ
336 1360 439 1395 Κύριον
456 1362 546 1388 εἰπεῖν
569 1362 696 1398 Πατέρα;
726 1363 812 1398 Δῆλον
826 1364 854 1390 δὲ
870 1364 911 1390 ὅτι
929 1362 1006 1396 οὗτος

211 1405 243 1431 οὐ
255 1404 301 1430 τὸν
312 1405 415 1440 Κύριον
437 1405 551 1434 Σαϐαὼθ
568 1407 615 1433 κα)
621 1409 646 1433 εἰ
658 1408 778 1442 Πατέρα,
794 1408 861 1435 ἀλλὰ
872 1409 917 1436 τὸν
929 1410 1006 1435 ἀντι-

213 1451 351 1486 κείμενον,
367 1450 397 1479 οὗ
414 1453 462 1479 καὶ
475 1453 509 1479 τὰ
529 1452 598 1488 ἔργα
612 1454 739 1489 πράττει.
759 1455 876 1486 Ἄλλως
894 1456 1006 1490 Πατέρα

212 1497 314 1531 λέγεις,
329 1499 465 1534 ἄνθρωπε,
478 1499 525 1526 τὸν
541 1500 624 1533 Θεόν;
639 1501 730 1533 καλῶς
749 1502 838 1536 λέγεις
850 1511 856 1517 ·
879 1502 938 1529 ἔστι
951 1503 1006 1538 γὰρ

213 1544 309 1579 Πατὴρ
334 1545 381 1571 καὶ
412 1545 531 1581 Ποιητής
559 1547 668 1574 πάντων
701 1548 798 1582 ἡμῶν
816 1548 884 1574 ἀλλὰ
905 1549 1005 1575 σπεῦδε

212 1590 380 1626 ἐργάξεσθαι
405 1593 475 1628 ἔργα
493 1592 646 1628 ἀρέσκοντα
660 1593 699 1628 τῷ
717 1593 804 1628 Πατρί
832 1602 889 1620 σου.
921 1595 952 1620 El
976 1594 1005 1621 δὲ

212 1636 287 1662 κακὰ
303 1636 371 1672 ἔργα
389 1639 486 1670 ποιεῖς,
509 1638 644 1673 πρόδηλον
658 1639 698 1665 ὅτι
712 1639 758 1666 τὸν
770 1639 894 1666 διάϐολον
905 1642 1003 1667 ὲπικα-
1018 1629 1038 1657 C

211 1681 269 1713 λείς
294 1683 410 1717 πατέρα.
435 1681 520 1715 Οὗτος
538 1684 593 1719 γάρ
619 1685 693 1711 ἐστιν
709 1684 806 1720 ἔφορος
821 1686 876 1713 τῶν
898 1687 1001 1714 κακῶν.

213 1728 259 1754 Διὸ
272 1728 370 1755 σπεῦδε
395 1730 526 1763 ἐκφυγεῖν
548 1729 652 1762 τοῦτον,
671 1730 720 1757 Ital.
737 1731 836 1767 ἀρέσαι
855 1731 894 1766 τῷ
908 1732 1004 1766 ἀγαθῷ

212 1773 302 1809 Πατρί
319 1783 367 1801 σου
385 1775 431 1801 καὶ
443 1775 545 1811 Ποιητῇ
563 1784 621 1803 σου.

253 1874 262 1890 ι
272 1865 447 1900 Ἁγιασθήτω
459 1866 489 1893 τὸ
500 1867 587 1902 ὄνομά
600 1876 675 1894 σου.»
685 1869 794 1903 ’Ὀνομά
807 1870 865 1895 ὲστι
876 1869 924 1895 τοῦ
936 1869 1002 1896 Υίοῠ

211 1911 259 1938 τοῦ
272 1912 353 1943 Θεοῦ,
368 1912 399 1938 τὸ
413 1913 561 1947 ἐπικληθὲν
570 1914 612 1947 έφ¹
628 1915 716 1949 ἡμᾶς’
735 1915 855 1950 Χριστὸς
872 1915 936 1950 γὰρ.
955 1915 1004 1942 καὶ

213 1959 295 1993 ἡμεῖς
310 1959 480 1994 Χριστιανοὶ,
505 1960 550 1986 καὶ
571 1960 602 1986 τὸ
620 1961 705 1995 δνομα
724 1961 805 1988 αὐτοῦ
824 1962 1003 1997 ἐπικέκληται

213 2004 291 2037 ἡμῖν.
305 2003 360 2030 Kal.
379 2003 488 2046 ἀληθῶς
501 2004 579 2038 ἅγιος
591 2004 605 2029 ὁ
620 2005 697 2037 Θεὸς,
708 2005 766 2032 ἀλλ’
780 2007 860 2041 ἡμεῖς
877 2015 1002 2042 παρακα-

212 2048 324 2083 λοῦμεν,
344 2049 387 2076 ἵνα
408 2050 510 2087 ἁγιάσῃ
522 2050 552 2077 τὸ
567 2051 654 2086 δνομα
668 2051 752 2078 αὑτοῦ
771 2053 800 2078 ὲν
814 2053 890 2086 ἡμῖν,
911 2053 925 2079 ὃ
943 2053 1002 2079 ἐστι

212 2095 242 2120 τὸ
258 2095 340 2130 ἔργον
353 2095 431 2130 ἡμῶν
442 2095 626 2130 ἁξιολὰγιστον
637 2105 644 2111 ·
658 2097 736 2131 ἆγιον
743 2097 790 2124 κοιὶ¹
804 2098 874 2129 ὅλως
881 2098 1002 2133 καθαρὸν

213 2141 315 2176 ποιήσῃ
331 2141 361 2167 τὸ
377 2141 458 2177 σῶμα
482 2142 563 2176 ἡμῶν
575 2150 581 2158 ·
599 2142 643 2169 ἵνα
663 2143 831 2179 ἀνέγκλητον
856 2144 957 2180 εὑρεθῇ
973 2145 1002 2171 ὲν

212 2187 244 2220 τῇ
256 2187 350 2222 ἡμέρᾳ
360 2187 409 2222 τῆς
420 2187 584 2221 ἀπολογίας.
597 2187 653 2214 Kal.
661 2188 687 2214 τί
702 2189 765 2223 γάρ;
776 2189 826 2216 οὐκ
836 2189 909 2216 ἐστιν
926 2189 1002 2224 ἅγιος

211 2232 323 2265 διθεόςς
341 2233 396 2259 Nal.
425 2234 502 2268 ἇγιος
515 2242 521 2248 ·
543 2233 612 2260 ἀλλὰ
633 2234 713 2260 τοῦτο
732 2234 837 2268 λέγεις’
869 2235 915 2261 Ἐν
939 2234 1002 2270 ἐμοὶ

215 2287 224 2302 ε
238 2278 398 2326 ἁγιασθήτω
415 2279 446 2305 τὸ
461 2278 547 2314 ὄνομά
565 2287 624 2312 σοι),
638 2288 647 2304 ι
659 2279 734 2310 ὅπως
751 2279 845 2306 ῑδωσιν
856 2280 881 2306 οί
896 2279 1001 2315 ἄνθρω-
1017 2299 1038 2326 D

212 2331 258 2349 ποι
276 2323 311 2350 τὰ
325 2323 398 2350 καλά
416 2323 486 2358 ἔργα
501 2332 562 2358 μου,
576 2324 625 2351 καὶ
636 2323 770 2358 δοξάσωσί
783 2333 813 2351 σε
827 2325 873 2352 τὸν
890 2325 1002 2360 Πατέρα

211 2371 259 2395 καὶ
275 2370 396 2405 Ποιητήν
412 2379 473 2405 μου.

250 2425 260 2441 ι
280 2416 398 2442 Ἐλθέτω
413 2415 564 2451 ἠβασιλεία
579 2425 636 2443 σον.
651 2426 660 2443 ι
675 2416 707 2443 Ἦ
721 2416 844 2451 βασιλεία
858 2415 906 2443 τοῦ
921 2416 1000 2449 Θεοῦ,

211 2461 240 2487 τὺ
257 2461 370 2496 11·θεῦμά
387 2462 446 2488 ἐστι
470 2463 503 2488 τὸ
525 2462 613 2496 ἅγιον,
626 2462 664 2494 ὡς
680 2462 753 2497 λέγει
767 2470 774 2478 ·
798 2472 807 2488 ‹
828 2461 860 2488 Ἦ
877 2462 1002 2497 βασιλεία

210 2506 264 2533 τῶν
274 2507 399 2542 οὐρανῶν
414 2507 491 2539 ἐντὸς
512 2508 588 2544 ὑμῶν
611 2509 680 2535 ἐστι.
701 2517 710 2533 ι
729 2508 774 2543 Τῷ
788 2508 929 2543 Πνεύματι
945 2508 1000 2543 γὰρ

211 2551 248 2587 τῷ
267 2553 339 2588 ἁγίῳ
359 2553 409 2579 σὺν
428 2553 516 2588 Πατρὶ
531 2554 578 2579 καὶ
591 2553 648 2588 Υίῷ
663 2553 693 2580 τὸ
710 2553 863 2588 βασιλεύειν
887 2553 999 2588 πρέπει,

210 2598 249 2632 τῷ
263 2598 406 2633 ἁγιάζοντι
425 2599 472 2626 καὶ
486 2599 631 2633 φωτίζοντι
645 2600 695 2631 τὰς
707 2600 805 2634 νοερᾶς
822 2599 869 2626 καὶ
886 2599 998 2633 ἀγγελι-

211 2645 262 2675 κὰς
284 2645 431 2679 δυνάμεις,
455 2645 505 2672 καὶ
520 2645 664 2680 οὐρανίους
681 2645 821 2680 στρατιὰς,
839 2645 886 2672 καὶ
910 2645 999 2672 πάντα

210 2690 354 2726 ἄνθρωπον
369 2692 517 2727 ἐρχόμενον
534 2692 574 2723 εἰς
585 2692 630 2718 τὸν
640 2692 754 2728 κόσμον,
769 2692 817 2719 καὶ
834 2692 998 2720 πιστεύοντα

209 2737 251 2768 είς
269 2736 301 2763 τὺ
325 2736 412 2772 ὄνομα
439 2736 486 2763 τοῦ
511 2737 619 2773 Πατρὺς
644 2738 692 2765 καὶ
714 2737 761 2765 τοῦ
791 2737 859 2765 Υίοῦ
879 2738 926 2766 καὶ
950 2738 998 2766 τοῦ

259 2805 281 2819 "
296 2804 362 2831 Luc.
382 2812 447 2836 ml,
461 2804 505 2831 2|.

245 2861 299 2892 (li)
313 2861 419 2896 Πατὴρ,
433 2861 512 2896 quasi
535 2863 638 2893 πάντας
648 2859 748 2896 τηρῶν.

1099 961 1108 977 ι
1125 951 1205 979 Pater
1218 955 1321 984 noster,
1335 951 1381 985 qui
1399 958 1429 978 es
1445 951 1471 977 in
1491 950 1578 977 cmlis.
1590 959 1598 975 ι
1614 948 1681 977 Vere
1699 948 1780 976 Pater
1794 957 1852 976 om-

1059 997 1134 1024 nium
1157 1000 1280 1024 nostrum
1295 1000 1347 1027 est.
1362 1000 1390 1023 et
1406 1003 1502 1023 omnes
1517 996 1557 1030 (ut
1572 995 1648 1022 vocis
1661 999 1766 1029 etymon
1783 996 1853 1022 indi~

1058 1050 1101 1071 cat
1113 1043 1181 1076 (11),
1200 1047 1301 1070 servat.
1317 1043 1355 1069 Ac
1369 1041 1514 1076 siquidem
1531 1041 1700 1067 voluntatem
1713 1040 1773 1074 ejus
1786 1041 1852 1067 faci-

1058 1097 1132 1120 mus,
1155 1092 1231 1122 pater
1257 1092 1303 1115 est
1326 1091 1419 1115 noster
1442 1095 1450 1113 :
1469 1087 1511 1114 sin
1537 1086 1639 1118 minus,
1661 1085 1850 1120 cujuscunque

1058 1141 1127 1169 opus
1142 1133 1270 1165 facimus,
1295 1134 1318 1160 is
1341 1137 1383 1160 est
1407 1137 1496 1167 pater.
1516 1132 1550 1159 Et
1567 1131 1648 1159 aliter
1667 1140 1674 1158 :
1691 1130 1770 1158 Pater
1785 1138 1849 1157 eum

1057 1181 1155 1208 vocas?
1170 1185 1199 1207 ut
1214 1180 1299 1207 Filius
1314 1180 1397 1206 vitam
1415 1184 1488 1206 tuam
1510 1178 1632 1210 institue,
1650 1181 1680 1205 ut
1698 1182 1796 1212 igratus
1811 1177 1850 1204 sis

1057 1230 1084 1253 et
1096 1226 1203 1261 placeas
1218 1225 1268 1260 ipsi
1285 1230 1331 1252 tuo
1345 1224 1420 1252 Patri
1434 1224 1480 1259 qui
1495 1224 1522 1251 in
1535 1224 1612 1251 caelis
1627 1227 1687 1251 est:
1702 1224 1764 1257 quis
1775 1223 1848 1250 enim

1057 1273 1109 1300 sul)
1131 1272 1228 1299 mundi
1251 1271 1372 1306 principe
1395 1278 1543 1304 rerumque
1565 1270 1719 1297 inferarum
1737 1274 1849 1303 potente

1057 1318 1189 1349 militans,
1207 1322 1234 1345 et
1250 1318 1277 1344 in
1297 1318 1383 1344 ﬁlium
1400 1317 1424 1344 ei
1440 1317 1588 1351 adoptatus
1599 1336 1606 1348 ,
1622 1316 1702 1343 malis
1719 1316 1848 1350 operibus

1057 1364 1155 1390 audeat
1171 1363 1319 1390 Auctorem
1334 1363 1458 1390 omnium
1481 1363 1618 1390 bonorum
1643 1369 1675 1389 ac
1701 1361 1847 1388 Dominum

1056 1409 1147 1436 dicere
1160 1409 1289 1436 Patrem?
1305 1408 1415 1435 Certum
1432 1412 1474 1435 est
1489 1408 1561 1443 quod
1580 1408 1624 1435 hic
1636 1415 1689 1434 non
1701 1406 1846 1434 Dominum

1057 1454 1176 1481 Sabaoth
1212 1458 1290 1481 vocat
1321 1454 1439 1485 Patrem,
1466 1454 1511 1480 sed
1539 1453 1738 1484 adversarium,
1767 1452 1848 1485 cujus

1055 1500 1138 1527 ctiam
1155 1507 1237 1534 opera
1265 1500 1338 1527 facit.
1356 1500 1442 1526 Aliter
1457 1508 1463 1525 ε
1481 1499 1587 1526 Patrem
1614 1499 1681 1526 dicis
1707 1499 1735 1532 (o
1755 1497 1846 1532 homo)

1055 1545 1161 1573 Deum?
1186 1546 1315 1580 prmclare
1340 1545 1419 1577 dicis,
1446 1549 1489 1572 est
1504 1544 1576 1572 enim
1594 1545 1674 1571 Pater
1695 1549 1722 1571 et
1747 1544 1847 1570 Auctor

1056 1591 1179 1619 oumium
1198 1596 1322 1619 nostrum
1339 1600 1345 1618 :
1362 1592 1407 1619 sed
1426 1591 1525 1619 festina
1542 1599 1573 1618 ea
1589 1591 1665 1618 obire
1681 1590 1773 1617 munia
1786 1598 1848 1624 quae

1055 1643 1102 1666 tuo
1121 1639 1247 1674 placeant
1263 1638 1347 1665 Patri.
1370 1638 1398 1666 Si
1416 1646 1479 1666 vero
1496 1638 1568 1665 mala
1585 1645 1667 1672 opera
1688 1636 1766 1670 facis,
1782 1645 1845 1672 per-

1055 1686 1180 1720 spicuum
1201 1689 1242 1712 est
1268 1689 1294 1712 te
1318 1685 1458 1712 diabolum
1484 1685 1613 1711 invocare
1639 1687 1766 1717 patrem:
1790 1683 1847 1716 ipse

1054 1732 1125 1758 cnim
1144 1736 1186 1758 est
1210 1739 1311 1766 przrses
1336 1731 1483 1757 malorum.
1500 1730 1634 1762 Quocirca
1653 1729 1752 1756 festina
1774 1729 1847 1755 hunc

1054 1777 1185 1812 eﬂ‘ngere,
1201 1782 1228 1804 et
1244 1777 1323 1804 bono
1339 1777 1413 1806 Patri
1427 1779 1474 1803 tito
1490 1780 1517 1803 et
1531 1775 1705 1803 Procreatori
1723 1779 1768 1802 tuo
1788 1775 1846 1809 pla-

1054 1830 1127 1850 cere.

1092 1877 1101 1894 ‹
1123 1868 1314 1896 Sanctiﬁcetur
1335 1875 1434 1895 nomen
1458 1871 1546 1893 tuum.
1565 1875 1574 1891 ι
1592 1866 1694 1893 Nomen
1718 1869 1760 1893 est
1784 1865 1844 1892 Filii

1054 1914 1111 1947 Dei,
1126 1915 1199 1949 quod
1222 1914 1379 1941 invocatum
1397 1917 1437 1940 est
1456 1920 1539 1947 super
1554 1920 1616 1939 nos.
1633 1912 1759 1939 Christus
1771 1912 1844 1938 cnim

1053 1964 1106 1993 est,
1120 1965 1146 1987 et
1160 1967 1210 1987 nos
1227 1958 1387 1988 Christiani.
1403 1963 1430 1985 et
1452 1959 1486 1985 ab
1500 1957 1560 1992 ejus
1579 1957 1689 1984 nomine
1705 1957 1845 1991 cognomi-

1053 2005 1110 2033 nati
1139 2012 1246 2032 sumus.
1275 2004 1401 2031 Profecto
1424 2011 1487 2031 vere
1514 2007 1626 2031 sanctus
1648 2007 1690 2030 est
1709 2003 1778 2030 Deus
1796 2011 1802 2028 :
1818 2006 1846 2029 at

1053 2059 1104 2079 nos
1119 2050 1304 2086 supplicamus
1317 2054 1345 2077 ut
1365 2058 1464 2077 nomen
1481 2057 1561 2077 suum
1586 2050 1612 2075 in
1631 2048 1710 2076 nobis
1725 2049 1845 2075 sanctill-

1054 2101 1105 2129 cet,
1122 2097 1194 2132 quod
1207 2101 1248 2124 est
1263 2104 1332 2132 opus
1347 2101 1471 2123 nostrum
1489 2095 1588 2122 rationi
1603 2099 1817 2122 consentaneum
1836 2103 1842 2121 :

1054 2147 1179 2171 sanctum
1196 2147 1223 2170 et
1239 2142 1355 2169 omnino
1378 2132 1476 2176 purum
1494 2141 1574 2169 faciat
1592 2148 1692 2175 corpus
1707 2144 1842 2169 nostrum.

1053 2193 1083 2216 ut
1097 2189 1318 2222 irreprehensum
1333 2188 1489 2215 inveniatur
1500 2188 1526 2215 in
1540 2188 1584 2214 die
1595 2187 1761 2214 defensionis
1775 2187 1842 2220 (1'2).

1053 2234 1157 2269 Ecquid
1180 2235 1251 2261 enim
1270 2241 1324 2261 non
1339 2238 1380 2262 est
1396 2239 1508 2262 sanctus
1524 2233 1613 2261 Deus?
1640 2233 1766 2260 Profecto
1781 2240 1844 2260 sau-

1053 2285 1114 2308 ctus
1127 2285 1186 2315 est;
1200 2281 1247 2309 sed
1263 2281 1315 2308 hoc
1339 2281 1398 2307 ais:
1415 2280 1444 2307 in
1460 2288 1503 2308 me
1517 2289 1526 2305 ι
1547 2279 1731 2307 sanctiﬁcelur
1745 2286 1842 2305 nomen

1053 2330 1140 2358 tuum,
1162 2335 1171 2351 ›
1187 2330 1216 2353 ut
1233 2326 1341 2352 videant
1359 2326 1483 2352 homines
1499 2325 1569 2351 bona
1585 2331 1667 2358 opera
1684 2330 1754 2355 mea,
1775 2327 1802 2349 et
1817 2327 1843 2347 te

1051 2370 1317 2406 gloriﬁcentPatrem
1332 2375 1359 2398 et
1366 2370 1508 2398 Factorem
1525 2377 1627 2396 meum.

1089 2426 1098 2442 ε
1116 2415 1251 2444 Adveniat
1272 2423 1386 2450 regnum
1402 2421 1489 2442 tuum.
1510 2424 1519 2440 ι
1536 2414 1659 2448 Regnum
1677 2412 1735 2445 Dei,
1754 2411 1842 2447 Spiri-

1051 2465 1094 2488 tus
1105 2465 1147 2488 est
1167 2465 1289 2492 sanctus,
1304 2459 1535 2495 quemadmodum
1553 2458 1590 2485 ait
1606 2467 1612 2484 :
1629 2457 1748 2492 Regnum
1763 2456 1841 2484 caelo-

1051 2516 1109 2534 rum
1126 2508 1197 2534 intra
1215 2515 1258 2533 vos
1273 2511 1311 2533 est
1326 2506 1360 2532 τι.
1381 2505 1495 2541 Spiritui
1509 2505 1582 2532 enim
1598 2509 1695 2531 sancto
1709 2511 1771 2531 cum
1788 2503 1840 2530 Pa-

1052 2557 1094 2580 tre
1118 2557 1145 2580 et
1168 2552 1236 2580 Filio
1261 2560 1375 2588 regnare
1404 2552 1540 2582 convenit.
1571 2551 1617 2585 qui
1646 2549 1798 2578 sanctiﬁcat
1815 2554 1842 2576 et

1051 2598 1188 2625 illuminat
1211 2598 1346 2633 spiritales
1366 2601 1394 2625 et
1408 2597 1545 2631 angelicas
1562 2600 1719 2631 potestates,
1735 2600 1762 2622 et
1783 2603 1841 2622 cce-

1050 2642 1132 2673 lestes
1146 2644 1295 2677 exercitus,
1309 2649 1337 2672 et
1355 2651 1464 2671 omnem
1485 2643 1623 2671 hominem
1642 2642 1792 2669 venientem
1813 2642 1839 2668 in

1050 2691 1192 2723 mundum,
1205 2695 1231 2718 et
1247 2691 1403 2718 credentem
1415 2691 1444 2717 in
1458 2690 1570 2717 nomine
1585 2688 1674 2716 Patris
1690 2692 1715 2715 et
1737 2687 1796 2714 Filii
1813 2692 1839 2715 et

1047 2737 1135 2765 sancti
1151 2737 1279 2772 Spiritus.
1299 2737 1369 2765 Vere
1386 2736 1443 2765 Rex
1460 2741 1550 2770 terrae,
1568 2736 1717 2765 visibilium
1728 2738 1754 2763 et
1768 2734 1836 2762 invio

1087 2860 1140 2895 (i2)
1161 2860 1335 2895 Ἀπολογίας,
1346 2862 1488 2890 ῐεᾱάοηιίω
1500 2862 1624 2890 rationis.
