2086 3155
230 171 284 204 ιιξι

761 176 792 207 S.
807 176 982 206 GERMANI
996 175 1251 206 ΡΑΤῘΠΛΗΩΗίΕ
1268 176 1322 206 CP.

1800 173 1853 206 ιιι

232 229 364 256 ιιὶιιῑηιιπι.
390 228 441 256 Sed
457 230 687 263 quemadmodum
705 238 766 258 cum
785 232 880 259 civitas
896 233 1015 258 cireum-

1078 232 1148 264 ιγίου
1167 232 1331 266 [Ινεύματος.
1354 231 1476 266 Ἀληθῶς
1506 231 1634 267 βασιλεὺς
1656 233 1722 266 γῆς,
1747 232 1853 267 ὁρατῶν

232 275 293 301 data
309 278 351 301 est
376 274 409 300 alt
425 275 560 306 hostibus,
581 276 693 310 requirit
708 284 722 303 a
747 285 808 311 rege
823 277 964 307 auxilium,
983 277 1017 303 ita

233 323 259 345 et
283 327 331 346 nos
346 319 506 347 circumdati
532 321 567 349 ah
594 321 757 348 adversariis
787 323 967 356 potestatibus
991 327 1019 350 et

233 366 362 398 pereatis,
378 366 527 398 quau-imus
549 367 584 392 ab
599 374 632 393 eo
649 367 780 394 auxilium
797 372 826 394 ut
844 376 893 395 nos
913 368 1017 395 liberet.

234 410 334 444 ltrgrm
351 411 492 449 appellas?
517 412 565 439 [ius
584 416 614 439 ut
635 413 786 446 spiritualis
803 414 891 445 miles,
912 417 940 439 ut
962 414 1020 448 pla-

233 464 296 482 ceas
310 455 433 490 Regi-qui
448 461 472 483 te
485 458 511 484 in
524 466 603 484 suum
619 459 768 485 exercitum
782 460 930 494 allegat.Et
942 451 1031 494 quid:

235 502 317 528 Imm?
342 511 393 528 nou
420 507 461 529 est
490 511 534 530 rex
568 504 646 536 Deus,
672 505 745 539 quod
776 505 954 532 adventui-um
979 510 1021 532 est

235 555 348 580 regnum
369 548 447 581 ejus?
463 548 542 575 Certe
558 549 612 576 Rex
628 551 750 576 omnium
766 555 827 577 est:
848 557 874 578 at
889 552 1022 585 quemad-

236 593 345 618 modum
373 594 470 621 civitas
490 595 667 628 circumdata,
693 601 722 623 ut
748 605 830 631 supra
854 597 967 624 dictum.
989 598 1021 625 Et

235 638 289 664 alio
308 640 398 665 modo.
411 640 480 666 Cum
498 640 630 675 Propheta
650 642 723 669 dicat
741 651 747 669 :
769 652 777 667 ι
801 643 932 678 Regnavit
952 644 1021 671 Deus

235 690 318 716 super
340 689 433 718 gentes
458 685 498 718 ⁷⁸,
525 695 534 711 ι
560 687 696 720 praeterito
723 692 843 722 tempore
874 695 903 715 ut
930 689 1021 717 futuro

212 751 214 753 ,
238 735 314 759 usus,
342 728 423 762 hujus
453 729 491 756 rei
516 731 602 764 gratia
629 731 809 758 vociferantur
833 742 839 759 τ
861 742 870 758 ι
890 734 1022 760 Adw-niat

237 780 350 807 regnum
367 779 455 807 tuum,
474 784 483 800 ι
509 783 592 810 super
606 784 656 804 nos
668 778 715 812 qui
737 783 831 814 gentes
847 787 953 812 sumus,
971 779 1022 806 Do-

237 826 322 846 nune.

277 918 285 934 ι
301 908 360 935 Fiat
379 910 504 938 voluntas
521 915 566 938 tua
584 913 654 940 sicut
671 913 696 940 in
719 914 788 941 coelo
811 919 838 941 et
862 915 886 941 in
909 919 991 942 terra.
1010 925 1020 942 ι
1039 897 1058 923 Β

238 954 369 983 Voluntas
393 957 437 983 Dei
463 962 489 984 et
516 957 617 991 Patris,
632 959 797 993 dispensatio
813 959 872 987 Filii
894 961 953 994 ejus
971 966 1021 988 est.

237 1000 332 1034 Augt-li
349 1001 375 1026 in
391 1001 471 1034 cmlo,
497 1002 523 1028 in
544 1005 690 1031 concordia
706 1009 731 1031 et
747 1013 882 1032 consensu
895 1012 970 1038 sunt,
989 1009 1023 1035 ita

237 1046 385 1078 quwrimus
404 1051 431 1073 et
458 1054 509 1074 nos
535 1048 560 1074 iu
582 1049 717 1076 cliaritate
738 1058 791 1077 non
819 1051 881 1078 ﬁcta
907 1053 999 1079 vivere
1010 1062 1022 1080 »ε

237 1093 420 1126 quodcunque
439 1092 480 1119 vis
497 1085 530 1120 ac
544 1095 680 1128 requiris,
699 1095 726 1122 in
742 1097 811 1123 ccelo
831 1098 860 1124 lit
877 1106 883 1124 :
906 1097 932 1124 in
954 1103 1024 1125 terra

238 1140 268 1163 ut
283 1137 307 1163 id
335 1137 393 1168 ﬁat.
422 1137 508 1165 facias
529 1145 647 1173 oportet.
666 1140 769 1169 Sensus
795 1147 837 1169 est
865 1143 1023 1177 ejusmodi:

240 1184 363 1217 Domine,
378 1186 608 1220 quemadmodum
625 1188 653 1215 [it
677 1188 703 1215 in
720 1189 789 1216 omlo
813 1190 939 1217 voluntas
967 1195 1023 1222 tua,

238 1234 265 1257 et
281 1235 345 1258 sunt
366 1238 461 1260 omnes
490 1234 577 1268 angeli
595 1234 621 1260 in
644 1242 718 1268 pace,
745 1243 794 1262 nec
814 1241 857 1263 est
882 1237 908 1263 in
922 1237 962 1264 eis
979 1237 1025 1271 qui

239 1275 321 1308 pellat
335 1281 362 1302 et
377 1277 425 1311 qui
443 1277 570 1311 pellatur,
591 1287 679 1313 neque
697 1280 742 1314 qui
760 1281 861 1315 :imigat
878 1287 905 1308 et
923 1282 1027 1317 aﬂliga-

239 1326 294 1352 tur,
311 1329 398 1356 neque
408 1323 454 1357 qui
469 1323 568 1350 bellum
588 1319 761 1360 aggrediatur
775 1332 801 1354 et
817 1328 863 1361 qui
880 1328 1026 1360 sustineat,

241 1368 287 1394 sed
301 1375 396 1396 omnes
411 1369 436 1396 in
455 1370 587 1404 profunda
605 1372 800 1406 tranquillitate
814 1373 965 1408 gloriﬁcaut
980 1379 1005 1402 te
1018 1395 1026 1407 ,

241 1412 277 1439 ita
304 1413 382 1440 et~iu
409 1414 487 1442 nobis
515 1415 671 1444 hominibus
696 1418 742 1451 qui
768 1426 864 1446 sumus
889 1419 916 1446 in
945 1425 1026 1454 terra,

244 1467 253 1483 ι
274 1459 319 1486 liat
340 1459 466 1487 voluntas
483 1465 540 1493 tua,
557 1471 566 1487 ι
593 1466 623 1488 ut
639 1470 734 1490 omnes
752 1471 846 1499 gentes
862 1473 916 1492 uno
938 1473 985 1493 ore
1002 1470 1030 1493 et

241 1512 296 1531 uno
324 1506 406 1532 corde
433 1507 618 1541 glarilicemus
640 1512 665 1536 le
681 1508 821 1537 Factorem
852 1515 879 1538 et
905 1516 1027 1539 nostrum

242 1551 364 1577 orunium
379 1551 498 1579 Patrem.

281 1649 290 1664 ι
312 1639 410 1666 Panem
440 1645 563 1668 nostrum
587 1642 776 1676 quotidianum
805 1643 863 1679 (I5)
890 1644 924 1672 da
950 1645 1043 1685 nobis.

244 1685 332 1712 hodie.
350 1695 359 1710 I
387 1685 469 1713 Panis
492 1688 669 1722 quotidianus
696 1693 738 1716 est
761 1689 896 1723 Christus,
912 1690 959 1725 qui
977 1695 1028 1723 est,

243 1731 291 1765 qui
316 1736 377 1758 ante
394 1731 453 1759 fuit.
469 1737 495 1759 et
517 1733 564 1767 qui
581 1739 670 1760 manet
687 1735 713 1760 in
729 1735 828 1762 saecula
845 1743 852 1760 :
869 1736 916 1770 qui
933 1744 963 1763 se
979 1743 1028 1764 vo-

244 1776 365 1804 luntario
390 1778 491 1811 praebet
513 1779 659 1809 edendum.
687 1785 714 1807 et
742 1780 801 1808 sine
822 1783 1031 1816 consumptione

244 1828 385 1857 permanet
407 1831 523 1858 semper.
539 1829 568 1851 ut
584 1825 628 1852 det
648 1826 729 1853 vitam
746 1827 848 1854 mundo
865 1836 872 1854 :
888 1836 968 1862 quem
984 1835 1031 1862 per

244 1869 412 1903 baptismum
431 1876 584 1905 acceptum,
596 1872 720 1908 petimus
733 1877 763 1899 ut
780 1880 889 1907 semper
908 1874 1031 1908 accipia-

245 1922 317 1947 mus,
344 1915 504 1948 habeamus,
530 1921 558 1943 et
573 1917 760 1948 comedamus,
789 1919 906 1952 petimus
929 1924 1032 1947 natura:

244 1964 346 1987 nostrae
373 1961 598 1994 convenientem;
622 1967 650 1988 ut
672 1970 722 1989 nos
738 1970 771 1990 eo
796 1964 883 1991 simus
898 1965 1030 1998 contenti,

246 2009 276 2031 ut
296 2013 329 2032 ne
347 2012 480 2040 pauperes
502 2005 566 2033 facti
585 2014 611 2033 et
627 2006 698 2034 fame
716 2008 895 2039 tabescentes.
913 2009 947 2035 ad
973 2009 1032 2036 hla-

245 2052 385 2086 spheutias
402 2057 603 2085 convertamur,
629 2057 675 2079 aut
700 2061 782 2087 supra
809 2055 919 2081 modum
944 2055 1029 2081 abun-

246 2098 344 2124 dantes
367 2097 523 2130 efferamur,
539 2103 566 2124 et
591 2106 605 2125 a
631 2103 656 2125 te
684 2099 868 2133 projiciamur.
892 2100 991 2127 Panem
1010 2101 1033 2136 si

247 2150 365 2175 qutvras.
382 2150 479 2169 aurum
496 2151 529 2170 ne
544 2143 669 2171 cumules
687 2153 693 2170 :
716 2145 759 2171 sin
775 2145 822 2171 tihi
841 2146 917 2172 deest
934 2151 961 2173 et
978 2146 1035 2180 pri-

247 2188 337 2220 varis,
360 2188 386 2215 id
409 2188 557 2215 admoneat
583 2193 608 2215 te
634 2193 663 2215 ttt
691 2197 810 2224 quaeras.
840 2190 1033 2223 Quotidianuul

994 1567 1005 1572 “
1043 1570 1064 1598 C

1069 279 1117 304 καὶ
1142 278 1277 312 ἀοράτων.
1303 277 1373 304 Ἀλλ’
1391 277 1486 312 ὥσπερ
1511 277 1588 308 πόλις
1612 277 1781 304 κνκλωθεῖσα
1802 279 1855 305 ὑπὸ

1069 325 1186 360 ἐχθρῶν,
1201 324 1278 360 ζητεῖ
1286 325 1334 359 τὴν
1349 325 1396 351 τοῦ
1416 324 1548 359 βασιλέως
1567 324 1707 359 βοήθειαν·
1722 324 1793 352 οὕτω
1808 326 1855 351 καὶ

1070 372 1150 406 ἡμεῖς
1163 371 1353 402 κυκλωθέντες
1364 370 1417 397 ὑπὸ
1436 370 1490 396 τῶν
1503 370 1632 396 ἐναντίων
1651 370 1791 404 δυνάμεων
1809 371 1855 397 καὶ

1069 416 1124 442 τῶν
1138 416 1290 451 ἁμαρτιῶν,
1310 414 1446 450 ζητοῦμεν
1463 413 1528 449 παρ’
1538 413 1628 440 αὑτοῦ
1651 413 1793 449 βοήθειαν,
1811 415 1855 440 ἵνα

1069 462 1241 497 λυτρώσηται
1264 462 1348 496 ἡμᾶς.
1373 461 1426 487 Τὸν
1456 460 1568 495 βασιλέα
1584 460 1694 492 καλεῖςς
1717 460 1798 500 Γενοῦ
1818 460 1856 491 ὼς

1070 507 1255 542 πνευματικὸς
1266 506 1445 542 στρατιώτης,
1462 506 1505 532 ῐνα
1518 505 1620 540 ἀρέσῃς
1694 505 1798 540 βασιλεῖ
1818 505 1857 540 τῷ

1072 551 1318 587 στρατολογήσαντι
1335 551 1440 578 calﬁeri.
1455 551 1481 577 τί
1496 550 1569 586 γάρ;
1587 551 1637 577 οὐκ
1654 551 1711 577 ἐστι
1732 551 1856 585 βασιλεὺς

1070 597 1084 623 ὁ
1099 598 1176 629 Θεὸς,
1192 598 1234 624 ὅτι
1247 597 1339 632 μέλλει
1352 597 1481 632 ἔρχεσθαι
1496 597 1512 632 ἡ
1532 597 1658 631 βασιλεία
1671 596 1771 630 αὐτοῦς
1791 597 1855 628 Ναὶ,

1072 644 1200 680 βασιλεὺς
1225 645 1335 671 πάντων
1348 644 1437 670 ἐστίν·
1456 643 1513 670 ἀλλ’
1530 643 1625 679 ὥσπερ
1648 643 1725 675 πόλις
1754 643 1859 670 κυκλω-

1072 691 1160 721 θεῑσα,
1178 690 1216 722 ὡς
1235 690 1355 725 εἴρηται,
1372 690 1421 716 καὶ
1435 689 1507 716 κατὰ
1518 689 1596 716 ἄλλον
1611 689 1723 724 τρόπον.
1750 689 1858 722 Ἐπειδὴ

1071 737 1085 762 ὁ
1094 736 1238 771 προφήτης
1250 736 1334 769 λέγει·
1342 745 1351 761 ι
1367 735 1561 762 Ἐϐασίλευσεν
1570 737 1584 762 ὁ
1596 736 1661 767 Θεὸς
1670 735 1717 761 ἐπὶ
1724 736 1756 762 τὰ
1766 735 1839 770 ἔθνη,
1847 744 1856 760 ι

1071 781 1111 816 τῷ
1125 781 1323 816 παρεληλυθότι
1344 781 1433 816 χρόνῳ
1461 781 1499 813 ὡς
1525 781 1650 815 μέλλοντι
1674 781 1858 816 χρησάμενος,

1073 828 1152 862 χάριν
1166 827 1260 853 τούτου
1272 826 1410 862 κράζομεν
1421 835 1428 842 ·
1443 835 1452 852 ι
1474 826 1591 853 Ἐλθέτω
1602 828 1618 861 ἡ
1630 827 1754 861 βασιλεία
1768 835 1815 853 σου
1827 848 1832 859 ,
1848 836 1857 852 ι

1073 873 1115 907 ἐφ’
1130 874 1205 908 ἡμᾶς
1218 873 1253 899 τὰ
1263 872 1338 907 ἔθνη,
1351 872 1449 908 Κύριε.

1112 929 1120 944 ι
1134 918 1280 953 Γενηθήτω
1293 917 1322 943 τὺ
1338 917 1445 952 θέλημά.
1464 926 1509 944 σου
1525 917 1563 949 ὡς
1582 919 1611 944 ὲν
1628 917 1736 952 οὐρανῷ
1751 918 1798 944 καὶ
1814 918 1861 944 ἐπὶ

1073 965 1122 999 τῆς
1141 964 1203 997 γῆς.
1228 973 1237 988 ι
1253 963 1290 989 Τὸ
1302 963 1407 997 θέλημα
1429 963 1475 990 τοῦ
1489 963 1555 989 Θεοῦ
1576 964 1623 990 καὶ
1641 964 1757 997 [ἰατρὸς.
1778 965 1794 999 ἠ
1820 965 1860 990 οι-

1073 1009 1188 1044 κονομία
1197 1009 1243 1035 τοῦ
1257 1009 1323 1034 Υίοῦ
1338 1007 1420 1035 αὑτοῦ
1435 1009 1520 1035 ἐστιν.
1534 1009 1565 1035 Ui.
1576 1009 1687 1042 ἄγγελοι
1698 1010 1729 1034 ὲν
1742 1009 1860 1044 οὐρανῷ,

1073 1056 1102 1082 ἐν
1115 1055 1228 1090 ὁμονοίᾳ
1243 1055 1292 1081 καὶ
1312 1055 1459 1090 συμφωνίᾳ
1474 1055 1652 1089 ὑπάρχουσιν,
1678 1054 1749 1080 οὕτω
1765 1054 1862 1089 ζητοῦ-

1076 1108 1126 1134 μεν
1155 1100 1202 1126 καὶ
1224 1100 1305 1134 ἡμεῖς
1332 1099 1362 1125 ὲν
1390 1098 1483 1134 ἀγάπῃ
1508 1099 1683 1134 ἀνυποκρίτῳ
1715 1099 1860 1133 γενέσθαιι

1073 1145 1165 1171 ὁποῖον
1179 1143 1285 1179 Θέλημα
1305 1143 1407 1178 ζητεῖς,
1425 1145 1453 1170 ὲν
1468 1143 1576 1179 οὐρανῷ
1592 1144 1697 1178 γίνεται
1708 1153 1714 1160 ·
1738 1145 1767 1170 τὸ
1783 1145 1811 1170 ὲν
1824 1146 1857 1179 τῇ

1074 1192 1110 1226 γῇ
1136 1190 1176 1217 δεῖ
1201 1199 1232 1216 σε
1254 1190 1409 1225 πληρῶσαι.
1435 1190 1472 1216 Τὸ
1495 1189 1524 1216 δὲ
1542 1190 1632 1225 νόημά
1654 1191 1727 1217 ἐστιν
1757 1191 1860 1222 οὕτως·

1075 1235 1173 1270 Κύριε,
1185 1235 1281 1270 ὥσπερ
1294 1235 1404 1269 ἐγένετο
1418 1236 1447 1261 ὲν
1464 1235 1502 1270 τῷ
1513 1236 1621 1270 οὐρανῷ
1635 1235 1665 1262 τὺ
1683 1236 1790 1271 θέλημά
1803 1245 1861 1267 σου,

1077 1272 1124 1308 διαὶ
1139 1282 1192 1308 εἰσὶ
1208 1281 1308 1313 πάντες
1326 1282 1350 1308 οἱ
1373 1281 1485 1315 ἄγγελοι
1502 1282 1530 1308 ὲν
1546 1282 1651 1318 εἰρήνῃ,
1668 1283 1714 1308 καὶ
1726 1282 1774 1308 οὐκ
1791 1282 1864 1308 ἐστιν

1077 1327 1106 1353 ἐν
1130 1328 1222 1358 αὐτοῖς
1233 1327 1312 1353 ὠθῶν
1328 1327 1375 1354 καὶ
1390 1327 1605 1362 ἀπωθούμενος,
1621 1326 1684 1353 οὔτε
1701 1327 1801 1353 Θλίϐων
1816 1326 1864 1353 καὶ

1078 1370 1248 1406 θλιϐόμενος,
1269 1371 1332 1398 οὔτε
1352 1372 1480 1405 πολεμῶν
1499 1372 1545 1398 καὶ
1565 1372 1779 1407 πολεμούμενος,
1795 1372 1864 1398 ἀλλὰ

1078 1416 1179 1447 πάντες
1196 1418 1225 1443 ὲν
1236 1416 1340 1451 γαλήνῃ
1355 1416 1450 1451 βαθείᾳ
1460 1416 1602 1449 δοξάζουσί
1622 1425 1652 1443 σε
1664 1425 1671 1432 ·
1685 1415 1755 1442 οὕτω
1773 1416 1818 1441 καὶ
1836 1417 1865 1441 ἐν

1079 1463 1144 1497 ἡμῖν
1154 1463 1210 1492 τοῖς
1221 1461 1266 1488 ἐπὶ
1281 1462 1333 1497 γῆς
1352 1462 1507 1496 ἀνθρώποις
1525 1471 1534 1487 ι
1557 1461 1698 1496 γενηθήτω
1711 1461 1741 1487 τὸ
1759 1460 1866 1495 θέλημά.

1081 1515 1138 1538 σου,
1155 1516 1165 1532 ι
1185 1507 1228 1533 ἵνα
1244 1507 1332 1534 πάντα
1357 1507 1391 1534 τὰ
1410 1507 1472 1542 ἔθνη
1491 1508 1519 1533 ἐν
1536 1507 1575 1533 ἑνὶ
1602 1506 1715 1540 στόματι
1741 1506 1788 1531 καὶ
1817 1505 1866 1540 μιᾷ

1082 1551 1181 1587 καρδίᾳ
1188 1551 1344 1587 δοξάζωμεν
1358 1560 1386 1578 σε
1399 1551 1444 1579 τὸν
1455 1551 1572 1586 Ποιητὴν
1584 1552 1630 1577 καὶ
1639 1551 1748 1585 Πατέρα
1759 1550 1867 1577 πάντων

1080 1597 1171 1631 ἡμῶν.

1117 1650 1127 1667 ι
1145 1641 1198 1667 Τὸν
1212 1641 1293 1676 ἄρτον
1309 1641 1388 1676 ἡμῶν
1409 1641 1454 1667 τὸν
1479 1641 1616 1667 ἐπιούσιον
1639 1640 1683 1672 δὸς
1704 1641 1771 1675 ἡμῖν
1786 1640 1869 1674 σήμε-

1082 1694 1154 1722 ρον.»
1176 1686 1204 1712 '0
1218 1687 1300 1721 ἄρτος
1310 1687 1324 1713 ὁ
1333 1686 1471 1718 ὲπιούσιός
1484 1688 1558 1713 ἐστιν
1575 1687 1725 1721 ὲΧριστὸς,
1736 1687 1751 1712 ό
1763 1685 1812 1718 ὢν,
1822 1686 1869 1712 καὶ

1081 1731 1173 1767 προὼν
1187 1751 1195 1764 ,
1217 1732 1265 1758 καὶ
1291 1733 1379 1767 μένων
1396 1733 1436 1763 είς
1461 1732 1524 1763 τοὺς
1554 1732 1655 1763 αἰῶνας
1670 1741 1676 1747 ·
1697 1733 1711 1758 ὁ
1737 1733 1868 1764 ἑκουσίως

1081 1778 1249 1813 ἐσθιόμενος,
1261 1779 1308 1804 χαὶ
1322 1778 1494 1811 ἁδαπάνητος
1505 1778 1640 1812 διαμένων
1655 1778 1708 1809 ἀεὶ,
1723 1778 1770 1803 καὶ
1781 1777 1870 1808 διδοὺς

1081 1824 1154 1859 ζωὴν
1168 1824 1207 1859 τῷ
1221 1825 1330 1859 κόσμῳ·
1343 1824 1371 1850 ὃν
1385 1824 1430 1850 διὰ
1448 1824 1494 1850 τοῦ
1509 1823 1696 1859 βαπτίσματος
1715 1823 1868 1858 δεξάμενοι,

1081 1870 1176 1897 τοῦτον
1187 1870 1280 1896 λαϐεῖν
1302 1870 1418 1896 πὰντοτε
1436 1869 1483 1895 καὶ
1503 1869 1576 1904 ἔχειν
1591 1869 1637 1895 καὶ
1660 1869 1760 1896 ἐσθίειν
1781 1868 1872 1895 αἱτού·

1084 1916 1153 1951 μεθα
1167 1925 1174 1932 '
1191 1915 1237 1942 τὸν
1250 1916 1389 1950 πρέποντα
1400 1916 1433 1950 τῇ
1442 1915 1520 1949 οὐσίᾳ
1531 1915 1620 1950 ἡμῶν,
1633 1914 1671 1946 ὼς
1684 1914 1758 1940 ἐστιν
1769 1913 1870 1948 ἀρκοῦν

1082 1961 1159 1996 ἡμῖν,
1181 1961 1224 1988 ἵνα
1246 1961 1283 1995 μὴ
1308 1961 1453 1994 πενόμενοι
1477 1961 1523 1986 καὶ
1548 1960 1798 1995 λιμῷ-τηκόμενοι,
1830 1959 1871 1989 εἰς

1085 2005 1260 2041 βλασφημίαν
1275 2005 1436 2040 τραπῶμεν,
1453 2005 1469 2040 ἢ
1485 2005 1691 2039 περιττεύοντες
1706 2004 1870 2039 ὲπαροῶμεν

1084 2052 1131 2078 καὶ
1141 2051 1340 2087 ἁποῤῥιφῶμεν
1361 2050 1414 2077 ἀπὸ
1431 2050 1489 2078 σοῦ.
1508 2051 1608 2086 Ἀρτον
1629 2050 1676 2077 ἐὰν
1694 2050 1790 2084 ζητῇς,
1805 2058 1874 2084 χρυ-

1085 2098 1141 2124 σίον
1156 2099 1192 2132 μὴ
1212 2097 1314 2132 σώρευε
1327 2105 1333 2111 ·
1351 2097 1375 2123 εἰ
1395 2096 1422 2123 δὲ
1434 2096 1515 2131 λείπῃ
1529 2096 1575 2122 καὶ
1586 2097 1677 2131 στερῇ,
1691 2095 1872 2129 προτρεψάτω

1085 2152 1114 2169 σε
1141 2142 1268 2177 ζητῆσαι.
1297 2142 1447 2169 Ἐπιούσιον
1474 2142 1557 2177 ἄρτον
1586 2141 1736 2175 αἰτούμεθα
1768 2139 1870 2169 λαϐεῖν,

1085 2188 1177 2222 ἐπειδὴ
1196 2188 1210 2213 ὀ
1236 2189 1288 2218 πᾶς
1309 2186 1451 2222 ἄνθρωπος
1468 2188 1500 2212 ὲκ
1523 2185 1569 2212 δύο
1586 2185 1684 2211 οὐσιῶν
1702 2185 1870 2216 συνίσταται,

247 2242 344 2267 panem
368 2234 491 2268 accipere
509 2235 691 2268 postulamus.
711 2235 774 2269 quia
797 2236 919 2263 homines
937 2243 1027 2264 cuiue:

1084 2233 1173 2268 ψυχῆς
1192 2242 1220 2259 τε
1247 2233 1318 2266 λέγω
1339 2233 1385 2258 καὶ
1412 2232 1554 2267 σώματος·
1575 2231 1622 2257 καὶ
1642 2230 1686 2257 διὰ
1712 2230 1800 2262 τοῦτο,
1829 2230 1872 2263 ἐφ’

246 2287 280 2307 ex
298 2280 403 2307 duabus
427 2281 532 2308 naturis
555 2280 721 2313 coalescunt,
746 2281 838 2308 animo
859 2281 991 2316 (inquam)
1006 2286 1034 2309 et

247 2333 378 2360 corpore;
394 2330 535 2360 propterea
559 2326 666 2360 utrique
682 2333 835 2360 congruum
849 2334 944 2360 panem
963 2326 1033 2360 peti-

245 2380 320 2398 mus.
341 2371 409 2398 Nam
432 2371 510 2406 panis
536 2371 645 2406 quidem
668 2372 803 2406 corporis,
827 2371 872 2398 llic
893 2372 972 2406 panis
993 2379 1036 2399 est

245 2425 304 2448 quo
320 2418 455 2445 vescimur
472 2427 478 2444 :
496 2417 575 2452 panis
597 2425 662 2444 vero
685 2417 780 2450 animi,
804 2426 894 2445 sermo
912 2418 958 2445 Dei
982 2422 1033 2445 est.

249 2464 344 2498 Aperi.
362 2464 409 2495 lili,
427 2472 457 2490 os
478 2469 568 2496 tuum,
584 2468 611 2491 et
630 2463 800 2498 frequentius
816 2463 863 2491 Dei
880 2464 918 2491 sis
933 2471 1036 2491 memor

247 2518 331 2544 quam
347 2510 476 2543 respires.

289 2565 297 2581 ι
314 2555 346 2582 Et
357 2556 464 2583 dimitte
478 2556 557 2585 uobis
572 2556 662 2583 debita
674 2560 793 2584 nostra.»
810 2554 940 2583 Condoua
959 2554 1038 2582 nobis

250 2606 361 2636 prcrala
381 2607 485 2633 nostra,
501 2602 729 2636 quemadmodum
752 2609 801 2628 nos
817 2600 1037 2634 delinquentibus

252 2655 279 2674 III
301 2655 351 2674 nos
371 2648 534 2675 dimittimus
555 2657 561 2674 :
580 2655 622 2678 ac,
649 2648 673 2675 si
689 2648 726 2674 ita
749 2647 878 2679 facimus,
890 2646 948 2680 ipse
968 2653 1037 2680 quo-

252 2702 307 2728 que
320 2695 400 2721 nobis
412 2694 450 2722 sic
464 2694 555 2722 faciet.
571 2693 756 2721 Remiserisne
768 2692 885 2727 cuipiam
896 2711 903 2724 ,
918 2698 1010 2726 quacro
1027 2699 1032 2716 :

289 2782 312 2798 ⁷⁵
329 2782 398 2808 l’sal.
418 2789 490 2815 xui,
504 2781 531 2808 9.

294 2873 350 2906 (l5)
367 2872 530 2903 'Emmiatov,
547 2871 762 2900 sulistautialem.

1087 2280 1191 2315 ἑκάστῃ
1200 2279 1281 2314 οὐσίᾳ
1295 2279 1340 2305 τὸν
1357 2278 1497 2314 πρέποντα
1505 2278 1586 2312 ἄρτον
1600 2276 1759 2311 αἰτούμεθα.
1775 2277 1873 2311 Ἀρτος

1088 2325 1137 2361 μὲν
1154 2325 1207 2360 γὰρ
1220 2324 1355 2359 σώματος,
1370 2319 1447 2355 οὗτος
1460 2324 1474 2350 ὁ
1490 2322 1645 2357 ὲσθιόμενος
1658 2330 1665 2337 ·
1689 2321 1769 2356 ἄρτος
1780 2321 1808 2347 δὲ
1821 2321 1873 2354 ψυ-

1087 2370 1148 2405 χῆς,
1175 2370 1253 2403 λόγος
1278 2368 1356 2395 Θεοῦ.
1382 2369 1501 2400 Ἀνοιγε,
1529 2367 1633 2399 τέκνον,
1656 2366 1701 2392 σὸν
1725 2366 1813 2399 στόμα
1828 2364 1875 2392 καὶ

1088 2416 1247 2451 συχνότερον
1264 2414 1414 2449 μνημόνευε
1429 2412 1497 2439 Θεοῦ
1514 2412 1612 2447 μᾶλλον
1630 2412 1646 2447 ἢ
1662 2411 1786 2438 ἀνάπνει.

1127 2558 1136 2574 ι
1154 2550 1208 2575 Καὶ
1222 2548 1290 2582 ἄφες
1300 2549 1365 2582 ἡμῖν
1383 2547 1417 2573 τὰ
1433 2546 1604 2581 ὀφειλήματα
1632 2544 1721 2580 ἡμῶν.
1741 2553 1749 2569 ι
1766 2541 1875 2577 Συγχώ-

1090 2604 1172 2631 ρησον
1181 2596 1246 2630 ἡμῖν
1262 2594 1295 2620 τὰ
1313 2594 1501 2628 ἁμαρτήματα.
1517 2592 1604 2627 ἡμῶν,
1629 2591 1766 2623 λέγοντες,
1783 2588 1877 2621 ὥσπερ

1089 2642 1169 2676 ἡμεῖς
1196 2641 1251 2671 τοῖς
1267 2640 1408 2666 πταίουσιν
1427 2640 1508 2674 ἡμῖν’
1525 2638 1572 2664 καὶ
1596 2639 1620 2664 εἰ
1643 2637 1714 2663 οὕτω
1737 2635 1877 2670 ποιοῦμεν,

1090 2689 1136 2715 καὶ
1159 2687 1240 2719 αὐτὸς
1266 2687 1331 2722 ἡμῖν
1362 2686 1433 2712 οὕτω
1454 2686 1572 2720 ποιήσει.
1592 2684 1656 2711 Ἐὰν
1685 2682 1790 2718 ἀνρῆκές
1813 2688 1879 2714 τινι,
