2086 3155
230 161 284 195 445

693 167 831 199 RERUM
846 169 1083 200 ECCLESIAST.
1113 151 1413 203 CONTEIliPLATIO.

1808 176 1865 210 445

227 216 304 250 ζήτει
317 223 323 230 ·
340 215 388 243 ἐὰν
408 215 507 248 ἔλυσας
523 217 639 253 ἀδελφὺν
657 216 704 246 ἀπ’
716 220 825 256 ἔχθρας,
841 223 996 257 παρακάλει

1068 230 1101 250 an
1123 223 1235 250 fratrem
1251 225 1285 250 ab
1309 224 1461 252 inimicitiis
1485 225 1599 253 solveris
1613 246 1620 258 ,
1636 227 1708 261 apud
1738 232 1764 256 te
1792 237 1860 258 con-

227 261 289 288 ιίδέ
305 261 492 296 μνησικακίαν
510 262 593 298 ἔχεις,
612 265 692 292 ποίαν
703 266 800 300 ἄφεσιν
817 267 922 302 ζητεῖςς
943 269 974 295 'H
988 269 1017 296 δὲ

227 306 350 337 ἐπίλυσίς
363 308 436 334 ἐστιν
447 307 544 340 οὕτως,
558 310 595 341 ὡς
610 310 676 345 φέρε
691 312 779 338 είπεῖν
790 319 797 327 ·
814 313 911 348 Κύριε,
926 323 935 339 ι
949 314 1017 348 ἄφες

225 353 292 387 ἡμῖν
311 353 345 379 τὰ
357 353 427 388 χρέα
438 354 528 389 ἡμῶν,
549 364 558 380 ι
577 357 710 389 τουτέστι,
725 358 776 390 τὰς
790 359 927 394 ἁμαρτίας
938 360 1017 394 ἡμῶν

226 397 273 424 καὶ
289 398 324 424 τὰ
338 396 509 434 πταίσματα,
537 409 546 425 ι
562 401 600 432 ὡς
623 402 671 428 καὶ
685 403 766 437 ἡμεῖς
788 404 905 438 ἀφίεμεν
922 415 931 430 ι
949 406 1016 432 πᾶσι

226 444 282 474 τοῖς
301 443 504 477 ἁμαρτάνουσιν
519 446 567 472 καὶ
588 447 729 474 πταίουσιν
743 449 783 480 είς
802 450 876 484 ἡμᾶς
890 450 1016 484 ἀδελφοῖς

225 487 322 522 ἡμῶν,
346 489 500 524 ἐλευθέροις
528 499 559 517 τε
587 492 634 518 καὶ
653 492 773 525 δούλοις,
800 495 847 521 καὶ
870 496 938 522 πᾶσι
960 497 1017 528 τοῖς

225 533 391 567 ὑποχειρίοις
406 534 495 569 ἡμῶν.
508 535 602 562 Ταῦτα
615 536 711 571 λέγων,
723 538 864 576 ἄνθρωπε,
876 540 925 566 ἐὰν
943 540 1015 567 οὓτω

224 579 314 613 ποιῇς,
325 578 478 614 ἐννοήθητι,
487 580 528 607 ὅτι
541 590 550 606 ι
562 581 626 614 φοὸε
632 583 677 616 ρδν
688 583 720 609 τὸ
730 583 862 618 ἐμπεσεῖν
872 586 912 616 εἰς
920 586 1014 620 χεῖρας

172 626 176 628 ’
223 623 291 650 Θεοῦ
321 623 439 656 ζῶντος·
475 635 484 650 ι
514 628 561 653 καὶ
584 627 823 663 διορθωσάμενος,
850 630 1014 666 ἐπίστρεψον

223 668 291 703 πρὸς
302 670 347 696 τὸν
359 670 426 696 Θεὸν
443 670 490 697 καὶ
506 672 615 708 Πατέρα
634 673 681 700 καὶ⁵
699 674 817 710 Ποιητήν
837 683 894 703 σου.

259 766 269 783 ι
290 758 345 784 Καὶ
366 758 403 793 μὴ
430 759 590 797 εἰσενέγκῃς
609 762 684 797 ἡμᾶς
697 763 737 794 είς
755 764 921 799 πειρασμὸν,
943 765 1012 793 ἀλλὰ

222 804 304 838 ῥῦσαι
325 805 398 838 ἡμᾶς
422 805 476 831 ἀπὸ
494 806 540 832 τοῦ
569 807 702 842 πονηροῦ.
720 818 730 834 ι
749 809 859 843 Ἡμεῖς,
876 810 1010 844 Δέσποτα,

220 849 305 883 ἐσμὲν
321 850 391 882 ἄξιοι
407 850 499 886 πάσης
515 852 664 885 κολάσεως,
683 855 731 880 καὶ
745 856 962 891 παρακαλοῦμεν
973 858 1010 893 μὴ

221 894 370 930 παραδῴης
395 896 470 931 ἡμᾶς
492 898 533 929 είς
565 899 660 933 χεῖρας
692 899 824 934 ἐχθίστων
847 901 1009 937 ἀνθρώπων,

219 941 268 967 καὶ
283 940 410 976 πονηρῶν
421 943 569 977 δαιμόνων,
584 944 653 979 πρὸς
664 945 694 971 τὸ
706 946 822 973 κολάσαι
832 947 905 982 ἡμᾶς
920 955 926 961 ’
942 948 1010 975 ἀλλὰ

220 985 264 1016 σὺ,
283 986 383 1022 Κύριε,
401 987 475 1022 ἡμᾶς
497 987 642 1014 παίδευσον
656 1008 664 1020 ,
680 989 721 1015 ὅτι
734 989 772 1021 ὼς
788 991 804 1025 ή
819 991 1010 1027 φιλανθρωπία

219 1040 278 1064 σου,
295 1033 367 1061 οὓτω
379 1035 428 1061 καὶ
443 1035 459 1070 ή
475 1035 583 1062 παιδεία
599 1043 658 1062 σου.
679 1036 712 1063 Τί
734 1036 789 1071 γάρ
804 1046 812 1070 ;
828 1039 842 1064 ὸ
860 1038 927 1070 Θεὸς
951 1040 1009 1065 εισ-

217 1077 280 1111 άγει
294 1079 439 1115 ἄνθρωπον
457 1081 498 1111 είς
519 1081 692 1116 πειρασμόν;
710 1083 748 1118 μὴ
767 1084 883 1117 γένοιτο.
901 1085 940 1111 Οὐ
954 1085 1010 1121 γὰρ

216 1121 305 1154 αῐτιος
333 1124 389 1150 τῶν
415 1125 510 1151 κακῶν
524 1126 538 1152 ὀ
564 1124 650 1157 Θεός·
669 1127 738 1154 ἁλλὰ
771 1129 1009 1164 παρακαλέσωμεν

216 1167 312 1201 αὑτὸν,
330 1169 376 1197 ῖνα
389 1171 447 1203 τοῖς
464 1170 574 1204 πολλοῖς
598 1172 683 1199 αὐτοῦ
707 1174 862 1209 οίκτιρμοῖς
885 1175 923 1212 μὴ
938 1176 1008 1212 ἐάσῃ

217 1215 292 1250 ἡμᾶς
319 1217 514 1252 πειρασθῆναι.
532 1218 620 1254 Κύριε
631 1241 640 1253 ,
656 1220 704 1247 ἐὰν
718 1220 824 1257 ζητήσῃ
840 1223 911 1257 ἡμᾶς
927 1223 941 1248 ὁ
955 1223 1007 1250 Σα-

218 1263 301 1293 τανᾶς
319 1264 437 1290 σινιάσαι
460 1264 498 1295 ὡς
512 1264 557 1290 τὸν
573 1267 656 1298 σῖτον,
669 1265 761 1302 ὥσπερ
777 1268 898 1299 καὶτοὺς
912 1269 1008 1303 ἁγίους

217 1316 266 1335 σου
284 1309 451 1342 ἀποστόλους
466 1311 583 1346 ἐζήτησε
601 1312 660 1350 μὲν,
675 1313 796 1349 ἀπέτυχε
813 1314 840 1340 δέ
853 1323 860 1329 ·
875 1316 891 1350 ἦ
909 1315 948 1347 ὡς
961 1316 1007 1344 τὸν

217 1353 302 1380 πάλαι
323 1354 384 1381 ’1ὠὸ
397 1363 404 1370 ·
420 1356 457 1391 μὴ
485 1356 574 1392 δώσῃς
596 1357 671 1392 αὐτῷ
685 1358 811 1392 ἐξουσίαν
840 1360 902 1386 καθ’
917 1361 1005 1396 ἡμῶν.

224 1399 294 1426 Ἀλλ’
312 1401 336 1426 εὶ
353 1401 401 1427 καὶ
426 1403 547 1437 πονηρὸς
570 1402 715 1438 ἄνθρωπος
732 1404 842 1439 θελήσει
859 1406 933 1441 ἡμᾶς
944 1415 1006 1433 πει-

216 1446 300 1481 ράσαι
317 1466 325 1478 ,
345 1447 382 1482 μὴ
412 1447 600 1483 δώσῃςηὴμᾶς
621 1449 660 1484 τῷ
676 1449 811 1485 θελήματι
824 1451 918 1484 αὐτοῦ,
939 1453 1007 1480 ἀλλὰ

216 1492 356 1519 σκέπασον
380 1493 454 1528 ἡμᾶς
471 1494 499 1519 ἐν
520 1495 554 1529 τῇ
574 1495 664 1531 σκέπῃ
693 1495 747 1522 τῶν
771 1497 915 1532 πτερύγων
935 1506 983 1524 σου
997 1507 1004 1514 ·

1027 891 1047 919 Β

219 1546 229 1563 ι
250 1538 312 1564 Ὀτι
331 1539 377 1565 σοῦ
406 1540 513 1575 ἐστινὴ
539 1540 664 1575 βασιλεία
687 1542 733 1568 καὶ
756 1544 772 1577 ἡ
795 1543 911 1578 δυνάμις
928 1545 975 1571 καὶ
988 1546 1004 1580 ἡ
1018 1555 1040 1583 c

214 1583 290 1617 δόξα,
307 1593 316 1610 ι
332 1585 380 1611 τοῦ
407 1586 515 1621 Πατρὸς
529 1606 536 1618 ,
553 1587 600 1613 καὶ¹
625 1587 673 1614 τοῦ
695 1588 759 1614 Υίοῠ
775 1609 781 1621 ,
802 1590 849 1616 καὶ
863 1590 910 1617 τοῦ
927 1592 1006 1625 ἁγίου

215 1629 385 1664 Ιινεύματος,
412 1631 464 1658 Σοῦ
490 1633 545 1668 γάρ
575 1633 649 1660 ἐστιν
665 1634 681 1669 ή
698 1633 808 1666 ἐξουσία
827 1637 873 1663 καὶ
892 1637 909 1672 ή
922 1638 1006 1673 κυρία

214 1677 262 1704 τοῦ
278 1678 364 1705 ἐλεεῖν
377 1679 425 1705 καὶ
440 1680 549 1712 σώζειν,
564 1680 612 1707 τοῦ
634 1681 767 1709 θανατοῦν
784 1683 833 1710 καὶ
847 1684 1004 1720 ζωογονεῖν,

213 1724 261 1750 τοῦ
279 1725 384 1760 [ἰατρὸς
400 1727 447 1753 καὶ
463 1726 511 1753 τοῦ
529 1727 594 1754 Υίοῦ
608 1729 655 1754 καὶ
669 1729 716 1755 τοῦ
733 1729 813 1764 ἁγίου
830 1731 1004 1767 Πνεύματος,

215 1770 263 1796 νῦν
281 1771 328 1797 καὶ
341 1772 386 1798 ἀεὶ
400 1772 447 1799 καὶ
469 1773 509 1804 εἰς
535 1774 598 1806 τοὺς
620 1774 731 1807 αἰῶνας.
747 1776 844 1811 Κύριε,
860 1777 954 1814 ἐπειδὴ
971 1779 1004 1814 σή

214 1816 290 1842 ἐστιν
302 1818 319 1852 ἡ
337 1817 473 1851 βασιλεία,
483 1819 531 1854 ’μὴ
546 1819 631 1855 ἐάσῃς
648 1821 722 1855 ἡμᾶς
741 1822 894 1858 φοϐηθῆναι
907 1824 1005 1859 ἑτέραν

215 1862 367 1897 βασιλείαν,
384 1864 453 1899 μήτε
468 1864 598 1900 δύναμιν,
617 1867 687 1901 μήτε
701 1867 870 1896 δεσποτείαν.
895 1869 966 1896 Ἀλλ’
979 1872 1003 1897 εἰ

215 1909 263 1935 καὶ
282 1908 356 1941 ἄξιοί
369 1910 453 1945 ἐσμεν
470 1910 619 1945 κολάσεων,
635 1912 680 1939 διὰ
695 1913 746 1944 τὰς
758 1915 896 1949 ἁμαρτίας
913 1916 1002 1951 ήμῶν,

215 1955 247 1981 σὺ
260 1955 335 1989 ἡμᾶς
349 1955 398 1991 οἵῳ
413 1956 509 1992 τρόπῳ
525 1956 618 1993 θέλῃς,
637 1958 796 1994 τιμώρησον
809 1968 816 1974 ·
833 1961 879 1987 καὶ
897 1962 934 1997 μὴ
949 1971 1003 1989 πα-

214 2001 303 2036 ραδῷς
333 2002 407 2037 ἡμᾶς
429 2003 470 2034 είς
489 2004 583 2038 χεῖρας
604 2003 768 2039 ἀνθρώπων.
791 2006 1002 2043 Ἐμπεσούμεθα

212 2047 240 2072 δὲ
255 2047 296 2078 είς
310 2048 406 2082 χεῖρας
431 2048 481 2080 σάς
497 2055 504 2062 ·
519 2048 562 2075 ὃτι
584 2050 623 2080 ὡς
647 2050 664 2084 ή
680 2051 862 2088 μεγαλωσύνη
883 2062 941 2086 σου,
957 2054 1003 2081 οὕ-

213 2100 252 2117 τω
268 2093 315 2118 καὶ
328 2092 358 2118 τὸ
371 2092 445 2125 ἔλεός
457 2102 516 2126 σου,
528 2094 621 2130 Πάτερ
643 2097 845 2132 παντοκράτορ.

251 2146 260 2162 ι
275 2137 378 2173 Εἰρήνη
391 2139 486 2166 πᾶσιν.
505 2149 514 2165 ι
535 2140 657 2176 Ἦρεμον
671 2141 717 2168 τὸν
729 2142 791 2169 νοῦν
800 2143 918 2178 ἐξοιμεν,
935 2144 1002 2171 πᾶνα

212 2190 268 2213 τες,
290 2192 299 2208 ι
320 2183 377 2215 Τὰς
392 2184 517 2219 κεφαλὰς
545 2185 636 2221 ήμῶν.
652 2196 662 2212 ι
690 2187 746 2219 Τὰς
775 2188 897 2220 διανοίας
923 2191 1001 2225 ἡμῶν

214 2228 263 2254 σὺν
276 2229 333 2259 τοῖς
361 2229 454 2264 ἔργοις
477 2230 516 2266 τῷ
531 2231 627 2266 Κυρίῳ
639 2232 861 2268 ἐπιστρέψωμεν,
880 2234 1002 2270 δεόμενοι

213 2273 248 2299 τὰ
263 2275 434 2309 προκείμενα
447 2275 523 2311 δῶρα
536 2277 577 2308 είς
587 2277 688 2311 ἁγαθὺν
696 2278 856 2313 ἐξομαλίσαι
868 2281 940 2308 κατὰ.
953 2282 1003 2318 τὴν

213 2319 308 2353 χρείαν
324 2320 452 2347 ἑκάστου.
478 2321 703 2357 Εὑχαριστοῠμεν
717 2323 762 2356 δὲ,
780 2324 874 2360 χάριτι
894 2327 942 2353 καὶ
963 2329 1002 2354 οε-

213 2365 339 2400 κτιρμοῖς
350 2365 397 2392 καὶ
413 2366 508 2399 φιλανθ
514 2366 605 2402 ρωπίᾳ
615 2366 663 2393 τοῦ
676 2368 846 2403 Μονογενοῧς
862 2379 921 2397 σου.
935 2371 1001 2400 Εἶτα

214 2408 393 2444 βοᾷὸίερεὺς
416 2411 473 2442 τοῖς
496 2412 564 2438 πᾶσι
588 2412 676 2446 λέγων
689 2421 696 2429 ·
715 2423 724 2439 ι
744 2414 804 2441 ’Ότι
826 2416 883 2449 ἐγὼ
899 2416 1000 2452 ἄνθρω·

213 2454 263 2485 πός
291 2456 350 2489 ειμι
373 2456 543 2491 ὁμοιοπαθὴς
568 2457 632 2493 ὑμῖν
645 2478 652 2490 ,
668 2458 706 2494 μὴ
723 2458 867 2493 γινώσκων
883 2462 999 2489 ἑκάστου

215 2500 291 2534 ὒμῶν
309 2501 345 2528 τὰ
363 2501 433 2537 ἔργα
447 2511 454 2518 '
474 2512 484 2529 ι
499 2504 582 2539 ὁρᾶτε
606 2502 653 2531 οὖν
668 2505 717 2532 καὶ
736 2505 844 2540 γίνεσθε
860 2507 944 2541 ἆγιοι,
958 2509 1000 2535 ὅτι

212 2547 227 2572 ὁ
242 2547 362 2582 Χριστὸς
381 2548 411 2575 ὃν
433 2549 547 2584 μέλλετε
564 2550 741 2586 μεταλαϐεῖν,
755 2550 833 2585 ἅγιος
846 2553 914 2585 Θεός
932 2555 1001 2589 ἐστι,

213 2593 262 2618 καὶ
275 2593 304 2618 ὲν
316 2593 406 2627 ἁγίοις
417 2595 637 2631 ἀναπαυόμενος,
652 2605 662 2622 ‹
678 2597 718 2623 Τὰ
729 2596 794 2631 ἅγια
808 2599 864 2630 τοῖς
874 2599 972 2633 ἁγίοις.
990 2609 999 2625 ι

214 2637 276 2670 Τοῖς
293 2639 495 2674 ἁμνησικᾴκοις
513 2642 560 2668 καὶ
580 2641 711 2675 καθαροῖς
732 2643 764 2677 τῇ
781 2644 880 2679 καρδίᾳ
901 2644 973 2678 ἀξιοῖ
988 2646 1003 2672 ὀ

212 2682 279 2714 Θεὸς
292 2683 385 2710 δοῦναι
400 2686 434 2711 τὰ
453 2685 530 2719 ἅγια.
549 2685 657 2719 Ἀγίους
681 2685 755 2719 λέγει
775 2686 838 2718 τοὺς
863 2687 1001 2724 κεκαθαρ-

249 2781 273 2796 ⁷⁶
288 2779 370 2809 Hebr.
387 2790 417 2815 ι,
431 2782 476 2810 51.

1018 2219 1039 2247 D

1024 2653 1035 2664 \

1068 267 1183 294 sidera:
1207 268 1280 302 quod
1307 269 1329 295 si
1355 269 1444 296 adhuc
1470 270 1534 297 mali
1559 271 1662 305 accepti
1693 273 1858 307 recordaris,

1067 319 1150 346 quam
1164 313 1354 340 remissionem
1367 315 1486 349 quaeris?
1498 315 1598 342 Eorum
1612 325 1673 351 quae
1684 318 1803 347 dicimus
1816 321 1860 348 hic

1067 366 1167 387 sensus
1180 364 1221 387 est
1234 369 1240 386 :
1256 360 1395 393 Domine,«
1407 362 1513 389 dimitte
1525 363 1603 391 nobis
1614 364 1705 391 debila
1718 372 1831 403 nostra;
1847 377 1856 393 ι

1068 405 1093 432 id
1112 410 1163 438 est,
1180 411 1289 439 peccata
1309 411 1400 434 nostra
1420 411 1447 434 et
1463 407 1566 442 lapsus,
1586 418 1595 434 ι
1618 409 1691 437 sicut
1707 415 1734 437 et
1752 419 1802 438 nos
1818 412 1858 438 di-

1069 451 1204 479 mittimus
1225 462 1234 478 ›
1252 453 1383 480 omnibus
1404 453 1629 488 delinquentibus
1642 456 1669 483 in
1692 464 1743 484 nos
1766 457 1862 485 fratri-

1066 496 1118 524 bus
1133 497 1236 524 nostris
1247 517 1254 528 .
1270 502 1324 524 tam
1345 498 1438 526 liberis
1458 507 1539 534 quam
1563 501 1651 528 servis
1662 520 1670 533 ,
1687 506 1714 528 et
1730 503 1858 531 omnibus

1065 542 1182 570 subditis
1201 543 1293 571 nobis.
1311 543 1376 572 Haec
1403 545 1516 576 dicens.
1537 553 1554 572 ο
1577 546 1678 579 homo,
1699 555 1733 574 an
1756 548 1793 575 ita
1816 548 1857 575 fa-

1064 587 1132 622 cias,
1152 593 1242 616 tecum
1260 594 1366 624 reputa,
1381 591 1473 634 quia:
1491 591 1615 618 terribile
1634 597 1676 619 est
1691 592 1810 620 incidere
1829 594 1856 621 in

1064 641 1164 662 manus
1177 634 1225 662 Dei
1245 635 1361 663 viventis
1375 636 1399 652 ⁷⁶
1415 645 1422 662 :
1441 645 1451 662 ι
1479 641 1505 663 et
1524 641 1549 664 te
1566 638 1706 672 corrigens
1720 643 1746 666 et
1761 647 1855 667 emen-

1063 679 1132 706 dans
1149 685 1308 708 convertere
1327 678 1360 708 ad
1377 681 1463 709 Deum
1485 686 1513 709 et
1539 682 1646 710 Patrem
1670 688 1697 711 et
1711 683 1853 713 Factorem

1064 728 1153 752 tuum.

1101 780 1111 796 ι
1133 771 1167 798 Ει
1181 779 1216 798 ne
1241 779 1291 800 nos
1309 773 1423 800 inducas
1443 773 1470 800 in
1493 774 1683 809 tentationem,
1700 775 1747 803 sed
1769 776 1854 804 libera

1063 824 1115 843 nos
1130 824 1145 843 a
1160 817 1242 844 malo.
1263 827 1271 843 ι
1291 817 1357 849 Nos.
1374 818 1499 850 Domine.
1515 820 1590 846 omni
1608 819 1742 855 supplicio
1758 829 1854 850 sumus

1063 861 1149 897 digni,
1162 867 1187 889 et
1208 863 1395 898 supplicamus
1412 865 1459 891 tibi
1477 872 1511 892 ne
1525 865 1619 892 tradas
1640 874 1691 893 nos
1710 867 1736 893 in
1754 875 1854 895 manus

1063 907 1317 936 inimicissimorum
1330 909 1483 940 hominum.
1498 914 1526 937 et
1537 911 1673 938 malorum
1686 911 1853 946 daemonum,

1061 951 1093 978 ad
1111 952 1266 986 puniendos
1282 962 1333 981 nos
1350 963 1357 980 :
1374 955 1420 982 sed
1439 960 1478 987 tu,
1490 955 1615 986 Domine,
1635 963 1685 984 nos
1702 958 1854 985 erudiendo

1060 997 1175 1031 castiga,
1189 998 1253 1032 quia
1275 998 1388 1033 perinde
1408 1004 1449 1026 est
1468 1004 1511 1026 tua
1537 1000 1680 1028 clementia
1709 1006 1791 1036 atque
1805 1010 1854 1031 ca-

1060 1041 1170 1076 stigatio
1195 1047 1250 1069 tua.
1282 1043 1353 1075 Quid
1378 1044 1473 1071 enim?
1497 1045 1636 1073 inducitne
1663 1046 1802 1075 hominem
1825 1050 1851 1076 in

1060 1088 1261 1115 tentationem?
1289 1089 1380 1116 absit!
1400 1097 1455 1117 non
1482 1090 1555 1117 enim
1584 1090 1656 1119 Deus
1687 1097 1729 1119 est
1756 1099 1853 1121 auctor

1059 1132 1195 1160 malorum
1221 1143 1227 1161 :
1258 1135 1304 1161 sed
1332 1134 1512 1163 obsecramus
1538 1144 1601 1164 eum
1625 1141 1655 1164 ut
1676 1145 1725 1172 per
1752 1139 1852 1167 multas

1059 1184 1124 1205 suas
1139 1178 1333 1206 miserationes
1348 1187 1403 1207 non
1417 1180 1490 1207 sinat
1504 1189 1554 1209 nos
1569 1182 1596 1209 in
1612 1183 1791 1211 tentationem
1809 1185 1852 1212 in-

1058 1222 1158 1250 cidere.
1177 1223 1302 1257 Domine,
1320 1225 1342 1252 si
1369 1230 1475 1260 quazrat
1492 1234 1542 1254 nos
1560 1227 1687 1261 Satanas,
1706 1234 1736 1257 ut
1751 1231 1853 1258 cribret

1058 1269 1291 1303 quemadmodum
1313 1270 1481 1299 frumentum
1499 1272 1539 1307 (ut
1554 1274 1638 1301 etiam
1664 1281 1774 1303 sanctos
1790 1281 1851 1303 ιυος

1058 1314 1196 1349 apostolos
1218 1316 1362 1350 qmesivit,
1391 1317 1437 1344 sed
1460 1325 1513 1345 non
1531 1319 1669 1353 obtinuit;
1694 1326 1742 1348 aut
1760 1326 1789 1348 ut
1806 1330 1851 1350 ve-

1057 1365 1142 1388 terem
1171 1360 1247 1388 illum
1272 1361 1348 1395 Job),
1378 1369 1412 1389 ne
1433 1361 1482 1390 des
1500 1363 1525 1390 ei
1549 1369 1714 1398 potestatem
1736 1366 1763 1392 in
1789 1374 1848 1396 uos.

1057 1405 1213 1438 Quinetiam
1233 1405 1256 1432 si
1272 1406 1410 1441 malignus
1427 1407 1511 1435 homo
1528 1408 1593 1435 velit
1615 1417 1666 1436 nos
1682 1414 1797 1444 tentare,
1814 1420 1848 1440 ne

1057 1451 1152 1478 tradas
1168 1459 1218 1478 nos
1235 1451 1294 1485 ejus
1314 1452 1459 1485 voluntati,
1477 1454 1523 1481 sed
1541 1458 1602 1489 tege
1617 1463 1668 1483 nos
1691 1460 1850 1491 legumento

1058 1497 1163 1524 alarum
1193 1503 1301 1525 tuarum
1322 1508 1328 1525 :
1347 1508 1356 1524 ι
1378 1499 1514 1532 Quoniam
1531 1505 1607 1528 tuum
1633 1506 1675 1530 est
1694 1499 1806 1537 regnum
1822 1510 1856 1532 et,

1056 1542 1270 1577 virtusetgloria
1281 1543 1348 1578 (Μ),
1365 1553 1375 1569 ι
1389 1543 1489 1577 Patris,
1503 1550 1529 1572 et
1541 1545 1613 1577 Filii,
1626 1552 1652 1573 ct
1664 1549 1750 1575 sancti
1761 1549 1858 1583 Spiri--

1057 1592 1110 1615 tus.
1127 1588 1156 1615 in
1174 1594 1219 1616 tua
1241 1594 1283 1616 est
1300 1590 1371 1617 enim
1388 1595 1523 1624 potestate
1539 1596 1566 1619 et
1580 1592 1715 1625 dominio,
1732 1595 1858 1622 miseram

1056 1633 1095 1660 tio
1107 1637 1133 1660 et
1144 1633 1231 1670 salus,
1245 1641 1318 1661 mors
1327 1638 1354 1661 et
1363 1634 1453 1668 vita,o
1468 1634 1559 1668 Pater,
1575 1641 1602 1663 et
1616 1636 1680 1670 Fili,
1691 1642 1718 1665 et
1731 1638 1849 1673 Spiritus

1056 1683 1160 1712 sancte,
1187 1687 1270 1712 nunc,
1287 1685 1314 1707 et
1342 1688 1461 1716 semper.
1487 1685 1515 1709 et
1533 1681 1560 1708 in
1585 1683 1696 1710 saecula.
1719 1684 1846 1718 Domine,

1055 1724 1186 1759 quoniam
1203 1729 1279 1752 tuum
1297 1729 1339 1752 est
1354 1733 1480 1761 regnum,
1493 1734 1528 1754 ne
1542 1727 1616 1755 sinas
1633 1736 1683 1756 nos
1699 1729 1848 1758 formidare

1055 1771 1128 1799 aliud
1141 1779 1268 1806 regnum,
1291 1779 1380 1807 neque
1394 1773 1557 1806 potentiam,
1572 1781 1660 1807 neque
1682 1774 1848 1803 dominatio-

1055 1825 1129 1845 nem.
1148 1817 1192 1849 Et,
1212 1817 1320 1845 tametsi
1344 1817 1487 1852 suppliciis
1513 1818 1588 1853 digni
1611 1826 1708 1847 sumus
1735 1826 1848 1855 propter

1055 1867 1166 1898 peccata
1189 1868 1295 1895 nostra,
1311 1868 1340 1890 tu
1362 1870 1413 1891 nos
1430 1864 1570 1898 quomodo
1586 1864 1626 1892 vis
1643 1865 1749 1899 punito,
1770 1871 1797 1893 et
1812 1875 1847 1894 ne
1895 1867 1902 1873 '

1055 1910 1147 1936 tradas
1163 1917 1214 1937 nos
1232 1910 1259 1936 in
1283 1917 1383 1938 manus
1404 1910 1557 1937 hominum.
1575 1910 1729 1939 lncidemus
1753 1916 1845 1939 autem

1054 1955 1081 1982 in
1097 1962 1194 1983 manus
1208 1959 1270 1982 tuas
1285 1964 1291 1982 :
1305 1955 1370 1990 quia
1383 1956 1446 1982 talis
1461 1960 1502 1983 est
1515 1956 1675 1991 magnitudo
1687 1962 1744 1989 tua,
1756 1958 1853 1993 qualis;

1053 2004 1081 2028 et
1099 2000 1287 2028 misericordia
1302 2006 1358 2034 tua,
1373 2000 1455 2028 Pater
1464 2002 1651 2036 omnipotens.

1092 2141 1100 2158 ι
1123 2132 1179 2159 Pax
1195 2132 1335 2160 omnibus.
1357 2142 1366 2158 ι
1381 2132 1508 2166 Quietam
1530 2131 1559 2162 et
1580 2135 1700 2162 sedatam
1725 2141 1852 2164 mentem"

1053 2179 1204 2207 habeamus
1231 2187 1339 2207 omnes.
1359 2189 1368 2205 ι
1384 2180 1479 2215 Capita
1502 2185 1595 2209 nostra
1614 2190 1620 2208 :
1636 2191 1645 2207 ι
1666 2182 1853 2217 cogitationes

1055 2231 1163 2253 nostras
1181 2234 1243 2254 cum
1259 2227 1389 2261 operibus
1412 2226 1468 2255 Deo
1487 2233 1613 2263 acceptas
1637 2228 1770 2261 feramus,
1796 2230 1846 2257 de-

1055 2276 1198 2306 precantes
1216 2277 1246 2299 ut
1270 2274 1410 2307 proposita
1427 2281 1541 2301 munera
1561 2274 1588 2300 in
1603 2275 1705 2301 bonum
1722 2275 1844 2308 compla-

1054 2322 1109 2350 net,
1126 2318 1152 2344 in
1182 2325 1262 2345 usum
1280 2322 1307 2345 et
1321 2319 1496 2346 commodum
1516 2319 1659 2354 cujusque.
1672 2320 1780 2347 Gratias
1795 2328 1844 2346 au-

1054 2368 1107 2391 tem
1123 2363 1241 2398 agimus,
1257 2363 1305 2391 Dei
1333 2365 1421 2399 gratia
1438 2369 1465 2391 et
1481 2365 1704 2394 miserationibus
1719 2370 1746 2393 et
1770 2366 1851 2393 boni-7

1052 2409 1155 2445 gnitatc
1172 2408 1235 2436 Filii
1256 2410 1296 2436 tui
1314 2410 1342 2436 in
1359 2410 1494 2438 homines.
1514 2410 1617 2438 Deinde
1632 2411 1732 2439 clamat
1748 2420 1842 2439 sacer-

1054 2455 1114 2488 dos,
1131 2456 1260 2484 omnibus
1276 2456 1521 2491 inquiensuQuia
1538 2464 1589 2493 ego
1609 2458 1692 2485 homo
1711 2466 1783 2491 sum,
1802 2458 1845 2485 af-

1053 2501 1216 2530 fectionibus
1231 2502 1317 2530 vestri
1331 2503 1441 2535 similis,
1457 2511 1511 2530 non
1526 2511 1694 2539 cognoscens
1708 2504 1845 2539 cujusque

1051 2552 1172 2575 vestrum
1189 2555 1287 2581 opera;
1313 2557 1323 2574 ›
1341 2548 1431 2576 videte
1446 2549 1530 2583 igitur
1543 2553 1573 2576 ut
1588 2550 1754 2578 sanctilicati
1769 2551 1842 2581 sitis,

1051 2593 1115 2628 quia
1129 2593 1256 2622 Christus
1268 2594 1348 2629 cujus
1363 2595 1509 2630 participes
1524 2596 1594 2623 estis
1616 2595 1714 2629 futuri,
1730 2603 1850 2624 sanctus

1050 2638 1122 2666 Deus
1134 2645 1186 2672 est.
1199 2644 1227 2667 ct
1241 2640 1268 2667 in
1283 2641 1386 2668 sanctis
1400 2642 1544 2669 recumbit.
1563 2650 1572 2667 ι
1588 2641 1687 2669 Sancta
1699 2642 1814 2670 sanctis.
1829 2651 1847 2668 ν

1051 2683 1262 2713 lmmemoribus
1279 2687 1426 2720 malorum,
1443 2692 1471 2715 et
1485 2688 1595 2716 mundis
1615 2688 1697 2716 corde
1713 2688 1845 2723 dignatur.

249 2872 306 2907 (li)
319 2871 356 2900 Dc
367 2873 417 2901 hac
429 2873 573 2909 doxologia
587 2882 646 2908 quae
657 2875 777 2904 occurrit
791 2875 817 2903 in
832 2880 906 2904 textu
916 2875 1116 2909 Graecollatlh.
1136 2886 1164 2910 v,
1182 2878 1223 2912 l3,
1242 2878 1343 2907 vidcsis
1359 2877 1427 2906 Ner.
1438 2877 1512 2906 Tcst.
1531 2878 1674 2908 “cuicuii
1691 2878 1742 2907 hoc
1758 2877 1791 2904 lo:
1802 2885 1830 2907 ο.
