  <div class='ocr_page' id='page_1' title='image "/cluster/home/n/w/nwhite01/storage/ocr_20150623/98/njp.32101077772851/284.png"; bbox 0 0 2086 3155; ppageno 0'>
   <div class='ocr_carea' id='block_1_1' title="bbox 224 167 278 199">
    <p class='ocr_par' dir='ltr' id='par_1_1' title="bbox 224 167 278 199">
     <span class='ocr_line' id='line_1_1' title="bbox 224 167 278 199; baseline 0 0"><span class='ocrx_word' id='word_1_1' title='bbox 224 167 278 199; x_wconf 65' lang='lat'><strong>44’)</strong></span> 
     </span>
    </p>
   </div>
   <div class='ocr_carea' id='block_1_2' title="bbox 672 165 1390 198">
    <p class='ocr_par' dir='ltr' id='par_1_2' title="bbox 672 165 1390 198">
     <span class='ocr_line' id='line_1_2' title="bbox 672 165 1390 198; baseline -0.004 0"><span class='ocrx_word' id='word_1_2' title='bbox 672 168 777 198; x_wconf 83' lang='lat' dir='ltr'><strong>RERU</strong></span> <span class='ocrx_word' id='word_1_3' title='bbox 783 167 811 196; x_wconf 83' lang='lat' dir='ltr'><strong>M</strong></span> <span class='ocrx_word' id='word_1_4' title='bbox 830 165 1070 196; x_wconf 76' lang='lat' dir='ltr'><strong>ECCLESIAST.</strong></span> <span class='ocrx_word' id='word_1_5' title='bbox 1086 165 1390 195; x_wconf 56' lang='lat' dir='ltr'><strong>CONTEMPLATIO.</strong></span> 
     </span>
    </p>
   </div>
   <div class='ocr_carea' id='block_1_3' title="bbox 1804 167 1859 199">
    <p class='ocr_par' dir='ltr' id='par_1_3' title="bbox 1804 167 1859 199">
     <span class='ocr_line' id='line_1_3' title="bbox 1804 167 1859 199; baseline 0.018 -1"><span class='ocrx_word' id='word_1_6' title='bbox 1804 167 1859 199; x_wconf 63' lang='grc'><strong>450</strong></span> 
     </span>
    </p>
   </div>
   <div class='ocr_carea' id='block_1_4' title="bbox 224 220 1012 260">
    <p class='ocr_par' dir='ltr' id='par_1_4' title="bbox 224 223 1010 260">
     <span class='ocr_line' id='line_1_4' title="bbox 224 223 1010 260; baseline -0.004 -9"><span class='ocrx_word' id='word_1_7' title='bbox 224 225 252 251; x_wconf 77' lang='grc' dir='ltr'><strong>δὲ</strong></span> <span class='ocrx_word' id='word_1_8' title='bbox 270 223 338 252; x_wconf 57' lang='lat' dir='ltr'><strong>dna.</strong></span> <span class='ocrx_word' id='word_1_9' title='bbox 354 223 432 258; x_wconf 84' lang='grc' dir='ltr'>τίμια.</span> <span class='ocrx_word' id='word_1_10' title='bbox 447 224 531 259; x_wconf 80' lang='grc' dir='ltr'>δῶρα,</span> <span class='ocrx_word' id='word_1_11' title='bbox 549 224 618 260; x_wconf 82' lang='grc' dir='ltr'>μέλη</span> <span class='ocrx_word' id='word_1_12' title='bbox 637 223 768 258; x_wconf 84' lang='grc' dir='ltr'>Χριστοῦ,</span> <span class='ocrx_word' id='word_1_13' title='bbox 787 224 835 250; x_wconf 71' lang='grc' dir='ltr'><strong>καὶ</strong></span> <span class='ocrx_word' id='word_1_14' title='bbox 850 223 929 258; x_wconf 77' lang='grc' dir='ltr'>σῶμα</span> <span class='ocrx_word' id='word_1_15' title='bbox 943 223 1010 257; x_wconf 71' lang='grc' dir='ltr'>Χρι-</span> 
     </span>
    </p>
   </div>
   <div class='ocr_carea' id='block_1_5' title="bbox 1063 220 1859 260">
    <p class='ocr_par' dir='ltr' id='par_1_5' title="bbox 1063 220 1859 255">
     <span class='ocr_line' id='line_1_5' title="bbox 1063 220 1859 255; baseline 0.004 -7"><span class='ocrx_word' id='word_1_16' title='bbox 1063 221 1175 252; x_wconf 89' lang='lat' dir='ltr'><strong>Christi,</strong></span> <span class='ocrx_word' id='word_1_17' title='bbox 1193 226 1218 248; x_wconf 91' lang='lat' dir='ltr'><strong>et</strong></span> <span class='ocrx_word' id='word_1_18' title='bbox 1242 228 1342 255; x_wconf 89' lang='lat' dir='ltr'><strong>corpus</strong></span> <span class='ocrx_word' id='word_1_19' title='bbox 1360 220 1481 252; x_wconf 83' lang='lat' dir='ltr'><strong>Christi.</strong></span> <span class='ocrx_word' id='word_1_20' title='bbox 1512 220 1538 248; x_wconf 90' lang='lat' dir='ltr'><strong>id</strong></span> <span class='ocrx_word' id='word_1_21' title='bbox 1559 226 1611 253; x_wconf 83' lang='lat' dir='ltr'><strong>est.</strong></span> <span class='ocrx_word' id='word_1_22' title='bbox 1628 223 1776 250; x_wconf 79' lang='lat' dir='ltr'><strong>venerandi</strong></span> <span class='ocrx_word' id='word_1_23' title='bbox 1794 231 1859 252; x_wconf 73' lang='lat' dir='ltr'><strong>cor-</strong></span> 
     </span>
    </p>
   </div>
   <div class='ocr_carea' id='block_1_6' title="bbox 226 268 1013 306">
    <p class='ocr_par' dir='ltr' id='par_1_6' title="bbox 226 268 1013 306">
     <span class='ocr_line' id='line_1_6' title="bbox 226 268 1013 306; baseline -0.003 -9"><span class='ocrx_word' id='word_1_24' title='bbox 226 272 288 298; x_wconf 85' lang='grc' dir='ltr'>στοῦ</span> <span class='ocrx_word' id='word_1_25' title='bbox 302 280 309 286; x_wconf 86' lang='grc'>·</span> <span class='ocrx_word' id='word_1_26' title='bbox 328 272 412 306; x_wconf 82' lang='grc' dir='ltr'>ἤγουν</span> <span class='ocrx_word' id='word_1_27' title='bbox 425 271 472 297; x_wconf 85' lang='grc' dir='ltr'><strong>τοῦ</strong></span> <span class='ocrx_word' id='word_1_28' title='bbox 495 272 586 306; x_wconf 84' lang='grc' dir='ltr'>τιμίου</span> <span class='ocrx_word' id='word_1_29' title='bbox 601 271 728 306; x_wconf 84' lang='grc' dir='ltr'>σώματος</span> <span class='ocrx_word' id='word_1_30' title='bbox 743 270 862 306; x_wconf 80' lang='grc' dir='ltr'><strong>Χριστοῦ</strong></span> <span class='ocrx_word' id='word_1_31' title='bbox 876 270 921 296; x_wconf 80' lang='grc' dir='ltr'><strong>τοῦ</strong></span> <span class='ocrx_word' id='word_1_32' title='bbox 933 268 1013 295; x_wconf 78' lang='grc' dir='ltr'>Θεοῦ.</span> 
     </span>
    </p>
   </div>
   <div class='ocr_carea' id='block_1_7' title="bbox 231 314 1015 352">
    <p class='ocr_par' dir='ltr' id='par_1_7' title="bbox 231 314 1015 352">
     <span class='ocr_line' id='line_1_7' title="bbox 231 314 1015 352; baseline -0.003 -9"><span class='ocrx_word' id='word_1_33' title='bbox 231 317 350 349; x_wconf 80' lang='grc' dir='ltr'>Ἐκεῖνος</span> <span class='ocrx_word' id='word_1_34' title='bbox 365 319 420 352; x_wconf 80' lang='grc' dir='ltr'><strong>γάρ</strong></span> <span class='ocrx_word' id='word_1_35' title='bbox 435 319 493 343; x_wconf 79' lang='grc' dir='ltr'>ἐστι</span> <span class='ocrx_word' id='word_1_36' title='bbox 510 318 600 352; x_wconf 68' lang='grc' dir='ltr'>μόνος,</span> <span class='ocrx_word' id='word_1_37' title='bbox 619 318 648 343; x_wconf 82' lang='grc' dir='ltr'>ὲν</span> <span class='ocrx_word' id='word_1_38' title='bbox 661 314 683 351; x_wconf 82' lang='grc' dir='ltr'>ᾧ</span> <span class='ocrx_word' id='word_1_39' title='bbox 694 317 827 344; x_wconf 85' lang='grc' dir='ltr'>τυποῦται</span> <span class='ocrx_word' id='word_1_40' title='bbox 848 317 895 343; x_wconf 75' lang='grc' dir='ltr'><strong>καὶ</strong></span> <span class='ocrx_word' id='word_1_41' title='bbox 911 316 1015 342; x_wconf 84' lang='grc' dir='ltr'>δείκνυ-</span> 
     </span>
    </p>
   </div>
   <div class='ocr_carea' id='block_1_8' title="bbox 225 361 1014 399">
    <p class='ocr_par' dir='ltr' id='par_1_8' title="bbox 225 361 1014 399">
     <span class='ocr_line' id='line_1_8' title="bbox 225 361 1014 399; baseline -0.005 -9"><span class='ocrx_word' id='word_1_42' title='bbox 225 372 270 390; x_wconf 82' lang='grc' dir='ltr'><strong>ται</strong></span> <span class='ocrx_word' id='word_1_43' title='bbox 283 364 315 390; x_wconf 76' lang='grc' dir='ltr'>τδ</span> <span class='ocrx_word' id='word_1_44' title='bbox 326 363 398 390; x_wconf 87' lang='grc' dir='ltr'>θεῖον</span> <span class='ocrx_word' id='word_1_45' title='bbox 414 364 461 390; x_wconf 79' lang='grc' dir='ltr'>καὶ</span> <span class='ocrx_word' id='word_1_46' title='bbox 475 363 619 399; x_wconf 80' lang='grc' dir='ltr'>ζωηφόρον</span> <span class='ocrx_word' id='word_1_47' title='bbox 633 363 730 396; x_wconf 87' lang='grc' dir='ltr'>πάθος,</span> <span class='ocrx_word' id='word_1_48' title='bbox 743 363 790 389; x_wconf 85' lang='grc' dir='ltr'><strong>τοῦ</strong></span> <span class='ocrx_word' id='word_1_49' title='bbox 801 362 928 392; x_wconf 83' lang='grc' dir='ltr'>τυθέντος</span> <span class='ocrx_word' id='word_1_50' title='bbox 944 361 1014 396; x_wconf 80' lang='grc' dir='ltr'>ὑπὲρ</span> 
     </span>
    </p>
   </div>
   <div class='ocr_carea' id='block_1_9' title="bbox 225 407 1015 444">
    <p class='ocr_par' dir='ltr' id='par_1_9' title="bbox 225 407 1015 444">
     <span class='ocr_line' id='line_1_9' title="bbox 225 407 1015 444; baseline -0.003 -9"><span class='ocrx_word' id='word_1_51' title='bbox 225 410 275 444; x_wconf 81' lang='grc' dir='ltr'>τῆς</span> <span class='ocrx_word' id='word_1_52' title='bbox 308 409 355 435; x_wconf 80' lang='grc' dir='ltr'><strong>τοῦ</strong></span> <span class='ocrx_word' id='word_1_53' title='bbox 387 409 490 444; x_wconf 82' lang='grc' dir='ltr'><strong>κόσμου</strong></span> <span class='ocrx_word' id='word_1_54' title='bbox 520 409 778 444; x_wconf 79' lang='grc' dir='ltr'>ζωῆς·ὲπειδήπερ</span> <span class='ocrx_word' id='word_1_55' title='bbox 806 408 886 438; x_wconf 82' lang='grc' dir='ltr'>αὐτὸς</span> <span class='ocrx_word' id='word_1_56' title='bbox 911 407 1015 441; x_wconf 78' lang='grc' dir='ltr'>μόνοςό</span> 
     </span>
    </p>
   </div>
   <div class='ocr_carea' id='block_1_10' title="bbox 225 454 1014 490">
    <p class='ocr_par' dir='ltr' id='par_1_10' title="bbox 225 454 1014 490">
     <span class='ocr_line' id='line_1_10' title="bbox 225 454 1014 490; baseline -0.003 -8"><span class='ocrx_word' id='word_1_57' title='bbox 225 456 296 487; x_wconf 82' lang='grc' dir='ltr'>θεῖος</span> <span class='ocrx_word' id='word_1_58' title='bbox 309 456 390 490; x_wconf 82' lang='grc' dir='ltr'>ἄρτος</span> <span class='ocrx_word' id='word_1_59' title='bbox 404 475 411 486; x_wconf 87' lang='grc'><strong>,</strong></span> <span class='ocrx_word' id='word_1_60' title='bbox 428 456 575 490; x_wconf 76' lang='grc' dir='ltr'><strong>σφάττεται</strong></span> <span class='ocrx_word' id='word_1_61' title='bbox 597 455 647 489; x_wconf 76' lang='grc' dir='ltr'><strong>μὲν</strong></span> <span class='ocrx_word' id='word_1_62' title='bbox 661 476 667 488; x_wconf 85' lang='grc'><strong>,</strong></span> <span class='ocrx_word' id='word_1_63' title='bbox 687 455 734 482; x_wconf 81' lang='grc' dir='ltr'><strong>καὶ</strong></span> <span class='ocrx_word' id='word_1_64' title='bbox 751 455 788 486; x_wconf 86' lang='grc' dir='ltr'>ὼς</span> <span class='ocrx_word' id='word_1_65' title='bbox 801 454 887 488; x_wconf 82' lang='grc' dir='ltr'>ἀμνὸς</span> <span class='ocrx_word' id='word_1_66' title='bbox 900 454 993 480; x_wconf 82' lang='grc' dir='ltr'>θύεται</span> <span class='ocrx_word' id='word_1_67' title='bbox 1006 461 1014 468; x_wconf 83' lang='grc'><em>’</em></span> 
     </span>
    </p>
   </div>
   <div class='ocr_carea' id='block_1_11' title="bbox 224 500 1014 536">
    <p class='ocr_par' dir='ltr' id='par_1_11' title="bbox 224 500 1014 536">
     <span class='ocr_line' id='line_1_11' title="bbox 224 500 1014 536; baseline 0 -10"><span class='ocrx_word' id='word_1_68' title='bbox 224 501 259 527; x_wconf 83' lang='grc' dir='ltr'>τὰ</span> <span class='ocrx_word' id='word_1_69' title='bbox 272 501 294 527; x_wconf 77' lang='grc' dir='ltr'><strong>δ’</strong></span> <span class='ocrx_word' id='word_1_70' title='bbox 309 501 378 527; x_wconf 84' lang='grc' dir='ltr'>ἄλλα</span> <span class='ocrx_word' id='word_1_71' title='bbox 397 501 450 527; x_wconf 85' lang='grc' dir='ltr'>τῶν</span> <span class='ocrx_word' id='word_1_72' title='bbox 469 501 549 527; x_wconf 81' lang='grc' dir='ltr'>θείων</span> <span class='ocrx_word' id='word_1_73' title='bbox 578 501 672 536; x_wconf 84' lang='grc' dir='ltr'>δώρων</span> <span class='ocrx_word' id='word_1_74' title='bbox 696 501 725 528; x_wconf 81' lang='grc' dir='ltr'>οὐ</span> <span class='ocrx_word' id='word_1_75' title='bbox 751 500 925 535; x_wconf 87' lang='grc' dir='ltr'>λογχεύονται</span> <span class='ocrx_word' id='word_1_76' title='bbox 946 500 1014 535; x_wconf 81' lang='grc' dir='ltr'>μετὰ</span> 
     </span>
    </p>
   </div>
   <div class='ocr_carea' id='block_1_12' title="bbox 224 546 1012 582">
    <p class='ocr_par' dir='ltr' id='par_1_12' title="bbox 224 546 1012 582">
     <span class='ocr_line' id='line_1_12' title="bbox 224 546 1012 582; baseline -0.001 -9"><span class='ocrx_word' id='word_1_77' title='bbox 224 547 274 582; x_wconf 81' lang='grc' dir='ltr'><strong>τῆς</strong></span> <span class='ocrx_word' id='word_1_78' title='bbox 295 546 396 582; x_wconf 76' lang='grc' dir='ltr'>λόγχης</span> <span class='ocrx_word' id='word_1_79' title='bbox 426 547 607 582; x_wconf 82' lang='grc' dir='ltr'>σταυροειδῶς</span> <span class='ocrx_word' id='word_1_80' title='bbox 620 556 626 562; x_wconf 88' lang='grc'>·</span> <span class='ocrx_word' id='word_1_81' title='bbox 640 547 698 573; x_wconf 72' lang='grc' dir='ltr'>ἀλλ’</span> <span class='ocrx_word' id='word_1_82' title='bbox 714 547 751 578; x_wconf 80' lang='grc' dir='ltr'>ὡς</span> <span class='ocrx_word' id='word_1_83' title='bbox 778 547 846 581; x_wconf 84' lang='grc' dir='ltr'>μέλη</span> <span class='ocrx_word' id='word_1_84' title='bbox 874 547 920 573; x_wconf 78' lang='grc' dir='ltr'><strong>καὶ</strong></span> <span class='ocrx_word' id='word_1_85' title='bbox 944 546 1012 581; x_wconf 81' lang='grc' dir='ltr'>μέρη</span> 
     </span>
    </p>
   </div>
   <div class='ocr_carea' id='block_1_13' title="bbox 225 592 1013 628">
    <p class='ocr_par' dir='ltr' id='par_1_13' title="bbox 225 592 1013 628">
     <span class='ocr_line' id='line_1_13' title="bbox 225 592 1013 628; baseline -0.003 -9"><span class='ocrx_word' id='word_1_86' title='bbox 225 594 363 628; x_wconf 83' lang='grc' dir='ltr'>σώματος.</span> <span class='ocrx_word' id='word_1_87' title='bbox 378 593 536 628; x_wconf 73' lang='grc' dir='ltr'><strong>μερίζονται</strong></span> <span class='ocrx_word' id='word_1_88' title='bbox 552 593 598 620; x_wconf 77' lang='grc' dir='ltr'><strong>καὶ</strong></span> <span class='ocrx_word' id='word_1_89' title='bbox 617 593 865 627; x_wconf 80' lang='grc' dir='ltr'>κατασφάττονται.</span> <span class='ocrx_word' id='word_1_90' title='bbox 883 592 1013 626; x_wconf 82' lang='grc' dir='ltr'><strong>Μετὲχων</strong></span> 
     </span>
    </p>
   </div>
   <div class='ocr_carea' id='block_1_14' title="bbox 224 638 1012 674">
    <p class='ocr_par' dir='ltr' id='par_1_14' title="bbox 224 638 1012 674">
     <span class='ocr_line' id='line_1_14' title="bbox 224 638 1012 674; baseline -0.004 -8"><span class='ocrx_word' id='word_1_91' title='bbox 224 638 271 666; x_wconf 79' lang='grc' dir='ltr'><strong>οὖν</strong></span> <span class='ocrx_word' id='word_1_92' title='bbox 287 641 390 670; x_wconf 79' lang='grc' dir='ltr'>ὲκεῖνος</span> <span class='ocrx_word' id='word_1_93' title='bbox 405 641 419 665; x_wconf 83' lang='grc' dir='ltr'>ὁ</span> <span class='ocrx_word' id='word_1_94' title='bbox 429 640 498 670; x_wconf 82' lang='grc' dir='ltr'>θεῖος</span> <span class='ocrx_word' id='word_1_95' title='bbox 514 639 596 674; x_wconf 83' lang='grc' dir='ltr'>ἄρτος</span> <span class='ocrx_word' id='word_1_96' title='bbox 614 638 752 673; x_wconf 80' lang='grc' dir='ltr'>ἁγιασμοῦ</span> <span class='ocrx_word' id='word_1_97' title='bbox 765 659 772 670; x_wconf 89' lang='grc'><strong>,</strong></span> <span class='ocrx_word' id='word_1_98' title='bbox 788 638 947 673; x_wconf 83' lang='grc' dir='ltr'>μεταδίδωσι</span> <span class='ocrx_word' id='word_1_99' title='bbox 965 638 1012 664; x_wconf 74' lang='grc' dir='ltr'>καὶ</span> 
     </span>
    </p>
   </div>
   <div class='ocr_carea' id='block_1_15' title="bbox 224 683 1013 720">
    <p class='ocr_par' dir='ltr' id='par_1_15' title="bbox 224 683 1013 720">
     <span class='ocr_line' id='line_1_15' title="bbox 224 683 1013 720; baseline -0.004 -9"><span class='ocrx_word' id='word_1_100' title='bbox 224 687 279 716; x_wconf 86' lang='grc' dir='ltr'>τοῖς</span> <span class='ocrx_word' id='word_1_101' title='bbox 293 685 383 716; x_wconf 85' lang='grc' dir='ltr'>ἄλλοις</span> <span class='ocrx_word' id='word_1_102' title='bbox 401 684 503 719; x_wconf 76' lang='grc' dir='ltr'><strong>τιμίοις</strong></span> <span class='ocrx_word' id='word_1_103' title='bbox 516 684 613 720; x_wconf 80' lang='grc' dir='ltr'><strong>δώροις</strong></span> <span class='ocrx_word' id='word_1_104' title='bbox 625 693 632 700; x_wconf 92' lang='grc'>·</span> <span class='ocrx_word' id='word_1_105' title='bbox 646 684 745 718; x_wconf 83' lang='grc' dir='ltr'>ὁμοίως</span> <span class='ocrx_word' id='word_1_106' title='bbox 769 684 815 710; x_wconf 76' lang='grc' dir='ltr'>καὶ</span> <span class='ocrx_word' id='word_1_107' title='bbox 832 683 872 718; x_wconf 85' lang='grc' dir='ltr'>τῷ</span> <span class='ocrx_word' id='word_1_108' title='bbox 891 683 1013 718; x_wconf 83' lang='grc' dir='ltr'>ποτηρίῳ</span> 
     </span>
    </p>
   </div>
   <div class='ocr_carea' id='block_1_16' title="bbox 227 730 904 765">
    <p class='ocr_par' dir='ltr' id='par_1_16' title="bbox 227 730 904 765">
     <span class='ocr_line' id='line_1_16' title="bbox 227 730 904 765; baseline -0.001 -9"><span class='ocrx_word' id='word_1_109' title='bbox 227 731 387 764; x_wconf 78' lang='grc' dir='ltr'>μεταδίδωσι</span> <span class='ocrx_word' id='word_1_110' title='bbox 418 730 464 756; x_wconf 85' lang='grc' dir='ltr'><strong>τοῦ</strong></span> <span class='ocrx_word' id='word_1_111' title='bbox 492 730 631 764; x_wconf 83' lang='grc' dir='ltr'>ἀγιασμοῦ</span> <span class='ocrx_word' id='word_1_112' title='bbox 652 730 700 756; x_wconf 75' lang='grc' dir='ltr'>καὶ</span> <span class='ocrx_word' id='word_1_113' title='bbox 715 731 763 764; x_wconf 73' lang='grc' dir='ltr'><strong>τῆς⁸</strong></span> <span class='ocrx_word' id='word_1_114' title='bbox 781 731 904 765; x_wconf 81' lang='grc' dir='ltr'>χάριτος.</span> 
     </span>
    </p>
   </div>
   <div class='ocr_carea' id='block_1_17' title="bbox 259 773 1011 809">
    <p class='ocr_par' dir='ltr' id='par_1_17' title="bbox 259 773 1011 809">
     <span class='ocr_line' id='line_1_17' title="bbox 259 773 1011 809; baseline -0.003 -8"><span class='ocrx_word' id='word_1_115' title='bbox 259 774 338 802; x_wconf 80' lang='grc' dir='ltr'>Μετὰ</span> <span class='ocrx_word' id='word_1_116' title='bbox 352 775 381 801; x_wconf 84' lang='grc' dir='ltr'><strong>δὲ</strong></span> <span class='ocrx_word' id='word_1_117' title='bbox 403 775 451 807; x_wconf 79' lang='grc' dir='ltr'>τὴν</span> <span class='ocrx_word' id='word_1_118' title='bbox 467 774 581 808; x_wconf 69' lang='grc' dir='ltr'>ὕψωσιν,</span> <span class='ocrx_word' id='word_1_119' title='bbox 608 775 689 806; x_wconf 82' lang='grc' dir='ltr'>εὐθὺς</span> <span class='ocrx_word' id='word_1_120' title='bbox 704 776 717 800; x_wconf 81' lang='grc' dir='ltr'><em>ὁ</em></span> <span class='ocrx_word' id='word_1_121' title='bbox 731 774 864 809; x_wconf 78' lang='grc' dir='ltr'>μερισμὸς</span> <span class='ocrx_word' id='word_1_122' title='bbox 879 773 926 800; x_wconf 88' lang='grc' dir='ltr'><strong>τοῦ</strong></span> <span class='ocrx_word' id='word_1_123' title='bbox 940 773 1011 799; x_wconf 80' lang='grc' dir='ltr'>θείου</span> 
     </span>
    </p>
   </div>
   <div class='ocr_carea' id='block_1_18' title="bbox 225 820 1013 855">
    <p class='ocr_par' dir='ltr' id='par_1_18' title="bbox 225 820 1013 855">
     <span class='ocr_line' id='line_1_18' title="bbox 225 820 1013 855; baseline -0.001 -8"><span class='ocrx_word' id='word_1_124' title='bbox 225 822 343 847; x_wconf 84' lang='grc' dir='ltr'>ποιετται</span> <span class='ocrx_word' id='word_1_125' title='bbox 369 820 504 855; x_wconf 87' lang='grc' dir='ltr'>σώματος.</span> <span class='ocrx_word' id='word_1_126' title='bbox 524 820 604 847; x_wconf 78' lang='grc' dir='ltr'>Ἀλλὰ</span> <span class='ocrx_word' id='word_1_127' title='bbox 627 820 677 846; x_wconf 81' lang='grc' dir='ltr'><strong>κᾶν</strong></span> <span class='ocrx_word' id='word_1_128' title='bbox 693 820 848 855; x_wconf 83' lang='grc' dir='ltr'>μερίζηται,</span> <span class='ocrx_word' id='word_1_129' title='bbox 863 820 1013 855; x_wconf 79' lang='grc' dir='ltr'>ἀμέριστος</span> 
     </span>
    </p>
   </div>
   <div class='ocr_carea' id='block_1_19' title="bbox 224 864 1011 901">
    <p class='ocr_par' dir='ltr' id='par_1_19' title="bbox 224 864 1011 901">
     <span class='ocr_line' id='line_1_19' title="bbox 224 864 1011 901; baseline -0.003 -9"><span class='ocrx_word' id='word_1_130' title='bbox 224 866 345 901; x_wconf 85' lang='grc' dir='ltr'>διαμένει</span> <span class='ocrx_word' id='word_1_131' title='bbox 374 867 422 892; x_wconf 77' lang='grc' dir='ltr'><strong>καὶ</strong></span> <span class='ocrx_word' id='word_1_132' title='bbox 448 865 570 901; x_wconf 77' lang='grc' dir='ltr'><strong>ἄτμητος</strong></span> <span class='ocrx_word' id='word_1_133' title='bbox 586 885 594 897; x_wconf 91' lang='grc'><strong>,</strong></span> <span class='ocrx_word' id='word_1_134' title='bbox 610 866 653 898; x_wconf 81' lang='grc' dir='ltr'><strong>ἐφ’</strong></span> <span class='ocrx_word' id='word_1_135' title='bbox 671 865 712 891; x_wconf 79' lang='grc' dir='ltr'><strong>ἐνὶ</strong></span> <span class='ocrx_word' id='word_1_136' title='bbox 740 865 848 899; x_wconf 78' lang='grc' dir='ltr'>ἑκάστῳ</span> <span class='ocrx_word' id='word_1_137' title='bbox 863 865 942 900; x_wconf 76' lang='grc' dir='ltr'>μέρει</span> <span class='ocrx_word' id='word_1_138' title='bbox 956 864 1011 890; x_wconf 84' lang='grc' dir='ltr'><strong>τῶν</strong></span> 
     </span>
    </p>
   </div>
   <div class='ocr_carea' id='block_1_20' title="bbox 223 911 1011 946">
    <p class='ocr_par' dir='ltr' id='par_1_20' title="bbox 223 911 1011 946">
     <span class='ocr_line' id='line_1_20' title="bbox 223 911 1011 946; baseline -0.003 -8"><span class='ocrx_word' id='word_1_139' title='bbox 223 912 408 946; x_wconf 75' lang='grc' dir='ltr'><strong>τεμνομένων,</strong></span> <span class='ocrx_word' id='word_1_140' title='bbox 424 911 484 942; x_wconf 81' lang='grc' dir='ltr'>ὅλος</span> <span class='ocrx_word' id='word_1_141' title='bbox 491 911 691 946; x_wconf 78' lang='grc' dir='ltr'>γνωριζόμενός</span> <span class='ocrx_word' id='word_1_142' title='bbox 701 919 730 937; x_wconf 87' lang='grc' dir='ltr'><strong>τε</strong></span> <span class='ocrx_word' id='word_1_143' title='bbox 743 912 789 937; x_wconf 75' lang='grc' dir='ltr'><strong>καὶ</strong></span> <span class='ocrx_word' id='word_1_144' title='bbox 803 911 1011 946; x_wconf 79' lang='grc' dir='ltr'><strong>εὑρισκόμενος.</strong></span> 
     </span>
    </p>
   </div>
   <div class='ocr_carea' id='block_1_21' title="bbox 225 956 1013 992">
    <p class='ocr_par' dir='ltr' id='par_1_21' title="bbox 225 956 1013 992">
     <span class='ocr_line' id='line_1_21' title="bbox 225 956 1013 992; baseline -0.001 -8"><span class='ocrx_word' id='word_1_145' title='bbox 225 959 256 984; x_wconf 84' lang='lat' dir='ltr'><strong>Et</strong></span> <span class='ocrx_word' id='word_1_146' title='bbox 270 957 324 992; x_wconf 80' lang='grc' dir='ltr'>γὰρ</span> <span class='ocrx_word' id='word_1_147' title='bbox 340 958 386 984; x_wconf 70' lang='grc' dir='ltr'>καὶ</span> <span class='ocrx_word' id='word_1_148' title='bbox 402 957 508 992; x_wconf 82' lang='grc' dir='ltr'>φθορὰν</span> <span class='ocrx_word' id='word_1_149' title='bbox 521 957 625 991; x_wconf 81' lang='grc' dir='ltr'><strong>ὑπέστη</strong></span> <span class='ocrx_word' id='word_1_150' title='bbox 643 957 681 991; x_wconf 82' lang='grc' dir='ltr'>τῷ</span> <span class='ocrx_word' id='word_1_151' title='bbox 696 957 820 992; x_wconf 80' lang='grc' dir='ltr'><strong>θανάτῳ,</strong></span> <span class='ocrx_word' id='word_1_152' title='bbox 835 957 893 983; x_wconf 72' lang='grc' dir='ltr'>ἀλλ’</span> <span class='ocrx_word' id='word_1_153' title='bbox 912 957 928 991; x_wconf 89' lang='grc' dir='ltr'>ή</span> <span class='ocrx_word' id='word_1_154' title='bbox 944 956 1013 991; x_wconf 80' lang='grc' dir='ltr'>σὰρξ</span> 
     </span>
    </p>
   </div>
   <div class='ocr_carea' id='block_1_22' title="bbox 224 1001 1012 1038">
    <p class='ocr_par' dir='ltr' id='par_1_22' title="bbox 224 1001 1012 1038">
     <span class='ocr_line' id='line_1_22' title="bbox 224 1001 1012 1038; baseline -0.001 -9"><span class='ocrx_word' id='word_1_155' title='bbox 224 1002 306 1029; x_wconf 78' lang='grc' dir='ltr'>αὑτοῦ</span> <span class='ocrx_word' id='word_1_156' title='bbox 323 1001 402 1036; x_wconf 78' lang='grc' dir='ltr'>ἐντῷ</span> <span class='ocrx_word' id='word_1_157' title='bbox 423 1002 474 1038; x_wconf 75' lang='grc' dir='ltr'><strong>ᾄδῃ</strong></span> <span class='ocrx_word' id='word_1_158' title='bbox 492 1002 542 1028; x_wconf 87' lang='grc' dir='ltr'><strong>οὐκ</strong></span> <span class='ocrx_word' id='word_1_159' title='bbox 564 1001 618 1028; x_wconf 80' lang='grc' dir='ltr'>είδε</span> <span class='ocrx_word' id='word_1_160' title='bbox 644 1002 804 1037; x_wconf 88' lang='grc' dir='ltr'>διαφθοράν.</span> <span class='ocrx_word' id='word_1_161' title='bbox 825 1002 892 1028; x_wconf 83' lang='grc' dir='ltr'>Τότε</span> <span class='ocrx_word' id='word_1_162' title='bbox 916 1002 943 1028; x_wconf 80' lang='grc' dir='ltr'><strong>δὲ</strong></span> <span class='ocrx_word' id='word_1_163' title='bbox 966 1011 1012 1028; x_wconf 87' lang='grc' dir='ltr'><strong>κο-</strong></span> 
     </span>
    </p>
   </div>
   <div class='ocr_carea' id='block_1_23' title="bbox 226 1047 1007 1083">
    <p class='ocr_par' dir='ltr' id='par_1_23' title="bbox 226 1047 1007 1083">
     <span class='ocr_line' id='line_1_23' title="bbox 226 1047 1007 1083; baseline 0 -9"><span class='ocrx_word' id='word_1_164' title='bbox 226 1048 333 1083; x_wconf 78' lang='grc' dir='ltr'>μίζεται</span> <span class='ocrx_word' id='word_1_165' title='bbox 355 1047 427 1083; x_wconf 78' lang='grc' dir='ltr'><strong>ὕδωρ</strong></span> <span class='ocrx_word' id='word_1_166' title='bbox 453 1048 620 1082; x_wconf 83' lang='grc' dir='ltr'>θερμότατον</span> <span class='ocrx_word' id='word_1_167' title='bbox 644 1049 684 1079; x_wconf 86' lang='grc' dir='ltr'><strong>είς</strong></span> <span class='ocrx_word' id='word_1_168' title='bbox 710 1048 809 1083; x_wconf 81' lang='grc' dir='ltr'>μικρὸν</span> <span class='ocrx_word' id='word_1_169' title='bbox 834 1047 1007 1083; x_wconf 83' lang='grc' dir='ltr'>λεϐητὰριον,</span> 
     </span>
    </p>
   </div>
   <div class='ocr_carea' id='block_1_24' title="bbox 224 1093 1012 1129">
    <p class='ocr_par' dir='ltr' id='par_1_24' title="bbox 224 1093 1012 1129">
     <span class='ocr_line' id='line_1_24' title="bbox 224 1093 1012 1129; baseline -0.003 -8"><span class='ocrx_word' id='word_1_170' title='bbox 224 1094 271 1121; x_wconf 75' lang='grc' dir='ltr'><strong>καὶ</strong></span> <span class='ocrx_word' id='word_1_171' title='bbox 287 1093 417 1128; x_wconf 84' lang='grc' dir='ltr'>κιρνῶσιν</span> <span class='ocrx_word' id='word_1_172' title='bbox 435 1093 464 1126; x_wconf 79' lang='grc' dir='ltr'><strong>ἐξ</strong></span> <span class='ocrx_word' id='word_1_173' title='bbox 483 1093 566 1119; x_wconf 78' lang='grc' dir='ltr'>αὑτοῦ</span> <span class='ocrx_word' id='word_1_174' title='bbox 585 1094 619 1120; x_wconf 74' lang='grc' dir='ltr'>τὰ</span> <span class='ocrx_word' id='word_1_175' title='bbox 636 1093 807 1129; x_wconf 74' lang='grc' dir='ltr'><strong>προκείμενα</strong></span> <span class='ocrx_word' id='word_1_176' title='bbox 821 1095 854 1129; x_wconf 83' lang='grc' dir='ltr'>τῇ</span> <span class='ocrx_word' id='word_1_177' title='bbox 873 1094 932 1128; x_wconf 84' lang='grc' dir='ltr'>θείᾳ</span> <span class='ocrx_word' id='word_1_178' title='bbox 944 1102 1012 1129; x_wconf 86' lang='grc' dir='ltr'>τρα-</span> 
     </span>
    </p>
   </div>
   <div class='ocr_carea' id='block_1_25' title="bbox 224 1136 1012 1174">
    <p class='ocr_par' dir='ltr' id='par_1_25' title="bbox 224 1136 1012 1174">
     <span class='ocr_line' id='line_1_25' title="bbox 224 1136 1012 1174; baseline -0.001 -9"><span class='ocrx_word' id='word_1_179' title='bbox 224 1138 306 1173; x_wconf 81' lang='grc' dir='ltr'>πέζῃ,</span> <span class='ocrx_word' id='word_1_180' title='bbox 324 1138 379 1164; x_wconf 73' lang='grc' dir='ltr'>εἴτε</span> <span class='ocrx_word' id='word_1_181' title='bbox 404 1138 543 1174; x_wconf 79' lang='grc' dir='ltr'><strong>κρατῆρες</strong></span> <span class='ocrx_word' id='word_1_182' title='bbox 558 1158 565 1170; x_wconf 86' lang='grc'><strong>,</strong></span> <span class='ocrx_word' id='word_1_183' title='bbox 579 1139 633 1165; x_wconf 73' lang='grc' dir='ltr'>εἴτε</span> <span class='ocrx_word' id='word_1_184' title='bbox 648 1139 767 1174; x_wconf 82' lang='grc' dir='ltr'>ποτήρια</span> <span class='ocrx_word' id='word_1_185' title='bbox 781 1136 834 1164; x_wconf 83' lang='grc' dir='ltr'>εἷεν</span> <span class='ocrx_word' id='word_1_186' title='bbox 846 1147 850 1152; x_wconf 91' lang='grc'><strong>·</strong></span> <span class='ocrx_word' id='word_1_187' title='bbox 864 1138 897 1164; x_wconf 78' lang='grc' dir='ltr'><strong>ἵν’</strong></span> <span class='ocrx_word' id='word_1_188' title='bbox 917 1138 1012 1174; x_wconf 81' lang='grc' dir='ltr'>ὥσπερ</span> 
     </span>
    </p>
   </div>
   <div class='ocr_carea' id='block_1_26' title="bbox 224 1183 1013 1219">
    <p class='ocr_par' dir='ltr' id='par_1_26' title="bbox 224 1183 1013 1219">
     <span class='ocr_line' id='line_1_26' title="bbox 224 1183 1013 1219; baseline -0.001 -9"><span class='ocrx_word' id='word_1_189' title='bbox 224 1185 257 1211; x_wconf 82' lang='grc' dir='ltr'><strong>ὲκ</strong></span> <span class='ocrx_word' id='word_1_190' title='bbox 281 1183 374 1219; x_wconf 80' lang='grc' dir='ltr'>ζώσης</span> <span class='ocrx_word' id='word_1_191' title='bbox 399 1184 535 1219; x_wconf 79' lang='grc' dir='ltr'><strong>προῆλθον</strong></span> <span class='ocrx_word' id='word_1_192' title='bbox 564 1184 613 1218; x_wconf 82' lang='grc' dir='ltr'>τῆς</span> <span class='ocrx_word' id='word_1_193' title='bbox 632 1184 707 1215; x_wconf 84' lang='grc' dir='ltr'>θείας</span> <span class='ocrx_word' id='word_1_194' title='bbox 733 1183 854 1218; x_wconf 86' lang='grc' dir='ltr'>πλευρᾶς</span> <span class='ocrx_word' id='word_1_195' title='bbox 869 1184 1013 1218; x_wconf 70' lang='grc' dir='ltr'>ἀμφότερα</span> 
     </span>
    </p>
   </div>
   <div class='ocr_carea' id='block_1_27' title="bbox 224 1225 1012 1266">
    <p class='ocr_par' dir='ltr' id='par_1_27' title="bbox 224 1225 1012 1266">
     <span class='ocr_line' id='line_1_27' title="bbox 224 1225 1012 1266; baseline -0.001 -10"><span class='ocrx_word' id='word_1_196' title='bbox 224 1231 393 1266; x_wconf 81' lang='grc' dir='ltr'>θερμότητος</span> <span class='ocrx_word' id='word_1_197' title='bbox 419 1230 641 1265; x_wconf 77' lang='grc' dir='ltr'><strong>πεπληρωμένα,</strong></span> <span class='ocrx_word' id='word_1_198' title='bbox 663 1230 733 1256; x_wconf 72' lang='grc' dir='ltr'>οὕτω</span> <span class='ocrx_word' id='word_1_199' title='bbox 757 1230 788 1264; x_wconf 83' lang='grc' dir='ltr'><strong>δὴ</strong></span> <span class='ocrx_word' id='word_1_200' title='bbox 812 1229 860 1256; x_wconf 76' lang='grc' dir='ltr'><strong>καὶ</strong></span> <span class='ocrx_word' id='word_1_201' title='bbox 886 1229 917 1255; x_wconf 66' lang='grc' dir='ltr'>τὸ</span> <span class='ocrx_word' id='word_1_202' title='bbox 940 1225 1012 1264; x_wconf 73' lang='grc' dir='ltr'><strong>ὕδωρ</strong></span> 
     </span>
    </p>
   </div>
   <div class='ocr_carea' id='block_1_28' title="bbox 224 1267 1013 1312">
    <p class='ocr_par' dir='ltr' id='par_1_28' title="bbox 224 1267 1013 1312">
     <span class='ocr_line' id='line_1_28' title="bbox 224 1267 1013 1312; baseline -0.003 -10"><span class='ocrx_word' id='word_1_203' title='bbox 224 1276 394 1312; x_wconf 70' lang='grc' dir='ltr'>θερμότατον</span> <span class='ocrx_word' id='word_1_204' title='bbox 410 1277 439 1302; x_wconf 79' lang='grc' dir='ltr'>ὲν</span> <span class='ocrx_word' id='word_1_205' title='bbox 454 1276 492 1310; x_wconf 84' lang='grc' dir='ltr'>τῷ</span> <span class='ocrx_word' id='word_1_206' title='bbox 508 1277 597 1312; x_wconf 83' lang='grc' dir='ltr'>καιρῷ</span> <span class='ocrx_word' id='word_1_207' title='bbox 614 1277 662 1311; x_wconf 84' lang='grc' dir='ltr'><strong>τῆς</strong></span> <span class='ocrx_word' id='word_1_208' title='bbox 680 1276 857 1311; x_wconf 64' lang='grc' dir='ltr'>μεταλήψεως</span> <span class='ocrx_word' id='word_1_209' title='bbox 872 1267 1013 1309; x_wconf 72' lang='grc' dir='ltr'>ἐπεμϐαλ-</span> 
     </span>
    </p>
   </div>
   <div class='ocr_carea' id='block_1_29' title="bbox 224 1320 1012 1355">
    <p class='ocr_par' dir='ltr' id='par_1_29' title="bbox 224 1320 1012 1355">
     <span class='ocr_line' id='line_1_29' title="bbox 224 1320 1012 1355; baseline -0.001 -9"><span class='ocrx_word' id='word_1_210' title='bbox 224 1320 347 1355; x_wconf 79' lang='grc' dir='ltr'>λόμενον,</span> <span class='ocrx_word' id='word_1_211' title='bbox 361 1320 464 1347; x_wconf 86' lang='grc' dir='ltr'>τέλειον</span> <span class='ocrx_word' id='word_1_212' title='bbox 479 1321 525 1347; x_wconf 77' lang='grc' dir='ltr'>τὸν</span> <span class='ocrx_word' id='word_1_213' title='bbox 549 1321 635 1347; x_wconf 85' lang='grc' dir='ltr'>τύπον</span> <span class='ocrx_word' id='word_1_214' title='bbox 657 1321 703 1346; x_wconf 82' lang='grc' dir='ltr'><strong>τοῦ</strong></span> <span class='ocrx_word' id='word_1_215' title='bbox 722 1321 873 1355; x_wconf 76' lang='grc' dir='ltr'>μυστηρίου</span> <span class='ocrx_word' id='word_1_216' title='bbox 888 1320 1012 1355; x_wconf 79' lang='grc' dir='ltr'>ἀναπλη-</span> 
     </span>
    </p>
   </div>
   <div class='ocr_carea' id='block_1_30' title="bbox 225 1366 1030 1401">
    <p class='ocr_par' dir='ltr' id='par_1_30' title="bbox 225 1366 1030 1401">
     <span class='ocr_line' id='line_1_30' title="bbox 225 1366 1030 1401; baseline 0 -9"><span class='ocrx_word' id='word_1_217' title='bbox 225 1367 267 1401; x_wconf 86' lang='grc' dir='ltr'>ροῖ</span> <span class='ocrx_word' id='word_1_218' title='bbox 292 1366 347 1392; x_wconf 83' lang='grc' dir='ltr'>τῶν</span> <span class='ocrx_word' id='word_1_219' title='bbox 374 1366 639 1401; x_wconf 81' lang='grc' dir='ltr'>μεταλαμϐανόντων</span> <span class='ocrx_word' id='word_1_220' title='bbox 663 1368 695 1401; x_wconf 85' lang='grc' dir='ltr'>τῇ</span> <span class='ocrx_word' id='word_1_221' title='bbox 720 1366 787 1401; x_wconf 77' lang='grc' dir='ltr'>θηλῇ</span> <span class='ocrx_word' id='word_1_222' title='bbox 804 1366 850 1392; x_wconf 86' lang='grc' dir='ltr'><strong>τοῦ</strong></span> <span class='ocrx_word' id='word_1_223' title='bbox 866 1366 1030 1401; x_wconf 71' lang='grc' dir='ltr'>ποτηρίου,-</span> 
     </span>
    </p>
   </div>
   <div class='ocr_carea' id='block_1_31' title="bbox 223 1412 1013 1448">
    <p class='ocr_par' dir='ltr' id='par_1_31' title="bbox 223 1412 1013 1448">
     <span class='ocr_line' id='line_1_31' title="bbox 223 1412 1013 1448; baseline 0 -10"><span class='ocrx_word' id='word_1_224' title='bbox 223 1413 261 1444; x_wconf 86' lang='grc' dir='ltr'><strong>ὡς</strong></span> <span class='ocrx_word' id='word_1_225' title='bbox 285 1414 354 1447; x_wconf 75' lang='grc' dir='ltr'>αὐτῇ</span> <span class='ocrx_word' id='word_1_226' title='bbox 371 1414 404 1447; x_wconf 79' lang='grc' dir='ltr'>τῇ</span> <span class='ocrx_word' id='word_1_227' title='bbox 420 1413 589 1447; x_wconf 79' lang='grc' dir='ltr'><strong>ζωοπαρόχῳ</strong></span> <span class='ocrx_word' id='word_1_228' title='bbox 619 1413 723 1448; x_wconf 78' lang='grc' dir='ltr'>πλευρᾷ</span> <span class='ocrx_word' id='word_1_229' title='bbox 742 1413 895 1446; x_wconf 74' lang='grc' dir='ltr'>ψαυόντων.</span> <span class='ocrx_word' id='word_1_230' title='bbox 920 1412 1013 1438; x_wconf 85' lang='grc' dir='ltr'>Ταῦτα</span> 
     </span>
    </p>
   </div>
   <div class='ocr_carea' id='block_1_32' title="bbox 224 1456 1012 1492">
    <p class='ocr_par' dir='ltr' id='par_1_32' title="bbox 224 1456 1012 1492">
     <span class='ocr_line' id='line_1_32' title="bbox 224 1456 1012 1492; baseline -0.003 -9"><span class='ocrx_word' id='word_1_231' title='bbox 224 1457 272 1483; x_wconf 80' lang='grc' dir='ltr'>καὶ</span> <span class='ocrx_word' id='word_1_232' title='bbox 286 1457 355 1492; x_wconf 77' lang='grc' dir='ltr'>θύρα</span> <span class='ocrx_word' id='word_1_233' title='bbox 379 1457 421 1486; x_wconf 83' lang='grc' dir='ltr'><strong>τίς</strong></span> <span class='ocrx_word' id='word_1_234' title='bbox 446 1458 520 1487; x_wconf 80' lang='grc' dir='ltr'>ἐστι,</span> <span class='ocrx_word' id='word_1_235' title='bbox 539 1458 606 1491; x_wconf 68' lang='grc' dir='ltr'>πρὸς</span> <span class='ocrx_word' id='word_1_236' title='bbox 618 1456 668 1491; x_wconf 77' lang='grc' dir='ltr'><strong>τὴν</strong></span> <span class='ocrx_word' id='word_1_237' title='bbox 681 1457 730 1491; x_wconf 81' lang='grc' dir='ltr'>τῆς</span> <span class='ocrx_word' id='word_1_238' title='bbox 744 1456 859 1491; x_wconf 82' lang='grc' dir='ltr'>Τριάδος</span> <span class='ocrx_word' id='word_1_239' title='bbox 876 1456 967 1482; x_wconf 89' lang='grc' dir='ltr'>πίστιν</span> <span class='ocrx_word' id='word_1_240' title='bbox 983 1463 1012 1482; x_wconf 86' lang='grc' dir='ltr'><strong>τε</strong></span> 
     </span>
    </p>
   </div>
   <div class='ocr_carea' id='block_1_33' title="bbox 224 1499 1013 1536">
    <p class='ocr_par' dir='ltr' id='par_1_33' title="bbox 224 1499 1013 1536">
     <span class='ocr_line' id='line_1_33' title="bbox 224 1499 1013 1536; baseline -0.001 -9"><span class='ocrx_word' id='word_1_241' title='bbox 224 1502 271 1527; x_wconf 74' lang='grc' dir='ltr'>καὶ</span> <span class='ocrx_word' id='word_1_242' title='bbox 302 1503 468 1535; x_wconf 74' lang='grc' dir='ltr'>ἐπίγνωσιν,</span> <span class='ocrx_word' id='word_1_243' title='bbox 483 1501 530 1527; x_wconf 80' lang='grc' dir='ltr'><strong>καὶ</strong></span> <span class='ocrx_word' id='word_1_244' title='bbox 555 1501 633 1528; x_wconf 82' lang='grc' dir='ltr'>τοῦτο</span> <span class='ocrx_word' id='word_1_245' title='bbox 663 1502 677 1528; x_wconf 84' lang='grc' dir='ltr'><strong>ό</strong></span> <span class='ocrx_word' id='word_1_246' title='bbox 702 1501 790 1536; x_wconf 80' lang='grc' dir='ltr'><strong>μέγας</strong></span> <span class='ocrx_word' id='word_1_247' title='bbox 813 1500 941 1534; x_wconf 78' lang='grc' dir='ltr'><strong>Ἰωάννης</strong></span> <span class='ocrx_word' id='word_1_248' title='bbox 965 1499 1013 1526; x_wconf 78' lang='grc' dir='ltr'>καὶ</span> 
     </span>
    </p>
   </div>
   <div class='ocr_carea' id='block_1_34' title="bbox 1066 265 1860 304">
    <p class='ocr_par' dir='ltr' id='par_1_34' title="bbox 1066 265 1860 304">
     <span class='ocr_line' id='line_1_34' title="bbox 1066 265 1860 304; baseline 0.008 -13"><span class='ocrx_word' id='word_1_249' title='bbox 1066 265 1140 299; x_wconf 74' lang='lat' dir='ltr'><strong>poris</strong></span> <span class='ocrx_word' id='word_1_250' title='bbox 1155 265 1256 292; x_wconf 77' lang='lat' dir='ltr'><strong>Christi</strong></span> <span class='ocrx_word' id='word_1_251' title='bbox 1273 266 1330 292; x_wconf 79' lang='lat' dir='ltr'><strong>Dei.</strong></span> <span class='ocrx_word' id='word_1_252' title='bbox 1346 266 1394 292; x_wconf 84' lang='lat' dir='ltr'><strong>Ille</strong></span> <span class='ocrx_word' id='word_1_253' title='bbox 1415 267 1488 293; x_wconf 89' lang='lat' dir='ltr'><strong>enim</strong></span> <span class='ocrx_word' id='word_1_254' title='bbox 1509 272 1550 294; x_wconf 88' lang='lat' dir='ltr'><strong>est</strong></span> <span class='ocrx_word' id='word_1_255' title='bbox 1570 267 1645 294; x_wconf 87' lang='lat' dir='ltr'><strong>solus</strong></span> <span class='ocrx_word' id='word_1_256' title='bbox 1661 268 1687 294; x_wconf 95' lang='lat' dir='ltr'><strong>in</strong></span> <span class='ocrx_word' id='word_1_257' title='bbox 1710 277 1766 303; x_wconf 91' lang='lat' dir='ltr'><strong>quo</strong></span> <span class='ocrx_word' id='word_1_258' title='bbox 1789 270 1860 304; x_wconf 77' lang='lat' dir='ltr'><strong>ligu-</strong></span> 
     </span>
    </p>
   </div>
   <div class='ocr_carea' id='block_1_35' title="bbox 1066 313 1856 351">
    <p class='ocr_par' dir='ltr' id='par_1_35' title="bbox 1066 313 1856 351">
     <span class='ocr_line' id='line_1_35' title="bbox 1066 313 1856 351; baseline 0.006 -13"><span class='ocrx_word' id='word_1_259' title='bbox 1066 316 1142 338; x_wconf 86' lang='lat' dir='ltr'><strong>ratur</strong></span> <span class='ocrx_word' id='word_1_260' title='bbox 1164 316 1190 338; x_wconf 81' lang='lat' dir='ltr'><strong>et</strong></span> <span class='ocrx_word' id='word_1_261' title='bbox 1207 317 1375 339; x_wconf 71' lang='lat' dir='ltr'><strong>monstratur</strong></span> <span class='ocrx_word' id='word_1_262' title='bbox 1398 313 1489 340; x_wconf 88' lang='lat' dir='ltr'><strong>divina</strong></span> <span class='ocrx_word' id='word_1_263' title='bbox 1506 319 1532 341; x_wconf 89' lang='lat' dir='ltr'><strong>et</strong></span> <span class='ocrx_word' id='word_1_264' title='bbox 1552 315 1658 342; x_wconf 81' lang='lat' dir='ltr'><strong>viviﬁea</strong></span> <span class='ocrx_word' id='word_1_265' title='bbox 1677 317 1770 350; x_wconf 79' lang='lat' dir='ltr'><strong>passio</strong></span> <span class='ocrx_word' id='word_1_266' title='bbox 1785 317 1856 351; x_wconf 83' lang='lat' dir='ltr'><strong>ejus,</strong></span> 
     </span>
    </p>
   </div>
   <div class='ocr_carea' id='block_1_36' title="bbox 1065 359 1858 396">
    <p class='ocr_par' dir='ltr' id='par_1_36' title="bbox 1065 359 1858 396">
     <span class='ocr_line' id='line_1_36' title="bbox 1065 359 1858 396; baseline 0.005 -12"><span class='ocrx_word' id='word_1_267' title='bbox 1065 359 1165 392; x_wconf 89' lang='lat' dir='ltr'><strong>quiest</strong></span> <span class='ocrx_word' id='word_1_268' title='bbox 1187 359 1344 386; x_wconf 74' lang='lat' dir='ltr'><strong>immolatus</strong></span> <span class='ocrx_word' id='word_1_269' title='bbox 1366 366 1414 393; x_wconf 89' lang='lat' dir='ltr'><strong>pro</strong></span> <span class='ocrx_word' id='word_1_270' title='bbox 1430 359 1523 386; x_wconf 92' lang='lat' dir='ltr'><strong>mundi</strong></span> <span class='ocrx_word' id='word_1_271' title='bbox 1538 361 1593 387; x_wconf 83' lang='lat' dir='ltr'><strong>vita</strong></span> <span class='ocrx_word' id='word_1_272' title='bbox 1612 370 1618 386; x_wconf 87' lang='lat'>:</span> <span class='ocrx_word' id='word_1_273' title='bbox 1635 361 1858 396; x_wconf 81' lang='lat' dir='ltr'><strong>quandoquidem</strong></span> 
     </span>
    </p>
   </div>
   <div class='ocr_carea' id='block_1_37' title="bbox 1065 403 1859 442">
    <p class='ocr_par' dir='ltr' id='par_1_37' title="bbox 1065 403 1859 442">
     <span class='ocr_line' id='line_1_37' title="bbox 1065 403 1859 442; baseline 0.005 -12"><span class='ocrx_word' id='word_1_274' title='bbox 1065 403 1123 438; x_wconf 88' lang='lat' dir='ltr'><strong>ipse</strong></span> <span class='ocrx_word' id='word_1_275' title='bbox 1136 404 1211 431; x_wconf 88' lang='lat' dir='ltr'><strong>solus</strong></span> <span class='ocrx_word' id='word_1_276' title='bbox 1226 404 1336 431; x_wconf 86' lang='lat' dir='ltr'><strong>divinus</strong></span> <span class='ocrx_word' id='word_1_277' title='bbox 1364 405 1442 439; x_wconf 84' lang='lat' dir='ltr'><strong>panis</strong></span> <span class='ocrx_word' id='word_1_278' title='bbox 1459 409 1603 439; x_wconf 78' lang='lat' dir='ltr'><strong>mactatur,</strong></span> <span class='ocrx_word' id='word_1_279' title='bbox 1620 411 1646 433; x_wconf 89' lang='lat' dir='ltr'><strong>et</strong></span> <span class='ocrx_word' id='word_1_280' title='bbox 1661 412 1690 433; x_wconf 88' lang='lat' dir='ltr'><strong>ut</strong></span> <span class='ocrx_word' id='word_1_281' title='bbox 1706 415 1794 442; x_wconf 73' lang='lat' dir='ltr'><strong>agnus</strong></span> <span class='ocrx_word' id='word_1_282' title='bbox 1807 407 1859 434; x_wconf 90' lang='lat' dir='ltr'><strong>im-</strong></span> 
     </span>
    </p>
   </div>
   <div class='ocr_carea' id='block_1_38' title="bbox 1065 451 1859 484">
    <p class='ocr_par' dir='ltr' id='par_1_38' title="bbox 1065 451 1859 484">
     <span class='ocr_line' id='line_1_38' title="bbox 1065 451 1859 484; baseline 0.005 -8"><span class='ocrx_word' id='word_1_283' title='bbox 1065 451 1185 477; x_wconf 89' lang='lat' dir='ltr'><strong>molatur</strong></span> <span class='ocrx_word' id='word_1_284' title='bbox 1201 460 1206 477; x_wconf 91' lang='lat'><strong>:</strong></span> <span class='ocrx_word' id='word_1_285' title='bbox 1227 451 1279 478; x_wconf 89' lang='lat' dir='ltr'><strong>alia</strong></span> <span class='ocrx_word' id='word_1_286' title='bbox 1301 458 1365 477; x_wconf 85' lang='lat' dir='ltr'><strong>vero</strong></span> <span class='ocrx_word' id='word_1_287' title='bbox 1382 451 1475 478; x_wconf 77' lang='lat' dir='ltr'><strong>divina</strong></span> <span class='ocrx_word' id='word_1_288' title='bbox 1488 451 1570 484; x_wconf 85' lang='lat' dir='ltr'><strong>dona,</strong></span> <span class='ocrx_word' id='word_1_289' title='bbox 1589 452 1684 480; x_wconf 82' lang='lat' dir='ltr'><strong>lancea</strong></span> <span class='ocrx_word' id='word_1_290' title='bbox 1701 461 1754 479; x_wconf 92' lang='lat' dir='ltr'><strong>non</strong></span> <span class='ocrx_word' id='word_1_291' title='bbox 1770 453 1859 481; x_wconf 78' lang='lat' dir='ltr'><strong>disse—</strong></span> 
     </span>
    </p>
   </div>
   <div class='ocr_carea' id='block_1_39' title="bbox 1065 497 1859 530">
    <p class='ocr_par' dir='ltr' id='par_1_39' title="bbox 1065 497 1859 530">
     <span class='ocr_line' id='line_1_39' title="bbox 1065 497 1859 530; baseline 0.005 -8"><span class='ocrx_word' id='word_1_292' title='bbox 1065 502 1161 523; x_wconf 86' lang='lat' dir='ltr'><strong>cantur</strong></span> <span class='ocrx_word' id='word_1_293' title='bbox 1180 497 1207 523; x_wconf 93' lang='lat' dir='ltr'><strong>in</strong></span> <span class='ocrx_word' id='word_1_294' title='bbox 1233 497 1345 524; x_wconf 90' lang='lat' dir='ltr'><strong>modum</strong></span> <span class='ocrx_word' id='word_1_295' title='bbox 1370 497 1463 525; x_wconf 88' lang='lat' dir='ltr'><strong>crucis</strong></span> <span class='ocrx_word' id='word_1_296' title='bbox 1489 498 1582 526; x_wconf 82' lang='lat' dir='ltr'><strong>lancea</strong></span> <span class='ocrx_word' id='word_1_297' title='bbox 1599 499 1732 530; x_wconf 81' lang='lat' dir='ltr'><strong>adhibita,</strong></span> <span class='ocrx_word' id='word_1_298' title='bbox 1763 501 1809 526; x_wconf 80' lang='lat' dir='ltr'><strong>sed</strong></span> <span class='ocrx_word' id='word_1_299' title='bbox 1831 504 1859 526; x_wconf 89' lang='lat' dir='ltr'><strong>ut</strong></span> 
     </span>
    </p>
   </div>
   <div class='ocr_carea' id='block_1_40' title="bbox 1064 542 1859 577">
    <p class='ocr_par' dir='ltr' id='par_1_40' title="bbox 1064 542 1859 577">
     <span class='ocr_line' id='line_1_40' title="bbox 1064 542 1859 577; baseline 0.005 -10"><span class='ocrx_word' id='word_1_300' title='bbox 1064 542 1185 568; x_wconf 76' lang='lat' dir='ltr'><strong>membra</strong></span> <span class='ocrx_word' id='word_1_301' title='bbox 1201 546 1228 568; x_wconf 88' lang='lat' dir='ltr'><strong>et</strong></span> <span class='ocrx_word' id='word_1_302' title='bbox 1247 547 1338 577; x_wconf 83' lang='lat' dir='ltr'><strong>partes</strong></span> <span class='ocrx_word' id='word_1_303' title='bbox 1355 543 1480 577; x_wconf 90' lang='lat' dir='ltr'><strong>corporis</strong></span> <span class='ocrx_word' id='word_1_304' title='bbox 1494 543 1679 577; x_wconf 83' lang='lat' dir='ltr'><strong>particulatim</strong></span> <span class='ocrx_word' id='word_1_305' title='bbox 1698 545 1859 571; x_wconf 81' lang='lat' dir='ltr'><strong>dividuntur</strong></span> 
     </span>
    </p>
   </div>
   <div class='ocr_carea' id='block_1_41' title="bbox 1064 588 1860 623">
    <p class='ocr_par' dir='ltr' id='par_1_41' title="bbox 1064 588 1860 623">
     <span class='ocr_line' id='line_1_41' title="bbox 1064 588 1860 623; baseline 0.004 -9"><span class='ocrx_word' id='word_1_306' title='bbox 1064 591 1091 614; x_wconf 87' lang='lat' dir='ltr'><strong>ct</strong></span> <span class='ocrx_word' id='word_1_307' title='bbox 1111 593 1277 614; x_wconf 84' lang='lat' dir='ltr'><strong>mactantur.</strong></span> <span class='ocrx_word' id='word_1_308' title='bbox 1302 588 1386 623; x_wconf 78' lang='lat' dir='ltr'><strong>igitur</strong></span> <span class='ocrx_word' id='word_1_309' title='bbox 1403 589 1482 622; x_wconf 88' lang='lat' dir='ltr'><strong>panis</strong></span> <span class='ocrx_word' id='word_1_310' title='bbox 1508 589 1552 616; x_wconf 88' lang='lat' dir='ltr'><strong>ille</strong></span> <span class='ocrx_word' id='word_1_311' title='bbox 1574 590 1683 617; x_wconf 86' lang='lat' dir='ltr'><strong>divinus</strong></span> <span class='ocrx_word' id='word_1_312' title='bbox 1704 591 1860 617; x_wconf 82' lang='lat' dir='ltr'><strong>sanctiﬁca-</strong></span> 
     </span>
    </p>
   </div>
   <div class='ocr_carea' id='block_1_42' title="bbox 1065 633 1859 670">
    <p class='ocr_par' dir='ltr' id='par_1_42' title="bbox 1065 633 1859 670">
     <span class='ocr_line' id='line_1_42' title="bbox 1065 633 1859 670; baseline 0.003 -11"><span class='ocrx_word' id='word_1_313' title='bbox 1065 633 1137 659; x_wconf 85' lang='lat' dir='ltr'><strong>tione</strong></span> <span class='ocrx_word' id='word_1_314' title='bbox 1154 634 1332 668; x_wconf 81' lang='lat' dir='ltr'><strong>participans,</strong></span> <span class='ocrx_word' id='word_1_315' title='bbox 1350 635 1537 661; x_wconf 79' lang='lat' dir='ltr'><strong>communicat</strong></span> <span class='ocrx_word' id='word_1_316' title='bbox 1550 640 1576 661; x_wconf 92' lang='lat' dir='ltr'><strong>et</strong></span> <span class='ocrx_word' id='word_1_317' title='bbox 1591 636 1652 663; x_wconf 87' lang='lat' dir='ltr'><strong>aliis</strong></span> <span class='ocrx_word' id='word_1_318' title='bbox 1670 636 1796 670; x_wconf 88' lang='lat' dir='ltr'><strong>pretiosis</strong></span> <span class='ocrx_word' id='word_1_319' title='bbox 1810 636 1859 663; x_wconf 86' lang='lat' dir='ltr'><strong>do-</strong></span> 
     </span>
    </p>
   </div>
   <div class='ocr_carea' id='block_1_43' title="bbox 1064 679 1858 710">
    <p class='ocr_par' dir='ltr' id='par_1_43' title="bbox 1064 679 1858 710">
     <span class='ocr_line' id='line_1_43' title="bbox 1064 679 1858 710; baseline 0.005 -6"><span class='ocrx_word' id='word_1_320' title='bbox 1064 679 1116 710; x_wconf 82' lang='lat' dir='ltr'><strong>nis,</strong></span> <span class='ocrx_word' id='word_1_321' title='bbox 1132 679 1257 706; x_wconf 90' lang='lat' dir='ltr'><strong>similiter</strong></span> <span class='ocrx_word' id='word_1_322' title='bbox 1271 684 1298 707; x_wconf 87' lang='lat' dir='ltr'><strong>et</strong></span> <span class='ocrx_word' id='word_1_323' title='bbox 1313 681 1390 708; x_wconf 83' lang='lat' dir='ltr'><strong>calici</strong></span> <span class='ocrx_word' id='word_1_324' title='bbox 1407 682 1594 709; x_wconf 80' lang='lat' dir='ltr'><strong>communicat</strong></span> <span class='ocrx_word' id='word_1_325' title='bbox 1610 683 1858 710; x_wconf 79' lang='lat' dir='ltr'><strong>sanctiﬁcationem</strong></span> 
     </span>
    </p>
   </div>
   <div class='ocr_carea' id='block_1_44' title="bbox 1063 724 1306 759">
    <p class='ocr_par' dir='ltr' id='par_1_44' title="bbox 1063 724 1306 759">
     <span class='ocr_line' id='line_1_44' title="bbox 1063 724 1306 759; baseline 0.012 -9"><span class='ocrx_word' id='word_1_326' title='bbox 1063 728 1090 750; x_wconf 87' lang='lat' dir='ltr'><strong>et</strong></span> <span class='ocrx_word' id='word_1_327' title='bbox 1104 724 1219 758; x_wconf 80' lang='lat' dir='ltr'><strong>gratiam</strong></span> <span class='ocrx_word' id='word_1_328' title='bbox 1237 724 1306 759; x_wconf 77' lang='lat'><strong>(15).</strong></span> 
     </span>
    </p>
   </div>
   <div class='ocr_carea' id='block_1_45' title="bbox 1099 769 1859 808">
    <p class='ocr_par' dir='ltr' id='par_1_45' title="bbox 1099 769 1859 808">
     <span class='ocr_line' id='line_1_45' title="bbox 1099 769 1859 808; baseline 0.008 -13"><span class='ocrx_word' id='word_1_329' title='bbox 1099 769 1165 796; x_wconf 88' lang='lat' dir='ltr'><strong>Post</strong></span> <span class='ocrx_word' id='word_1_330' title='bbox 1180 770 1362 797; x_wconf 82' lang='lat' dir='ltr'><strong>elevationem</strong></span> <span class='ocrx_word' id='word_1_331' title='bbox 1391 771 1482 798; x_wconf 89' lang='lat' dir='ltr'><strong>statim</strong></span> <span class='ocrx_word' id='word_1_332' title='bbox 1499 772 1610 806; x_wconf 84' lang='lat' dir='ltr'><strong>partitio</strong></span> <span class='ocrx_word' id='word_1_333' title='bbox 1633 772 1716 799; x_wconf 77' lang='lat' dir='ltr'><strong>divini</strong></span> <span class='ocrx_word' id='word_1_334' title='bbox 1734 774 1859 808; x_wconf 84' lang='lat' dir='ltr'><strong>corporis</strong></span> 
     </span>
    </p>
   </div>
   <div class='ocr_carea' id='block_1_46' title="bbox 1064 811 1859 854">
    <p class='ocr_par' dir='ltr' id='par_1_46' title="bbox 1064 811 1859 854">
     <span class='ocr_line' id='line_1_46' title="bbox 1064 811 1859 854; baseline 0.005 -13"><span class='ocrx_word' id='word_1_335' title='bbox 1064 814 1104 842; x_wconf 81' lang='lat' dir='ltr'><strong>ﬁt.</strong></span> <span class='ocrx_word' id='word_1_336' title='bbox 1133 815 1392 854; x_wconf 78' lang='lat' dir='ltr'><strong>Verumenimvero,</strong></span> <span class='ocrx_word' id='word_1_337' title='bbox 1416 818 1526 844; x_wconf 83' lang='lat' dir='ltr'><strong>tametsi</strong></span> <span class='ocrx_word' id='word_1_338' title='bbox 1554 811 1581 844; x_wconf 91' lang='lat' dir='ltr'><strong>in</strong></span> <span class='ocrx_word' id='word_1_339' title='bbox 1610 824 1701 852; x_wconf 78' lang='lat' dir='ltr'><strong>partes</strong></span> <span class='ocrx_word' id='word_1_340' title='bbox 1729 819 1859 845; x_wconf 80' lang='lat' dir='ltr'><strong>dividitur</strong></span> 
     </span>
    </p>
   </div>
   <div class='ocr_carea' id='block_1_47' title="bbox 1064 861 1857 899">
    <p class='ocr_par' dir='ltr' id='par_1_47' title="bbox 1064 861 1857 899">
     <span class='ocr_line' id='line_1_47' title="bbox 1064 861 1857 899; baseline 0.005 -12"><span class='ocrx_word' id='word_1_341' title='bbox 1064 861 1234 889; x_wconf 85' lang='lat' dir='ltr'><strong>individuum</strong></span> <span class='ocrx_word' id='word_1_342' title='bbox 1247 867 1274 889; x_wconf 87' lang='lat' dir='ltr'><strong>et</strong></span> <span class='ocrx_word' id='word_1_343' title='bbox 1289 863 1433 894; x_wconf 80' lang='lat' dir='ltr'><strong>inseclum,</strong></span> <span class='ocrx_word' id='word_1_344' title='bbox 1448 863 1475 890; x_wconf 83' lang='lat' dir='ltr'><strong>in</strong></span> <span class='ocrx_word' id='word_1_345' title='bbox 1494 864 1608 899; x_wconf 82' lang='lat' dir='ltr'><strong>singulis</strong></span> <span class='ocrx_word' id='word_1_346' title='bbox 1626 865 1751 899; x_wconf 86' lang='lat' dir='ltr'><strong>partibus</strong></span> <span class='ocrx_word' id='word_1_347' title='bbox 1766 870 1857 892; x_wconf 86' lang='lat' dir='ltr'><strong>secto-</strong></span> 
     </span>
    </p>
   </div>
   <div class='ocr_carea' id='block_1_48' title="bbox 1064 909 1856 943">
    <p class='ocr_par' dir='ltr' id='par_1_48' title="bbox 1064 909 1856 943">
     <span class='ocr_line' id='line_1_48' title="bbox 1064 909 1856 943; baseline 0.005 -10"><span class='ocrx_word' id='word_1_348' title='bbox 1064 915 1123 934; x_wconf 89' lang='lat' dir='ltr'><strong>rum</strong></span> <span class='ocrx_word' id='word_1_349' title='bbox 1148 912 1232 934; x_wconf 86' lang='lat' dir='ltr'><strong>totutn</strong></span> <span class='ocrx_word' id='word_1_350' title='bbox 1251 909 1408 943; x_wconf 77' lang='lat' dir='ltr'><strong>agnoscitur</strong></span> <span class='ocrx_word' id='word_1_351' title='bbox 1426 913 1454 936; x_wconf 84' lang='lat' dir='ltr'><strong>et</strong></span> <span class='ocrx_word' id='word_1_352' title='bbox 1480 910 1625 937; x_wconf 79' lang='lat' dir='ltr'><strong>invenitur.</strong></span> <span class='ocrx_word' id='word_1_353' title='bbox 1648 910 1766 937; x_wconf 81' lang='lat' dir='ltr'><strong>Tametsi</strong></span> <span class='ocrx_word' id='word_1_354' title='bbox 1784 911 1856 937; x_wconf 81' lang='lat' dir='ltr'><strong>enim</strong></span> 
     </span>
    </p>
   </div>
   <div class='ocr_carea' id='block_1_49' title="bbox 1063 953 1857 990">
    <p class='ocr_par' dir='ltr' id='par_1_49' title="bbox 1063 953 1857 990">
     <span class='ocr_line' id='line_1_49' title="bbox 1063 953 1857 990; baseline 0.004 -11"><span class='ocrx_word' id='word_1_355' title='bbox 1063 953 1267 987; x_wconf 66' lang='lat' dir='ltr'><strong>cm-ruptionem</strong></span> <span class='ocrx_word' id='word_1_356' title='bbox 1291 954 1375 981; x_wconf 84' lang='lat' dir='ltr'><strong>subiit</strong></span> <span class='ocrx_word' id='word_1_357' title='bbox 1399 959 1496 987; x_wconf 79' lang='lat' dir='ltr'><strong>morte,</strong></span> <span class='ocrx_word' id='word_1_358' title='bbox 1512 961 1538 982; x_wconf 86' lang='lat' dir='ltr'><strong>at</strong></span> <span class='ocrx_word' id='word_1_359' title='bbox 1561 955 1620 990; x_wconf 89' lang='lat' dir='ltr'><strong>ejus</strong></span> <span class='ocrx_word' id='word_1_360' title='bbox 1641 964 1705 983; x_wconf 86' lang='lat' dir='ltr'><strong>caro</strong></span> <span class='ocrx_word' id='word_1_361' title='bbox 1720 957 1745 982; x_wconf 94' lang='lat' dir='ltr'><strong>in</strong></span> <span class='ocrx_word' id='word_1_362' title='bbox 1763 956 1857 982; x_wconf 76' lang='lat' dir='ltr'><strong>inferis</strong></span> 
     </span>
    </p>
   </div>
   <div class='ocr_carea' id='block_1_50' title="bbox 1064 1000 1857 1035">
    <p class='ocr_par' dir='ltr' id='par_1_50' title="bbox 1064 1000 1857 1035">
     <span class='ocr_line' id='line_1_50' title="bbox 1064 1000 1857 1035; baseline 0.003 -9"><span class='ocrx_word' id='word_1_363' title='bbox 1064 1007 1118 1026; x_wconf 91' lang='lat' dir='ltr'><strong>non</strong></span> <span class='ocrx_word' id='word_1_364' title='bbox 1135 1000 1219 1027; x_wconf 88' lang='lat' dir='ltr'><strong>sensit</strong></span> <span class='ocrx_word' id='word_1_365' title='bbox 1236 1001 1449 1035; x_wconf 84' lang='lat' dir='ltr'><strong>corruptionem.</strong></span> <span class='ocrx_word' id='word_1_366' title='bbox 1464 1001 1541 1028; x_wconf 90' lang='lat' dir='ltr'><strong>Tunc</strong></span> <span class='ocrx_word' id='word_1_367' title='bbox 1557 1007 1585 1028; x_wconf 91' lang='lat' dir='ltr'><strong>et</strong></span> <span class='ocrx_word' id='word_1_368' title='bbox 1596 1002 1711 1028; x_wconf 72' lang='lat' dir='ltr'><strong>aﬂcrtur</strong></span> <span class='ocrx_word' id='word_1_369' title='bbox 1726 1009 1796 1035; x_wconf 82' lang='lat' dir='ltr'><strong>aqua</strong></span> <span class='ocrx_word' id='word_1_370' title='bbox 1810 1010 1857 1028; x_wconf 82' lang='lat' dir='ltr'><strong>ca-</strong></span> 
     </span>
    </p>
   </div>
   <div class='ocr_carea' id='block_1_51' title="bbox 1064 1045 1857 1082">
    <p class='ocr_par' dir='ltr' id='par_1_51' title="bbox 1064 1045 1857 1082">
     <span class='ocr_line' id='line_1_51' title="bbox 1064 1045 1857 1082; baseline 0.004 -11"><span class='ocrx_word' id='word_1_371' title='bbox 1064 1045 1196 1072; x_wconf 85' lang='lat' dir='ltr'><strong>lidissima</strong></span> <span class='ocrx_word' id='word_1_372' title='bbox 1215 1047 1241 1072; x_wconf 92' lang='lat' dir='ltr'><strong>in</strong></span> <span class='ocrx_word' id='word_1_373' title='bbox 1257 1047 1357 1081; x_wconf 76' lang='lat' dir='ltr'><strong>exiguo</strong></span> <span class='ocrx_word' id='word_1_374' title='bbox 1372 1047 1468 1080; x_wconf 88' lang='lat' dir='ltr'><strong>lebete,</strong></span> <span class='ocrx_word' id='word_1_375' title='bbox 1485 1055 1517 1075; x_wconf 90' lang='lat' dir='ltr'><strong>ac</strong></span> <span class='ocrx_word' id='word_1_376' title='bbox 1534 1055 1567 1074; x_wconf 82' lang='lat' dir='ltr'><strong>ex</strong></span> <span class='ocrx_word' id='word_1_377' title='bbox 1583 1055 1614 1075; x_wconf 85' lang='lat' dir='ltr'><strong>ea</strong></span> <span class='ocrx_word' id='word_1_378' title='bbox 1631 1052 1782 1082; x_wconf 84' lang='lat' dir='ltr'><strong>temperant</strong></span> <span class='ocrx_word' id='word_1_379' title='bbox 1795 1055 1857 1082; x_wconf 68' lang='lat' dir='ltr'><strong>qua:</strong></span> 
     </span>
    </p>
   </div>
   <div class='ocr_carea' id='block_1_52' title="bbox 1063 1091 1856 1127">
    <p class='ocr_par' dir='ltr' id='par_1_52' title="bbox 1063 1091 1856 1127">
     <span class='ocr_line' id='line_1_52' title="bbox 1063 1091 1856 1127; baseline 0.001 -9"><span class='ocrx_word' id='word_1_380' title='bbox 1063 1091 1161 1119; x_wconf 66' lang='lat' dir='ltr'><strong>divina:</strong></span> <span class='ocrx_word' id='word_1_381' title='bbox 1192 1100 1293 1119; x_wconf 72' lang='lat' dir='ltr'><strong>mensae</strong></span> <span class='ocrx_word' id='word_1_382' title='bbox 1313 1095 1451 1127; x_wconf 52' lang='lat' dir='ltr'><strong>proposita</strong></span> <span class='ocrx_word' id='word_1_383' title='bbox 1475 1099 1549 1125; x_wconf 76' lang='lat' dir='ltr'><strong>sunt,</strong></span> <span class='ocrx_word' id='word_1_384' title='bbox 1570 1094 1628 1121; x_wconf 81' lang='lat' dir='ltr'><strong>sive</strong></span> <span class='ocrx_word' id='word_1_385' title='bbox 1650 1099 1774 1125; x_wconf 75' lang='lat' dir='ltr'><strong>craterae,</strong></span> <span class='ocrx_word' id='word_1_386' title='bbox 1797 1093 1856 1120; x_wconf 79' lang='lat' dir='ltr'><strong>sive</strong></span> 
     </span>
    </p>
   </div>
   <div class='ocr_carea' id='block_1_53' title="bbox 1063 1137 1855 1173">
    <p class='ocr_par' dir='ltr' id='par_1_53' title="bbox 1063 1137 1855 1173">
     <span class='ocr_line' id='line_1_53' title="bbox 1063 1137 1855 1173; baseline 0.001 -10"><span class='ocrx_word' id='word_1_387' title='bbox 1063 1137 1162 1171; x_wconf 83' lang='lat' dir='ltr'><strong>pocula</strong></span> <span class='ocrx_word' id='word_1_388' title='bbox 1184 1138 1255 1170; x_wconf 83' lang='lat' dir='ltr'><strong>sint;</strong></span> <span class='ocrx_word' id='word_1_389' title='bbox 1277 1141 1306 1164; x_wconf 86' lang='lat' dir='ltr'><strong>ut</strong></span> <span class='ocrx_word' id='word_1_390' title='bbox 1328 1138 1409 1165; x_wconf 84' lang='lat' dir='ltr'><strong>veluti</strong></span> <span class='ocrx_word' id='word_1_391' title='bbox 1431 1146 1463 1165; x_wconf 77' lang='lat' dir='ltr'><strong>ex</strong></span> <span class='ocrx_word' id='word_1_392' title='bbox 1479 1139 1586 1165; x_wconf 81' lang='lat' dir='ltr'><strong>vivente</strong></span> <span class='ocrx_word' id='word_1_393' title='bbox 1602 1140 1749 1173; x_wconf 85' lang='lat' dir='ltr'><strong>procedant</strong></span> <span class='ocrx_word' id='word_1_394' title='bbox 1763 1139 1855 1165; x_wconf 84' lang='lat' dir='ltr'><strong>divino</strong></span> 
     </span>
    </p>
   </div>
   <div class='ocr_carea' id='block_1_54' title="bbox 1064 1181 1857 1219">
    <p class='ocr_par' dir='ltr' id='par_1_54' title="bbox 1064 1181 1857 1219">
     <span class='ocr_line' id='line_1_54' title="bbox 1064 1181 1857 1219; baseline 0.004 -11"><span class='ocrx_word' id='word_1_395' title='bbox 1064 1181 1157 1212; x_wconf 85' lang='lat' dir='ltr'><strong>latere,</strong></span> <span class='ocrx_word' id='word_1_396' title='bbox 1178 1187 1294 1216; x_wconf 87' lang='lat' dir='ltr'><strong>utraque</strong></span> <span class='ocrx_word' id='word_1_397' title='bbox 1313 1183 1404 1210; x_wconf 86' lang='lat' dir='ltr'><strong>calore</strong></span> <span class='ocrx_word' id='word_1_398' title='bbox 1420 1183 1528 1211; x_wconf 75' lang='lat' dir='ltr'><strong>referta.</strong></span> <span class='ocrx_word' id='word_1_399' title='bbox 1550 1183 1588 1210; x_wconf 88' lang='lat' dir='ltr'><strong>Ita</strong></span> <span class='ocrx_word' id='word_1_400' title='bbox 1604 1192 1669 1211; x_wconf 83' lang='lat' dir='ltr'><strong>sane</strong></span> <span class='ocrx_word' id='word_1_401' title='bbox 1684 1189 1710 1211; x_wconf 86' lang='lat' dir='ltr'><strong>et</strong></span> <span class='ocrx_word' id='word_1_402' title='bbox 1724 1191 1793 1219; x_wconf 85' lang='lat' dir='ltr'><strong>aqua</strong></span> <span class='ocrx_word' id='word_1_403' title='bbox 1809 1191 1857 1211; x_wconf 85' lang='lat' dir='ltr'><strong>ca-</strong></span> 
     </span>
    </p>
   </div>
   <div class='ocr_carea' id='block_1_55' title="bbox 1064 1227 1853 1265">
    <p class='ocr_par' dir='ltr' id='par_1_55' title="bbox 1064 1227 1853 1265">
     <span class='ocr_line' id='line_1_55' title="bbox 1064 1227 1853 1265; baseline 0.005 -12"><span class='ocrx_word' id='word_1_404' title='bbox 1064 1227 1196 1255; x_wconf 85' lang='lat' dir='ltr'><strong>lidissima</strong></span> <span class='ocrx_word' id='word_1_405' title='bbox 1216 1234 1336 1262; x_wconf 90' lang='lat' dir='ltr'><strong>tempore</strong></span> <span class='ocrx_word' id='word_1_406' title='bbox 1355 1231 1558 1258; x_wconf 85' lang='lat' dir='ltr'><strong>communionis</strong></span> <span class='ocrx_word' id='word_1_407' title='bbox 1581 1231 1681 1265; x_wconf 83' lang='lat' dir='ltr'><strong>injecta</strong></span> <span class='ocrx_word' id='word_1_408' title='bbox 1697 1232 1853 1258; x_wconf 78' lang='lat' dir='ltr'><strong>absolutum</strong></span> 
     </span>
    </p>
   </div>
   <div class='ocr_carea' id='block_1_56' title="bbox 1064 1274 1855 1310">
    <p class='ocr_par' dir='ltr' id='par_1_56' title="bbox 1064 1274 1855 1310">
     <span class='ocr_line' id='line_1_56' title="bbox 1064 1274 1855 1310; baseline 0.005 -11"><span class='ocrx_word' id='word_1_409' title='bbox 1064 1277 1155 1308; x_wconf 78' lang='lat' dir='ltr'><strong>typum</strong></span> <span class='ocrx_word' id='word_1_410' title='bbox 1171 1274 1293 1308; x_wconf 84' lang='lat' dir='ltr'><strong>mysterii</strong></span> <span class='ocrx_word' id='word_1_411' title='bbox 1307 1275 1395 1306; x_wconf 79' lang='lat' dir='ltr'><strong>explet</strong></span> <span class='ocrx_word' id='word_1_412' title='bbox 1411 1276 1621 1309; x_wconf 64' lang='lat' dir='ltr'><strong>percipientium</strong></span> <span class='ocrx_word' id='word_1_413' title='bbox 1641 1284 1786 1303; x_wconf 86' lang='lat' dir='ltr'><strong>mammam</strong></span> <span class='ocrx_word' id='word_1_414' title='bbox 1806 1285 1855 1310; x_wconf 91' lang='lat' dir='ltr'><strong>po-</strong></span> 
     </span>
    </p>
   </div>
   <div class='ocr_carea' id='block_1_57' title="bbox 1063 1318 1854 1354">
    <p class='ocr_par' dir='ltr' id='par_1_57' title="bbox 1063 1318 1854 1354">
     <span class='ocr_line' id='line_1_57' title="bbox 1063 1318 1854 1354; baseline 0.004 -9"><span class='ocrx_word' id='word_1_415' title='bbox 1063 1318 1127 1351; x_wconf 85' lang='lat' dir='ltr'><strong>culi,</strong></span> <span class='ocrx_word' id='word_1_416' title='bbox 1143 1320 1221 1353; x_wconf 85' lang='lat' dir='ltr'><strong>quasi</strong></span> <span class='ocrx_word' id='word_1_417' title='bbox 1238 1319 1296 1352; x_wconf 80' lang='lat' dir='ltr'><strong>ipso</strong></span> <span class='ocrx_word' id='word_1_418' title='bbox 1310 1320 1392 1346; x_wconf 80' lang='lat' dir='ltr'><strong>vitam</strong></span> <span class='ocrx_word' id='word_1_419' title='bbox 1410 1321 1564 1354; x_wconf 80' lang='lat' dir='ltr'><strong>porrigente</strong></span> <span class='ocrx_word' id='word_1_420' title='bbox 1576 1321 1658 1348; x_wconf 86' lang='lat' dir='ltr'><strong>latere</strong></span> <span class='ocrx_word' id='word_1_421' title='bbox 1674 1327 1854 1348; x_wconf 69' lang='lat' dir='ltr'><strong>contrecxato.</strong></span> 
     </span>
    </p>
   </div>
   <div class='ocr_carea' id='block_1_58' title="bbox 1063 1362 1856 1400">
    <p class='ocr_par' dir='ltr' id='par_1_58' title="bbox 1063 1362 1856 1400">
     <span class='ocr_line' id='line_1_58' title="bbox 1063 1362 1856 1400; baseline 0.006 -11"><span class='ocrx_word' id='word_1_422' title='bbox 1063 1362 1126 1390; x_wconf 64' lang='lat' dir='ltr'><strong>Haec</strong></span> <span class='ocrx_word' id='word_1_423' title='bbox 1142 1364 1224 1390; x_wconf 80' lang='lat' dir='ltr'><strong>etiam</strong></span> <span class='ocrx_word' id='word_1_424' title='bbox 1236 1364 1321 1399; x_wconf 85' lang='lat' dir='ltr'><strong>janua</strong></span> <span class='ocrx_word' id='word_1_425' title='bbox 1337 1366 1461 1400; x_wconf 66' lang='lat' dir='ltr'><strong>quamam</strong></span> <span class='ocrx_word' id='word_1_426' title='bbox 1477 1371 1518 1393; x_wconf 89' lang='lat' dir='ltr'><strong>est</strong></span> <span class='ocrx_word' id='word_1_427' title='bbox 1532 1368 1564 1393; x_wconf 89' lang='lat' dir='ltr'><strong>ad</strong></span> <span class='ocrx_word' id='word_1_428' title='bbox 1581 1366 1721 1394; x_wconf 80' lang='lat' dir='ltr'><strong>Trinitatis</strong></span> <span class='ocrx_word' id='word_1_429' title='bbox 1735 1367 1813 1393; x_wconf 68' lang='lat' dir='ltr'><strong>ﬁdem</strong></span> <span class='ocrx_word' id='word_1_430' title='bbox 1830 1373 1856 1394; x_wconf 81' lang='lat' dir='ltr'><strong>et</strong></span> 
     </span>
    </p>
   </div>
   <div class='ocr_carea' id='block_1_59' title="bbox 1065 1410 1856 1447">
    <p class='ocr_par' dir='ltr' id='par_1_59' title="bbox 1065 1410 1856 1447">
     <span class='ocr_line' id='line_1_59' title="bbox 1065 1410 1856 1447; baseline 0.004 -11"><span class='ocrx_word' id='word_1_431' title='bbox 1065 1410 1246 1445; x_wconf 83' lang='lat' dir='ltr'><strong>cognitionem</strong></span> <span class='ocrx_word' id='word_1_432' title='bbox 1263 1411 1478 1445; x_wconf 81' lang='lat' dir='ltr'><strong>percipiendam,</strong></span> <span class='ocrx_word' id='word_1_433' title='bbox 1492 1412 1572 1447; x_wconf 83' lang='lat' dir='ltr'><strong>idque</strong></span> <span class='ocrx_word' id='word_1_434' title='bbox 1588 1421 1701 1446; x_wconf 72' lang='lat' dir='ltr'><strong>magnus</strong></span> <span class='ocrx_word' id='word_1_435' title='bbox 1720 1413 1763 1439; x_wconf 81' lang='lat' dir='ltr'><strong>ille</strong></span> <span class='ocrx_word' id='word_1_436' title='bbox 1773 1412 1856 1439; x_wconf 84' lang='lat' dir='ltr'><strong>Joau-</strong></span> 
     </span>
    </p>
   </div>
   <div class='ocr_carea' id='block_1_60' title="bbox 1064 1456 1856 1491">
    <p class='ocr_par' dir='ltr' id='par_1_60' title="bbox 1064 1456 1856 1491">
     <span class='ocr_line' id='line_1_60' title="bbox 1064 1456 1856 1491; baseline 0.004 -10"><span class='ocrx_word' id='word_1_437' title='bbox 1064 1463 1112 1482; x_wconf 85' lang='lat' dir='ltr'><strong>nes</strong></span> <span class='ocrx_word' id='word_1_438' title='bbox 1132 1463 1163 1482; x_wconf 85' lang='lat' dir='ltr'><strong>ac</strong></span> <span class='ocrx_word' id='word_1_439' title='bbox 1188 1456 1331 1491; x_wconf 81' lang='lat' dir='ltr'><strong>theologus</strong></span> <span class='ocrx_word' id='word_1_440' title='bbox 1353 1462 1541 1491; x_wconf 64' lang='lat' dir='ltr'><strong>repraesentat,</strong></span> <span class='ocrx_word' id='word_1_441' title='bbox 1561 1458 1648 1485; x_wconf 88' lang='lat' dir='ltr'><strong>tribus</strong></span> <span class='ocrx_word' id='word_1_442' title='bbox 1670 1458 1713 1484; x_wconf 87' lang='lat' dir='ltr'><strong>his</strong></span> <span class='ocrx_word' id='word_1_443' title='bbox 1742 1459 1856 1484; x_wconf 73' lang='lat' dir='ltr'><strong>testibus</strong></span> 
     </span>
    </p>
   </div>
   <div class='ocr_carea' id='block_1_61' title="bbox 1064 1501 1855 1530">
    <p class='ocr_par' dir='ltr' id='par_1_61' title="bbox 1064 1501 1855 1530">
     <span class='ocr_line' id='line_1_61' title="bbox 1064 1501 1855 1530; baseline 0.003 -3"><span class='ocrx_word' id='word_1_444' title='bbox 1064 1501 1195 1528; x_wconf 86' lang='lat' dir='ltr'><strong>salutaris</strong></span> <span class='ocrx_word' id='word_1_445' title='bbox 1216 1502 1277 1528; x_wconf 89' lang='lat' dir='ltr'><strong>lidei</strong></span> <span class='ocrx_word' id='word_1_446' title='bbox 1304 1506 1332 1528; x_wconf 90' lang='lat' dir='ltr'><strong>et</strong></span> <span class='ocrx_word' id='word_1_447' title='bbox 1356 1502 1465 1530; x_wconf 85' lang='lat' dir='ltr'><strong>virtutis</strong></span> <span class='ocrx_word' id='word_1_448' title='bbox 1493 1511 1647 1530; x_wconf 80' lang='lat' dir='ltr'><strong>sermonem</strong></span> <span class='ocrx_word' id='word_1_449' title='bbox 1678 1504 1855 1530; x_wconf 80' lang='lat' dir='ltr'><strong>conﬁrmans.</strong></span> 
     </span>
    </p>
   </div>
   <div class='ocr_carea' id='block_1_62' title="bbox 224 1542 1012 1593">
    <p class='ocr_par' dir='ltr' id='par_1_62' title="bbox 224 1542 1009 1582">
     <span class='ocr_line' id='line_1_62' title="bbox 224 1542 1009 1582; baseline -0.003 -8"><span class='ocrx_word' id='word_1_450' title='bbox 224 1547 349 1582; x_wconf 77' lang='grc' dir='ltr'>θεολὸγος</span> <span class='ocrx_word' id='word_1_451' title='bbox 377 1547 619 1582; x_wconf 76' lang='grc' dir='ltr'>παρίστησι,το”ίς</span> <span class='ocrx_word' id='word_1_452' title='bbox 649 1548 722 1582; x_wconf 71' lang='grc' dir='ltr'>τρισὶ</span> <span class='ocrx_word' id='word_1_453' title='bbox 750 1547 855 1578; x_wconf 79' lang='grc' dir='ltr'><strong>τούτοις</strong></span> <span class='ocrx_word' id='word_1_454' title='bbox 881 1542 1009 1581; x_wconf 78' lang='grc' dir='ltr'>μάρτυσι,</span> 
     </span>
    </p>
   </div>
   <div class='ocr_carea' id='block_1_63' title="bbox 1063 1542 1857 1593">
    <p class='ocr_par' dir='ltr' id='par_1_63' title="bbox 1067 1547 1857 1593">
     <span class='ocr_line' id='line_1_63' title="bbox 1067 1547 1857 1593; baseline 0.001 -19"><span class='ocrx_word' id='word_1_455' title='bbox 1067 1558 1075 1573; x_wconf 81' lang='grc' dir='ltr'>ι</span> <span class='ocrx_word' id='word_1_456' title='bbox 1095 1547 1173 1580; x_wconf 85' lang='lat' dir='ltr'><strong>Tres,</strong></span> <span class='ocrx_word' id='word_1_457' title='bbox 1189 1548 1288 1582; x_wconf 85' lang='lat' dir='ltr'><strong>inquit,</strong></span> <span class='ocrx_word' id='word_1_458' title='bbox 1305 1553 1369 1593; x_wconf 72' lang='lat' dir='ltr'><strong>sunt</strong></span> <span class='ocrx_word' id='word_1_459' title='bbox 1388 1549 1576 1582; x_wconf 81' lang='lat' dir='ltr'><strong>testiﬁcantes,</strong></span> <span class='ocrx_word' id='word_1_460' title='bbox 1602 1550 1726 1583; x_wconf 84' lang='lat' dir='ltr'><strong>spiritus,</strong></span> <span class='ocrx_word' id='word_1_461' title='bbox 1744 1559 1814 1584; x_wconf 85' lang='lat' dir='ltr'><strong>aqua</strong></span> <span class='ocrx_word' id='word_1_462' title='bbox 1831 1554 1857 1575; x_wconf 62' lang='lat' dir='ltr'><strong>vt</strong></span> 
     </span>
    </p>
   </div>
   <div class='ocr_carea' id='block_1_64' title="bbox 223 1592 1012 1629">
    <p class='ocr_par' dir='ltr' id='par_1_64' title="bbox 223 1592 1012 1629">
     <span class='ocr_line' id='line_1_64' title="bbox 223 1592 1012 1629; baseline -0.001 -10"><span class='ocrx_word' id='word_1_463' title='bbox 223 1593 275 1628; x_wconf 85' lang='grc' dir='ltr'>τῆς</span> <span class='ocrx_word' id='word_1_464' title='bbox 301 1594 437 1629; x_wconf 83' lang='grc' dir='ltr'>σωτηρίου</span> <span class='ocrx_word' id='word_1_465' title='bbox 467 1593 584 1624; x_wconf 79' lang='grc' dir='ltr'>πίστεως</span> <span class='ocrx_word' id='word_1_466' title='bbox 600 1593 647 1618; x_wconf 70' lang='grc' dir='ltr'>καὶ</span> <span class='ocrx_word' id='word_1_467' title='bbox 671 1593 812 1628; x_wconf 84' lang='grc' dir='ltr'>δυνάμεως</span> <span class='ocrx_word' id='word_1_468' title='bbox 826 1592 1012 1627; x_wconf 74' lang='grc' dir='ltr'>ἐπιστηρίζων</span> 
     </span>
    </p>
   </div>
   <div class='ocr_carea' id='block_1_65' title="bbox 223 1638 1010 1674">
    <p class='ocr_par' dir='ltr' id='par_1_65' title="bbox 223 1638 1010 1674">
     <span class='ocr_line' id='line_1_65' title="bbox 223 1638 1010 1674; baseline -0.004 -8"><span class='ocrx_word' id='word_1_469' title='bbox 223 1640 269 1666; x_wconf 77' lang='grc' dir='ltr'><strong>τὸν</strong></span> <span class='ocrx_word' id='word_1_470' title='bbox 283 1640 371 1673; x_wconf 83' lang='grc' dir='ltr'><strong>λόγον.</strong></span> <span class='ocrx_word' id='word_1_471' title='bbox 389 1649 398 1665; x_wconf 86' lang='grc'><strong><em>‹</em></strong></span> <span class='ocrx_word' id='word_1_472' title='bbox 413 1640 492 1674; x_wconf 82' lang='grc' dir='ltr'>Τρεῖς</span> <span class='ocrx_word' id='word_1_473' title='bbox 506 1640 574 1665; x_wconf 70' lang='grc' dir='ltr'>εἰσιν</span> <span class='ocrx_word' id='word_1_474' title='bbox 589 1640 614 1664; x_wconf 80' lang='grc' dir='ltr'>οἱ</span> <span class='ocrx_word' id='word_1_475' title='bbox 626 1639 838 1674; x_wconf 78' lang='grc' dir='ltr'>μαρτυροῦντες,</span> <span class='ocrx_word' id='word_1_476' title='bbox 852 1638 882 1664; x_wconf 77' lang='grc' dir='ltr'><strong>το</strong></span> <span class='ocrx_word' id='word_1_477' title='bbox 892 1638 1010 1672; x_wconf 77' lang='grc' dir='ltr'>πνεῦμα,</span> 
     </span>
    </p>
   </div>
   <div class='ocr_carea' id='block_1_66' title="bbox 224 1682 1008 1720">
    <p class='ocr_par' dir='ltr' id='par_1_66' title="bbox 224 1682 1008 1720">
     <span class='ocr_line' id='line_1_66' title="bbox 224 1682 1008 1720; baseline -0.001 -9"><span class='ocrx_word' id='word_1_478' title='bbox 224 1686 254 1712; x_wconf 83' lang='grc' dir='ltr'>τὸ</span> <span class='ocrx_word' id='word_1_479' title='bbox 272 1685 344 1720; x_wconf 77' lang='grc' dir='ltr'><strong>ὕδωρ</strong></span> <span class='ocrx_word' id='word_1_480' title='bbox 356 1685 402 1711; x_wconf 73' lang='grc' dir='ltr'>καὶ</span> <span class='ocrx_word' id='word_1_481' title='bbox 418 1685 447 1710; x_wconf 72' lang='grc' dir='ltr'>τὸ</span> <span class='ocrx_word' id='word_1_482' title='bbox 463 1682 532 1719; x_wconf 70' lang='grc' dir='ltr'>αἷμα</span> <span class='ocrx_word' id='word_1_483' title='bbox 546 1705 552 1716; x_wconf 84' lang='grc'><strong>,</strong></span> <span class='ocrx_word' id='word_1_484' title='bbox 567 1686 614 1711; x_wconf 73' lang='grc' dir='ltr'>καὶ</span> <span class='ocrx_word' id='word_1_485' title='bbox 628 1686 651 1710; x_wconf 83' lang='grc' dir='ltr'><strong>οὶ</strong></span> <span class='ocrx_word' id='word_1_486' title='bbox 664 1685 738 1719; x_wconf 82' lang='grc' dir='ltr'>τρεῖς</span> <span class='ocrx_word' id='word_1_487' title='bbox 755 1686 797 1716; x_wconf 85' lang='grc' dir='ltr'><strong>είς</strong></span> <span class='ocrx_word' id='word_1_488' title='bbox 813 1684 843 1710; x_wconf 78' lang='grc' dir='ltr'>τὸ</span> <span class='ocrx_word' id='word_1_489' title='bbox 858 1684 887 1710; x_wconf 74' lang='grc' dir='ltr'><strong>’ἐν</strong></span> <span class='ocrx_word' id='word_1_490' title='bbox 903 1685 981 1710; x_wconf 84' lang='grc' dir='ltr'>εἰσιν.</span> <span class='ocrx_word' id='word_1_491' title='bbox 1000 1693 1008 1709; x_wconf 79' lang='grc' dir='ltr'><strong>ι</strong></span> 
     </span>
    </p>
   </div>
   <div class='ocr_carea' id='block_1_67' title="bbox 231 1729 1012 1766">
    <p class='ocr_par' dir='ltr' id='par_1_67' title="bbox 231 1729 1012 1766">
     <span class='ocr_line' id='line_1_67' title="bbox 231 1729 1012 1766; baseline -0.003 -9"><span class='ocrx_word' id='word_1_492' title='bbox 231 1731 262 1757; x_wconf 82' lang='grc' dir='ltr'>Ἠ</span> <span class='ocrx_word' id='word_1_493' title='bbox 277 1731 306 1757; x_wconf 77' lang='grc' dir='ltr'><strong>δὲ</strong></span> <span class='ocrx_word' id='word_1_494' title='bbox 332 1730 483 1765; x_wconf 75' lang='grc' dir='ltr'>μετάληψις</span> <span class='ocrx_word' id='word_1_495' title='bbox 500 1730 576 1766; x_wconf 79' lang='grc' dir='ltr'>δηλοί</span> <span class='ocrx_word' id='word_1_496' title='bbox 595 1731 643 1756; x_wconf 71' lang='grc' dir='ltr'>καὶ</span> <span class='ocrx_word' id='word_1_497' title='bbox 654 1731 703 1765; x_wconf 81' lang='grc' dir='ltr'>τὴν</span> <span class='ocrx_word' id='word_1_498' title='bbox 720 1730 771 1766; x_wconf 80' lang='grc' dir='ltr'><strong>πρὸ</strong></span> <span class='ocrx_word' id='word_1_499' title='bbox 784 1731 830 1756; x_wconf 78' lang='grc' dir='ltr'><strong>τοῦ</strong></span> <span class='ocrx_word' id='word_1_500' title='bbox 847 1730 950 1761; x_wconf 84' lang='grc' dir='ltr'>πάθους</span> <span class='ocrx_word' id='word_1_501' title='bbox 965 1729 1012 1755; x_wconf 72' lang='grc' dir='ltr'><strong>ἐπὶ</strong></span> 
     </span>
    </p>
   </div>
   <div class='ocr_carea' id='block_1_68' title="bbox 223 1772 1011 1810">
    <p class='ocr_par' dir='ltr' id='par_1_68' title="bbox 223 1772 1011 1810">
     <span class='ocr_line' id='line_1_68' title="bbox 223 1772 1011 1810; baseline -0.005 -8"><span class='ocrx_word' id='word_1_502' title='bbox 223 1776 272 1802; x_wconf 82' lang='grc' dir='ltr'><strong>τοῦ</strong></span> <span class='ocrx_word' id='word_1_503' title='bbox 292 1776 424 1810; x_wconf 83' lang='grc' dir='ltr'>μυστικοῦ</span> <span class='ocrx_word' id='word_1_504' title='bbox 453 1776 562 1802; x_wconf 80' lang='grc' dir='ltr'>δείπνου</span> <span class='ocrx_word' id='word_1_505' title='bbox 579 1776 723 1810; x_wconf 83' lang='grc' dir='ltr'>μετάδοσιν</span> <span class='ocrx_word' id='word_1_506' title='bbox 738 1774 785 1801; x_wconf 81' lang='grc' dir='ltr'><strong>τοῦ</strong></span> <span class='ocrx_word' id='word_1_507' title='bbox 800 1773 883 1809; x_wconf 78' lang='grc' dir='ltr'>ἄρτου</span> <span class='ocrx_word' id='word_1_508' title='bbox 899 1774 947 1800; x_wconf 83' lang='grc' dir='ltr'><strong>καὶ</strong></span> <span class='ocrx_word' id='word_1_509' title='bbox 964 1772 1011 1799; x_wconf 78' lang='grc' dir='ltr'><strong>τοῦ</strong></span> 
     </span>
    </p>
   </div>
   <div class='ocr_carea' id='block_1_69' title="bbox 225 1818 1010 1856">
    <p class='ocr_par' dir='ltr' id='par_1_69' title="bbox 225 1818 1010 1856">
     <span class='ocr_line' id='line_1_69' title="bbox 225 1818 1010 1856; baseline -0.005 -8"><span class='ocrx_word' id='word_1_510' title='bbox 225 1822 321 1848; x_wconf 80' lang='grc' dir='ltr'>καινοῦ</span> <span class='ocrx_word' id='word_1_511' title='bbox 355 1822 504 1856; x_wconf 78' lang='grc' dir='ltr'>ποτηρίου·</span> <span class='ocrx_word' id='word_1_512' title='bbox 524 1821 588 1856; x_wconf 74' lang='grc' dir='ltr'>περὶ</span> <span class='ocrx_word' id='word_1_513' title='bbox 611 1819 641 1847; x_wconf 78' lang='grc' dir='ltr'>οὗ</span> <span class='ocrx_word' id='word_1_514' title='bbox 663 1818 740 1846; x_wconf 72' lang='grc' dir='ltr'>εἶπεν</span> <span class='ocrx_word' id='word_1_515' title='bbox 762 1822 775 1846; x_wconf 84' lang='grc' dir='ltr'><strong><em>ὁ</em></strong></span> <span class='ocrx_word' id='word_1_516' title='bbox 797 1819 892 1854; x_wconf 88' lang='grc' dir='ltr'>Σωτὴρ</span> <span class='ocrx_word' id='word_1_517' title='bbox 913 1818 1010 1854; x_wconf 82' lang='grc' dir='ltr'>ἡμῶν·</span> 
     </span>
    </p>
   </div>
   <div class='ocr_carea' id='block_1_70' title="bbox 228 1863 1013 1900">
    <p class='ocr_par' dir='ltr' id='par_1_70' title="bbox 228 1863 1013 1900">
     <span class='ocr_line' id='line_1_70' title="bbox 228 1863 1013 1900; baseline -0.003 -9"><span class='ocrx_word' id='word_1_518' title='bbox 228 1875 237 1891; x_wconf 70' lang='grc' dir='ltr'>ε</span> <span class='ocrx_word' id='word_1_519' title='bbox 252 1866 351 1893; x_wconf 78' lang='grc' dir='ltr'>Οὐκέτι</span> <span class='ocrx_word' id='word_1_520' title='bbox 367 1867 399 1892; x_wconf 80' lang='grc' dir='ltr'>ἐκ</span> <span class='ocrx_word' id='word_1_521' title='bbox 413 1866 508 1892; x_wconf 58' lang='lat' dir='ltr'><strong>coiret)</strong></span> <span class='ocrx_word' id='word_1_522' title='bbox 525 1867 589 1898; x_wconf 85' lang='grc' dir='ltr'><strong>πίω,</strong></span> <span class='ocrx_word' id='word_1_523' title='bbox 605 1866 684 1900; x_wconf 80' lang='grc' dir='ltr'>ἄχρις</span> <span class='ocrx_word' id='word_1_524' title='bbox 696 1866 758 1892; x_wconf 82' lang='grc' dir='ltr'>ὅτου</span> <span class='ocrx_word' id='word_1_525' title='bbox 776 1866 828 1892; x_wconf 84' lang='grc' dir='ltr'>πίω</span> <span class='ocrx_word' id='word_1_526' title='bbox 842 1865 906 1890; x_wconf 73' lang='grc' dir='ltr'>αὐτὸ</span> <span class='ocrx_word' id='word_1_527' title='bbox 920 1863 1013 1892; x_wconf 76' lang='grc' dir='ltr'>καινὸν</span> 
     </span>
    </p>
   </div>
   <div class='ocr_carea' id='block_1_71' title="bbox 225 1911 1012 1948">
    <p class='ocr_par' dir='ltr' id='par_1_71' title="bbox 225 1911 1012 1948">
     <span class='ocr_line' id='line_1_71' title="bbox 225 1911 1012 1948; baseline -0.003 -10"><span class='ocrx_word' id='word_1_528' title='bbox 225 1914 254 1939; x_wconf 79' lang='grc' dir='ltr'>ἐν</span> <span class='ocrx_word' id='word_1_529' title='bbox 268 1914 299 1947; x_wconf 78' lang='grc' dir='ltr'>τῇ</span> <span class='ocrx_word' id='word_1_530' title='bbox 315 1913 438 1948; x_wconf 72' lang='grc' dir='ltr'>βασιλείᾳ</span> <span class='ocrx_word' id='word_1_531' title='bbox 450 1913 497 1939; x_wconf 79' lang='grc' dir='ltr'>τοῦ</span> <span class='ocrx_word' id='word_1_532' title='bbox 515 1913 620 1948; x_wconf 85' lang='grc' dir='ltr'>Πατρός</span> <span class='ocrx_word' id='word_1_533' title='bbox 635 1922 696 1948; x_wconf 86' lang='grc' dir='ltr'>μου.</span> <span class='ocrx_word' id='word_1_534' title='bbox 717 1922 726 1937; x_wconf 74' lang='grc' dir='ltr'><strong><em>ι</em></strong></span> <span class='ocrx_word' id='word_1_535' title='bbox 750 1914 782 1938; x_wconf 88' lang='grc' dir='ltr'><em>Ὂ</em></span> <span class='ocrx_word' id='word_1_536' title='bbox 798 1913 844 1938; x_wconf 79' lang='grc' dir='ltr'><strong>καὶ</strong></span> <span class='ocrx_word' id='word_1_537' title='bbox 866 1911 926 1938; x_wconf 71' lang='grc' dir='ltr'>ἔπιε</span> <span class='ocrx_word' id='word_1_538' title='bbox 943 1911 1012 1946; x_wconf 65' lang='grc' dir='ltr'>μετὰ</span> 
     </span>
    </p>
   </div>
   <div class='ocr_carea' id='block_1_72' title="bbox 223 1956 1012 1993">
    <p class='ocr_par' dir='ltr' id='par_1_72' title="bbox 223 1956 1012 1993">
     <span class='ocr_line' id='line_1_72' title="bbox 223 1956 1012 1993; baseline -0.003 -9"><span class='ocrx_word' id='word_1_539' title='bbox 223 1958 274 1992; x_wconf 82' lang='grc' dir='ltr'>τὴν</span> <span class='ocrx_word' id='word_1_540' title='bbox 290 1958 439 1984; x_wconf 76' lang='grc' dir='ltr'>ἀνάστασιν</span> <span class='ocrx_word' id='word_1_541' title='bbox 456 1958 539 1990; x_wconf 73' lang='grc' dir='ltr'>ξένως</span> <span class='ocrx_word' id='word_1_542' title='bbox 552 1958 619 1993; x_wconf 84' lang='grc' dir='ltr'>ὁμοῦ</span> <span class='ocrx_word' id='word_1_543' title='bbox 633 1958 678 1984; x_wconf 75' lang='grc' dir='ltr'><strong>καὶ</strong></span> <span class='ocrx_word' id='word_1_544' title='bbox 691 1957 894 1992; x_wconf 81' lang='grc' dir='ltr'>καινοπρεπῶς.</span> <span class='ocrx_word' id='word_1_545' title='bbox 910 1957 946 1983; x_wconf 86' lang='grc' dir='ltr'>Οὐ</span> <span class='ocrx_word' id='word_1_546' title='bbox 959 1956 1012 1991; x_wconf 85' lang='grc' dir='ltr'><strong>γὰρ</strong></span> 
     </span>
    </p>
   </div>
   <div class='ocr_carea' id='block_1_73' title="bbox 224 2002 1012 2038">
    <p class='ocr_par' dir='ltr' id='par_1_73' title="bbox 224 2002 1012 2038">
     <span class='ocr_line' id='line_1_73' title="bbox 224 2002 1012 2038; baseline -0.001 -9"><span class='ocrx_word' id='word_1_547' title='bbox 224 2003 262 2034; x_wconf 81' lang='grc' dir='ltr'>ὡς</span> <span class='ocrx_word' id='word_1_548' title='bbox 290 2005 384 2038; x_wconf 77' lang='grc' dir='ltr'>χρείαν</span> <span class='ocrx_word' id='word_1_549' title='bbox 410 2004 562 2038; x_wconf 79' lang='grc' dir='ltr'>τηνικαῦτα</span> <span class='ocrx_word' id='word_1_550' title='bbox 579 2003 625 2030; x_wconf 86' lang='grc' dir='ltr'><strong>τοῦ</strong></span> <span class='ocrx_word' id='word_1_551' title='bbox 639 2003 764 2038; x_wconf 82' lang='grc' dir='ltr'>σώματος</span> <span class='ocrx_word' id='word_1_552' title='bbox 775 2003 883 2038; x_wconf 80' lang='grc' dir='ltr'>ἔχοντος</span> <span class='ocrx_word' id='word_1_553' title='bbox 898 2002 1012 2037; x_wconf 75' lang='grc' dir='ltr'>τροφῆς,</span> 
     </span>
    </p>
   </div>
   <div class='ocr_carea' id='block_1_74' title="bbox 225 2049 1013 2085">
    <p class='ocr_par' dir='ltr' id='par_1_74' title="bbox 225 2049 1013 2085">
     <span class='ocr_line' id='line_1_74' title="bbox 225 2049 1013 2085; baseline -0.001 -10"><span class='ocrx_word' id='word_1_554' title='bbox 225 2049 282 2076; x_wconf 81' lang='grc' dir='ltr'>ἀλλ’</span> <span class='ocrx_word' id='word_1_555' title='bbox 296 2051 335 2080; x_wconf 78' lang='grc' dir='ltr'><strong>εἰς</strong></span> <span class='ocrx_word' id='word_1_556' title='bbox 354 2050 540 2085; x_wconf 78' lang='grc' dir='ltr'>πληροφορίαν</span> <span class='ocrx_word' id='word_1_557' title='bbox 554 2050 607 2076; x_wconf 80' lang='grc' dir='ltr'><strong>τῶν</strong></span> <span class='ocrx_word' id='word_1_558' title='bbox 623 2049 753 2084; x_wconf 74' lang='grc' dir='ltr'>μαθητῶν</span> <span class='ocrx_word' id='word_1_559' title='bbox 767 2050 815 2084; x_wconf 80' lang='grc' dir='ltr'>τῆς</span> <span class='ocrx_word' id='word_1_560' title='bbox 834 2049 1013 2079; x_wconf 80' lang='grc' dir='ltr'>ἀναστάσεως</span> 
     </span>
    </p>
   </div>
   <div class='ocr_carea' id='block_1_75' title="bbox 224 2094 1013 2131">
    <p class='ocr_par' dir='ltr' id='par_1_75' title="bbox 224 2094 1013 2131">
     <span class='ocr_line' id='line_1_75' title="bbox 224 2094 1013 2131; baseline -0.001 -10"><span class='ocrx_word' id='word_1_561' title='bbox 224 2095 315 2121; x_wconf 75' lang='grc' dir='ltr'>ἕνεκα,</span> <span class='ocrx_word' id='word_1_562' title='bbox 332 2096 368 2121; x_wconf 79' lang='grc' dir='ltr'>Τὸ</span> <span class='ocrx_word' id='word_1_563' title='bbox 383 2096 411 2121; x_wconf 78' lang='grc' dir='ltr'>δὲ</span> <span class='ocrx_word' id='word_1_564' title='bbox 431 2096 593 2130; x_wconf 76' lang='grc' dir='ltr'>μεταλαϐεῖν</span> <span class='ocrx_word' id='word_1_565' title='bbox 616 2096 661 2122; x_wconf 84' lang='grc' dir='ltr'><strong>τὸν</strong></span> <span class='ocrx_word' id='word_1_566' title='bbox 679 2096 754 2131; x_wconf 81' lang='grc' dir='ltr'>ἱερέα</span> <span class='ocrx_word' id='word_1_567' title='bbox 771 2095 851 2130; x_wconf 80' lang='grc' dir='ltr'>μόνον</span> <span class='ocrx_word' id='word_1_568' title='bbox 873 2096 918 2121; x_wconf 63' lang='grc' dir='ltr'><strong>τὸν</strong></span> <span class='ocrx_word' id='word_1_569' title='bbox 942 2094 1013 2131; x_wconf 82' lang='grc' dir='ltr'>θεῖον</span> 
     </span>
    </p>
   </div>
   <div class='ocr_carea' id='block_1_76' title="bbox 225 2140 1013 2177">
    <p class='ocr_par' dir='ltr' id='par_1_76' title="bbox 225 2140 1013 2177">
     <span class='ocr_line' id='line_1_76' title="bbox 225 2140 1013 2177; baseline 0 -11"><span class='ocrx_word' id='word_1_570' title='bbox 225 2142 318 2176; x_wconf 83' lang='grc' dir='ltr'>ἄρτον,</span> <span class='ocrx_word' id='word_1_571' title='bbox 332 2141 396 2167; x_wconf 76' lang='grc' dir='ltr'>ἄνευ</span> <span class='ocrx_word' id='word_1_572' title='bbox 418 2141 468 2176; x_wconf 86' lang='grc' dir='ltr'><strong>μὲν</strong></span> <span class='ocrx_word' id='word_1_573' title='bbox 491 2142 617 2177; x_wconf 80' lang='grc' dir='ltr'>αἶματο;,</span> <span class='ocrx_word' id='word_1_574' title='bbox 633 2140 683 2168; x_wconf 80' lang='grc' dir='ltr'>εἷθ’</span> <span class='ocrx_word' id='word_1_575' title='bbox 699 2141 787 2172; x_wconf 78' lang='grc' dir='ltr'>οὕτως</span> <span class='ocrx_word' id='word_1_576' title='bbox 805 2142 952 2176; x_wconf 81' lang='grc' dir='ltr'>μετασχεῖν</span> <span class='ocrx_word' id='word_1_577' title='bbox 966 2140 1013 2166; x_wconf 77' lang='grc' dir='ltr'><strong>τοῦ</strong></span> 
     </span>
    </p>
   </div>
   <div class='ocr_carea' id='block_1_77' title="bbox 225 2186 1013 2223">
    <p class='ocr_par' dir='ltr' id='par_1_77' title="bbox 225 2186 1013 2223">
     <span class='ocr_line' id='line_1_77' title="bbox 225 2186 1013 2223; baseline 0 -10"><span class='ocrx_word' id='word_1_578' title='bbox 225 2187 298 2213; x_wconf 78' lang='grc' dir='ltr'>θείου</span> <span class='ocrx_word' id='word_1_579' title='bbox 314 2187 441 2222; x_wconf 76' lang='grc' dir='ltr'>αἵματος,</span> <span class='ocrx_word' id='word_1_580' title='bbox 454 2188 530 2214; x_wconf 75' lang='grc' dir='ltr'>οὐδὲν</span> <span class='ocrx_word' id='word_1_581' title='bbox 548 2189 612 2215; x_wconf 87' lang='grc' dir='ltr'>ἄλλο</span> <span class='ocrx_word' id='word_1_582' title='bbox 624 2188 709 2223; x_wconf 83' lang='grc' dir='ltr'>δηλοῖ,</span> <span class='ocrx_word' id='word_1_583' title='bbox 724 2189 748 2214; x_wconf 83' lang='grc' dir='ltr'><strong>εί</strong></span> <span class='ocrx_word' id='word_1_584' title='bbox 768 2187 805 2223; x_wconf 85' lang='grc' dir='ltr'><strong>μὴ</strong></span> <span class='ocrx_word' id='word_1_585' title='bbox 818 2187 958 2222; x_wconf 75' lang='grc' dir='ltr'>αἱματώδη</span> <span class='ocrx_word' id='word_1_586' title='bbox 973 2186 1013 2212; x_wconf 79' lang='grc' dir='ltr'>ἔτι</span> 
     </span>
    </p>
   </div>
   <div class='ocr_carea' id='block_1_78' title="bbox 224 2231 1011 2269">
    <p class='ocr_par' dir='ltr' id='par_1_78' title="bbox 224 2231 1011 2269">
     <span class='ocr_line' id='line_1_78' title="bbox 224 2231 1011 2269; baseline 0 -11"><span class='ocrx_word' id='word_1_587' title='bbox 224 2231 294 2260; x_wconf 77' lang='grc' dir='ltr'>εἶναι</span> <span class='ocrx_word' id='word_1_588' title='bbox 307 2233 351 2259; x_wconf 80' lang='grc' dir='ltr'><strong>τὸν</strong></span> <span class='ocrx_word' id='word_1_589' title='bbox 367 2233 438 2260; x_wconf 77' lang='grc' dir='ltr'>θεῖον</span> <span class='ocrx_word' id='word_1_590' title='bbox 456 2234 558 2269; x_wconf 80' lang='grc' dir='ltr'>ἀμνὸν,</span> <span class='ocrx_word' id='word_1_591' title='bbox 572 2234 625 2260; x_wconf 84' lang='grc' dir='ltr'><strong>ἀπὸ</strong></span> <span class='ocrx_word' id='word_1_592' title='bbox 649 2234 698 2269; x_wconf 79' lang='grc' dir='ltr'>τῆς</span> <span class='ocrx_word' id='word_1_593' title='bbox 712 2234 787 2265; x_wconf 84' lang='grc' dir='ltr'>θείας</span> <span class='ocrx_word' id='word_1_594' title='bbox 805 2234 852 2260; x_wconf 79' lang='grc' dir='ltr'><strong>καὶ</strong></span> <span class='ocrx_word' id='word_1_595' title='bbox 868 2233 1011 2268; x_wconf 75' lang='grc' dir='ltr'>ζωηφόρου</span> 
     </span>
    </p>
   </div>
   <div class='ocr_carea' id='block_1_79' title="bbox 226 2279 1012 2315">
    <p class='ocr_par' dir='ltr' id='par_1_79' title="bbox 226 2279 1012 2315">
     <span class='ocr_line' id='line_1_79' title="bbox 226 2279 1012 2315; baseline 0.001 -10"><span class='ocrx_word' id='word_1_596' title='bbox 226 2279 333 2314; x_wconf 78' lang='grc' dir='ltr'>σφαγῆς</span> <span class='ocrx_word' id='word_1_597' title='bbox 350 2299 357 2311; x_wconf 84' lang='grc'><strong>,</strong></span> <span class='ocrx_word' id='word_1_598' title='bbox 374 2279 422 2306; x_wconf 72' lang='grc' dir='ltr'><strong>καὶ</strong></span> <span class='ocrx_word' id='word_1_599' title='bbox 445 2280 492 2306; x_wconf 81' lang='grc' dir='ltr'><strong>τοῦ</strong></span> <span class='ocrx_word' id='word_1_600' title='bbox 511 2279 606 2314; x_wconf 81' lang='grc' dir='ltr'>νοητοῦ</span> <span class='ocrx_word' id='word_1_601' title='bbox 622 2280 757 2314; x_wconf 83' lang='grc' dir='ltr'>θύματος,</span> <span class='ocrx_word' id='word_1_602' title='bbox 773 2280 805 2315; x_wconf 87' lang='grc' dir='ltr'><strong>ἣν</strong></span> <span class='ocrx_word' id='word_1_603' title='bbox 816 2281 829 2306; x_wconf 86' lang='grc' dir='ltr'>ὁ</span> <span class='ocrx_word' id='word_1_604' title='bbox 846 2280 934 2315; x_wconf 78' lang='grc' dir='ltr'>ἱερεὺς</span> <span class='ocrx_word' id='word_1_605' title='bbox 947 2280 1012 2305; x_wconf 83' lang='grc' dir='ltr'>ὲπε-</span> 
     </span>
    </p>
   </div>
   <div class='ocr_carea' id='block_1_80' title="bbox 225 2325 1012 2362">
    <p class='ocr_par' dir='ltr' id='par_1_80' title="bbox 225 2325 1012 2362">
     <span class='ocr_line' id='line_1_80' title="bbox 225 2325 1012 2362; baseline 0 -11"><span class='ocrx_word' id='word_1_606' title='bbox 225 2326 334 2360; x_wconf 77' lang='grc' dir='ltr'>ποιήκει</span> <span class='ocrx_word' id='word_1_607' title='bbox 354 2325 493 2360; x_wconf 84' lang='grc' dir='ltr'>μυστικῶς</span> <span class='ocrx_word' id='word_1_608' title='bbox 519 2327 548 2352; x_wconf 84' lang='grc' dir='ltr'><strong>ὲν</strong></span> <span class='ocrx_word' id='word_1_609' title='bbox 569 2327 602 2362; x_wconf 82' lang='grc' dir='ltr'>τῇ</span> <span class='ocrx_word' id='word_1_610' title='bbox 620 2326 756 2362; x_wconf 87' lang='grc' dir='ltr'>προθέσει.</span> <span class='ocrx_word' id='word_1_611' title='bbox 778 2326 809 2352; x_wconf 82' lang='grc' dir='ltr'><strong>Ἠ</strong></span> <span class='ocrx_word' id='word_1_612' title='bbox 826 2326 892 2360; x_wconf 85' lang='grc' dir='ltr'>εὐχὴ</span> <span class='ocrx_word' id='word_1_613' title='bbox 908 2327 924 2360; x_wconf 81' lang='grc' dir='ltr'><strong>ἡ</strong></span> <span class='ocrx_word' id='word_1_614' title='bbox 943 2325 1012 2360; x_wconf 76' lang='grc' dir='ltr'>μετὰ</span> 
     </span>
    </p>
   </div>
   <div class='ocr_carea' id='block_1_81' title="bbox 224 2371 1011 2408">
    <p class='ocr_par' dir='ltr' id='par_1_81' title="bbox 224 2371 1011 2408">
     <span class='ocr_line' id='line_1_81' title="bbox 224 2371 1011 2408; baseline 0.001 -11"><span class='ocrx_word' id='word_1_615' title='bbox 224 2371 254 2397; x_wconf 69' lang='grc' dir='ltr'>τὸ</span> <span class='ocrx_word' id='word_1_616' title='bbox 272 2372 435 2405; x_wconf 81' lang='grc' dir='ltr'>μεταλαϐεῖν</span> <span class='ocrx_word' id='word_1_617' title='bbox 449 2372 494 2398; x_wconf 68' lang='grc' dir='ltr'><strong>τὸν</strong></span> <span class='ocrx_word' id='word_1_618' title='bbox 506 2372 581 2406; x_wconf 77' lang='grc' dir='ltr'>ἱερέα</span> <span class='ocrx_word' id='word_1_619' title='bbox 593 2380 600 2387; x_wconf 77' lang='grc'><strong><em>⁸</em></strong></span> <span class='ocrx_word' id='word_1_620' title='bbox 619 2382 629 2397; x_wconf 80' lang='grc' dir='ltr'>ι</span> <span class='ocrx_word' id='word_1_621' title='bbox 653 2373 821 2408; x_wconf 80' lang='grc' dir='ltr'>Ἠτοίμασας</span> <span class='ocrx_word' id='word_1_622' title='bbox 833 2372 950 2398; x_wconf 80' lang='grc' dir='ltr'>ἐνώπιόν</span> <span class='ocrx_word' id='word_1_623' title='bbox 961 2381 1011 2407; x_wconf 92' lang='grc' dir='ltr'><strong>μου</strong></span> 
     </span>
    </p>
   </div>
   <div class='ocr_carea' id='block_1_82' title="bbox 224 2416 1010 2452">
    <p class='ocr_par' dir='ltr' id='par_1_82' title="bbox 224 2416 1010 2452">
     <span class='ocr_line' id='line_1_82' title="bbox 224 2416 1010 2452; baseline 0.004 -11"><span class='ocrx_word' id='word_1_624' title='bbox 224 2416 365 2450; x_wconf 65' lang='grc' dir='ltr'>τράπεζαν</span> <span class='ocrx_word' id='word_1_625' title='bbox 381 2416 410 2448; x_wconf 75' lang='grc' dir='ltr'><strong>ἐξ</strong></span> <span class='ocrx_word' id='word_1_626' title='bbox 434 2416 559 2447; x_wconf 77' lang='grc' dir='ltr'>ἐναντίας</span> <span class='ocrx_word' id='word_1_627' title='bbox 581 2417 690 2443; x_wconf 71' lang='grc' dir='ltr'>πάντων</span> <span class='ocrx_word' id='word_1_628' title='bbox 705 2417 759 2443; x_wconf 81' lang='grc' dir='ltr'>τῶν</span> <span class='ocrx_word' id='word_1_629' title='bbox 776 2417 921 2444; x_wconf 72' lang='grc' dir='ltr'>θλιϐόντων</span> <span class='ocrx_word' id='word_1_630' title='bbox 941 2426 984 2452; x_wconf 89' lang='grc' dir='ltr'>με.</span> <span class='ocrx_word' id='word_1_631' title='bbox 1002 2427 1010 2443; x_wconf 75' lang='grc' dir='ltr'><strong>ι</strong></span> 
     </span>
    </p>
   </div>
   <div class='ocr_carea' id='block_1_83' title="bbox 225 2462 1014 2499">
    <p class='ocr_par' dir='ltr' id='par_1_83' title="bbox 225 2462 1014 2499">
     <span class='ocr_line' id='line_1_83' title="bbox 225 2462 1014 2499; baseline 0.004 -12"><span class='ocrx_word' id='word_1_632' title='bbox 225 2462 281 2496; x_wconf 83' lang='grc' dir='ltr'><strong>Τὴν</strong></span> <span class='ocrx_word' id='word_1_633' title='bbox 303 2463 464 2496; x_wconf 69' lang='grc' dir='ltr'>ἐπουράνιον</span> <span class='ocrx_word' id='word_1_634' title='bbox 484 2462 558 2497; x_wconf 80' lang='grc' dir='ltr'>λέγει</span> <span class='ocrx_word' id='word_1_635' title='bbox 582 2463 723 2498; x_wconf 83' lang='grc' dir='ltr'>τράπεζαν</span> <span class='ocrx_word' id='word_1_636' title='bbox 737 2484 743 2495; x_wconf 84' lang='grc'><strong>,</strong></span> <span class='ocrx_word' id='word_1_637' title='bbox 761 2463 791 2489; x_wconf 85' lang='grc' dir='ltr'><strong>τὸ</strong></span> <span class='ocrx_word' id='word_1_638' title='bbox 812 2466 960 2499; x_wconf 77' lang='grc' dir='ltr'>μυστήριον</span> <span class='ocrx_word' id='word_1_639' title='bbox 984 2465 1014 2491; x_wconf 85' lang='grc' dir='ltr'><strong>τὸ</strong></span> 
     </span>
    </p>
   </div>
   <div class='ocr_carea' id='block_1_84' title="bbox 225 2507 1014 2544">
    <p class='ocr_par' dir='ltr' id='par_1_84' title="bbox 225 2507 1014 2544">
     <span class='ocr_line' id='line_1_84' title="bbox 225 2507 1014 2544; baseline 0.005 -12"><span class='ocrx_word' id='word_1_640' title='bbox 225 2507 360 2533; x_wconf 82' lang='grc' dir='ltr'>ἀθάνατον</span> <span class='ocrx_word' id='word_1_641' title='bbox 373 2515 379 2521; x_wconf 87' lang='grc'><strong>·</strong></span> <span class='ocrx_word' id='word_1_642' title='bbox 399 2507 550 2543; x_wconf 75' lang='grc' dir='ltr'>τράπεζαν,</span> <span class='ocrx_word' id='word_1_643' title='bbox 564 2508 594 2534; x_wconf 87' lang='grc' dir='ltr'>τὸ</span> <span class='ocrx_word' id='word_1_644' title='bbox 610 2509 743 2544; x_wconf 78' lang='grc' dir='ltr'>ἄχραντον</span> <span class='ocrx_word' id='word_1_645' title='bbox 759 2509 848 2544; x_wconf 81' lang='grc' dir='ltr'>σῶμα.</span> <span class='ocrx_word' id='word_1_646' title='bbox 869 2519 878 2535; x_wconf 80' lang='grc' dir='ltr'>ι</span> <span class='ocrx_word' id='word_1_647' title='bbox 904 2510 1014 2536; x_wconf 81' lang='grc' dir='ltr'>Ἐλίπα-</span> 
     </span>
    </p>
   </div>
   <div class='ocr_carea' id='block_1_85' title="bbox 226 2552 1014 2589">
    <p class='ocr_par' dir='ltr' id='par_1_85' title="bbox 226 2552 1014 2589">
     <span class='ocr_line' id='line_1_85' title="bbox 226 2552 1014 2589; baseline 0.006 -12"><span class='ocrx_word' id='word_1_648' title='bbox 226 2561 274 2583; x_wconf 89' lang='grc' dir='ltr'><strong>νας</strong></span> <span class='ocrx_word' id='word_1_649' title='bbox 302 2553 330 2578; x_wconf 81' lang='grc' dir='ltr'><strong>ὲν</strong></span> <span class='ocrx_word' id='word_1_650' title='bbox 352 2552 434 2588; x_wconf 78' lang='grc' dir='ltr'>ἐλαίῳ</span> <span class='ocrx_word' id='word_1_651' title='bbox 454 2553 503 2588; x_wconf 80' lang='grc' dir='ltr'>τὴν</span> <span class='ocrx_word' id='word_1_652' title='bbox 526 2553 648 2589; x_wconf 79' lang='grc' dir='ltr'>κεφαλήν</span> <span class='ocrx_word' id='word_1_653' title='bbox 674 2563 725 2589; x_wconf 88' lang='grc' dir='ltr'><strong>μου</strong></span> <span class='ocrx_word' id='word_1_654' title='bbox 738 2562 744 2570; x_wconf 93' lang='grc'><strong>·</strong></span> <span class='ocrx_word' id='word_1_655' title='bbox 764 2555 819 2580; x_wconf 60' lang='lat' dir='ltr'><strong>ne</strong></span> <span class='ocrx_word' id='word_1_656' title='bbox 833 2554 923 2581; x_wconf 76' lang='grc' dir='ltr'>ἔλαιον</span> <span class='ocrx_word' id='word_1_657' title='bbox 940 2555 1014 2588; x_wconf 79' lang='grc' dir='ltr'>λέγει</span> 
     </span>
    </p>
   </div>
   <div class='ocr_carea' id='block_1_86' title="bbox 225 2597 1014 2636">
    <p class='ocr_par' dir='ltr' id='par_1_86' title="bbox 225 2597 1014 2636">
     <span class='ocr_line' id='line_1_86' title="bbox 225 2597 1014 2636; baseline 0.004 -13"><span class='ocrx_word' id='word_1_658' title='bbox 225 2597 276 2631; x_wconf 76' lang='grc' dir='ltr'>τῆς</span> <span class='ocrx_word' id='word_1_659' title='bbox 291 2598 402 2633; x_wconf 76' lang='grc' dir='ltr'>χάριτος</span> <span class='ocrx_word' id='word_1_660' title='bbox 424 2599 472 2625; x_wconf 88' lang='grc' dir='ltr'><strong>τοῦ</strong></span> <span class='ocrx_word' id='word_1_661' title='bbox 487 2599 566 2633; x_wconf 75' lang='grc' dir='ltr'>ἁγίου</span> <span class='ocrx_word' id='word_1_662' title='bbox 585 2600 754 2635; x_wconf 78' lang='grc' dir='ltr'>Πνεύματος.</span> <span class='ocrx_word' id='word_1_663' title='bbox 777 2610 785 2626; x_wconf 82' lang='grc' dir='ltr'><strong>ι</strong></span> <span class='ocrx_word' id='word_1_664' title='bbox 805 2601 860 2628; x_wconf 78' lang='grc' dir='ltr'><strong>Καὶ</strong></span> <span class='ocrx_word' id='word_1_665' title='bbox 885 2602 914 2627; x_wconf 79' lang='grc' dir='ltr'>τὸ</span> <span class='ocrx_word' id='word_1_666' title='bbox 931 2602 1014 2636; x_wconf 87' lang='grc' dir='ltr'>ποτή-</span> 
     </span>
    </p>
   </div>
   <div class='ocr_carea' id='block_1_87' title="bbox 227 2642 1012 2682">
    <p class='ocr_par' dir='ltr' id='par_1_87' title="bbox 227 2642 1012 2682">
     <span class='ocr_line' id='line_1_87' title="bbox 227 2642 1012 2682; baseline 0.006 -14"><span class='ocrx_word' id='word_1_667' title='bbox 227 2642 285 2677; x_wconf 80' lang='grc' dir='ltr'>ριόν</span> <span class='ocrx_word' id='word_1_668' title='bbox 303 2651 348 2669; x_wconf 79' lang='grc' dir='ltr'><strong>σου</strong></span> <span class='ocrx_word' id='word_1_669' title='bbox 364 2644 500 2678; x_wconf 70' lang='grc' dir='ltr'>μεθύει-κον</span> <span class='ocrx_word' id='word_1_670' title='bbox 516 2654 548 2680; x_wconf 83' lang='grc' dir='ltr'><strong>με</strong></span> <span class='ocrx_word' id='word_1_671' title='bbox 560 2665 567 2676; x_wconf 89' lang='grc'><strong>,</strong></span> <span class='ocrx_word' id='word_1_672' title='bbox 584 2646 650 2671; x_wconf 75' lang='grc' dir='ltr'>ὡσεὶ</span> <span class='ocrx_word' id='word_1_673' title='bbox 667 2647 829 2681; x_wconf 66' lang='grc' dir='ltr'>κράτιστονί</span> <span class='ocrx_word' id='word_1_674' title='bbox 848 2658 856 2672; x_wconf 79' lang='grc' dir='ltr'><strong>ι</strong></span> <span class='ocrx_word' id='word_1_675' title='bbox 875 2647 923 2682; x_wconf 75' lang='grc' dir='ltr'><strong>τὴν</strong></span> <span class='ocrx_word' id='word_1_676' title='bbox 944 2647 1012 2674; x_wconf 81' lang='grc' dir='ltr'><strong>ἁθά-</strong></span> 
     </span>
    </p>
   </div>
   <div class='ocr_carea' id='block_1_88' title="bbox 225 2689 1009 2727">
    <p class='ocr_par' dir='ltr' id='par_1_88' title="bbox 225 2689 1009 2727">
     <span class='ocr_line' id='line_1_88' title="bbox 225 2689 1009 2727; baseline 0.013 -15"><span class='ocrx_word' id='word_1_677' title='bbox 225 2696 305 2713; x_wconf 86' lang='grc' dir='ltr'>νατον</span> <span class='ocrx_word' id='word_1_678' title='bbox 324 2689 404 2715; x_wconf 75' lang='grc' dir='ltr'>πόσιν</span> <span class='ocrx_word' id='word_1_679' title='bbox 418 2690 492 2724; x_wconf 79' lang='grc' dir='ltr'>λέγει</span> <span class='ocrx_word' id='word_1_680' title='bbox 511 2691 557 2717; x_wconf 78' lang='grc' dir='ltr'><strong>τοῦ</strong></span> <span class='ocrx_word' id='word_1_681' title='bbox 582 2692 653 2717; x_wconf 82' lang='grc' dir='ltr'>θείου</span> <span class='ocrx_word' id='word_1_682' title='bbox 671 2693 796 2727; x_wconf 81' lang='grc' dir='ltr'>αῖματος.</span> <span class='ocrx_word' id='word_1_683' title='bbox 820 2694 941 2725; x_wconf 74' lang='grc' dir='ltr'><strong>Ἀλὶ-ιι›ς’</strong></span> <span class='ocrx_word' id='word_1_684' title='bbox 959 2694 1009 2719; x_wconf 78' lang='grc' dir='ltr'><strong>Πο-</strong></span> 
     </span>
    </p>
   </div>
   <div class='ocr_carea' id='block_1_89' title="bbox 225 2733 1011 2774">
    <p class='ocr_par' dir='ltr' id='par_1_89' title="bbox 225 2733 1011 2774">
     <span class='ocr_line' id='line_1_89' title="bbox 225 2733 1011 2774; baseline 0.01 -16"><span class='ocrx_word' id='word_1_685' title='bbox 225 2733 329 2767; x_wconf 68' lang='grc' dir='ltr'>τήριον,</span> <span class='ocrx_word' id='word_1_686' title='bbox 346 2734 376 2760; x_wconf 75' lang='grc' dir='ltr'><strong>το</strong></span> <span class='ocrx_word' id='word_1_687' title='bbox 393 2735 481 2770; x_wconf 86' lang='grc' dir='ltr'>τίμιον</span> <span class='ocrx_word' id='word_1_688' title='bbox 511 2733 589 2770; x_wconf 75' lang='grc' dir='ltr'>αἷμα.</span> <span class='ocrx_word' id='word_1_689' title='bbox 606 2737 660 2762; x_wconf 66' lang='grc' dir='ltr'><strong>Καὶ</strong></span> <span class='ocrx_word' id='word_1_690' title='bbox 676 2737 705 2763; x_wconf 81' lang='grc' dir='ltr'>τό</span> <span class='ocrx_word' id='word_1_691' title='bbox 717 2745 724 2753; x_wconf 78' lang='grc'><strong>’</strong></span> <span class='ocrx_word' id='word_1_692' title='bbox 740 2748 748 2760; x_wconf 75' lang='grc' dir='ltr'>ι</span> <span class='ocrx_word' id='word_1_693' title='bbox 768 2739 914 2766; x_wconf 74' lang='grc' dir='ltr'><strong>Κατοικξῖν</strong></span> <span class='ocrx_word' id='word_1_694' title='bbox 932 2749 964 2774; x_wconf 68' lang='grc' dir='ltr'><strong>με</strong></span> <span class='ocrx_word' id='word_1_695' title='bbox 983 2741 1011 2767; x_wconf 71' lang='grc' dir='ltr'><strong>ἐν</strong></span> 
     </span>
    </p>
   </div>
   <div class='ocr_carea' id='block_1_90' title="bbox 260 2809 485 2842">
    <p class='ocr_par' dir='ltr' id='par_1_90' title="bbox 260 2809 485 2842">
     <span class='ocr_line' id='line_1_90' title="bbox 260 2809 485 2842; baseline 0.018 -6"><span class='ocrx_word' id='word_1_696' title='bbox 260 2809 302 2837; x_wconf 88' lang='lat' dir='ltr'><strong>&quot;l</strong></span> <span class='ocrx_word' id='word_1_697' title='bbox 321 2810 400 2838; x_wconf 81' lang='lat' dir='ltr'><strong>Joan.</strong></span> <span class='ocrx_word' id='word_1_698' title='bbox 417 2820 442 2842; x_wconf 84' lang='grc' dir='ltr'>ν,</span> <span class='ocrx_word' id='word_1_699' title='bbox 459 2813 485 2840; x_wconf 84' lang='grc' dir='ltr'>ε.</span> 
     </span>
    </p>
   </div>
   <div class='ocr_carea' id='block_1_91' title="bbox 261 2868 718 2906">
    <p class='ocr_par' dir='ltr' id='par_1_91' title="bbox 261 2868 718 2906">
     <span class='ocr_line' id='line_1_91' title="bbox 261 2868 718 2906; baseline 0.013 -12"><span class='ocrx_word' id='word_1_700' title='bbox 261 2868 318 2904; x_wconf 77' lang='grc'><strong>(15)</strong></span> <span class='ocrx_word' id='word_1_701' title='bbox 338 2868 456 2905; x_wconf 78' lang='lat' dir='ltr'><strong>Benigne</strong></span> <span class='ocrx_word' id='word_1_702' title='bbox 473 2871 718 2906; x_wconf 68' lang='lat' dir='ltr'><strong>intcipt‘etamlum.</strong></span> 
     </span>
    </p>
   </div>
   <div class='ocr_carea' id='block_1_92' title="bbox 1064 1594 1856 1628">
    <p class='ocr_par' dir='ltr' id='par_1_92' title="bbox 1064 1594 1856 1628">
     <span class='ocr_line' id='line_1_92' title="bbox 1064 1594 1856 1628; baseline 0 -8"><span class='ocrx_word' id='word_1_703' title='bbox 1064 1594 1185 1628; x_wconf 74' lang='lat' dir='ltr'><strong>sanguis,</strong></span> <span class='ocrx_word' id='word_1_704' title='bbox 1211 1598 1237 1620; x_wconf 90' lang='lat' dir='ltr'><strong>et</strong></span> <span class='ocrx_word' id='word_1_705' title='bbox 1253 1599 1306 1621; x_wconf 78' lang='lat' dir='ltr'><strong>tres</strong></span> <span class='ocrx_word' id='word_1_706' title='bbox 1333 1594 1360 1620; x_wconf 94' lang='lat' dir='ltr'><strong>in</strong></span> <span class='ocrx_word' id='word_1_707' title='bbox 1388 1602 1470 1621; x_wconf 90' lang='lat' dir='ltr'><strong>unum</strong></span> <span class='ocrx_word' id='word_1_708' title='bbox 1495 1601 1593 1622; x_wconf 88' lang='lat' dir='ltr'><strong>cocttnt</strong></span> <span class='ocrx_word' id='word_1_709' title='bbox 1608 1595 1642 1622; x_wconf 85' lang='lat'><strong>&quot;.</strong></span> <span class='ocrx_word' id='word_1_710' title='bbox 1662 1605 1670 1621; x_wconf 79' lang='grc' dir='ltr'><strong>ι</strong></span> <span class='ocrx_word' id='word_1_711' title='bbox 1691 1595 1856 1622; x_wconf 83' lang='lat' dir='ltr'><strong>Commnnio</strong></span> 
     </span>
    </p>
   </div>
   <div class='ocr_carea' id='block_1_93' title="bbox 1063 1639 1854 1676">
    <p class='ocr_par' dir='ltr' id='par_1_93' title="bbox 1063 1639 1854 1676">
     <span class='ocr_line' id='line_1_93' title="bbox 1063 1639 1854 1676; baseline 0.004 -11"><span class='ocrx_word' id='word_1_712' title='bbox 1063 1645 1153 1665; x_wconf 90' lang='lat' dir='ltr'><strong>autem</strong></span> <span class='ocrx_word' id='word_1_713' title='bbox 1168 1639 1317 1674; x_wconf 82' lang='lat' dir='ltr'><strong>signiﬁcat</strong></span> <span class='ocrx_word' id='word_1_714' title='bbox 1340 1640 1422 1666; x_wconf 84' lang='lat' dir='ltr'><strong>etiam</strong></span> <span class='ocrx_word' id='word_1_715' title='bbox 1449 1640 1534 1672; x_wconf 87' lang='lat' dir='ltr'><strong>iHam,</strong></span> <span class='ocrx_word' id='word_1_716' title='bbox 1559 1646 1621 1668; x_wconf 85' lang='lat' dir='ltr'><strong>ante</strong></span> <span class='ocrx_word' id='word_1_717' title='bbox 1645 1643 1811 1676; x_wconf 61' lang='lat' dir='ltr'><strong>passionem,</strong></span> <span class='ocrx_word' id='word_1_718' title='bbox 1828 1643 1854 1669; x_wconf 94' lang='lat' dir='ltr'><strong>in</strong></span> 
     </span>
    </p>
   </div>
   <div class='ocr_carea' id='block_1_94' title="bbox 1064 1686 1856 1721">
    <p class='ocr_par' dir='ltr' id='par_1_94' title="bbox 1064 1686 1856 1721">
     <span class='ocr_line' id='line_1_94' title="bbox 1064 1686 1856 1721; baseline 0.003 -10"><span class='ocrx_word' id='word_1_719' title='bbox 1064 1686 1178 1720; x_wconf 77' lang='lat' dir='ltr'><strong>mystica</strong></span> <span class='ocrx_word' id='word_1_720' title='bbox 1197 1693 1273 1712; x_wconf 71' lang='lat' dir='ltr'><strong>cazna</strong></span> <span class='ocrx_word' id='word_1_721' title='bbox 1290 1686 1568 1713; x_wconf 83' lang='lat' dir='ltr'><strong>communicationem</strong></span> <span class='ocrx_word' id='word_1_722' title='bbox 1584 1688 1663 1720; x_wconf 87' lang='lat' dir='ltr'><strong>panis</strong></span> <span class='ocrx_word' id='word_1_723' title='bbox 1681 1692 1707 1713; x_wconf 85' lang='lat' dir='ltr'><strong>et</strong></span> <span class='ocrx_word' id='word_1_724' title='bbox 1725 1688 1786 1713; x_wconf 86' lang='lat' dir='ltr'><strong>novi</strong></span> <span class='ocrx_word' id='word_1_725' title='bbox 1806 1694 1856 1721; x_wconf 87' lang='lat' dir='ltr'><strong>po-</strong></span> 
     </span>
    </p>
   </div>
   <div class='ocr_carea' id='block_1_95' title="bbox 1063 1730 1855 1767">
    <p class='ocr_par' dir='ltr' id='par_1_95' title="bbox 1063 1730 1855 1767">
     <span class='ocr_line' id='line_1_95' title="bbox 1063 1730 1855 1767; baseline 0.003 -9"><span class='ocrx_word' id='word_1_726' title='bbox 1063 1731 1128 1763; x_wconf 86' lang='lat' dir='ltr'><strong>culi,</strong></span> <span class='ocrx_word' id='word_1_727' title='bbox 1143 1730 1177 1758; x_wconf 91' lang='lat' dir='ltr'><strong>de</strong></span> <span class='ocrx_word' id='word_1_728' title='bbox 1192 1739 1245 1766; x_wconf 90' lang='lat' dir='ltr'><strong>quo</strong></span> <span class='ocrx_word' id='word_1_729' title='bbox 1260 1732 1297 1758; x_wconf 87' lang='lat' dir='ltr'><strong>ait</strong></span> <span class='ocrx_word' id='word_1_730' title='bbox 1314 1731 1440 1758; x_wconf 67' lang='lat' dir='ltr'><strong>Salvator</strong></span> <span class='ocrx_word' id='word_1_731' title='bbox 1454 1736 1565 1758; x_wconf 76' lang='lat' dir='ltr'><strong>noster:</strong></span> <span class='ocrx_word' id='word_1_732' title='bbox 1585 1742 1593 1757; x_wconf 80' lang='grc' dir='ltr'>ι</span> <span class='ocrx_word' id='word_1_733' title='bbox 1610 1731 1668 1758; x_wconf 82' lang='lat' dir='ltr'><strong>Non</strong></span> <span class='ocrx_word' id='word_1_734' title='bbox 1685 1734 1802 1767; x_wconf 87' lang='lat' dir='ltr'><strong>atnplius</strong></span> <span class='ocrx_word' id='word_1_735' title='bbox 1821 1740 1855 1760; x_wconf 77' lang='lat' dir='ltr'><strong>ex</strong></span> 
     </span>
    </p>
   </div>
   <div class='ocr_carea' id='block_1_96' title="bbox 1063 1777 1855 1813">
    <p class='ocr_par' dir='ltr' id='par_1_96' title="bbox 1063 1777 1855 1813">
     <span class='ocr_line' id='line_1_96' title="bbox 1063 1777 1855 1813; baseline 0.004 -10"><span class='ocrx_word' id='word_1_736' title='bbox 1063 1784 1095 1803; x_wconf 86' lang='lat' dir='ltr'><strong>co</strong></span> <span class='ocrx_word' id='word_1_737' title='bbox 1110 1777 1182 1808; x_wconf 85' lang='lat' dir='ltr'><strong>bibo,</strong></span> <span class='ocrx_word' id='word_1_738' title='bbox 1201 1777 1289 1804; x_wconf 81' lang='lat' dir='ltr'><strong>donec</strong></span> <span class='ocrx_word' id='word_1_739' title='bbox 1303 1777 1395 1803; x_wconf 83' lang='lat' dir='ltr'><strong>oibcro</strong></span> <span class='ocrx_word' id='word_1_740' title='bbox 1408 1778 1473 1804; x_wconf 90' lang='lat' dir='ltr'><strong>illud</strong></span> <span class='ocrx_word' id='word_1_741' title='bbox 1495 1786 1595 1804; x_wconf 81' lang='lat' dir='ltr'><strong>novum</strong></span> <span class='ocrx_word' id='word_1_742' title='bbox 1620 1778 1646 1805; x_wconf 94' lang='lat' dir='ltr'><strong>in</strong></span> <span class='ocrx_word' id='word_1_743' title='bbox 1663 1786 1747 1813; x_wconf 78' lang='lat' dir='ltr'><strong>regno</strong></span> <span class='ocrx_word' id='word_1_744' title='bbox 1767 1779 1855 1806; x_wconf 76' lang='lat' dir='ltr'><strong>Patris</strong></span> 
     </span>
    </p>
   </div>
   <div class='ocr_carea' id='block_1_97' title="bbox 1063 1821 1854 1857">
    <p class='ocr_par' dir='ltr' id='par_1_97' title="bbox 1063 1821 1854 1857">
     <span class='ocr_line' id='line_1_97' title="bbox 1063 1821 1854 1857; baseline 0.003 -9"><span class='ocrx_word' id='word_1_745' title='bbox 1063 1823 1127 1849; x_wconf 88' lang='lat' dir='ltr'><strong>mci.</strong></span> <span class='ocrx_word' id='word_1_746' title='bbox 1149 1831 1158 1848; x_wconf 88' lang='grc'><strong>›</strong></span> <span class='ocrx_word' id='word_1_747' title='bbox 1175 1821 1251 1855; x_wconf 90' lang='lat' dir='ltr'><strong>Quod</strong></span> <span class='ocrx_word' id='word_1_748' title='bbox 1266 1827 1294 1849; x_wconf 89' lang='lat' dir='ltr'><strong>et</strong></span> <span class='ocrx_word' id='word_1_749' title='bbox 1310 1822 1380 1849; x_wconf 83' lang='lat' dir='ltr'><strong>bibit</strong></span> <span class='ocrx_word' id='word_1_750' title='bbox 1394 1828 1453 1857; x_wconf 81' lang='lat' dir='ltr'><strong>post</strong></span> <span class='ocrx_word' id='word_1_751' title='bbox 1469 1824 1708 1856; x_wconf 74' lang='lat' dir='ltr'><strong>resurrectionem,</strong></span> <span class='ocrx_word' id='word_1_752' title='bbox 1724 1831 1854 1852; x_wconf 79' lang='lat' dir='ltr'><strong>extraneo</strong></span> 
     </span>
    </p>
   </div>
   <div class='ocr_carea' id='block_1_98' title="bbox 1063 1865 1851 1903">
    <p class='ocr_par' dir='ltr' id='par_1_98' title="bbox 1063 1865 1851 1903">
     <span class='ocr_line' id='line_1_98' title="bbox 1063 1865 1851 1903; baseline 0.004 -10"><span class='ocrx_word' id='word_1_753' title='bbox 1063 1865 1286 1902; x_wconf 64' lang='lat' dir='ltr'><strong>qumlani,&#39;simul</strong></span> <span class='ocrx_word' id='word_1_754' title='bbox 1303 1873 1329 1894; x_wconf 88' lang='lat' dir='ltr'><strong>et</strong></span> <span class='ocrx_word' id='word_1_755' title='bbox 1341 1876 1411 1894; x_wconf 72' lang='lat' dir='ltr'><strong>noro</strong></span> <span class='ocrx_word' id='word_1_756' title='bbox 1429 1869 1519 1894; x_wconf 85' lang='lat' dir='ltr'><strong>modo.</strong></span> <span class='ocrx_word' id='word_1_757' title='bbox 1535 1868 1592 1894; x_wconf 66' lang='lat' dir='ltr'><strong>Non</strong></span> <span class='ocrx_word' id='word_1_758' title='bbox 1608 1870 1679 1896; x_wconf 86' lang='lat' dir='ltr'><strong>enim</strong></span> <span class='ocrx_word' id='word_1_759' title='bbox 1698 1871 1776 1903; x_wconf 87' lang='lat' dir='ltr'><strong>quasi</strong></span> <span class='ocrx_word' id='word_1_760' title='bbox 1795 1875 1851 1896; x_wconf 91' lang='lat' dir='ltr'><strong>tum</strong></span> 
     </span>
    </p>
   </div>
   <div class='ocr_carea' id='block_1_99' title="bbox 1064 1913 1854 1948">
    <p class='ocr_par' dir='ltr' id='par_1_99' title="bbox 1064 1913 1854 1948">
     <span class='ocr_line' id='line_1_99' title="bbox 1064 1913 1854 1948; baseline 0.001 -8"><span class='ocrx_word' id='word_1_761' title='bbox 1064 1913 1193 1948; x_wconf 85' lang='lat' dir='ltr'><strong>temporis</strong></span> <span class='ocrx_word' id='word_1_762' title='bbox 1206 1921 1307 1948; x_wconf 88' lang='lat' dir='ltr'><strong>corpus</strong></span> <span class='ocrx_word' id='word_1_763' title='bbox 1321 1921 1391 1948; x_wconf 88' lang='lat' dir='ltr'><strong>opus</strong></span> <span class='ocrx_word' id='word_1_764' title='bbox 1406 1913 1516 1940; x_wconf 80' lang='lat' dir='ltr'><strong>haberet</strong></span> <span class='ocrx_word' id='word_1_765' title='bbox 1530 1913 1663 1946; x_wconf 87' lang='lat' dir='ltr'><strong>alimenti,</strong></span> <span class='ocrx_word' id='word_1_766' title='bbox 1676 1914 1722 1941; x_wconf 87' lang='lat' dir='ltr'><strong>sed</strong></span> <span class='ocrx_word' id='word_1_767' title='bbox 1736 1915 1854 1948; x_wconf 86' lang='lat' dir='ltr'><strong>pertinet</strong></span> 
     </span>
    </p>
   </div>
   <div class='ocr_carea' id='block_1_100' title="bbox 1064 1958 1852 1994">
    <p class='ocr_par' dir='ltr' id='par_1_100' title="bbox 1064 1958 1852 1994">
     <span class='ocr_line' id='line_1_100' title="bbox 1064 1958 1852 1994; baseline -0.001 -8"><span class='ocrx_word' id='word_1_768' title='bbox 1064 1959 1096 1986; x_wconf 88' lang='lat' dir='ltr'><strong>ad</strong></span> <span class='ocrx_word' id='word_1_769' title='bbox 1130 1959 1208 1994; x_wconf 82' lang='lat' dir='ltr'><strong>plene</strong></span> <span class='ocrx_word' id='word_1_770' title='bbox 1243 1959 1380 1986; x_wconf 88' lang='lat' dir='ltr'><strong>doccmlos</strong></span> <span class='ocrx_word' id='word_1_771' title='bbox 1409 1959 1548 1992; x_wconf 79' lang='lat' dir='ltr'><strong>apostolos</strong></span> <span class='ocrx_word' id='word_1_772' title='bbox 1577 1958 1610 1986; x_wconf 86' lang='lat' dir='ltr'><strong>de</strong></span> <span class='ocrx_word' id='word_1_773' title='bbox 1642 1960 1852 1987; x_wconf 72' lang='lat' dir='ltr'><strong>resurrectione.</strong></span> 
     </span>
    </p>
   </div>
   <div class='ocr_carea' id='block_1_101' title="bbox 1063 2004 1853 2040">
    <p class='ocr_par' dir='ltr' id='par_1_101' title="bbox 1063 2004 1853 2040">
     <span class='ocr_line' id='line_1_101' title="bbox 1063 2004 1853 2040; baseline 0.001 -9"><span class='ocrx_word' id='word_1_774' title='bbox 1063 2004 1140 2037; x_wconf 86' lang='lat' dir='ltr'><strong>Quod</strong></span> <span class='ocrx_word' id='word_1_775' title='bbox 1157 2009 1247 2031; x_wconf 90' lang='lat' dir='ltr'><strong>autem</strong></span> <span class='ocrx_word' id='word_1_776' title='bbox 1267 2005 1394 2031; x_wconf 88' lang='lat' dir='ltr'><strong>sacerdos</strong></span> <span class='ocrx_word' id='word_1_777' title='bbox 1408 2005 1496 2031; x_wconf 80' lang='lat' dir='ltr'><strong>solum</strong></span> <span class='ocrx_word' id='word_1_778' title='bbox 1513 2004 1634 2031; x_wconf 92' lang='lat' dir='ltr'><strong>divinum</strong></span> <span class='ocrx_word' id='word_1_779' title='bbox 1653 2012 1750 2039; x_wconf 87' lang='lat' dir='ltr'><strong>panem</strong></span> <span class='ocrx_word' id='word_1_780' title='bbox 1766 2006 1853 2040; x_wconf 79' lang='lat' dir='ltr'><strong>perci-</strong></span> 
     </span>
    </p>
   </div>
   <div class='ocr_carea' id='block_1_102' title="bbox 1064 2050 1852 2086">
    <p class='ocr_par' dir='ltr' id='par_1_102' title="bbox 1064 2050 1852 2086">
     <span class='ocr_line' id='line_1_102' title="bbox 1064 2050 1852 2086; baseline 0 -9"><span class='ocrx_word' id='word_1_781' title='bbox 1064 2051 1120 2086; x_wconf 89' lang='lat' dir='ltr'><strong>piat</strong></span> <span class='ocrx_word' id='word_1_782' title='bbox 1133 2051 1237 2085; x_wconf 84' lang='lat' dir='ltr'><strong>absque</strong></span> <span class='ocrx_word' id='word_1_783' title='bbox 1252 2051 1401 2085; x_wconf 78' lang='lat' dir='ltr'><strong>sanguine,</strong></span> <span class='ocrx_word' id='word_1_784' title='bbox 1424 2050 1522 2078; x_wconf 85' lang='lat' dir='ltr'><strong>deinde</strong></span> <span class='ocrx_word' id='word_1_785' title='bbox 1538 2056 1628 2085; x_wconf 80' lang='lat' dir='ltr'><strong>p0stca</strong></span> <span class='ocrx_word' id='word_1_786' title='bbox 1643 2052 1764 2078; x_wconf 76' lang='lat' dir='ltr'><strong>divinum</strong></span> <span class='ocrx_word' id='word_1_787' title='bbox 1786 2060 1852 2079; x_wconf 82' lang='lat' dir='ltr'><strong>san-</strong></span> 
     </span>
    </p>
   </div>
   <div class='ocr_carea' id='block_1_103' title="bbox 1064 2096 1853 2133">
    <p class='ocr_par' dir='ltr' id='par_1_103' title="bbox 1064 2096 1853 2133">
     <span class='ocr_line' id='line_1_103' title="bbox 1064 2096 1853 2133; baseline 0.003 -10"><span class='ocrx_word' id='word_1_788' title='bbox 1064 2097 1172 2132; x_wconf 78' lang='lat' dir='ltr'><strong>guinem</strong></span> <span class='ocrx_word' id='word_1_789' title='bbox 1191 2101 1290 2128; x_wconf 86' lang='lat' dir='ltr'><strong>sumat,</strong></span> <span class='ocrx_word' id='word_1_790' title='bbox 1312 2096 1378 2123; x_wconf 87' lang='lat' dir='ltr'><strong>nihil</strong></span> <span class='ocrx_word' id='word_1_791' title='bbox 1407 2097 1481 2123; x_wconf 88' lang='lat' dir='ltr'><strong>aliud</strong></span> <span class='ocrx_word' id='word_1_792' title='bbox 1506 2097 1618 2130; x_wconf 86' lang='lat' dir='ltr'><strong>indicat,</strong></span> <span class='ocrx_word' id='word_1_793' title='bbox 1640 2106 1722 2132; x_wconf 82' lang='lat' dir='ltr'><strong>quam</strong></span> <span class='ocrx_word' id='word_1_794' title='bbox 1742 2101 1853 2133; x_wconf 77' lang='lat' dir='ltr'><strong>sangui-</strong></span> 
     </span>
    </p>
   </div>
   <div class='ocr_carea' id='block_1_104' title="bbox 1065 2143 1854 2177">
    <p class='ocr_par' dir='ltr' id='par_1_104' title="bbox 1065 2143 1854 2177">
     <span class='ocr_line' id='line_1_104' title="bbox 1065 2143 1854 2177; baseline 0.005 -9"><span class='ocrx_word' id='word_1_795' title='bbox 1065 2143 1205 2169; x_wconf 86' lang='lat' dir='ltr'><strong>nolentum</strong></span> <span class='ocrx_word' id='word_1_796' title='bbox 1229 2143 1318 2169; x_wconf 86' lang='lat' dir='ltr'><strong>adhth</strong></span> <span class='ocrx_word' id='word_1_797' title='bbox 1335 2150 1395 2170; x_wconf 87' lang='lat' dir='ltr'><strong>esse</strong></span> <span class='ocrx_word' id='word_1_798' title='bbox 1412 2143 1534 2170; x_wconf 88' lang='lat' dir='ltr'><strong>divinum</strong></span> <span class='ocrx_word' id='word_1_799' title='bbox 1562 2152 1660 2177; x_wconf 80' lang='lat' dir='ltr'><strong>agnum</strong></span> <span class='ocrx_word' id='word_1_800' title='bbox 1687 2152 1701 2170; x_wconf 90' lang='lat' dir='ltr'><strong>a</strong></span> <span class='ocrx_word' id='word_1_801' title='bbox 1721 2145 1810 2171; x_wconf 76' lang='lat' dir='ltr'><strong>divina</strong></span> <span class='ocrx_word' id='word_1_802' title='bbox 1826 2150 1854 2172; x_wconf 87' lang='lat' dir='ltr'><strong>ct</strong></span> 
     </span>
    </p>
   </div>
   <div class='ocr_carea' id='block_1_105' title="bbox 1063 2187 1853 2224">
    <p class='ocr_par' dir='ltr' id='par_1_105' title="bbox 1063 2187 1853 2224">
     <span class='ocr_line' id='line_1_105' title="bbox 1063 2187 1853 2224; baseline 0.003 -10"><span class='ocrx_word' id='word_1_803' title='bbox 1063 2187 1138 2215; x_wconf 62' lang='lat' dir='ltr'><strong>vitali</strong></span> <span class='ocrx_word' id='word_1_804' title='bbox 1154 2188 1330 2220; x_wconf 88' lang='lat' dir='ltr'><strong>mactatione,</strong></span> <span class='ocrx_word' id='word_1_805' title='bbox 1346 2193 1372 2215; x_wconf 88' lang='lat' dir='ltr'><strong>et</strong></span> <span class='ocrx_word' id='word_1_806' title='bbox 1385 2188 1498 2222; x_wconf 83' lang='lat' dir='ltr'><strong>spiritali</strong></span> <span class='ocrx_word' id='word_1_807' title='bbox 1514 2189 1749 2224; x_wconf 80' lang='lat' dir='ltr'><strong>sacrilicio,qnam</strong></span> <span class='ocrx_word' id='word_1_808' title='bbox 1761 2198 1853 2218; x_wconf 82' lang='lat' dir='ltr'><strong>sacer-</strong></span> 
     </span>
    </p>
   </div>
   <div class='ocr_carea' id='block_1_106' title="bbox 1029 2225 1854 2270">
    <p class='ocr_par' dir='ltr' id='par_1_106' title="bbox 1029 2225 1854 2270">
     <span class='ocr_line' id='line_1_106' title="bbox 1029 2225 1854 2270; baseline 0.001 -9"><span class='ocrx_word' id='word_1_809' title='bbox 1029 2225 1050 2252; x_wconf 78' lang='grc' dir='ltr'><strong>Ῑ)</strong></span> <span class='ocrx_word' id='word_1_810' title='bbox 1067 2234 1116 2261; x_wconf 86' lang='lat' dir='ltr'><strong>dos</strong></span> <span class='ocrx_word' id='word_1_811' title='bbox 1145 2233 1246 2261; x_wconf 77' lang='lat' dir='ltr'><strong>fecerat</strong></span> <span class='ocrx_word' id='word_1_812' title='bbox 1264 2233 1378 2269; x_wconf 81' lang='lat' dir='ltr'><strong>mystice</strong></span> <span class='ocrx_word' id='word_1_813' title='bbox 1398 2234 1423 2260; x_wconf 92' lang='lat' dir='ltr'><strong>in</strong></span> <span class='ocrx_word' id='word_1_814' title='bbox 1440 2235 1572 2268; x_wconf 83' lang='lat' dir='ltr'><strong>prothesi.</strong></span> <span class='ocrx_word' id='word_1_815' title='bbox 1589 2234 1684 2262; x_wconf 70' lang='lat' dir='ltr'><strong>Oratio</strong></span> <span class='ocrx_word' id='word_1_816' title='bbox 1700 2240 1760 2270; x_wconf 86' lang='lat' dir='ltr'><strong>post</strong></span> <span class='ocrx_word' id='word_1_817' title='bbox 1778 2238 1854 2264; x_wconf 76' lang='lat' dir='ltr'><strong>coni-</strong></span> 
     </span>
    </p>
   </div>
   <div class='ocr_carea' id='block_1_107' title="bbox 1066 2280 1853 2316">
    <p class='ocr_par' dir='ltr' id='par_1_107' title="bbox 1066 2280 1853 2316">
     <span class='ocr_line' id='line_1_107' title="bbox 1066 2280 1853 2316; baseline 0.004 -9"><span class='ocrx_word' id='word_1_818' title='bbox 1066 2280 1225 2308; x_wconf 89' lang='lat' dir='ltr'><strong>munioncm</strong></span> <span class='ocrx_word' id='word_1_819' title='bbox 1247 2281 1397 2307; x_wconf 88' lang='lat' dir='ltr'><strong>sacerdotis</strong></span> <span class='ocrx_word' id='word_1_820' title='bbox 1418 2289 1425 2307; x_wconf 89' lang='lat'><strong>:</strong></span> <span class='ocrx_word' id='word_1_821' title='bbox 1448 2290 1457 2306; x_wconf 79' lang='grc' dir='ltr'>ι</span> <span class='ocrx_word' id='word_1_822' title='bbox 1478 2280 1639 2315; x_wconf 65' lang='lat' dir='ltr'><strong>Prteparasli</strong></span> <span class='ocrx_word' id='word_1_823' title='bbox 1663 2282 1690 2308; x_wconf 93' lang='lat' dir='ltr'><strong>in</strong></span> <span class='ocrx_word' id='word_1_824' title='bbox 1708 2289 1853 2316; x_wconf 85' lang='lat' dir='ltr'><strong>conspectu</strong></span> 
     </span>
    </p>
   </div>
   <div class='ocr_carea' id='block_1_108' title="bbox 1065 2326 1852 2354">
    <p class='ocr_par' dir='ltr' id='par_1_108' title="bbox 1065 2326 1852 2354">
     <span class='ocr_line' id='line_1_108' title="bbox 1065 2326 1852 2354; baseline 0 -1"><span class='ocrx_word' id='word_1_825' title='bbox 1065 2334 1128 2353; x_wconf 87' lang='lat' dir='ltr'><strong>meo</strong></span> <span class='ocrx_word' id='word_1_826' title='bbox 1158 2333 1280 2352; x_wconf 87' lang='lat' dir='ltr'><strong>mensam</strong></span> <span class='ocrx_word' id='word_1_827' title='bbox 1310 2334 1343 2352; x_wconf 81' lang='lat' dir='ltr'><strong>ex</strong></span> <span class='ocrx_word' id='word_1_828' title='bbox 1374 2326 1489 2353; x_wconf 85' lang='lat' dir='ltr'><strong>adverso</strong></span> <span class='ocrx_word' id='word_1_829' title='bbox 1515 2327 1637 2353; x_wconf 92' lang='lat' dir='ltr'><strong>omnium</strong></span> <span class='ocrx_word' id='word_1_830' title='bbox 1665 2327 1852 2354; x_wconf 85' lang='lat' dir='ltr'><strong>tribulanlium</strong></span> 
     </span>
    </p>
   </div>
   <div class='ocr_carea' id='block_1_109' title="bbox 1067 2372 1851 2408">
    <p class='ocr_par' dir='ltr' id='par_1_109' title="bbox 1067 2372 1851 2408">
     <span class='ocr_line' id='line_1_109' title="bbox 1067 2372 1851 2408; baseline 0 -8"><span class='ocrx_word' id='word_1_831' title='bbox 1067 2381 1129 2400; x_wconf 88' lang='lat' dir='ltr'><strong>me:</strong></span> <span class='ocrx_word' id='word_1_832' title='bbox 1150 2382 1160 2398; x_wconf 74' lang='grc' dir='ltr'>ι</span> <span class='ocrx_word' id='word_1_833' title='bbox 1178 2372 1396 2406; x_wconf 83' lang='lat' dir='ltr'><strong>supercoelestem</strong></span> <span class='ocrx_word' id='word_1_834' title='bbox 1424 2379 1557 2405; x_wconf 87' lang='lat' dir='ltr'><strong>mensam,</strong></span> <span class='ocrx_word' id='word_1_835' title='bbox 1584 2372 1681 2406; x_wconf 83' lang='lat' dir='ltr'><strong>inquit,</strong></span> <span class='ocrx_word' id='word_1_836' title='bbox 1694 2373 1851 2408; x_wconf 82' lang='lat' dir='ltr'><strong>mysterium</strong></span> 
     </span>
    </p>
   </div>
   <div class='ocr_carea' id='block_1_110' title="bbox 1063 2418 1853 2452">
    <p class='ocr_par' dir='ltr' id='par_1_110' title="bbox 1063 2418 1853 2452">
     <span class='ocr_line' id='line_1_110' title="bbox 1063 2418 1853 2452; baseline 0 -6"><span class='ocrx_word' id='word_1_837' title='bbox 1063 2419 1218 2447; x_wconf 86' lang='lat' dir='ltr'><strong>immortale</strong></span> <span class='ocrx_word' id='word_1_838' title='bbox 1234 2428 1240 2446; x_wconf 90' lang='lat'><strong>:</strong></span> <span class='ocrx_word' id='word_1_839' title='bbox 1258 2426 1392 2450; x_wconf 90' lang='lat' dir='ltr'><strong>mensam,</strong></span> <span class='ocrx_word' id='word_1_840' title='bbox 1411 2418 1615 2445; x_wconf 85' lang='lat' dir='ltr'><strong>immaculatum</strong></span> <span class='ocrx_word' id='word_1_841' title='bbox 1634 2426 1741 2452; x_wconf 84' lang='lat' dir='ltr'><strong>corpus.</strong></span> <span class='ocrx_word' id='word_1_842' title='bbox 1768 2428 1776 2444; x_wconf 80' lang='grc' dir='ltr'>ι</span> <span class='ocrx_word' id='word_1_843' title='bbox 1798 2419 1853 2446; x_wconf 91' lang='lat' dir='ltr'><strong>Un-</strong></span> 
     </span>
    </p>
   </div>
   <div class='ocr_carea' id='block_1_111' title="bbox 1063 2465 1852 2499">
    <p class='ocr_par' dir='ltr' id='par_1_111' title="bbox 1063 2465 1852 2499">
     <span class='ocr_line' id='line_1_111' title="bbox 1063 2465 1852 2499; baseline 0 -7"><span class='ocrx_word' id='word_1_844' title='bbox 1063 2467 1126 2492; x_wconf 84' lang='lat' dir='ltr'><strong>xisti</strong></span> <span class='ocrx_word' id='word_1_845' title='bbox 1144 2466 1203 2492; x_wconf 90' lang='lat' dir='ltr'><strong>oleo</strong></span> <span class='ocrx_word' id='word_1_846' title='bbox 1215 2468 1297 2499; x_wconf 84' lang='lat' dir='ltr'><strong>caput</strong></span> <span class='ocrx_word' id='word_1_847' title='bbox 1313 2472 1402 2491; x_wconf 91' lang='lat' dir='ltr'><strong>meum</strong></span> <span class='ocrx_word' id='word_1_848' title='bbox 1416 2472 1422 2489; x_wconf 90' lang='lat'><strong>:</strong></span> <span class='ocrx_word' id='word_1_849' title='bbox 1443 2473 1452 2489; x_wconf 84' lang='grc'><strong>›</strong></span> <span class='ocrx_word' id='word_1_850' title='bbox 1471 2465 1561 2491; x_wconf 89' lang='lat' dir='ltr'><strong>oleum</strong></span> <span class='ocrx_word' id='word_1_851' title='bbox 1577 2465 1642 2491; x_wconf 87' lang='lat' dir='ltr'><strong>dicit</strong></span> <span class='ocrx_word' id='word_1_852' title='bbox 1656 2466 1749 2499; x_wconf 77' lang='lat' dir='ltr'><strong>gratia:</strong></span> <span class='ocrx_word' id='word_1_853' title='bbox 1765 2467 1852 2492; x_wconf 64' lang='lat' dir='ltr'><strong>sancti</strong></span> 
     </span>
    </p>
   </div>
   <div class='ocr_carea' id='block_1_112' title="bbox 1064 2510 1852 2546">
    <p class='ocr_par' dir='ltr' id='par_1_112' title="bbox 1064 2510 1852 2546">
     <span class='ocr_line' id='line_1_112' title="bbox 1064 2510 1852 2546; baseline 0 -8"><span class='ocrx_word' id='word_1_854' title='bbox 1064 2511 1193 2545; x_wconf 87' lang='lat' dir='ltr'><strong>Spiritus.</strong></span> <span class='ocrx_word' id='word_1_855' title='bbox 1213 2520 1222 2536; x_wconf 76' lang='grc' dir='ltr'>ι</span> <span class='ocrx_word' id='word_1_856' title='bbox 1243 2510 1274 2537; x_wconf 86' lang='grc' dir='ltr'><strong>Ει</strong></span> <span class='ocrx_word' id='word_1_857' title='bbox 1288 2510 1356 2537; x_wconf 79' lang='lat' dir='ltr'><strong>calix</strong></span> <span class='ocrx_word' id='word_1_858' title='bbox 1373 2515 1438 2536; x_wconf 86' lang='lat' dir='ltr'><strong>tuus</strong></span> <span class='ocrx_word' id='word_1_859' title='bbox 1455 2510 1595 2537; x_wconf 86' lang='lat' dir='ltr'><strong>inebrians</strong></span> <span class='ocrx_word' id='word_1_860' title='bbox 1614 2518 1666 2542; x_wconf 83' lang='lat' dir='ltr'><strong>me,</strong></span> <span class='ocrx_word' id='word_1_861' title='bbox 1684 2518 1765 2545; x_wconf 85' lang='lat' dir='ltr'><strong>quam</strong></span> <span class='ocrx_word' id='word_1_862' title='bbox 1782 2519 1852 2546; x_wconf 70' lang='lat' dir='ltr'><strong>prte-</strong></span> 
     </span>
    </p>
   </div>
   <div class='ocr_carea' id='block_1_113' title="bbox 1063 2556 1850 2591">
    <p class='ocr_par' dir='ltr' id='par_1_113' title="bbox 1063 2556 1850 2591">
     <span class='ocr_line' id='line_1_113' title="bbox 1063 2556 1850 2591; baseline 0 -7"><span class='ocrx_word' id='word_1_863' title='bbox 1063 2558 1169 2585; x_wconf 85' lang='lat' dir='ltr'><strong>clarus!</strong></span> <span class='ocrx_word' id='word_1_864' title='bbox 1187 2567 1195 2582; x_wconf 77' lang='grc' dir='ltr'><strong>ι</strong></span> <span class='ocrx_word' id='word_1_865' title='bbox 1212 2556 1392 2583; x_wconf 86' lang='lat' dir='ltr'><strong>immortalem</strong></span> <span class='ocrx_word' id='word_1_866' title='bbox 1410 2560 1502 2591; x_wconf 88' lang='lat' dir='ltr'><strong>potum</strong></span> <span class='ocrx_word' id='word_1_867' title='bbox 1518 2556 1583 2583; x_wconf 88' lang='lat' dir='ltr'><strong>dicit</strong></span> <span class='ocrx_word' id='word_1_868' title='bbox 1599 2556 1682 2583; x_wconf 86' lang='lat' dir='ltr'><strong>divini</strong></span> <span class='ocrx_word' id='word_1_869' title='bbox 1699 2557 1850 2590; x_wconf 66' lang='lat' dir='ltr'><strong>sanguinis.</strong></span> 
     </span>
    </p>
   </div>
   <div class='ocr_carea' id='block_1_114' title="bbox 1065 2601 1850 2637">
    <p class='ocr_par' dir='ltr' id='par_1_114' title="bbox 1065 2601 1850 2637">
     <span class='ocr_line' id='line_1_114' title="bbox 1065 2601 1850 2637; baseline 0.001 -9"><span class='ocrx_word' id='word_1_870' title='bbox 1065 2603 1150 2629; x_wconf 86' lang='lat' dir='ltr'><strong>Aliter</strong></span> <span class='ocrx_word' id='word_1_871' title='bbox 1167 2612 1172 2629; x_wconf 91' lang='lat'>:</span> <span class='ocrx_word' id='word_1_872' title='bbox 1191 2601 1321 2635; x_wconf 83' lang='lat' dir='ltr'><strong>Calicem,</strong></span> <span class='ocrx_word' id='word_1_873' title='bbox 1346 2602 1495 2636; x_wconf 82' lang='lat' dir='ltr'><strong>pretiosum</strong></span> <span class='ocrx_word' id='word_1_874' title='bbox 1519 2601 1690 2637; x_wconf 74' lang='lat' dir='ltr'><strong>sanguinem.</strong></span> <span class='ocrx_word' id='word_1_875' title='bbox 1713 2601 1744 2628; x_wconf 87' lang='lat' dir='ltr'><strong>Et</strong></span> <span class='ocrx_word' id='word_1_876' title='bbox 1764 2602 1850 2629; x_wconf 85' lang='lat' dir='ltr'><strong>illud:</strong></span> 
     </span>
    </p>
   </div>
   <div class='ocr_carea' id='block_1_115' title="bbox 1069 2649 1852 2684">
    <p class='ocr_par' dir='ltr' id='par_1_115' title="bbox 1069 2649 1852 2684">
     <span class='ocr_line' id='line_1_115' title="bbox 1069 2649 1852 2684; baseline 0.001 -8"><span class='ocrx_word' id='word_1_877' title='bbox 1069 2659 1078 2675; x_wconf 77' lang='grc' dir='ltr'>ι</span> <span class='ocrx_word' id='word_1_878' title='bbox 1100 2649 1135 2676; x_wconf 88' lang='lat' dir='ltr'><strong>Ut</strong></span> <span class='ocrx_word' id='word_1_879' title='bbox 1152 2650 1301 2676; x_wconf 78' lang='lat' dir='ltr'><strong>inltabitem</strong></span> <span class='ocrx_word' id='word_1_880' title='bbox 1317 2657 1366 2684; x_wconf 80' lang='lat' dir='ltr'><strong>ego</strong></span> <span class='ocrx_word' id='word_1_881' title='bbox 1382 2650 1408 2676; x_wconf 93' lang='lat' dir='ltr'><strong>in</strong></span> <span class='ocrx_word' id='word_1_882' title='bbox 1426 2649 1508 2677; x_wconf 88' lang='lat' dir='ltr'><strong>domo</strong></span> <span class='ocrx_word' id='word_1_883' title='bbox 1534 2649 1641 2677; x_wconf 88' lang='lat' dir='ltr'><strong>Domini</strong></span> <span class='ocrx_word' id='word_1_884' title='bbox 1666 2650 1691 2677; x_wconf 92' lang='lat' dir='ltr'><strong>in</strong></span> <span class='ocrx_word' id='word_1_885' title='bbox 1707 2650 1852 2684; x_wconf 80' lang='lat' dir='ltr'><strong>longitudi-</strong></span> 
     </span>
    </p>
   </div>
   <div class='ocr_carea' id='block_1_116' title="bbox 1066 2695 1852 2734">
    <p class='ocr_par' dir='ltr' id='par_1_116' title="bbox 1066 2695 1852 2734">
     <span class='ocr_line' id='line_1_116' title="bbox 1066 2695 1852 2734; baseline 0.004 -13"><span class='ocrx_word' id='word_1_886' title='bbox 1066 2704 1125 2723; x_wconf 79' lang='lat' dir='ltr'><strong>nem</strong></span> <span class='ocrx_word' id='word_1_887' title='bbox 1143 2696 1246 2722; x_wconf 78' lang='lat' dir='ltr'><strong>dierum</strong></span> <span class='ocrx_word' id='word_1_888' title='bbox 1258 2714 1266 2727; x_wconf 87' lang='lat'><strong>,</strong></span> <span class='ocrx_word' id='word_1_889' title='bbox 1282 2704 1291 2720; x_wconf 72' lang='grc' dir='ltr'><strong>ι</strong></span> <span class='ocrx_word' id='word_1_890' title='bbox 1311 2695 1336 2722; x_wconf 91' lang='lat' dir='ltr'><strong>in</strong></span> <span class='ocrx_word' id='word_1_891' title='bbox 1353 2702 1470 2734; x_wconf 84' lang='lat' dir='ltr'><strong>superpa</strong></span> <span class='ocrx_word' id='word_1_892' title='bbox 1485 2695 1654 2730; x_wconf 85' lang='lat' dir='ltr'><strong>Jerusalem;</strong></span> <span class='ocrx_word' id='word_1_893' title='bbox 1671 2696 1778 2729; x_wconf 82' lang='lat' dir='ltr'><strong>domus,</strong></span> <span class='ocrx_word' id='word_1_894' title='bbox 1795 2703 1852 2725; x_wconf 73' lang='grc' dir='ltr'><strong>εω-</strong></span> 
     </span>
    </p>
   </div>
   <div class='ocr_carea' id='block_1_117' title="bbox 1065 2741 1454 2782">
    <p class='ocr_par' dir='ltr' id='par_1_117' title="bbox 1065 2741 1454 2782">
     <span class='ocr_line' id='line_1_117' title="bbox 1065 2741 1454 2782; baseline 0 -14"><span class='ocrx_word' id='word_1_895' title='bbox 1065 2742 1132 2774; x_wconf 90' lang='lat' dir='ltr'><strong>lum,</strong></span> <span class='ocrx_word' id='word_1_896' title='bbox 1148 2747 1173 2769; x_wconf 88' lang='lat' dir='ltr'><strong>ct</strong></span> <span class='ocrx_word' id='word_1_897' title='bbox 1190 2741 1319 2782; x_wconf 71' lang='lat' dir='ltr'><strong>Ecclesia,</strong></span> <span class='ocrx_word' id='word_1_898' title='bbox 1336 2745 1362 2769; x_wconf 88' lang='lat' dir='ltr'><strong>et</strong></span> <span class='ocrx_word' id='word_1_899' title='bbox 1377 2741 1454 2770; x_wconf 90' lang='lat' dir='ltr'><strong>Sion.</strong></span> 
     </span>
    </p>
   </div>
  </div>
