2086 3155
254 170 304 202 451

755 173 785 203 S-
801 173 979 203 GERMANI
999 173 1256 205 PATRIARCILE
1278 176 1333 206 CP.

1843 175 1895 204 41‘)

255 229 324 264 οἴκῳ
339 227 442 265 Κυρίου
457 228 497 260 είς
513 227 674 263 μακρότητα
698 228 822 264 ἡμερῶν,
843 238 852 254 ›
876 229 914 260 είς
931 229 980 264 τὴν
1013 229 1069 255 ἄνω
1094 228 1285 265 Ἰερουσαλήμ.
1301 228 1393 262 οἶκος,
1406 231 1421 257 ὸ
1450 231 1574 266 οὐρανὸς,
1585 231 1655 267 καὶὴ
1675 230 1834 267 Ἐκκλησία,
1848 234 1892 257 καὶ

255 278 272 312 ἡ
291 276 370 304 Σιών.

293 332 304 350 ι
322 323 391 350 Cum
408 322 508 349 timore
524 322 572 349 Dei
589 325 618 349 et
640 321 693 348 ﬁde
711 325 738 349 et
758 322 903 355 charitate,
927 323 1043 350 accedite

1140 331 1148 347 ι
1176 321 1254 348 Μετὰ
1280 322 1364 356 φόϐου
1389 320 1457 348 Θεοῦ
1488 322 1535 348 καὶ
1559 322 1679 354 πίστεως
1708 323 1756 349 καὶ
1781 323 1893 359 ἀγάπης

254 369 290 397 ad
317 369 458 396 Christum
488 367 574 395 Deum
601 372 629 395 et
649 367 750 403 Regem
770 372 908 396 nostrum.
926 378 936 394 ι
963 369 1049 404 Igitur

255 416 409 443 habeamus
430 419 541 450 oportet
562 415 689 442 timorem
706 419 733 441 et
746 414 909 442 charitatem
926 420 1049 450 tempore

255 462 464 496 mysteriorum,
488 464 594 488 etcum
619 461 671 488 llde
694 461 882 489 accedamus:
907 462 983 496 quia,
996 462 1047 489 etsi

255 508 419 534 innumeras
439 507 544 534 scilicet
555 507 771 541 justiﬁcationes
783 507 945 541 habeamus,
964 513 990 535 et
1005 508 1047 535 in-

251 552 391 586 juriarum
408 558 545 578 memores
568 552 667 584 simus,
687 551 755 578 nihil
771 559 804 578 ex
821 552 861 579 eis
875 553 973 580 salutis
992 553 1047 587 (in-

252 598 324 633 quit)
342 597 484 632 percipere
500 597 654 631 poterimus
674 606 681 624 :
705 602 850 632 propterea
870 604 897 625 et
920 599 1046 626 timorem

254 644 407 670 habeamus
421 647 540 677 oportet,
558 647 586 669 et
607 643 770 670 charitatem
789 648 913 679 tempore
940 645 1047 672 sacriﬁ-

253 689 359 716 ciorum
387 697 394 715 :
424 688 492 715 nihil
513 689 587 716 enim
613 688 731 723 justitiaI.
759 690 835 717 aliud
867 691 1045 723 memoravit,

251 742 336 769 quam
353 735 527 762 charitatem.
550 735 610 770 lpse
626 735 784 770 unigenitus
800 734 887 764 Filius
902 740 929 763 et
949 736 1047 764 Sermo

254 779 314 812 Dei,
333 780 408 815 pacis
423 780 586 807 conciliator
599 779 675 807 omni
696 780 819 808 credenti
842 785 905 814 est;
932 789 965 809 ac
983 789 1046 816 pre-

256 828 357 854 tiosutn
373 835 453 854 suum
472 834 575 861 corpus
593 831 621 854 et
643 827 806 862 sanguinem
823 835 887 855 cum
907 828 1005 856 timore
1020 833 1048 856 et

255 873 308 900 ﬁde
324 874 440 908 largitus
454 877 506 901 est.

294 927 303 944 ι
324 918 413 951 Raeti,
429 919 475 953 qui
493 919 653 953 accepimus
677 923 780 954 partem
800 919 957 948 divinorum
974 920 1046 948 inta-

253 965 436 998 minatorum,
455 965 665 998 immortalium,
686 975 695 992 ι
721 966 747 993 id
768 970 822 998 est,
849 971 922 993 recta
939 967 1046 1002 cogita-

253 1011 328 1037 tione
352 1017 414 1038 CUm
431 1011 563 1045 operibus
579 1015 684 1039 stemus
707 1011 754 1046 qui
775 1012 960 1046 percepimus,
978 1016 1005 1039 et
1021 1012 1046 1040 ei

253 1057 368 1084 meritas
386 1056 489 1091 gratias
503 1063 629 1091 agamus,
649 1057 724 1092 quod
748 1057 879 1092 dignatus
896 1058 932 1086 sit
949 1062 978 1085 ut
994 1065 1045 1086 nos

253 1102 457 1136 gustaverimus
472 1101 569 1129 divina
583 1103 715 1138 mysteria
727 1123 733 1135 ,
752 1108 779 1130 et
793 1104 820 1130 in
837 1104 1046 1139 regeneratione

252 1156 316 1175 cum
338 1155 372 1175 eo
389 1149 546 1176 babitemus
565 1157 571 1175 :
590 1149 689 1176 Amen.
708 1149 796 1177 Aliter
813 1159 819 1176 :
837 1149 892 1177 Nos
906 1150 953 1185 qui
970 1158 1046 1178 com-

254 1193 384 1220 munione
397 1193 498 1220 viviﬁci
513 1194 644 1221 sacriﬁcii
668 1199 716 1222 aut
731 1195 892 1223 substantiae
908 1197 1044 1231 laetamur,

253 1246 267 1265 a
284 1239 404 1266 terrenis
419 1239 452 1266 ad
467 1239 590 1267 ctelestia
608 1245 726 1268 mentem
742 1241 905 1275 dirigamus,
921 1247 948 1270 et
964 1243 1046 1278 digne

251 1285 276 1310 ei
293 1285 462 1319 placeamus,
482 1286 547 1320 quia
565 1286 694 1321 dignatus
709 1292 751 1314 est
771 1294 821 1314 nos
835 1288 987 1323 participes
1003 1288 1045 1316 l‘a-

254 1339 317 1357 cere
339 1331 454 1365 pretiosi
472 1332 599 1365 corporis
616 1336 642 1359 ct
660 1333 804 1367 sanguinis
829 1334 871 1360 sui
896 1343 903 1361 :
925 1342 1044 1370 quorum

254 1377 359 1403 utinam
378 1369 545 1404 omnes-nos
571 1383 712 1413 compotes
738 1379 853 1413 ﬁamus,
872 1385 899 1408 et
917 1369 944 1408 in
967 1389 1044 1417 rege-

255 1423 408 1454 neratione,
436 1423 553 1450 visionis
581 1423 639 1456 Dei,
665 1432 714 1459 per
736 1425 797 1459 ejus
820 1426 948 1461 gratiam.
974 1427 1045 1460 Quid

253 1476 318 1495 vero
332 1473 374 1495 est
387 1470 558 1503 regeneratio
569 1470 579 1496 ?
591 1470 714 1498 secundo
728 1473 852 1505 gent-rari
867 1476 894 1499 et
907 1473 1044 1500 renovari.

255 1515 381 1542 Suhlatio
398 1521 488 1543 autem
503 1516 661 1544 relictarum
677 1522 835 1545 sanctarum
853 1520 1043 1554 reliquiarum,

254 1564 474 1596 assumptionem
503 1562 612 1590 Domini
639 1571 672 1591 ac
697 1564 745 1591 Dei
773 1557 862 1592 nostri
888 1566 1042 1594 subinnuit.

254 1606 367 1634 Snﬁitus
392 1613 485 1635 autem
518 1613 699 1643 postremus,
723 1612 838 1644 gratiam
866 1619 926 1639 eam
957 1614 1044 1640 sancti

254 1652 374 1687 Spiritus
397 1661 446 1688 per
468 1654 678 1689 inspirationem
700 1657 793 1684 datam
820 1658 1080 1703 apostolispostc

254 1699 500 1726 resurrectionem.
524 1699 591 1733 Quae
611 1706 701 1728 autent
719 1701 836 1729 habetur
849 1711 864 1730 a
877 1703 974 1738 pulpiti
991 1709 1045 1732 ter-

252 1753 288 1779 go
300 1745 389 1772 oratio
401 1766 408 1778 ,
428 1747 508 1781 quasi
529 1747 650 1782 sigillum
664 1751 706 1775 est
724 1749 847 1776 omnium
867 1750 1043 1784 petitionum,

252 1798 285 1817 ac
309 1798 417 1818 summa
446 1792 542 1820 ordine
569 1793 684 1827 repetita
715 1800 872 1830 coagruens
896 1796 994 1830 primis
1017 1801 1045 1825 et

253 1837 467 1870 pretiosioribus
495 1838 621 1873 epilogis.
644 1838 713 1866 Cum
737 1840 811 1867 enim
842 1840 971 1870 universa
997 1842 1042 1870 di-

255 1881 314 1907 rina
330 1889 374 1908 res
386 1890 476 1915 sacra,
493 1883 626 1917 primario
641 1891 691 1918 pro
701 1883 881 1914 oﬁ'erentibus
892 1891 919 1914 et
931 1894 1044 1922 propter

250 1936 321 1962 quos
337 1928 510 1962 obtulerunt,
527 1930 698 1964 perﬁciatur,
724 1931 824 1959 deinde
842 1936 870 1960 et
890 1940 938 1967 pro
956 1934 1043 1961 omni-

251 1976 302 2002 bus
326 1975 552 2010 percipientibus,
577 1977 681 2005 idcirco
696 1978 748 2005 sub
763 1979 855 2012 ﬁnem,
877 1980 974 2008 seriem
992 1981 1042 2008 ad-

246 2021 340 2056 jungit
363 2021 499 2056 cujusque
517 2029 672 2058 congruam
688 2024 823 2052 orationis
842 2033 904 2060 quae
919 2034 1041 2060 pronun-

251 2066 317 2091 tiata
340 2066 385 2092 sit.
405 2066 543 2098 Quoniam
559 2069 634 2094 enim
651 2069 778 2096 nonnulli
794 2077 889 2097 eorum
904 2071 951 2106 qui
973 2072 1041 2100 l‘oris

251 2116 352 2144 assint,
379 2111 405 2138 in
429 2111 628 2140 dubitationem
643 2121 716 2148 saepe
728 2115 853 2147 veniunt,
871 2117 1041 2152 ambigentes

250 2160 274 2182 ct
293 2156 449 2190 inquientes
466 2166 473 2183 :
490 2157 623 2189 Quisnam
650 2163 693 2186 est
713 2167 814 2192 scopus
835 2165 862 2188 et
887 2169 986 2190 sensus
1009 2171 1042 2190 ac

250 2201 292 2227 ris
316 2201 471 2228 orationum
497 2210 567 2237 quas
590 2203 747 2232 minutatim
779 2207 868 2234 sacris
896 2208 1040 2242 praal'ectus

250 2247 380 2274 sacerdos
395 2248 539 2275 recitavit?
562 2254 590 2277 et
609 2250 766 2279 desiderant
789 2253 916 2280 notitiam
939 2263 1039 2290 quam-

245 2292 312 2319 dam
340 2293 422 2320 etiam
448 2301 542 2322 earum
569 2297 701 2331 assequi;
735 2297 796 2325 ideo
822 2298 907 2326 divini
932 2299 1037 2335 Patres,

1100 367 1267 402 προσέλθετε
1288 367 1401 403 Χριστῷ
1430 368 1469 403 τῷ
1491 369 1551 404 Θεῷ
1577 369 1624 395 καὶ
1646 369 1753 404 βασιλεῖ
1769 370 1860 405 ἡμῶν.
1881 379 1890 395 ι

1099 417 1146 441 Δεῖ
1169 415 1216 442 οὖν
1242 415 1325 449 φόῦον
1348 415 1420 450 ἔχειν
1442 416 1517 451 ἡμᾶς
1544 416 1592 442 καὶ¹
1617 416 1729 451 ἀγάπην
1754 416 1783 442 ὲν
1803 415 1893 452 καιρῷ

1099 461 1153 488 τῶν
1172 461 1343 496 μυστηρίων,
1363 462 1410 488 καὶ
1429 461 1498 496 μετὰ
1517 461 1637 492 πίστεως
1655 461 1833 496 προσελθεῖν·
1851 461 1893 488 ἃη

1100 507 1152 534 κᾶν
1169 507 1255 543 μυρία
1269 507 1372 542 δηλαδὴ
1385 507 1560 542 δικαιώματα
1575 506 1683 542 ἔχωμεν
1695 527 1702 539 ,
1727 507 1775 533 καὶ
1792 507 1892 542 μνησί-

1099 562 1180 581 κακοι
1191 551 1277 588 ὦμεν,
1290 553 1368 580 οὐδὲν
1379 553 1408 586 ἐξ
1421 553 1511 580 αὐτῶν
1525 553 1674 587 σωτηρίας,
1685 551 1770 586 λέγει,
1781 551 1894 587 καρπώ-

1099 600 1200 627 σασθαι
1221 599 1413 635 δυνησόμεθα·
1443 598 1490 625 διὰ
1504 598 1584 625 τοῦτο
1602 598 1650 624 καὶ
1666 597 1748 632 φόϐον
1764 597 1805 623 δεῖ
1819 597 1893 632 ἔχειν

1099 646 1147 673 καὶ
1170 646 1282 680 ἀγάπην
1305 645 1335 671 ὲν
1350 644 1440 679 καιρῷ
1456 644 1510 670 τῶν
1524 643 1627 670 θυσιῶν
1640 652 1647 659 ·
1664 643 1741 669 οὐδὲν
1756 643 1812 678 γὰρ
1827 642 1893 669 ἄλλο

1098 691 1288 727 ἐμνημόνευσε
1304 690 1498 724 δικαιοσύνης,
1524 690 1549 716 ει
1568 690 1606 724 μὴ
1627 689 1678 725 τὴν
1694 689 1817 723 ἀγάπην.
1836 689 1906 714 Αὺ--

1098 738 1143 769 τὺς
1157 737 1213 773 γάρ
1228 738 1242 764 ὁ
1258 736 1409 772 μονογενὴς
1420 736 1485 767 Υίὺς
1499 736 1547 762 καὶ
1557 736 1644 769 Λόγος
1657 734 1706 761 τοῦ
1719 734 1800 765 Θεοῦ,
1814 734 1891 769 είρή-

1098 792 1148 819 vn:
1168 782 1300 820 πρόξενος
1326 783 1409 809 παντὶ
1425 782 1464 818 τῷ
1481 781 1656 814 πιστεύοντι,
1684 781 1730 808 καὶ
1754 781 1785 807 τὸ
1800 780 1891 815 τίμιον

1099 828 1184 855 αὑτοῦ
1204 829 1285 863 σῶμα
1309 828 1357 855 καὶ
1372 825 1442 863 αἷμα
1466 826 1537 862 μετὰ
1551 826 1635 861 φόὸου
1651 827 1698 854 καὶ
1712 826 1830 857 πίστεως
1845 825 1890 851 δέ·

1098 874 1196 902 δωκεν.

1137 929 1146 946 ι
1171 920 1279 956 Ὀρθοὶ,
1304 921 1329 947 cl
1353 919 1554 955 μεταλαϐόντες
1569 918 1624 945 τῶν
1638 918 1719 945 θείων
1733 917 1888 953 ἁχράντων,

1099 966 1253 994 ἀθανάτων.
1268 977 1276 992 ι
1291 966 1451 998 Τουτέστιν,
1462 965 1578 1001 ὀρθῇ·τῇ
1592 965 1697 1001 διανοίᾳ
1714 965 1762 991 σὺν
1776 965 1832 995 τοῖς
1845 963 1891 999 ἔρ-

1097 1020 1157 1046 γοις
1175 1012 1284 1046 στνῗλμεν
1302 1011 1517 1046 μεταλαϐόντες·
1548 1011 1595 1037 καὶ
1616 1010 1699 1042 ἀξίως
1716 1010 1791 1045 αὐτῷ
1805 1010 1889 1044 εὐχα-

1098 1047 1284 1093 ριστὴσωμέν,
1300 1058 1341 1084 ὅτι
1355 1057 1473 1093 ἠξίωσεν
1485 1057 1560 1092 ἡμᾶς
1572 1056 1626 1083 τῶν
1637 1056 1718 1082 θείων
1731 1055 1891 1091 μυστηρίων

1096 1105 1266 1138 γεύσασθαι,
1295 1103 1342 1130 καὶ
1365 1105 1394 1129 ὲν
1410 1105 1444 1139 τῇ
1463 1102 1662 1137 παλιγγενεσία
1680 1102 1730 1128 σὺν
1747 1101 1822 1136 αὺτῴ
1838 1101 1889 1127 αὑ-

1096 1148 1232 1184 λισθῆναι.
1256 1150 1351 1184 Ἀμήν.
1372 1149 1494 1180 Ἄλλως·
1513 1149 1544 1174 Οἱ
1563 1148 1744 1183 μετασχόντες
1757 1148 1807 1181 τῆς
1823 1147 1889 1178 ζωοσ

1097 1194 1176 1222 ποιοῦ
1197 1195 1308 1228 θυσίας,
1332 1195 1349 1230 ἢ
1373 1195 1468 1226 οὐσίας
1479 1215 1486 1227 ,
1519 1194 1574 1220 άπὸ
1587 1193 1643 1220 τῶν
1655 1193 1758 1228 γηΐνων
1774 1193 1842 1227 πρὸς
1855 1192 1890 1218 τά

1095 1242 1212 1276 οὐράνια
1225 1241 1419 1276 διορθώσωμεν
1432 1242 1478 1268 τὸν
1490 1241 1563 1272 νοῦν,
1577 1240 1625 1268 καὶ
1636 1239 1720 1272 ἀξίως
1731 1238 1770 1274 τῷ
1777 1238 1890 1273 Χριστῷ

1096 1287 1348 1322 εὺαρεστήσωμεν,
1377 1286 1418 1312 ὅτι
1443 1286 1560 1321 ἠξίωσεν
1585 1285 1658 1321 ἡμᾶς
1675 1285 1823 1320 μετασχεῖν
1841 1283 1889 1310 τοῦ

1095 1333 1187 1368 τιμίου
1212 1332 1339 1367 σώματος
1364 1333 1412 1359 καὶ
1434 1331 1680 1367 αἰματος¹αὺτοῠ·
1717 1327 1756 1358 ὦν
1782 1329 1890 1364 γένοιτο

1096 1380 1203 1411 πάντας
1216 1380 1290 1415 ἡμᾶς
1307 1380 1458 1414 ἐπιτυχεῖν,
1476 1379 1524 1406 καὶ
1538 1379 1587 1414 τῆς
1603 1380 1631 1406 ὲν
1643 1380 1677 1414 τῇ
1693 1377 1889 1412 παλιγγενεσῖᾳ

1096 1425 1267 1460 θεοφανείας,
1285 1425 1377 1460 χάριτι
1393 1423 1488 1451 αὑτοῦ.
1508 1424 1541 1450 Τί
1555 1423 1583 1451 δέ
1598 1425 1656 1451 ἐστι
1671 1423 1886 1457 παλιγγενεσίας

1095 1471 1126 1498 τὸ
1152 1471 1184 1497 ὲκ
1209 1471 1337 1506 δευτέρου
1363 1470 1549 1506 γεννηθῆναι,
1581 1471 1627 1497 καὶ
1649 1469 1887 1504 άνακαινισθῆναι.

1101 1515 1133 1543 ἸΙ
1157 1516 1185 1543 δὲ
1205 1516 1286 1551 ἄρσις
1310 1516 1366 1542 τῶν
1387 1515 1626 1550 καταλειφθέντων
1643 1515 1724 1542 θείων
1740 1514 1886 1548 λειψάνων,

1094 1562 1145 1598 τὴν
1166 1562 1301 1597 ἀνάληψιν
1325 1562 1374 1588 τοῦ
1392 1562 1497 1596 Κυρίου
1516 1562 1562 1588 καὶ
1577 1561 1646 1588 Θεοῦ
1662 1561 1741 1596 ἡμῶν
1761 1561 1887 1587 ὑπαινιτ-

1095 1617 1182 1635 τεται.
1212 1608 1242 1635 '0
1263 1607 1292 1634 δὲ
1317 1607 1474 1639 τελευταῖος
1497 1607 1646 1642 θυμιατὺς,
1676 1606 1727 1642 τὴν
1743 1606 1824 1642 χάριν
1840 1605 1888 1632 τοῦ

1096 1654 1175 1688 ἁγίου
1202 1654 1380 1689 Πνεύματος,
1407 1653 1458 1689 τὴν
1482 1654 1516 1680 δι’
1540 1653 1741 1688 ὲμφυσήματος
1764 1652 1888 1678 δοθεῖσαν

1095 1702 1152 1732 τοῖς
1167 1701 1329 1733 ἀποστόλοις
1346 1700 1416 1736 μετὰ
1428 1701 1478 1735 τὴν
1490 1700 1650 1727 ἀνάστασιν.
1667 1699 1698 1726 Ἦ
1712 1699 1740 1725 δὲ
1752 1697 1889 1732 ὀπισθάμ-

1095 1747 1182 1779 ὁωνος
1204 1747 1290 1782 εὐχὴ,
1317 1747 1399 1773 οἱονεὶ
1421 1747 1542 1782 σφραγίς
1564 1747 1622 1772 ἐστι
1647 1746 1757 1772 πάντων
1774 1744 1828 1771 τῶν
1843 1744 1887 1770 αι-

1095 1793 1241 1828 τημάτων,
1260 1792 1308 1819 καὶ
1324 1790 1698 1827 ἀνακεφαλαίωσιςτακτικὴ
1710 1811 1717 1822 ,
1744 1790 1887 1826 πρέπουσα

1094 1840 1150 1870 τοῖς
1166 1838 1286 1874 πρώτοις
1303 1838 1350 1865 καὶ
1363 1838 1541 1874 τιμιωτέροις
1554 1837 1703 1872 ἐπιλόγοις.
1712 1836 1822 1871 Ἐπειδὴ
1833 1836 1887 1870 γὰρ

1094 1885 1169 1910 πᾶσα
1193 1885 1210 1919 ὴ
1231 1883 1293 1911 θεία
1316 1884 1476 1920 ἱερουργία,
1502 1883 1719 1919 προηγουμένως
1736 1882 1797 1917 μὲν,
1816 1882 1887 1917 ὑπὲρ

1091 1931 1147 1957 τῶν
1164 1931 1421 1966 προσενεγκάντων,
1437 1932 1485 1958 καὶ
1497 1931 1533 1958 δι’
1545 1930 1592 1962 οὓς
1607 1931 1784 1966 προσήγαγον
1797 1929 1885 1955 τελεῖ-

1092 1985 1137 2003 ται
1149 1997 1156 2008 ,
1183 1977 1280 2003 ἔπειτα
1302 1977 1351 2003 καὶ
1370 1977 1441 2012 ὑπὲρ
1459 1977 1569 2004 πάντων
1586 1976 1642 2002 τῶν
1656 1975 1882 2010 διαλειφθέντων·

1093 2023 1164 2049 κατὰ
1178 2023 1259 2050 τοῦτο
1273 2024 1301 2049 ἐν
1315 2022 1354 2058 τῷ
1367 2023 1458 2056 τέλει,
1485 2023 1564 2055 τάξιν
1584 2022 1741 2057 ἐπιτίθησιν
1755 2021 1806 2056 τὴν
1818 2020 1884 2046 ἑκά-

1093 2077 1160 2104 στης
1177 2069 1338 2104 πρέπουσαν
1353 2069 1568 2104 ἐκφωνουμένης
1581 2068 1676 2103 εὐχῆς.
1703 2067 1813 2102 Ἐπειδὴ
1829 2066 1884 2101 γάρ

1091 2123 1164 2146 τινες
1188 2115 1244 2141 τῶν
1266 2114 1318 2147 ἔξω
1331 2115 1379 2141 τοῦ
1401 2115 1596 2150 θυσιαστηρίου
1613 2113 1739 2141 ἑστώτων
1753 2115 1794 2144 εἰς
1811 2114 1883 2140 ἁπο-

1093 2161 1154 2195 ρίαν
1180 2160 1310 2192 πολλάκις
1333 2161 1471 2196 χωροῦσι,
1500 2159 1742 2194 γνωσιμαχοῠντες
1776 2158 1822 2185 καὶ
1837 2158 1882 2184 λέ-

1091 2213 1199 2239 γοντες·
1225 2205 1272 2236 Τίς
1292 2205 1346 2241 ἄρα
1369 2206 1384 2232 ὁ
1406 2205 1526 2237 σκοπὸς,
1554 2205 1600 2231 καὶ
1625 2205 1642 2240 ἡ
1666 2205 1720 2230 τῶν
1743 2204 1819 2239 παρὰ
1835 2202 1882 2229 τοῦ

1090 2249 1243 2285 ἀρχιερέως
1265 2249 1541 2285 ὑποψιθυριζομὲνων
1562 2249 1651 2284 εὐχῶν
1675 2248 1765 2275 ἔννοιά
1785 2256 1814 2274 τε
1834 2247 1883 2274 καὶ

1089 2296 1222 2331 δύναμις
1239 2296 1287 2322 καὶ
1298 2295 1423 2331 ἐφίενται
1436 2295 1539 2331 είδησίν
1551 2304 1612 2322 τινα
1624 2294 1672 2322 καὶ
1683 2294 1785 2321 τούτων
1798 2301 1883 2321 κατα-

245 2339 329 2372 quasi
349 2340 471 2368 omnium
491 2349 640 2374 summam,
660 2351 708 2378 per
722 2351 817 2378 preces
838 2346 1038 2379 postulatorum

1094 2338 1207 2375 λαδεῖν,
1232 2342 1304 2369 κατὰ
1325 2342 1422 2369 τοῦτον
1448 2343 1473 2369 οἱ
1495 2342 1563 2369 θεῖοι
1578 2341 1711 2378 Πατέρες,
1729 2340 1766 2371 ὡς
1781 2340 1882 2367 ἀνακε-

248 2385 367 2413 indicem
381 2386 407 2414 in
422 2387 473 2415 hac
484 2387 673 2422 incluserunt;
686 2389 817 2418 docentes
825 2391 872 2426 qui
885 2394 1038 2428 requirunt,

246 2432 328 2466 quasi
342 2440 373 2459 ex
388 2434 495 2461 ﬁmbria
513 2435 717 2464 vestimentum.

286 2518 437 2554 Virginalis
466 2525 558 2548 autem
589 2523 714 2556 corporis
739 2528 837 2559 typus,
867 2524 1040 2560 participatio

246 2565 448 2594 benedictionis
470 2571 498 2594 et
517 2567 679 2596 oblationis.
704 2569 852 2605 Frangitur
877 2571 988 2606 quidem
1009 2576 1040 2600 ut

246 2611 338 2646 panis,
355 2612 535 2640 distribuitur
550 2619 643 2641 autem
659 2619 690 2642 ut
708 2615 855 2644 ineﬁ‘abilis
870 2617 1039 2646 benedictio-

246 2658 289 2685 nis
302 2659 520 2687 communicatio
542 2662 815 2690 counnunicantibus
834 2671 896 2690 cum
917 2658 980 2691 ﬁde.
1006 2663 1039 2691 Ut

244 2704 349 2732 oblatio
372 2711 462 2733 autem
490 2707 569 2741 plena
599 2708 790 2736 sanctimoniae
805 2709 994 2742 oﬁ'erentibus.
1012 2716 1037 2739 et

245 2751 348 2778 sanctis
366 2752 489 2780 vicissim
502 2753 618 2781 oﬂ'ertur
633 2759 685 2781 :‘et
699 2755 735 2781 ita
752 2761 767 2781 a
783 2755 1034 2784 communicatione

245 2797 414 2826 immaculati
432 2801 565 2834 c0rporis,
584 2801 630 2836 qui
645 2808 678 2828 ex
695 2808 727 2828 ea
741 2806 824 2836 natus
841 2807 884 2830 est
906 2803 1032 2830 Christus

245 2838 318 2867 Deus
333 2846 435 2875 noster,
460 2847 486 2870 et
505 2844 617 2878 pretiosi
643 2845 786 2880 sanguinis
810 2846 991 2874 sanctiﬁcatio
1008 2851 1035 2874 et

242 2887 384 2923 adoptatio
408 2889 538 2925 ﬁliorum,
557 2891 686 2920 ﬁdelibus
700 2887 922 2928 rcp'raasentatur.
948 2892 1033 2929 Spiri-

1090 2388 1244 2423 φαλαίωσιν
1268 2388 1378 2416 πάντων
1395 2388 1450 2415 τῶν
1467 2387 1511 2415 διὰ
1527 2388 1582 2415 τῶν
1595 2387 1685 2423 εὐχῶν
1699 2387 1881 2421 αἰτουμένων,

1089 2435 1135 2461 τὸν
1148 2434 1311 2470 χαρακτῆρα
1325 2424 1618 2470 ταύτηίὲποιήσαντο,
1633 2433 1807 2464 διδάσκοντες
1817 2431 1882 2464 τοὺς

1089 2481 1300 2516 ἐπιζητοῦντας,
1317 2482 1349 2508 ἐκ
1362 2480 1411 2508 τοῦ
1425 2481 1580 2517 κρασπέδου
1596 2481 1626 2507 τὸ
1642 2480 1768 2516 ὕφασμα.

1130 2526 1159 2553 Ὀ
1174 2526 1202 2553 δὲ
1217 2526 1265 2553 τοῦ
1280 2526 1448 2562 παρθενικοῦ
1463 2526 1592 2562 σώματος
1606 2527 1703 2560 τύπος,
1719 2527 1732 2553 ὀ
1746 2525 1882 2562 μερισμὸς

1088 2573 1139 2608 τῆς
1155 2572 1282 2607 εὐλογίας
1296 2574 1345 2600 καὶ
1360 2574 1538 2609 προσφορᾶς,
1555 2573 1655 2601 κλᾶται
1671 2573 1722 2608 μὲν
1736 2573 1775 2604 ώς
1787 2572 1880 2607 ἄρτος,

1088 2617 1248 2653 διανέμεται
1270 2617 1299 2644 δὲ
1323 2618 1361 2649 ὡς
1378 2618 1502 2654 ἀρρήτου
1516 2618 1642 2653 εὐλογίας
1659 2617 1811 2653 μετάληψις
1824 2617 1882 2648 τοῖς

1091 2663 1336 2699 μεταλαμϐάνουσι
1362 2664 1433 2698 μετά
1457 2664 1595 2696 ’πίστεως⁸
1623 2664 1661 2695 ὡς
1686 2663 1832 2699 προσφορὰ
1854 2662 1882 2689 δὲ

1087 2711 1144 2742 τοῖς
1155 2710 1296 2745 ἑνηνοχόσι
1307 2710 1414 2745 πλήρης
1425 2710 1591 2745 ἁγιωσύνης,
1604 2711 1636 2738 ὲκ
1645 2710 1699 2737 τῶν
1711 2711 1798 2745 ἁγίων
1809 2711 1883 2736 ἀντι-

1089 2756 1349 2791 προσ·ρέρεται·καὶ
1372 2756 1461 2788 οὕτως
1481 2757 1536 2783 ἀπὸ
1558 2757 1608 2792 μὲν
1630 2757 1680 2791 τῆς
1702 2756 1883 2792 μεταλήψεως

1090 2802 1137 2828 τοῦ
1162 2802 1300 2837 ἁχράντου
1324 2802 1468 2837 σώματος.
1505 2804 1553 2829 τοῦ
1578 2803 1608 2835 ὲξ
1630 2803 1716 2838 αὐτῆς
1739 2802 1881 2837 τεχθέντος

1089 2848 1210 2883 Χριστοῦ
1233 2848 1280 2875 τοῦ
1296 2849 1365 2875 Θεοῦ
1381 2849 1477 2884 ἡμῶν,
1508 2849 1554 2876 καὶ
1579 2849 1626 2875 τοῦ
1642 2850 1734 2884 τιμίου
1750 2850 1880 2884 αἵματος.

1088 2895 1102 2921 ὸ
1117 2893 1256 2930 ἁγιασμὸς
1274 2895 1321 2922 καὶ
1337 2894 1460 2922 υἱοθεσία
1484 2896 1540 2927 τοίς
1557 2897 1664 2928 πιστοῖς
1682 2895 1878 2932 παραγίνεται.
