2086 3155
254 147 308 178 463

256 258 308 278 nus
320 254 396 278 cetus
414 249 523 285 qualem
539 252 700 284 acceperat:
719 249 746 276 in
761 248 873 284 Virgine
888 257 952 276 vero
967 249 1044 275 inha~

256 296 346 324 bitans
361 295 480 323 Verbum
507 302 674 330 carnemque
699 302 854 327 assumens,
878 294 976 329 prodiit
1003 294 1044 321 in-

255 346 415 377 corruptam
433 349 604 370 conservans
618 350 626 375 ;
641 341 674 369 ab
688 342 734 368 illa
748 349 866 375 namque
884 349 966 376 quam
989 348 1043 367 non

254 393 297 416 est
308 396 407 423 passus
423 388 608 420 aﬂ‘ectionem,
628 391 743 415 matrem
756 387 930 415 conservavit
945 388 1044 414 immu-

255 441 328 461 nem.

287 479 407 506 Advenit
423 482 565 513 assumpta
587 485 670 506 carne
693 477 821 506 Christus
842 479 913 506 Deus
940 483 1041 510 noster,

252 532 285 552 cx
301 531 378 552 utero
390 532 470 559 quem
490 524 570 551 Pater
596 529 658 551 ante
684 523 828 554 luciferum
848 524 942 559 genuit
958 533 964 550 :
983 524 1043 559 qni-

252 578 306 605 que
319 571 440 597 habenas
459 571 654 598 moderabatur
667 570 881 605 purissimarum
896 569 1043 602 Virtutum,

253 616 281 643 in
302 606 437 651 p'rzesepio
451 616 683 643 irrationabilium
708 617 856 644 reclinatus
871 621 922 644 est.
943 615 1043 643 Pannis

252 662 397 694 fasciatur,
414 667 442 690 at
455 663 536 690 solvit
555 662 731 690 multimodas
745 667 858 690 catenas
882 662 1040 696 prtevm'ica-

253 709 369 735 tionum.

286 752 416 780 Novellus
431 760 499 788 puer
513 760 545 780 ex
563 753 660 780 Adamt
678 755 874 787 consperstone
889 757 970 779 natus
990 756 1042 785 est,

254 799 382 834 tiliusque
407 798 534 826 ﬁdelibus
549 798 631 825 datus
643 802 685 826 est
705 807 711 825 :
727 797 812 825 futuri
827 805 893 825 vero
907 798 929 825 is
939 802 980 825 est
995 805 1044 825 sat-

250 845 305 872 culi
325 849 401 880 pater
415 852 447 872 ac
468 845 606 879 princeps,
626 847 654 871 et
674 848 790 871 vocatur
816 843 908 878 magni
933 843 1042 871 consilii

251 891 376 925 angelus.
395 889 419 917 is
438 895 479 917 est
494 889 566 917 Deus
578 889 670 922 tortis,
684 894 710 917 et
727 890 868 925 possidens
895 890 1040 924 imperium

249 940 395 963 Crealut‘m.

285 982 366 1009 Pueri
393 982 419 1008 in
441 982 540 1016 pietate
560 982 723 1013 connutriti.
743 982 857 1016 impium
880 982 1039 1009 mandatum

249 1032 468 1060 contemnentes,
482 1028 552 1063 ignis
569 1028 658 1055 minas
680 1035 734 1054 non
746 1033 812 1055 sunt
828 1029 905 1055 veriti
922 1038 928 1056 :
947 1029 992 1058 sed
1013 1028 1040 1055 in

250 1072 341 1098 medio
368 1072 485 1099 ﬂammae
510 1077 613 1100 stantes
636 1072 806 1107 psallebant;
836 1072 906 1101 Deus
931 1077 1040 1108 patrum

252 1121 423 1151 nostrorum,
438 1118 655 1148 benedictuscs.

286 1162 414 1191 Pastores
428 1164 454 1190 in
470 1172 536 1199 agro
552 1165 681 1198 degentes
697 1164 822 1199 stupendi
837 1165 948 1192 lutninis
965 1172 1042 1192 com-

248 1214 327 1243 potes
341 1209 405 1237 t'aeti
420 1214 484 1237 sunt
502 1219 508 1236 :
525 1210 612 1245 gloria
626 1210 736 1238 Domini
754 1211 827 1238 enim
849 1218 897 1237 eos
918 1210 1041 1238 circum-

250 1255 336 1289 l'ulsit,
355 1261 381 1284 et
397 1257 510 1292 angelus
523 1257 569 1291 qui
582 1257 683 1293 clamat
697 1266 703 1284 :
720 1257 857 1292 Hymnum
873 1258 965 1289 dicite,
978 1257 1041 1292 quia

249 1308 330 1329 natus
343 1307 386 1329 est
395 1302 534 1330 Christus.
545 1303 615 1330 Deus
628 1307 736 1338 patrum
748 1308 919 1333 nostrorum.
928 1303 1040 1331 benedi-

250 1352 314 1376 ctus
329 1355 370 1376 es.

288 1393 441 1421 Confestim
464 1401 527 1421 cum
540 1402 666 1421 sermone
679 1394 767 1429 angeli
788 1395 918 1422 caelorum
935 1394 1042 1422 exerci-

250 1442 294 1466 tus
311 1438 470 1466 clamabant
485 1449 491 1466 :
516 1448 526 1465 ι
545 1439 637 1467 Gloria
663 1439 689 1466 in
706 1440 823 1467 excelsis
840 1439 904 1472 Deo,
926 1440 952 1467 in
970 1445 1041 1467 terra

250 1491 312 1519 pax,
334 1484 361 1511 in
376 1485 533 1512 hominibus
548 1485 773 1520 lteneplacituma
791 1486 918 1513 Cltriszus
929 1485 1041 1514 clTulsit.

251 1529 322 1556 Deus
339 1533 448 1563 patrum
463 1534 632 1563 ιιοδιΓυιΊιιη,
653 1531 811 1558 benedictus
823 1538 863 1558 cs.

285 1574 361 1602 Istud
379 1575 463 1602 verbo
480 1575 574 1603 dixere
590 1581 736 1611 pastores:
757 1588 765 1602 ι
788 1577 975 1605 Transeuntes
998 1578 1039 1604 vi-

251 1621 367 1649 deamus
382 1622 457 1655 quod
477 1621 580 1649 factum
603 1627 654 1655 est,
679 1631 688 1647 ›
711 1622 833 1649 divinum
847 1631 936 1657 nempe
960 1623 1039 1652 Chri-

251 1671 337 1695 stum.
357 1667 552 1695 Bethleemubi
571 1673 717 1700 venerunt,
742 1676 803 1696 cum
833 1674 920 1696 matre
945 1669 1041 1696 adora-

253 1721 318 1740 ναι-ε
329 1717 477 1741 canentes:
489 1713 561 1740 Deus
576 1718 685 1748 patrum
700 1718 872 1744 nostrorum.
882 1714 1039 1741 lminrdietus

251 1767 291 1786 PS.

288 1805 405 1840 Prodigii
431 1807 649 1840 supernaturalis
675 1807 782 1834 roscida
810 1807 905 1835 t‘ornax
933 1816 987 1842 prae
1011 1817 1040 1835 se

253 1850 356 1878 ferebat
373 1856 465 1887 typum
485 1861 491 1878 :
509 1860 558 1880 nec
571 1853 644 1879 enim
670 1861 740 1887 quos
767 1859 924 1887 susceperat
941 1862 1040 1888 pueros

252 1899 441 1932 eomburebat,
460 1900 687 1934 quemadmodum
719 1907 767 1927 nec
791 1900 861 1934 ignis
890 1901 1039 1929 divinitatis

252 1945 402 1980 virgineam
425 1953 507 1980 quam
535 1946 618 1973 subiit
643 1946 743 1973 alvum.
779 1947 869 1979 Quare
898 1947 1039 1976 laudantes

252 1995 393 2018 cantemus
410 2000 417 2017 :
435 1991 579 2019 Bcnedicat
596 1993 686 2019 omnis
701 1998 824 2020 creatura
843 1993 996 2027 Dominum,
1013 2000 1039 2022 et

251 2037 432 2070 superexaltct
450 2038 474 2063 in
491 2038 582 2064 omnia
600 2038 699 2065 sarcula
717 2039 737 2064 ¹.

286 2082 365 2108 Ducit
381 2083 525 2117 Babylonis
541 2083 593 2110 ﬁlia
616 2089 710 2118 gentes
732 2085 853 2119 captivas
877 2085 985 2113 Davitlis
1006 2095 1037 2113 ex

251 2126 317 2153 Sion
339 2127 371 2153 ad
389 2135 418 2154 se
434 2137 439 2154 :
455 2133 481 2154 at
498 2127 616 2156 ferentes
634 2137 745 2156 munera
767 2131 850 2157 mittit
862 2131 956 2166 Magos
973 2132 1038 2159 sub-

250 2171 457 2213 ditos,'Davidis
475 2173 598 2207 Dciparte
624 2175 687 2202 tiliae
711 2177 921 2211 supplicaturos.
947 2179 1038 2210 Quare

251 2218 392 2246 laudantes
403 2225 546 2248 cantemus
564 2230 571 2248 :
588 2220 733 2249 Deuedicat
745 2223 833 2250 omnis
847 2228 971 2251 creatura
990 2225 1040 2251 Do-

251 2265 366 2297 minum,
385 2270 412 2293 et
431 2267 615 2300 superexaltet
634 2268 660 2294 in
682 2268 774 2295 omnia
790 2269 900 2295 saecula.

288 2356 395 2391 Organa
419 2357 546 2392 deposuit
571 2358 764 2385 modulaminis
790 2359 898 2386 tristitia
918 2368 925 2392 ;
953 2368 1040 2394 neque

251 2403 326 2431 enim
354 2403 488 2430 canebant
517 2404 588 2430 inter
620 2404 786 2439 alienigenas
817 2404 862 2431 filii
896 2404 960 2432 Sion
984 2414 990 2431 :
1012 2410 1038 2433 at

250 2448 398 2483 Babylonis
414 2448 542 2477 dissolvit
559 2457 812 2482 omuemcrrorem,
830 2449 856 2477 e't
872 2451 1037 2478 musicorum

250 2494 423 2521 harmoniam
449 2503 481 2522 ex
509 2495 648 2523 Bethleem
675 2501 752 2523 ortus
781 2496 918 2524 Christus.
950 2496 1040 2529 Quare

250 2540 391 2568 laudantes
424 2546 567 2569 cantemus
588 2551 594 2569 :
619 2542 766 2570 Benedicat
792 2542 883 2569 omnis
914 2547 1039 2570 creatura

250 2585 407 2618 Dominum,
423 2591 450 2614 ct
463 2587 649 2622 superexaltet
665 2587 692 2614 in
705 2586 797 2614 omnia
813 2587 924 2614 saecula.

288 2652 297 2670 ¹
312 2654 378 2681 Dan.
400 2663 441 2687 tn,
458 2655 505 2682 Η.

885 147 1017 177 [ΞΟΞΜᾸΞ
1045 147 1069 176 ll
1076 146 1249 177 lEROSOL.

291 204 314 231 Δ
327 203 481 232 visceribus
495 201 592 231 Ionam
608 202 691 230 veluti
709 202 793 230 fetum
818 203 940 230 evomuit
960 203 1043 230 mari-
1059 205 1079 232 A

1830 146 1880 177 Ui

1136 202 1305 237 Σπλάγχνων
1344 202 1434 229 Ἰωνᾶν
1463 201 1583 238 ἔμϐρυον
1609 201 1753 238 ὰπήμεσεν
1778 202 1884 230 ὲνάλιον

1095 248 1158 284 θὴρ,
1171 246 1225 274 οἷον
1241 247 1362 281 ἐδέξατο·
1374 249 1408 283 τῇ
1418 247 1549 283 Παρθένῳ
1566 248 1594 274 δὲ
1608 248 1753 283 ὲνοικήσας
1767 249 1780 274 ὁ
1797 248 1883 282 Λόγος

1095 294 1142 321 καὶ
1159 294 1249 329 σάρκα
1272 289 1384 326 λα6ὀ›ν,’
1398 293 1537 329 διελήλυθε
1561 293 1684 328 φυλάξας
1706 293 1882 330 ἀδιάφθορον*

1093 338 1127 376 ἦς
1140 341 1194 376 γὰρ
1206 341 1254 376 οὐχ
1267 341 1372 375 ὑπέστη
1389 341 1518 376 pausam,
1539 339 1588 374 τὴν
1601 342 1735 367 τεκοῦσαν
1750 340 1883 375 κατέσχεν

1094 387 1269 422 ἀπήμαντον.

1129 473 1215 501 Ἦλθε
1232 475 1385 509 σαρκωοεὶς
1400 474 1517 510 Χριστος
1530 476 1544 501 ὀ
1557 474 1622 506 Θεὸς
1641 473 1719 508 ἡμῶν
1737 474 1751 494 ε
1766 473 1883 509 γαστρὸς

1093 522 1123 549 ὃν
1140 521 1234 556 Πατὴρ
1249 521 1302 556 πρὸ
1315 522 1454 556 έωσφόρου
1470 521 1562 556 γεννᾷ·
1580 521 1628 552 τὰς
1644 521 1721 555 ἡνίας
1739 520 1768 547 δὲ
1787 521 1801 547 ὁ
1815 529 1884 554 κρα-

1094 567 1148 594 τῶν
1166 567 1218 593 τῶν
1234 567 1376 602 ἀχράντων
1393 566 1550 602 Δυνάμεων,
1565 566 1593 592 ὲν
1607 566 1695 601 φάτνῃ
1709 566 1762 592 τῶν
1777 565 1883 599 ἀλόγων

1094 613 1270 644 ἀνακέκλιται
1290 613 1314 638 h.
1341 612 1425 647 Ῥάκη
1445 611 1661 647 σπαργανοῢται,
1677 611 1734 637 λύει
1751 611 1780 638 δὲ
1799 611 1883 638 πολυ-

1094 659 1212 690 πλόκους
1230 659 1324 692 σειρὰς
1345 657 1564 693 παραπτὼσεων.
1706 664 1709 666 ”

1130 747 1198 775 Νέον
1220 747 1250 780 ἐξ
1275 747 1365 781 ,Ἄδὰμ
1388 746 1494 773 παιδίον
1514 746 1675 781 φυράματος
1691 745 1805 780 ἐτέχθη,
1825 745 1882 776 υίὸς

1095 794 1142 821 καὶ
1159 795 1264 823 πιστοῖς
1279 793 1384 820 δέδοται
1396 801 1402 807 ·
1426 792 1474 818 τοῦ
1497 792 1526 818 δὲ
1543 792 1687 826 μέλλοντος
1706 788 1784 823 οὗτός
1806 792 1882 817 ἐστιν

1095 833 1194 873 αἰῶνος
1211 840 1303 874 πατὴρ
1320 840 1367 866 καὶ
1383 839 1486 874 ἄρχων,
1501 839 1548 864 καὶ
1562 837 1683 864 καλεῖται
1694 838 1743 872 τῆς
1760 835 1882 872 μεγάλης

1058 879 1077 907 Β
1094 884 1192 919 βουλῆς
1209 883 1335 918 ἄγγελος.
1353 880 1437 914 Οὗτος
1453 882 1561 917 ἰσχυρδς
1579 881 1646 913 Θεός
1663 882 1733 912 ἐστι,
1751 881 1798 908 καὶ
1815 889 1883 915 κρα-

1092 930 1146 957 τῶν
1159 929 1285 962 ἐξουσίαν
1300 929 1349 963 τῆς
1365 929 1491 958 κτίσεως.

1127 977 1158 1003 0t
1171 976 1264 1007 παῖδες
1275 974 1401 1010 εὐσεϐείᾳ
1411 974 1621 1009 συντραφέντες,
1636 971 1782 1004 δυσσεϐοῦς
1798 980 1882 1007 προσ-

1091 1022 1232 1057 τάγματος
1264 1015 1524 1055 καταφρονήσαντες
1542 1039 1549 1051 ,
1578 1019 1663 1054 πυρὸς
1691 1017 1807 1052 ἀπειλὴν
1831 1018 1882 1043 οὐκ

1092 1067 1274 1102 ὲπτοὴθησαν,
1290 1066 1347 1092 ἀλλ’
1359 1067 1387 1093 ἑν
1401 1065 1474 1101 μέσῳ
1491 1065 1541 1100 τῆς
1555 1064 1653 1099 φλογὸς
1669 1064 1786 1095 ἑστῶτες
1801 1063 1883 1097 ἔψαλ-

1092 1115 1149 1142 λον·
1173 1114 1201 1141 Ὁ
1211 1114 1264 1141 τῶν
1281 1114 1407 1148 πατέρων
1425 1112 1504 1149 ἡμῶν
1524 1119 1533 1132 ι
1553 1112 1629 1145 Θεὸς,
1647 1111 1794 1146 εὐλογητὸς
1812 1109 1846 1137 si.

1135 1160 1269 1196 Ποιμένες
1298 1159 1500 1196 ἀγραυλοῦντες
1526 1158 1681 1193 ὲκπλαγοῦς
1709 1157 1882 1192 φωτοφανίας

1093 1203 1203 1241 ἔτυχον·
1224 1206 1289 1238 δόξα
1308 1205 1413 1240 Κυρίου
1433 1204 1488 1240 γὰρ
1513 1203 1615 1234 αὐτοὺς
1633 1202 1816 1238 περιέλαμψε,
1834 1201 1883 1228 καὶ

1092 1252 1217 1286 ἄγγελος,
1239 1251 1438 1286 Ἀνυμνήσατε·,
1454 1249 1534 1284 βοῶν,
1551 1249 1593 1275 ὅτι
1607 1247 1704 1282 ἐτέχθη
1715 1248 1736 1274 Χ
1742 1247 1843 1282 ριστός.
1852 1247 1884 1272 '0

1092 1297 1146 1324 τῶν
1165 1297 1292 1332 πατέρων
1305 1296 1384 1332 ἡμῶν
1402 1295 1478 1327 Θεὸς,
1495 1294 1640 1328 εὐλογητὸς
1653 1292 1687 1319 εἴ.

1136 1397 1280 1432 Ἐξοιίφνης
1291 1396 1339 1423 σὺν
1350 1396 1390 1432 τῷ
1399 1396 1470 1430 λόγῳ
1479 1394 1526 1421 τοῦ
1539 1394 1655 1429 ἀγγέλου
1669 1392 1791 1428 οὐρανῶν
1804 1401 1883 1428 στρα-

1093 1444 1226 1480 τεύματα,
1239 1453 1248 1469 ι
1269 1443 1348 1475 Δόξα,
1366 1442 1548 1478 ἐκραύγαζον,
1564 1440 1625 1476 Θεῷ
1639 1441 1668 1467 ἐν
1686 1439 1819 1474 ὑψίστοις,
1835 1438 1883 1465 ἐπὶ

1093 1491 1144 1525 γῆς
1158 1490 1265 1525 εἰρήνη,
1279 1490 1308 1515 ὲν
1322 1487 1478 1524 ἀνθρώποις
1491 1487 1611 1514 εὐδοκία.
1633 1496 1643 1512 ι
1660 1485 1778 1521 Χριστὸς
1796 1485 1882 1520 ἐλαμ-

1056 1546 1078 1576 C
1093 1536 1155 1570 ψεν.
1179 1535 1208 1561 Ὁ
1223 1535 1278 1561 τῶν
1295 1535 1421 1570 πατέριον
1435 1533 1514 1568 ἡμῶν
1526 1533 1604 1565 Θεὸς,
1618 1531 1764 1566 εὐλογητὸς
1781 1527 1815 1556 εἷ.

1135 1581 1253 1617 Ῥήματι
1273 1580 1279 1605 i
1302 1580 1381 1606 τοῦτο
1398 1577 1474 1606 εἷπον
1488 1580 1512 1605 ot
1530 1578 1658 1614 ποιμένες
1671 1587 1677 1592 ·
1702 1586 1711 1602 ι
1724 1576 1881 1608 Διελθόντες

1090 1628 1194 1662 ἴδωμεν
1206 1626 1236 1653 τὸ
1248 1627 1370 1660 γεγονδς,
1387 1636 1395 1651 ι
1407 1625 1479 1663 Θείον
1494 1624 1621 1660 Χριστόν.
1630 1623 1754 1658 Βηθλεὲμ
1763 1622 1881 1649 καταλα-

1094 1673 1187 1704 ϐόντες
1202 1672 1229 1698 δὲ
1254 1674 1301 1698 σὺν
1316 1673 1348 1707 τῇ
1368 1671 1485 1706 τεκούσῃ
1508 1669 1695 1706 προσεκύνουν
1711 1669 1883 1704 ἀναμέλπων-

1093 1727 1148 1750 τες·
1169 1719 1199 1744 ὐ
1215 1719 1268 1743 τῶν
1285 1718 1412 1752 πατέρων
1428 1717 1507 1752 ἡμῶν
1522 1717 1599 1748 Θεὺς,
1614 1715 1760 1750 εὐλογητὸς
1776 1713 1810 1741 εἱ,

1129 1811 1274 1845 Θαύμαῖος
1300 1808 1496 1844 ὑπερφυοῦς-ἡ
1517 1807 1675 1843 δροσοϐόλος
1697 1806 1843 1838 ἐξεικόνιςε
1866 1804 1881 1825 κ

1093 1858 1210 1892 κάμινος
1221 1857 1315 1883 τύπον
1334 1857 1364 1882 οὺ
1379 1857 1433 1890 γὰρ
1451 1854 1496 1886 οὒς
1512 1854 1622 1886 ἐδέξατο
1636 1853 1728 1888 φλέγει
1743 1853 1830 1884 νέους,
1843 1852 1881 1883 ὡς

1092 1904 1152 1929 οὐδὲ
1172 1903 1228 1938 πῦρ
1250 1903 1298 1937 τῆς
1319 1902 1446 1936 θεότητος
1472 1900 1608 1935 παρθένου
1631 1900 1664 1935 ἢν
1684 1900 1767 1926 ὑπέδυ
1788 1897 1881 1934 νηδύν.

1092 1950 1138 1976 Διὸ
1157 1949 1339 1985 ἁνυμνοῦντες
1352 1948 1569 1983 ἀναμέλψωμεν·
1587 1947 1740 1980 Εὑλογείτω
1757 1947 1773 1982 ἡ
1791 1946 1880 1977 κτίσις

1094 1996 1167 2022 πᾶσα
1182 1996 1227 2021 τὸν
1243 1994 1360 2030 Κύριον,
1383 1995 1429 2021 καὶ
1444 1994 1626 2030 ὑπερυψούτω
1638 1994 1677 2025 είς
1698 1993 1802 2024 πάντας
1818 1993 1881 2024 τοὺς

1092 2041 1204 2072 αἰῶνας.

1129 2086 1224 2113 ’Ἑλκει
1245 2085 1405 2116 Βαϐυλῶνος
1419 2086 1435 2120 ἡ
1448 2084 1572 2120 Θυγάτηρ
1588 2085 1687 2116 παῖδας
1703 2084 1880 2120 δορικτήτους

1092 2131 1175 2158 Δαϐὶδ
1197 2132 1228 2157 ὲκ
1247 2130 1315 2156 Σιὼν
1330 2131 1357 2157 ὲν
1371 2130 1452 2166 αὐτῇ·
1472 2130 1646 2166 δωροφόρους
1665 2130 1769 2165 πέμπει
1783 2130 1811 2156 δὲ
1829 2130 1880 2165 μά-

1091 2185 1156 2210 γους
1180 2177 1290 2208 παῖδας,
1315 2176 1363 2211 τὴν
1378 2175 1424 2202 τοῦ
1443 2176 1524 2202 Δαὸὶδ
1541 2176 1664 2211 θεοδόχον
1688 2175 1826 2210 θυγατέρα
1841 2176 1880 2202 λι-

1057 2223 1078 2249 1)
1092 2222 1288 2253 τανεύσοντας.
1301 2222 1347 2248 Διὸ
1361 2221 1546 2258 ἀνυμνοῦντες
1559 2222 1762 2256 ἀναμέλψωμεν
1774 2231 1779 2236 ·
1796 2221 1880 2248 Εὐλο-

1091 2268 1175 2302 γείτω
1192 2269 1207 2303 ἡ
1221 2268 1310 2300 κτίσις
1333 2269 1408 2294 πᾶσα
1422 2268 1468 2294 τὸν
1484 2268 1596 2303 Κύριον,
1614 2268 1661 2294 καὶ
1676 2266 1847 2302 ὑπερυψοῠτε
1866 2265 1875 2286 Ῑ

1092 2315 1131 2345 εἰς
1148 2314 1250 2343 πάντας
1265 2315 1328 2345 τοὺς
1343 2314 1454 2345 αἰῶνας.

1130 2360 1253 2395 Ὄργανα
1274 2359 1423 2395 παρέκλινε
1441 2359 1472 2385 τὸ
1490 2359 1587 2391 πένθος
1604 2359 1685 2394 ᾠδῆς
1706 2359 1738 2385 οὺ
1752 2358 1805 2393 γὰρ
1818 2356 1881 2394 ᾖδον

1092 2405 1120 2431 ὲν
1139 2405 1225 2436 νόθοις
1241 2405 1266 2431 οἱ
1283 2405 1376 2435 παῖδες
1395 2404 1475 2431 Σιών.
1495 2403 1655 2435 Βαϐυλῶνος
1675 2403 1732 2430 λύει
1747 2403 1776 2430 δὲ
1791 2404 1881 2429 πᾶσαν

1093 2451 1197 2485 πλάνην
1218 2451 1264 2477 καὶ
1291 2451 1431 2486 μουσικῶν
1453 2451 1587 2486 ἁρμονίαν
1603 2450 1727 2486 Βηθλεὲμ
1742 2449 1880 2481 ἐξανατεί-

1092 2495 1140 2526 λας
1158 2497 1284 2532 Χριστός.
1304 2496 1349 2522 Διὸ
1372 2495 1556 2531 ἀνυμνοῦντες
1571 2495 1784 2531 ἁναμέλψωμεν·
1800 2494 1881 2521 Εὐλο-

1092 2541 1177 2575 γείτω
1189 2543 1205 2577 ἡ
1217 2542 1305 2573 κτίσις
1316 2543 1393 2569 πᾶσα
1406 2543 1451 2569 τὸν
1465 2542 1579 2578 Κύριον,
1595 2542 1642 2568 καὶ
1655 2540 1826 2576 ὑπερυψοῦτε
1842 2541 1883 2570 είς

1094 2586 1198 2618 πάντας
1212 2587 1275 2619 τοὺς
1291 2587 1402 2619 αίῶνας.

1880 2649 1889 2687 ἰ

889 2743 932 2770 VA
939 2741 1007 2770 RUE
1028 2740 1232 2769 LECTIONES.

288 2823 299 2842 ε·
317 2823 394 2850 Deest
413 2823 454 2849 ὲκ.
486 2824 499 2842 ³³
517 2823 599 2850 Anth.
613 2822 797 2849 ἀνακλινεται.

270 2858 351 2883 suos.
393 2857 402 2878 ι
419 2857 501 2883 Forte
516 2858 695 2883 ὑπεουώούτω
710 2862 741 2883 ut
758 2865 797 2883 sul

249 2865 351 2884 κονισε.

838 2822 845 2842 ί
866 2821 950 2850 Anth.
964 2821 1066 2849 omittit
1078 2822 1167 2856 ἡμῶν,
1184 2822 1229 2852 hic
1238 2827 1267 2852 et
1279 2822 1362 2852 intra.

393 2857 402 2878 ι
419 2857 501 2885 Forte
516 2858 695 2893 ὑπερυψούτω
710 2862 741 2885 ιιι
758 2864 851 2892 supra,
865 2861 892 2884 et
911 2864 1018 2891 semper
1033 2857 1061 2884 in
1079 2857 1171 2884 Anth:

1402 2823 1410 2850 ι
1424 2823 1508 2862 Antii.
1518 2818 1653 2858 Tantm.
1689 2825 1701 2846 ιι
1714 2824 1797 2853 Anth.
1811 2824 1883 2859 ιξιι-
