2086 3155
206 222 261 254 405

959 228 1096 258 HYMNI.

1787 226 1839 258 466

240 280 332 307 Σκῢλα
345 280 476 307 Βαϐυλὼν
489 281 540 316 τῆς
555 281 690 317 βασιλίδος
705 282 784 315 Σιὼν,
800 283 848 309 καὶ
864 282 997 318 δορύκτη-

1085 280 1179 316 Spolia
1194 280 1313 316 Babylon
1328 281 1427 316 regalis
1451 281 1542 310 Siouis
1563 282 1742 317 captivasque
1771 289 1837 315 opes

205 335 252 354 τον
268 326 347 353 ὖλσον
361 326 483 359 ἐδέξατο,
505 327 661 364 θησαυροὺς
683 329 801 363 Χριστὸς
817 330 846 355 ὲν
862 328 917 363 Σιῷ
934 332 953 346 ω
966 327 996 354 δὲ

206 372 320 407 ταύτης,
336 372 382 398 καὶ
395 372 516 407 βασιλεῖς
529 374 557 400 ἑν
569 379 582 392 ιι
595 373 690 409 ἀστέρι
702 374 791 409 ὁδηγῷ
802 373 997 409 ἀστρολογών-

207 425 257 448 τας
270 419 284 436 '0
299 418 385 444 ἕλκει.
404 418 451 444 Διὸ
469 419 652 453 ἀνυμνοῦντες
672 419 875 454 ἀναμέλψωμεν
887 427 894 434 ·
913 419 995 446 Εὐλο-

207 462 292 495 γείτω
317 463 334 498 ἠ
357 463 446 494 κτίσις
465 464 540 490 πᾶσα
556 464 602 490 τὸν
619 465 731 500 Κύριον,
748 465 795 491 καὶ
814 464 997 500 ὑπερυψούτω

207 509 247 540 είς
262 508 367 541 πάντας
381 510 445 541 τοὺς
460 510 571 541 αἰῶνας.

242 554 402 590 Μυστήριον
420 554 495 587 ξένον
514 556 570 590 ὁρῶ
591 556 639 582 καὶ
654 556 818 590 παράδοξον,
840 556 954 590 οὖρανδν
967 556 998 582 τὸ

209 600 354 635 σπήλαιον.
379 601 474 636 θρόνον
503 602 670 637 Χερουῦικδν
695 602 744 637 τὴν
773 602 922 638 Παρθένον,
949 602 998 638 τὴν

208 645 314 680 φάτνην
324 646 423 680 χωρίον
437 648 465 672 ἐν
479 644 500 680 ᾧ
514 647 661 682 ἀνεκλίνθη
676 648 689 673 6
701 647 856 682 ἀχώριστος
870 647 997 683 Χριστὸς,

207 691 222 717 6
241 691 319 723 Θεὸς,
335 691 365 718 ὃν
382 692 565 727 ἀνυμνοῦντες
584 692 784 728 μεγαλύνομεν.

251 780 384 811 Ἐξαίσιον
399 781 500 816 δρόμον
511 781 629 814 ὁρῶντες
639 782 663 808 οἱ
675 782 757 817 μάγοι
772 783 925 818 ἀσυνήθους
938 783 999 809 νέου

209 826 326 862 ἀστέρος
341 827 503 862 ἀρτιφαοῦς,
515 827 642 862 οὐρανίου
654 833 667 853 P
677 829 915 864 ὑπερλάμποντος,
932 829 999 864 Χρι-

209 871 272 898 στὸν
293 871 406 906 βασιλέα
426 873 616 908 ἐτεκμήραντο
640 875 668 901 ἐν
697 876 732 910 γῇ
756 875 920 910 γεννηθέντα
947 876 1000 910 Βη-

208 918 303 952 θλεὲμ,
319 919 359 949 είς
376 919 515 953 σωτηρίαν
529 919 619 954 ἡμῶν.

1050 327 1186 362 suscepit;
1205 327 1349 354 thesauros
1362 327 1489 355 Christus
1504 328 1530 355 in
1543 328 1654 355 Sionem
1671 327 1732 362 ejus
1746 334 1838 361 reges-

1050 380 1103 407 que
1124 372 1277 406 astrologos
1295 373 1371 400 stella
1393 373 1461 400 duce
1481 373 1574 401 trahit.
1593 373 1685 406 Quare
1694 373 1837 400 laudantes

1050 422 1190 445 cantemus
1206 417 1369 445 :Benedicat
1384 419 1474 446 omnis
1493 423 1620 446 creatura
1640 418 1798 451 Dominum,
1812 423 1840 445 et

1051 463 1235 499 supercxaltet
1251 463 1279 490 in
1298 465 1391 491 omnia
1407 465 1519 492 saecula.

1086 553 1245 588 Mysterium
1267 554 1429 581 admirabile
1445 561 1529 581 cerno
1546 556 1574 581 et
1595 553 1767 586 incredibile,
1785 560 1841 581 ece-

1052 599 1107 626 lum
1121 600 1220 627 factam
1232 600 1405 635 speluncam,
1428 600 1557 627 thronum
1578 599 1763 627 Cherubicum
1780 599 1841 626 Vir-

1052 645 1154 680 ginem,
1170 653 1292 680 praesepe
1312 645 1402 673 locum
1421 645 1468 673 ubi
1484 645 1634 672 reclinatus
1659 648 1701 672 est
1718 645 1765 680 qui
1780 645 1840 680 capi

1052 698 1106 718 non
1123 695 1210 726 potest
1225 690 1350 719 Christus
1367 691 1449 723 Deus,
1468 699 1549 726 quem
1567 690 1712 718 laudantes
1733 692 1842 726 magni-

1053 737 1179 765 ﬁcamus.
1744 742 1747 745 '

1088 781 1223 818 Insignem
1239 790 1350 811 cursum
1375 782 1498 810 videntes
1519 781 1587 817 Magi
1605 782 1709 810 insoliti
1728 782 1789 809 novi
1803 783 1842 810 si-

1054 828 1126 855 deris
1139 835 1235 856 recens
1246 829 1404 863 apparentis
1419 828 1563 863 plusquam
1579 828 1700 856 coelestia
1713 827 1843 862 eﬁ‘ulgen-
1861 834 1865 838 ”

1055 874 1250 907 tis,Christum
1261 882 1350 910 regem
1365 874 1511 909 conjectati
1527 878 1591 901 sunt
1608 874 1635 901 in
1654 878 1727 902 terra
1748 878 1841 901 natum

1054 921 1228 954 Bethleemis,
1247 928 1296 956 pro
1314 921 1403 948 salute
1419 925 1521 948 nostra.

245 962 395 996 Νεηγενὲς,
426 963 522 998 μάγων
541 964 689 998 λεγόντων,
718 965 843 999 παιδίον,
873 963 999 999 ἄναξ,οὖ

1086 966 1180 1001 Nuper
1195 971 1276 994 natus
1292 974 1370 1001 puer,
1389 965 1546 994 dicentibus
1562 964 1658 999 Magis,
1677 973 1699 991 ο·
1710 972 1769 997 rex,
1793 971 1842 991 cu-

209 1009 300 1044 ἀστὴρ
328 1009 427 1044 ἐφάνη,
454 1010 506 1036 ποῦ
530 1010 620 1044 tactv;
650 1012 690 1042 εἰς
703 1011 756 1047 γὰρ
788 1012 892 1038 ἑκείνου
915 1021 1001 1047 προσ-

210 1053 325 1089 κύνησιν
337 1054 454 1089 ἥκομεν*
471 1056 565 1089 μανεὶς
579 1057 593 1082 6
611 1057 733 1092 Ἡρώδης
746 1058 920 1091 ἐταράττετο,
933 1059 1001 1092 Χρι-

211 1099 273 1127 στὸν
288 1100 391 1126 ἀνελεῖν
409 1101 423 1126 6
439 1100 575 1136 θεομάχος
591 1103 806 1138 φρυαττόμενος.

251 1143 405 1179 Ἦκρίϐωτε
420 1145 516 1179 χρόνον
538 1146 660 1182 Ἡρώδης
675 1148 800 1182 ἀστέρος,
816 1144 847 1175 οὗ
864 1151 923 1180 ταῖς
939 1150 999 1184 ἠγε-

211 1189 284 1220 σίαις
300 1191 324 1216 οι
346 1190 430 1225 μάγοι
451 1191 480 1217 ἐν
499 1191 622 1228 Βηθλεὲμ
634 1188 637 1190 ’
649 1193 833 1226 προσκυνοῦσι
856 1194 973 1229 Χριστὸν
988 1200 1001 1219 ει

210 1235 261 1262 σὺν
278 1235 385 1270 δώροις·
405 1237 449 1270 ὑφ’
467 1234 497 1264 οὗ
519 1237 586 1273 πρὸς
612 1238 728 1273 πατρίδα
742 1239 931 1274 ὁδηγούμενοι,
949 1239 1003 1266 δει-

211 1280 257 1306 νὸν
270 1281 444 1309 παιδοκτόνον
459 1283 655 1317 ἐγκατέλειπον
669 1284 842 1319 παιζόμενον.

590 1341 626 1368 Β’.

444 1387 497 1415 ΕΙΣ
524 1390 566 1416 ΤΛ
584 1389 765 1416 ΘΕΟΦΑΝΙᾹ.

484 1435 519 1470 '_H
531 1436 706 1470 ἀκροστιχίς
718 1443 725 1450 ·

284 1481 444 1516 Βάπτισμα
463 1482 555 1515 ρὐις
575 1481 711 1517 Α[νηγενῶν
725 1480 894 1515 ἁμαρτάδος
909 1485 932 1506 ι’.

249 1526 337 1553 Βυθοῦ
350 1527 504 1562 ἀνεκάλυψε
520 1527 656 1563 πυθμένα,
669 1526 717 1554 καὶ
727 1527 771 1553 διὰ
786 1527 872 1562 ξηρᾶς
889 1527 1006 1559 οἰκείους

213 1571 301 1604 ἱλκει,
308 1574 337 1599 ὲν
347 1572 421 1608 αὐτῷ
429 1573 623 1608 κατακαλύψας
632 1573 807 1604 ἀντιπάλους,
814 1573 827 1598 6
837 1573 965 1608 κραταιὸς
977 1572 1006 1599 ὲν

215 1617 346 1652 πολέμοις
364 1618 478 1654 Κύριος,
493 1619 534 1646 ὅτι
550 1618 716 1651 δεδόξασται.
883 1651 885 1653 _

257 1664 342 1699 ’Ᾱδὰμ
361 1664 407 1691 τὸν
426 1664 564 1700 φθαρέντα
579 1665 748 1693 ἀναπλάττει
767 1663 887 1700 ῥείθροις
909 1664 1007 1700 Ἰορδᾶ-

214 1717 281 1741 von,
312 1709 361 1736 καὶ
385 1710 543 1745 δρακόντων
563 1710 685 1745 κεφαλὰς
705 1709 919 1745 ἐμφωλευόντων
950 1710 1008 1736 δια-

215 1755 326 1782 θλάττει
341 1758 354 1783 6
369 1756 494 1791 βασιλεὺς
510 1757 564 1784 τῶν
590 1756 695 1784 αἰώνων
711 1757 823 1792 Κύριος,
838 1756 878 1782 ὅτι
897 1755 1007 1788 δεδόξα-

218 1809 292 1828 σται.

254 1846 325 1881 Πυρὶ
348 1847 398 1881 τῆς
423 1847 551 1882 θεότητος
569 1847 659 1881 ἀΰλῳ,
683 1847 771 1882 σάρκα
795 1845 889 1881 ὑλικὴν
909 1846 1009 1881 ἠμφιε-

218 1892 328 1927 σμένος,
351 1893 484 1928 ’ῐορδάνου
501 1892 696 1928 περιὸάλλεται
716 1893 746 1918 τὸ
767 1892 842 1927 νᾶμα
865 1893 879 1918 6
900 1899 1009 1924 σαρκω-

219 1937 277 1968 θεὶς
294 1938 326 1964 ἐκ
342 1939 480 1974 Παρθένου
499 1939 612 1974 Κύριος,
627 1939 668 1965 ὅτι
681 1937 852 1969 δεδόξασται.

256 1982 309 2009 Τὸν
326 1983 411 2018 ῥύπον
426 1985 440 2010 6
455 1984 569 2020 σμήχων
587 1984 642 2010 τῶν
659 1982 822 2018 ἀνθρώπων,
838 1982 945 2013 τούτοις
960 1989 1010 2008 κα-

221 2031 333 2067 θαρθεὶς
345 2032 374 2058 ὲν
395 2030 513 2066 Ἰορδάνῃ
532 2028 571 2063 οἷς
587 2029 704 2066 θελήσας
718 2028 859 2065 ὡμοιώθη,
873 2029 887 2055 6
899 2027 934 2064 ἦν
953 2028 1012 2064 μεί-

221 2084 281 2107 νας,
296 2076 360 2108 τοὺς
385 2075 415 2101 ὲν
435 2075 475 2111 τῷ
500 2075 592 2102 σκότει
615 2074 741 2109 φωτίζων
755 2074 868 2109 Κύριος,
884 2074 925 2101 ὅτι
940 2072 1012 2100 δεδό-

223 2121 329 2153 Eunt.

264 2155 352 2201 ’ἰσχὺν
365 2167 379 2192 6
394 2165 482 2197 διδοὺς
498 2167 554 2197 τοῖς
571 2164 728 2201 βασιλεῦσιν
743 2165 823 2200 ἡμῶν
838 2162 950 2200 Κύριος,
967 2164 1014 2190 καὶ

224 2211 308 2246 κέρας
321 2211 440 2246 χριστῶν
461 2210 545 2240 αὐτοῦ
559 2211 646 2246 ὑψῶν,
663 2210 802 2246 Παρθένου
824 2209 1012 2243 ἀποτίκτεται,

226 2256 303 2292 μολεῖ
326 2256 356 2284 δὲ
377 2257 446 2292 πρὸς
457 2256 488 2284 τὸ
507 2256 661 2293 βάπτισμα.
677 2256 722 2283 Διὸ
741 2256 833 2282 πιστοὶ
850 2255 994 2290 βοήσωμεν
1005 2263 1012 2270 ·

1050 1013 1096 1048 jus
1113 1012 1190 1040 stella
1208 1013 1266 1040 visa
1282 1012 1345 1046 fuit,
1365 1012 1412 1040 ubi
1437 1012 1505 1040 esti.
1524 1012 1557 1039 ad
1573 1011 1650 1038 illum
1680 1010 1754 1038 enim
1774 1009 1841 1037 ado-

1053 1059 1167 1085 randum
1193 1059 1322 1086 venimus
1340 1068 1347 1085 :
1368 1058 1462 1085 furens
1487 1054 1609 1085 Herodes
1634 1056 1760 1083 turbatus
1784 1059 1840 1087 est,

1052 1102 1191 1131 Christum
1209 1111 1224 1130 e
1241 1103 1330 1130 medio
1345 1104 1440 1131 tollere
1456 1103 1543 1130 hostis
1561 1101 1606 1129 Dei
1626 1101 1757 1128 fremens.

1089 1149 1229 1183 Exquisite
1244 1149 1388 1183 requisivit
1403 1153 1511 1183 tempus
1533 1147 1655 1174 Herodes
1674 1146 1769 1178 stt-lite,
1793 1153 1841 1172 cu-

1051 1195 1096 1229 jus
1112 1195 1196 1222 ductu
1210 1194 1281 1229 Magi
1297 1195 1324 1221 in
1339 1194 1477 1222 Bethleem
1494 1194 1609 1221 adorant
1621 1192 1761 1220 Christum
1777 1199 1841 1219 cum

1054 1240 1213 1268 muneribus
1237 1250 1242 1268 :
1261 1248 1276 1268 a
1291 1248 1346 1276 qua
1363 1240 1391 1267 in
1411 1241 1530 1275 patriam
1558 1238 1674 1270 reducti,
1694 1238 1783 1266 dirum
1799 1238 1841 1265 in-

1053 1286 1209 1314 fauticidam
1227 1287 1353 1314 delusum
1369 1285 1553 1321 reliquerunt.

1221 1388 1254 1416 IN
1271 1387 1389 1416 DOMINI
1406 1386 1676 1415 APPARITIONEM.

1354 1433 1517 1460 Αίνοδιίοίιίε
1534 1441 1542 1460 :

1139 1477 1275 1512 Baptisma
1291 1479 1414 1513 purgatio
1436 1477 1571 1504 hominum
1594 1477 1695 1512 peccati
1709 1481 1756 1504 est.

1092 1523 1224 1552 Profundi
1252 1525 1381 1551 revelavit
1402 1523 1499 1555 imum,
1524 1527 1550 1550 et
1572 1531 1621 1557 per
1649 1522 1757 1550 aridum
1779 1530 1845 1550 suns

1055 1569 1140 1601 ducit,
1156 1569 1182 1596 in
1200 1569 1259 1604 ipso
1273 1569 1395 1596 obruens
1421 1568 1605 1599 adversarios.
1624 1568 1669 1602 qui
1689 1562 1785 1602 potens
1803 1572 1845 1595 est

1019 1633 1040 1661 ε
1058 1615 1083 1642 in
1101 1616 1179 1642 bellis
1196 1615 1339 1646 Dominus,
1354 1614 1483 1649 quoniam
1499 1613 1667 1648 gloriﬁcatus
1682 1618 1733 1640 est.

1094 1661 1179 1687 Adam
1199 1661 1337 1695 perditum
1356 1658 1487 1686 reformat
1506 1658 1616 1686 ﬂuentis
1625 1657 1765 1690 Iordanis,
1783 1657 1847 1692 dra-

1060 1713 1214 1740 t‘onumque
1231 1705 1320 1740 capita
1340 1705 1365 1731 in
1381 1705 1477 1732 lustris
1489 1704 1642 1739 degentium
1663 1704 1782 1731 conterit
1800 1711 1847 1731 rex

1060 1752 1224 1778 sazculornm
1247 1750 1389 1782 Dominus,
1405 1750 1533 1785 quoniam
1549 1749 1719 1785 gtoriﬂcatus
1733 1753 1785 1777 est.

1097 1841 1161 1875 lgne
1180 1840 1330 1867 divinitatis
1347 1839 1483 1874 spirituali
1501 1838 1667 1866 materialem
1682 1845 1791 1864 carnem
1806 1838 1847 1864 iu-

1061 1886 1143 1914 dutus
1160 1885 1290 1912 Jordanis
1305 1884 1379 1912 subit
1403 1883 1534 1911 ﬂuentum
1559 1883 1720 1911 incarnatus
1734 1891 1766 1910 cx
1789 1882 1844 1910 Vir-

1061 1931 1123 1967 gine
1140 1931 1283 1963 Dominus,
1300 1930 1430 1965 quoniam
1446 1929 1617 1965 gloriﬁcatus
1633 1933 1686 1956 est.

1098 1976 1198 2004 Sordes
1215 1977 1375 2011 abstergens
1394 1976 1552 2008 hominum,
1570 1975 1668 2009 hisque
1690 1973 1849 2008 puriﬁcatus

1063 2024 1089 2051 in
1102 2023 1230 2056 Iordane,
1246 2022 1346 2057 quibus
1367 2028 1466 2057 sponte
1481 2021 1582 2049 similis
1599 2020 1687 2048 lactus
1699 2025 1758 2055 est;
1777 2021 1849 2055 quod

1063 2075 1122 2097 crat
1140 2077 1264 2100 manens,
1282 2076 1330 2096 eos
1349 2068 1441 2103 qui'in
1459 2068 1580 2096 tenebris
1593 2072 1672 2095 erant
1685 2066 1851 2094 illuminavit

1065 2115 1208 2148 Dominus,
1225 2115 1356 2150 quoniam
1370 2114 1542 2148 gloriﬁcatus
1557 2118 1609 2141 est.

1099 2161 1301 2188 Fortitudinem
1320 2160 1443 2195 praebens
1460 2160 1569 2195 regibus
1591 2165 1685 2188 noster
1706 2159 1849 2193 Dominus,

1054 2204 1092 2235 ἐι
1112 2210 1198 2234 cornu
1217 2206 1383 2234 christorum
1399 2205 1458 2241 eius
1472 2206 1606 2239 exattans,
1625 2214 1640 2234 e
1666 2205 1779 2242 Virgine
1803 2215 1852 2234 na-

1066 2253 1162 2284 scitur,
1183 2253 1311 2287 venitque
1331 2251 1365 2279 ad
1381 2252 1527 2286 baptisma.
1543 2251 1650 2280 Idcirco
1673 2252 1768 2279 ﬁdeles
1794 2252 1852 2279 cla-

224 2303 283 2330 Οὑκ
300 2302 374 2330 ἐστιν
388 2303 465 2338 ἅγιος
478 2304 517 2335 ὼς
530 2305 545 2330 6
560 2303 626 2335 Θεὸς
644 2303 733 2339 ἡμῶν,
756 2302 803 2330 καὶ
824 2302 874 2328 οὐκ
896 2301 952 2328 ἔστι
975 2301 1005 2328 δι

1067 2306 1173 2326 memus
1190 2307 1197 2325 :
1216 2297 1276 2325 Non
1302 2303 1344 2325 est
1371 2302 1482 2325 sanctus
1511 2297 1585 2325 sicut
1608 2297 1680 2325 Deus
1707 2301 1812 2330 noster,
1826 2301 1854 2325 et

225 2357 313 2381 καιος,
330 2348 401 2384 πλὴν
416 2349 475 2382 σοῦ,
487 2349 586 2385 Κύριε.

261 2396 443 2432 Στειρεύουσα
462 2396 537 2432 πρὶν,
562 2397 579 2431 ᾑ
594 2394 763 2434 τεκνουμένη
779 2400 789 2414 ι
805 2394 911 2425 δεινῶς.
927 2393 1013 2429 σήμε-

227 2450 275 2476 ρον
298 2442 590 2477 εὐφραίνου,Χριστοῦ
613 2441 774 2476 Ἐκκλησία.
790 2440 828 2467 Δι’
847 2440 943 2471 ὓδατος
968 2440 1015 2466 καὶ

230 2484 388 2520 πνεύματος
407 2485 461 2517 uio}.
477 2485 532 2521 γάρ
544 2494 585 2512 σοι
602 2484 791 2520 γεγέννηνται,
803 2485 831 2510 ἐν
847 2485 938 2511 πίστει
950 2485 1014 2510 ἁνα-

228 2529 390 2563 κράζοντες·
411 2530 468 2557 Οὐκ
485 2530 661 2564 ἔστιν-ἅγιος
682 2530 719 2562 ὡς
745 2531 759 2556 6
782 2530 848 2562 Θεὸς
864 2529 952 2565 ἡμῶν,
968 2530 1014 2556 καὶ

229 2575 279 2602 οὒκ
291 2575 364 2602 ἔστιν
377 2576 491 2608 δίκαιος,
508 2575 578 2612 πλὴν
595 2575 654 2609 σοῦ,
670 2575 769 2610 Κύριε.

264 2621 377 2658 Μεγάλῃ
391 2623 466 2657 φωνῇ
484 2622 512 2649 ὲν
528 2623 561 2658 τῇ
584 2622 680 2657 ἐρήμῳ
696 2621 744 2657 βοᾷ
761 2619 933 2657 Πρόδρομος·
951 2621 1017 2656 Χρι-

232 2665 296 2694 στοῦ
313 2667 479 2702 ἑτοιμάσατε
498 2667 585 2700 ὁδοὺς,
605 2668 653 2695 καὶ
667 2667 778 2703 τρίϐους
794 2666 839 2693 τοῦ
856 2665 923 2692 Θεοῦ
938 2666 1017 2702 ἡμῶν

1069 2352 1122 2372 non
1136 2348 1179 2372 est
1191 2344 1292 2379 justus,
1303 2347 1401 2378 praeter
1411 2347 1446 2375 te,
1461 2343 1587 2370 Domine.

1104 2389 1170 2423 Qum
1184 2389 1260 2424 prius
1274 2387 1377 2415 sterilis
1394 2395 1465 2420 eras,
1483 2391 1530 2415 aut
1543 2387 1659 2415 fecunda
1677 2388 1788 2420 misere,
1802 2388 1852 2414 ho-

1069 2436 1112 2464 die
1127 2436 1228 2467 la‘tare,
1243 2433 1346 2461 Christi
1363 2433 1493 2461 Ecclesia.
1509 2433 1560 2460 Per
1573 2440 1671 2468 aquam
1686 2437 1714 2461 et
1726 2433 1852 2468 spiritum

1068 2482 1140 2509 enim
1162 2481 1210 2507 lilii
1228 2480 1276 2507 tibi
1305 2480 1362 2507 nati
1380 2484 1445 2507 sunt
1470 2480 1496 2506 in
1523 2479 1576 2506 ﬁde
1601 2480 1752 2508 clamantes
1771 2481 1853 2508 :Nou

1069 2531 1111 2554 cst
1127 2530 1240 2553 sanctus
1267 2525 1339 2553 sicut
1367 2524 1438 2553 Deus
1460 2529 1563 2556 noster,
1577 2528 1673 2552 etnon
1699 2530 1741 2553 est
1765 2525 1855 2558 iustus

1070 2578 1168 2608 praeter
1185 2577 1220 2605 te,
1239 2570 1361 2599 Domine.

1105 2617 1202 2652 Magna
1217 2624 1283 2644 voce
1299 2616 1325 2643 in
1342 2615 1449 2643 deserto
1473 2616 1573 2643 clamat
1587 2617 1743 2646 Prmcursor
1758 2626 1764 2644 :
1777 2617 1856 2644 Chri-

1072 2664 1104 2692 sti
1122 2667 1215 2698 parate
1229 2662 1297 2695 vias,
1308 2666 1334 2690 et
1347 2661 1459 2689 semitas
1476 2660 1523 2689 Dei
1539 2661 1627 2689 nostri
1653 2666 1743 2690 rectas
1764 2661 1855 2693 facite.

869 2783 985 2811 VARI/{'1
1005 2783 1203 2811 LECTIONES.

290 2897 308 2911 ηπ
321 2891 402 2919 Anth.
417 2891 445 2917 ὲν
461 2889 540 2917 Σιών.
592 2893 606 2907 ιλ
625 2888 687 2915 Σύν.
740 2891 751 2917 9
774 2887 1032 2919 ’Λστροπολοῧντας.

237 2913 404 2962 armariis}.
417 2913 812 2958 Ilii—'7i‘htthi'reivaévq.
839 2913 966 2958 Legercni

1086 2892 1098 2912 ιι
1114 2887 1196 2914 Anth.
1219 2886 1370 2921 οὐρανίους.
1423 2891 1435 2910 1ι
1448 2885 1532 2912 Anth.
1545 2884 1667 2919 Χριστῷ.
1723 2888 1733 2903 ι’
1746 2883 1857 2911 Confer.
