2086 3155
214 227 261 257 ΗὫ

963 218 1098 248 ΙΙΥΜΝΙ.

1789 221 1840 251 4Το

243 283 328 313 Nion;
345 281 468 313 εὐσεϐεῖς
482 281 590 316 καμίνῳ
603 281 708 316 πυρδςιι
728 278 997 314 προσομιλήσαντας,

1086 274 1207 302 Iuvenes
1221 275 1280 309 pios
1295 275 1321 302 in
1338 276 1447 303 camino
1462 276 1532 312 ignis
1547 277 1676 312 degentes
1690 275 1839 305 exsibilans

207 328 364 363 διασυρίζον
385 326 496 362 πνεῦμα
513 327 611 362 δρόσου
633 325 761 356 ἁὸλαὸεῖς
779 323 936 358 διεφύλαξε,
953 322 1000 348 καὶ

209 375 282 400 ϐείου
300 374 419 408 ἀγγέλου
435 372 642 405 συγκατάόασις
654 379 661 386 ⁸
684 371 745 399 ὅθεν
766 371 795 397 ὲν
811 369 893 404 φλογὶ
915 368 1002 404 δροσι-

209 421 329 455 ζόμενοι,
347 419 517 455 εὐχαρίστως
530 418 693 453 ἀνέμελπον·
718 416 910 453 ’Υπερύμνητε
925 414 1001 441 ὁτῶν

210 466 342 501 πατέρων
358 465 462 500 Κύριος
476 465 522 491 καὶ
535 465 611 495 Θεὸς,
628 463 774 498 εὐλογητὸς
790 460 825 488 εἴ.

246 511 351 546 Ὠσπερ
374 510 484 546 οὐρανῷ
512 510 561 536 σὺν
584 509 679 544 τρόμῳ
714 508 762 534 καὶ
786 507 907 542 θαύματι
932 514 1003 540 παρ-

211 557 318 584 ίσταντο
331 558 360 582 ἑν
385 555 508 591 Ἰορδάνῃ
522 555 551 581 αἱ
574 555 705 589 δυνάμεις
727 553 781 579 τῶν
797 551 922 586 ἀγγέλων
939 559 1003 576 σκο-

211 603 347 638 πούμεναι
368 601 504 636 τοσαύτην
520 601 588 627 Θεοῦ
604 601 654 636 τὴν
667 599 885 634 συγκατάϐασιν,
903 598 978 628 ὅπως
990 597 1004 623 ὁ

211 648 322 683 κρατῶν
335 649 385 682 τὴν
401 646 525 682 ὑπερῷον
540 646 594 672 τῶν
612 646 716 672 ὑδάτων
728 645 891 675 ὑπόστασιν,
909 644 937 670 ὲν
947 644 1004 674 τοῖς

213 694 291 720 ὕδασι
312 693 507 726 σωματοιρὸρος
527 692 653 726 ἕστηκεν.
673 692 700 717 ’0
717 690 782 722 Θεὸς
807 691 820 716 ὁ
844 688 897 715 τῶν
919 687 1004 714 πατέ-
1022 724 1025 727 _

214 748 270 774 ρων
278 743 302 770 V,
319 738 468 772 εὐλογητὸς
483 735 518 764 εἴ.

249 783 359 818 Νεφέλη
385 783 451 809 ποτὲ
465 783 514 809 καὶ
529 782 651 809 θάλασσα
671 781 744 808 Θείου
768 779 938 816 προειχόνιζε
956 779 1005 814 βα-

215 831 368 865 πτίσματος
383 830 413 855 τὸ
429 829 524 864 Θαῦμα
535 838 542 844 ’
559 830 588 855 ἐν
610 826 650 860 οἷς
669 830 682 855 ὁ
697 827 763 863 πρὶν
778 827 940 862 βαπτίζεται
966 826 1006 852 δι-

216 877 346 908 εξοδικῶς
364 876 403 911 τῷ
420 876 554 910 νομοθέτῃ
574 875 652 906 Muig-
667 875 789 901 θάλασσα
807 874 834 900 δὲ
855 871 888 908 ἦν
909 873 1005 904 τύπος,

216 923 264 949 καὶ
273 923 371 957 νεφέλη
386 922 434 948 τοῦ
452 921 628 956 Πνεῦματος·
643 918 682 952 οἷς
699 920 866 955 τελούμενοι,
884 919 1008 954 Εὐλογηὲ

215 969 260 1001 τὸς
271 967 306 1001 εἴ,
324 969 474 1003 κράζομεν,
487 969 502 994 ὁ
513 967 579 999 Θεὸς
590 967 604 993 ὁ
616 967 670 993 τῶν
683 967 812 1001 πατέρων
827 966 917 1001 ἡμῶν.

253 1058 393 1089 Ἅπαντες
419 1057 513 1084 πιστοὶ
532 1058 561 1084 ἐν
584 1053 606 1091 ᾦ
630 1057 679 1092 τὴν
701 1057 842 1083 τελείωσιν
862 1057 1005 1091 ἐλάϐομεν,

218 1102 410 1137 θεολογοῦντες
446 1103 588 1138 ἁσιγήτως
612 1103 661 1130 σὺν
693 1102 821 1136 ἀγγέλοις
849 1101 1007 1136 δοξάσωμεν

218 1148 340 1183 Πατέρα,
360 1148 426 1175 Υἱὺν
441 1149 488 1175 καὶ
507 1148 621 1184 Πνεῦμα
646 1149 737 1182 ἅγιον·
753 1148 833 1174 τοῦτο
853 1148 908 1183 γὰρ
922 1148 1007 1182 Τριὰς

218 1194 403 1220 ὑποστάσεσιν
424 1194 580 1229 ὁμοούσιος,
597 1191 638 1226 εἷς
654 1194 682 1220 δὲ
700 1194 778 1225 Θεὸς,
794 1190 816 1226 ᾧ
840 1195 888 1220 καὶ
908 1193 1008 1228 ψάλλο-

220 1249 270 1273 μεν
282 1249 288 1255 ·
306 1239 499 1274 Ὑπερύμνητε
514 1239 591 1266 ὁτῶν
603 1240 729 1274 πατέρων
741 1239 841 1274 Κύριος
852 1240 897 1265 καὶ
907 1239 973 1270 Θεὸς
983 1246 1006 1272 ι,

219 1285 364 1322 εὐλογητὸς
379 1283 414 1313 εἴ.

256 1376 416 1412 Μυστήριον
440 1376 593 1412 παράδοξον
612 1377 626 1411 ἡ
652 1376 810 1407 Βαϐυλῶνος
824 1375 909 1408 ἔδειξε
925 1375 1009 1410 κάμι-

220 1429 264 1452 νος
287 1421 438 1455 πηγάσασα
463 1421 568 1455 δρόσον,
585 1421 628 1447 ὅτι
655 1421 774 1456 ῥείθροις
797 1420 910 1456 ἔμελλεν
928 1420 1009 1446 (ibim

221 1467 279 1502 πῦρ
309 1467 483 1499 εἰσδέξασθαι
505 1467 520 1493 ό
543 1467 687 1502 Ἰορδάνης,
717 1467 764 1494 καὶ
792 1466 904 1502 στέρξαι
928 1466 1009 1502 σαρκὶ

222 1513 421 1547 βαπτιζόμενον
447 1513 493 1540 τὸν
517 1513 650 1547 κτίστην,
664 1513 693 1539 δν
714 1512 856 1546 εὐλογοῦσι
876 1513 945 1546 λαοὶ,
963 1513 1010 1538 καὶ

222 1558 409 1593 ὐπερυψοῦσιν
425 1559 466 1590 εἰς
484 1558 589 1590 πάντας
612 1559 677 1590 τοὺς
701 1559 813 1590 αἰῶνας.

263 1645 378 1672 Ἀπόθου
395 1645 478 1680 φόϐον
490 1646 610 1680 ἅπαντα,
621 1648 635 1673 ὁ
648 1647 796 1683 Λυτρωτὴς
806 1647 844 1682 τῷ
855 1648 1009 1684 Προδρόμῳ

221 1692 334 1727 ἔφησεν,
350 1693 412 1728 ἐμοὶ
424 1693 453 1720 δὲ
463 1693 617 1729 πειθάρχει,
630 1694 667 1726 ὠς
681 1694 789 1730 Χριστῷ
806 1703 851 1729 μοι
867 1694 1009 1730 πρόσελθε,

221 1739 302 1766 τοῦτο
317 1739 371 1774 γὰρ
387 1739 468 1774 φύσει
482 1740 606 1775 πέφυκα.
628 1740 703 1776 Ἐμῷ
721 1741 913 1776 προστάγματι
927 1739 1008 1773 εἶξον,

223 1787 270 1812 καὶ
287 1786 417 1820 βάπτισον
431 1795 465 1821 με
481 1787 703 1821 συγκαταΰάντα,
719 1787 748 1814 ὃν
762 1788 919 1822 εὐλογοῦσιν
939 1788 1010 1820 λαοὶ,

223 1831 270 1857 καὶ
286 1831 472 1866 ὑπεροψοῦσιν
487 1833 527 1863 εὶς
540 1833 644 1865 πάντας
662 1834 723 1864 τοὺς
735 1834 846 1865 αἰῶνας.

267 1922 412 1958 Ῥημάτων
425 1922 463 1955 ὡς
474 1924 595 1959 ἀκήκοεν
604 1925 618 1950 ό
632 1923 788 1959 Βαπτιστὴς
801 1923 848 1950 τοῦ
864 1923 1010 1955 Δεσπότου,

224 1968 379 2004 σύντρομος
398 1969 530 2005 παλάμην
547 1970 674 2002 ἐκτείνει,
692 1971 771 2005 χεῖρα
795 1969 919 2001 πτύσαςγ
937 1970 1012 2004 ὅμως

223 2014 254 2041 δὲ
269 2014 319 2050 τὴν
332 2016 456 2050 κορυφὴν
472 2016 518 2042 τοῦ
534 2016 653 2044 πλάστου
666 2016 750 2043 αὐτοῦ
761 2024 768 2031 ’
779 2012 801 2050 ᾧ
811 2020 822 2034 ²
839 2015 1013 2050 βαπτισθέντι

224 2059 307 2087 ἐϐόα·
330 2060 455 2094 ’Ᾱγίασόν
469 2070 514 2095 με,
533 2062 564 2088 σύ
580 2061 635 2096 γὰρ
648 2059 688 2093 εἷς
700 2068 713 2081 ει
729 2061 795 2093 Θεός
813 2070 875 2096 μου,
893 2061 923 2087 ὃν
938 2061 1014 2087 εὐλο-

223 2105 302 2139 γοῦσι
317 2106 388 2140 λαοὶ,
405 2107 451 2133 καὶ
460 2107 647 2142 ὐπερυψοῦσιν
659 2107 698 2138 εἰς
712 2107 817 2139 πάντας
828 2107 891 2138 τοὺς
902 2106 1012 2139 αἰῶνας.

260 2152 375 2187 Τριάδος
394 2154 410 2188 ὴ
429 2153 585 2187 φανέρωσις
599 2153 628 2179 ὲν
654 2153 773 2189 Ἰορδάνῃ
797 2153 921 2187 γέγονεν,
943 2152 1013 2186 αὕτη

226 2199 281 2234 γὰρ
301 2199 436 2234 ὑπέρθεος
457 2199 547 2233 φύσις.
572 2199 601 2226 '0
616 2199 712 2235 Πατὴρ
727 2191 876 2233 ἐφώνησενο
902 2195 1015 2230 Οὗτοςὸ

227 2243 438 2279 βαπτιζόμενος,
457 2245 522 2277 Υἱὸς
544 2245 558 2272 ὁ
584 2245 726 2280 ἀγαπητός
748 2253 816 2279 μου·
841 2244 872 2271 τὸ
901 2243 1015 2278 Πνεῦμα

227 2292 377 2327 συμπαρῆν
400 2291 439 2327 τῷ
452 2291 549 2327 ὁμοίῳ,
567 2291 597 2318 δν
616 2290 759 2325 εὐλογοῦσι
778 2291 854 2324 λαοὶ,
870 2291 918 2318 κα).
929 2291 1015 2326 ὑπερ-
1030 2283 1054 2313 D

225 2335 339 2369 υψοῦσιν
356 2338 397 2368 εἰς
411 2336 516 2368 πάντας
531 2337 595 2368 τοὺς
612 2336 723 2377 αἰῶνας.

267 2383 380 2418 ’Λπορεῖ
407 2384 482 2410 πᾶσα
518 2383 628 2418 γλῶσσα
659 2383 794 2418 εὐφημεῖν
823 2385 891 2420 πρὸς
915 2378 1012 2417 ἀξίαν·

226 2429 332 2464 ἰλιγγιᾷ
343 2428 372 2455 δὲ
383 2429 445 2460 νοῦς
459 2428 506 2456 καὶ
525 2429 712 2464 ὑπερκόσμιος
727 2429 822 2463 ὑμνεῖν
836 2438 876 2462 σε,
890 2429 1014 2457 Θεοτόκε.

225 2475 322 2509 Ὅμως
336 2475 427 2511 ἀγαθὴ
439 2475 612 2511 ὑπάρχουσα,
624 2474 673 2510 τὴν
689 2475 779 2502 πίστιν
794 2475 872 2510 δέχου
888 2484 893 2490 ³
905 2476 1016 2511 καὶγὰρ

224 2520 270 2546 τὸν
286 2519 368 2547 πόθον
387 2518 462 2552 οἶδας
483 2519 529 2546 τὸν
544 2519 635 2546 ἔνθεον
649 2519 738 2555 ἡμῶν.
754 2520 789 2546 Σὺ
811 2520 865 2556 γὰρ
881 2521 1013 2555 Χριστια-

225 2565 278 2592 νῶν
292 2566 310 2601 ἡ
325 2565 487 2601 προστάτις·
505 2565 534 2592 σὲ
553 2565 750 2601 μεγαλύνομεν.

262 2668 354 2700 Δαὸὶδ,
371 2668 476 2704 πάρεσο
496 2668 633 2704 πνεύματι
650 2669 706 2699 τοῖς
728 2668 940 2703 φωτιζομένοις”
959 2668 1016 2694 Νῦν

227 2714 400 2750 προσέλθετε,
415 2713 471 2751 ᾆδε,
485 2715 553 2750 πρὸς
564 2715 640 2748 Θεὸν,
656 2715 685 2742 ὲν
701 2715 793 2742 πίστει
804 2714 891 2747 λέγων
905 2723 911 2729 ·
928 2714 1014 2740 Φωτί-

1053 320 1166 355 spiritus
1179 321 1251 348 roris
1267 321 1383 350 intactos
1397 323 1580 356 conservavit,
1594 323 1735 357 divinique
1751 322 1840 357 angeli

1052 366 1222 393 descensio:
1249 374 1335 400 quare
1362 367 1387 393 in
1414 366 1524 395 ﬂamma
1545 375 1608 396 rore
1635 369 1751 396 recreati
1777 375 1839 394 cum

1053 411 1203 446 gratiarum
1219 412 1327 439 actione
1349 414 1484 440 canebam
1508 423 1515 441 :
1539 414 1768 442 Laudabilissime
1792 422 1839 449 pa-

1054 462 1126 484 trum
1145 457 1258 484 Domine
1274 462 1300 484 ct
1317 458 1396 490 Deus,
1415 459 1574 487 benedictus
1589 467 1628 487 es.

1088 501 1230 536 Tanquam
1259 503 1330 530 cmlo
1359 510 1420 530 cum
1455 507 1578 531 tremore
1603 509 1630 531 et
1659 504 1842 531 admiratione

1054 547 1181 574 astabant
1205 547 1231 574 in
1254 546 1376 575 Jordane
1408 549 1512 576 militiae
1541 549 1700 584 angelorum
1721 555 1844 576 contem-

1054 593 1161 627 plantes
1178 597 1280 620 tantam
1295 593 1340 621 Dei
1353 595 1842 630 condesr-emlentiam,quomodoqui

1056 639 1215 666 moderatur
1225 647 1371 674 supernam
1383 649 1516 676 aquarum
1528 642 1711 669 substantiatu
1726 641 1751 668 in
1764 643 1844 676 aquis

1056 691 1155 718 corpus
1170 689 1280 719 gestans
1300 686 1414 713 steterit.
1427 686 1448 713 Ο
1467 685 1539 713 Deus
1555 692 1661 720 patrum
1672 691 1843 718 nostrorum,

1057 731 1217 758 benedictus
1231 739 1270 758 es.
1343 764 1349 769 ο

1090 775 1183 804 Nubes
1209 777 1348 812 quondam
1372 783 1399 805 et
1423 786 1498 805 mare
1522 778 1608 805 divini
1635 778 1845 813 prmﬁgurabant

1056 822 1232 857 baptismatis
1248 823 1424 856 miraculum,
1441 824 1467 850 in
1484 824 1584 859 quibus
1599 829 1677 852 vetus
1693 824 1845 859 baptizatus

1057 873 1098 896 est
1126 869 1293 896 transeundo
1324 870 1376 897 sub
1403 870 1560 904 legislatore
1591 871 1709 906 populus
1736 879 1742 896 :
1772 877 1846 896 mare

1058 920 1149 942 autem
1166 921 1246 950 typus
1262 921 1321 943 erat
1343 924 1431 951 aqum,
1453 922 1480 944 et
1501 917 1600 944 nebula
1623 916 1765 951 Spiritus;
1784 916 1846 950 qui-

1022 952 1043 980 Β
1059 961 1110 988 bus
1126 962 1237 994 initiati,
1252 962 1429 991 Benedictus
1453 971 1495 996 es,
1517 964 1678 995 clamamus,
1706 964 1777 990 Deus
1798 971 1845 997 pa-

1059 1011 1129 1033 ll'llm
1147 1013 1316 1035 nostrorum.

1094 1054 1235 1088 Quotquot
1263 1061 1359 1081 sumus
1384 1054 1488 1087 fideles,
1516 1055 1542 1081 in
1570 1062 1625 1089 quo
1650 1053 1845 1089 perfectionem

1059 1099 1227 1133 accepimus,
1244 1099 1457 1135 theologizantc's
1470 1101 1575 1135 prolata
1589 1108 1654 1127 voce
1666 1108 1727 1127 cum
1742 1099 1846 1135 angelis

1059 1145 1245 1178 gloriﬁcamus
1259 1145 1379 1179 Patrem,
1397 1146 1494 1173 Filium
1511 1152 1538 1174 ct
1557 1147 1688 1182 Spiritum
1702 1151 1845 1173 sanctum:

1060 1191 1228 1219 tantumdem
1245 1199 1364 1227 namque
1381 1199 1423 1220 est
1437 1192 1569 1225 Trinitas,
1587 1193 1712 1228 personis
1726 1193 1847 1220 consub-

1060 1237 1208 1271 stantialis,
1230 1238 1276 1265 sed
1295 1246 1366 1265 unus
1391 1238 1481 1272 Deus;
1505 1239 1549 1266 cui
1574 1239 1657 1266 etiam
1685 1239 1846 1273 psallimus;

1061 1282 1288 1311 Laudabilissimc
1307 1289 1415 1320 patrum
1442 1284 1553 1313 Domine
1576 1289 1603 1312 et
1627 1284 1708 1318 Deus,
1734 1285 1847 1312 benedi-

1060 1332 1120 1354 ClllS
1135 1335 1175 1356 CS-

1096 1372 1254 1407 Mysterinm
1267 1375 1428 1402 admirabile
1438 1374 1602 1410 Babylonica
1614 1377 1735 1403 ostendit
1748 1376 1846 1403 fornax

1062 1419 1219 1447 scaturicns
1233 1428 1306 1452 rore,
1321 1421 1452 1455 quoniam
1468 1421 1494 1448 iu
1511 1422 1589 1456 aquis
1606 1421 1728 1449 futurum
1744 1426 1804 1449 erat
1818 1427 1848 1448 ut

1062 1465 1273 1492 immaterialem
1291 1466 1380 1501 ignem
1403 1467 1557 1501 susciperet
1573 1467 1712 1500 Jordanis,
1729 1472 1756 1494 ct
1771 1474 1847 1494 com—

1062 1509 1225 1544 plecteretur
1244 1511 1270 1538 in
1293 1519 1376 1539 carne
1388 1512 1558 1547 baptizatum
1573 1513 1744 1546 Creatorem,
1766 1521 1847 1548 quem

1063 1556 1228 1584 benedicuut
1257 1557 1369 1592 populi,
1401 1562 1428 1585 et
1454 1558 1663 1593 superexaltant
1697 1558 1726 1585 in
1755 1558 1848 1586 omnia

1062 1602 1172 1630 saecula.

1098 1646 1209 1682 Depone
1227 1648 1350 1676 timorem
1366 1656 1487 1682 omnem,
1505 1649 1667 1684 Redemptor
1679 1648 1848 1677 Prtecursori

1062 1693 1110 1726 ait,
1128 1694 1249 1728 mihique
1261 1694 1419 1729 obtempera
1434 1705 1441 1722 :
1459 1700 1589 1730 tanquam
1605 1695 1638 1722 ad
1650 1695 1789 1723 Christum
1816 1695 1848 1722 ad

1063 1747 1106 1766 me
1120 1740 1230 1772 accede,
1256 1740 1318 1768 talis
1334 1740 1406 1768 enim
1426 1744 1524 1768 natura
1540 1749 1612 1769 sum.
1630 1741 1689 1769 Meo
1711 1746 1849 1776 praecepto

1062 1787 1137 1819 cede,
1159 1791 1187 1814 et
1210 1787 1316 1821 baptiza
1339 1793 1381 1813 me
1400 1787 1677 1820 condescendentem,
1702 1794 1783 1822 quem
1803 1787 1848 1813 be-

1063 1831 1192 1858 ncdicuut
1215 1831 1318 1866 populi,
1344 1836 1371 1858 et
1387 1833 1602 1866 superexaltant
1629 1833 1656 1858 in
1679 1832 1771 1859 omnia
1797 1839 1845 1859 sa:-

1064 1878 1134 1904 cula.
1338 1897 1341 1900 .

1099 1923 1188 1952 Verba
1209 1928 1238 1950 ut
1252 1923 1356 1951 audivit
1376 1923 1496 1958 Baptista
1511 1923 1628 1955 Domini,
1651 1915 1773 1950 tremens
1790 1930 1849 1950 mav

1064 1977 1129 1996 num
1144 1969 1286 2002 extendit;
1305 1968 1416 1996 dextera
1430 1974 1545 2004 tangens
1567 1969 1747 1997 nihilominus
1768 1973 1850 2004 caput

1064 2016 1169 2044 lictoris
1192 2016 1246 2048 sui,
1274 2016 1413 2050 baptizato
1429 2016 1567 2043 clamabat
1582 2015 1762 2043 :VSanctilica
1787 2023 1850 2048 me;

1065 2067 1092 2090 tu
1106 2063 1179 2090 enim
1191 2070 1221 2090 es
1237 2062 1309 2089 Deus
1325 2069 1403 2089 meus
1419 2069 1499 2096 quem
1523 2061 1689 2089 benedicunt
1704 2061 1808 2097 populi,
1825 2066 1852 2088 et

1065 2108 1270 2144 superexaltant
1284 2107 1311 2135 in
1327 2108 1420 2135 omnia
1436 2107 1546 2135 saecula.

1100 2154 1245 2181 Trinitatis
1261 2154 1450 2181 manifestatio
1466 2154 1492 2181 in
1508 2153 1627 2181 Iordane
1642 2154 1776 2189 contigit;
1795 2155 1852 2182 lucc

1065 2206 1105 2229 est
1119 2201 1194 2228 enim
1215 2200 1306 2228 divina
1329 2205 1436 2228 natura.
1454 2200 1534 2228 Pater
1557 2201 1706 2228 clamavit:
1727 2201 1776 2228 Hic
1804 2201 1853 2236 qui

1066 2248 1241 2282 baptizatur,
1271 2251 1312 2275 est
1339 2246 1427 2274 Filius
1452 2254 1531 2274 meus
1557 2246 1676 2274 dilectus
1699 2255 1706 2273 :
1734 2246 1853 2281 Spiritus

1066 2294 1146 2322 simul
1161 2293 1255 2321 aderat
1269 2300 1319 2320 suo
1332 2292 1465 2327 compari,
1480 2300 1560 2327 queui
1576 2292 1742 2319 benedicunt
1759 2293 1852 2327 populi

1064 2346 1091 2368 et
1103 2340 1310 2375 snperexaltant
1325 2339 1352 2366 in
1366 2339 1458 2366 omnia
1471 2339 1582 2367 saecula.

1099 2386 1192 2414 Nescit
1209 2385 1298 2413 munis
1315 2385 1405 2420 lingua
1418 2385 1558 2420 quontodo
1574 2386 1663 2414 laudet
1675 2394 1725 2422 pro
1737 2386 1852 2414 merito:

1066 2432 1199 2467 vertigine
1217 2431 1322 2458 laborat
1338 2435 1417 2458 mens
1430 2430 1512 2457 etiam
1529 2431 1650 2459 cmlestis
1669 2433 1717 2468 qui
1736 2431 1854 2460 celebret

1067 2484 1103 2511 te,
1121 2486 1137 2506 ο
1160 2478 1285 2512 Dcipara.
1308 2476 1494 2504 Nihilominus
1517 2476 1589 2505 bona
1612 2485 1674 2505 cum
1699 2478 1748 2511 sis,
1773 2478 1853 2506 ﬁdem

1067 2526 1182 2560 accipe:
1200 2524 1271 2552 nosti
1293 2523 1366 2551 enim
1383 2523 1553 2552 desiderium
1576 2528 1700 2552 nostrum
1721 2524 1855 2552 divinitus

1069 2572 1208 2603 afﬂatum;
1224 2575 1252 2597 tu
1264 2570 1364 2605 quippe
1377 2569 1543 2598 Christianis
1559 2574 1686 2604 patrona.
1700 2569 1738 2598 Te
1752 2571 1855 2604 magni-

1069 2619 1192 2646 licamns.

1106 2663 1199 2695 David,
1219 2662 1317 2697 spiritu
1330 2661 1425 2688 adesto
1440 2661 1601 2688 illuminatis
1616 2660 1712 2688 :Nunc
1720 2658 1853 2694 accedite,

1069 2715 1166 2740 canta,
1189 2708 1222 2735 ad
1245 2707 1346 2740 Deam;
1368 2708 1394 2734 in
1424 2707 1474 2734 ﬁde
1498 2707 1592 2734 dicens
1615 2715 1622 2734 :
1651 2706 1854 2736 llluminamini.

866 2819 984 2846 νΑιιιιΕ
1007 2816 1209 2845 LECTIONES.

277 2906 290 2920 υ
308 2901 388 2927 Anth.
403 2900 518 2934 καμίνου
539 2899 616 2935 πυρί.
655 2903 668 2915 ν
684 2897 842 2935 Δηὼ-Θεζς
858 2897 918 2935 τῶνΔ
930 2899 1055 2935 πατέρων
1069 2899 1157 2935 ἡμῶν,
1174 2903 1197 2925 et
1211 2897 1385 2935 tiUCSl_EDi:9‘,‘.
1400 2896 1440 2935 εἴ.
1469 2903 1493 2935 ῆι
1505 2895 1589 2935 autin.
1604 2894 1708 2935 55107..
1720 2890 1756 2926 εἴ,
1772 2892 1858 2927 Κύριε

229 2936 285 2963 ὸΘ.
303 2945 326 2963 τ.
342 2945 369 2962 π.
385 2933 472 2971 ἡμῶν.
513 2939 525 2959 θ’
540 2933 671 2969 chct‘em
696 2934 892 2971 χειραπτοὶσας,
907 2933 987 2960 Anth.
1020 2933 1217 2970 χειραπτῦτας.

1259 2937 1269 2951 ¹
1283 2925 1369 2960 Λιιιιι.’
1379 2932 1427 2967 τῷ.
1467 2932 1480 2946 ³
1497 2931 1581 2959 Anth.
1594 2925 1734 2960 deest-sic.
