2086 3155
188 146 239 177 485

186 246 300 280 πτοήσει
318 255 360 278 σε,
375 248 388 274 ὁ
403 248 505 283 Κύριος
525 249 589 283 ἔφη.
607 250 718 285 Πικρῶς
738 251 889 286 δακρύσας,
902 253 976 287 ὅμως

185 290 258 322 ἔξεις
276 292 401 320 εὺῖλατόν
417 302 462 329 με,
489 294 519 320 ὃν
544 296 620 322 πᾶσα
647 296 737 328 κτίσις
761 297 878 332 εὐλογεῖ,
900 299 976 331 δοξαν

185 336 268 367 ζουσα
286 338 326 368 εἰς
339 339 402 369 τοὺς
417 339 530 371 αἰῶνας.

222 379 277 414 Τὴν
291 382 460 418 τιμιωτέραν
478 384 533 411 τῶν
548 376 699 422 Χερουόὶμ,
725 388 773 414 καὶ
801 388 974 425 ἐνδοξοτέραν

184 424 360 462 ἁσυγκρίτως
375 429 430 455 τῶν
444 430 580 466 Σεραφὶμ,
597 432 647 467 τὴν
659 433 831 469 ἀδιαφθόρως
847 434 913 462 Θεὸν
921 436 974 462 Λό-

184 478 232 503 γον
265 472 411 506 τεκοῦσαν,
446 475 496 510 τὴν
519 476 604 509 ὅντως
630 478 770 512 Θεοτόκον,
794 480 824 506 σὲ
855 481 973 515 μεγαλύ-

183 525 278 551 νομεν.
464 530 466 533 ·

227 562 365 599 Ὀλέθριος
379 567 479 599 σπεῖρα
494 567 650 603 θεοστυγῶν
662 572 899 607 πονηρευομένων,
918 573 974 600 θεο·

184 608 288 635 κτόνων
305 612 451 648 συναγωγὴ
467 613 581 650 ἐπέστη,
601 616 714 651 Χριστὲ,
731 618 784 650 σοὶ,
800 620 846 645 καὶ
864 619 901 651 ὡς
914 620 973 647 ἄδι-

183 663 231 681 κον
245 653 319 682 εἷλκε
334 657 381 683 τὸν
404 658 526 695 Κτίστην
552 661 607 688 τῶν
632 663 770 698 ἁπάντων,
797 665 826 692 ὃν
852 667 971 702 μεγαλύ-

183 710 276 737 νομεν.

218 748 310 784 Νόμον
326 749 488 784 ἀγνοοῦντες
501 753 526 779 οἱ
544 753 664 788 ἀσεϐεῖς,
680 755 770 790 φωνὰς
782 758 930 792 προφητῶν
941 755 978 785 τε

183 793 352 827 μελετῶντες
370 796 509 833 διακενῆς,
531 799 569 831 ὡς
594 801 731 836 πρόϐατον
761 800 851 830 εἷλκόν
879 812 908 830 σε
925 805 970 831 τὸν

182 840 312 867 ἁπάντων
326 843 466 878 Δεσπότην
483 844 583 877 ἀδίκως
611 847 771 882 σφαγιάσαι,
801 849 829 875 ὃν
852 851 971 885 μεγαλύ-

180 894 274 920 νομεν.

217 932 280 964 Τοῖς
297 933 402 962 ἔθνεσιν
423 935 530 963 ἔκδοτον
556 938 604 974 τὴν
632 939 704 975 ζωὴν
725 941 772 975 σὺν
792 943 847 974 τοῖς
877 943 968 978 Γραμ-

182 979 315 1012 ματεῦσιν
338 982 512 1016 ἀναιρεῖσθαι
529 985 554 1010 οι
575 988 679 1021 μιερεῖς
705 987 712 1011 i
738 989 876 1024 παρέσχον
900 991 966 1026 πλη-

179 1024 274 1058 γέντες
295 1027 452 1064 αὑτοφθόνῳ
465 1031 559 1066 κακίᾳ,
584 1031 630 1058 τὸν
656 1033 735 1067 φύσει
767 1034 911 1071 ζωοδότην,
938 1038 966 1063 ὃν

180 1071 370 1108 μεγαλύνομεν

220 1117 394 1146 Ἐκύκλωσαν
408 1120 488 1153 κύνες
502 1121 572 1148 ὡσεὶ
587 1125 688 1156 πολλοὶ,
707 1126 870 1161 ἐκρότησαν,
886 1128 964 1162 ἄναξ,

178 1163 293 1196 σιαγόνα
307 1164 356 1200 σὴν
381 1167 530 1203 ραπισμῷ·
545 1169 661 1204 ἠρώτων
677 1180 717 1203 σε,
750 1172 796 1198 σοῦ
823 1173 852 1199 δὲ
880 1174 964 1210 ψευδῆ

177 1210 415 1245 κατεμαρτύρουν.
446 1213 500 1238 Καὶ
529 1214 618 1241 πάντα
645 1215 809 1250 ὑπομείνας,
841 1218 964 1252 ἅπαντας

177 1255 292 1287 ἔσωσας.

542 1319 581 1346 H'.

374 1361 417 1397 Τῼ
442 1363 583 1400 ment/te
603 1365 766 1402 mentm.

458 1409 492 1436 'Il
505 1410 677 1445 ἀκροστιχίς
690 1421 695 1427 ·

385 1455 537 1482 Σαϐϐαῖον
546 1457 652 1490 μέλπω
662 1457 748 1492 μέγα.

208 1495 373 1532 Συνεσχέθη,
399 1497 455 1524 ἀλλ’
478 1499 508 1525 οὐ
527 1500 680 1536 κατεσχέθη
698 1502 820 1537 στέρνοις
844 1504 961 1539 κητῲοις
997 1512 1005 1518 ⁸

914 154 994 185 HYM
1001 154 1051 185 Ni.

186 200 306 235 εἴρηται,
332 201 379 227 καί
394 209 435 228 σοι
451 202 582 238 παιδίσκη
598 203 642 230 οἵα
660 204 756 231 θᾶττον
784 207 963 241 προσελθοῦσι

1027 213 1056 234 ut
1082 209 1183 236 dictum
1213 216 1273 243 est;

1761 167 1812 200 436

1303 213 1405 248 tibique
1431 216 1518 249 puclla
1553 217 1632 245 unica
1663 219 1818 254 improviso

1028 255 1172 289 accedens,
1193 258 1305 285 terrebit
1329 264 1364 292 te,
1383 261 1451 288 dixit
1470 263 1610 292 Dominus.
1627 265 1728 295 Amare
1747 267 1817 296 ﬂens

1028 299 1209 329 nihilominus
1235 302 1349 332 habebis
1366 304 1446 333 facile
1463 308 1622 341 placabilem
1652 319 1713 343 me,
1732 320 1814 347 quem

1027 346 1119 373 ernnis
1134 352 1261 375 creatura
1284 349 1431 384 benedicit,
1448 353 1605 388 gloriiicans
1619 357 1646 383 iu
1666 359 1779 388 saecula.

1061 391 1255 420 Pretiosiorem
1272 395 1449 430 Cherubinis,
1468 400 1658 434 gloriosiorcm
1675 403 1815 439 incompa-

1025 437 1148 465 rabiliter
1179 439 1359 475 Seraphinis,
1390 444 1546 481 incorrupte
1580 448 1663 480 Deum
1694 437 1812 478 Verbum

1024 483 1145 517 enixam,
1162 485 1294 513 veraciter
1310 486 1466 523 Deiparam,
1485 497 1509 518 te
1525 493 1741 527 magniﬁcamus.

1059 570 1218 600 Perniciosa
1236 578 1345 602 caterva
1361 574 1416 603 Deo
1439 578 1589 606 invisorum
1610 582 1742 615 sontium,
1755 584 1813 612 dei-

1024 617 1148 645 eidarum
1167 618 1309 655 Synagoga
1325 622 1423 655 astitit,
1433 623 1552 658 Christe,
1567 626 1627 659 tibi,
1639 632 1665 654 et
1680 631 1811 663 tanquam

1024 663 1149 699 iniquum
1167 667 1249 694 traxit
1266 673 1420 697 creatorem
1444 673 1580 707 omnium,
1599 682 1680 709 quem
1705 678 1812 713 magni-

1022 709 1145 738 ﬂeamus.

1057 755 1156 790 Legem
1174 757 1329 787 nescientes
1351 760 1438 796 impii,
1458 764 1708 802 prophetarumque
1730 776 1811 797 voces

1022 801 1186 829 meditantes
1209 803 1336 839 inaniter,
1351 814 1401 834 ceu
1423 816 1502 836 ovem
1519 814 1626 839 traxere
1642 801 1671 840 te
1688 815 1810 842 omnium

1023 845 1168 874 Dominum
1193 849 1295 884 injuste
1311 853 1344 878 ad
1369 854 1562 889 occidendum,
1587 865 1668 892 quem
1686 862 1808 895 magniﬁ-

986 884 1006 911 Β
1022 898 1128 919 Canius.

1055 937 1188 967 Gentibus
1204 942 1332 970 traditam
1352 944 1434 972 vitam
1451 953 1511 973 cum
1531 947 1648 985 Scribis.
1664 955 1694 978 ut
1707 951 1810 979 interii-

1018 989 1137 1017 ceretur,
1163 988 1322 1016 sacerdotes
1349 991 1538 1026 prodiderunt,
1565 996 1679 1023 saueiati
1705 998 1808 1024 malitia

1019 1029 1120 1057 nullam
1148 1032 1256 1061 invidia:
1275 1043 1386 1063 causam
1409 1038 1542 1072 Ιιιιὶ›ι·ιιιι·;
1571 1050 1651 1074 cum,
1676 1043 1807 1078 inquam,

1017 1076 1063 1110 qui
1082 1083 1180 1105 natura
1196 1080 1256 1108 vita:
1278 1087 1375 1110 auctor
1391 1090 1442 1117 cst,
1459 1093 1539 1120 quem
1553 1089 1771 1122 magnificentius.

1052 1123 1309 1160 Circumdederunt,
1331 1134 1461 1164 tanquam
1486 1140 1568 1160 canes
1590 1135 1676 1167 multi,
1701 1137 1808 1163 cecide-

1018 1173 1091 1200 runt,
1109 1176 1126 1196 ο
1149 1177 1206 1203 rex,
1231 1180 1327 1206 genam
1348 1178 1420 1201 tuam
1445 1177 1579 1212 colapho;
1604 1180 1808 1215 interrogartu.t

1017 1217 1052 1245 te,
1073 1218 1098 1241 et
1115 1221 1210 1242 contra
1227 1221 1251 1243 te
1267 1217 1333 1245 falsa
1346 1220 1504 1249 testimonia
1521 1224 1659 1253 dixerunt.
1679 1225 1731 1254 Sed
1747 1235 1809 1254 om-

1017 1258 1060 1285 nia
1077 1260 1231 1293 sustinens,
1249 1263 1392 1292 universos
1408 1267 1533 1295 salvasti.

1378 1322 1443 1351 Vill.

1208 1365 1275 1394 PRO
1295 1368 1416 1402 MAGNO
1437 1371 1544 1399 SABBA
1550 1373 1606 1401 ΤΟ.

1317 1414 1481 1444 Acruslic/tt's
1494 1425 1503 1444 :

1208 1457 1357 1486 Subbatum
1377 1467 1456 1489 canto
1475 1472 1608 1500 magnum.

1048 1500 1214 1533 Contentus,
1231 1509 1258 1531 at
1277 1512 1330 1532 non
1347 1500 1472 1536 retentus
1487 1516 1528 1537 est
1545 1514 1703 1546 pectoribus
1721 1517 1804 1545 ceteis

179 1541 269 1573 Ἰωνᾶς
279 1549 286 1556 ’
307 1542 353 1568 σοῦ
373 1543 426 1578 γὰρ
441 1544 487 1570 τὸν
502 1544 587 1571 τύπον
602 1546 693 1581 φέρων
708 1548 753 1574 τοῦ
770 1549 902 1581 παθόντος
914 1552 960 1577 καὶ

1013 1544 1097 1573 Jonas
1114 1555 1120 1573 :
1139 1549 1176 1574 tui
1204 1550 1277 1576 enim
1302 1556 1395 1586 typum
1421 1553 1510 1583 l'vrens
1535 1558 1581 1591 qui
1608 1567 1704 1593 passus
1723 1570 1753 1589 es
1777 1569 1804 1590 et

171 1589 243 1623 ταφῇ
257 1588 391 1621 δοθέντος,
412 1589 450 1622 ὡς
467 1591 499 1617 ἐκ
515 1590 650 1627 θαλάμου,
664 1593 710 1619 τοῦ
730 1594 812 1629 θηρὸς
832 1596 957 1631 ἁνέθορε,

171 1634 344 1668 προσεφώνει
361 1635 389 1661 δὲ
407 1637 438 1670 τῇ
457 1638 626 1674 κουστωδῖᾳο
639 1639 670 1664 Οἱ
691 1640 891 1676 φυλασσόμενοι
908 1643 959 1677 μά-

172 1687 234 1705 ταια
251 1681 298 1707 καὶ
314 1680 409 1716 ψευδῆ,
432 1682 506 1709 ἔλεον
522 1684 602 1710 αὑτὸν
620 1686 817 1719 ὲγκατελίπατε
841 1688 863 1714 ιι.

211 1772 368 1808 Ἀπιῃρέοης,
383 1773 443 1800 ἀλλ’
459 1775 489 1801 οὐ
514 1775 651 1812 διῃρέθης,
675 1779 756 1812 Λόγε,
775 1777 808 1814 ἦς
827 1781 958 1816 μετέσχες

170 1819 281 1852 σαρκός.
309 1819 338 1845 Et
368 1820 422 1855 γὰρ
450 1822 495 1847 καὶ
520 1821 628 1850 λέλυταί
657 1832 703 1851 σου
730 1825 744 1850 ὁ
776 1826 838 1858 ναὸς
867 1828 895 1853 ἐν
920 1828 958 1862 τῷ

169 1863 258 1898 καιρῷ
277 1865 323 1890 τοῦ
347 1866 460 1899 πάθους,
477 1868 545 1895 ἀλλὰ
561 1870 606 1895 καὶ
623 1870 694 1896 οὕτω
718 1872 766 1906 μία
787 1870 819 1907 ἦν
837 1873 958 1900 ὑπόστα-

169 1916 210 1938 σις
228 1908 278 1942 τῆς
301 1909 427 1945 Θεότητος
445 1913 492 1939 καὶ
507 1914 556 1947 τῆς
573 1916 675 1949 σαρκός
695 1925 751 1943 σου.
778 1917 820 1944 Ἐν
836 1919 958 1953 ἀμφοτέ-

167 1961 224 1986 ροις
235 1954 287 1989 γὰρ
303 1953 344 1987 εἷς
355 1957 487 1992 ὑπάρχεις
501 1959 572 1992 Υἱὸς,
586 1961 672 1995 Λόγος
683 1961 730 1988 τοῦ
742 1963 821 1995 Θεοῦ,
835 1964 900 1995 Θεὸς
910 1965 958 1991 καὶ

167 2000 321 2036 ἅνθρωπος.

202 2047 394 2081 Βροτοκτόνον,
417 2050 476 2077 ἀλλ’
491 2051 520 2078 οὐ
542 2052 687 2080 Θεοκτόνον
709 2056 759 2090 ἔφυ
784 2056 813 2083 τὸ
832 2059 956 2094 πταῖσμα

165 2092 211 2118 τοῦ
235 2092 329 2128 Ἀδάμ.
354 2095 385 2121 Εἰ
406 2096 460 2131 γὰρ
482 2099 529 2124 καὶ
556 2099 673 2126 πέπονθέ
697 2110 742 2127 σου
759 2103 808 2137 τῆς
825 2092 955 2141 σαρκὸς-ἡ

165 2138 245 2173 χοῑκὴ
271 2140 360 2172 οὐσία,
386 2142 443 2168 ἀλλ’
466 2143 481 2178 ή
510 2143 605 2180 θεότης
630 2147 736 2183 ἀπαθὴς
763 2138 890 2184 διέμεινε.
919 2153 956 2178 Τὸ

165 2183 285 2219 ψθαρτὸν
296 2185 325 2212 δέ
343 2195 390 2213 σου
404 2190 472 2224 πρὸς
485 2190 640 2226 ἀφθαρσίαν
659 2187 894 2230 μετεστοιχείωσε,
908 2199 954 2224 καὶ

163 2229 305 2264 ἀφθάρτου
322 2230 394 2267 ζωῆς
410 2233 495 2266 ἔδειξε
515 2234 522 2253 1
541 2237 630 2272 πηγὴν
651 2238 680 2270 ἐξ
695 2239 881 2273 ἀναστάσεως.

199 2317 353 2351 Βασιλεύει,
371 2321 429 2348 ἀλλ’
442 2323 491 2350 οὐκ
508 2325 630 2357 αἰωνίζει
646 2327 712 2363 ᾅδης
730 2329 777 2355 τοῦ
793 2331 887 2364 γένους
901 2333 954 2359 τῶν

163 2361 277 2397 βροτῶν.
297 2365 333 2392 Σὺ
355 2367 408 2402 γὰρ
422 2368 511 2401 τεθεὶς
534 2371 562 2396 ὲν
579 2361 667 2407 rigato,
688 2361 807 2411 κραταιᾷ
825 2381 844 2394 σι
865 2361 955 2414 (iunp-

161 2410 226 2445 χικῇ
245 2411 359 2448 παλάμῃ
375 2414 408 2440 τὰ
424 2414 472 2441 τοῦ
492 2415 608 2445 θανάτου
624 2419 736 2455 κλεῖθρα
754 2410 950 2459 διεσπάραξας,

161 2456 209 2482 καὶ
242 2457 381 2492 ὲκήρυξας
410 2463 467 2493 τοῖς
495 2463 543 2489 ἀπ’
574 2465 672 2497 αἰῶνος
706 2468 764 2493 ἐκεῖ
788 2469 951 2499 καθεύδουσι

159 2501 296 2536 λύτρωσιν
323 2505 438 2541 arguas,
462 2508 564 2545 Σῶτερ,
582 2512 704 2545 γεγονὼς
724 2514 829 2549 νεκρῶν
844 2518 952 2551 πρωτό-

158 2554 247 2580 τοκος.

196 2595 353 2630 Ἀφραστον
371 2597 480 2633 θαῦμαῐ
506 2601 534 2628 Ὀ
551 2604 580 2628 ἐν
599 2604 707 2640 καμίνῳ
723 2607 875 2641 ῥυσάμενος
886 2610 949 2642 τοὺς

158 2638 248 2671 ὁσίους
274 2642 373 2673 παῖδας
395 2646 426 2671 ἐκ
450 2646 559 2680 φλογὸς,
582 2649 610 2675 ἐν
633 2650 710 2686 τάφῳ
729 2654 824 2687 νεκρὸς
847 2655 948 2688 ἄπνους

157 2687 348 2722 κατατίθεται,
364 2691 405 2720 εἷς
420 2694 557 2728 σωτηρίαν
572 2695 652 2730 ἡμῶν
667 2697 721 2724 τῶν
745 2700 947 2736 μελῳδούντων·

157 2731 289 2766 Λυτρωτὰ
303 2735 318 2760 6
333 2735 409 2770 Θεὸς,
426 2738 572 2775 εὐλογητὸς
588 2740 622 2769 εἴ.

1011 1593 1160 1626 sepulturzc
1176 1595 1267 1628 datus,
1287 1602 1418 1632 tanquam
1435 1609 1466 1627 ea
1485 1602 1615 1636 thalamo,
1642 1614 1656 1633 ιι
1681 1612 1739 1634 crto
1755 1616 1804 1636 ex-

1012 1637 1096 1669 siliit,
1123 1639 1368 1677 alloquebaturque
1399 1648 1552 1675 custodiam
1572 1658 1578 1675 :
1601 1650 1655 1684 Qui
1672 1655 1802 1683 excubias

1010 1683 1090 1717 agitis
1112 1693 1180 1713 vane
1200 1692 1227 1713 ct
1251 1689 1437 1725 mendaciter,
1466 1694 1685 1726 misericordiam
1713 1701 1801 1732 ipsam

1009 1729 1184 1759 deseruistis.

1045 1775 1186 1810 Occisum,
1199 1784 1226 1806 at
1238 1788 1291 1808 non
1305 1781 1443 1813 divulsum
1457 1795 1496 1818 es.
1513 1796 1528 1815 ο
1542 1788 1673 1823 Verbum.
1688 1801 1702 1820 a
1716 1801 1800 1823 carne

1010 1822 1052 1847 cui
1066 1823 1251 1858 pot'ticipasti.
1268 1826 1402 1859 Quamvis
1412 1833 1486 1860 enim
1499 1835 1619 1863 solutqu
1636 1837 1719 1866 fuerit
1732 1830 1800 1868 teut—

1009 1867 1082 1902 plum
1103 1873 1179 1896 tuum
1198 1876 1319 1906 tempore
1338 1878 1492 1911 passionis,
1511 1880 1691 1911 nihilominus
1707 1889 1797 1913 tamen

1010 1922 1062 1941 una
1079 1921 1138 1942 erat
1156 1916 1311 1951 bypostasis
1339 1921 1493 1952 divinitatis
1518 1931 1542 1954 et
1571 1932 1662 1957 carnis
1686 1935 1746 1959 tuae.
1770 1932 1797 1960 lu

1009 1965 1125 1996 utraque
1147 1963 1220 1989 enim
1238 1965 1336 1994 unicus
1352 1975 1381 1996 es
1400 1969 1497 2004 Filius,
1515 1971 1634 2001 Verbum
1654 1975 1711 2010 Dei,
1728 1978 1798 2007 Deus

1007 2012 1033 2034 et
1055 2009 1148 2037 homo.

1045 2055 1210 2093 Homicida,
1231 2066 1256 2088 at
1281 2069 1334 2088 non
1362 2061 1472 2090 Deieida
1499 2065 1550 2094 fuit
1572 2067 1667 2103 lapsus
1689 2071 1797 2100 Adami.

1008 2101 1064 2129 Etsi
1082 2105 1155 2132 enim
1171 2114 1252 2140 passa
1269 2113 1312 2135 est
1328 2112 1382 2135 ture
1398 2111 1491 2138 carnis
1507 2117 1613 2141 terrena
1629 2117 1797 2149 Substantia,

1006 2148 1137 2178 divinitas
1163 2156 1253 2180 tamen
1272 2154 1451 2189 impassihilis
1472 2161 1634 2192 permansit.
1652 2163 1798 2200 Corrupti-

1009 2195 1060 2223 bilc
1083 2203 1174 2226 autem
1201 2206 1278 2228 tuutn
1305 2203 1339 2230 ad
1367 2203 1603 2241 incorruptionem
1629 2215 1798 2240 transmuta-

1008 2243 1054 2275 vit,
1074 2243 1297 2283 incort'uptthuc
1314 2249 1375 2277 vita:
1394 2254 1514 2280 ostendit
1531 2254 1635 2282 fontem
1655 2265 1687 2284 ex
1703 2265 1796 2286 resur-

1006 2289 1136 2317 rectione.

1042 2334 1158 2370 Regnat,
1176 2342 1202 2365 at
1219 2347 1272 2366 non
1291 2348 1424 2375 perennat
1438 2343 1527 2371 Orcus
1544 2346 1570 2372 in
1589 2347 1730 2375 hominum
1748 2357 1795 2384 ge-

1004 2387 1079 2408 nere.
1097 2381 1136 2408 Tu
1158 2383 1230 2410 enim
1253 2384 1279 2410 in
1303 2387 1428 2420 sepulcro
1452 2390 1570 2423 positus,
1590 2397 1702 2426 potente
1718 2394 1794 2421 viue-

1005 2435 1058 2461 que
1076 2428 1258 2468 dmninalrice
1274 2440 1355 2473 manu
1375 2436 1472 2462 mortis
1489 2437 1610 2464 claustra
1627 2439 1793 2473 dilaccrasti,

1005 2479 1031 2499 et
1045 2475 1201 2508 praedicam
1220 2477 1264 2510 iis,
1278 2469 1322 2512 qui
1337 2487 1350 2505 a
1362 2481 1461 2508 steculo
1474 2482 1510 2508 ibi
1527 2484 1669 2519 sedebant,
1687 2487 1794 2513 redem-

1004 2520 1125 2553 ptionem
1139 2522 1320 2556 verissimam,
1333 2532 1348 2551 o
1365 2524 1501 2559 Salvator,
1515 2527 1606 2557 factus
1619 2535 1792 2560 mortuorum

1004 2566 1211 2602 primogenitus.

1041 2612 1229 2642 lnenarrahilc
1244 2617 1414 2653 prodigium!
1432 2619 1482 2652 Qui
1500 2620 1526 2647 in
1545 2621 1654 2651 fornace
1668 2623 1791 2652 liberavit

1004 2663 1115 2687 sanctos
1132 2667 1233 2694 pueros
1250 2671 1263 2689 ιι
1279 2662 1398 2698 ﬂamma,
1416 2666 1441 2691 in
1457 2667 1583 2701 sepulcro
1600 2673 1725 2696 mortuus
1742 2678 1791 2698 nec

1002 2705 1111 2736 spirans
1126 2706 1274 2740 deponitur
1289 2717 1338 2743 pro
1354 2711 1444 2738 salute
1461 2717 1565 2746 nostra,
1583 2714 1629 2748 qui
1647 2714 1789 2743 canimus:

1003 2751 1171 2788 Redemptor
1189 2755 1271 2790 Deus,
1289 2757 1451 2786 benedictus
1467 2768 1506 2787 es.

798 2812 839 2841 VA
847 2814 916 2843 BHE
934 2817 1136 2848 LECTIONES.

195 2864 201 2882 ¹
221 2865 313 2895 Triod.
332 2871 426 2905 ἱερεῖς.
474 2874 486 2893 Ιί
504 2874 597 2904 Triod.
615 2878 690 2912 ἔλεος
706 2882 799 2910 αὐτῶν
815 2885 1021 2918 ἐγκατελίπετε,
1065 2889 1072 2908 ¹
1091 2890 1136 2918 Τι’.
1159 2892 1272 2927 ἔδειξας.
1312 2899 1330 2910 ¹¹¹
1354 2895 1398 2923 Τι’.
1423 2898 1547 2932 κραταιέ.
