2086 3155
260 171 307 203 491

881 177 1011 207 costum
1030 158 1239 208 HIEROSOL.‘

1841 178 1895 211 492

265 227 352 260 gnem
365 227 391 255 iu
409 235 500 255 rorem
514 233 720 261 converterunt,
734 235 814 257 eaulu
831 231 872 258 sic
886 232 1052 260 clamantes:

1110 234 1135 260 τὸ
1147 234 1203 270 πῦρ
1221 235 1261 266 είς
1275 233 1370 269 δρόσον
1385 235 1544 270 μετέϐαλον,
1556 235 1599 263 διὰ
1612 234 1661 271 τῆς
1678 234 1814 270 ὖμνῳδίας
1823 235 1897 262 οὕτω

261 273 425 300 Benedictus
440 281 481 306 es,
499 273 625 307 Domine,
647 274 719 302 Deus
739 280 847 310 patrum
863 282 1031 305 nostrorum.

298 360 496 394 Eloquentibus
511 360 604 388 divina
616 362 750 396 magnalia
765 364 910 398 apostolis,
928 364 1049 400 Spiritus

261 414 322 442 qum
331 411 391 434 erat
404 406 492 434 virtus
507 408 685 441 repulabatur
696 408 816 436 ebrietas
828 410 862 436 ab
876 409 1031 439 inﬁdelibus
1043 431 1050 444 ,

262 460 310 486 per
325 459 407 486 quam
424 451 549 480 Trinitas
563 453 764 488 praedicabatur
778 462 850 482 unus
863 455 933 483 Deus
943 461 1051 490 patrum

263 504 434 525 nostrorum.

298 543 469 571 lndividuam
486 549 611 572 naturam
627 545 777 573 orthodoxe
789 546 950 579 laudamus,
966 547 1051 575 Deum

263 588 372 616 Patrem
393 589 453 616 sine
469 590 615 625 principio,
634 590 756 626 ejusdem
780 588 913 626 potentiae
936 591 1053 621 Verbum

265 635 467 670 Spiritumque,
484 635 648 663 Benedictus
665 643 706 669 es,
726 637 890 670 clamantes,
915 637 985 666 Deus
1004 646 1053 674 pa-

265 686 336 708 trum
352 687 522 709 nostrorum.

299 724 495 752 lncomlmst’ns
510 724 570 759 igne
588 725 614 752 in
636 725 701 753 Sina
718 726 818 759 rubus,
834 728 912 761 quasi
927 729 1055 756 sermoci-

265 769 357 796 nando
384 769 468 796 Deum
498 774 593 796 notum
621 770 686 798 fecit
711 771 918 806 tardiloquo-et
945 773 1054 802 ditlicile

265 815 348 841 verba
367 815 516 849 proter-emi
542 814 647 850 Moysi;
673 821 701 843 et
716 824 817 850 pueros
837 817 912 844 zelus
929 817 976 845 Dei
997 826 1053 846 non

266 861 428 895 absumptos
451 860 513 895 igne
538 865 694 889 cantatores
709 862 799 889 effecit
819 871 826 889 :
847 862 946 890 Omnia
971 871 1054 898 opera

268 905 376 932 Domini
394 905 537 932 Dominum
553 905 672 939 laudate,
693 911 720 934 et
735 908 937 942 superexaltate
953 908 979 935 in
994 916 1055 936 om-
1072 909 1092 936 Β

267 952 311 978 nia
332 951 443 978 sarcula.

304 997 417 1024 Vivilieo
430 997 549 1032 desuper
565 998 719 1026 vehementi
731 1000 857 1028 veniente
869 1008 930 1029 cum
942 1002 1057 1037 strepitu

267 1041 386 1076 Spiritus
400 1042 568 1069 sanctissimi
583 1051 666 1078 super
678 1043 827 1078 piscatores
837 1045 901 1072 ﬂatu
916 1045 1057 1080 ignearum

266 1089 358 1122 specie
375 1088 543 1122 linguarum,
558 1089 697 1123 magnalia
709 1089 755 1116 Dei
772 1090 956 1125 loquebantur
973 1100 980 1117 z
994 1092 1058 1118 0m-

266 1134 311 1160 nia
327 1141 410 1168 opera
429 1133 548 1166 Domini,
562 1134 708 1162 Dominum
724 1135 844 1168 laudate,
859 1141 885 1164 et
901 1137 1058 1172 superexal-

267 1184 322 1207 tate
338 1180 365 1206 in
381 1179 474 1206 omnia
494 1179 604 1207 sarcula.

303 1224 447 1258 'l'auquatn
466 1224 600 1251 intactum
617 1226 799 1252 ascendentes
813 1227 840 1252 in
856 1230 985 1259 montem,
1004 1235 1058 1254 non

267 1271 345 1298 veriti
363 1271 452 1305 ignem
471 1270 634 1303 terrilicu‘m,
652 1271 744 1298 venite
756 1275 783 1298 et
799 1276 903 1299 stemus
926 1272 952 1299 in
969 1278 1061 1300 monte

273 1316 352 1348 Sion,
369 1316 397 1342 in
417 1316 528 1343 civitate
540 1315 657 1343 viventis
674 1316 732 1349 Dei,
749 1323 810 1344 cum
832 1317 934 1352 Spiritu
949 1319 1060 1352 repletis

268 1361 410 1396 discipulis
428 1369 499 1388 nunc
510 1361 624 1388 choreas
644 1366 753 1396 agentes
768 1371 775 1388 :
792 1361 891 1389 Omnia
903 1371 985 1398 opera
1005 1363 1060 1391 Βο-

269 1407 347 1439 mini,
365 1405 512 1433 Dominum
525 1406 647 1439 laudate,
666 1410 692 1434 et
706 1407 909 1442 superexaltate
928 1409 953 1435 in
969 1409 1060 1436 omnia

269 1453 381 1480 saecula.

310 1498 332 1525 Ο
349 1506 400 1526 non
423 1506 472 1534 per
488 1498 675 1533 corruptionis
688 1499 885 1534 experientiam
907 1499 1060 1534 gravidata,

270 1545 449 1579 omniumque
469 1544 567 1571 artitici
588 1543 678 1571 Verbo
692 1552 803 1572 carnem
822 1548 956 1577 rnntuata,
973 1549 1061 1571 mater

270 1593 359 1619 virum
394 1592 531 1623 nesciens,
547 1590 631 1626 Virgo
665 1591 792 1626 Deipara,
817 1591 968 1626 hospitium
1001 1591 1060 1626 ejus

271 1638 315 1673 qui
342 1637 447 1672 portari
476 1638 582 1672 nequit,
610 1639 687 1664 locus
711 1637 810 1664 inﬁniti
836 1637 940 1665 tictoris
965 1637 1017 1670 tui,
1037 1642 1062 1665 te

272 1683 494 1719 magnificamus.

308 1730 335 1756 ln
353 1734 487 1756 mstunnle
503 1728 569 1755 olim
586 1729 666 1763 igneo
679 1736 759 1756 curru
776 1731 878 1757 zelotes
892 1729 938 1757 ille
954 1729 1062 1765 ignem-

272 1783 326 1811 que
341 1776 448 1810 spirans
465 1775 543 1802 laetus
558 1775 622 1801 dum
639 1774 795 1808 veheretur,
814 1782 875 1810 quae
895 1782 969 1802 nunc
984 1775 1063 1802 ctl'ul-

273 1823 309 1850 sit
329 1822 536 1856 inspirationem
556 1821 697 1849 indicabat
711 1829 744 1849 ex
765 1822 820 1848 alto
841 1822 990 1856 apostolis,
1009 1829 1064 1857 qua

273 1868 403 1895 illustrati
420 1867 582 1894 Trinitatem
600 1868 730 1895 omnibus
749 1872 841 1895 notam
855 1867 990 1895 fecerunt.
1024 1901 1030 1905 γ

308 1957 418 1984 Naturae
441 1965 523 1992 supra
549 1957 622 1992 leges
644 1957 780 1992 stupenda
808 1964 852 1984 res
879 1956 1063 1984 audiebatur:

274 2003 416 2037 discipulis
444 2011 562 2038 namque
593 2011 648 2030 una
673 2011 740 2030 voce
778 2002 921 2030 informati
948 2001 1066 2036 Spiritus

275 2057 398 2080 munere.
420 2049 603 2076 dirersimodc
619 2049 789 2076 docebantur
807 2047 911 2082 populi,
930 2047 1018 2074 tribus
1039 2051 1067 2074 et

275 2096 375 2130 lingua:
394 2096 529 2130 magnalia
553 2095 615 2127 Dei,
634 2094 778 2122 Trinitatis
793 2093 892 2121 notitia
907 2093 1025 2133 imbutiL

652 2194 686 2222 Χ.

1103 279 1216 314 βοῶντες
1226 288 1233 294 ·
1250 279 1401 316 Εὐλογητὸς
1418 279 1453 314 εί,
1469 282 1567 317 Κύριε,
1584 283 1598 309 ὁ
1611 281 1678 313 Θεὸς
1692 281 1746 308 τῶν
1770 282 1895 316 πατέρων

1102 323 1192 359 ἡμῶν.

1143 370 1358 406 Ῥητορευόντων
1377 371 1411 398 τὰ
1427 371 1486 397 θεῖα
1501 372 1630 406 μεγαλεια
1653 371 1707 398 τῶν
1724 371 1894 403 ἀποστόλων,

1102 415 1149 442 τοῦ
1165 416 1324 451 Πνεύματος
1342 418 1359 452 ἡ
1373 417 1497 453 ἐνέργεια
1513 417 1653 452 ἐνομίζετο
1671 417 1739 452 μέθη
1758 415 1815 448 τοῖς
1830 417 1896 443 ἁπι-

1105 461 1208 494 στοῦσι,
1223 462 1256 488 δι¹
1268 460 1301 498 ἧς
1316 463 1400 498 Τριὰς
1415 463 1590 498 ἐκηρύττετο,
1604 463 1618 489 ὁ
1632 462 1699 494 Θεὸς
1711 467 1726 487 1
1741 461 1795 489 τῶν
1810 463 1895 488 ποιτέ-

1107 516 1161 542 ρων
1177 507 1265 543 ἡμῶν.

1141 553 1197 588 Τὴν
1218 553 1370 588 ἀδιαίρετον
1391 553 1472 588 φύσιν
1489 557 1500 571 ²
1516 553 1665 588 ὀρθοδόξως
1679 547 1893 588 ὑμνολογοῦμεν,

1103 599 1169 626 Θεὸν
1190 599 1300 634 Πατέρα
1322 599 1369 625 τὸν
1385 599 1514 634 ἄναρχον,
1529 601 1580 634 τῆς
1600 599 1687 634 αὐτῆς
1702 599 1828 633 ἐξουσίας
1843 600 1896 627 Λό-

1102 654 1162 679 γον,
1173 646 1219 672 καὶ
1229 645 1352 680 Πνεῦμα·
1364 645 1515 681 Εὐλογητὸς
1524 644 1558 679 εἷ,
1571 645 1728 681 κράζοντες,
1737 648 1751 674 ό
1765 646 1831 678 Θεὸς
1841 646 1896 673 τῶν

1103 691 1231 726 πατέρων
1248 691 1337 726 ἡμῶν.

1141 737 1293 771 ’Δφλεκτος
1303 736 1370 772 πυρὶ
1381 738 1410 764 ὲν
1422 737 1487 772 Σινᾷ
1509 737 1713 773 προσομιλοῦσα
1724 737 1815 772 βάτος,
1828 736 1896 763 Θεὸν

1110 781 1243 817 ἐγνώρισε
1259 781 1298 817 τῷ
1321 781 1522 817 βραόυγλώσσῳ
1536 783 1584 810 καὶ
1604 783 1713 817 δυσήχῳ
1735 783 1832 818 Μωσῇ,
1850 782 1898 808 καὶ

1105 828 1204 859 παῖδας
1226 827 1306 863 ζῆλος
1321 828 1389 855 Θεοῦ
1404 830 1467 861 τοὺς
1481 835 1494 850 ι
1507 829 1661 861 ἀναλώτους
1677 829 1716 864 τῷ
1740 830 1806 864 πυρὶ
1830 830 1898 864 ὕμν-

1104 867 1310 908 ῳδοὺςνέδειξε·
1322 874 1415 902 Πάντα
1434 875 1467 901 τὰ
1493 875 1571 910 ἔργα,
1586 875 1695 909 ὑμνεῖτε
1716 875 1761 901 τὸν
1784 875 1896 910 Κύριον,

1110 919 1157 946 καὶ
1169 919 1182 938 1³
1197 918 1371 954 ὑπερυψοῦτε
1384 920 1426 951 είς
1442 919 1546 952 πάντας
1562 920 1625 951 τοὺς
1639 919 1750 950 αἰῶνας.

1143 1008 1267 1043 Ζωτικῆς
1283 1007 1313 1040 ἐξ
1325 1007 1409 1043 ὕψους
1426 1007 1515 1043 βιαίας
1529 1006 1683 1043 φερομένης
1702 1007 1840 1042 ήχητικῶς
1852 1007 1899 1033 τοῦ

1108 1053 1267 1088 Πνεύματος
1282 1053 1329 1080 τοῦ
1343 1053 1477 1088 παναγίου
1491 1053 1597 1080 ἁλιεῦσι
1612 1052 1707 1087 πνοῆς,
1724 1052 1844 1087 πυρίνων
1860 1052 1900 1078 εῐ-

1109 1099 1149 1125 δει
1169 1104 1180 1118 ι
1200 1099 1341 1133 γλωσσῶν,
1359 1099 1393 1125 τὰ
1410 1099 1543 1134 μεγαλεῖα
1557 1098 1604 1125 τοῦ
1619 1098 1686 1125 Θεοῦ
1701 1098 1899 1134 ἐρῤητόρευον·

1109 1144 1202 1172 Πάντα
1215 1145 1248 1171 τά
1261 1144 1341 1180 ἔργα,
1358 1145 1469 1180 ὑμνεῖτε
1482 1145 1526 1172 τὸν
1542 1144 1655 1179 Κύριον,
1670 1144 1717 1171 καὶ
1728 1143 1901 1180 ὑπερυψοῦτε

1109 1190 1150 1221 είς
1169 1189 1274 1221 πάντας
1288 1190 1352 1221 τοὺς
1368 1189 1477 1221 αἰῶνας.

1150 1235 1195 1267 Ὠς
1212 1236 1249 1271 μὴ
1265 1235 1400 1271 θιγομένῳ
1425 1234 1637 1270 προσϐαίνοντες
1654 1234 1683 1260 ἐν
1706 1233 1765 1268 ὄρει
1788 1233 1826 1268 μὴ
1850 1241 1900 1259 πε-

1111 1281 1238 1315 φρικότες
1263 1279 1318 1316 πῦρ
1340 1280 1498 1315 δειματοῦν,
1515 1279 1592 1305 δεῦτε
1618 1280 1665 1305 καὶ
1681 1277 1789 1313 στῶμεν
1812 1279 1841 1304 ἐν
1864 1277 1903 1312 τῷ

1110 1326 1170 1361 ὄρει
1189 1326 1267 1358 Σιὼν,
1287 1326 1314 1352 ἐν
1339 1326 1416 1352 πόλει
1439 1325 1539 1358 ζῶντος
1563 1324 1643 1357 Θεοῦ,
1667 1324 1903 1359 πνευματοφόροις

1113 1371 1247 1407 μαθηταῖς
1271 1371 1318 1399 νῦν
1346 1371 1574 1406 συγχορεύοντες·
1589 1371 1682 1397 Πάντα
1706 1371 1739 1397 τὰ
1754 1370 1834 1405 ἔργα,
1857 1370 1903 1396 τὸν

1112 1416 1214 1451 Κύριον
1240 1416 1363 1451 ὑμνεῖτε,
1388 1416 1435 1443 καὶ
1463 1415 1634 1451 ὑπερνψοῦτε
1658 1417 1697 1447 εἰς
1723 1416 1825 1446 πάντας
1840 1416 1903 1446 τοὺς

1112 1462 1225 1493 αἰῶνας.

1148 1508 1195 1543 Μὴ
1220 1507 1269 1542 τῆς
1294 1507 1398 1542 φθορᾶς
1423 1506 1551 1542 διαπείρᾳ
1576 1505 1589 1526 τι
1618 1507 1829 1541 κυοφορήσασα,
1852 1507 1900 1533 καὶ

1074 1570 1095 1598 c
1113 1553 1311 1587 παντεχνήμονι
1323 1553 1401 1588 Λόγῳ
1413 1551 1502 1587 σάρκα
1517 1551 1674 1583 δανείσασα,
1698 1551 1787 1587 μῆτερ
1806 1551 1904 1586 ἀπείρ-

1114 1597 1213 1633 ανδρε,
1250 1597 1373 1632 Παρθένε
1400 1597 1533 1630 Θεοτόκε,
1560 1597 1662 1631 δοχεῖον
1688 1596 1736 1623 τοῦ
1760 1597 1903 1628 dici-textos,

1112 1643 1210 1678 χωρίον
1228 1643 1274 1670 τοῦ
1291 1643 1404 1677 ἀπείρου
1430 1643 1619 1678 πλαστουργοῦ
1641 1650 1699 1674 σου,
1728 1642 1757 1668 σὲ
1783 1641 1903 1676 μεγαλύ-

1113 1697 1205 1724 νομεν.

1155 1733 1407 1768 Ἐπιπαφλάζοντος
1433 1732 1517 1760 πάλαι
1533 1732 1647 1768 πυρίνου
1671 1731 1804 1767 ἅρματος,
1820 1732 1833 1758 ό
1855 1731 1904 1766 ζη-

1113 1779 1200 1816 λωτὴς
1223 1781 1270 1808 καὶ
1296 1779 1447 1815 πυρίπνους
1473 1779 1578 1814 χαίρων
1600 1778 1764 1813 ὀχούμενος,
1787 1777 1836 1812 τὴν
1857 1777 1904 1803 νῦν

1114 1825 1293 1860 ἐκλάμψασαν
1308 1825 1450 1851 ἐπίπνοιαν
1463 1823 1559 1859 ἐδήλου
1582 1823 1612 1855 ἐξ
1634 1821 1718 1857 ὕψους
1734 1822 1903 1854 ἀποστόλοις,

1115 1872 1159 1906 ὑφ’
1175 1868 1210 1907 ἧς
1236 1870 1490 1905 καταλαμφθέντες,
1518 1869 1567 1904 τὴν
1585 1868 1688 1904 Τριάδα
1712 1867 1794 1893 πᾶσιν
1819 1867 1903 1901 ἐγνώ-

1116 1926 1206 1954 ρισαν.

1149 1963 1241 1997 Νόμου
1257 1961 1312 1988 τῶν
1331 1961 1439 1995 φύσεων
1453 1961 1524 1996 δίχα,
1541 1961 1617 1993 ξένον
1637 1959 1751 1996 ἠκούετο
1761 1968 1768 1975 '
1784 1959 1838 1986 τῶν
1852 1969 1904 1995 μα-

1116 2007 1204 2043 Θητῶν
1219 2008 1268 2041 τῆς
1282 2008 1347 2043 μιᾶς
1361 2007 1415 2041 γὰρ
1432 2006 1524 2041 φωνῆς
1540 2005 1735 2040 άπηχουμένης
1749 2005 1905 2040 Πνεύματος

1115 2054 1219 2088 χάριτι,
1236 2052 1365 2083 ποικίλως
1389 2050 1535 2086 ἐνηχοῦντο
1555 2051 1625 2081 λαοὶ.
1650 2050 1734 2085 φυλαὶ
1755 2050 1801 2076 καὶ
1817 2050 1906 2084 γλῶσ-

1117 2107 1172 2131 σαι,
1188 2098 1222 2125 τὰ
1247 2098 1306 2124 θεῖα
1329 2097 1470 2133 μεγαλεῖα,
1486 2097 1536 2131 τῆς
1558 2095 1672 2131 Τριάδος
1691 2095 1791 2129 γνῶσιν
1814 2096 1906 2130 μυού-

1116 2152 1192 2180 μενοι
1207 2143 1242 2169 d'.

1499 2198 1514 2224 II

311 2255 346 2283 ΙΝ
365 2251 745 2282 TRANSFIGURATIONEM
767 2249 885 2278 DOMINI
904 2248 1032 2277 NOSTRI

1122 2255 1177 2283 ΕΙΣ
1195 2255 1266 2284 ΤΗΝ
1285 2254 1556 2283 ΜΕΤΔΜΟΡΦΩΣΙΝ
1570 2254 1638 2280 ΤΟΥ
1659 2253 1789 2280 ΚΥΡΚΟΥ
1809 2253 1908 2280 ΗΜΩΝ

540 2287 622 2316 JESU
651 2286 800 2315 CHRISTI.

576 2346 742 2374 Acrosticlu's
760 2354 769 2373 :

277 2385 400 2426 Christus
417 2398 442 2424 in
460 2396 567 2431 specula
583 2395 665 2430 jubar
682 2396 840 2422 immensum
853 2393 952 2430 speciei
968 2392 1069 2420 emisit.

312 2452 395 2479 Chori
410 2452 520 2479 lsraclis
537 2451 619 2478 siccis
643 2450 757 2485 pedibus
776 2457 850 2477 mare
866 2449 989 2477 Rubrum
1016 2448 1068 2475 hu-

278 2499 439 2532 midurnque
450 2497 616 2532 profundum
632 2497 860 2527 transrnittentes,
878 2495 984 2530 equites
999 2494 1067 2521 tria-

279 2544 335 2570 rios
354 2544 447 2570 hostes
462 2543 614 2577 conspieati
632 2543 657 2568 in
675 2550 708 2569 eo
729 2542 900 2573 submersos.
927 2541 952 2568 in
975 2541 1067 2568 exsul-

279 2589 382 2620 tatione
410 2588 546 2614 canebant!
573 2597 579 2614 :
606 2587 755 2614 Cantemus
791 2586 921 2618 Domino,
949 2585 1068 2620 gloriose

278 2633 352 2660 enim
378 2632 546 2668 gloriﬁcatus
572 2636 624 2659 est.

1370 2289 1473 2317 ΠΙΣΟΥ
1501 2289 1661 2315 ΧΡΙΣΤυΥ.

1398 2346 1433 2373 'II
1451 2345 1627 2380 ἀκροστιχΙς
1639 2352 1645 2360 ‘

1120 2393 1248 2429 Χριστὸς
1269 2393 1315 2420 ἐνὶ
1332 2391 1445 2426 σκοπιῇ
1462 2391 1559 2425 σέλας
1579 2392 1712 2418 ἄπλετον
1728 2391 1823 2424 εἴδεος
1843 2388 1908 2426 ἧκε.

1154 2450 1238 2485 Χοροὶ
1257 2448 1365 2484 Ἰσραὴλ
1378 2448 1505 2483 ἀνίκμοις
1520 2448 1584 2474 ποσὶ
1598 2447 1696 2473 πόντον
1717 2446 1849 2482 Ἐρυθρὺν
1863 2446 1911 2472 καὶ

1121 2495 1204 2530 ὑγρὸν
1225 2495 1305 2530 βυθὸν
1326 2494 1510 2526 διελάσαντες,
1523 2493 1662 2524 ἀναϐάτας
1678 2493 1825 2527 spioni-ta;
1849 2492 1912 2518 δυσ-

1122 2541 1212 2574 μενεῖς
1235 2539 1352 2574 ὁρῶντες
1374 2540 1402 2566 ἐν
1419 2539 1508 2574 ἑαυτῷ
1527 2544 1539 2558 θ
1555 2538 1752 2574 ὑποὸρυχίους,
1771 2539 1799 2564 ἐν
1823 2538 1911 2570 ἀγαλ-

1121 2585 1209 2611 λιάσει
1224 2583 1344 2618 ἔμελπον
1356 2590 1363 2598 ·
1375 2584 1503 2619 ’ᾼσωμεν
1519 2583 1558 2619 τῷ
1573 2584 1667 2619 Κυρίῳ
1686 2583 1695 2602 ί
1709 2582 1841 2616 ’ἐνδόξως
1857 2581 1912 2617 γὰρ

1122 2631 1290 2665 δεδόξασται.

917 2677 1035 2728 ἺΑΠΙᾹΞ
1056 2699 1258 2728 LECTIONES.
1273 2707 1275 2710 '

335 2795 349 2816 Y
365 2792 442 2819 Pent.
472 2792 637 2828 γνωρίσεται
663 2790 703 2824 εἷς
719 2792 739 2818 Θ
776 2797 787 2810 ι
804 2792 881 2819 Pent.
899 2793 978 2827 ῥῆσιν
993 2811 999 2818 .
1015 2811 1021 2818 .
1038 2813 1044 2818 .
1061 2812 1067 2818 .
1085 2790 1280 2825 Οεολογοῦμεν.

335 2827 385 2845 alni.
417 2828 470 2845 P).u'
494 2828 594 2845 ΚνῖηυηΑ
615 2828 724 2845 ιἰηυεῗηιε
753 2828 799 2845 νηί
829 2828 916 2845 ςὶιιῚιΙ
934 2827 1003 2845 iner
1056 2833 1067 2845 ι·
1089 2827 1152 2845 Dnnl
1181 2825 1230 2845 Ἇλτι

615 2828 736 2862 ὑμνεῖτε,
753 2828 809 2854 καί.
828 2828 876 2870 Sic
887 2826 919 2854 ‘et
934 2827 1022 2873 intra:
1056 2833 1069 2867 ξ
1088 2827 1164 2867 Pent.
1181 2826 1231 2866 ήδῃ
1244 2844 1250 2851 .
1266 2844 1293 2866 .u.
1308 2845 1313 2851 .
1327 2826 1561 2874 ~t-':“31130.52:(torreo.

608 2869 620 2882 ε
636 2862 787 2897 Antholog.
804 2871 891 2897 αυτῳ.
916 2861 926 2881 ί
938 2862 1022 2889 Anth.
1035 2870 1075 2896 τῳ
1090 2862 1150 2896 Θεῳ
1166 2863 1256 2896 ἡμων,
1269 2869 1310 2886 οτι
1325 2860 1379 2886 οεδ.
1395 2861 1442 2886 bit.
1456 2864 1483 2886 ct
1498 2859 1577 2886 iulia.

280 2827 396 2863 κυρίου,
417 2823 594 2863 cev-litiget;
615 2823 736 2862 ὑμνεῖτε,
753 2828 809 2854 καί.
829 2828 874 2863 Sic
887 2823 1015 2863 ‘ét'iut‘ra.

280 2862 306 2882 Ι·
319 2862 392 2890 Pent.
413 2862 566 2898 μυούμενοι.

1322 2796 1333 2809 ³
1349 2788 1428 2816 Pent.
1447 2789 1523 2823 τρεῖς
1539 2796 1590 2823 pro
1606 2789 1680 2819 τούς.

1726 2787 1740 2807 δ
1755 2787 1833 2814 Pent.
1849 2787 1910 2822 ἔργ,

1308 2845 1313 2851 .
1336 2824 1561 2859 ἐρρητορεύοντο.

1617 2824 1629 2842 ι¹
1651 2824 1723 2851 Pent.
1744 2823 1789 2849 διὰ
1805 2823 1910 2858 πεῖραν,
