2086 3155
573 114 590 129 /

261 171 312 203 503

885 178 1017 208 COSM/E
1045 180 1247 211 HIEROSOL.

1834 186 1888 220 504

260 225 340 253 lnum
356 233 432 254 mare
455 226 548 255 divisit
574 227 666 256 Israeli
685 229 738 257 iter
752 229 875 264 facienti,
894 232 966 261 idem
985 240 1049 260 vero

1107 233 1242 269 Ἐρυθρὰν
1262 234 1370 270 διέτεμε
1392 234 1431 270 τῷ
1457 235 1566 272 Ἰσραὴλ
1582 236 1766 269 πεζεύσαντι·
1785 239 1836 276 τὴν
1859 242 1892 268 δὶτ

261 273 509 307 perreductionem
535 281 619 309 supra
641 273 824 304 Pharaonem'
838 285 900 305 cum
922 278 1049 306 curribus

261 319 416 353 percutiens
432 319 537 353 univit;
557 321 584 347 in
602 321 747 350 latitudine
767 323 909 352 delineans
934 324 1050 352 invinci-

262 366 314 392 hite
329 365 423 395 telum.
441 366 503 395 Ideo
515 367 626 395 Christo
641 375 774 397 canamus
790 368 846 398 Deo
858 375 964 405 nostro,
980 378 1049 406 quo-

261 413 334 440 niam
352 413 521 449 gloriﬁcatus
536 419 589 444 est.

295 459 401 495 Typum
431 461 498 490 olim
525 462 631 499 Moyses
656 463 839 492 immaculata:
866 464 1002 500 passionis
1021 465 1049 493 in

262 505 353 540 seipso
380 507 510 540 ostendit,
535 510 642 537 medius
671 510 743 537 inter
772 510 928 538 sacerdotes
951 514 1049 539 stans:

261 552 338 578 cruci
354 559 419 580 vero
431 554 627 589 conﬁguratus,
643 557 764 584 extensis
777 561 908 591 trapetum
925 557 1050 584 manibus

262 597 404 629 excitavit,
418 600 569 634 potentiam
586 602 703 636 perdens
714 602 825 630 Amalec
838 603 946 637 perditi.
961 602 1051 636 Quare

262 642 371 672 Christo
384 651 517 675 canamus
542 646 597 674 Deo
615 653 720 681 nostro,
737 648 865 683 quoniam
884 649 1051 684 gloriﬁcatus

262 694 313 716 εει.

299 735 431 770 Imposuit
455 736 561 773 Moyses
583 746 665 774 super
679 745 760 767 conto
777 741 939 774 remedium,
956 749 1051 769 corru-

263 782 328 816 ptiri
344 783 534 821 liberatorium
561 787 589 811 et
604 785 715 812 veneﬁci
735 793 845 814 morsus
864 796 870 814 :
885 793 912 814 et
929 787 955 814 in
978 787 1052 822 ligno

264 829 350 863 ﬁgura
375 829 467 858 crucis
484 835 638 865 serpentem
656 839 704 866 per
720 836 818 860 terram
830 863 832 865 _
844 840 873 861 se
899 833 1052 861 trahentem

263 875 384 910 alligavit
396 876 550 911 obliquum,
564 876 590 904 in
603 878 656 905 hoc
669 878 843 913 triumphans
855 886 966 907 noxam.
979 880 1050 913 Qua-

262 927 293 946 re
314 918 426 949 Christo
446 929 578 950 canamus
597 923 653 951 Deo
677 928 781 958 nostro,
801 926 929 960 quoniam
946 925 1050 960 gloriﬁ—

263 971 341 995 catus
357 972 409 996 est.

297 1012 421 1042 Ostendit
448 1015 548 1043 ct‘elum
571 1016 663 1044 crucis
678 1021 809 1051 tropaeum
825 1017 869 1052 pio
895 1017 1051 1052 imperatori

263 1063 290 1085 et
318 1059 375 1094 regi
395 1060 486 1087 divina
505 1062 657 1093 meditanti,
686 1063 713 1089 in
733 1070 788 1097 quo
807 1063 927 1090 hostium
949 1063 1037 1090 acerri

263 1110 369 1130 morum
386 1104 508 1139 deiectus
531 1111 573 1133 est
596 1105 732 1138 fremitus,
759 1113 890 1140 errorque
905 1106 1053 1134 subversus

261 1155 313 1180 est,
326 1155 352 1177 et
363 1150 429 1179 ﬁdes
445 1151 577 1186 explicata
592 1152 682 1180 divina
698 1153 731 1179 ad
751 1159 838 1187 usque
852 1152 984 1180 terminos
999 1157 1053 1179 ter-

262 1204 308 1223 rae.
326 1196 415 1229 Quare
435 1197 545 1225 Christo
567 1206 699 1227 canamus
722 1198 779 1226 Deo
792 1203 899 1232 nostro,
922 1198 1052 1233 quoniam

262 1243 428 1277 glariﬁcatus
440 1248 492 1271 est.
704 1250 707 1253 '

300 1289 380 1325 Virga
406 1290 434 1318 in
458 1295 551 1326 typum
576 1291 699 1327 mysterii
722 1291 871 1319 assumitur
902 1299 910 1318 τ
932 1290 1054 1326 germine

262 1335 335 1362 enim
352 1335 473 1364 declarat
491 1337 672 1364 sacerdotem.
690 1331 888 1364 Sterili'autem
904 1341 983 1364 antea
1002 1336 1053 1364 Ec-

263 1379 354 1407 clesia:
372 1388 445 1408 nunc
457 1381 575 1410 emoruit
591 1381 695 1416 lignum
712 1382 802 1410 crucis
819 1382 847 1409 in
866 1382 1011 1417 imperium
1022 1386 1054 1409 et

259 1426 477 1456 ﬁrmamentum.

301 1471 352 1499 Ubi
376 1473 469 1501 emisit
485 1481 614 1508 percussa
630 1481 730 1508 aquam
747 1477 823 1508 petra
838 1473 986 1502 durissima
1002 1473 1054 1501 im-

264 1518 403 1552 morigero
422 1519 525 1554 populo
544 1523 571 1546 et
587 1519 648 1547 duri
672 1520 772 1551 cordis.
798 1519 930 1547 divinitus
951 1524 1055 1547 vocatae

1100 280 1319 315 ὲπιστρεπτικῶς
1329 280 1428 316 Φαραὼ
1437 283 1492 312 τοῖς
1504 281 1608 318 ἆρμασι
1622 284 1757 319 ἰιροτήσας
1770 286 1886 320 ἥνωσεν·

1101 325 1144 351 ἐπ’
1160 325 1255 360 εὔρους
1277 326 1430 361 διαγράῲας
1446 327 1476 354 τὸ
1500 328 1634 363 ἀήττητον
1649 329 1740 357 ὅπλον.
1756 331 1801 358 Διὸ
1821 332 1888 367 Χρι-

1101 371 1156 407 στῷ
1170 371 1281 407 ᾀσωμεν
1295 372 1334 407 τῷ
1350 373 1410 408 Θεῷ
1425 373 1514 409 ἡμῶν,
1525 374 1566 401 ὅτι
1584 375 1752 408 δεδόξασται.

1135 463 1188 490 Τδν
1201 463 1285 490 τύπον
1305 464 1389 491 πάλαι
1406 465 1508 500 Μωσῆς
1521 465 1569 492 τοῦ
1584 466 1719 502 ἀχράντου
1744 468 1847 500 πάθους
1859 470 1888 495 ὲν

1101 508 1191 544 ἐαυτῷ
1206 510 1355 545 προέφηνε,
1372 510 1426 537 τῶν
1441 511 1521 546 ἱερῶν
1536 512 1719 547 μσοὺμενος·
1737 514 1847 550 σταυρῷ
1859 514 1888 541 δὲ

1102 563 1152 590 σχη
1158 555 1308 589 ματισθεὶς.
1319 557 1481 591 τεταμέναις
1492 557 1624 592 τρόπαιον
1633 558 1773 594 παλάμαις
1783 560 1889 595 ἤγειρε,

1100 599 1256 636 τδζκράτος
1283 602 1429 633 διολέσαςῐ
1454 602 1578 638 Ἀμαλὴκ
1607 603 1655 630 τοῦ
1683 604 1818 632 πανώλου.
1845 604 1890 631 Διδ

1102 646 1212 682 Χριστῷ
1227 647 1337 683 ᾀσωμεν
1350 647 1388 683 τῷ
1405 648 1465 683 Θεῷ
1482 648 1571 684 ἡμῶν,
1584 649 1625 676 ὅτι
1639 649 1806 683 δεδόξασται.

1145 737 1273 772 ’Δνέθηκε
1290 737 1410 773 Μωῦσῆς
1427 738 1474 764 ἐπὶ
1495 738 1597 774 στήλης
1623 739 1699 771 ἄκος,
1727 737 1891 774 φθοροποιοῦ

1101 783 1229 818 λυτήριον
1243 784 1289 809 καὶ
1302 783 1405 810 ίοϐόλου
1414 784 1566 819 δήγματος⁸
1580 785 1626 811 καὶ
1636 785 1706 820 ξύλῳ
1720 785 1797 820 τύπῳ
1808 795 1892 812 σταυ-

1105 827 1162 863 ροῦ,
1181 828 1227 855 τὸν
1248 828 1315 864 πρὸς
1331 828 1384 864 γῆν
1409 829 1559 864 συρόμενον
1577 829 1639 863 δίριν
1661 830 1828 866 προσέδησεν
1846 832 1892 864 ὲγ-

1103 875 1227 910 κάρσιον,
1243 874 1272 900 ὲν
1291 875 1378 910 τούτῳ
1398 874 1586 910 θριαμϐεύσας
1605 876 1636 902 τὺ
1653 875 1744 911 πῆμα.
1763 877 1808 903 Διὸ
1828 877 1892 912 Χρι-

1105 918 1160 953 στῷ
1176 918 1285 954 ᾄδωμεν
1301 919 1339 956 τῷ
1351 920 1409 955 Θεῷ
1425 919 1513 956 ἡμῶν,
1529 921 1569 946 ὅτι
1585 919 1752 953 δεδόξασται.

1146 1010 1300 1043 ’Υπέδειξεν
1315 1010 1429 1047 οὐρανὸς
1451 1010 1498 1038 τοῦ
1521 1011 1638 1047 σταυροῦ
1658 1012 1688 1039 τὸ
1707 1012 1836 1047 τρόπαιον
1852 1012 1892 1048 τῷ

1105 1055 1247 1087 εὐσεὸείας
1263 1055 1376 1091 κράτορι
1400 1056 1446 1083 καὶ
1461 1056 1568 1091 βασιλεῖ
1589 1057 1725 1092 θεόφρονι,
1741 1058 1894 1094 ὲχθρῶν’ὲν

1108 1099 1128 1136 ᾧ
1140 1103 1280 1138 δυσμενῶν
1298 1103 1452 1138 κατεϐλήθη
1469 1103 1612 1139 φρύαγμα,
1635 1104 1728 1139 ἀπάτη
1752 1104 1892 1140 ἀνετράπη

1105 1149 1144 1183 δὲ,
1162 1150 1210 1176 καὶ
1222 1150 1314 1181 πίστις
1324 1149 1473 1185 ὲφηπλώθη
1490 1150 1542 1185 γῆς
1564 1151 1620 1182 τοῖς
1634 1151 1734 1186 πέρασι
1755 1151 1824 1178 θεία.
1847 1151 1895 1178 Διδ

1105 1195 1216 1231 Χριστῷ
1232 1195 1342 1231 ᾇσωμεν
1356 1194 1416 1230 Θεῷ
1432 1195 1522 1230 ἡμῶν,
1538 1195 1579 1222 ὅτι
1590 1196 1757 1229 δεδόξασται.

1145 1284 1258 1315 Ῥἀϐδος
1267 1284 1307 1315 εἰς
1321 1283 1406 1311 τύπον
1417 1283 1569 1320 μυστηρίου
1584 1285 1829 1319 παραλαμϐάνεται
1838 1293 1845 1302 ·
1855 1286 1896 1321 τῷ

1107 1329 1214 1366 βλαστῷ
1231 1329 1285 1365 γὰρ
1301 1330 1442 1365 προκρίνει
1455 1329 1500 1356 τὸν
1515 1330 1600 1365 ἱερέα.
1624 1330 1662 1366 Τῇ
1686 1331 1852 1368 στερευούσῃ
1864 1331 1897 1359 δι

1107 1375 1203 1412 πρώην
1222 1376 1370 1411 Ἐκκλησία
1390 1375 1439 1403 νῦν
1453 1375 1586 1412 ἐξήνθησε
1609 1375 1688 1409 ξύλον
1711 1377 1838 1412 σταυροῦ,
1855 1378 1897 1410 είς

1107 1421 1208 1458 κράτος
1223 1421 1270 1447 καὶ
1286 1421 1441 1456 στερέωμα.
1774 1431 1776 1435 '

1148 1468 1193 1500 Ὧς
1214 1467 1341 1504 ἐπαφῆκε
1364 1468 1535 1503 ῥαπιζομένη
1552 1468 1624 1504 ὓδωρ
1643 1468 1796 1504 ἀκρότομος
1814 1468 1896 1495 ἀπει-

1108 1514 1199 1542 θοῦντι
1214 1514 1271 1550 λαῷ
1284 1515 1332 1542 καὶ
1344 1515 1563 1550 σκληροκαρδίῳ,
1579 1515 1630 1550 τῆς
1643 1515 1790 1550 θεοκλήτου
1801 1514 1901 1549 ἐδήλου

265 1563 395 1591 indicavit
407 1563 537 1595 Ecclesia:
551 1566 725 1601 mysterium,
740 1565 818 1600 cujus
831 1572 900 1593 crux
913 1569 954 1593 est
969 1565 1054 1600 impe-

1115 1562 1278 1597 Ἐκκλησίας
1305 1561 1335 1588 τὸ
1356 1562 1514 1598 μυστήριον,
1531 1559 1565 1597 ἧς
1586 1562 1601 1588 ό
1618 1561 1732 1597 σταυρὸς
1749 1561 1779 1588 τὸ
1797 1561 1897 1596 κράτος

265 1608 336 1635 rium
354 1613 381 1637 ct
399 1609 614 1638 ﬁrmamentum.

302 1654 400 1682 Latere
415 1656 593 1684 immaculato
621 1657 699 1684 hasta
723 1657 876 1689 vulnerato,
899 1664 969 1691 aqua
991 1664 1053 1683 cum

267 1701 401 1735 sanguine
410 1702 528 1735 ellluxit,
543 1711 605 1738 quae
621 1704 735 1730 innovat
747 1708 941 1731 testamentum
954 1709 981 1731 et
994 1712 1055 1739 pur-

267 1751 313 1779 gat
327 1752 449 1780 peccata.
478 1747 612 1776 Fidelium
629 1749 703 1776 enim
723 1757 790 1777 crux
813 1750 939 1785 gloriatio
959 1756 1011 1783 est,
1029 1754 1056 1778 et

267 1799 362 1827 regum
377 1793 522 1828 imperium
537 1799 618 1830 atque
633 1795 844 1823 ﬁrmamentum.

303 1838 414 1872 Audivi,
430 1839 553 1874 Domine,
568 1842 727 1869 oeconomiae
742 1847 793 1869 tua:
820 1843 989 1877 mysterium,
1015 1843 1057 1870 in-

269 1883 358 1912 tcilexi
370 1893 453 1920 opera
469 1890 527 1919 tua,
543 1890 569 1914 et
584 1887 732 1922 glorilieavi
750 1892 824 1915 tuam
839 1888 978 1916 deitatem.

302 1976 493 2005 Amaruteutos
531 1979 648 2007 mutarit
672 1979 748 2014 ligno
777 1979 884 2016 Moyses
913 1980 1002 2008 fontes
1029 1981 1055 2009 iu
1088 1998 1092 2002 .

268 2029 361 2049 eremo
372 2022 509 2056 quondam
524 2031 615 2056 cruce,
636 2023 670 2051 ad
693 2024 821 2058 pietatem
843 2028 1057 2060 prmmonstrans

269 2067 389 2100 gentium
404 2068 623 2096 translationem.

305 2111 356 2144 Qui
392 2113 449 2141 imo
473 2119 614 2149 receperat
639 2115 768 2148 securim,
784 2115 903 2143 reddidit
930 2115 1057 2144 Jordanis

269 2158 343 2193 ligno
358 2159 391 2191 ἰ,
407 2167 490 2187 cruce
510 2165 538 2187 et
566 2160 732 2195 baptismate
764 2161 930 2190 excisiouem
954 2163 1057 2191 erroris

270 2203 458 2231 subindicans.

305 2249 418 2277 Sacrate
443 2252 626 2286 proﬁciscitur
649 2252 864 2287 quadripartitus
880 2253 996 2288 populus
1011 2254 1055 2280 de‘
1073 2251 1095 2279 D

269 2296 374 2323 ducens
399 2304 490 2324 arcam
514 2298 663 2325 testimonii
690 2298 717 2326 in
736 2298 821 2333 ﬁgura
836 2299 868 2332 υ,
887 2299 1060 2326 cruciformi-

269 2343 321 2370 bus
337 2343 448 2371 aciebus
462 2344 698 2373 commendabilis.

305 2389 464 2417 Mirabiliter
480 2390 613 2425 explicata
630 2390 735 2418 solares
748 2390 839 2419 radios
854 2391 970 2419 vibravit
981 2398 1058 2422 crux,

269 2441 297 2463 ct
311 2440 508 2464 enarraverunt
524 2436 586 2464 coeli
597 2436 711 2472 gloriam
728 2436 775 2465 Dci
795 2437 892 2466 nostri.

304 2525 327 2552 Ο
352 2525 540 2553 beatissimum
573 2526 687 2560 lignum,
715 2526 742 2553 in
775 2533 830 2560 quo
861 2525 994 2553 distentus
1018 2530 1059 2553 est

269 2571 396 2598 Christus
418 2579 465 2598 rex
486 2575 513 2599 et
540 2571 689 2601 Dominus!
715 2579 764 2606 per
787 2571 859 2606 quod
885 2571 986 2599 excidit
1010 2569 1058 2606 qui

270 2615 346 2651 ligno
362 2616 478 2651 decepit,
504 2617 532 2645 in
547 2625 670 2646 errorem
696 2618 826 2645 inductus
848 2625 892 2650 eo,
917 2616 963 2652 qui
989 2617 1015 2644 in
1034 2621 1060 2644 te

269 2669 352 2691 carne
367 2663 491 2692 conﬁxus
505 2668 559 2698 est,
574 2664 639 2699 Deo,
655 2665 700 2700 qui
718 2664 819 2700 praebet
845 2671 938 2699 pacem
956 2664 1061 2693 anima-

271 2709 322 2738 bus
337 2712 449 2739 nostris.

310 2768 328 2784 “
345 2768 376 2796 IV
394 2768 458 2805 Reg.
479 2776 513 2805 vt,
523 2767 576 2799 6."
592 2767 704 2796 Numer.
719 2776 747 2800 ιι,
761 2768 772 2795 l
788 2776 865 2804 seqq.

1111 1610 1158 1636 καὶ
1169 1608 1322 1643 στερέωμα.

1143 1655 1268 1690 Πλευρᾶς
1289 1653 1424 1689 ἁχράντου
1447 1652 1532 1689 λόγχῃ
1554 1653 1724 1688 τρωθείσης,
1750 1651 1823 1686 ὕδωρ
1847 1651 1897 1678 σὺν

1108 1701 1204 1736 αἵματι
1219 1700 1352 1736 ὲξεὸλύθη
1369 1699 1522 1733 ὲγκαινίζον
1537 1699 1682 1734 διαθήκην,
1702 1698 1750 1725 καὶ
1765 1698 1898 1733 ῥυπτικὸν

1109 1748 1258 1784 ἁμαρτίας.
1280 1747 1340 1773 Τῶν
1358 1745 1462 1773 πιστῶν
1483 1746 1537 1782 γὰρ
1557 1746 1674 1780 σταυρὸς
1688 1744 1830 1779 καύχημα,
1850 1743 1898 1770 καὶ

1111 1793 1241 1829 βασιλέων
1256 1792 1355 1827 κράτος
1370 1791 1416 1818 καὶ
1430 1790 1583 1826 στερέωμα.
1868 1796 1876 1800 λ

1145 1838 1312 1874 Εἰσακήκοα,
1328 1836 1424 1872 Κύριε,
1440 1837 1489 1871 τῆς
1502 1834 1658 1870 οἰκονομίας
1673 1843 1719 1861 σου
1741 1834 1771 1860 τὸ
1792 1833 1896 1868 μυστή-

1112 1893 1179 1921 ριον,
1200 1884 1353 1918 κατενόησα
1369 1882 1402 1909 τὰ
1423 1882 1492 1918 ἔργα
1513 1890 1570 1914 σου,
1589 1881 1636 1908 καὶ
1653 1880 1768 1913 ἐδόξασὰ
1785 1888 1831 1905 σου
1848 1878 1899 1913 τὴν

1110 1931 1234 1966 θεότητα.

1145 1974 1329 2010 Πικρογόνους
1351 1972 1482 2008 μετέϐαλε
1505 1972 1575 2007 ξύλῳ
1602 1971 1721 2005 Μωῡσῆς
1751 1968 1842 2003 πηγὰς
1868 1969 1898 1994 ὲν

1110 2023 1207 2058 ἐρήμῳ
1221 2017 1305 2048 πάλαι
1323 2019 1362 2054 τῷ
1377 2017 1496 2054 σταυρῷ,
1515 2018 1583 2052 πρὸς
1605 2016 1655 2052 τὴν
1679 2014 1820 2042 εὐσέϐειαν
1843 2013 1897 2039 τῶν

1111 2068 1195 2095 ἐθνῶν
1207 2066 1364 2102 προφαίνων
1380 2064 1429 2099 τὴν
1444 2063 1598 2098 μετάθεσιν.

1151 2113 1180 2140 '0
1196 2112 1270 2148 βυθῷ
1281 2110 1491 2145 κολπωσάμενος
1505 2109 1665 2144 τέμνουσαν,
1682 2106 1815 2133 ἀνέδωκεν
1830 2107 1898 2141 Ἰορ-

1109 2161 1191 2194 δάνης
1208 2158 1287 2192 ξύλῳ,
1308 2157 1347 2192 τῷ
1363 2155 1471 2190 σταυρῷ
1486 2155 1532 2181 καὶ
1546 2154 1585 2189 τῷ
1605 2152 1770 2188 βαπτίσματι
1788 2152 1837 2187 τὴν
1853 2160 1894 2178 το·

1113 2207 1165 2242 μὴν
1178 2205 1228 2239 τῆς
1242 2204 1345 2237 πλάνης
1358 2200 1585 2236 τεκμαιρόμενος.

1150 2251 1240 2286 Ὶερῶς
1256 2247 1482 2283 προστοιϐάζεται
1497 2247 1509 2265 ε
1523 2246 1536 2272 ὁ
1560 2243 1732 2278 τετραμερὴς
1753 2242 1817 2273 λαὸς
1833 2249 1892 2275 προ

1109 2297 1261 2332 ηγούμενος
1274 2295 1324 2328 τῆς
1339 2295 1368 2319 ὲν
1383 2293 1460 2326 τύπῳ
1479 2291 1629 2326 μαρτυρίου
1647 2289 1760 2324 σκηνῆς,
1781 2295 1898 2322 σταυρο-

1108 2344 1204 2374 τύποις
1217 2341 1310 2374 τάξεσι
1325 2338 1509 2373 κλεῖζόμενος.
1554 2339 1555 2343 ‘

1143 2385 1315 2420 Θαυμαστῶς
1332 2382 1538 2418 ἑφαπλούμενος
1548 2379 1595 2410 τὰς
1607 2379 1722 2414 ἡλιακὰς
1735 2377 1822 2411 αὐγὰς
1833 2377 1845 2396 ¹²
1859 2376 1900 2409 έξ⁶

1108 2433 1250 2468 ηκὸντισεν
1269 2431 1282 2455 ό
1300 2428 1426 2466 σταυρὸς,
1452 2427 1499 2454 καὶ
1527 2426 1692 2460 διηγήσαντο
1712 2423 1822 2458 οὐρανοὶ
1849 2420 1899 2455 τὴν

1108 2478 1187 2511 δόξαν
1200 2477 1246 2504 τοῦ
1260 2475 1328 2503 Θεοῦ
1344 2473 1432 2511 ἡμῶν.

1143 2521 1180 2550 Ὦ
1207 2521 1441 2557 τρισμακάριστον
1467 2518 1560 2551 ξύλον,
1577 2512 1640 2550 ὲνῷ
1662 2514 1745 2549 ἐτάθη
1772 2511 1898 2549 Χριστῖις,

1109 2571 1123 2597 ἢ
1135 2557 1266 2604 βασιλεὺς
1283 2568 1331 2594 καὶ
1346 2565 1456 2601 Κύριος,
1470 2564 1503 2590 δι’
1517 2560 1546 2590 οὖ
1562 2563 1705 2588 πέπτωκεν
1720 2561 1734 2586 ὁ
1749 2559 1819 2592 ξύλῳ
1831 2559 1900 2583 απα-

1109 2619 1205 2654 τήσας.
1223 2616 1262 2652 τῷ
1283 2617 1312 2643 ὲν
1337 2615 1378 2642 σο¹ι
1392 2612 1546 2643 δελεασθεὶς
1568 2609 1627 2646 Θεῷ
1649 2609 1689 2644 τῷ
1703 2606 1899 2657 προσ-παγέντι

1113 2663 1204 2699 σαρκὶ,
1220 2663 1258 2697 τῷ
1272 2661 1418 2697 παρέχοντι
1432 2658 1482 2695 τὴν
1498 2658 1609 2694 εἰρήνην
1621 2656 1681 2686 ταῖς
1698 2654 1795 2690 ψυχαῖς
1810 2653 1899 2688 ἡμῶν.

919 2826 1032 2854 νΑιιικΕ
1053 2823 1252 2854 LECTIONES.

313 2882 323 2903 ί
339 2883 421 2911 Anth.
441 2867 571 2916 διωλέσας
583 2903 588 2910 .
602 2903 626 2911 ..
641 2905 646 2911 .

664 2883 813 2916 πανώλους.
854 2884 866 2904 ⁸
882 2883 964 2911 Anth:
979 2882 1104 2918 προστιὸ.
1135 2880 1156 2899 Ίι
1170 2881 1253 2908 Anth.
1270 2878 1360 2916 βολάς.
