2086 3155
219 155 274 186 505

227 254 306 288 Ἐδὲμ
334 254 508 287 φυλάττουσα
537 253 711 289 στρεφομένη
743 253 876 288 ῥομφαία,
893 253 1013 288 σταυρὲ,

221 299 331 335 ᾐδέσθη.
350 299 386 325 Τὸ
403 299 517 333 φρικτὸν
542 298 571 325 δὲ
598 299 741 335 Χερουϐὶμ
761 297 816 331 εἶξε
837 299 876 334 τῷ
899 308 939 326 σοι
964 308 1014 326 πα-

221 345 297 379 γέντι
313 344 452 379 Χριστῷ¹,
471 344 511 380 τῷ
525 344 674 380 παρέχοντι
693 344 742 380 τὴν
764 345 876 380 εἰρήνην
892 346 952 376 ταῖς
967 345 1015 380 ψυ-

221 392 283 425 χαῖς
296 389 385 424 ἡμῶν.

262 435 447 470 ’Υποχθονίων
457 435 586 470 δυνάμεις
599 435 740 463 ἀντίπαλοι
751 435 798 462 τοῦ
810 436 928 471 σταυροῦ
938 435 1015 471 φρίτ-

221 489 299 508 τουσι
318 481 523 516 χαραττόμενον
543 481 573 508 τὸ
593 483 708 516 σημεῖον
726 482 756 508 ὲν
774 481 852 516 ἀέρι,
879 478 901 515 ᾧ
916 481 1015 508 πολοῦ-

224 534 276 552 σιν.
311 525 473 560 Οὐρανίων,
501 526 629 560 γηγενῶν
652 525 731 560 γένος
747 525 777 552 δὲ
804 526 870 559 γόνυ
892 526 1014 561 κάμπτει

222 571 354 607 Χριστῷ,
382 572 423 606 τῷ
450 572 602 606 παρέχοντι
625 571 676 606 τὴν
698 572 812 607 εἰρήνην
835 573 896 602 ταῖς
917 571 1015 606 ψυχαῖς

223 617 315 652 ἡμῶν.

259 663 468 697 Μαρμαρυγαῖς
490 662 643 697 ἀκηράτοις
669 662 765 695 φανεὶς
781 662 795 688 ὁ
811 661 883 693 θεῖος
899 661 1014 696 σταυρὸς

223 708 434 742 ἑσκοτισμένοις
449 708 540 734 ἔθνεσι
555 709 605 743 τῆς
621 709 649 734 ὲν
664 708 753 743 πλάνῃ
769 708 888 743 ἀπάτης,
902 709 932 734 τὸ
943 707 1015 734 θεῖον

224 754 329 788 φέγγος
352 753 556 789 ἀπαστράῲας,
582 754 680 780 οὶκειοῖ
703 754 743 788 τῷ
764 754 793 780 ὲν
808 753 883 788 αὐτῷ
899 754 1014 788 παγέντι

223 800 356 835 Χριστῷ,
386 800 426 835 τῷ
453 800 603 835 παρέχοντι
627 799 677 835 τὴν
700 797 815 835 εἰρήνην
836 801 895 831 ταῖς
917 800 1016 834 ψυχαῖς

223 847 241 880 ή
247 844 316 879 μῶν,

976 153 1111 183 ΗΥΜΝΙ.
1567 153 1571 156 ’
1795 153 1848 184 506

255 210 290 236 Σὲ
305 208 336 236 τὸ
349 206 472 243 ἀοίδιμον
485 203 574 240 ξύλον,
594 208 621 237 ὲν
636 203 658 241 ᾦ
678 207 760 243 ἐτάθη
779 207 909 242 Χριστὸς,
928 207 945 243 ἡ
963 208 1011 242 τὴν
1026 210 1049 237 Α

1099 208 1137 236 Te
1161 207 1378 236 commendabile
1399 208 1515 243 lignum,
1541 209 1568 236 in
1584 215 1639 243 quo
1655 207 1790 243 distentus
1815 211 1858 234 est

1065 254 1200 286 Christus,
1218 253 1264 288 qui
1293 253 1366 280 Eden
1382 253 1554 280 custodiebat
1580 252 1716 280 versatilis
1735 252 1851 286 gladius,

1065 308 1082 327 ο
1101 307 1180 332 crux,
1199 300 1334 327 reveritus
1351 304 1403 326 est.
1424 299 1567 326 Terribilis
1589 306 1653 326 vero
1670 297 1854 325 Cberubimua

1066 347 1150 373 cessit
1166 345 1202 378 ei,
1218 346 1265 380 qui
1283 345 1332 372 tibi
1347 345 1474 372 conﬁxus
1489 350 1531 372 est
1543 345 1679 377 Christus.
1693 344 1738 378 qui
1753 344 1854 376 praebet

1065 400 1159 428 pacem
1177 392 1318 419 animabus
1334 392 1444 418 nostris.

1101 438 1251 465 lnferorum
1267 443 1413 472 potestates
1434 437 1597 464 adversarim
1618 437 1720 469 crucis,
1741 436 1854 463 horrent

1065 492 1225 519 expressum
1245 484 1352 518 signum
1370 484 1395 510 in
1411 490 1483 515 aere,
1507 483 1534 510 in
1552 490 1607 517 quo
1621 487 1773 510 versantur.
1791 481 1853 509 Coa-

1066 530 1175 557 lestium
1190 537 1254 557 vero
1269 530 1490 564 terrigcnumque
1502 536 1585 563 genus
1601 536 1669 561 genu
1683 527 1765 555 ﬂectit
1776 527 1854 554 Chri-

1067 580 1121 608 sto,
1139 576 1186 610 qui
1202 576 1303 610 preebet
1317 583 1411 609 pacem
1427 574 1570 601 animabus
1590 574 1700 601 nostris.

1102 662 1263 697 Fulgoribus
1286 662 1363 697 puris
1388 662 1446 689 visa
1469 661 1560 688 divina
1583 668 1648 687 crux
1672 657 1854 686 obtenebratis

1067 709 1192 746 gentibus
1208 716 1325 736 erronea:
1339 707 1515 737 seductionis,
1528 706 1648 732 divinum
1663 705 1744 739 jubar
1759 711 1854 731 corru-

1067 765 1147 785 srans
1162 755 1290 784 conciliat
1303 754 1413 781 Christo
1437 753 1483 787 qui
1502 753 1528 779 in
1547 759 1579 779 ea
1595 752 1719 779 conlitus
1737 754 1788 782 est,
1807 749 1854 784 qui

1066 803 1167 839 praebet
1184 809 1278 838 pacem
1294 800 1438 828 animabus
1452 798 1562 826 nostris.

260 889 361 916 Νοτίου
375 889 458 924 θηρὸς
472 890 501 916 ὲν
515 889 682 924 σπλάγχνοις
696 888 826 922 παλάμας
834 888 927 918 Ἰωνᾶς
938 896 1017 914 σταυ-

1104 893 1212 920 Marime
1233 891 1297 918 ferae
1316 890 1343 917 in
1362 888 1512 916 visceribus
1529 887 1634 923 palmas
1656 886 1740 914 Jonas
1757 886 1855 914 decus-

227 935 340 971 ροειδῶς
355 935 554 967 διεκπετάσας,
571 935 602 961 τὸ
621 935 757 970 σωτήριον
773 934 858 966 πάθος
870 933 1016 969 «posme-

224 989 278 1008 που
297 981 402 1015 σαφῶς.
427 981 511 1008 Ὅθεν
534 981 687 1016 τριήμερος
711 980 805 1012 ἐκδὺς,
831 980 881 1015 τὴν
899 981 1006 1013 una?”

226 1034 307 1060 σμιον
332 1025 483 1052 ἀνάστασιν
509 1025 734 1060 ὑπεζωγράφησε
757 1024 805 1052 τοῦ
831 1025 913 1060 σαρκί
932 1032 1018 1059 προσι

226 1072 362 1105 παγέντος
378 1071 498 1106 Χριστοῦ
515 1071 561 1097 τοῦ
578 1071 657 1105 Θεοῦ,
683 1071 730 1097 καὶ
746 1070 890 1106 τριημέρῳ
907 1071 1017 1106 ὲγὲρσει

225 1116 271 1143 τὸν
286 1116 391 1151 κόσμον
405 1116 588 1150 φωτίσαντος.

266 1164 297 1190 '0
310 1165 384 1199 γήρᾳ
400 1163 550 1199 καμφθεὶς,
567 1164 614 1191 καὶ
629 1164 701 1199 νόσῳ
714 1163 875 1199 τρυχωοεὶς,
889 1162 1020 1198 άνοροού-

225 1209 283 1236 root
300 1209 398 1237 ’ἰακὼδ
413 1211 509 1244 χεῖρας
525 1209 663 1245 ἀμείψας,
690 1209 740 1245 τὴν
758 1209 898 1244 ἐνέργειαν
915 1209 1018 1243 φαίνων

225 1255 275 1283 τοῦ
295 1255 428 1287 ζωοδὸτου
440 1255 452 1275 ι
476 1255 607 1290 σταυροῦ.
640 1255 696 1290 Τὴν
713 1254 884 1290 παλαιότητα
900 1255 948 1280 καὶ
964 1255 1019 1288 γὰρ

225 1301 273 1328 τοῦ
298 1300 414 1336 νομικοῦ
438 1301 572 1333 σκιώδους
594 1301 760 1336 γράμματος
781 1302 1019 1336 ἐκαινογράφησεν

225 1347 241 1373 ὸ
257 1347 286 1373 ἐν
300 1346 388 1382 τούτῳ
402 1348 486 1382 σαρκὶ
502 1347 672 1381 προσπαγεὶς
689 1348 703 1373 ὁ
715 1346 781 1378 Θεὸς
790 1367 798 1379 ,
827 1347 874 1373 καὶ
887 1346 936 1382 τὴν
949 1347 1018 1382 ψυχ-

225 1391 339 1427 όλεθρον
352 1393 430 1419 νόσον
446 1392 495 1428 τῆς
508 1393 614 1428 πλάνης
628 1393 766 1427 ἀπήλασε.

263 1438 433 1470 Νεαζούσαις
450 1438 508 1470 θεὶς
523 1438 654 1473 παλάμας
668 1441 682 1465 ὁ
694 1438 766 1470 Oeta;
781 1438 892 1474 Ἰσραὴλ
905 1446 1019 1473 σταυρο-

227 1483 306 1516 ειδῶς
331 1484 430 1519 κάραις
452 1484 548 1519 ἐδήλου
559 1505 565 1517 ,
594 1484 632 1516 ὡς
652 1484 838 1520 πρεσϐύτερον
855 1484 931 1515 κλέος
947 1485 961 1510 ὁ
975 1492 1019 1510 νο·-

229 1530 367 1566 μολάτρης
380 1530 456 1562 λαός.
471 1530 671 1562 ’Υποπτευθεὶς
686 1530 748 1557 ὅθεν
763 1528 842 1562 οὗτος
855 1530 862 1549 ι
879 1530 1017 1565 ὲξηπατῆ-
1031 1545 1052 1573 C

228 1575 306 1608 σθαι,
326 1576 377 1602 οὐκ
393 1575 524 1611 ήλλοίωσε
541 1576 586 1602 τὸν
602 1576 746 1611 ζωηφόρον
760 1575 857 1603 τύπον·
875 1575 1019 1611 Ὑπερέξει

228 1623 292 1655 λαὸς
301 1623 355 1657 γὰρ
365 1623 484 1658 Χριστοῦ
495 1623 543 1649 τοῦ
552 1622 621 1649 Θεοῦ
631 1623 778 1660 νεοπαγὴς,
791 1622 900 1654 ἁνεὸὁα,
912 1621 1020 1658 σταυρῷ

229 1668 427 1703 τειχιζόμενος.

266 1714 380 1740 Ἐκνοον
409 1714 576 1748 πρόσταγμα
603 1715 737 1748 τυράννου
763 1714 916 1746 δυσσεϐοῦς
938 1714 1020 1745 λαοὺς

230 1759 369 1794 ἐκλόνησε,
388 1759 472 1786 πνέον
487 1760 603 1795 ἀπειλῆς
619 1760 666 1787 καὶ
678 1760 834 1795 δυσφημίας
846 1759 1019 1794 θεοστυγοῦς.

231 1804 326 1840 Ὅμως
357 1807 432 1841 τρεῖς
463 1806 561 1836 παῖδας
595 1806 646 1832 οὐκ
672 1805 840 1840 ὲδειμάτωσε
864 1806 950 1840 θυμὸς
969 1805 1020 1841 θη-

231 1852 330 1886 ριώδης
347 1872 354 1884 ,
381 1852 412 1877 οὗ
436 1851 493 1886 πῦρ
515 1851 647 1886 βρόμιον,
681 1851 741 1878 ἀλλ’
767 1851 931 1886 ἁντηχοῦντι
958 1851 1020 1885 δρο-

232 1897 334 1932 σοόόλῳ
351 1898 499 1932 πνεύματι,
516 1898 584 1932 πυρὶ
599 1888 869 1931 συνόπεςίέψαλλον·
892 1898 921 1924 ’0
935 1897 1021 1932 ὑπερ-

232 1943 353 1978 ὑμνητος
370 1943 425 1969 τῶν
440 1944 567 1978 πατέρων
582 1943 630 1970 καὶ
643 1943 723 1978 ἡμῶν
736 1943 812 1975 Θεὸς,
826 1942 973 1978 εὐλογητὸς
985 1940 1020 1969 εἴ.

269 2032 354 2058 Ξύλου
378 2032 549 2067 γευσάμενος
573 2031 587 2057 ὁ
609 2032 719 2066 πρῶτος
748 2033 777 2058 ἒν
802 2031 909 2066 βροτοῖς
934 2031 1023 2067 φθορᾷ

234 2078 395 2114 παρῲκησε.
429 2079 519 2112 Ῥίψιν
549 2078 604 2113 γὰρ
635 2078 708 2113 ζωῆς
739 2078 908 2113 ἀτιμοτάτην
937 2087 1021 2106 κατα-

233 2123 340 2158 κριθεὶς
351 2143 359 2154 ,
383 2123 436 2159 ὅλῳ
452 2123 490 2157 τῷ
504 2123 581 2156 γένει
597 2124 794 2158 σωματοφόρος
808 2132 864 2155 τις,
885 2124 922 2155 ὡς
938 2124 1020 2159 λύμη,

233 2169 284 2203 τῆς
297 2169 375 2195 νόσου
392 2169 557 2204 μετέδωκεν.
575 2168 647 2195 Ἀλλ’
657 2170 806 2204 εὑρηκότες
819 2172 945 2204 γηγενεῖς
958 2171 1022 2197 ἀνά-

1068 939 1147 966 satim
1170 937 1329 967 extendens,
1357 935 1502 962 salutarem
1534 933 1688 968 passionem
1718 931 1857 966 sapienter

1068 983 1267 1019 prartigurabat.
1284 982 1388 1009 Idcirco
1402 981 1545 1008 triduanus
1564 986 1690 1014 egressus
1708 984 1854 1011 supernam

1068 1030 1295 1058 resurrectionem
1321 1028 1353 1054 ad
1369 1027 1459 1054 vivum
1481 1025 1614 1059 expressit
1629 1031 1710 1051 carne
1733 1023 1855 1050 cruciﬁxi

1067 1075 1168 1103 Christi
1188 1074 1244 1107 Dei,
1256 1078 1283 1100 et
1298 1072 1421 1100 triduana
1436 1070 1636 1098 resurrectione
1648 1069 1780 1096 mundum
1795 1068 1856 1094 illu-

1071 1121 1208 1149 minantis.

1104 1165 1186 1193 Senio
1202 1166 1332 1192 incurvus
1348 1168 1375 1192 et
1391 1163 1487 1190 morbo
1507 1161 1646 1188 confectus
1664 1164 1758 1194 surgat
1772 1158 1857 1186 Jaeob

1069 1220 1167 1240 manus
1192 1212 1354 1243 decussans,
1381 1216 1436 1244 quo
1465 1208 1592 1235 virtutem
1618 1206 1718 1233 indicet
1743 1205 1861 1232 viritim!

1070 1258 1169 1285 crucis.
1187 1256 1352 1284 Vetustatem
1368 1255 1440 1282 enim
1453 1253 1547 1289 legalis
1558 1251 1745 1280 adumbrantis
1761 1250 1858 1278 littera:

1069 1310 1138 1329 nova
1152 1301 1287 1335 scriptura
1298 1300 1431 1330 exaravit,
1443 1299 1490 1333 qui
1505 1298 1531 1324 in
1542 1305 1573 1324 ea
1585 1298 1710 1324 contixus
1721 1300 1763 1324 est
1776 1303 1858 1324 carne

1070 1347 1153 1380 Deus,
1169 1352 1197 1374 et
1217 1345 1363 1373 animabus
1379 1344 1516 1372 exitialem
1533 1343 1658 1371 tnorbum
1677 1342 1779 1369 erroris
1796 1349 1859 1370 sus-

1071 1393 1141 1420 tulit.

1104 1438 1275 1466 Jnvenilibus
1298 1438 1441 1472 imponens
1465 1435 1570 1471 palmas
1593 1435 1701 1462 div-inus
1717 1434 1797 1461 Israel
1813 1434 1860 1461 de-

1069 1482 1198 1509 cussatim
1222 1481 1369 1516 capitibus.
1386 1480 1549 1508 ostendebat
1576 1479 1741 1513 antiquioris
1767 1478 1860 1513 glorias

1072 1529 1200 1563 populum
1215 1528 1282 1563 legis
1295 1527 1439 1554 cultorem.
1453 1526 1521 1554 Cum
1538 1527 1562 1553 is
1577 1526 1604 1552 in
1618 1525 1803 1560 suspicionem
1817 1531 1861 1552 ve-

1072 1575 1158 1602 nisset
1170 1574 1243 1609 quod
1256 1573 1415 1605 erravisset,
1433 1580 1486 1600 non
1503 1571 1658 1599 imtnutavit
1670 1571 1805 1598 viviticum
1821 1575 1862 1606 ty-

1071 1627 1155 1654 pum:
1172 1618 1307 1645 Eminebit
1332 1617 1405 1645 enim
1432 1617 1549 1651 populus
1569 1615 1672 1642 Christi
1693 1615 1738 1642 Dt‘l
1765 1621 1862 1641 recens

1072 1669 1241 1698 eompactus,
1255 1663 1401 1695 clamabat,
1415 1670 1496 1690 cruce
1509 1661 1641 1689 munitus.

1108 1710 1223 1736 Detncns
1235 1713 1398 1744 praeceptum
1415 1707 1521 1743 tyranni
1533 1707 1606 1741 impii
1619 1705 1731 1740 populos
1743 1711 1862 1732 commo-

1072 1754 1120 1784 vit.
1136 1755 1245 1788 spirans
1261 1754 1397 1780 minarum
1424 1757 1450 1780 et
1474 1751 1650 1786 blasphemia:
1673 1750 1728 1776 Deo
1754 1749 1860 1776 invisae.

1071 1800 1255 1828 Nihilominus
1285 1804 1339 1827 tres
1364 1807 1461 1833 pueros
1490 1806 1544 1825 non
1565 1797 1684 1833 perculit
1700 1797 1739 1823 ira
1756 1796 1857 1827 ferina,

1073 1848 1127 1873 non
1152 1847 1222 1880 ignis
1237 1847 1372 1881 crepitans
1386 1854 1392 1872 :
1409 1845 1456 1872 sed
1477 1850 1606 1879 tauquam
1625 1843 1763 1870 resonanti
1780 1842 1861 1870 vicis-

1073 1892 1123 1918 sim
1139 1892 1252 1919 rorifera
1271 1891 1297 1918 in
1315 1899 1392 1922 aura,
1411 1891 1539 1925 degentes
1558 1890 1583 1916 in
1603 1889 1672 1924 igne.
1688 1888 1858 1922 Psallebant:

1074 1937 1304 1972 Superlaudabilis
1332 1942 1440 1972 patrum
1470 1940 1497 1962 et
1530 1939 1623 1962 ιιυειντ
1648 1935 1727 1966 Dens,
1751 1932 1863 1960 benedi-

1073 1988 1134 2010 ειυς
1146 1990 1186 2009 es.

1108 2028 1223 2062 Lignum
1239 2027 1385 2062 degustans
1400 2025 1505 2060 prinnts
1517 2024 1587 2050 inter
1604 2023 1740 2055 lmmines,
1756 2022 1788 2048 ad
1801 2029 1863 2049 cor-

1074 2073 1227 2108 ruptioucnt
1255 2072 1374 2099 transiit.
1394 2070 1548 2098 Anti~sione
1572 2069 1642 2095 cnim
1660 2069 1721 2095 vitae
1746 2067 1863 2103 ignomi-

1075 2118 1228 2145 niosissima
1245 2117 1400 2148 damttalus,
1415 2120 1471 2142 toto
1488 2114 1591 2150 generi,
1610 2119 1636 2140 ut
1652 2117 1715 2148 quis
1734 2113 1798 2139 illud
1812 2120 1863 2140 suo

1075 2165 1102 2191 in
1118 2171 1232 2198 corpore
1251 2168 1374 2197 portans.
1393 2161 1475 2188 veluti
1496 2161 1588 2195 pestis.
1608 2160 1731 2186 morbum
1749 2159 1862 2194 partici-

235 2215 331 2250 κλησιν
350 2215 469 2250 σταυροῦ
486 2215 524 2250 τῷ
541 2215 661 2250 ξύλῳω,
690 2216 845 2250 κράζομεν·
879 2216 908 2242 '0
936 2217 1019 2251 ὑπερ-

1073 2209 1155 2244 pavit.
1179 2208 1213 2234 At
1228 2208 1393 2242 reperientes
1408 2207 1548 2241 terrigena:
1563 2205 1762 2240 postliminium
1774 2205 1864 2232 crucis

236 2262 354 2296 ύμνητος
366 2261 420 2287 τῶν
436 2262 564 2296 πατέρων
580 2262 627 2287 καὶ
643 2261 722 2296 ἡμῶν
735 2262 812 2294 Θεὸς,
823 2262 970 2296 εὐλογητὸς
986 2260 1021 2288 εἶ.

273 2352 370 2378 Ἐλυσε
399 2353 564 2386 πρόσταγμα
588 2352 656 2378 Θεοῦ
689 2353 833 2387 παρακοὴ,
861 2353 907 2380 καὶ
946 2353 1022 2385 ξύλον

235 2398 335 2432 ήνεγκε
347 2398 462 2424 θάνατον
474 2397 590 2433 βροτρίς,
600 2398 631 2424 τὸ
643 2398 681 2433 μὴ
694 2399 830 2434 εὐκαίρως
839 2399 1021 2434 καταληφθὲν.

242 2445 287 2471 Ἐν
308 2445 459 2479 ἀσφαλείᾳ,
485 2445 499 2471 ὃ
520 2447 598 2471 νυκτὶ
614 2445 695 2479 λόγου
707 2450 720 2464 υ
737 2445 887 2477 δυσθανοῦς
905 2445 1024 2480 ἠνέῳξεν

236 2491 433 2526 εὐγνωμοσύνῃ
449 2491 601 2525 κράζοντας
610 2498 617 2506 ⁸
627 2491 656 2518 '0
669 2491 864 2527 ὑπερὺμνητος
877 2492 930 2518 τῶν
942 2491 1026 2518 πατέ-

238 2545 292 2571 ρων
310 2537 357 2563 καὶ
370 2536 450 2572 ἡμῶν
465 2537 542 2568 Θεὸς,
561 2536 708 2572 εὐλογητὸς
724 2534 758 2564 εἶ.

278 2665 391 2693 Ῥἀὸδου
416 2667 638 2703 προσπτύσσεται
664 2667 694 2694 τὸ
717 2668 802 2704 ἄκρον
821 2668 920 2704 Ἰωσὴφ
945 2669 958 2694 ὁ
978 2676 1024 2702 γε-

1076 2255 1103 2281 in
1131 2255 1214 2289 ligno,
1241 2254 1392 2280 clamamus
1412 2261 1418 2278 :
1437 2251 1670 2287 Supcrlaudabilis
1700 2256 1809 2286 patrum
1835 2254 1863 2276 et

1076 2305 1169 2327 noster
1186 2300 1267 2331 Deus,
1285 2299 1442 2325 benedictus
1455 2305 1495 2325 es.

1109 2346 1196 2372 Solvit
1211 2344 1366 2371 mandatum
1384 2343 1430 2370 Dei
1446 2342 1639 2373 inobedientia,
1658 2347 1685 2369 et
1699 2342 1801 2375 lignum
1816 2344 1865 2367 at-

1073 2392 1172 2419 tulerat
1189 2395 1304 2417 mortetn
1328 2389 1496 2421 hominibus,
1511 2389 1584 2423 quod
1607 2388 1762 2422 importune
1782 2394 1862 2413 usur-

1074 2443 1166 2472 patum
1184 2437 1284 2464 fuerat.
1304 2435 1342 2462 Ad
1360 2435 1535 2462 securitatem
1553 2439 1643 2460 autent
1660 2433 1786 2468 pretiosa:
1800 2433 1863 2459 vitae

1077 2484 1139 2510 inde
1154 2483 1255 2517 lignum
1273 2482 1442 2515 prohibetur,
1461 2481 1534 2515 quod
1555 2486 1634 2508 nocte
1656 2479 1815 2506 insidiarum
1835 2479 1862 2505 in

1077 2529 1219 2556 doloribus
1244 2527 1370 2555 tnorituri
1397 2527 1549 2562 benignitas
1571 2525 1677 2560 aperuit
1694 2524 1837 2552 clamantis
1855 2532 1861 2550 :

1079 2574 1313 2609 Supcrlaudabilis
1341 2578 1450 2608 patrum
1479 2577 1506 2599 et
1534 2577 1626 2598 noster
1651 2569 1732 2602 Deus,
1751 2568 1862 2596 benedi-

1078 2625 1138 2647 ctus
1153 2628 1191 2647 es.
1388 2615 1394 2622 ’

1115 2665 1204 2700 Virgae
1225 2670 1299 2693 tenet
1320 2672 1458 2694 summum
1482 2664 1581 2699 Joseplt
1605 2665 1651 2699 qui
1672 2664 1763 2690 futura
1782 2661 1864 2692 videt,

882 2753 999 2780 VAlll/E
1020 2753 1220 2782 LECTlONES.

281 2809 287 2827 ί
305 2810 387 2854 At_ttl_t.
402 2811 489 2854 caput
504 2810 687 2854 pro'Xpump.
755 2811 836 2837 Anth.
850 2810 1008 2854 ὀινοροοῦῖο.
1049 2810 1059 2829 κ
1073 2811 1157 2842 Anth.
1173 2811 1326 2848 ζωηφὸρου.

667 2865 674 2873 .
688 2867 694 2873 .
713 2854 907 2880 ευγνωμοσυνη
920 2853 1076 2879 κραςοντος.

239 2844 294 2871 λον.
332 2850 346 2864 ιι
358 2844 613 2882 ΑιιιΙι.’νυκτιλόχου
626 2866 632 2873 .
648 2865 654 2873 .

1369 2811 1377 2831 1
1393 2811 1473 2840 Anth.
1491 2811 1586 2844 οὕτως.
1627 2816 1646 2831 ιι
1662 2809 1745 2838 Anth.
1761 2809 1792 2836 τὸ
1814 2807 1859 2841 ξύη
