2086 3155
257 157 305 190 bII.

888 158 1021 190 COSM.’E
1038 158 1241 190 HIEROSOL.

1826 160 1879 191 512

289 213 405 241 Intuitus
420 212 532 242 Simeon
549 213 668 242 Verbum
685 219 817 242 aeternum
834 215 902 243 'cuzn
918 224 1010 247 carne.
1027 225 1042 244 a

1129 215 1272 250 Θεώμενος
1285 214 1398 251 Συμεὼν
1405 216 1491 251 Λόγον
1502 216 1549 244 τὸν
1558 217 1677 253 ἄναρχον
1686 215 1756 252 μετὰ
1765 217 1879 252 σαρκὸς,

255 258 377 293 Virgine,
394 263 522 293 tanquam
549 267 564 286 a
587 260 742 288 Cherubico
770 261 869 288 throno
895 266 1041 297 gestatum,

255 307 394 330 auctorem
418 305 543 331 exstandi
562 305 653 332 omnia
673 310 801 340 tanquam
823 307 979 341 puerulum,
996 307 1044 334 ob-

256 352 415 382 stupescens
431 349 567 377 clamabat
590 351 623 378 ad
643 358 705 378 eum
722 359 728 377 :
747 351 857 386 Repleta
872 356 937 380 sunt
950 353 1043 380 omnia

256 392 414 421 laudatione
430 399 486 421 tua.

293 437 327 465 Ut
340 438 408 465 vidit
422 439 505 468 Isaias
523 441 671 475 symbolice
685 440 711 467 iu
729 441 826 468 throno
838 441 942 469 elevato
959 442 1042 469 Deum

258 483 292 510 ab
307 484 410 518 angelis
424 483 517 520 gloria:
527 486 761 521 circumstipatum
775 495 781 512 :
799 486 820 513 0
836 495 878 514 me
895 488 1041 514 miserum!

260 529 406 562 clamabat,
433 532 543 565 praevidi
563 533 635 559 enim
661 540 775 567 corpore
806 533 929 564 indutum
947 534 1042 568 Deum,

259 575 371 602 luminis
388 577 522 604 inoccidui
535 579 663 612 pacisque
675 578 886 607 dominatorem.

294 621 447 656 Intelligens
468 623 578 650 divinus
606 632 687 651 senex
716 630 951 659 prmmonslratam
980 627 1043 653 olim

257 667 396 701 propheta:
411 668 536 702 gloriam,
553 669 679 696 manibus
696 669 814 697 Verbum
832 671 925 698 videns
947 672 1045 699 matris

258 717 406 747 gestatum,
423 713 445 740 Ο
459 715 589 749 gaudeas,
607 716 751 749 clamabat,
768 717 940 744 veneranda!
964 718 1045 744 Veluti

258 759 373 786 thronus
387 760 457 786 enim
472 761 661 795 complecteris
676 761 770 795 Deum,
783 762 894 793 luminis
908 763 1044 790 inoccidui

259 804 391 839 pacisque
405 805 620 834 dominatorem.

294 849 442 878 lncliuatns
459 861 551 884 senex,
568 857 593 879 et
609 853 723 888 vestigia
740 853 794 881 Dco
810 854 960 888 inspirante
978 862 1045 881 con-

1093 261 1131 293 ὦς
1159 263 1188 288 ὲν
1215 262 1302 296 θρόνῳ
1327 262 1490 298 Χερουσικῷ
1518 263 1650 300 Παρθένῳ
1675 263 1877 299 ἒποχούμενον,

1093 305 1138 332 τὸν
1152 307 1239 333 αἴτιον
1255 307 1301 333 τοῦ
1315 304 1386 334 εἶναι
1401 307 1436 334 τὰ
1449 308 1539 335 πάντα
1552 308 1590 341 ὠς
1605 309 1716 344 βρέφος,
1729 309 1881 344 ἐκπλαγεὶς

1093 353 1158 380 ἐϐόα
1182 353 1271 390 αὐτῷ·
1296 355 1438 391 Ἐπλήσθη
1454 356 1488 383 τὰ
1503 357 1594 384 πάντα
1608 357 1659 392 τῆς
1676 357 1725 392 σῆς
1738 358 1878 390 αἰνέσεως.

1136 443 1179 474 Ὧς
1191 443 1246 470 ίδεν
1263 444 1375 477 Ἡσαΐας
1392 446 1568 481 συμϐολικῶς
1583 447 1612 473 ἐν
1627 447 1715 482 θρόνῳ
1731 449 1879 484 ἐπηρμένῳ

1093 489 1162 514 Θεὸν
1177 489 1222 515 ὑπ’
1236 490 1363 523 ἀγγέλων
1378 491 1458 527 δόξης
1473 492 1722 528 δορυφορούμενον·
1733 491 1768 518 Ὦ
1784 493 1877 525 τάλας,

1094 534 1176 566 ὲϐίοι,
1201 535 1275 569 ἐγώί
1311 536 1364 571 πρὸ
1387 537 1441 572 γὰρ
1467 535 1539 564 εἶδον
1566 538 1778 573 σωματούμενον
1801 539 1877 572 Θεὸν,

1095 579 1182 613 φωτὸς
1199 581 1355 616 ἀνεσπέρου
1373 582 1420 608 καὶ
1433 583 1544 618 εἰρήνης
1560 583 1738 615 δεσπόζοντα.

1130 626 1224 657 Συνεὶς
1248 627 1261 652 ὁ
1285 626 1356 658 θεῖος
1375 627 1499 662 πρέσϐυς
1523 628 1573 664 τὴν
1591 630 1777 664 προφανεῖσαν
1794 629 1879 656 πάλαι

1094 669 1132 704 τῷ
1156 671 1282 706 προφήτῃ
1307 671 1405 704 δόξαν,
1435 673 1512 708 χερσὶ
1536 673 1622 707 Λόγον
1642 673 1750 708 βλέπων
1769 675 1880 709 Μητρὸς

1096 713 1335 748 κρατούμενον-Ὦ
1351 716 1467 750 χαίροις,
1483 716 1557 750 ἐϐόα,
1574 718 1676 752 σεμνήῐ
1694 718 1733 749 ὡς
1748 719 1803 754 γὰρ
1819 719 1882 754 θρό-

1096 769 1140 791 νος
1159 761 1298 796 περιέχεις
1312 761 1358 788 τὸν
1371 762 1449 796 Θεὸν,
1473 763 1562 797 φωτὸς
1576 764 1727 799 ἀνεσπέρου
1743 764 1790 791 καὶ
1804 765 1883 800 εἰρή-

1096 816 1144 841 νης
1158 807 1338 840 δεσπόζοντα.

1132 853 1281 888 Προκύψας
1307 855 1321 880 ὁ
1345 854 1502 890 πρεσϐύτης
1515 875 1523 887 ,
1550 855 1598 882 καὶ
1616 855 1671 882 τῶν
1688 855 1767 890 ἰχνῶν
1783 855 1883 888 ὲνθέως

259 897 365 931 tingens
383 898 425 924 Dei
443 897 588 926 Genitricis
601 904 627 926 et
651 900 738 926 virum
755 900 900 927 nescientis
919 909 924 926 :
944 901 1045 934 Ignem,

1098 899 1272 933 ἐφαψάμενος
1285 900 1336 934 τῆς
1347 901 1536 936 ἁπειρογάμου
1552 901 1599 927 καὶ
1611 901 1782 938 Θεομήτορος
1791 921 1798 933 ,
1812 901 1882 936 Πῦρ,

259 943 308 975 ait,
325 943 440 976 bajulas,
457 951 472 969 ο
487 944 676 972 inunacnlatal
693 945 823 971 Infantem
837 953 951 980 pavesco
964 947 990 972 in
1006 947 1048 974 ul-

259 995 309 1015 nas
328 989 452 1023 accipere
468 989 565 1021 Deum,
579 991 690 1017 luminis
704 991 839 1018 inoccidui
857 992 987 1027 pacisque
1001 993 1051 1020 do-

259 1034 431 1062 minatorem.

293 1078 440 1106 Mundalnr
455 1080 537 1106 Isaias
554 1080 696 1115 Seraphim
715 1081 861 1109 carbonem
885 1082 1048 1116 suscipiens.

259 1122 346 1150 Senex
376 1125 510 1151 clamabat
536 1124 581 1152 Dei
610 1125 766 1152 inalri:Tu
787 1131 916 1158 tanquam
941 1126 1048 1161 forceps

260 1169 386 1197 manibus
399 1170 549 1197 illustrabis
564 1178 608 1198 me
621 1171 729 1198 tradens
741 1179 820 1206 quem
838 1172 953 1206 bajulas,
969 1173 1048 1199 lumi-

258 1214 302 1252 nis
320 1215 457 1242 inoccidui
477 1216 607 1250 pacisque
626 1217 838 1244 dominatorem.

293 1258 427 1286 Clamavit
451 1260 484 1287 ad
512 1265 538 1287 te
566 1260 662 1288 videns
690 1269 772 1288 senex
802 1261 889 1289 oculis
911 1262 1048 1295 Salutare,

258 1303 330 1338 quod
355 1304 463 1339 populis
481 1305 569 1332 astitit
591 1313 624 1333 ex
645 1305 700 1333 Deo
719 1305 862 1339 :Cbriste,
878 1311 906 1334 tu
929 1314 959 1334 es
975 1306 1048 1335 Deus

258 1356 348 1377 meus.

294 1394 323 1422 In
339 1394 405 1422 Sion
422 1399 450 1422 tu
468 1396 538 1431 lapis
554 1401 659 1431 posdus
676 1405 706 1424 es
723 1396 873 1425 incredulis
887 1397 1050 1427 oll‘ensionis

259 1445 287 1469 et
299 1441 438 1475 scandali;
452 1446 527 1476 petra
543 1442 671 1474 infracta,
686 1442 806 1470 tidelium
820 1444 901 1471 salus.

1100 943 1161 978 ἔψη.
1175 943 1329 977 βαστάζεις,
1345 945 1428 980 ἁγνήὶ
1443 945 1547 981 Βρέφος
1564 946 1668 980 φρίττω
1683 945 1884 979 ἀγκαλίσασθαι

1098 987 1175 1018 Θεὸν,
1194 988 1283 1022 φωτὸς
1298 989 1449 1025 ἀνεσπέρου
1466 990 1512 1016 καὶ
1525 990 1639 1025 εἰρήνης
1653 990 1830 1022 δεσπόζοντα.

1139 1077 1286 1105 Ῥύπτεται
1300 1079 1417 1110 Ἡσαΐας
1425 1079 1472 1105 τοῦ
1484 1079 1610 1115 Σεραφὶμ
1621 1080 1668 1106 τὸν
1678 1080 1802 1116 ἄνθρακα
1810 1079 1885 1113 assa-

1099 1128 1190 1157 μενος.
1215 1123 1245 1149 '0
1267 1123 1387 1158 πρέσϐυς
1404 1124 1470 1150 ὲὸόα
1487 1126 1520 1160 τῇ
1536 1125 1708 1160 Θεομήτορι·
1735 1126 1772 1152 Σὺ
1790 1125 1885 1160 ὥσπερ

1098 1168 1186 1194 λαὸίδι
1213 1169 1292 1203 χερσὶ
1316 1169 1489 1204 λαμπρυνετς
1511 1179 1544 1204 με
1568 1170 1700 1198 ἐπιδοῦσα
1725 1171 1756 1198 ὸν
1779 1171 1882 1206 φέρεις,

1098 1213 1187 1246 φωτὸς
1203 1214 1356 1248 ἀνεσπὲρου
1374 1214 1422 1241 καὶ
1435 1215 1549 1250 εἰρήνης
1563 1216 1741 1249 δεσπόζοντα.

1141 1259 1255 1295 Ἐϐόησέ
1287 1268 1329 1286 σοι
1363 1259 1426 1287 ἰδὼν
1455 1261 1469 1287 ό
1496 1261 1618 1296 πρέσϐυς
1649 1263 1706 1294 τοῖς
1733 1262 1886 1298 ὀφθαλμοῖς

1097 1304 1128 1331 τὸ
1152 1305 1303 1340 Σωτήριον,
1327 1305 1342 1331 ὃ
1359 1304 1435 1337 λαοῖς
1449 1305 1552 1342 ἐπέστη
1567 1307 1600 1333 ἐκ
1613 1307 1680 1333 Θεοῦ
1694 1315 1701 1323 ⁸
1720 1306 1834 1343 Χριστὲ,
1850 1307 1884 1334 σὺ

1098 1349 1165 1382 Θεός
1181 1359 1242 1384 μου.

1133 1395 1203 1422 Σιὼν
1217 1396 1248 1422 σὺ
1259 1396 1334 1428 λίθος
1342 1396 1511 1432 ὲναπιτέθης
1521 1398 1577 1429 τοῖς
1587 1397 1732 1425 ἀπειθοῦσι
1743 1397 1886 1432 προσκόμ-

1099 1451 1193 1477 ματος,
1211 1442 1258 1470 καὶ
1272 1443 1425 1470 σκανδάλου
1435 1451 1441 1458 ·
1458 1443 1547 1479 πέτρα
1561 1443 1697 1479 ἀρραγὴς,
1715 1443 1819 1471 πιστῶν
1832 1452 1886 1470 σω-

1096 1488 1191 1523 τηρια.

293 1533 423 1562 Firmiter
436 1534 528 1562 ferens
541 1524 728 1562 characterem
744 1534 804 1569 ejus
818 1534 866 1570 qni
882 1539 909 1562 te
920 1539 983 1564 ante
995 1542 1046 1563 stn-

1135 1534 1260 1566 Βεϐαίως
1281 1534 1375 1569 φέρων
1398 1534 1444 1561 τὸν
1465 1534 1630 1570 χαρακτῆρα
1647 1533 1694 1562 τοῦ
1711 1534 1764 1571 πρὸ
1778 1535 1889 1563 αἰώνων

258 1580 320 1607 cula
339 1580 444 1615 genuit,
468 1581 615 1607 humanam
637 1588 670 1607 ex
690 1580 878 1608 misericordia
902 1589 976 1609 nunc
994 1580 1047 1608 cir-

260 1625 405 1653 cumdatus
417 1633 445 1652 es
462 1625 659 1653 inﬁrmitatem.

295 1669 393 1698 Filium
423 1671 540 1704 Excelsi,
577 1672 660 1698 lilium
689 1671 822 1707 Virginis,
852 1672 936 1699 Deum
969 1672 1050 1706 pucl-

260 1717 316 1743 lum
338 1716 464 1749 etl’eetum
490 1722 645 1744 veneratum
659 1718 717 1751 jam
735 1726 778 1745 me
796 1725 869 1745 nunc
890 1717 996 1745 dimitte
1022 1718 1048 1745 in

259 1771 338 1797 pace.

296 1807 333 1834 Te
352 1808 399 1843 qui
421 1809 448 1835 in
468 1808 529 1843 igne
545 1809 672 1836 irrorasti
693 1816 791 1843 pueros
812 1809 845 1836 de
859 1809 960 1837 divinis
973 1809 1051 1837 locu-

259 1859 314 1887 tos,
339 1854 365 1882 in
383 1853 547 1890 Virgineqne
570 1855 744 1882 immaculate
770 1856 939 1888 inhabitasti,
965 1855 1050 1882 Deum

260 1900 379 1928 Verbum
401 1900 556 1933 laudamus,
572 1901 697 1936 religiose
713 1906 843 1928 canentes
863 1908 870 1926 :
889 1899 1051 1928 Benedictus

259 1954 299 1979 CS,
314 1946 386 1973 Deus
401 1952 508 1980 patrum
527 1952 696 1974 nostrorum.
994 1972 998 1976 ,

292 1992 357 2019 Adae
368 1993 568 2024 declaraturus,
579 1993 664 2026 Abeo,
674 1994 700 2019 in
717 1992 938 2027 inlcrisdcgenti,
953 1996 979 2019 et
993 1993 1054 2020 Eva:

259 2038 393 2065 allaturns
413 2038 514 2064 bonum
538 2038 675 2070 nuntium,
699 2038 832 2065 clamabat
855 2037 964 2066 Simeon
990 2048 1051 2067 cum

261 2083 401 2117 prophetis
421 2083 536 2110 choreas
553 2091 638 2117 agens
657 2090 663 2108 :
683 2083 845 2110 Benedictus
861 2091 902 2117 es,
916 2085 988 2112 Deus
1002 2093 1052 2120 pa-

261 2133 333 2154 trum
346 2132 501 2155 IIOSU‘OI'UIII
508 2147 514 2154 .

296 2173 387 2200 Genus
403 2177 542 2200 terrenum
554 2174 673 2201 [berans
688 2174 756 2202 Deus
776 2182 863 2209 usque
878 2176 911 2202 ad
927 2176 1049 2204 infernos

1101 1588 1130 1606 σε
1145 1579 1295 1614 φύσαντος,
1308 1580 1359 1615 τὴν
1379 1580 1484 1616 βροτῶν
1507 1580 1541 1606 δι’
1566 1577 1657 1607 οἶκτον
1679 1579 1727 1607 νῦν
1744 1580 1888 1607 ἀσθινειαν

1100 1632 1133 1649 πε
1140 1623 1241 1658 ριέθου.

1137 1669 1202 1695 Υίὸν
1222 1669 1362 1704 Ὑψίστου,
1376 1669 1435 1695 υἱὸν
1449 1669 1599 1705 Παρθένου,
1613 1669 1680 1696 Θεὸν
1694 1669 1800 1696 παιδίον
1811 1669 1892 1704 γενόο

1103 1723 1184 1749 μενον
1200 1715 1433 1749 προσκυνήσαντα
1447 1723 1480 1749 με
1496 1715 1543 1741 νῦν
1555 1714 1690 1741 ἀπόλυσον
1707 1716 1735 1742 ὲν
1745 1715 1853 1751 εἰρήνῃ.

1138 1805 1171 1831 Σὲ
1186 1805 1232 1832 τὸν
1247 1805 1275 1830 ὲν
1289 1813 1324 1831 πυ
1330 1804 1356 1838 pl.
1369 1803 1532 1839 δροσίσαντα
1549 1804 1646 1836 παῖδας
1660 1804 1889 1839 θεολογήσαντας,

1102 1851 1148 1877 καὶ
1174 1849 1308 1885 Παρθένῳ
1333 1850 1500 1884 ἀκηράτωςδ
1521 1849 1702 1884 ὲνοικήσαντα
1722 1849 1789 1876 Θεὸν
1804 1849 1891 1882 Λόγον

1103 1896 1256 1931 ὑμνοῦμεν,
1285 1895 1407 1926 εὐσεϐῶς
1431 1894 1616 1930 μελῳδοῦντες
1629 1903 1637 1911 ⁸
1656 1895 1809 1930 Εὐλογητὸς
1828 1893 1853 1922 εἷ
1864 1896 1890 1929 II,

1101 1944 1116 1969 ὁ
1129 1942 1196 1973 Θεὸς
1210 1941 1267 1967 τῶν
1281 1940 1409 1975 πατέρων
1424 1941 1514 1975 ήμῶν.

1143 1988 1228 2021 Ἀδὰμ.
1249 1986 1419 2022 ὲμφανίσων,
1435 1986 1544 2020 ἄπειμι,
1562 1986 1602 2017 εἰς
1619 1986 1683 2021 ᾂδου
1711 1986 1890 2021 διατρίϐοντι,

1103 2034 1149 2061 καὶ
1162 2035 1194 2069 τῇ
1209 2033 1265 2068 Εὕα
1277 2031 1474 2067 προσκομίσων
1485 2032 1634 2065 εὐαγγέλια
1648 2051 1655 2064 ,
1666 2032 1780 2067 Συμεὼν
1790 2032 1893 2059 ἀνεϐόα

1104 2082 1152 2108 σὺν
1170 2080 1325 2115 προφήταις
1342 2079 1463 2114 χορεύων
1475 2086 1482 2094 “
1503 2078 1657 2114 Εὐλογητὸς
1674 2076 1708 2110 εἷ,
1727 2080 1741 2105 ό
1753 2078 1820 2110 Θεὸς
1836 2079 1891 2105 τῶν

1103 2126 1231 2160 πατέρων
1247 2127 1263 2160 ἡ
1269 2125 1337 2160 μῶν.

1142 2171 1224 2203 Γένος
1240 2171 1331 2206 χοῐκὸν
1349 2171 1503 2204 ῥυσάμενος
1517 2169 1596 2201 Θεὸς,
1608 2169 1659 2200 ἕως
1673 2168 1720 2195 τοῦ
1735 2168 1797 2203 ᾅδου
1811 2167 1871 2202 ἥξει
1883 2175 1891 2183 ·

263 2218 362 2249 veniet,
374 2218 488 2252 captivis
501 2226 566 2246 vero
578 2219 706 2253 praebebit
719 2220 847 2247 omnibus
863 2221 1048 2254 emissionem,

1106 2217 1293 2252 αἰχμαλώτοις
1304 2217 1332 2242 δὲ
1346 2216 1460 2252 παρέξει
1474 2217 1557 2242 πᾶσιν
1568 2215 1730 2249 ᾶφεσιν.καὶ
1742 2214 1893 2248 ἀνάϐλεψιν

256 2268 288 2291 et
302 2265 389 2292 visum
406 2265 494 2293 carcis.
507 2269 536 2292 nt
553 2265 667 2291 invicem
683 2265 799 2292 clament
814 2275 820 2292 ς
836 2266 998 2295 Benedictus
1013 2275 1053 2301 es,

256 2311 334 2338 Dens
354 2315 463 2345 patrum
478 2316 646 2338 nostrorum.
934 2310 936 2313 ’

296 2355 387 2383 Τυυιη
405 2364 470 2383 vero
487 2365 543 2387 eor.
561 2366 576 2383 0
593 2356 777 2389 immaculata,
795 2357 899 2392 gladius
914 2362 1055 2392 pertrans-

259 2400 321 2433 lbit,
340 2401 434 2427 Simon
458 2400 582 2435 Dcipaize
601 2401 764 2428 vaticinatus
778 2406 828 2432 est.
848 2402 874 2428 iu
891 2409 971 2428 cruce
993 2409 1054 2429 cum

257 2454 354 2473 cernes
370 2446 467 2473 Filium
485 2453 572 2479 tuum,
585 2448 628 2474 eni
645 2448 796 2474 clamamus
810 2456 815 2473 :
834 2447 996 2474 Benedictus
1012 2456 1052 2481 es,

259 2492 333 2519 Dens
345 2497 452 2526 patrum
468 2497 636 2520 nostrorum.

297 2539 470 2567 lntolerando
498 2541 553 2574 igni
583 2540 702 2575 appliciti
731 2540 840 2575 pietatis
866 2540 1053 2566 moderatores

259 2585 349 2617 pueri,
370 2593 385 2611 a
404 2585 511 2613 ﬂamma
531 2593 595 2613 vero
619 2593 672 2613 non
694 2586 760 2615 laasi.
781 2586 904 2612 divinum
922 2586 1053 2620 hymnum

257 2631 394 2658 canebant
410 2641 416 2658 :
432 2631 595 2664 Benedieize,
611 2632 703 2659 omnia
729 2639 811 2666 opera
827 2631 946 2662 Domini,
963 2630 1054 2657 Domi-

262 2685 338 2705 num.

1104 2266 1211 2299 πηροίς.
1228 2264 1267 2294 ὡς
1289 2262 1417 2298 ἀλλήλοις
1434 2262 1548 2297 βοῆσαι·
1577 2261 1732 2295 Εὐλογητὸς
1750 2259 1784 2292 εἴ,
1798 2261 1811 2287 ὁ
1827 2261 1894 2291 Θεὸς

1103 2311 1158 2338 τῶν
1173 2310 1300 2344 πατέρων
1316 2307 1406 2343 ἡμῶν,

1139 2356 1194 2382 Καὶ
1206 2355 1252 2381 σοῦ
1264 2354 1311 2389 τὴν
1320 2353 1444 2388 καρδίαν,
1456 2353 1569 2388 ἅφθορε,
1583 2352 1704 2388 ῥομφαία
1716 2351 1902 2382 διελεύσεται,-

1105 2401 1220 2437 Συμεὼν
1250 2401 1283 2435 τῇ
1311 2399 1437 2434 Θεοτὸκῳ
1466 2399 1692 2434 προηγόρευσεν,
1727 2399 1756 2423 ὲν
1785 2395 1895 2431 σταυρῷ

1106 2446 1287 2480 καθορώσηςὶ
1309 2445 1364 2471 ισὸν
1387 2444 1460 2476 Υίὸν,
1488 2441 1510 2477 ᾧ
1535 2444 1658 2479 βοῶμεν·
1689 2443 1842 2477 Εὐλογητὸς
1859 2440 1893 2475 εἴ,

1105 2494 1120 2519 ὁ
1133 2492 1199 2523 Θεὸς
1215 2491 1271 2517 τῶν
1285 2490 1411 2526 πατέρων
1424 2489 1514 2524 ἡμῶν.
1781 2488 1783 2490 ’

1147 2538 1285 2571 Ἀστὲκτῳ
1298 2537 1366 2571 πυρὶ
1378 2535 1527 2566 ὲνωθέντες
1541 2534 1566 2560 ol
1582 2533 1740 2564 θεοσεϐείας
1756 2531 1895 2567 προεστῶ-

1102 2593 1147 2615 τες
1165 2583 1280 2613 νεανίαι,
1292 2584 1325 2617 τῇ
1342 2581 1422 2616 φλογὶ
1435 2581 1463 2608 δὲ
1475 2581 1513 2617 μὴ
1528 2580 1710 2616 λωϐηθέντες,
1725 2579 1796 2605 θεῖον
1811 2578 1897 2613 ὕμνον

1101 2628 1239 2663 {pel-now
1259 2627 1419 2662 Εὑλογεῐτε,
1437 2627 1526 2654 πάντα
1549 2626 1585 2653 τὰ
1610 2626 1678 2661 ἔργα
1701 2625 1818 2659 Κυρίου,
1849 2622 1898 2649 τὸν

1105 2675 1207 2709 Κύριον
1218 2673 1240 2700 i.

894 2744 1012 2772 VADIAE
1035 2742 1237 2771 LEC'I‘IONES.

307 2815 319 2831 π
336 2815 416 2843 Anth.
432 2816 570 2851 ἀκηράτῳ.

263 2848 310 2875 καὶ
327 2848 496 2886 ὑπεροψοῦτε
514 2860 524 2877 ε

617 2817 630 2835 ιι
663 2815 745 2843 Anth.
760 2815 835 2843 deest
859 2813 882 2841 εἷ
913 2815 957 2842 hic
977 2821 1002 2841 ct
1036 2814 1115 2841 inl'ra.

530 2852 552 2883 i;
566 2852 668 2882 πάντας
683 2851 745 2883 τοὺς
758 2849 869 2883 αἰῶνας,
899 2851 937 2878 sic
960 2855 983 2878 cl
1018 2849 1098 2876 inira.
1150 2871 1155 2876 .

1173 2821 1182 2835 ι
1202 2814 1284 2843 Anth.
1298 2813 1452 2850 καθορῶσα.
1507 2812 1515 2839 i
1535 2813 1619 2841 Anth.
1635 2812 1703 2849 ἔργα
1719 2812 1764 2840 τὸν
1783 2812 1898 2848 Κύριονν
