2086 3155
246 162 298 196 HQ

882 159 1013 190 COSMIE
1030 160 1232 193 HIEROSOL.

1182 98 1216 107 γλ

1824 163 1876 197 520

247 218 351 246 seltasti
369 221 496 250 tanquam
523 214 594 242 Deus
609 214 743 250 sepultum
758 223 764 240 ι
780 217 862 249 atque
883 215 917 241 ah
935 214 1032 242 inferis

1094 217 1122 248 ὓς
1140 217 1207 248 Θεὸς
1223 216 1268 243 τὸν
1291 216 1319 242 ὲν
1341 216 1433 251 τάφῳ·
1454 216 1500 244 καὶ
1525 216 1572 244 τοῦ
1598 218 1662 253 ᾅδου
1685 218 1776 251 λυθεὶς
1791 221 1805 247 ὁ
1820 221 1877 248 Λά-

248 264 378 290 libcratus
388 260 506 287 Lazarus
516 259 650 287 clamabat
668 259 851 286 :iienedictus
864 265 904 292 es,
923 260 1036 287 Domine

248 309 330 340 Deus,
350 308 375 333 in
394 307 504 333 Saecula.

283 354 354 381 Exiit
366 353 457 379 fasciis
472 352 620 384 revinctus,
636 352 792 385 chaumquc
808 351 907 377 inferni
924 354 950 377 et
962 353 1037 376 ti-nc-

248 400 310 426 bras
331 398 475 433 aufugiens
503 399 608 426 Domini
636 398 717 425 verbo
737 396 869 428 Lazarus,
886 397 1009 424 clamans
1029 404 1036 422 :

248 443 409 471 Benedictus
421 451 460 476 es,
475 443 586 471 Domine
597 443 676 475 Deus,
690 443 716 469 in
733 441 841 469 saecula.

612 530 670 558 VII.

283 577 396 604 Muslcis
417 576 529 611 organis
546 576 776 606 consonantibus.
805 581 831 603 et
845 575 951 610 populis
976 576 1037 602 iuli-

249 623 315 650 nitis
332 623 512 650 adorantibus
527 626 645 649 statuam
664 621 867 653 miserabilem,
887 625 941 648 tres
961 621 1038 656 pueri

250 676 304 695 non
321 668 551 702 obtemperantes,
575 667 720 694 Dominum
747 667 894 694 laudabam
914 672 940 694 et
954 667 1039 701 glori-

249 715 369 742 ﬁcahant
385 715 411 740 in
430 713 520 740 omnia
538 714 649 740 steCula.

286 759 427 792 Tanquam
445 762 538 792 pastor
554 764 652 792 agnum
671 757 793 791 vestigiis
810 761 932 785 secutus.
958 762 1039 791 atque

249 814 281 832 ex
298 806 360 839 lupo
372 804 476 831 crudeli
492 803 646 838 pernicioso
662 804 781 837 rapiens,
798 804 842 836 qui
863 802 1038 836 omnipotens

248 860 290 883 es,
307 855 466 884 corruptum
484 856 599 876 renovas
615 849 778 875 clamantem
802 848 835 874 ad
853 853 879 875 te
896 856 902 873 :
921 847 1039 874 Laudate

251 903 277 924 rt
292 897 495 931 superexaltate
513 895 539 921 in
555 895 648 921 omnia
665 894 773 921 saecula.

289 943 321 970 Ut
350 943 431 969 homo
458 941 614 974 sepulcrum
638 939 818 974 requirebas,
848 944 986 966 mortuum
1008 944 1041 965 ut

208 986 210 988 ’
249 987 375 1015 conditor
395 986 566 1013 resuscitans
578 985 659 1019 jussu
678 985 819 1011 Dominico
835 993 841 1011 :
855 992 935 1018 quem
957 985 1040 1011 infer—

251 1042 302 1061 nus
321 1033 477 1061 reformidat
490 1033 653 1059 clamantem
672 1032 703 1058 ad
721 1036 746 1058 te
760 1039 766 1057 :
778 1030 898 1058 Laudato
911 1034 938 1057 et
953 1038 1043 1064 super—

249 1081 367 1108 cxaltate
384 1081 410 1106 in
423 1078 514 1106 omnia
531 1078 641 1105 saecula.

613 1122 681 1149 \‘III.

285 1168 489 1196 Immaculatam
502 1168 619 1203 gloriose
637 1167 817 1200 honoremus,
832 1174 848 1194 ο
863 1166 966 1202 populi,
979 1165 1042 1192 Dei-

251 1223 363 1251 param:
380 1223 441 1250 quae
454 1215 577 1241 divinum
595 1214 684 1247 ignem
700 1213 726 1240 in
748 1218 825 1240 utero
850 1213 914 1248 quin
932 1213 1043 1240 combu-

251 1267 358 1290 reretur
371 1261 507 1295 concepit,
523 1260 632 1295 hymnis
648 1259 787 1294 perpetuis
806 1259 1024 1293 magnilicemus.

287 1306 383 1341 Popilli
397 1306 519 1332 videntes
532 1305 719 1332 ambulantem
733 1309 872 1331 mortuum
884 1304 1044 1338 quatriduao

253 1361 328 1386 num,
348 1352 465 1387 perculsi
483 1351 664 1378 admiratione
680 1349 839 1377 clamabant
857 1347 1042 1382 Redemptori,

253 1403 280 1425 te
295 1397 377 1425 Deum
396 1398 420 1423 in
437 1395 545 1431 hymnis
558 1394 776 1429 magitilicantcs.

289 1444 316 1472 In
331 1449 503 1471 antecessum
519 1443 685 1469 conﬁrmans
699 1440 847 1476 gloriosam
869 1439 1046 1467 resurrectio

253 1498 315 1519 nem
344 1495 428 1522 tuam,
453 1497 471 1516 0
496 1489 621 1515 Salvator
645 1488 693 1520 mi,
721 1491 859 1514 mortuum
885 1487 1045 1520 quatridua-

1087 263 1170 297 ζαρος
1185 262 1250 289 ὲῦόα
1261 270 1267 278 ⁸
1290 263 1443 298 Εὐλογητὸς
1460 263 1501 296 εἴ,
1523 264 1608 300 Κύριε
1628 266 1642 291 ό
1656 264 1739 299 Θεὸς,
1756 267 1796 298 εις
1814 267 1878 299 τοὺς

1087 308 1199 340 αἰῶνας.

1128 354 1240 389 Ἐξῆλθε
1264 354 1383 390 κειρίαις
1408 354 1568 388 δεδεμένος,
1591 355 1674 390 χάους
1695 355 1759 390 ᾅδου
1779 365 1808 383 τε
1830 358 1879 385 καὶ

1088 400 1170 433 ζόφου
1185 399 1341 435 ἀποδράσας
1354 400 1402 426 τοῦ
1415 401 1550 426 Δεσπότου
1571 400 1611 435 τῷ
1628 401 1700 436 λόγῳ
1713 402 1727 427 ὁ
1741 401 1877 437 Λάζαρος,

1088 446 1267 481 κραυγάζων·
1285 446 1438 481 Εὐλογητὸς
1453 443 1492 479 εἴ,
1510 447 1596 482 Κύριε
1622 447 1636 473 ὸ
1658 447 1735 479 Θεὸς,
1757 449 1797 479 εἰς
1814 449 1879 480 τοὺς

1089 499 1202 522 αιιονας.

1462 536 1500 564 Ζ’.

1124 582 1271 609 Μουσικῶν
1282 583 1405 618 ὀργάνων
1420 581 1648 618 συμφωνούντων,
1659 583 1706 609 καὶ
1717 581 1790 609 λαῶν
1800 583 1879 609 ἀπεί·

1090 637 1144 663 ρων
1160 628 1388 663 προσκυνούντων
1409 628 1493 654 εἰκόνι
1518 629 1551 662 τῇ
1568 627 1693 663 ὲνδεηρᾷ,
1712 630 1786 662 τρεῖς
1815 630 1877 655 παῖ-

1085 674 1133 705 δες
1151 674 1188 708 μὴ
1203 673 1371 705 πεισθέντες,
1394 673 1439 700 τὸν
1454 673 1555 708 Κύριον
1578 673 1714 708 ἁνύμνουν
1731 675 1776 701 καὶ
1792 676 1880 709 ἐδοξοο

1086 719 1186 753 λόγουν
1199 721 1239 750 εἰς
1255 720 1359 750 πάντας
1376 720 1438 750 τοὺς
1455 720 1568 751 αἰῶνας.

1132 764 1175 796 Ὠς
1191 765 1294 800 ποιμὴν
1316 765 1360 791 τὸν
1375 764 1443 800 ἄρνα
1467 764 1650 799 κατιχνεύσας
1662 786 1668 796 ,
1686 766 1730 792 καὶ
1746 766 1779 792 ἐκ
1796 766 1879 792 λύκου

1088 810 1176 836 δεινοῦ
1205 810 1333 845 ὁλετῆρος
1360 810 1498 844 ἁρπάσας,
1514 810 1528 836 ὁ
1558 810 1721 846 ἐπικρατὴς,
1741 811 1880 846 φθαρέντα

1092 855 1280 890 ἐκαινούργεις
1306 855 1410 890 βοῶντά
1426 863 1484 881 σοι·
1503 855 1629 890 ’Υμνεῖτε
1646 857 1693 883 καὶ
1709 855 1879 891 ὑπερυψοῦτε

1057 889 1076 916 Β
1092 901 1131 932 εἰς
1149 901 1254 932 πάντας
1267 901 1329 932 τοὺς
1342 900 1452 931 αἰῶνας.

1133 946 1177 978 Ὠς
1200 946 1296 981 βροτὸς
1318 946 1364 972 τὸν
1387 947 1474 981 τάφον
1491 946 1644 981 ἐπεζήτεις,
1667 947 1713 973 τὸν
1732 947 1828 982 νεκρὸν
1843 947 1880 979 ὡς

1093 993 1216 1027 πλάστης
1240 993 1398 1036 ἁναστῄσας
1426 994 1618 1028 προστάγματι
1648 994 1822 1028 Δεσποτικῷ·
1851 994 1881 1020 ὃν

1091 1037 1160 1072 ᾅδης
1185 1037 1346 1072 κατεπλάγη
1374 1036 1479 1071 βοῶντα
1504 1045 1561 1063 σοι·
1581 1038 1707 1073 ’Υμνεῑτε
1723 1039 1769 1065 καὶ
1795 1040 1880 1073 ὑπερε

1094 1081 1195 1116 υψοῦτε
1213 1083 1253 1114 εἰς
1268 1083 1373 1114 πάντας
1384 1082 1446 1114 τοὺς
1463 1083 1575 1114 αἰῶνας.

1465 1129 1507 1155 H'.

1115 1167 1186 1207 ’Τὴν
1208 1173 1293 1208 ἁγνὴν
1316 1172 1430 1205 ἐνδόξως
1461 1174 1633 1208 τιμήσωμεν,
1648 1173 1717 1206 λαοὶ,
1733 1173 1878 1200 Θεοτόκον¹

1094 1220 1144 1255 τὴν
1160 1219 1189 1245 τὸ
1209 1219 1281 1245 θεῖον
1294 1218 1350 1254 πῦρ
1366 1219 1394 1245 ἐν
1408 1220 1508 1254 γαστρὶ
1533 1219 1677 1254 ἀφλέκτως
1696 1219 1882 1246 συλλαϐοῦσαν

1095 1265 1192 1299 ὕμνοις
1207 1265 1351 1300 ἀσιγητοις
1368 1264 1575 1299 μεγαλύνωμεν.

1131 1309 1163 1334 0i.
1182 1309 1252 1342 λαοὶ,
1273 1309 1374 1340 ἰδόντες
1390 1308 1532 1343 βαδίζοντα
1547 1309 1642 1344 νεκρὸν
1653 1311 1822 1345 τεταρταῖον,
1835 1311 1882 1336 ἐκ·

1095 1355 1245 1392 πλαγέντες
1260 1354 1299 1390 τῷ
1314 1355 1434 1390 θαύματι
1452 1355 1571 1381 ἀνεῆύων
1590 1355 1628 1390 τῷ
1643 1356 1774 1392 Λυτρωτῇ
1785 1376 1793 1388 ,
1816 1356 1883 1383 Θεόν

1096 1409 1126 1426 σε
1142 1402 1171 1426 ὲν
1188 1400 1283 1434 ὕμνοις
1299 1400 1508 1435 μεγαλύνοντες.

1132 1445 1294 1480 Προπιστῶν
1309 1444 1356 1480 τὴν
1373 1444 1479 1477 ἔνδοξον
1494 1445 1603 1480 ἔγερσιν
1614 1444 1663 1480 τὴν
1674 1445 1733 1481 σὴν,
1750 1443 1772 1472 ὧ
1787 1446 1883 1482 Σωτήρ

1097 1499 1159 1525 μου,
1187 1490 1283 1525 νεκρὸν
1307 1491 1496 1526 τετραήμερον
1522 1492 1554 1517 ὲκ
1580 1490 1627 1517 τοῦ
1643 1491 1707 1526 ᾅδου
1731 1491 1884 1527 ὲλευθεροῑς

253 1543 319 1564 num
336 1543 369 1562 ex
387 1533 483 1561 inferis
495 1533 596 1560 liberas
611 1531 755 1567 Lazarum.
771 1531 800 1557 In
816 1530 926 1566 hymnis
940 1529 1044 1565 maglii-

1096 1537 1142 1563 τὸν
1156 1537 1294 1573 Λάζαρονι
1313 1538 1357 1564 ‘Ev
1371 1537 1467 1573 ὕμνοις
1484 1538 1629 1573 μεγαλύνω
1644 1547 1684 1566 σε.

253 1578 306 1606 lico
317 1583 352 1605 te.

627 1619 673 1648 IX.

288 1668 341 1703 Qui
370 1669 490 1696 induitur
513 1667 618 1695 lumine
641 1667 713 1694 sicut
736 1666 911 1699 vestimento,
932 1671 1044 1701 propter

253 1723 305 1744 nos
330 1715 481 1743 secundum
497 1721 547 1741 nos
564 1714 622 1741 [ieri
636 1714 764 1748 dignatus
778 1718 830 1740 est.
845 1712 960 1739 Fluenta
973 1713 1045 1740 subit

252 1761 400 1790 Jordauica
428 1761 525 1793 hodie;
542 1768 597 1787 non
615 1760 673 1794 ipse
694 1760 820 1794 indigens
836 1759 888 1786 illis
903 1759 935 1785 ad
953 1759 1045 1793 put-iti-

253 1809 399 1839 cationem,
427 1807 474 1834 sed
495 1806 574 1834 nobis
593 1807 620 1833 in
637 1806 727 1840 seipse
749 1805 945 1832 administrans
969 1811 1046 1839 rege-

254 1855 434 1882 nerationem.
462 1853 483 1880 0
502 1852 675 1887 prodigium!
693 1851 758 1878 Sine
781 1852 843 1886 igne
866 1851 996 1883 refundit,
1019 1856 1046 1878 ct

254 1902 342 1936 retigit
357 1902 416 1927 sine
430 1899 601 1930 subactione,
616 1903 644 1925 et
654 1898 754 1925 solidat
768 1899 814 1932 qui
829 1898 856 1924 in
872 1898 930 1931 ipso
943 1898 1045 1924 illumi-

254 1952 355 1973 nantur
376 1945 529 1979 (baptismo)
542 1964 548 1976 ,
569 1944 696 1970 Christus
711 1943 783 1970 Deus
807 1947 835 1970 el.
852 1943 977 1970 Salvator
988 1944 1047 1970 ani-

254 2000 361 2019 marum
378 1996 546 2017 nostrarum.

243 2071 246 2073 _
289 2036 327 2062 Te
346 2036 372 2062 iu
387 2036 483 2069 spiritu
502 2040 529 2061 et
544 2035 604 2069 igne
619 2037 779 2068 purgantem
796 2037 936 2067 peccatum
953 2033 1046 2059 mundi

254 2083 350 2110 videns
363 2082 484 2115 Baptista
495 2081 667 2107 accedentem
678 2079 711 2106 ad
725 2087 765 2111 se,
777 2080 876 2106 timens
888 2083 915 2106 et
927 2083 1048 2105 tremens

255 2128 390 2155 clamabat
419 2126 513 2153 dicens
537 2134 543 2151 :
569 2125 627 2151 Non
659 2125 748 2152 audeo
775 2128 945 2151 contrectare
967 2129 1049 2158 caput

255 2179 333 2201 tuum
351 2173 568 2209 immaculatum.
584 2170 623 2197 Tu
640 2178 682 2197 me
699 2170 851 2200 sanetilica.
872 2170 996 2203 Domine,
1011 2170 1049 2197 di-

257 2221 319 2247 vina
334 2220 505 2254 apparitione
522 2223 579 2251 tua,
593 2226 610 2244 ο
625 2218 683 2244 sole
693 2217 862 2244 misericors.

291 2306 435 2342 Agitcdum
463 2305 603 2332 imitemur
631 2304 780 2338 prudentes
813 2303 941 2339 virgines.
971 2304 1047 2339 Agite

256 2360 435 2382 occurramus
458 2351 597 2386 apparenti
615 2350 740 2381 Domino,
758 2351 889 2384 quoniam
913 2351 1048 2385 processit

257 2405 388 2434 tanquam
411 2405 530 2432 sponsus
554 2396 588 2423 ad
605 2395 748 2423 Joannem.
762 2395 890 2424 Jordanis
906 2396 1001 2423 videns
1022 2400 1048 2422 te

257 2445 349 2473 timuit
361 2449 388 2471 et
403 2444 487 2471 stetit.
503 2441 622 2469 Joannes
638 2442 773 2469 clamabat
790 2440 867 2468 :Non
885 2441 972 2468 audeo
985 2449 1048 2468 con-

257 2496 372 2520 trectare
388 2495 470 2525 caput
483 2490 649 2517 immortale.
663 2488 782 2523 Spiritus
793 2489 935 2516 descendit
949 2489 975 2515 in
988 2496 1049 2524 spe-

258 2537 300 2564 cic
315 2535 449 2563 columba:
469 2541 498 2562 ut
522 2534 707 2562 sanctilicaret
726 2541 829 2568 aquas;
849 2538 876 2560 et
899 2541 950 2560 νοτ
973 2533 1051 2560 οωιὶ-

260 2585 303 2608 tus
318 2589 325 2606 :
342 2580 393 2607 Hic
407 2583 449 2606 est
475 2578 562 2605 Filius
582 2586 672 2611 meus,
697 2579 743 2613 qui
765 2579 839 2605 venit
866 2579 892 2605 in
918 2579 1049 2605 mundum

258 2627 364 2654 salvum
389 2626 480 2653 facere
501 2632 587 2660 genus
613 2625 776 2652 humanum.
799 2624 891 2651 Gloria
919 2625 976 2655 tibi,
994 2624 1048 2650 Do.

258 2674 343 2700 mine.

294 2718 450 2754 Baptizatur
468 2715 606 2749 Christus,
626 2721 654 2744 et
669 2717 792 2744 ascendit
809 2724 842 2744 cx
860 2725 950 2752 aqua:
965 2717 1046 2744 simul

1464 1624 1505 1652 θ’.

1136 1669 1183 1695 '0l
1201 1668 1420 1704 ἀναϐαλλόμενος
1435 1669 1493 1703 φῶς
1505 1670 1543 1701 ὡς
1558 1669 1674 1704 ἱμάτιον,
1685 1668 1719 1695 δι’
1734 1669 1808 1704 ἡμᾶς
1823 1669 1885 1696 καθ’

1094 1714 1169 1749 ἡμᾶς
1195 1713 1322 1746 γενέσθαι
1359 1713 1523 1747 κατηξίωσε.
1556 1712 1665 1747 Ῥεῖθρα
1692 1711 1885 1747 περιϐάλλεται

1097 1761 1216 1794 σήμερον
1243 1758 1277 1785 τὰ
1305 1759 1470 1794 Ὶορδάνεια·
1501 1760 1551 1785 οὐκ
1580 1758 1660 1790 αὐτὸς
1688 1758 1791 1785 τούτων
1817 1758 1886 1793 πρὸς

1096 1806 1230 1840 κάθαρσιν
1247 1805 1374 1839 δεόμενος
1391 1824 1399 1836 ,
1415 1804 1472 1830 ἀλλ’
1488 1806 1554 1839 ἡμῖν
1577 1806 1606 1830 ὲν
1628 1803 1719 1839 ἑαυτῷ
1735 1804 1886 1838 οἰκονομῶν

1095 1852 1146 1886 τὴν
1171 1851 1363 1885 ὰναγέννησιν.
1389 1851 1420 1876 Ὢ
1451 1851 1499 1876 τοῦ
1528 1851 1685 1885 θαύματοςι
1712 1850 1774 1885 δίχα
1800 1850 1886 1885 πυρὸς

1096 1896 1274 1932 ἁναχωνεύει,
1293 1897 1340 1922 καὶ
1357 1897 1523 1922 ἀναπλάττει
1548 1897 1612 1923 ἄνευ
1638 1897 1823 1931 συντρίψεως,
1839 1895 1886 1922 καὶ

1099 1943 1180 1974 σώζει
1195 1944 1258 1974 τοὺς
1273 1943 1312 1974 εἰς
1327 1943 1409 1969 αὐτὸν
1427 1942 1630 1977 φωτιζομὲνους
1650 1942 1768 1977 Χριστὸς
1783 1943 1796 1968 ὁ
1819 1941 1886 1973 θεὸς

1097 1990 1144 2015 καὶ
1163 1989 1258 2023 Σωτὴρ
1276 1988 1329 2014 τῶν
1344 1988 1440 2023 ψυχῶν
1458 1989 1545 2023 ἡμῶν.

1127 2035 1167 2062 ,Σὲ
1191 2035 1237 2061 τὸν
1260 2036 1289 2061 ἐν
1313 2034 1451 2069 πνεύματι
1473 2035 1520 2060 καὶ
1548 2034 1614 2069 πυρὶ
1642 2034 1808 2068 καθαίροντα
1836 2033 1885 2068 τὴν

1099 2081 1236 2116 ἁμαρτίαν
1253 2080 1298 2107 τοῦ
1314 2080 1417 2114 κόσμου
1435 2080 1557 2115 καθορῶν
1569 2081 1583 2105 ὁ
1595 2081 1751 2113 Βαπτιστὴς
1767 2080 1885 2115 ἐρχόμε-

1099 2134 1144 2152 νον
1156 2125 1223 2161 πρὸς
1238 2125 1331 2158 αὐτὸν,
1345 2125 1452 2151 δειλιῶν
1467 2125 1515 2151 καὶ
1531 2125 1640 2160 τρέμων
1657 2123 1720 2150 ἐϐόα
1733 2124 1830 2158 λέγων·
1848 2124 1884 2149 Οὐ

1099 2171 1190 2206 τολμῶ
1205 2171 1342 2206 κρατῆσαι
1358 2171 1408 2205 τὴν
1422 2172 1547 2206 κορυφήν
1562 2179 1608 2196 σου
1623 2170 1671 2205 τὴν
1688 2171 1830 2204 ἄχραντον.
1849 2169 1884 2195 Σύ

1064 2223 1084 2249 [)
1101 2225 1134 2252 με
1149 2216 1271 2249 ἁγίασον,
1294 2216 1427 2248 Δέσποτα,
1442 2218 1475 2251 τῇ
1498 2216 1560 2251 θείᾳ
1576 2215 1723 2251 ἐπιφανείᾳ
1745 2224 1802 2248 σου,
1820 2216 1885 2249 μόνε

1099 2262 1284 2296 φιλάνθρωπε.

1134 2308 1216 2334 Δεῦτε
1251 2307 1438 2342 μιμησώμεθα
1472 2307 1522 2339 τὰς
1549 2308 1696 2342 φρονίμους
1724 2307 1885 2342 παρθένους.

1099 2353 1181 2379 Δεῦτε
1203 2354 1405 2388 ὑπαντήσωμεν
1418 2353 1457 2387 τῷ
1480 2353 1591 2387 φανέντι
1609 2353 1748 2388 Δεσπότη,
1761 2354 1801 2379 ὅτι
1819 2361 1888 2387 προ-

1099 2399 1181 2434 ῆλθεν
1196 2399 1234 2430 ὼς
1249 2399 1366 2433 νυμφίος
1390 2398 1458 2434 πρὸς
1484 2399 1528 2425 τὸν
1548 2399 1682 2433 Ἰωάννην.
1704 2399 1733 2424 '0
1754 2397 1888 2433 Ἰορδάνης

1102 2444 1163 2470 ἰδών
1180 2453 1209 2470 σε
1232 2445 1332 2478 ἔπτηξε
1349 2445 1396 2470 καὶ
1419 2444 1537 2479 ἔμεινεν.
1557 2444 1586 2470 Ὀ
1605 2444 1732 2479 Ἰωάννης
1745 2443 1828 2469 ὲ66α’
1849 2442 1886 2468 υὺ

1099 2490 1192 2525 τολμῶ
1220 2491 1358 2525 κρατῆσαι
1385 2491 1509 2526 κορυφῆς
1538 2490 1684 2517 ἀθανάτου.
1715 2489 1751 2515 Τὸ
1776 2489 1888 2523 Πνεῦμα

1100 2536 1255 2570 κατήρχετο
1277 2536 1305 2562 ὲν
1330 2535 1394 2563 εἴδει
1413 2536 1579 2571 περιστερᾶς
1604 2535 1717 2569 ἁγιάσαι
1734 2535 1767 2560 τὰ
1784 2534 1887 2560 ὕδατα·

1101 2581 1148 2607 καὶ
1162 2581 1238 2616 φωνὴ
1254 2581 1401 2616 οὐρανόθεν
1412 2590 1418 2596 ·
1439 2579 1524 2613 Οὗτός
1539 2583 1613 2608 ἐστιν
1627 2583 1641 2608 ὁ
1657 2581 1720 2612 Υἱός
1736 2589 1796 2616 μου,
1813 2582 1826 2606 ὁ
1845 2580 1889 2606 £1-

1102 2624 1156 2651 θὼν
1169 2625 1209 2657 εἰς
1222 2625 1267 2652 τὸν
1279 2626 1381 2661 κόσμον
1409 2626 1494 2653 σῶσαι
1514 2626 1591 2660 γένος
1609 2625 1770 2660 ἀνθρώπων.
1788 2625 1886 2661 Κύριε,

1075 2683 1087 2692 ι
1101 2670 1165 2704 δόξα
1183 2680 1234 2699 σοι.

1141 2717 1309 2750 Βαπτίζεται
1333 2718 1452 2753 Χριστὸς
1472 2719 1519 2745 καὶ
1542 2718 1646 2745 ἄνεισιν
1668 2719 1700 2744 ὲκ
1719 2717 1766 2744 τοῦ
1793 2716 1888 2747 ἰδατος

896 2804 1016 2833 νΑιιιΑῑ
1031 2804 1234 2833 LECTIONES.

295 2858 306 2873 ³
324 2853 386 2882 Haec
402 2855 556 2887 invenimus
576 2854 783 2888 inAnthologio
795 2861 890 2881 mense
908 2851 1051 2885 Januario,
1069 2859 1096 2886 p.
1118 2852 1164 2881 75.
