2086 3155
185 128 236 159 δῇ
616 122 747 152 STEPlI.
773 123 930 153 ANTONII
959 121 1150 152 MORCELLI
1177 119 1384 152 PRAEFATIO.
1521 102 1528 106 η
1757 118 1810 148 Μ

185 183 272 220 tique
290 179 350 210 hoc
366 182 395 209 et
413 178 581 216 superiore
602 179 719 208 saeculo
740 179 864 218 experti
883 183 969 215 sunt,
988 178 1175 217 quicunque
1195 176 1342 208 excussis
1363 174 1630 206 bibliothecarum
1660 174 1807 214 antiquis

183 228 360 262 codicibus,
380 231 522 257 veterum
538 230 707 257 auctorum‘
720 235 818 266 opera
837 225 886 258 vél
907 227 1001 266 primi
1025 225 1217 262 omiserunt,
1245 225 1295 256 vel
1325 227 1415 254 aucta
1445 227 1475 254 et
1494 224 1662 254 emendata
1690 224 1807 253 iterum

183 273 306 306 edenda
323 278 487 305 curarunt.
503 274 625 304 Horum
654 275 742 304 enim.
770 275 929 305 editiones
950 275 995 305 sic
1022 275 1216 314 plerumque
1245 272 1391 312 probata)
1410 276 1496 308 sunt,
1514 276 1547 302 ut
1563 279 1672 302 earum
1695 279 1809 302 exem-

183 323 283 362 plaria
301 323 508 361 cupidissime
529 322 668 361 quisque
693 322 875 361 amplexus,
900 322 932 353 in
959 323 1153 354 bibliotheca
1179 331 1237 353 sua
1264 322 1441 352 desiderari
1472 321 1624 358 noluerit,
1641 330 1743 361 eaque
1774 325 1806 352 et

183 371 369 402 charissima
387 371 509 407 habeat,
530 374 559 401 et
572 370 822 410 diligentissime
842 372 994 407 retineat;
1014 371 1094 402 hanc
1110 372 1151 402 ob
1168 378 1295 401 causam
1314 378 1362 399 me
1379 378 1509 408 quoque
1528 370 1706 408 suinpsiSSe
1728 370 1800 400 ani-

184 428 251 449 mos
270 418 382 455 fateor,
401 418 606 448 necinvitum
625 418 655 448 in
673 418 705 449 id
725 419 899 450 consilium
918 421 1057 456 venisse,
1072 424 1103 450 ut
1120 419 1167 450 vel
1187 420 1288 457 impar
1304 418 1393 457 operi
1409 419 1681 449 Commentarium
1698 418 1800 449 sancti

184 466 327 505 Gregorii
345 467 372 497 ll
389 466 547 505 pontiﬁcis
563 466 859 504 Agrigentinorum,
884 476 979 506 quem
998 477 1092 498 nemo
1112 468 1216 498 adhuc
1231 476 1248 497 e
1269 467 1412 497 tenebris
1428 465 1606 502 eduxisset,
1629 467 1751 505 primus
1768 465 1801 496 in

186 515 287 545 lucem
308 514 473 544 hominum
488 513 770 553 celebritatemque
787 517 1151 547 revocarem..Videbam
1168 516 1267 551 enim,
1281 515 1339 545 etsi
1355 515 1394 544 de
1416 522 1499 552 penu
1517 522 1588 544 meo
1608 522 1718 552 pauca,
1740 523 1798 546 nec

186 562 247 593 nisi
267 562 373 600 exigui
392 561 484 600 pretii
505 561 644 600 proferre
659 570 798 600 possem,
815 562 921 601 ipsum
940 567 1042 594 tamen
1064 571 1146 601 Opus
1161 563 1343 600 antiquum,
1360 571 1417 592 nec
1431 562 1534 591 adhuc
1552 561 1718 591 hominum
1737 569 1803 592 ma-

186 610 281 640 nibus
298 610 418 645 tritum,
437 609 535 639 instar
551 610 672 648 egregii
690 610 833 639 muneris
849 609 1005 644 futurum.
1022 619 1088 650 quo
1104 619 1137 640 se
1150 610 1267 640 eruditi
1289 610 1346 640 viri
1360 617 1377 639 a
1392 618 1440 639 me
1455 609 1590 639 donatos
1608 609 1801 640 laetarentur:

186 657 357 695 pressertim
374 665 444 688 cum
463 665 500 687 eo
520 658 614 687 etiam
633 658 762 687 nomine
778 659 939 697 permagni
953 660 1017 689 ﬁeri
1036 663 1209 697 oporteret,
1225 658 1311 697 quod
1330 666 1391 688 non
1416 657 1527 696 privati
1546 658 1683 687 hominis
1703 657 1798 688 lucu-

186 706 298 741 bratio,
317 705 373 735 sed
390 704 532 743 episcopi
547 705 774 734 documentum
795 710 891 736 esset.
907 707 987 742 Quae
1003 706 1088 737 enim
1105 707 1143 737 ab
1158 705 1320 744 episcopis
1335 705 1452 743 scripta
1471 705 1665 744 accepimus,
1684 713 1719 734 ea
1733 714 1796 736 non

185 754 328 791 ipsorum
346 755 466 782 tantum
482 751 625 782 animum
642 755 672 784 et
690 760 784 782 sensa
800 753 950 792 produnt,
967 754 1021 783 sed
1043 754 1190 784 Ecclesiae
1206 754 1314 789 etiam,
1327 754 1377 783 cui
1398 753 1563 791 praefuere,
1579 753 1801 782 testimonium

185 801 430 839 impertiuntur:
448 803 481 830 ut
496 808 568 830 cum
585 799 617 830 in
635 800 850 838 singular-ium
874 801 1089 832 Ecclesiarum
1114 810 1275 832 consensu
1294 801 1480 831 catholicam
1497 800 1673 831 doctrinam
1697 809 1797 839 agno-

185 857 322 885 scamus,
339 848 561 886 episcoporum
586 855 682 886 opera
709 849 740 878 in
765 848 876 887 primis
894 848 1014 888 vulgari
1042 849 1170 889 legique
1189 849 1327 879 intersit.
1347 849 1456 887 Itaque
1484 857 1540 878 eos
1572 849 1728 884 maxime,
1751 847 1807 886 qui

186 897 312 928 tuendm
328 896 494 935 religionis
512 896 620 926 studio
636 896 777 935 ﬂagrant,
799 901 829 926 et
842 896 1094 927 Christianorum
1112 902 1290 935 temporum
1309 900 1526 932 monumenta,
1544 899 1640 935 atque
1659 896 1801 926 illustria

186 943 398 984 Ecclesjarum
414 943 527 974 decora
543 943 641 974 latere
657 944 777 981 dolent,
796 945 928 984 gratiam
953 953 1083 984 quoque
1100 944 1265 974 habituros
1290 943 1518 983 intelligebam,
1546 943 1633 983 quod
1657 947 1687 974 et
1705 952 1803 974 sacrm

185 993 337 1023 doctrinm
349 991 438 1030 copia
455 999 510 1030 per
526 1000 575 1021 me
591 992 757 1028 crevisset,
769 997 798 1022 et
816 994 940 1022 Patrum
958 993 1135 1031 priscorum
1151 1000 1266 1022 census
1283 997 1394 1022 auctus
1411 996 1506 1022 esset.
1522 993 1624 1031 Atque
1637 992 1691 1022 illa
1707 992 1807 1022 etiam

184 1040 336 1079 cogitatio
356 1039 467 1075 subiit,
487 1039 704 1078 Agrigentinis
718 1039 933 1079 potissimum,
951 1043 980 1070 et
997 1041 1052 1080 qui
1066 1041 1233 1080 religionis
1249 1041 1581 1080 ergovigilantissime
1601 1040 1638 1070 iis
1657 1043 1809 1080 praeerat;

185 1087 262 1119 Viro
280 1086 536 1119 eminentissimo
554 1089 693 1119 Antonio
718 1085 927 1120 Brancinforti
945 1089 1099 1120 cardinali
1121 1093 1245 1128 gratum
1274 1089 1334 1119 hoc
1356 1090 1394 1119 eo
1411 1088 1541 1119 neruine
1561 1096 1596 1120 ac
1620 1089 1803 1128 jucundum

186 1146 255 1168 esse
274 1137 401 1172 debere,
420 1137 504 1176 quod
531 1136 570 1166 ad
595 1144 706 1167 eorum
724 1136 772 1167 vel
797 1137 930 1176 gloriam
956 1138 1004 1168 vel
1026 1137 1214 1177 dignitatem
1235 1145 1298 1168 non
1320 1145 1430 1176 parum
1453 1137 1601 1168 conferre
1620 1138 1804 1168 videretur:

185 1194 312 1224 semper
336 1185 420 1215 enim
443 1184 600 1224 prtecipua
616 1182 868 1216 Christianarum
888 1186 1017 1217 urbium
1036 1185 1103 1216 laus
1122 1185 1227 1216 habita
1246 1189 1306 1222 est,
1328 1185 1432 1215 virum
1457 1185 1599 1224 aliquem
1618 1185 1802 1224 protulisse,

186 1233 279 1273 cujus
294 1233 437 1264 doctrina
457 1232 626 1263 Ecclesium
644 1233 830 1270 illustrarit;
849 1242 907 1264 nec
927 1234 1042 1264 minori
1063 1233 1185 1264 honore
1202 1233 1224 1263 ii
1247 1233 1408 1264 honestari
1431 1237 1594 1272 putantur,
1612 1233 1732 1272 quibus
1748 1233 1803 1264 da-

187 1285 252 1311 tum
272 1285 319 1311 est
334 1281 476 1311 eamdem
493 1280 637 1311 obtinere
653 1281 774 1319 sedem,
793 1282 823 1311 in
837 1289 899 1321 qua
914 1282 1014 1312 sancti
1032 1281 1182 1321 doctique
1195 1281 1256 1312 viri
1272 1282 1468 1312 claruerunt.

226 1349 286 1380 Sed
304 1353 405 1379 tamen
425 1348 578 1379 editionis
594 1357 701 1380 curam
723 1349 926 1388 suscipienti,
947 1358 986 1380 ne
1007 1349 1109 1380 sterili
1129 1349 1236 1380 labore
1254 1348 1336 1380 nihil
1358 1349 1426 1388 ipse
1448 1353 1706 1380 ornamentorum
1724 1349 1808 1380 libro

187 1398 349 1428 addidisse
364 1405 526 1435 arguerer,
542 1398 723 1428 conandum
745 1398 878 1428 omnino
898 1402 975 1434 erat,
999 1402 1034 1429 ut
1062 1398 1136 1429 nevi
1163 1395 1311 1435 prteterea
1335 1392 1470 1437 aliquid,
1489 1398 1574 1438 quod
1602 1397 1693 1428 ulline
1709 1402 1806 1438 esset,

187 1444 362 1478 accederet,
378 1448 408 1474 et
427 1448 580 1483 quantum
597 1444 664 1475 ﬁeri
686 1442 804 1482 posset,
823 1448 922 1475 totum
939 1453 1021 1484 opus
1039 1447 1110 1485 ipso
1130 1454 1236 1485 rerum
1255 1447 1368 1477 ordine
1389 1450 1419 1476 et
1439 1444 1625 1485 scriptionis
1641 1437 1808 1485 diligentia

188 1491 351 1532 probabile
367 1491 567 1522 redderetur.
592 1491 659 1528 Qua
685 1492 715 1522 in
735 1500 767 1522 re
788 1492 961 1524 multorum
980 1503 1029 1524 me
1053 1495 1198 1533 exempla
1222 1495 1412 1530 excitabant,
1434 1495 1489 1534 qui
1523 1503 1594 1524 cum
1626 1495 1806 1534 prmizlaris-

186 1542 266 1572 sima
285 1542 409 1571 Patrum
426 1540 540 1578 scripta
559 1541 736 1578 vulgarent,
752 1543 927 1578 etaperum
950 1541 1161 1580 plurimorum
1179 1542 1315 1573 editioni
1334 1551 1440 1573 curam
1459 1543 1692 1580 impenderent,
1710 1542 1806 1574 omcii

187 1594 290 1620 tamen
310 1589 361 1618 sui
385 1596 455 1618 esse
475 1588 650 1623 duxerunt,
670 1593 702 1617 ut
719 1588 878 1627 quidquid
896 1589 991 1619 etiam
1013 1590 1060 1620 vel
1083 1591 1119 1620 ad
1138 1591 1277 1620 auctoris
1293 1590 1419 1621 laudem
1436 1590 1616 1630 famamque
1636 1596 1806 1629 spectaret,

189 1637 235 1668 vel
252 1637 288 1667 ad
306 1636 495 1675 scriptorum
513 1635 758 1666 illustratioriem
779 1633 948 1675 quamdam
966 1636 1272 1678 distinctionem‘qiie
1290 1639 1555 1682 pertinerethnon
1580 1640 1673 1670 modo
1688 1640 1737 1678 [Ir]
1753 1640 1804 1670 di-

188 1685 324 1724 ligenter
339 1685 580 1723 conquirerent,
602 1684 656 1714 sed
682 1687 826 1715 accurate
852 1693 981 1724 quoque
1005 1693 1042 1716 ac
1063 1685 1245 1716 luententer
1267 1687 1454 1717 disserendo
1472 1686 1682 1726 publicarent.
1702 1688 1805 1725 [gitur

186 1733 225 1763 nl)
241 1733 308 1772 ipsa
322 1733 460 1762 auctOris
476 1732 574 1762 nostri
590 1731 719 1762 historia
736 1734 957 1770 cognoscenda
975 1741 1122 1769 exorsus,
1141 1734 1217 1773 quia
1234 1735 1374 1764 nondum
1399 1734 1501 1765 lucem
1514 1735 1644 1765 vidisset
1659 1736 1806 1766 Graecum

188 1782 257 1820 ejus
275 1781 353 1810 Vita)
368 1779 539 1816 exemplar,
556 1788 649 1819 quam
665 1781 815 1810 Leontius
831 1781 975 1819 quidam,
996 1782 1102 1812 Ruina;
1121 1781 1198 1812 olim
1217 1783 1425 1822 Hegumeuus
1441 1783 1649 1820 Sabailarum,
1669 1785 1708 1814 de
1726 1785 1806 1815 Gre-

187 1829 277 1867 gorio
290 1827 428 1867 scripsit,
446 1826 504 1857 hoc
520 1828 597 1857 mihi
618 1836 680 1866 pra;
696 1829 817 1858 cteteris
836 1830 1100 1868 perquirendum,
1118 1834 1148 1861 et
1164 1831 1204 1862 ob
1219 1825 1441 1871 antiquitatem
1462 1832 1532 1872 ejus
1555 1842 1652 1863 unum
1678 1833 1806 1871 potissi-

188 1885 273 1908 mum
289 1876 450 1907 edendum
467 1876 664 1907 existimavi:
680 1877 727 1907 sic
742 1882 846 1908 tamen
868 1881 903 1908 ut
921 1881 994 1908 ante
1009 1879 1048 1909 de
1066 1879 1135 1917 ipso
1156 1879 1309 1918 scriptore
1326 1880 1552 1919 investigando
1582 1880 1806 1919 deprehende-

186 1934 265 1962 rem,
280 1925 352 1964 quis
368 1924 424 1955 ille
440 1929 579 1960 tandem,
596 1933 660 1964 quo
682 1924 763 1962 loco,
783 1934 846 1965 qua
862 1929 951 1956 relate
967 1926 1154 1958 exstitisset.
1172 1920 1278 1967 Atque
1299 1927 1332 1958 in
1350 1928 1406 1958 hac
1423 1933 1530 1959 nostra
1557 1929 1805 1968 investigatione

187 1973 261 2004 novi
275 1972 397 2012 aliquid
419 1981 606 2012 expromere
624 1973 713 2003 licuit
729 1973 768 2003 de
787 1973 906 2012 insigni
935 1975 1126 2006 monasterio
1157 1976 1311 2011 Romano,
1328 1976 1413 2015 quod
1434 1977 1576 2016 antiquis
1607 1977 1806 2015 temporibus

188 2020 391 2059 magniSabee
408 2019 551 2050 monachi
574 2020 670 2050 multa
683 2028 754 2050 cum
772 2021 864 2051 laude
881 2021 1102 2052 incoluerunt:
1118 2024 1149 2053 in
1167 2032 1234 2062 quo
1245 2029 1275 2054 et
1290 2024 1464 2062 Gregorius
1482 2028 1590 2055 noster
1616 2025 1807 2064 aliquandiu

188 2069 303 2107 hospes
321 2068 437 2099 dicitur
454 2077 524 2098 esse
545 2073 698 2098 versatus.
716 2069 787 2107 Ipsa
813 2077 888 2100 vero
912 2070 1035 2100 Leontii
1055 2071 1187 2109 scriptio
1207 2073 1307 2102 multo
1325 2072 1506 2102 uberiorem
1526 2073 1802 2111 disputationibus

187 2116 349 2146 materiam
363 2115 590 2154 suppeditavit.
610 2117 684 2146 Nam
702 2120 732 2146 et
751 2117 790 2146 de
807 2117 884 2146 viris
901 2117 1127 2156 inquirendum
1144 2118 1216 2154 fuit,
1233 2127 1369 2158 quorum
1390 2119 1505 2158 injecta
1524 2110 1645 2151 mentio
1662 2124 1757 2157 esset,
1775 2125 1806 2151 et

186 2169 366 2202 temporum
382 2163 521 2194 ineunda
536 2164 624 2199 ratio,
643 2163 722 2194 ultra
739 2173 811 2203 quae
825 2173 995 2196 excurrere
1016 2165 1146 2196 historia
1161 2175 1222 2196 non
1242 2171 1360 2205 posset,
1376 2171 1406 2197 et
1425 2167 1490 2198 loca
1510 2167 1577 2206 ipsa
1594 2168 1805 2207 designanda,

186 2213 220 2242 in
237 2212 356 2251 quibus
385 2211 510 2250 insigne
539 2211 659 2250 aliquid
686 2216 739 2241 aut
756 2212 837 2242 scitu
855 2213 987 2251 dignum
1013 2213 1189 2251 contigisse
1219 2214 1418 2253 proderetur.
1444 2215 1508 2246 Néc
1535 2224 1610 2246 sane
1636 2225 1732 2254 pauca
1749 2221 1805 2247 aut

185 2261 298 2299 exigua
322 2268 357 2291 ea
373 2260 480 2290 dicere
496 2259 569 2299 quis
590 2261 701 2298 possit,
719 2269 790 2299 qum
806 2261 915 2299 partim
935 2270 1015 2292 nova
1032 2271 1090 2293 nec
1104 2267 1178 2292 ante
1194 2262 1332 2302 cognita,
1352 2263 1467 2301 partim
1481 2264 1646 2294 emendata
1666 2272 1701 2295 ac
1718 2264 1807 2295 resti—

185 2313 262 2343 tuta,
282 2317 366 2338 nunc
382 2307 522 2348 denique
539 2310 640 2338 lucem
657 2311 823 2346 aspectum
840 2309 913 2339 sint.

221 2369 302 2406 Quia
318 2377 393 2399 vero
417 2368 570 2399 Leontius
587 2367 694 2399 nullos
711 2367 852 2400 historias
873 2377 943 2400 suas
960 2378 1061 2400 annos
1078 2370 1278 2408 ascripserat,
1305 2369 1482 2400 ordinanda
1505 2378 1636 2409 queque
1659 2371 1804 2408 Gregorii

183 2418 245 2448 vita
262 2417 333 2453 fuit,
357 2421 387 2448 et
406 2417 510 2447 annali
534 2416 708 2455 proposito,
725 2426 774 2447 res
791 2417 861 2456 ejus
879 2423 986 2457 gestae,
1004 2423 1159 2457 quantum
1183 2417 1230 2447 fas
1254 2421 1351 2453 esset.
1372 2418 1410 2448 ad
1438 2422 1522 2449 certa
1545 2419 1603 2449 aevi
1635 2418 1804 2449 intervalla

183 2465 369 2496 referendae.
386 2465 474 2496 Unde
489 2463 605 2495 factum
623 2469 682 2501 est,
701 2468 732 2495 ut
749 2466 917 2496 contraria)
938 2466 1117 2502 sententiae,
1136 2474 1207 2504 Qum
1222 2467 1261 2496 de
1283 2466 1372 2496 illius
1391 2475 1460 2497 aevo
1481 2467 1563 2505 apud
1590 2467 1671 2498 alios
1694 2466 1802 2497 hacte-

181 2523 242 2544 nus
252 2514 468 2548 obtinuerant,
480 2511 625 2543 funditus
638 2517 870 2550 everterentur,
887 2515 1043 2553 tertiaque
1061 2515 1364 2553 induceretur,qme
1377 2515 1477 2545 ﬁrmis
1493 2514 1585 2554 plane
1602 2517 1802 2554 argumentis

180 2566 264 2592 stare
283 2561 447 2592 videatur:
462 2570 566 2600 neque
582 2561 668 2591 enim
685 2561 722 2592 ad
737 2569 805 2592 eam
815 2562 1063 2592 confirmandam
1083 2561 1272 2592 recentiOris
1291 2562 1391 2592 ullius
1407 2562 1571 2601 scriptoris
1583 2564 1802 2594 testimonium

182 2616 303 2641 temere
319 2609 458 2649 amplexi
478 2617 611 2647 sumus;
627 2609 685 2641 sed
710 2610 878 2640 vetustatis
898 2613 1115 2644 monumenta,
1134 2614 1164 2640 et
1179 2613 1291 2640 eOrum
1318 2610 1375 2649 qui
1398 2610 1547 2650 Gre‘gOrii’
1564 2606 1704 2650 wq‘ua’l'es
1726 2608 1805 2647 fuis-

180 2664 264 2695 sent,
289 2659 407 2692 indicia
427 2658 701 2698 conquisivimus,
722 2654 808 2690 unde
829 2659 935 2690 solum
954 2658 993 2689 ad
1015 2657 1228 2698 quaestionem
1248 2658 1466 2689 dirimendum
1492 2655 1700 2690 anmorttbtes
1727 2660 1802 2698 peti,

180 2711 210 2737 ct
227 2710 378 2749 tanquam
393 2703 432 2737 ex
444 2707 511 2737 veri
538 2705 684 2738 fontibus
696 2706 820 2737 hauriri
835 2710 992 2746 poterant.

221 2764 292 2794 Post
305 2763 372 2795 hmc
385 2762 710 2803 indagandumetiam
727 2763 928 2799 censuimus,
945 2770 1041 2802 quam
1063 2768 1155 2794 vetus
1171 2764 1209 2794 de
1227 2764 1287 2795 viri
1304 2764 1471 2796 Sanctitate
1485 2766 1598 2803 opinio
1615 2767 1647 2797 in
1662 2765 1806 2798 nectes-ra

178 2811 303 2842 Suis-.et.
317 2812 413 2852 Cujus
425 2813 471 2843 rei
485 2815 580 2844 causa
593 2816 698 2843 vetera
711 2812 742 2842 in
757 2812 869 2850 primis
885 2812 1069 2843 Latinorum
1084 2812 1322 2852 Martyrologia‘,
1333 2809 1708 2853 emco'rumquctsomaa
1720 2818 1808 2846 Scru-
