2086 3155
251 202 306 234 529
691 205 820 237 STEPlI.
841 205 999 237 ANTONU
1019 205 1072 236 MO

1049 205 1210 236 ORCELLl
1229 204 1440 235 ΡΒΔΕΕΑΤΙΟ.
1821 201 1872 234 53ῢ

255 259 312 292 tari
329 267 412 300 opus
426 259 487 292 fuit
506 272 514 292 :
538 261 624 295 unde
652 263 835 305 testimonia
851 264 1062 302 sumpsimus,
1081 271 1154 303 quae
1175 262 1313 300 reperire
1344 261 1506 300 potuimus
1535 263 1656 290 vetusta
1679 261 1776 298 atque
1797 257 1878 288 illu-

252 308 343 341 stria.
362 317 467 347 neque
486 308 621 340 aliunde
636 311 723 351 quod
742 311 805 349 peti
822 311 938 350 potuit,
954 310 1145 350 neglectum,
1163 319 1228 350 quo
1245 309 1391 349 Gregorii
1408 307 1508 339 nostri
1523 307 1720 338 sanctitatem
1735 309 1876 337 testatum

256 363 360 395 magis
375 355 537 396 etjamdiu
552 357 710 397 cognitam
726 367 762 388 ac
778 358 976 390 manifestam
989 361 1247 390 ostenderemus.

297 430 514 462 Adnectendm
540 432 680 472 denique
706 433 756 464 his
780 433 872 464 fuere
894 438 1039 465 veterum
1065 443 1195 476 quoque
1221 431 1648 481 scriptorumauctoritates,
1679 429 1868 481 quicunque

256 478 406 516 Gregorii
432 479 541 510 Iaudes
565 484 595 510 et
614 481 790 512 doctrinam
811 482 1036 513 celebrassent.
1055 483 1245 521 Quanquam
1273 488 1346 510 vero
1366 479 1569 517 scriptOrum,
1586 477 1642 516 qui
1667 481 1790 508 aetatem
1807 477 1878 514 ejus

261 525 406 563 proxime
425 528 588 563 consecuti
608 533 696 564 sunt,
714 531 866 568 paucitas,
883 539 940 560 nec
959 530 1065 561 minus
1081 534 1281 564 caeterorum,
1299 527 1355 566 qui
1372 526 1489 557 deinde
1504 525 1607 560 fuere.
1620 524 1784 555 Silentium
1802 523 1880 554 θῒῖθο

258 572 299 602 cit
323 577 357 603 ut
383 573 414 603 in
431 578 603 606 scrutando
633 575 743 607 felices
768 585 831 608 non
856 586 1020 614 essemus,
1049 577 1206 608 nonnulla
1240 580 1342 606 tamen
1367 573 1508 612 reperire
1533 573 1634 624 licuit,
1658 580 1731 624 quas
1756 572 1788 624 in
1811 571 1880 624 ipsa

258 623 438 659 temporum
460 623 709 662 perturbatione,
725 629 755 654 at
769 634 820 663 [ne
841 625 873 656 in
894 626 1017 663 magnis
1036 625 1102 655 illis
1122 624 1256 655 inscitia)
1273 621 1416 654 tenebris
1435 621 1562 652 virtutis
1579 625 1609 652 et
1624 620 1796 660 sapientia)
1812 620 1883 658 ejus

260 668 445 699 memoriam
465 670 577 709 perdiu
595 673 678 710 apud
692 672 840 703 homines
858 673 1014 704 mansisse
1030 673 1202 704 declarent.

297 741 364 772 Iam
381 742 431 772 his
449 743 629 782 defunctus,
648 745 726 777 illud
745 748 939 786 praecipuum
956 747 1158 787 maximeque
1174 751 1390 787 opportunum
1407 746 1600 783 existimavi,
1617 748 1650 775 ut
1666 744 1705 774 de
1721 741 1866 780 Gregorii

260 789 397 828 scriptis.
416 799 553 830 quorum
570 793 679 824 titulos
695 794 807 826 afferre
828 804 966 834 possem,
980 795 1126 826 nonnihil
1144 795 1350 831 dissererem,
1367 795 1471 826 fusius
1496 802 1569 825 vero
1592 793 1629 823 de
1648 790 1883 823 Commentario

260 837 366 875 ipsius
384 838 415 868 in
434 839 646 872 Ecclesiasten
677 842 768 873 libris
784 843 894 874 decem
912 844 1073 879 absoluto,
1091 844 1145 882 qui
1168 847 1229 874 tam
1245 851 1318 874 sero
1335 844 1367 874 in
1385 843 1487 874 lucem
1506 850 1554 872 me
1574 845 1702 872 auctore
1725 839 1878 878 prodiret.

261 885 371 925 Itaque
387 886 470 917 scire
485 895 597 920 omnes
615 889 713 926 volui,
731 890 823 930 cujus
840 891 894 921 ille
914 883 945 922 in
971 900 1084 922 manus
1110 892 1246 930 primum
1267 894 1418 928 venisset,
1446 890 1565 930 quibus
1590 888 1708 920 deinde
1730 886 1879 926 cognitus

261 932 386 970 fuisset,
407 935 445 965 ad
459 943 540 973 quos
559 937 685 968 demum
703 938 824 969 delatus
855 943 952 970 esset.
971 938 1103 978 Aliquid
1121 940 1216 970 etiam
1239 939 1398 970 interesse
1430 938 1551 979 putavi,
1570 937 1595 967 si
1617 935 1794 967 accuratius
1825 935 1885 965 do-

262 988 367 1012 cerem
396 991 491 1021 quam
510 984 578 1022 ipse
597 993 724 1024 operam
743 986 774 1017 in
797 995 836 1018 eo
859 987 982 1019 edendo
1004 980 1264 1026 illustrandoque
1284 996 1469 1018 navassem:
1490 994 1562 1026 qum
1584 984 1751 1023 scriptoris
1771 983 1882 1022 praeci-

263 1037 335 1067 pua;
350 1028 473 1066 laudes,
490 1039 561 1070 quae
576 1033 684 1070 operis
699 1042 834 1071 summa,
850 1043 923 1074 quae
938 1036 1047 1074 gratia,
1066 1045 1138 1076 quae
1155 1036 1274 1068 utilitas
1289 1045 1360 1067 esse
1377 1036 1551 1067 videretur.
1566 1037 1669 1074 Atque
1687 1033 1793 1063 hocin
1813 1034 1881 1062 loco

264 1076 368 1107 oblata
383 1078 478 1108 etiam
495 1080 618 1110 occasio
634 1084 681 1110 est
703 1081 889 1121 inquirendi
906 1083 944 1112 de
969 1084 1132 1114 veteribus
1153 1093 1312 1115 sacrarum
1331 1084 1520 1114 Litterarum
1538 1079 1790 1120 exemplaribus,
1809 1087 1882 1118 ‘1"8’

265 1124 379 1162 priscis
399 1126 550 1157 Ecclesiae
562 1128 706 1158 Patribus
723 1129 754 1159 in
776 1139 835 1160 usu
850 1129 982 1167 fuerint,
996 1140 1067 1162 cum
1083 1132 1207 1163 scilicet
1223 1131 1348 1162 codices
1365 1139 1478 1170 magno
1495 1131 1615 1169 ubique
1631 1128 1731 1167 pretio
1744 1129 1883 1162 stabant:

266 1180 324 1203 nec
342 1174 536 1211 optimorum
559 1175 844 1208 describenderum
872 1179 965 1216 copia
984 1180 1103 1219 cuique
1130 1188 1258 1219 semper
1285 1183 1363 1210 erat.
1386 1178 1529 1210 Subinde
1556 1185 1632 1208 vero
1652 1183 1779 1207 causam
1805 1175 1882 1205 item

265 1220 517 1257 iuvestigandam
533 1227 628 1262 atque
644 1225 837 1256 affereudam
852 1226 1005 1263 duxi,cur
1017 1228 1192 1266 Gregorius
1209 1227 1477 1258 Commentarium
1494 1234 1589 1257 suum
1605 1225 1713 1255 Graeco
1731 1230 1881 1253 sermone

265 1268 325 1298 sibi
339 1269 542 1302 scribendum
558 1273 757 1311 existimarit,
778 1276 839 1314 [ut]
854 1276 908 1315 qui
925 1277 1034 1312 Latina
1062 1277 1094 1307 in
1113 1276 1253 1307 Ecclesia
1278 1278 1382 1312 natus,
1408 1274 1585 1314 Latinoque
1610 1273 1672 1303 ritu
1690 1271 1790 1302 factus
1815 1270 1884 1308 epi-

265 1324 395 1354 scopus.
415 1319 520 1349 Latina
538 1320 676 1358 profecto
694 1330 827 1353 noscere
842 1328 872 1353 et
892 1328 1023 1355 tractare
1039 1324 1199 1355 debuerit.
1215 1324 1289 1354 Haec
1304 1323 1412 1354 omnia
1435 1322 1634 1361 Gregoriano
1651 1319 1748 1358 Operi
1765 1319 1879 1358 prmire

267 1364 372 1401 volui,
389 1367 490 1405 utqui
506 1369 543 1398 ad
561 1368 731 1408 legendum
747 1371 945 1408 accederent,
957 1372 987 1403 in
1003 1372 1072 1403 luce
1086 1372 1195 1412 aliqua
1213 1375 1426 1408 versarentur,
1443 1376 1473 1402 et
1489 1368 1720 1410 quastiouibus
1737 1367 1776 1399 de
1791 1366 1882 1398 illius

266 1418 395 1444 auctore
412 1416 589 1454 explicatis,
605 1417 732 1452 lectioni
752 1418 907 1453 libentius
921 1419 1133 1460 indulgerent.

308 1487 453 1519 Invenies
470 1489 566 1528 igitur
589 1490 695 1529 ipsum
724 1492 866 1532 denique
892 1493 1174 1531 Commentarium,
1200 1501 1281 1531 opus
1303 1493 1431 1523 doctum
1455 1491 1546 1530 plane
1573 1500 1631 1523 nec
1657 1491 1881 1529 incomptum:

267 1533 414 1566 invenies
430 1537 523 1568 simul
535 1542 633 1569 totum
649 1539 720 1570 libri
734 1541 933 1572 Ecclesiaste:
949 1545 1143 1578 contextum,
1155 1541 1281 1580 qualem
1292 1549 1308 1571 a
1324 1540 1479 1579 Gregorio
1496 1541 1609 1571 lectum
1621 1540 1886 1578 descriptumque

267 1584 461 1622 accepimus,
480 1595 552 1625 qum
573 1588 702 1626 quidem
727 1589 876 1628 religiose
891 1597 926 1620 ac
942 1590 1071 1620 totidem
1090 1589 1196 1620 verbis
1225 1589 1348 1627 vulgata
1363 1597 1380 1618 a
1403 1596 1452 1618 me
1470 1596 1540 1619 esse
1558 1587 1716 1626 proﬁteor,
1734 1595 1792 1617 nec
1818 1586 1886 1616 ullo

269 1634 356 1662 aucta
377 1633 592 1665 additamento
611 1639 721 1673 praeter
736 1644 898 1672 numeros,
912 1645 993 1676 quos
1010 1641 1043 1668 ut
1057 1637 1260 1673 ascriberem,
1280 1636 1452 1666 mditoruiu
1470 1644 1520 1666 me
1537 1635 1750 1671 consuetudo,
1772 1638 1802 1664 et
1815 1634 1886 1674 ipsa

270 1681 314 1710 rei
337 1681 455 1710 utilitas
472 1682 645 1714 admonuit.
665 1685 703 1714 At
726 1693 801 1715 vero
820 1683 913 1722 infra,
932 1688 966 1715 ut
991 1693 1058 1716 mos
1082 1689 1140 1721 est,
1164 1684 1309 1717 alnotatu
1331 1683 1502 1714 identidem
1522 1683 1644 1720 videas,
1661 1691 1731 1722 quas
1758 1682 1892 1713 maxime

271 1727 387 1768 legenti
413 1729 500 1760 utilia
529 1733 559 1760 et
589 1735 674 1770 grata
706 1731 773 1762 fore
803 1732 956 1771 judicavi,
986 1742 1002 1764 e
1031 1733 1149 1773 quibus
1178 1731 1237 1762 alia
1272 1731 1362 1768 sacri,
1382 1731 1455 1767 libri
1493 1731 1669 1770 cognitioni
1701 1730 1890 1770 intelligen-

271 1775 386 1813 tiieque
423 1778 617 1816 conducant,
652 1779 713 1810 alia
748 1780 889 1818 Gregorii
922 1780 1104 1819 interpretis
1139 1780 1311 1811 sententias
1347 1783 1380 1810 et
1417 1779 1590 1810 doctrinam
1626 1779 1796 1810 illustrem.
1841 1779 1884 1813 Ex

268 1821 317 1854 his
349 1832 444 1863 porro
478 1825 505 1855 si
536 1826 687 1866 pleraque
715 1837 732 1857 e
768 1828 882 1864 medio,
905 1832 939 1858 ut
966 1829 1069 1865 aiunt,
1106 1833 1233 1867 sumpta
1264 1836 1335 1858 esse
1361 1828 1538 1867 putaveris,
1568 1835 1673 1866 neque
1700 1836 1782 1858 nova
1830 1827 1890 1858 diri

271 1878 364 1907 posse
382 1874 434 1901 aut
451 1873 608 1903 recondita
623 1882 631 1910 ;
647 1883 686 1904 ne
703 1874 758 1905 tibi
781 1875 981 1914 persuadeas,
1000 1884 1035 1906 ea
1053 1875 1149 1914 pluris
1167 1885 1184 1907 a
1209 1885 1258 1906 me
1283 1876 1446 1912 venditari,
1466 1884 1560 1915 quam
1578 1875 1721 1915 ipsorum
1743 1876 1784 1906 sit
1810 1883 1882 1914 pre-

270 1917 366 1949 tium:
388 1920 442 1950 sed
459 1920 518 1951 hoc
545 1925 663 1953 tantum
684 1931 731 1953 me
760 1923 901 1954 sensisse
929 1926 1055 1960 statuas,
1074 1925 1149 1955 usui
1172 1924 1305 1956 fortasse
1329 1928 1423 1963 atque
1445 1923 1678 1954 oblectamento
1705 1923 1888 1962 legentibus

270 1963 384 2003 futura,
401 1969 484 2007 quod
502 1969 648 2000 nimirum
667 1979 741 2001 suos
758 1971 790 2001 in
809 1970 893 2002 locos
908 1974 1055 2009 congesta
1070 1975 1100 2003 et
1115 1972 1276 2012 quaerendi
1294 1972 1432 2003 laborem
1454 1972 1607 2008 adimere,
1623 1975 1654 2002 et
1670 1971 1884 2010 cognoscendi

271 2015 382 2046 atl‘erre
399 2016 589 2056 voluptatem
603 2027 696 2058 posse
714 2019 905 2051 viderentur.
920 2019 1033 2060 Ecquis
1050 2019 1133 2051 enim
1151 2024 1222 2060 post
1235 2024 1336 2050 tantos
1351 2021 1514 2051 doctorum
1533 2019 1671 2049 virorum
1690 2018 1813 2050 labores
1828 2019 1888 2049 huc

272 2071 355 2093 nunc
372 2065 514 2104 recipere
541 2067 651 2105 possit,
666 2076 700 2098 se
716 2068 794 2098 nihil
812 2069 1029 2108 expositurum
1045 2068 1134 2108 quod
1154 2068 1307 2098 intactum
1323 2076 1385 2098 non
1403 2067 1452 2103 sit,
1469 2071 1524 2098 aut
1543 2066 1628 2098 nulla
1649 2066 1785 2098 aliorum
1802 2075 1890 2098 com-

272 2113 464 2144 meniatioue
477 2113 649 2144 delibatum
663 2116 677 2145 ?

310 2184 434 2215 Indices
445 2184 570 2216 demum
585 2187 758 2218 desiderari
772 2188 871 2225 nolui,
889 2189 1003 2228 quibus
1017 2198 1100 2229 saepe
1118 2197 1229 2228 magna
1244 2197 1281 2219 ex
1298 2190 1384 2227 parte
1400 2187 1618 2219 stutiiosOi-um
1636 2186 1762 2218 levatur
1783 2186 1892 2216 labor:

273 2232 429 2272 etfeeique
460 2237 494 2264 ut
515 2235 672 2274 quidquid
691 2239 755 2266 toto
775 2236 806 2266 in
826 2236 986 2268 volumine
1009 2238 1077 2268 sive
1107 2246 1213 2268 rerum
1239 2237 1305 2267 sive
1323 2237 1492 2266 verborum
1520 2235 1613 2271 inest,
1637 2236 1723 2274 quod
1745 2235 1859 2273 cuiqna
1875 2246 1890 2263 η

273 2288 463 2318 cognoscere
485 2281 665 2320 aliquando,
685 2286 738 2313 aut
753 2283 924 2322 relegendo
940 2284 1139 2323 perpendere
1153 2293 1234 2324 opus
1249 2284 1356 2320 fuerit,
1374 2283 1545 2323 diligenter
1559 2288 1632 2313 aute
1652 2282 1762 2313 oculos
1779 2290 1893 2322 pl‘Opn-

273 2326 366 2358 situm
383 2329 472 2359 nullo
491 2330 618 2368 negotio
635 2330 779 2361 invenire
795 2331 933 2370 quisque
949 2332 1059 2371 pessit.

312 2398 417 2429 Habes
434 2399 580 2430 editionis
596 2409 762 2438 summam,
779 2409 950 2441 opermque
965 2410 1000 2431 ac
1015 2402 1111 2433 studii
1127 2403 1187 2433 mei
1202 2405 1350 2433 conatum
1366 2400 1537 2441 quemdam
1549 2404 1579 2432 et
1595 2399 1867 2431 adumlirationem
1883 2410 1890 2428 :

273 2446 372 2483 unde,
388 2447 512 2485 Opinor,
535 2449 710 2488 intelligere
735 2458 843 2488 queas,
869 2454 901 2480 ut
919 2454 1030 2481 caetera
1050 2450 1223 2484 defuerint,
1240 2449 1436 2488 diligentiam
1452 2452 1536 2480 certe
1563 2448 1737 2479 adhibitam
1754 2454 1835 2482 esse,
1853 2455 1892 2476 us

273 2495 346 2524 novi
363 2495 468 2534 operis
487 2496 584 2526 editio
604 2497 709 2527 multis
724 2497 845 2537 culpari
860 2502 978 2538 posset.
995 2498 1118 2529 Utinam
1135 2503 1164 2529 et
1191 2499 1280 2538 plura
1300 2497 1400 2529 sancti
1419 2497 1515 2537 hujus
1537 2497 1593 2527 viri
1614 2496 1730 2536 scripta
1749 2495 1889 2534 reperire

275 2541 435 2573 licuisset!
456 2552 528 2582 qum
554 2545 684 2583 quidem
707 2545 747 2576 ab
769 2546 826 2576 illo
849 2546 955 2576 relicta
976 2555 1045 2577 esse
1071 2547 1198 2583 scimus,
1220 2547 1274 2577 sed
1302 2550 1488 2577 vetustatem
1515 2551 1619 2577 tamen
1648 2544 1813 2583 pertulisse
1837 2543 1889 2573 vix

273 2591 441 2622 credimus.
459 2592 534 2622 Nam
556 2596 711 2631 quantum
731 2603 768 2623 ex
786 2602 895 2624 eorum
912 2594 1000 2625 libris
1025 2595 1079 2634 qui
1096 2594 1303 2625 bibliothecas
1318 2599 1442 2625 veteres
1458 2593 1586 2625 scrutati
1602 2597 1686 2629 sunt,
1703 2598 1895 2630 cognOScere

275 2639 446 2676 potuimus,
463 2648 623 2679 nusquam
638 2641 780 2680 Gregorii
795 2642 893 2672 nostri
911 2643 1041 2672 nomine
1057 2642 1240 2679 inscriptum
1257 2642 1431 2682 quidquam
1444 2642 1570 2674 emersit
1594 2641 1760 2677 hactenus,
1773 2638 1894 2670 nedum

274 2686 307 2716 in
319 2695 411 2718 usum
426 2687 591 2719 hominum
608 2697 784 2728 manusque
803 2690 958 2728 pervenit.

313 2763 390 2800 Quae
411 2772 482 2794 cum
498 2764 540 2795 ita
558 2764 632 2802 sint,
650 2765 699 2796 vel
717 2765 778 2796 hoc
797 2775 893 2797 unum
922 2776 939 2798 a
966 2767 1059 2798 nobis
1086 2768 1316 2798 munusculum
1340 2767 1442 2799 libens
1464 2767 1593 2806 accipiat
1614 2765 1752 2796 Ecclesia
1772 2769 1891 2800 sancta,

274 2811 419 2842 catholici
436 2812 572 2843 nominis
598 2821 711 2851 parens
736 2817 832 2853 atque
854 2815 964 2846 altrix:
983 2815 1043 2846 hoc
1063 2815 1176 2846 habeat
1191 2819 1308 2847 nostrae
1331 2817 1443 2855 pignus
1459 2815 1645 2850 voluntatis.
1663 2814 1761 2846 nostri
1777 2814 1895 2845 amoris

275 2857 353 2889 indit
365 2859 440 2896 ium,
458 2868 523 2899 quo
539 2868 608 2891 eam
626 2860 735 2901 utique
746 2861 985 2902 amplectimur,
1008 2864 1037 2894 ei
1058 2863 1122 2894 lmti
1136 2865 1304 2901 servimus,
1322 2873 1392 2895 cum
1415 2872 1451 2895 ea
1467 2863 1597 2900 sentire,
1614 2863 1647 2894 in
1664 2863 1737 2894 sinu
1763 2863 1832 2912 ejus
1850 2871 1897 2912 vt-

279 2916 353 2940 vere
371 2918 406 2940 ac
420 2910 499 2941 mori
522 2910 613 2943 dulce
631 2913 660 2942 et
676 2911 827 2943 decorum
841 2917 1000 2953 putamus.
1015 2913 1046 2945 Si
1066 2913 1137 2955 plus
1158 2913 1230 2945 dare
1249 2913 1308 2952 ipsi
1333 2921 1396 2944 non
1422 2910 1605 2952 possumus,
1623 2911 1649 2946 si
1676 2909 1826 2951 maguum
1845 2909 1898 2944 illa
