2086 3155
183 137 234 168 ὗΞἹ
614 131 745 162 STEPlI.
772 132 928 162 ANTOXII
958 131 1006 161 MC

988 130 1149 161 oaccm
1175 128 1382 161 ramento.
1519 111 1531 115 “
1755 127 1808 157 ενα

183 192 270 229 lique
288 188 348 219 hoc
364 191 394 219 et
412 187 579 226 superiore
600 189 717 218 saeculo
739 189 862 227 experti
881 193 968 224 sunt,
986 187 1173 227 quicunque
1194 185 1339 217 excussis
1363 183 1628 215 bibliothecarum
1657 183 1805 223 antiquis

181 237 358 271 codicibus.
378 241 521 266 veterum
537 240 817 275 auctorum‘opera
836 234 884 266 vél
906 236 998 276 primi
1023 235 1216 272 emiserunt,
1244 234 1293 264 vel
1323 237 1413 264 aucta
1443 236 1474 263 et
1492 233 1661 263 emendata
1689 233 1805 262 iterum

181 282 304 315 edenda
322 287 485 314 curarunt.
502 284 624 314 Horum
652 284 740 314 enim
768 285 928 315 editiones
949 284 1004 314 sio
1020 284 1214 322 plerumque
1244 281 1389 321 probata)
1409 285 1495 317 sunt,
1512 285 1546 311 ut
1561 288 1670 311 earum
1693 288 1807 312 exem—

182 332 281 371 plaria
299 332 508 371 cupidissime
528 331 666 370 quisque
691 331 873 370 amplexus,
898 332 930 362 in
957 333 1151 364 bibliotheca
1177 340 1235 362 sua
1263 331 1440 362 desiderari
1470 330 1622 366 noluerit,
1639 339 1741 370 eaque
1772 334 1804 360 et

181 380 368 412 charissima
385 380 507 417 habeat,
528 384 558 411 et
571 380 821 419 diligentissime
840 382 992 417 retineat;
1013 381 1093 412 hanc
1108 381 1149 411 ob
1167 387 1293 410 causam
1312 387 1360 409 me
1377 387 1507 417 quoque
1526 379 1704 418 sumpsisse
1726 379 1798 409 ani-

183 437 250 458 mos
269 428 381 464 fateor,
399 427 604 458 necinvitum
623 428 653 457 in
671 427 703 458 id
724 428 897 459 consilium
916 430 1055 466 venisse,
1070 433 1102 459 ut
1118 429 1164 459 vel
1185 429 1286 466 impar
1302 427 1390 466 operi
1408 428 1679 458 Commentarium
1697 426 1799 458 sancti

183 476 326 515 Gregorii
344 476 371 506 ll
388 475 545 514 pontificis
561 476 858 514 Agrigentinorum,
883 485 977 516 quem
996 486 1091 508 nemo
1110 477 1214 507 adhuc
1230 485 1247 506 e
1268 475 1409 506 tenebris
1427 475 1604 511 eduxisset,
1627 475 1749 514 primus
1766 475 1799 505 in

185 524 286 554 iurem
307 523 472 554 hominum
486 523 768 562 celebritateinque
785 525 1149 556 revocaremuvmebam
1167 525 1265 560 enim,
1279 524 1337 554 etsi
1354 524 1392 553 de
1414 531 1497 561 penu
1516 531 1586 553 meo
1606 531 1716 561 pauca,
1739 531 1796 554 nec

185 572 246 602 nisi
265 571 372 609 exigui
391 570 482 609 pretii
503 570 642 609 proferre
657 579 797 609 possem,
813 572 919 610 ipsum
938 577 1041 603 tamen
1063 581 1144 610 opus
1160 572 1340 609 antiquutn,
1357 579 1415 601 nec
1429 571 1532 600 adhuc
1551 570 1716 600 licuiinum
1735 578 1801 600 ma-

185 619 279 649 nibus
296 620 417 655 tritum,
436 619 534 648 instar
549 619 670 658 egregii
689 619 831 649 muneris
847 618 1004 653 futurum.
1020 628 1086 659 quo
1102 628 1135 650 5e
1149 619 1265 650 eruditi
1288 619 1344 648 viri
1359 626 1375 648 a
1391 627 1439 648 me
1454 618 1588 648 donatos
1606 618 1799 649 laetarentur:

185 667 355 705 praesertim
372 675 443 697 cum
461 674 498 696 eo
519 667 612 696 etiam
632 667 760 696 nomine
776 668 937 706 permagni
952 669 1016 698 tieri
1035 672 1207 706 Oporteret,
1224 667 1309 706 quod
1328 675 1389 697 non
1414 665 1525 705 privati
1544 667 1682 696 hominis
1701 666 1796 697 lucu-

184 715 296 750 bratio,
316 714 371 744 sed
389 713 530 753 episcopi
545 714 773 744 documentqu
793 719 889 745 essm.
905 716 985 751 Quae
1001 715 1087 746 enim
1103 716 1142 746 ab
1157 715 1318 753 ρρὶεοορὶε
1333 714 1450 752 Scripta
1469 714 1664 753 accepimus,
1683 722 1717 743 ea
1731 722 1795 745 non

183 763 327 800 ipsorum
344 765 465 791 tantum
481 760 624 791 animum
640 765 670 793 et
689 769 782 792 sensa
799 763 949 800 produnt,
965 763 1021 792 sed
1042 763 1188 793 Ecclesiae
1205 763 1312 798 etiam,
1325 763 1375 792 cui
1397 762 1562 800 praefuere,
1578 762 1800 791 testimonium

183 810 428 849 impertiuntur:
446 812 479 839 ut
495 817 566 839 cum
583 808 616 839 in
633 809 848 848 Singularium
873 810 1087 841 Ecclesiarum
1112 819 1273 841 consensu
1293 809 1479 840 catholicam
1496 809 1671 840 doctrinam
1696 817 1795 848 agno-

183 866 321 894 scamus,
337 857 559 896 episcoporum
585 864 681 896 opera
708 858 739 887 in
763 857 874 896 primis
893 857 1012 897 vulgari
1041 858 1169 898 legique
1187 858 1325 888 intersit.
1346 858 1455 896 Itaque
1483 866 1539 887 eos
1570 857 1726 892 maxime,
1749 856 1806 896 qui

184 906 311 937 tuenda:
326 905 493 944 religionis
510 905 618 935 studio
634 905 776 944 ﬂagrant,
798 911 827 935 et
841 906 1093 936 Christianorum
1110 911 1288 944 temporum
1307 909 1525 941 monumenta,
1543 908 1639 944 atque
1658 905 1800 935 illustria

184 953 397 994 Ecclesjarum
413 953 525 984 decora
542 953 639 983 latere
656 954 775 991 dolent,
795 953 926 993 gratiam
951 962 1081 993 quoque
1099 953 1263 984 habituros
1288 953 1517 992 intelligebam,
1545 953 1632 992 quod
1656 957 1685 983 et
1703 961 1801 983 saera)

183 1002 335 1032 doctrinm
347 1000 437 1040 copia
453 1009 508 1040 per
524 1009 573 1031 me
590 1001 755 1038 crevisset,
767 1006 797 1031 et
814 1003 939 1032 Patrum
956 1002 1134 1041 priscorum
1150 1010 1265 1032 census
1282 1006 1392 1031 auctus
1409 1005 1504 1031 esset.
1520 1002 1623 1039 Atque
1635 1000 1689 1031 illa
1706 1001 1806 1031 etiam

183 1049 334 1088 cogitatio
355 1048 465 1084 subiit,
485 1048 702 1087 Agrigentinis
717 1049 931 1091 potissimum,
949 1053 978 1080 et
996 1050 1051 1089 qui
1065 1050 1232 1089 religionis
1249 1058 1324 1089 ergo
1336 1049 1580 1088 vigilantissime
1599 1049 1637 1079 iis
1656 1053 1806 1088 praeerat,

183 1096 261 1128 Viro
279 1094 534 1129 Eminentissimo
552 1099 692 1129 Antonio
716 1094 925 1129 Brancinforti
943 1098 1097 1129 cardinali
1119 1102 1244 1137 gratum
1272 1097 1332 1128 hoc
1355 1106 1393 1128 eo
1410 1097 1540 1128 nomine
1559 1105 1595 1128 ac
1618 1097 1801 1137 jucundum

184 1155 254 1177 esse
272 1146 400 1181 debere,
419 1146 503 1185 quod
529 1145 568 1176 ad
593 1154 704 1176 eorum
723 1146 771 1177 vel
796 1147 929 1185 gloriam
954 1147 1003 1177 vel
1025 1146 1212 1186 dignitatem
1233 1153 1296 1177 non
1318 1154 1429 1185 parum
1452 1146 1599 1177 conferre
1619 1146 1803 1176 videretur:

184 1203 310 1233 semper
334 1194 419 1224 enim
441 1193 598 1232 praecipua
614 1191 867 1226 Christianarum
887 1195 1016 1226 urbium
1034 1194 1102 1225 laus
1120 1194 1225 1225 h‘a’bita
1243 1190 1431 1230 est,.virum
1455 1193 1598 1233 aliquem
1616 1194 1801 1233 protulisse,

184 1243 277 1282 cujus
292 1242 435 1273 doctrina
455 1242 625 1272 Ecclesiam
643 1235 828 1279 illustr‘arit;
848 1252 906 1274 nec
926 1243 1041 1273 minori
1062 1243 1183 1273 honore
1200 1242 1222 1272 ii
1246 1242 1407 1273 honestari
1429 1246 1593 1280 putantur,
1611 1241 1731 1281 quibus
1747 1242 1802 1272 da-

185 1295 251 1320 tum
271 1294 318 1320 est
333 1290 475 1320 ean-idem
492 1289 636 1320 obtinere
652 1291 773 1328 sedem,
791 1291 822 1321 in
836 1298 898 1330 qua
913 1291 1013 1321 sancti
1030 1290 1181 1330 doctique
1194 1290 1255 1322 viri
1270 1291 1466 1322 claruerunt.

224 1359 284 1389 Sed
302 1362 404 1389 tamen
423 1357 577 1388 editionis
593 1367 700 1390 curam
722 1359 925 1397 suscipienti,
945 1367 985 1389 ne
1006 1358 1108 1389 sterili
1128 1358 1235 1389 labore
1253 1358 1335 1388 nihil
1357 1358 1425 1396 ipse
1447 1361 1705 1389 ornamentorum
1723 1358 1807 1389 libro

185 1407 347 1438 addidisse
362 1414 525 1444 arguerer,
541 1407 722 1438 conandum
744 1407 877 1437 omnino
896 1411 974 1444 erat,
997 1411 1033 1438 ut
1060 1407 1134 1438 nevi
1162 1405 1311 1444 prseterea
1334 1401 1469 1446 aliquid,
1488 1407 1573 1446 quod
1601 1406 1692 1437 omne
1708 1411 1805 1443 esset,

186 1454 361 1487 accederet,
377 1457 407 1484 et
425 1457 579 1492 quantum
596 1453 662 1484 ﬁeri
685 1451 803 1492 posset,
822 1456 921 1484 totum
938 1463 1019 1494 opus
1037 1456 1109 1494 ipso
1129 1463 1235 1495 rerum
1253 1456 1367 1486 ordine
1388 1459 1417 1485 et
1438 1454 1623 1494 scriptionis
1640 1446 1807 1494 diligentia

187 1501 350 1541 probabile
367 1501 566 1531 redderetur.
591 1501 658 1537 Qua
683 1501 714 1531 in
733 1509 766 1531 re
786 1501 960 1532 multorum
979 1511 1028 1533 me
1051 1504 1198 1542 exempla
1220 1505 1411 1539 excitabant.
1433 1504 1487 1543 qui
1521 1511 1593 1534 cum
1624 1504 1804 1542 praeclaris-

186 1551 265 1581 sima
283 1551 408 1580 Patrum
424 1549 540 1588 scripta
558 1550 734 1587 vulgarent,
751 1553 926 1588 etoperum
949 1550 1160 1589 plurimorum
1178 1551 1314 1582 editiOni
1332 1560 1439 1582 curam
1458 1552 1691 1589 impenderent,
1709 1551 1805 1582 otiicii

186 1604 289 1628 tamen
310 1598 360 1628 sui
383 1605 454 1627 esse
474 1597 649 1632 duxerunt,
668 1601 702 1627 ut
718 1597 877 1636 quidquid
896 1599 990 1628 etiam
1012 1599 1059 1628 vel
1081 1601 1118 1629 ad
1137 1600 1276 1630 auctoris
1292 1599 1418 1630 laudem
1434 1599 1615 1639 famamque
1634 1605 1805 1638 spectaret,

187 1646 234 1677 vel
251 1647 287 1676 ad
305 1645 494 1684 scriptorum
512 1644 757 1675 illustratiOuem
778 1643 947 1684 quamdam
965 1644 1270 1686 distinctionem’qiie
1289 1648 1554 1691 pertinercthnon
1579 1649 1671 1678 modo
1687 1649 1735 1686 [Ii]
1751 1649 1803 1679 di-

187 1695 323 1734 ligenter
339 1692 580 1732 conquirerent,
601 1694 655 1724 sed
681 1696 825 1724 accurate
850 1703 980 1733 quoque
1005 1702 1040 1724 ac
1062 1694 1243 1725 luculenter
1266 1696 1453 1726 disserendo
1470 1695 1680 1734 publicarent.
1701 1697 1804 1734 [gitur

185 1742 224 1772 nl)
240 1743 306 1781 ipsa
321 1742 459 1771 auctOris
475 1741 573 1771 nostri
589 1741 718 1772 historia
735 1742 955 1780 cognoscenda
974 1750 1121 1778 exorsus,
1140 1743 1215 1782 quia
1233 1744 1372 1774 nondum
1397 1744 1499 1774 lucem
1513 1744 1643 1774 vidisset
1658 1745 1805 1775 Graecum

187 1790 256 1829 ejus
274 1790 352 1819 Vita)
367 1789 538 1826 exemplar,
554 1798 648 1828 quam
664 1790 814 1819 Leontius
830 1790 974 1828 quidam,
994 1791 1101 1821 Romae
1120 1791 1196 1821 olim
1216 1792 1424 1830 Hegumenus
1439 1792 1648 1829 Sabaitarum,
1669 1793 1707 1823 de
1724 1793 1806 1824 Gre-

185 1838 277 1876 gorio
289 1837 427 1876 scripsit,
445 1836 503 1867 hoc
519 1837 596 1866 mihi
617 1845 679 1875 prin
695 1838 816 1868 caeteris
834 1839 1099 1877 perquirendnm,
1117 1844 1147 1870 et
1162 1840 1203 1871 ob
1218 1833 1439 1880 antiquitatem
1461 1841 1531 1880 ejus
1553 1850 1651 1872 unum
1677 1842 1806 1880 potissi-

187 1894 272 1916 mum
288 1885 448 1916 edendum
465 1885 662 1916 existimavi:
679 1885 726 1916 sic
740 1891 845 1916 tamen
868 1890 902 1918 ut
919 1890 993 1917 ante
1008 1888 1047 1918 de
1064 1888 1134 1926 ipso
1154 1888 1308 1928 scriptore
1325 1889 1550 1928 investigando
1581 1890 1804 1928 deprehende-

184 1943 264 1970 rem,
279 1933 351 1972 quis
368 1933 422 1964 ille
439 1937 578 1969 tandem,
594 1942 659 1973 quo
681 1933 762 1972 loco,
782 1943 845 1974 qua
861 1938 950 1966 mtate
966 1936 1153 1967 exstitisset.
1171 1929 1277 1976 Atque
1298 1937 1331 1967 in
1348 1936 1405 1967 hac
1422 1942 1528 1968 nostra
1556 1938 1804 1976 investigatione

186 1982 260 2012 novi
274 1981 396 2020 aliquid
417 1990 605 2020 expromere
623 1982 712 2012 licuit
728 1983 767 2012 de
786 1982 905 2021 insigni
934 1985 1124 2014 monasterio
1155 1985 1310 2020 Romano,
1327 1985 1412 2024 quod
1433 1986 1574 2024 antiquis
1606 1986 1805 2025 temporibus

187 2029 390 2069 magniSabaa
407 2028 551 2059 monachi
573 2029 669 2059 multa
681 2037 753 2059 cum
771 2031 862 2060 laude
880 2031 1100 2062 incoluerunt:
1117 2033 1148 2062 in
1166 2040 1232 2071 quo
1244 2037 1272 2062 et
1289 2033 1463 2071 Gregorius
1481 2037 1588 2064 noster
1614 2034 1806 2073 aliquandiu

187 2077 302 2116 hospes
319 2077 437 2108 dicitur
453 2086 523 2108 esse
545 2081 698 2108 versatus.
716 2078 785 2117 Ipsa
812 2087 887 2109 vero
911 2079 1034 2109 Leontii
1054 2079 1185 2118 scriptio
1206 2082 1306 2110 multo
1324 2081 1505 2111 uberiorem
1525 2081 1801 2120 disputationibus

185 2126 348 2155 materiam
362 2125 589 2164 suppeditavit.
609 2126 683 2155 Nam
700 2129 731 2155 et
750 2126 789 2156 de
807 2126 883 2156 viris
899 2127 1126 2165 inquirendum
1143 2127 1214 2163 fuit,
1231 2135 1368 2167 quorum
1389 2127 1504 2167 injecta
1523 2120 1644 2160 mentio
1661 2133 1756 2166 esset,
1774 2133 1805 2160 et

185 2179 365 2212 temporum
380 2173 519 2203 ineunda
535 2173 623 2209 ratio,
642 2173 721 2203 ultra
738 2182 810 2212 qua)
824 2182 994 2205 excurrere
1014 2174 1145 2205 historia
1160 2183 1221 2205 non
1241 2179 1359 2214 posset,
1375 2179 1406 2206 et
1424 2176 1489 2206 loca
1509 2176 1576 2215 ipsa
1593 2177 1804 2216 designanda.

185 2221 355 2260 inquibus
385 2221 508 2259 insigne
537 2220 658 2260 aliquid
684 2225 738 2251 aut
755 2221 837 2251 scitu
854 2221 985 2260 dignum
1012 2222 1188 2260 contigisse
1217 2223 1417 2262 proderetur.
1443 2224 1507 2254 Nec
1533 2233 1609 2255 sane
1635 2234 1731 2263 pauca
1748 2230 1803 2256 aut

184 2270 298 2308 exigua
321 2277 356 2300 eo
372 2270 479 2300 dicere
495 2269 568 2308 quis
590 2270 701 2307 ptissit,
718 2277 789 2308 quae
805 2270 914 2308 partim
934 2279 1013 2301 nova
1031 2280 1090 2301 nec
1104 2275 1177 2301 ante
1193 2271 1331 2310 cognita,
1351 2272 1466 2310 partim
1480 2272 1646 2303 emendata
1665 2281 1700 2303 ac
1717 2273 1806 2304 resti-

184 2323 262 2352 tuta,
281 2326 365 2348 nunc
381 2317 521 2356 denique
538 2319 640 2347 lucem
656 2321 822 2356 aspectura
839 2317 912 2347 sitit.

220 2379 302 2415 Quia
317 2387 392 2408 vero
416 2377 569 2408 Leontius
586 2376 693 2408 nullos
710 2377 851 2408 historiae
872 2387 942 2409 suae
959 2387 1060 2409 annos
1078 2379 1277 2417 ascripserat,
1304 2378 1481 2409 ordinanda
1505 2387 1635 2418 quoque
1659 2379 1803 2417 Gregorii

182 2428 244 2457 vita
262 2426 332 2462 fuit,
356 2430 386 2456 et
405 2425 510 2456 annali
533 2425 707 2465 proposito,
724 2435 773 2456 res
790 2426 860 2465 ejus
879 2431 986 2466 gestae,
1003 2431 1158 2466 quantum
1183 2426 1229 2457 fas
1253 2431 1350 2462 esset.
1372 2427 1409 2456 ad
1437 2431 1521 2457 certa
1543 2427 1602 2457 αθνὶ
1635 2426 1804 2457 intervalla

183 2475 368 2506 referendae.
386 2474 474 2505 Unde
488 2473 604 2504 factum
622 2478 681 2510 est,
699 2477 731 2504 ut
748 2475 916 2506 contraria
938 2475 1117 2511 sementim,
1135 2483 1206 2513 quae
1221 2476 1260 2505 de
1282 2475 1370 2505 illius
1390 2483 1459 2505 aevo
1480 2475 1563 2514 apud
1590 2475 1670 2506 alios
1693 2475 1802 2506 hacte-

180 2523 467 2557 nusobtinucrant,
479 2521 624 2552 funditus
637 2526 869 2559 everterentur,
886 2523 1043 2562 tertiaque
1060 2524 1363 2562 induceretur,quaa
1376 2523 1476 2553 firmis
1492 2523 1584 2562 plane
1601 2525 1800 2563 argumentis

180 2575 264 2601 stare
281 2570 447 2601 videatur:
461 2578 566 2609 neque
581 2570 667 2600 enim
684 2570 722 2601 ad
735 2578 804 2601 eam
814 2571 1062 2601 confirmandam
1082 2570 1272 2601 recentioris
1290 2570 1390 2600 ullius
1406 2570 1570 2610 scriptoris
1582 2572 1802 2602 testiinoriium

181 2626 302 2650 temere
319 2618 457 2658 amplexi
477 2627 610 2657 sumus;
626 2618 684 2650 sed
709 2618 877 2649 vetustatis
897 2622 1114 2652 monumenta,
1133 2623 1163 2648 et
1178 2621 1290 2648 e‘Orum
1318 2618 1375 2657 qui
1398 2619 1546 2658 (ἂι-οεοτῆ
1564 2615 1703 2659 tequa'tes
1726 2618 1804 2656 fuis-

179 2673 264 2705 sent,
289 2668 406 2701 indicia
427 2667 700 2707 conquisivimus,
721 2663 807 2698 unﬂe
829 2668 934 2699 solum
954 2667 992 2698 ad
1014 2666 1227 2706 quastionem
1247 2666 1466 2698 dirimendum
1492 2664 1699 2699 auetortttnes
1727 2669 1802 2707 peti,

180 2721 209 2746 ct
227 2720 377 2759 tanquam
392 2711 431 2746 ei
443 2716 510 2746 veri
537 2715 683 2747 fontibus
696 2714 820 2746 hauriri
835 2719 991 2755 poterant.

220 2775 290 2804 Post
305 2773 372 2805 hinc
384 2772 710 2813 indagandumetiam
727 2771 927 2808 censuimus,
945 2779 1040 2811 quam
1061 2776 1154 2802 vetus
1170 2772 1208 2803 de
1227 2772 1286 2803 viri
1303 2773 1470 2805 Sanctitate
1484 2775 1597 2811 opinio
1614 2776 1646 2806 in
1662 2774 1805 2806 Beelesia

177 2821 302 2852 fuis:et.
316 2821 471 2861 Cujasr'ci
485 2829 579 2853 causa
592 2825 697 2852 vetera
710 2821 741 2851 in
756 2821 868 2860 primis
884 2821 1069 2852 Latinorum
1083 2821 1321 2860 Martyrolo’gia‘,
1332 2815 1707 2862 Graecoruiuquehfrnm
1720 2827 1808 2855 Seru-
