2086 3155
250 200 306 233 529
690 203 820 237 STEPH.
841 203 999 234 ANTONII
1019 203 1072 234 ΜΟ

1050 203 1210 233 ORCELLl
1229 201 1440 234 ΡΒᾸΞΕΑΤΙΟ.
1821 197 1873 230 530

253 258 313 291 tari
329 266 412 299 opus
426 258 488 290 fuit
507 271 514 291 :
538 259 624 293 unde
652 261 836 303 testimonia
852 261 1061 300 sumpsimus,
1081 269 1154 301 quas
1175 259 1313 298 reperire
1344 258 1506 297 potuimus
1535 259 1655 288 vetusta
1679 257 1777 294 atque
1798 253 1878 284 illu-

252 307 345 340 stria;
362 315 467 346 neque
487 306 620 339 aliunde
636 309 723 349 quod
742 309 805 348 peti
822 309 938 348 potuit,
954 308 1146 347 neglectum,
1163 316 1228 348 quo
1246 306 1392 346 Gregorii
1409 305 1507 336 nostri
1523 305 1721 335 sanctitatem
1735 306 1877 333 testatum

256 362 360 394 magis
375 355 537 394 etjamdiu
553 355 710 396 cognitam
725 365 762 387 ac
778 356 976 388 manifestam
989 358 1247 387 ostenderemus.

297 428 514 460 Adnectendte
540 430 681 470 denique
706 431 757 461 his
781 431 872 463 fuere
895 436 1039 462 veterum
1065 440 1196 474 quoque
1221 427 1648 477 scriptorumauctoritates,
1679 425 1868 477 quicunque

256 477 407 515 Gregorii
432 477 542 508 laudes
566 482 596 509 et
615 479 790 510 doctrinam
811 480 1037 511 celebrassent.
1056 481 1245 518 Quanquam
1273 485 1346 507 vero
1367 475 1570 514 scriptorum,
1587 474 1642 513 qui
1667 477 1790 504 aetatem
1808 474 1878 510 ejus

261 524 407 562 proxime
425 526 588 562 consecuti
609 531 696 563 sunt,
714 529 867 566 paucitas,
883 537 940 558 nec
960 528 1065 559 minus
1082 532 1282 561 cancrorum,
1300 524 1356 564 qui
1373 523 1490 573 deinde
1505 522 1608 573 fuere,
1621 521 1785 573 silentium
1803 520 1880 573 eﬂ'e-

258 571 300 601 cit
324 576 357 602 ut
384 572 414 602 in
432 577 604 604 scrutando
633 573 744 606 felices
769 583 831 606 non
857 584 1020 612 essemus,
1049 575 1207 606 nonnulla
1241 578 1343 603 tamen
1368 570 1508 609 reperire
1534 569 1635 621 licuit.
1659 577 1732 621 ψξθθ
1757 567 1789 621 in
1812 567 1881 621 ills“

259 622 439 657 temporum
460 621 710 660 perturbatione,
726 627 756 653 at
769 632 821 661 pie
842 623 873 654 in
895 623 1018 661 magnis
1036 623 1103 653 illis
1123 622 1257 653 inscitia;
1274 618 1416 652 tenebris
1436 618 1563 649 virtutis
1580 621 1610 648 et
1625 616 1796 656 sapientiae
1813 616 1884 654 ejus

261 667 446 697 memoriam
466 669 578 708 perdiu
595 670 678 708 apud
692 670 840 701 homines
859 671 1015 701 mansisse
1031 671 1203 701 declarent.

298 740 365 770 Iam
382 740 432 771 his
449 741 629 780 defunctus,
648 743 726 775 illud
746 745 940 784 praecipuum
957 745 1159 784 maximeque
1175 749 1391 784 opportunum
1409 742 1601 780 existimavi,
1618 745 1651 771 ut
1668 740 1706 771 de
1722 737 1867 791 Gregorii

261 788 398 826 scriptis.
418 798 554 828 quorum
571 791 680 822 titulos
696 792 808 824 afferre
829 802 968 832 possem,
981 793 1127 823 nonnihil
1146 793 1351 828 dissererem.
1369 793 1473 824 fusius
1497 799 1570 822 vero
1593 790 1631 820 de
1649 788 1884 820 Commentario

262 836 367 874 ipsius
385 837 416 867 in
435 838 647 870 Ecclesiasten
678 840 769 871 libris
785 841 894 872 decem
913 841 1074 877 absoluto,
1091 841 1146 880 qui
1169 844 1230 871 tam
1247 849 1319 872 sero
1337 841 1368 871 in
1386 841 1489 871 lucem
1507 847 1556 869 me
1575 842 1704 868 auctore
1726 835 1880 874 prodiret.

263 884 373 923 Itaque
388 885 471 915 scire
486 893 599 918 omnes
616 887 714 925 volui,
732 888 824 928 cujus
841 889 895 919 ille
916 890 946 920 in
972 897 1085 920 manus
1111 889 1248 927 primum
1269 891 1420 925 venisset,
1447 887 1567 927 quibus
1591 885 1709 916 deinde
1732 882 1880 923 cognitus

263 931 387 969 fuisset,
408 933 446 964 ad
460 942 542 972 quos
560 935 686 966 demum
704 936 825 967 delatus
857 941 954 968 esset.
973 936 1105 976 Aliquid
1123 937 1217 967 etiam
1241 937 1400 967 interesse
1431 935 1552 976 putavi,
1571 934 1597 964 si
1618 932 1796 964 accuratius
1827 931 1887 961 do-

264 987 369 1010 cerem
398 989 492 1020 quam
511 982 580 1020 ipse
598 991 726 1022 Operam
744 985 776 1015 in
799 993 837 1016 eo
861 985 984 1016 eden'lo
1008 985 1266 1024 illustrandoque
1286 993 1471 1015 navassem:
1491 991 1563 1022 quae
1586 980 1752 1020 scriptoris
1773 979 1884 1018 [πιθοί-

265 1036 337 1066 puae
351 1027 474 1065 laudes,
491 1038 563 1068 quas
578 1031 685 1068 operis
700 1040 836 1068 summa,
852 1041 924 1072 quae
940 1034 1050 1071 gratia,
1067 1043 1140 1073 quas
1157 1034 1276 1065 utilitas
1291 1042 1362 1064 esse
1379 1033 1553 1064 videretur.
1568 1034 1670 1070 Atque
1689 1030 1747 1060 hoc
1763 1029 1795 1059 iu
1815 1030 1882 1058 loro

266 1075 369 1106 oblata
385 1076 478 1107 etiam
497 1078 619 1109 occasio
636 1082 683 1109 est
705 1079 890 1119 inquirendi
908 1081 946 1111 de
972 1082 1134 1112 veteribus
1154 1090 1314 1112 sacrarum
1333 1081 1521 1111 Litterarum
1540 1076 1792 1116 exemplaribus,
1810 1084 1883 1115 qum

266 1123 381 1161 priscis
401 1124 551 1156 Ecclesiae
563 1126 708 1157 Patribus
725 1127 756 1157 in
778 1137 837 1157 usu
852 1127 984 1165 fuerint,
997 1138 1069 1160 eum
1086 1129 1209 1160 scilicet
1225 1129 1350 1160 codices
1367 1136 1480 1167 magno
1497 1127 1617 1166 ubique
1633 1125 1733 1164 pretio
1746 1125 1884 1159 stabant,

267 1179 326 1202 nec
344 1173 538 1210 cptimorum
560 1174 845 1206 describendorum
875 1177 966 1214 capia
986 1178 1105 1217 cuique
1132 1186 1260 1216 semper
1287 1181 1365 1207 erat.
1389 1175 1532 1207 Subinde
1558 1182 1634 1205 vero
1654 1180 1781 1203 causam
1807 1172 1884 1202 item

267 1219 519 1257 investigandam
535 1225 630 1260 atque
646 1223 839 1254 aliereudam
854 1225 1007 1260 duxi,cur
1020 1226 1194 1264 Gregorius
1211 1224 1479 1256 Commentarium
1496 1231 1591 1254 suum
1607 1222 1715 1253 Graeco
1733 1227 1882 1250 sermone

268 1267 327 1297 sibi
341 1268 544 1300 scribendum
560 1272 759 1309 existimarit,
780 1274 841 1312 [ui]
856 1274 910 1313 qui
928 1274 1036 1310 Latina
1064 1275 1096 1304 in
1115 1274 1255 1304 Ecclesia
1280 1276 1384 1309 natus,
1410 1271 1587 1311 Latinoque
1611 1270 1674 1300 ritu
1692 1268 1792 1299 factus
1817 1267 1886 1305 epi-

267 1323 396 1353 scopus.
417 1317 522 1348 Latina
541 1318 678 1356 profecto
696 1328 828 1352 noscere
844 1326 874 1351 et
894 1326 1025 1353 tractare
1042 1321 1201 1353 debuerit.
1218 1322 1291 1352 Haec
1306 1321 1414 1351 omnia
1437 1319 1635 1359 Gregoriano
1653 1317 1750 1356 Operi
1767 1315 1881 1355 prayire

269 1363 373 1400 volui,
391 1369 424 1395 ut
438 1366 492 1404 qui
508 1367 545 1396 ad
563 1366 733 1406 legendum
749 1369 947 1406 accederent,
959 1370 990 1400 iu
1005 1370 1074 1401 luce
1089 1370 1197 1410 aliqua
1215 1373 1428 1406 versarentur,
1445 1373 1475 1399 et
1491 1365 1722 1407 quaestionibus
1739 1364 1778 1396 de
1793 1363 1884 1395 illius

268 1417 397 1443 auctore
413 1414 591 1453 explicatis,
607 1415 734 1450 lectioni
754 1416 909 1448 libentius
923 1417 1136 1458 indulgerent.

311 1486 455 1518 Invenies
472 1487 569 1527 igitur
591 1489 698 1527 ipsum
726 1490 867 1530 denique
894 1491 1176 1529 Commentarium,
1203 1499 1284 1529 opus
1305 1491 1433 1521 doctum
1457 1489 1549 1528 plane
1575 1497 1634 1520 nec
1659 1489 1884 1526 incomptum:

269 1532 416 1565 invenies
432 1535 525 1566 simul
537 1540 636 1567 totum
651 1537 722 1568 libri
736 1539 936 1570 Ecclesiastae
951 1543 1146 1575 contextum,
1157 1539 1283 1578 qualem
1295 1547 1310 1568 a
1326 1537 1482 1576 Gregorio
1498 1538 1612 1568 lectum
1623 1537 1889 1575 descriptumque

270 1583 464 1620 accepimus,
482 1593 556 1624 quae
575 1586 705 1624 quidem
729 1587 879 1626 religiose
893 1595 929 1618 ac
944 1588 1074 1618 totidem
1092 1587 1199 1618 verbis
1227 1586 1350 1625 vulgata
1365 1594 1382 1616 a
1405 1594 1454 1616 me
1472 1593 1542 1616 esse
1561 1584 1719 1623 profiteor,
1737 1592 1794 1614 nec
1821 1583 1888 1614 ullo

271 1633 358 1660 aucta
379 1631 595 1663 additamenta
613 1637 724 1671 praeter
738 1643 901 1670 numeros,
914 1643 995 1674 quos
1013 1639 1045 1666 ut
1059 1635 1262 1670 ascriberem,
1282 1633 1454 1664 ini'Iltorum
1473 1641 1522 1663 me
1540 1633 1753 1668 consuetudo,
1774 1635 1804 1662 et
1818 1631 1888 1671 ipsa

273 1679 316 1708 rei
339 1679 458 1709 utilitas
474 1680 648 1712 admonuit.
667 1683 705 1712 At
728 1691 804 1713 vero
822 1681 915 1720 infra,
935 1686 968 1713 ut
993 1691 1061 1714 mos
1084 1686 1142 1719 est,
1167 1682 1312 1715 adnotata
1333 1681 1505 1712 identidem
1525 1680 1646 1717 videas,
1664 1688 1734 1720 qua;
1760 1679 1893 1710 maxime

273 1725 389 1767 legenti
415 1727 502 1758 utilia
532 1731 561 1758 et
592 1733 677 1768 grata
709 1729 775 1760 fore
805 1730 958 1769 judicavi,
989 1739 1005 1761 e
1034 1731 1152 1770 quibus
1180 1729 1240 1760 alia
1275 1728 1357 1762 sacri
1384 1728 1458 1765 libri
1495 1728 1671 1767 cognitioni
1704 1727 1892 1767 intelligen-

274 1774 389 1812 liiEtllle
425 1776 619 1814 conducant,
654 1777 716 1808 alia
750 1778 892 1816 Gregorii
925 1778 1108 1816 interpretis
1141 1777 1314 1809 sententias
1350 1780 1383 1807 et
1420 1777 1593 1808 doctrinam
1629 1777 1798 1808 illustrem.
1843 1777 1887 1811 Ex

271 1819 320 1853 his
351 1831 446 1862 porro
481 1823 507 1854 si
538 1824 690 1864 pleraque
718 1834 735 1855 e
770 1825 885 1862 medio,
907 1830 941 1856 ut
969 1826 1072 1862 aiunt,
1109 1830 1236 1865 sumpta
1267 1833 1337 1856 esse
1364 1825 1541 1865 putaveris,
1571 1832 1675 1863 neque
1704 1833 1785 1855 nova
1833 1824 1892 1855 diri

274 1876 367 1906 posse
384 1873 437 1900 aut
453 1871 611 1901 recondita
625 1881 633 1908 ;
647 1881 689 1903 ne
706 1872 761 1903 tibi
785 1873 984 1912 persuadeas,
1003 1881 1039 1904 ea
1056 1872 1152 1912 pluris
1170 1883 1188 1904 a
1212 1883 1261 1904 me
1285 1873 1449 1910 venditari,
1469 1881 1563 1912 quam
1581 1873 1723 1912 ipsorum
1746 1873 1787 1903 sit
1813 1880 1885 1911 pre—

273 1915 369 1948 tium:
391 1918 445 1948 sed
461 1918 521 1949 hoc
548 1924 666 1950 tantum
686 1929 734 1951 me
763 1921 904 1952 sensisse
931 1924 1058 1958 statuas,
1077 1923 1153 1952 usui
1176 1921 1308 1953 fortasse
1332 1925 1426 1960 atque
1448 1920 1681 1952 oblectamento
1708 1919 1892 1959 legentibus

272 1962 387 2001 futura,
404 1967 487 2005 quod
505 1967 651 1998 nimirum
670 1976 743 1999 suos
760 1969 794 1999 in
811 1968 896 1999 locos
911 1972 1058 2007 congesta
1073 1973 1103 2001 et
1119 1969 1279 2010 quaerendi
1297 1969 1436 2000 laborem
1457 1969 1610 2005 adimere,
1626 1972 1657 1999 et
1673 1968 1887 2008 cognoscendi

273 2013 385 2044 atl‘erre
401 2014 591 2054 voluptatem
607 2025 699 2056 posse
716 2017 908 2048 viderentur.
923 2017 1036 2057 Ecquis
1053 2017 1136 2049 enim
1154 2022 1225 2057 post
1238 2021 1339 2048 tantos
1354 2018 1517 2048 doctorum
1537 2016 1674 2046 virorum
1693 2015 1816 2046 labores
1832 2015 1891 2046 hoc

275 2069 358 2092 nunc
375 2064 517 2102 recipere
545 2066 654 2104 possit,
669 2074 703 2096 se
718 2066 796 2096 nihil
815 2067 1032 2107 expositurum
1049 2065 1136 2106 quod
1158 2065 1310 2096 intactum
1326 2073 1388 2095 non
1406 2065 1455 2100 sit,
1472 2069 1528 2095 aut
1546 2063 1632 2095 nulla
1652 2063 1788 2095 aliorum
1805 2072 1892 2095 com-

274 2111 467 2142 mentatione
480 2111 652 2143 delibatum
665 2114 679 2143 ‘2

313 2183 437 2214 Indices
447 2183 573 2215 demum
589 2185 761 2217 desiderari
776 2186 874 2223 nolui,
892 2186 1007 2226 quibus
1020 2196 1103 2226 saepe
1121 2195 1232 2225 magna
1247 2195 1285 2216 ex
1301 2187 1388 2224 parte
1404 2185 1621 2216 studiosorum
1640 2183 1766 2214 levatur
1785 2183 1896 2213 labor:

275 2230 432 2270 etracique
463 2236 497 2262 ut
518 2233 675 2273 quidquid
694 2237 758 2264 toto
779 2234 809 2264 in
829 2234 989 2265 volumine
1013 2235 1081 2265 sive
1110 2243 1216 2265 rerum
1243 2234 1309 2264 sive
1327 2234 1495 2264 verbOrum
1522 2232 1617 2268 inest,
1641 2232 1726 2272 quod
1748 2231 1862 2270 cuiqua
1878 2243 1893 2259 ιι

276 2286 466 2317 cognoscere
489 2280 668 2319 aliquando,
689 2284 741 2311 aut
756 2281 927 2320 relegendo
943 2282 1142 2321 perpendere
1157 2290 1238 2321 opus
1253 2281 1360 2318 fuerit,
1377 2281 1548 2320 diligenter
1563 2285 1635 2310 aute
1656 2279 1764 2310 oculos
1783 2287 1896 2319 prepo-

276 2325 369 2356 situm
387 2327 475 2357 nullo
494 2328 622 2366 negotio
639 2328 782 2359 invenire
798 2329 936 2368 quisque
952 2330 1063 2369 possit.

315 2396 420 2427 Habes
437 2397 584 2428 editionis
599 2407 765 2436 summam,
783 2408 953 2439 operasque
968 2408 1003 2430 ac
1018 2400 1115 2430 studii
1131 2400 1190 2431 mei
1206 2402 1354 2430 conatum
1369 2397 1540 2438 quemdam
1553 2400 1583 2428 el.
1598 2396 1870 2427 adumbrationem
1886 2407 1893 2425 :

276 2445 375 2481 unde,
391 2446 515 2483 Opinor,
538 2447 713 2486 intelligere
739 2456 847 2486 queas,
872 2452 904 2478 ut
922 2452 1033 2478 caetera
1054 2447 1226 2482 defuerint,
1243 2447 1439 2486 diligentiam
1456 2449 1539 2477 certe
1566 2444 1740 2476 adhibitam
1757 2452 1838 2479 esse,
1856 2452 1896 2473 ne

276 2493 350 2522 novi
366 2494 472 2532 operis
491 2494 587 2524 editio
608 2496 713 2526 multis
728 2495 849 2534 culpari
863 2500 981 2535 posset.
998 2495 1122 2526 Utinam
1138 2501 1168 2526 et
1195 2496 1284 2535 plura
1304 2495 1404 2526 sancti
1424 2495 1519 2538 hujus
1541 2494 1596 2524 viri
1618 2493 1733 2533 scripta
1753 2492 1893 2531 reperire

278 2539 438 2572 licuisset!
460 2550 531 2581 quas
557 2543 688 2581 quidem
711 2543 750 2574 ab
772 2544 829 2574 illo
853 2543 959 2574 relicta
979 2553 1049 2575 esse
1074 2545 1202 2581 scimus,
1224 2545 1279 2575 sed
1306 2548 1492 2575 vetustatem
1520 2548 1622 2574 tamen
1652 2541 1817 2580 pertulisse
1841 2540 1893 2570 vix

277 2589 444 2620 credimus.
463 2590 539 2620 Nam
559 2595 714 2630 quantum
734 2600 772 2621 ex
789 2600 899 2622 eorum
915 2592 1004 2622 libris
1028 2593 1083 2631 qui
1100 2592 1307 2623 bibliothecas
1322 2597 1445 2623 veteres
1462 2590 1591 2622 scrutati
1606 2594 1690 2626 sunt,
1707 2596 1899 2627 cognoscere

279 2637 450 2674 potuimus,
468 2646 626 2677 nusquam
642 2639 784 2678 Gregorii
799 2640 897 2670 nostri
915 2641 1045 2670 nomine
1061 2640 1244 2677 inscriptum
1261 2639 1435 2679 quidquam
1448 2640 1574 2671 emersit
1599 2638 1764 2674 hactenus,
1777 2635 1898 2667 nedum

278 2685 310 2715 in
323 2693 414 2716 usum
430 2685 595 2717 hominum
611 2695 788 2726 manusque
807 2688 962 2726 pervenit.

317 2761 393 2798 Qum
414 2771 486 2793 cum
501 2762 543 2793 ita
561 2763 636 2800 sint,
654 2763 702 2794 vel
721 2763 782 2794 hoc
801 2773 897 2795 unum
925 2774 942 2796 ει
970 2765 1063 2796 nobis
1090 2766 1320 2796 munusculum
1344 2765 1446 2796 libens
1468 2764 1598 2803 accipiat
1618 2763 1757 2794 Ecclesia
1777 2766 1895 2797 sancta,

278 2809 422 2841 catholici
439 2811 575 2842 nominis
602 2819 716 2850 parens
740 2816 836 2852 atque
858 2813 968 2844 altrix:
987 2813 1047 2844 hoc
1067 2813 1180 2844 habeat
1195 2817 1311 2845 nostra)
1335 2814 1448 2853 pignus
1462 2813 1649 2847 voluntatis,
1667 2812 1766 2843 nostri
1782 2811 1899 2843 amoris

279 2856 356 2888 indit
368 2858 444 2895 ium,
461 2867 527 2898 quo
543 2867 612 2889 eam
629 2859 738 2899 utique
756 2859 989 2900 amplectimur,
1012 2861 1041 2892 ei
1062 2861 1125 2892 lmti
1141 2863 1309 2899 servimus,
1326 2870 1396 2893 cum
1419 2870 1455 2893 ea
1471 2860 1602 2897 sentire,
1618 2860 1652 2890 in
1668 2860 1741 2890 sinu
1768 2860 1836 2900 ejus
1855 2868 1901 2889 v1-

283 2915 357 2939 vere
375 2917 409 2939 ac
424 2909 504 2940 mori
526 2908 617 2941 dulce
634 2912 664 2940 et
680 2910 831 2941 decorum
845 2914 1004 2951 putamus.
1020 2911 1051 2942 Si
1071 2910 1142 2952 plus
1162 2911 1235 2943 dare
1254 2910 1313 2950 ipsi
1337 2919 1400 2942 non
1426 2918 1610 2949 possumus,
1628 2909 1654 2944 si
1680 2904 1830 2948 maguum
1849 2906 1902 2941 illa
