2083 3155
282 187 338 220 62'}

779 187 808 217 S.
827 183 1015 218 GREGORII
1039 186 1294 217 AGRIGENTINI
1309 181 1408 217 VITA.

1854 184 1907 220 (121

285 251 319 272 ex
334 243 450 270 adverso
466 246 591 270 sanctum
611 241 743 276 Marcum,
760 244 794 271 ad
816 251 898 279 quem
922 251 1072 280 assurgens

1127 243 1168 270 τὸν
1183 243 1260 278 ἆγιον
1276 243 1390 278 Μάρκον
1402 242 1517 271 ἐνώπιον
1531 243 1626 277 αὐτοῦ,
1638 243 1686 272 καὶ
1702 243 1852 277 ἐξαναστὰς
1864 254 1909 274 τα-

286 289 359 317 illico
374 288 507 321 accurrit,
521 292 548 315 et
562 287 596 315 ad
615 288 697 323 pedes
716 288 776 323 ejus
790 291 960 325 provolutus,
976 289 1071 317 multis

285 343 348 362 cum
364 334 493 368 Iacrymis
512 333 551 361 ait
566 343 572 360 :
585 333 710 369 Magnam
725 339 771 362 tua
786 343 868 363 causa
888 335 943 363 Deo
956 336 1070 370 gratiam

286 380 428 413 habemus,
441 379 520 406 Pater
529 379 698 412 venerande;
712 384 740 407 tu
751 379 851 415 quippe
862 379 959 408 salutis
970 384 1072 407 nostra:

286 431 382 453 auctor
396 425 471 453 fuisti
489 434 496 453 ι
513 430 539 453 te
555 425 626 453 duce
640 425 733 453 datum
749 432 799 460 est,
815 432 844 454 ut
861 427 1005 462 sapientiae
1019 427 1072 455 iter

286 476 420 499 tenerem.
436 471 506 499 Vere
520 471 710 506 pra-nuntiasti
727 472 784 500 fore
804 477 834 500 ut
853 477 879 501 te
901 473 927 500 in
944 473 995 500 hac
1017 472 1072 500 vita

285 525 336 553 pro
353 525 414 545 meo
435 518 573 546 desiderio
594 525 752 552 cernerem;
777 527 828 547 nee
843 518 975 552 fefellisti,
992 517 1073 546 Pater

285 568 389 592 sancte.

322 609 415 637 XLIII.
436 609 512 638 Talia
526 611 687 647 Gregorium
705 619 768 640 cum
784 612 882 640 abbate
903 620 1073 640 commemo-

287 661 395 683 rantem
414 663 540 684 sermone
553 658 701 685 admodum
723 658 813 693 longo,
828 658 1001 686 mirabantur
1013 666 1072 685 om-

287 709 348 736 nes,
365 709 397 729 ac
412 702 495 730 simul
511 711 572 731 cum
597 704 664 739 ipsis
685 703 796 732 ﬂebant.
815 704 936 732 Subinde
951 703 1073 739 pontifex

287 749 426 776 maximus
442 749 568 777 secedere
583 755 708 783 caeteros,
721 756 803 786 atque
815 759 898 778 unum
913 751 1073 786 Gregorium

287 802 351 822 cum
369 793 461 822 Marco
476 795 573 823 abbate
592 804 624 824 ac
639 797 745 824 duobus
765 796 902 832 episcopis
920 797 1074 825 nonnullis-

287 847 342 874 que
355 839 417 867 aliis
442 848 554 868 manere
574 841 657 876 jussit
672 852 679 869 :
692 847 774 878 atque
789 843 822 870 ad
837 851 898 870 eum
915 850 1074 875 conversus,

288 885 414 921 Gregori,
431 887 528 921 inquit,
545 887 592 920 illi,
609 888 741 916 Dominus
751 893 845 916 noster
855 888 935 917 .lesus
948 888 1075 917 Christus

288 931 393 960 sanctis
407 933 539 967 apostolis
554 933 614 967 eius
639 934 672 961 ad
697 942 748 962 nos
764 934 907 968 demissis,
930 935 1073 970 praesidem
1091 921 1112 949 Β

288 982 316 1006 te
336 978 489 1014 designavit
510 984 622 1013 sanetae,
647 981 800 1013 catholicae,
825 988 929 1016 magna:
947 980 1075 1008 Ecclesia:

287 1024 541 1060 Agrigentinorum,
567 1030 597 1054 ut
621 1027 752 1061 populum
771 1027 848 1054 illum
872 1031 965 1062 pastor
984 1035 1073 1062 regas.

288 1069 396 1105 Quippe
408 1074 434 1097 te
451 1070 625 1105 potissimum
642 1071 717 1099 locus
741 1071 786 1098 ille
808 1072 934 1106 requirit,
951 1080 1007 1107 quo
1029 1076 1075 1099 tua

289 1123 373 1151 opera
387 1124 448 1151 qua:
462 1122 611 1152 supersunt
631 1117 724 1152 populi
741 1117 815 1145 illius
829 1118 951 1153 reliquias
964 1125 1076 1146 conser-

289 1166 398 1189 ventur.
412 1162 461 1190 Cui
474 1161 625 1198 Gregorius
638 1171 800 1199 responsum
815 1164 889 1192 dedit
902 1164 1056 1199 hujusmodi
1067 1173 1074 1191 :

289 1206 313 1235 0
339 1207 461 1241 domine,
486 1208 565 1241 mihi.
581 1216 687 1244 quaeso,
704 1210 813 1243 iguosc‘c
828 1219 834 1236 :
854 1217 942 1244 neque
957 1210 1029 1237 enim
1053 1209 1076 1237 is

289 1261 352 1282 sum
373 1260 434 1288 ego,
460 1253 508 1289 qui
531 1259 586 1281 tam
610 1255 751 1282 tremendo
774 1255 927 1283 ministerio
945 1262 994 1290 par
1015 1261 1077 1282 esse

289 1299 406 1334 possim.
429 1299 497 1327 Cum
515 1307 577 1327 eum
603 1300 782 1328 nihilominus
797 1300 916 1336 pontifex
939 1300 1076 1328 maximus

290 1343 460 1378 hortaretur,
478 1352 514 1372 ne
526 1345 611 1373 Deum
626 1345 678 1373 sibi
691 1345 850 1373 adfuturum
866 1346 1014 1380 dubitaret,
1033 1350 1077 1373 ut-

291 1397 346 1425 que
362 1391 532 1418 meminisset
546 1399 655 1426 gravem
682 1392 715 1419 iis
739 1399 848 1427 poenam
872 1400 926 1419 non
945 1389 1076 1424 defuisse,

289 1435 339 1471 qui
353 1440 568 1470 repugnassent;
584 1437 716 1472 temporis
737 1437 789 1465 sibi
811 1437 914 1472 aliquid
929 1437 986 1464 dari
1008 1436 1077 1464 Gre-

288 1482 386 1518 gorius
397 1482 486 1516 petiit,
499 1488 644 1517 antequam
658 1483 822 1510 sententiam
838 1483 875 1510 illi
891 1491 968 1510 suam
984 1490 1077 1510 rursus

291 1527 420 1562 aperiret.
445 1526 514 1554 Tum
531 1527 656 1554 abbatem
680 1531 792 1555 secutus
817 1527 844 1554 in
867 1527 991 1555 cellulam
1016 1527 1077 1562 ejus

291 1573 438 1605 concessit,
462 1572 519 1609 [ut]
543 1577 624 1608 atque
648 1573 686 1600 ibi
709 1578 816 1600 noctem
831 1577 915 1600 totam
936 1573 1077 1601 insomnes

291 1620 374 1647 ambo
397 1623 557 1654 exegerunt.
581 1619 694 1646 Volebat
721 1624 811 1646 autent
840 1619 985 1653 Gregorius
1016 1619 1078 1646 inde

293 1664 424 1699 aufugere
447 1665 473 1691 in
499 1664 658 1699 Hispaniam
682 1663 750 1698 (58).
780 1663 914 1691 Caeterum
937 1664 1079 1699 ignorabat

289 1711 375 1738 etiam
402 1714 459 1738 tum
485 1717 625 1746 parentem
646 1718 757 1746 quoque
783 1710 868 1745 ipsius
890 1711 988 1738 ibidem
1017 1719 1079 1739 esse

290 1765 355 1784 eum
375 1757 480 1792 reliquo
501 1757 613 1792 populo.
631 1757 683 1784 Cui
712 1756 797 1784 abbas
811 1766 818 1784 :
832 1756 955 1790 Nostine,
980 1758 1077 1792 inquit,

291 1802 342 1834 ﬁli.
365 1803 506 1830 dominum
529 1803 704 1830 Charitonem
728 1807 830 1838 patrem
855 1807 932 1830 tuum
947 1804 1000 1831 huc
1015 1812 1078 1831 cum

293 1848 401 1875 caeteris
415 1847 576 1875 orthodoxis
590 1847 696 1875 civibus
706 1847 861 1879 advenisse,
875 1853 903 1875 et
916 1848 988 1883 apud
1002 1856 1078 1875 com-

295 1900 406 1920 munem
430 1898 569 1928 parentem
596 1898 720 1920 nostrum
746 1894 903 1928 pontificem
931 1894 1078 1921 niaximum

295 1946 394 1973 magna
419 1946 480 1966 esse
503 1938 530 1965 in
553 1938 659 1974 gratia?
677 1938 738 1967 Haec
760 1944 789 1966 ut
812 1939 898 1966 audiit
917 1938 1078 1975 Gregorius,

294 1984 412 2012 indoluit
430 1984 590 2020 plurimum,
612 1989 639 2012 et
654 1984 746 2020 fugam
762 1985 796 2012 ab
809 1985 876 2013 urbe
893 1986 980 2020 magis
995 1985 1080 2013 medi-

294 2030 416 2058 tabatur.
442 2030 477 2058 At
497 2031 580 2058 abbas
597 2031 774 2066 interpellans
791 2040 797 2058 :
815 2031 896 2063 Cave.
915 2031 1013 2067 inquit,
1032 2032 1079 2064 iiIi,

296 2084 330 2104 ne
356 2076 402 2104 Dei
429 2077 497 2104 iram
524 2077 659 2105 accendas
674 2086 681 2104 :
699 2078 769 2105 nosti
789 2078 922 2113 profecto.
943 2078 1008 2114 quid
1032 2078 1080 2106 tibi

295 2121 359 2148 olim
374 2121 532 2156 pmoeperit
542 2122 639 2149 beatus
652 2121 696 2149 ille
710 2129 803 2156 senex,
817 2123 887 2158 apud
900 2130 980 2158 quem
994 2131 1081 2150 annos

295 2172 414 2202 quatuor
428 2172 554 2195 versatus
568 2175 598 2196 es
615 2177 620 2194 :
638 2168 714 2203 atqui
737 2169 794 2203 ipse
812 2169 907 2201 etiam,
933 2174 962 2196 ut
982 2174 1081 2198 ctetcra

294 2214 328 2240 de
348 2218 384 2246 te,
413 2214 450 2240 ita
475 2214 526 2240 hoc
546 2221 655 2249 quoque
678 2213 734 2241 Deo
752 2220 924 2243 monstrante
942 2216 1079 2250 cognovit.

296 2260 318 2286 si
340 2259 406 2295 quid
422 2263 516 2287 contra
533 2267 617 2288 ausus
633 2268 720 2293 esses,
738 2262 787 2289 tibi
804 2269 852 2297 pro
873 2262 965 2290 divino
989 2262 1080 2290 favore

295 2308 363 2334 iram
380 2311 406 2334 et
422 2306 536 2333 exitium
555 2305 699 2334 imminere
714 2307 781 2342 (59).
804 2307 843 2334 Ad
860 2307 918 2336 hzec
933 2315 996 2335 vero
1013 2308 1080 2335 Gre-

295 2352 389 2387 gorius
404 2351 550 2386 acquievit.
568 2350 624 2378 Nec
639 2351 725 2378 multo
736 2356 796 2386 post
808 2353 927 2386 pontifex
944 2353 1080 2380 maximus

295 2397 407 2425 Siculos
427 2405 522 2424 omnes
540 2397 566 2423 in
591 2397 701 2424 domum
720 2398 901 2432 pontificalem:
916 2403 1027 2425 coactos
1041 2398 1081 2426 sic

289 2449 336 2471 est
354 2444 486 2471 allocutus
509 2452 515 2470 :
537 2443 639 2477 Ecquid
655 2443 765 2470 demum
789 2443 822 2476 de
839 2444 975 2471 communi
993 2445 1081 2473 salute

296 2494 385 2517 vestra
414 2488 607 2516 deliberastis?
628 2489 671 2516 cui
688 2481 791 2524 Euplus
817 2489 1026 2517 archidiaconus
1053 2495 1081 2518 et

293 2536 406 2563 Charito
437 2536 488 2562 hoc
523 2541 682 2568 responsum
710 2534 808 2561 dedere
828 2543 835 2562 :
858 2534 943 2562 Nobis
970 2535 1080 2570 quidem

296 2582 363 2608 nihil
390 2587 441 2611 est.
466 2580 538 2615 quod
555 2587 726 2614 opponamus
744 2580 819 2615 (40);
847 2580 899 2607 hoc
918 2582 1004 2608 solum
1032 2582 1081 2608 ad-

296 2629 398 2659 dimus,
420 2626 492 2661 quod
519 2626 566 2653 tibi
594 2625 666 2653 Deus
689 2625 854 2658 ostenderit,
885 2626 910 2654 id
939 2627 972 2654 de
1002 2627 1083 2654 nobis

297 2674 418 2702 statuito.

332 2717 426 2747 XLIV.
442 2718 510 2746 Cum
534 2722 627 2746 autem
654 2716 775 2753 pontifex
802 2717 936 2745 maximus
957 2724 972 2744 a
992 2717 1083 2745 Marco

332 2819 388 2854 (58)
408 2818 502 2854 εει-ξορα
528 2816 573 2844 alii
600 2820 713 2854 quoque
737 2815 857 2854 Σπανίαν
881 2814 1027 2854 scripsere,
1056 2818 1086 2854 ut

297 2849 398 2882 Paulus
412 2853 445 2880 ad
464 2852 544 2879 Rom.
559 2849 651 2883 “,728
665 2849 672 2877 Ξ
693 2850 892 2883 Ἀπελεύσομαι
905 2849 939 2876 δι’
953 2850 1030 2883 ὑμῶν
1047 2850 1087 2880 εἰς

297 2893 346 2926 τὴν
361 2888 496 2916 Σπανίαν.
518 2886 680 2921 Stephanus
702 2886 735 2913 de
759 2883 824 2912 Urb.
846 2885 900 2911 Καὶ
922 2884 1087 2919 συνωνύμως

1123 289 1193 324 χέως
1214 288 1330 324 ἔδραμεν
1353 289 1399 316 καὶ
1420 288 1531 324 ἔρριψεν
1554 289 1649 316 ἑαυτὸν
1670 289 1717 317 ἐπὶ
1740 291 1803 325 τοὺς
1826 291 1909 324 πόδας

1124 333 1205 361 αὐτοῦ
1229 334 1330 361 κλαίων
1353 335 1399 361 καὶ
1420 334 1524 369 λέγων’
1548 334 1769 372 Εὑχαριστοῦμεν
1793 336 1832 371 τῷ
1850 336 1910 372 Θεῷ

1123 380 1167 407 διὰ
1184 380 1242 413 σοῦ,
1268 381 1360 416 Πάτερ
1383 379 1541 416 τιμιώτατε,
1567 381 1606 408 ὃτι
1622 381 1654 408 σὺ
1669 382 1763 416 ἐγένου
1781 382 1911 418 πρόξενος

1123 425 1173 460 τῆς
1187 426 1325 462 σωτηρίας
1340 425 1418 462 ἡμῶν
1429 435 1435 441 ·
1451 426 1495 454 διὰ
1511 426 1558 453 σοῦ
1573 426 1729 463 ἠξιώθημεν
1748 428 1911 455 καταλαὸεῖν

1125 472 1216 498 πᾶσαν
1231 472 1290 499 ὁδὸν
1308 473 1474 508 ἐπιστήμης.
1503 472 1624 508 Ἀληθῶς
1638 473 1651 499 ὃ
1666 473 1821 508 ἑπηγγείλω
1832 475 1860 500 ὲν
1877 474 1911 509 τῇ

1126 517 1181 554 ζωῇ
1198 518 1285 554 ταύτῃ
1308 518 1461 553 ἑωραθῆναί
1486 519 1517 545 σέ
1539 527 1583 554 μοι
1599 519 1644 545 τὸν
1664 519 1840 555 ποθούμενον,
1865 522 1912 546 κα¹ι

1125 563 1228 599 ἀψευδῆ
1245 564 1276 590 τὸ
1294 563 1376 598 ῥηθὲν
1389 563 1441 590 ὑπὸ
1465 563 1523 597 σοῦ,
1539 564 1629 599 Πάτερ
1644 564 1709 591 ὃσιε.

1162 609 1228 636 Ml".
1251 610 1344 636 Ταῦτα
1365 610 1410 636 ἐπὶ
1434 609 1564 640 πλείστας
1586 609 1660 646 ὥρας
1685 610 1875 646 διαλεγόμενος
1899 610 1912 635 6

1125 655 1276 691 Γρηγόριος
1289 655 1326 690 τῷ
1343 656 1424 690 ἀεϐᾷ,
1441 655 1596 690 ἐθαύμαζον
1610 656 1709 687 πάντες
1731 657 1778 682 καὶ
1802 657 1912 683 συνεδᾶ-

1128 708 1211 736 κρυον
1231 701 1332 733 αὐτοῖς.
1351 701 1430 728 Μετὰ
1452 700 1480 727 δὲ
1499 700 1598 734 ταῦτα,
1614 701 1756 728 ἐκέλευσεν
1777 702 1881 734 πάντας
1899 703 1913 729 6

1127 747 1221 778 πάπας
1234 747 1421 780 ἐξαποστεῖλαι
1435 747 1489 774 ἀπο
1500 748 1646 782 προσώπου
1659 748 1752 781 οίῦτοῦ,
1769 749 1815 776 καὶ
1832 749 1913 784 μόνον

1127 792 1173 818 τὸν
1195 792 1345 828 Γρηγόριον
1362 793 1408 819 καὶ
1429 792 1475 819 τὸν
1491 793 1580 820 ἀϐϐἱν
1602 794 1714 829 Μάρκον
1728 794 1850 826 καὶτοὺς
1866 795 1912 821 δύο

1128 839 1294 871 ἐπισκόπους
1317 839 1364 866 καὶ
1377 839 1485 875 ἑτέρους
1499 839 1608 874 ὀλίγους
1623 841 1718 876 στῆναι
1738 842 1786 868 σὺν
1803 842 1911 873 αὐτοῖς’

1129 885 1176 911 καὶ
1193 884 1450 920 προσκαλεσάμενος
1472 886 1485 912 6
1506 885 1601 917 πὰπας
1614 886 1660 913 τὸν
1677 886 1827 922 Γρηγόριον
1839 886 1914 919 λέγει

1126 930 1217 965 αὐτῷ·
1241 930 1341 957 Τέκνον
1365 931 1518 966 Γρηγθριε,
1542 932 1556 958 6
1580 931 1682 967 Κύριος
1703 931 1781 967 ἡμῶν
1812 931 1914 966 Ἰησοῦς

1126 976 1242 1012 Χριστὸς
1269 977 1470 1012 προσκέκληται
1498 985 1528 1003 σε
1556 978 1595 1009 είς
1622 978 1771 1012 ἡγούμενον
1797 977 1840 1004 διὰ
1865 978 1914 1012 τῆς

1126 1022 1278 1058 παρουσίας
1293 1021 1349 1049 τῶν
1363 1022 1448 1056 ἁγίων
1463 1023 1547 1049 αὑτοῦ
1568 1023 1723 1050 ἀποστόλων
1744 1024 1783 1054 εἰς
1796 1024 1845 1058 τὴν
1860 1023 1915 1050 τῶν

1133 1067 1352 1103 Ἀκραγαντίνων
1374 1067 1456 1102 ἁγίαν
1479 1067 1625 1103 καθολικὴν
1647 1068 1770 1104 μεγάλην
1800 1068 1916 1104 Ἐκκλη-

1127 1113 1198 1147 σίαν,
1212 1115 1259 1140 τιιῦ
1271 1115 1403 1149 ποιμᾶναι
1420 1114 1465 1141 τὸν
1478 1114 1541 1141 λαὸν
1556 1115 1670 1141 ἐκεῖνον,
1686 1114 1780 1141 Δέεταί
1794 1123 1841 1141 σου
1860 1115 1915 1149 γὰρ

1125 1160 1139 1186 ὁ
1153 1160 1234 1192 τόπος
1252 1161 1364 1192 ἐκεῖνος,
1380 1160 1422 1187 ἵνα
1438 1160 1481 1187 διὰ
1503 1160 1550 1187 σοῦ
1567 1160 1640 1196 σωοῇ
1659 1161 1689 1187 τὺ
1705 1160 1916 1196 ἐγκατάλειμμα

1126 1205 1174 1233 τοῦ
1188 1205 1252 1232 λαοῦ
1271 1206 1388 1233 ἐκείνου.
1411 1206 1439 1232 ὐ
1457 1206 1485 1232 δὲ
1505 1205 1664 1240 ἀποκριθεὶς
1687 1206 1756 1241 ἔφη·
1780 1206 1914 1239 Δέσποτα,

1127 1252 1305 1286 συγχώρησόν
1328 1259 1391 1286 μοι·
1416 1251 1447 1278 οὑ
1469 1252 1524 1287 γάρ
1540 1252 1597 1286 εἰμι
1621 1252 1696 1284 ἄξιος
1712 1252 1834 1278 τοιούτου
1851 1261 1915 1288 φρι-

1127 1298 1191 1324 κτοῦ
1214 1299 1426 1334 ἐγχειρήματος.
1449 1297 1478 1324 ‘0
1495 1298 1524 1325 δὲ
1552 1299 1646 1330 πάπας
1669 1299 1737 1333 πρὸς
1761 1299 1842 1325 αὑτὸν
1863 1300 1916 1335 ἀττ-

1128 1343 1270 1379 εκρινατο·
1286 1343 1342 1380 Μὴ,
1357 1344 1462 1376 τέκνον,
1479 1344 1612 1379 φοὸἡοητι
1626 1345 1670 1371 τὸν
1688 1342 1765 1377 Θεὸν,
1781 1345 1916 1380 μνήσθητι

1127 1390 1200 1421 ὅπως
1225 1390 1249 1415 οἱ
1272 1389 1306 1415 δι’
1334 1389 1488 1423 ἀντιλογίαν
1513 1389 1663 1424 ὑπέμειναν
1690 1389 1786 1424 ποινὴν
1813 1389 1914 1425 δεινήν.

1130 1436 1200 1471 Ἔφη
1218 1435 1246 1462 δὲ
1270 1435 1351 1462 πάλιν
1379 1435 1393 1461 ὁ
1419 1435 1585 1470 Γρηγόριος·
1616 1434 1744 1470 Ἐπίσχες
1757 1435 1846 1469 ὀλίγον
1869 1434 1915 1461 τοῦ

1127 1481 1219 1509 δούλου
1238 1490 1296 1514 σου,
1324 1481 1372 1508 καὶ
1392 1481 1473 1508 πάλιν
1492 1480 1680 1516 ἀπολογοῦμαι
1705 1480 1773 1515 πρὸς
1791 1481 1840 1515 τὴν
1866 1481 1916 1515 σὴν

1127 1529 1283 1565 τιμιότητα.
1303 1527 1474 1563 Παραλαϐὼν
1490 1527 1518 1554 δὲ
1540 1527 1621 1554 αὑτὸν
1647 1528 1660 1553 6
1680 1527 1778 1560 ἀόὃᾶς,
1799 1527 1916 1554 ἄπεισαν

1129 1575 1157 1600 ἐν
1179 1573 1218 1608 τῷ
1236 1573 1333 1608 κελλίῳ
1351 1573 1445 1606 αὑτοῦ,
1473 1573 1519 1599 καὶ
1545 1573 1610 1608 ὃλην
1633 1572 1683 1608 τὴν
1706 1572 1793 1600 νύκτα
1818 1573 1916 1600 ἀῦπνοι.

1128 1619 1291 1646 διετέλεσαν.
1315 1618 1481 1653 Βουλόμενος
1496 1620 1509 1646 6
1526 1618 1674 1654 Γρηγόριος
1697 1618 1848 1654 ἁποδράσαι
1863 1620 1916 1647 ἀπὸ

1128 1665 1183 1692 τῶν
1197 1666 1287 1692 ἐκεῖσε
1309 1665 1356 1692 ἐπὶ
1372 1665 1421 1700 τὴν
1447 1665 1583 1696 Σπανίαν,
1599 1666 1649 1691 οὐκ
1665 1665 1725 1700 ᾔδει
1741 1665 1770 1691 δὲ
1784 1666 1796 1691 ὀ
1810 1665 1915 1700 Γρηγό-

1131 1720 1198 1747 ριος,
1212 1712 1254 1738 ὅτι
1266 1712 1312 1738 καὶ
1324 1712 1338 1738 6
1356 1714 1446 1746 πατὴρ
1460 1710 1542 1739 αὑτοῦ
1557 1712 1614 1737 ἐκεῖ
1633 1707 1667 1747 ἦν
1683 1710 1751 1745 μετὰ
1764 1710 1811 1736 τοῦ
1823 1710 1916 1738 λοιποῦ

1128 1756 1205 1783 laci.
1221 1757 1277 1782 Καὶ
1291 1756 1365 1790 λέγει
1390 1756 1465 1791 αὐτῷ
1486 1756 1500 1781 6
1514 1755 1619 1787 ἁῦὕᾶς·
1643 1753 1733 1788 Οἶδας,
1751 1755 1855 1786 τέκνον.
1876 1756 1917 1781 ὅτι

1129 1802 1176 1829 καὶ
1193 1803 1206 1829 6
1225 1801 1305 1837 κύρις
1322 1802 1449 1837 Χαρίτων
1469 1802 1483 1827 ὀ
1500 1802 1592 1836 πατήρ
1611 1809 1658 1827 σου
1680 1798 1732 1827 ὦδε
1749 1801 1917 1835 παρεγένετο

1130 1847 1199 1882 μετά
1214 1847 1268 1874 τῶν
1293 1847 1441 1883 ὀρθοδόξων
1458 1847 1570 1880 λοιπῶν,
1596 1846 1674 1881 φίλος
1696 1846 1734 1873 ὢν
1755 1847 1801 1873 τοῦ
1827 1847 1917 1874 κοινοῦ

1129 1893 1208 1929 ἡμῶν
1223 1893 1327 1928 Πατρὶς
1342 1893 1389 1919 τοῦ
1410 1893 1505 1926 πόσιας
1521 1892 1654 1924 Ἀκούσας
1667 1892 1695 1919 δὲ
1710 1893 1781 1919 πάνυ
1794 1891 1916 1929 ἐλυπήθη

1128 1940 1142 1965 6
1168 1939 1327 1974 Γρηγόριος,
1352 1939 1399 1965 καὶ
1424 1939 1515 1974 ἐζήτει
1539 1937 1691 1973 ἀποδράσαι
1714 1938 1764 1972 τῆς
1786 1937 1916 1973 ’¹Ρώμης.

1130 1986 1184 2013 Καὶ
1200 1985 1273 2020 λέγει
1287 1984 1361 2020 αὐτῷ
1375 1985 1388 2012 ό
1403 1985 1490 2017 ἀϐὗᾱς
1508 1983 1638 2020 Μάρκοςτ
1657 1985 1768 2018 Τέκνον,
1788 1985 1825 2021 μὴ
1846 1993 1918 2020 παρ-

1130 2030 1245 2067 οργίζων
1260 2031 1432 2066 παροργίσῃς
1451 2030 1498 2057 τὸν
1518 2030 1584 2057 θεὸν
1596 2037 1603 2043 ·
1618 2028 1692 2062 οἶδας
1709 2030 1762 2066 γὰρ
1781 2031 1811 2057 τὸ
1827 2031 1854 2057 τί
1875 2038 1917 2056 σοι

1130 2075 1280 2102 ἐνετείλατο
1294 2075 1308 2101 6
1323 2074 1457 2110 μακάριος
1474 2075 1560 2110 γέρων
1571 2075 1686 2107 ἐκεῖνος,
1699 2076 1727 2101 ὲν
1741 2071 1762 2108 ᾧ
1778 2075 1840 2106 τοὺς
1855 2074 1919 2101 τέσ-

1131 2130 1217 2157 σαρας
1232 2121 1398 2157 παρέμεινες
1413 2121 1526 2156 χρόνους
1537 2129 1544 2136 ·
1569 2121 1615 2147 καὶ
1631 2120 1711 2152 αὐτὸς
1730 2120 1763 2147 δι’
1780 2119 1918 2147 ἀποκαλύ-

1129 2165 1203 2200 ψεως
1218 2164 1294 2196 θείας
1307 2165 1498 2200 ἐπιστάμενος,
1516 2164 1562 2190 καὶ
1577 2163 1615 2197 τὰ,
1630 2165 1700 2198 κατά
1717 2164 1745 2190 σὲ
1764 2164 1918 2198 γινώσκων,

1131 2211 1189 2242 πῶς
1201 2210 1350 2246 τολμήσας,
1368 2210 1512 2244 έπαγάγῃς
1525 2209 1612 2244 ἑαυτῷ
1626 2210 1748 2244 κατάραν
1764 2210 1823 2236 ἀντὶ
1844 2210 1920 2236 εὐλο-

1095 2254 1118 2282 D
1132 2258 1194 2291 γίας
1209 2258 1240 2283 ἐκ
1255 2256 1301 2283 τοῦ
1317 2256 1395 2283 Θεοῦ.
1418 2257 1446 2282 '0
1462 2256 1489 2282 δὲ
1505 2257 1536 2282 ὲκ
1551 2257 1610 2282 τότε
1627 2256 1771 2292 ἡσύχασεν.
1788 2256 1842 2282 Καὶ
1860 2255 1919 2290 μετ’

1133 2303 1226 2337 ὀλίγας
1239 2303 1345 2338 ἡμέρας
1364 2302 1506 2329 ἐκέλευσεν
1521 2302 1534 2327 ὸ
1555 2302 1647 2333 ndica;
1671 2302 1774 2332 πάντας
1791 2302 1853 2332 τοὺς
1876 2301 1921 2327 Σι-

1134 2349 1230 2380 κελοὺς
1243 2348 1360 2383 ἀχθῆναι
1383 2348 1411 2374 ἐν
1434 2347 1473 2381 τῷ
1495 2347 1663 2382 ὲπισκοπείῳ
1679 2347 1746 2381 πρὸς
1764 2346 1856 2377 αὐτὸν,
1874 2346 1919 2372 καὶ

1133 2394 1208 2428 λέγει
1228 2390 1337 2425 αὑτοῖς·
1359 2393 1392 2420 Τί
1407 2393 1558 2427 eaeaeae;
1582 2393 1645 2427 περὶ
1659 2392 1708 2426 τῆς
1728 2392 1820 2427 κοινῆς
1843 2392 1920 2427 ὑμῶν

1135 2440 1289 2476 σωτηρίας;
1309 2438 1516 2474 ’Δποκριθέντες
1531 2438 1559 2464 δὲ
1576 2439 1589 2464 6
1605 2437 1710 2469 Εὗπλος
1732 2437 1920 2473 ἀρχιδιάκονος

1134 2486 1182 2512 καὶ
1196 2484 1321 2521 Χαρίτων
1338 2484 1462 2518 λέγουσιν
1477 2483 1516 2518 τῷ
1530 2483 1626 2518 πάπᾳ³
1652 2483 1751 2518 Ἡμεῖς
1773 2483 1800 2509 τί
1823 2483 1922 2509 ἀπολο-

1133 2528 1271 2562 γήσασθαι
1281 2528 1331 2554 οὐκ
1345 2527 1452 2563 ἔχομεν,
1468 2528 1505 2563 μὴ
1516 2528 1565 2554 ὅσα
1578 2527 1748 2562 ἀποκαλύψει
1763 2536 1804 2554 σοι
1819 2529 1832 2554 ὁ
1842 2527 1920 2561 Θεὸς,

1134 2573 1213 2601 τοῦτο
1229 2573 1341 2608 ποίησον
1356 2573 1397 2604 εἰς
1415 2573 1499 2608 ἡμᾶς.

1173 2715 1239 2744 M.\'.
1262 2715 1352 2749 Ἔγνω
1366 2714 1394 2742 δὲ
1407 2715 1421 2741 6
1435 2715 1528 2746 πάπας
1540 2714 1584 2741 διὰ
1598 2714 1644 2741 τοῦ
1660 2714 1732 2742 ἀῦϐᾶ
1745 2713 1871 2750 Μάρκου.
1884 2715 1925 2741 ὅτι

1146 2813 1303 2849 ’ἰῆηρίανέτι
1321 2813 1368 2849 καλ
1385 2812 1490 2849 Σπανία
1507 2812 1640 2849 καλεῖται.
1657 2811 1701 2849 (Υ.
1728 2812 1870 2849 Ἰϐηρίαι.)

1175 2847 1230 2883 (39)
1249 2848 1315 2883 Cod.
1333 2847 1360 2881 2,
1379 2848 1488 2880 ἐπάξοις
1507 2847 1595 2882 ἑαυτῷ
1607 2848 1739 2883 κατάραν,

1177 2882 1232 2919 (ιο)
1254 2882 1320 2911 Cod.
1336 2883 1365 2916 ε,
1383 2883 1497 2918 Ἕτερον
1514 2891 1539 2908 τι
1554 2882 1784 2918 ἀπολογήσασθαι.
