2083 3155
179 180 231 211 ῧ53

670 183 699 212 S.
720 182 910 213 GREGORlI
931 182 1188 214 AGRIGENTINI
1212 183 1311 214 YlTA.

1754 183 1808 215 6ῗᾶ

181 234 250 270 μετὰ.
266 233 318 260 τῶν
335 233 504 261 δεσποτικῶν
524 234 633 266 πλοῖιιιν,
651 235 705 267 ἵνα,
723 235 760 267 ὡς
774 236 868 269 καιρός
883 236 967 267 ἐστιν,

1024 236 1183 268 transmitte,
1191 241 1221 263 ut
1230 236 1294 264 dum
1307 241 1412 272 tempus
1419 236 1564 272 propitium
1573 241 1611 264 est
1618 258 1624 268 ,
1634 244 1665 264 eo
1674 238 1740 265 salvi
1752 247 1812 273 pcr-

179 280 376 314 ὸιασωοῶμεν·
403 281 534 307 ἀδύνατον
557 282 610 316 γάρ
628 282 701 308 ἐστιν
726 283 792 317 ἡμῖν
808 283 903 316 στῆναι
924 283 968 308 ἐν·

178 327 275 360 ταῦθα,
287 327 340 359 ἕως
349 324 380 354 οὗ
395 328 424 353 τὸ
436 328 659 363 χρεωστούμενον
673 329 712 360 si;
726 329 800 362 ἡμᾶς
815 327 968 363 πληρῶται.

185 373 216 400 ¹11
231 374 260 400 δὲ
278 373 347 409 γυνὴ
363 373 412 400 τοῦ
437 374 552 400 Σαϐίνου
570 374 628 409 ἃμα
647 374 697 408 τῆς
711 375 796 410 αὐτῆς
821 374 968 408 θυγατρίῳ,

179 420 227 446 καὶ
241 419 316 446 ἄλλοι
334 419 438 451 πολλοὶ,
453 420 501 446 καὶ
516 421 529 445 ὁ
545 421 611 445 ποτὲ
625 419 723 451 ἄλαλος
737 419 784 445 καὶ
799 419 890 453 κωφὸς
908 419 969 445 ἔπι-

179 474 248 492 πτον
270 466 345 500 παρὰ
360 466 424 497 τοὺς
439 466 522 497 πόδας
543 465 589 492 τοῦ
608 465 745 500 μακαρίου
762 466 903 496 κλαίοντες
923 465 970 492 καὶ

179 512 324 546 λέγοντες·
342 511 470 546 Ἐλέησον
492 512 576 546 ἡμᾶς,
598 511 675 537 δοῦλε
697 512 743 538 τοῦ
761 511 840 545 Θεοῦ,
863 512 910 538 καὶ
933 512 970 546 μὴ

181 558 393 592 μνησικακήσῃς
407 558 447 588 είς
464 558 549 592 ἡμᾶς,
569 557 637 592 μηδὲ
658 557 780 592 μνησθῇς
793 557 847 584 τῶν
866 556 969 588 κακῶν,

179 603 217 633 ὡς
230 602 351 637 ἔπραξαν
368 602 408 633 εἰς
424 602 453 628 σὲ
471 602 496 628 οἱ
513 602 616 637 ἀνίεροι
631 598 716 629 οὗτοι.
732 603 888 637 Στραεεῖσα
906 602 934 628 δὲ
954 602 970 636 ἡ

181 649 249 684 γυνὴ
266 648 313 674 τοῦ
328 648 444 674 Σαϐίνου
465 648 540 681 λέγει
558 649 632 683 αὐτῷ
643 657 649 664 ·
659 649 778 675 Ἀπόσιτοι
789 650 821 675 ὲκ
837 649 883 675 τοῦ
894 649 970 675 οἴκου

182 704 234 729 μου
249 695 304 721 ἀπὸ
316 695 365 729 τῆς
377 695 499 729 σήμερον
513 695 632 729 ἡμέρας,
647 695 690 721 ἵνα
706 695 731 731 τί
751 695 907 721 ἐϐουλεύσω
923 704 971 721 πο-

180 741 263 777 νηρὸν
286 741 358 767 κατὰ
372 741 417 767 τοῦ
436 740 542 768 δικαίου
558 741 665 773 τούτου,
684 741 740 768 ποῦ
760 742 908 777 ἰασαμένου
927 742 972 768 διὰ

182 789 269 823 μόνης
291 787 447 822 προσευχῆς
472 787 555 813 αὑτοῦ
577 787 692 814 ἐνώπιον
710 788 881 822 παντὸς.τοῦ
905 787 971 814 λαοῦ

181 833 275 860 τούτου
290 833 321 859 τὸ
342 833 486 869 Θυγάτριον
512 833 608 868 ἡμῶν;
630 834 750 860 Ἀπόστα
776 835 823 861 ἀπ’
846 834 930 869 ἐμοῦ,
954 834 970 868 ἢ

182 880 304 914 ἐμαυτὴν
327 880 539 915 ὄιαχειρίζομαι.
564 880 715 907 Συνέπεσεν
730 881 758 906 δὲ
776 881 789 906 ὁ
804 881 917 912 Σαϐῖνος
933 879 972 915 τῷ

182 925 338 961 προσώπῳ,
357 926 404 952 καὶ
421 925 530 960 ἔμεινεν
544 925 583 957 ὡς
595 925 668 957 λίθος
683 925 800 960 ἄφωνος.
817 925 900 953 Εἶπεν
916 926 944 953 δὲ
957 926 971 952 ὁ
989 907 1008 936 Β

182 973 259 1005 ἅγιος
269 971 419 1008 Γρηγόριος
427 971 465 1006 τῷ
477 972 585 1007 ἐξάρχω
594 980 600 986 ·
611 971 720 1007 Ἐπειδὴ
731 973 822 1005 αὐτὸς,
832 972 970 1008 ἄνθρωπε,

183 1018 297 1053 μηδενός
310 1026 339 1043 σε
353 1019 578 1053 καταστήσαντος
591 1019 689 1054 κριτὴν
704 1019 750 1044 καὶ
767 1018 898 1053 δικαστὴν
911 1018 971 1045 κατ’

182 1065 242 1099 ἐμὲ,
265 1063 411 1098 ἐπιτρέψαι
436 1063 564 1090 ἀπελθεῖν
593 1072 625 1098 με
651 1065 679 1090 ἐν
706 1065 738 1099 τῇ
766 1064 894 1099 φυλακῇ,
924 1066 972 1091 καὶ

181 1109 384 1144 ἀπφαλισθῆναί
404 1118 438 1146 με
455 1110 483 1136 ὲν
498 1109 537 1144 τῷ
559 1110 640 1145 ξύλῳ,
664 1110 716 1141 ἕως
739 1108 769 1136 οὗ
787 1110 922 1144 σκέψησαι
939 1110 973 1137 τὰ

182 1156 247 1190 περὶ
267 1154 345 1190 ἐμοῦ,
372 1154 465 1186 καθὼς
484 1155 593 1181 ἐποίουν
615 1155 638 1181 οὶ
654 1155 703 1181 ἀπ’
724 1155 811 1190 ἀρχῆς
831 1155 970 1190 τύραννοι.

182 1202 249 1228 Τότε
274 1201 349 1235 λέγει
373 1200 449 1236 αὐτῷ
479 1201 494 1226 ὁ
519 1201 648 1236 ἔξαρχος·
677 1201 734 1227 Οὐκ
757 1201 811 1235 ἐγὼ
831 1201 972 1236 ἐπιτρέπω

182 1246 445 1282 ἁσφαλισθῆναίλσε·
463 1246 521 1272 ἀλλ’
537 1248 561 1273 οἱ
575 1247 767 1279 διαϐάλλοντές
785 1256 825 1280 σε,
844 1248 921 1275 αὐτοί
943 1257 972 1274 σε

181 1293 391 1327 amatum“.
412 1293 555 1327 Ἑκίνησεν
571 1292 599 1319 δὲ
615 1293 629 1319 ὁ
646 1293 782 1328 μακάριος
799 1294 846 1327 ἀφ’
861 1294 971 1326 ἑαυτοῦ,

182 1339 230 1365 καὶ
244 1339 308 1365 ἆπιε
325 1339 354 1365 ὲν
367 1339 399 1373 τῇ
414 1338 538 1373 φυλακῇ·
554 1339 645 1365 πᾶσαν
659 1338 688 1364 δὲ
708 1338 756 1374 τὴν
773 1339 857 1365 νύκτα
871 1339 973 1371 ἄϋπνος

181 1385 295 1412 διετέλει
317 1385 330 1411 ὁ
350 1384 486 1419 μακάριος
502 1384 560 1419 ἅμα
585 1383 631 1410 τοῦ
647 1385 837 1419 ἁρχιδιακόνου
853 1386 900 1412 καὶ
919 1386 973 1412 τῶν

182 1431 285 1457 λοιπῶν
300 1430 433 1457 διακόνων
448 1430 599 1465 Ἐράσμου,
612 1431 778 1466 Φιλαδέλφου
795 1431 844 1457 καὶ
861 1431 973 1458 Πλατω-

182 1477 258 1503 νικοῦ
281 1476 448 1511 ψάλλοντες,
473 1476 521 1503 καὶ
543 1476 737 1510 ἀναγινώσκων
760 1477 857 1509 αὐτὸς,
882 1477 972 1512 φέρων

182 1525 245 1551 ἄνευ
263 1523 372 1558 βίϐλου·
388 1523 439 1550 οὐκ
451 1523 546 1549 εἴασαν
561 1523 616 1559 γὰρ
635 1523 716 1549 αὑτὸν
739 1523 854 1550 ἐκϐάλοι
877 1524 909 1550 ὲκ
926 1523 972 1550 τοῦ

182 1570 344 1597 ὲπισκοπίῡυ
359 1569 445 1596 οὐδέν.

217 1614 255 1640 Ξ¹.
276 1614 354 1640 Μετὰ
370 1613 501 1641 δὲταῦτα
518 1614 713 1649 μετεστείλατο
733 1615 748 1641 ὁ
770 1614 848 1648 ἅγιος
868 1615 972 1650 Γρηγο-

185 1668 241 1694 ριος
255 1659 300 1685 τὴν
317 1658 433 1694 ἐξαρκον
453 1659 481 1685 ἐν
496 1660 528 1694 τῇ
548 1658 666 1694 φυλακῇ,
680 1659 726 1685 καὶ
741 1658 816 1692 λέγει
831 1658 921 1693 αὐτῷ·
942 1659 974 1684 Ὃ

184 1704 302 1739 βουλήσῃ
321 1705 361 1735 εἰς
377 1704 450 1739 ήμᾶς
467 1704 600 1739 ποιῆσαι,
616 1703 644 1731 ἐν
661 1704 740 1739 τάχει
754 1703 876 1739 ποίησον.
899 1704 928 1730 '0
947 1704 975 1730 δὲ

184 1751 297 1786 ἔξαρχος
321 1750 395 1784 λέγει
419 1750 513 1785 αὐτῷ·
533 1749 604 1784 Ἐγὼ
635 1750 765 1785 βούλομαι
790 1758 819 1776 σε
843 1750 900 1784 ἅμα
920 1749 975 1776 τῶν

185 1797 238 1823 σῶν
259 1796 423 1832 κατηγόρων
445 1796 606 1822 ἀποστεῖλαι
622 1796 651 1822 ὲν
670 1796 764 1831 Ῥώμῃ
781 1795 849 1831 πρὸς
868 1796 913 1822 τὸν
927 1795 975 1821 κύ-

186 1843 242 1878 ριόν
270 1851 320 1877 μου
339 1836 394 1868 ’τὸν
417 1842 512 1870 πάπαν
526 1862 533 1873 ,
557 1842 604 1869 τὸν
625 1842 808 1869 ἀποστολικδν
843 1841 975 1876 ἐπέχοντα

185 1888 290 1922 ορὸνον.
309 1889 339 1914 'O
361 1888 390 1914 δὲ
415 1888 483 1923 πρὸς
510 1888 591 1915 αὑτὸν
617 1887 801 1923 απεκρίνατο·
824 1887 877 1913 Ναὶ
897 1887 975 1921 κάγὼ

183 1933 264 1961 ’.οὖτο
278 1934 346 1961 αἰτῶ
362 1935 487 1970 ποιῆσαι,
501 1934 550 1961 καὶ
566 1934 727 1961 ἀποστεῖλαί
743 1943 776 1969 με
792 1933 868 1960 ἔνθεν
883 1933 911 1960 ὲν
924 1933 974 1960 τά-

185 1989 237 2015 χει.
265 1980 419 2015 Γενομένης
444 1980 473 2006 δὲ
497 1979 640 2015 ἑσπέρας,
663 1979 852 2016 παρεκάλεσεν
867 1981 881 2006 ὁ
898 1979 975 2013 ἅγιος

184 2026 336 2061 Γρηγόριος
360 2026 406 2053 τὸν
428 2025 554 2061 ἔξαρχον,
579 2026 608 2052 ὲν
632 2026 686 2061 ὅσῳ
712 2026 725 2051 ὁ
747 2025 810 2057 λαὸς
834 2025 974 2060 ἠρέμησεν

184 2073 284 2106 ὀλίγον,
301 2071 416 2098 ὲκὸἀλαι
441 2072 523 2098 αὑτὸν
547 2071 591 2098 διὰ
610 2071 662 2106 τῆς
679 2072 797 2105 πλαγίας
820 2070 908 2106 πύλης
925 2072 974 2105 τῆς

185 2118 340 2153 βλεπούσης
355 2118 403 2144 ἐπὶ
417 2118 466 2152 τὴν
483 2117 629 2150 θάλασσαν,
649 2117 696 2143 καὶ
711 2116 878 2151 παραδοῦναι
893 2115 974 2142 αὑτὸν

185 2165 222 2196 εἰς
236 2164 271 2190 τὰ
292 2163 373 2190 πλοῖα
395 2164 442 2190 τοῦ
459 2164 548 2190 πάπα.
568 2162 701 2197 Ἐμελλον
713 2162 768 2198 γὰρ
785 2162 926 2188 ἀποκινεῖν
945 2162 974 2187 ἐν

183 2211 251 2245 αὐτῇ
267 2211 300 2245 τῇ
318 2210 396 2236 νυκτὶ
416 2210 448 2236 ἐκ
466 2209 514 2235 τοῦ
531 2207 666 2243 ποταμοῦ.
685 2207 834 2242 Ἐξήγαγέν
848 2215 877 2234 τε
892 2207 973 2234 αὑτὸν

1021 282 1174 310 veniamus.
1190 281 1284 317 Neque
1303 283 1375 309 enim
1390 283 1446 309 iieri
1465 287 1563 318 potest,
1581 288 1610 310 ut
1624 283 1666 310 hie
1685 292 1734 311 nos
1750 289 1812 312 tan-

1021 328 1067 354 diu
1080 328 1271 361 imnloremur,
1286 329 1350 364 dum
1364 329 1502 364 negotium
1516 329 1567 356 hoc
1582 334 1706 357 nostrum
1721 336 1812 358 trans—

1021 377 1112 400 actum
1129 374 1174 400 sit.
1192 374 1266 401 Uxor
1284 382 1349 401 vero
1375 374 1467 401 Sabini
1486 382 1547 402 cum
1562 375 1643 402 ﬁliola
1660 383 1709 403 sua
1721 381 1747 404 et
1766 378 1811 404 alii

1024 418 1112 449 multi,
1130 419 1157 445 in
1174 419 1269 453 primis
1295 419 1350 451 ille,
1367 420 1413 454 qui
1438 424 1531 447 mutus
1546 420 1634 447 fuerat
1651 425 1678 447 et
1700 423 1811 451 surdus.

1022 465 1054 491 ad
1069 465 1140 492 beati
1160 466 1210 492 viri
1227 465 1310 500 pedes
1324 467 1502 500 prociilebant
1517 467 1623 499 ﬂentes,
1638 476 1755 503 euntque
1773 469 1813 495 sic

1023 511 1235 545 alloquebantur
1257 521 1264 538 :
1283 512 1410 539 Misereat
1429 518 1454 540 te
1477 513 1574 544 nostri,
1594 513 1640 540 Dei
1665 522 1754 546 serve,
1779 523 1813 542 ne.

1023 556 1072 583 tibi
1087 556 1196 591 injuria:
1221 561 1322 585 nostrae
1338 559 1438 585 animo.
1454 558 1646 592 obversentur,
1669 568 1735 587 neve
1754 569 1813 588 ma-

1023 603 1111 629 lorum
1125 603 1297 635 memineris,
1311 612 1371 639 quae
1384 605 1431 631 tibi
1447 605 1571 640 sacrilegi
1590 606 1633 632 isti
1651 606 1812 634 intulerunt.

1023 648 1083 675 Mox
1102 649 1235 676 Sabinum
1253 650 1350 677 intuita
1367 659 1455 678 uxor:
1472 650 1568 683 Domo.
1583 653 1681 686 inquit,
1704 661 1763 680 mea
1779 655 1814 680 ab

1024 695 1076 722 hoc
1093 695 1137 722 die
1150 696 1269 723 extorris
1283 702 1343 723 esto
1361 705 1367 723 :
1382 697 1446 731 quid
1458 701 1484 723 tu
1501 698 1649 731 pessimum
1665 699 1734 726 inire
1748 707 1814 726 con-

1024 739 1114 766 silium
1132 749 1216 767 ausus
1241 748 1270 767 es
1292 741 1423 767 adversus
1448 741 1519 769 hunc
1545 742 1663 776 justum,
1681 744 1727 778 qui
1744 744 1814 770 lilio-

1025 784 1079 811 lam
1105 790 1227 812 nostram
1255 787 1316 813 unis
1345 787 1586 821 preeibus‘eoram
1613 789 1687 815 omni
1715 789 1814 824 populo

1027 831 1179 858 valetudini
1202 832 1340 859 restituit?
1355 831 1469 859 Discede
1494 842 1508 860 a
1534 841 1588 867 me,
1605 839 1651 872 aut
1674 843 1724 870 ego
1746 836 1813 862 mihi

1024 885 1124 904 manus
1142 878 1241 905 infero.
1258 878 1403 905 Enimvero
1418 879 1537 907 Sabinus
1553 882 1627 908 vultu
1643 882 1771 914 conlidit,
1788 887 1815 908 et

1024 924 1083 952 sui
1099 924 1188 952 instar
1207 925 1362 958 obmutuit;
1379 930 1406 952 ct
1419 931 1531 953 sanctus
1545 926 1697 962 Gregorius
1715 929 1755 955 sie.
1774 929 1814 955 le-

1023 975 1116 1005 gatum
1134 970 1234 998 affatur
1251 980 1256 998 :
1271 971 1405 1004 Quoniam
1419 976 1454 1004 te,
1469 972 1562 1004 homo,
1579 973 1709 1001 arbitrum
1723 982 1814 1001 causm

1024 1024 1089 1042 mea:
1103 1015 1258 1050 judicetme
1280 1024 1360 1043 nemo
1386 1016 1541 1049 constituit,
1555 1018 1620 1052 jube
1638 1026 1680 1045 me
1702 1019 1765 1055 hinc
1787 1020 1813 1046 in

1024 1062 1175 1088 custodiam
1207 1061 1313 1093 redire,
1345 1060 1452 1097 [Lxxvl]
1477 1069 1617 1097 nervoque
1643 1064 1813 1099 constringi.

1023 1107 1110 1134 donec
1126 1108 1159 1134 de
1182 1115 1264 1135 causa
1289 1115 1462 1142 cognoscas:
1479 1107 1525 1142 qui
1545 1109 1609 1135 olim
1632 1114 1813 1144 tyrannorum

1024 1161 1084 1181 mos
1106 1154 1158 1180 fuit
1171 1153 1239 1189 (65).
1261 1154 1311 1181 Cui
1337 1155 1443 1189 legatus
1460 1164 1466 1181 :
1482 1154 1540 1181 Non
1557 1162 1616 1189 ego,
1633 1156 1732 1190 inquit,
1750 1164 1813 1182 con-

1024 1197 1121 1231 stringi
1143 1203 1168 1225 te
1182 1199 1284 1233 jubeo;
1313 1199 1358 1226 sed
1376 1201 1422 1234 qui
1448 1204 1474 1227 te
1497 1200 1691 1235 criminantur,
1712 1201 1761 1236 ipsi
1789 1207 1813 1229 Ic

1024 1243 1232 1271 custodiendum
1254 1249 1361 1272 curant.
1379 1246 1420 1273 Ab
1439 1253 1471 1273 eo
1496 1246 1577 1277 igitur
1593 1247 1733 1282 digressus
1748 1248 1812 1275 bea-

1024 1294 1066 1315 tus
1082 1289 1124 1316 vir
1143 1290 1168 1316 in
1187 1297 1323 1318 carcerem
1347 1291 1425 1326 abiit,
1443 1296 1525 1326 atque
1546 1293 1582 1320 ibi
1599 1297 1683 1320 totam
1701 1299 1810 1322 noctem

1025 1336 1145 1363 traduxit
1174 1337 1309 1364 insomnis
1333 1345 1394 1364 cum
1422 1338 1616 1366 archidiacono
1642 1345 1668 1367 et
1698 1341 1811 1376 reliquis

1025 1381 1151 1408 diaconis
1171 1381 1296 1416 Erasmo,
1318 1382 1499 1418 Philadelpho
1524 1389 1551 1412 et
1573 1385 1725 1418 Platonico,
1753 1387 1815 1421 qui-

1026 1427 1139 1454 Luscum
1156 1428 1277 1462 psalmos
1298 1429 1407 1461 cecinit,
1430 1434 1478 1458 aut
1503 1430 1630 1458 lectionis
1647 1432 1708 1459 loco
1728 1432 1811 1459 multa

1025 1474 1184 1500 memoriter
1200 1475 1389 1508 pronuntiavit
1406 1476 1467 1503 sine
1481 1476 1561 1504 libro.
1579 1476 1673 1514 Neque
1691 1478 1763 1505 enim
1780 1486 1812 1505 ex

1024 1520 1129 1547 milibus
1147 1520 1236 1547 el‘l‘erri
1257 1520 1292 1548 ab
1307 1529 1339 1548 eo
1355 1522 1505 1557 quidquam
1525 1523 1599 1557 passi
1614 1527 1688 1550 sunt.

1062 1608 1118 1635 LX.
1142 1608 1273 1643 Legatum
1291 1609 1389 1637 deinde
1415 1611 1559 1639 arcessivit
1583 1619 1693 1640 sanctus
1711 1612 1814 1647 Grego-

1027 1655 1084 1682 rius
1100 1655 1132 1682 ad
1155 1663 1305 1688 carcerem,
1320 1657 1491 1692 rogavitque.
1508 1662 1539 1685 ut
1554 1659 1627 1693 quod
1643 1660 1676 1686 de
1697 1659 1757 1694 ipso
1775 1660 1815 1686 la-

1026 1700 1151 1728 eiendum
1167 1700 1217 1728 sibi
1236 1702 1388 1734 statuisset,
1407 1703 1609 1737 quamprimum
1626 1703 1738 1731 faceret.
1760 1705 1815 1739 l'lgo

1026 1754 1100 1777 vero,
1116 1746 1204 1781 inquit
1219 1747 1274 1779 ille,
1288 1748 1469 1774 deliberatum
1485 1749 1582 1781 habeo,
1596 1750 1710 1777 Romani
1725 1755 1748 1777 te
1759 1751 1815 1786 (66)

1026 1799 1087 1819 cum
1109 1793 1317 1820 accusatoribus
1332 1794 1386 1820 tuis
1403 1794 1435 1820 ad
1453 1794 1595 1822 dominum
1619 1804 1708 1822 meum
1726 1798 1815 1831 potili—

1026 1838 1103 1866 ticem
1131 1839 1281 1865 maximum
1310 1839 1400 1866 throni
1424 1841 1570 1874 apostolici
1590 1842 1723 1868 han-edem
1752 1843 1816 1869 mit-

1026 1889 1093 1912 tere.
1108 1884 1158 1911 Cui
1177 1889 1290 1912 sanctus
1304 1885 1345 1912 vir
1361 1886 1502 1920 respondit
1517 1895 1523 1912 :
1541 1886 1568 1913 Id
1586 1887 1672 1921 ipsum
1691 1888 1815 1922 profecto

1025 1936 1056 1958 ut
1073 1930 1160 1958 facias
1178 1935 1253 1965 peto,
1275 1938 1371 1966 meque
1387 1931 1452 1959 hinc
1471 1932 1526 1959 cito
1542 1933 1676 1960 dimittas.
1695 1934 1753 1961 Sub
1769 1942 1815 1960 ve-

1026 1984 1134 2012 speram
1151 1984 1217 2004 vero
1233 1977 1351 2012 legatum
1378 1977 1502 2005 hortatus
1513 1982 1567 2011 est,
1591 1978 1814 2014 quandoquidem

1026 2024 1143 2058 populus
1160 2022 1302 2057 paululum
1321 2024 1526 2058 conquieverat,
1543 2029 1573 2052 ut
1587 2031 1648 2051 eum
1665 2033 1713 2060 per
1730 2027 1815 2059 posti-

1025 2077 1087 2097 emn
1103 2069 1251 2099 emitteret,
1268 2069 1340 2103 quod
1358 2077 1433 2096 mare
1448 2070 1621 2104 respiciebat,
1637 2075 1663 2096 et
1679 2071 1815 2105 pontilieis

1026 2115 1139 2142 maximi
1162 2114 1280 2142 navibus
1299 2114 1462 2149 imponeret.
1483 2115 1552 2142 Nam
1570 2123 1602 2143 ea
1623 2117 1680 2151 ipsa
1699 2124 1777 2144 nocte
1800 2126 1815 2145 a

1025 2159 1138 2188 ﬂumine
1153 2161 1260 2188 solvere
1275 2161 1421 2188 debebant.
1437 2161 1539 2188 Eduxit
1554 2166 1646 2190 autem
1666 2171 1727 2190 cum
1742 2163 1815 2198 iega-

1027 2211 1070 2233 tus
1087 2214 1149 2233 eum
1172 2207 1383 2234 accusatoribus
1405 2207 1466 2242 ejus
1481 2206 1584 2235 Sabino
1597 2214 1624 2235 et
1637 2208 1816 2236 Crescentino

182 2256 325 2291 ὀέξαρχος
343 2256 391 2282 σὺν
416 2255 470 2281 τῶν
494 2254 659 2290 κατηγόρων
682 2253 765 2280 αὑτοῦ
789 2253 902 2280 Σαϐίνου
925 2253 972 2279 καὶ

1025 2261 1058 2280 ac
1080 2253 1173 2280 decem
1197 2254 1258 2281 aliis
1276 2263 1283 2280 :
1299 2254 1345 2288 qui
1370 2255 1403 2280 ad
1430 2255 1509 2281 littus
1530 2254 1744 2286 desceiulerunt.
1770 2257 1814 2282 ubi

182 2302 398 2337 Κρησκεντίνου,
412 2301 458 2327 καὶ
473 2301 575 2336 ἑτέρων
593 2301 660 2327 δέκα
675 2301 723 2326 σὺν
737 2299 821 2335 αὐτῷ.
836 2300 891 2330 Καὶ.
905 2308 972 2326 κατ-

182 2347 261 2382 ῆλθον
283 2347 324 2377 εἰς
346 2341 392 2372 τοῦ
407 2345 541 2379 αἰγιαλὸν,
558 2344 623 2372 ἔνθα
642 2344 679 2371 τὰ
696 2344 778 2371 πλοῖα
791 2341 862 2378 ἦσαν
878 2343 971 2378 βουλό-

217 2443 273 2479 (65)
296 2443 404 2470 Dictum
422 2442 475 2479 hoc
493 2442 560 2479 satis
575 2441 731 2479 aculeatum
753 2445 806 2479 est,
822 2444 851 2466 ut
865 2439 971 2479 Leontii

180 2475 293 2512 potius,
321 2485 405 2512 quam
427 2476 550 2512 Gregorii
575 2477 686 2503 nomine
711 2475 847 2509 prolatum
867 2475 972 2512 malim.

180 2511 274 2548 Neque
288 2511 355 2540 vero
371 2513 474 2547 legatus
487 2511 657 2548 reprehendi
676 2515 791 2548 poterat,
813 2511 885 2545 quod
904 2511 972 2548 alie-

182 2545 273 2575 nis'se
297 2545 413 2583 negotiis
436 2545 613 2583 inunisceret.
636 2546 698 2573 Haec
722 2546 795 2583 enim
811 2545 974 2583 anpoptiiiee

180 2583 302 2610 maximo
331 2579 458 2609 mandata
492 2581 608 2608 habebat
636 2586 695 2614 :Iut
721 2579 852 2614 Gregorii
883 2579 972 2614 Magni

179 2618 303 2652 epistola:
326 2622 472 2644 testantur.
498 2616 635 2652 Pergenti,
657 2615 756 2652 inquit.
774 2616 821 2652 tibi
846 2615 879 2641 ad
904 2614 974 2641 Sici-

180 2650 246 2679 liam
262 2652 430 2687 Cupitulare,
448 2652 517 2686 quod
530 2651 602 2684 dedi,
619 2651 724 2678 assidue
741 2650 907 2687 relegandum
921 2654 981 2682 est,-

180 2693 210 2714 ut
232 2685 308 2715 cura»
322 2688 441 2714 maxima
464 2695 519 2713 esse
538 2686 570 2713 de
595 2687 723 2720 episcopis
747 2685 840 2712 debeat
865 2686 924 2720 (lib.
946 2693 972 2716 ι,

179 2724 261 2757 epist.
279 2723 336 2758 56).
351 2722 458 2758 Rursus
474 2731 480 2748 :
499 2721 536 2748 De
552 2719 636 2758 lapsis
652 2719 836 2758 sacerdotibus
857 2720 895 2758 vel
909 2728 974 2754 quo—

181 2756 243 2784 libet
258 2766 290 2784 ex
308 2756 379 2784 clero
400 2757 536 2783 obseruare
554 2762 578 2783 te
594 2756 724 2788 uoliunus,
750 2757 819 2782 utin
842 2756 916 2782 rebus
932 2763 975 2781 eo-

182 2801 240 2818 rum
250 2793 325 2819 nulla
336 2793 562 2819 contaminatione
572 2792 708 2818 miscearis
719 2791 777 2821 (lib.
790 2799 809 2821 1,
821 2791 903 2823 epist.
917 2790 972 2824 Μ).

182 2828 211 2854 In
227 2829 279 2855 alia
297 2837 303 2854 :
321 2827 454 2854 Prwterea
473 2827 521 2853 hoc
535 2826 582 2853 tibi
594 2827 774 2859 indagandum
788 2826 914 2852 "tundore
930 2833 975 2850 cu-

182 2864 308 2896 ravimus,
336 2863 426 2894 veleri,
447 2870 505 2897 qua:
526 2862 586 2896 jam
609 2862 761 2892 inoleverat,
787 2861 974 2897 consuetudine

181 2899 338 2933 postposita,
351 2904 379 2925 ut
391 2899 412 2925 si
423 2906 481 2932 qum
497 2898 615 2925 civitates
626 2898 653 2924 in
661 2897 796 2931 provincia
815 2896 915 2923 Siciliw
927 2903 973 2930 pro

1024 2306 1108 2326 naves
1122 2303 1211 2330 erant,
1227 2299 1432 2333 quamprimum
1453 2300 1511 2326 vela
1528 2299 1650 2327 factum.
1665 2300 1697 2326 At
1712 2300 1816 2334 Grego-

1025 2344 1093 2370 rium
1111 2349 1237 2378 parcntcs
1251 2344 1312 2377 ejus
1324 2344 1510 2378 sequebantur
1526 2344 1680 2377 plorantes;
1697 2352 1814 2377 quorum

1024 2443 1136 2477 peccatis
1152 2451 1197 2477 per
1220 2442 1388 2469 sacerdotum
1403 2442 1493 2475 lapsus
1510 2450 1525 2467 a
1540 2442 1672 2476 pastorali
1690 2443 1815 2477 regimine

1025 2487 1118 2505 vocare
1131 2482 1287 2508 nascuntur,
1305 2478 1338 2503 de
1351 2477 1419 2502 clero
1433 2477 1614 2503 lircleslarum
1629 2478 1757 2511 ipsarum.
1777 2479 1814 2504 vel

1025 2522 1056 2541 ex
1076 2513 1257 2543 monasteriis,
1278 2513 1299 2539 ai
1313 2513 1357 2546 qui
1375 2512 1448 2546 digni
1473 2512 1506 2537 ad
1522 2513 1713 2538 sacerdotalem
1728 2513 1816 2539 locum

1024 2548 1266 2588 possuntinreniri,
1281 2547 1424 2588 perspicias
1444 2547 1503 2580 (lib.
1521 2555 1540 2579 ι,
1552 2549 1638 2588 epist.
1660 2547 1714 2588 18).

1061 2583 1116 2618 (66)
1136 2582 1204 2609 Num
1222 2583 1326 2609 litteras
1343 2583 1438 2618 Petrus
1453 2590 1467 2608 a
1484 2583 1609 2616 pontilice
1628 2582 1814 2617 niaximojam

1026 2617 1197 2653 accepisset,
1225 2618 1326 2651 quibus
1353 2617 1514 2652 Gregorium
1543 2618 1751 2653 Agrigentinum
1783 2626 1815 2645 ae.

1025 2656 1095 2682 duos
1123 2654 1192 2681 alios
1219 2654 1362 2688 episcopos
1387 2653 1500 2679 ltomam
1530 2654 1636 2680 mittere
1657 2653 1814 2687 jubebatur,

1026 2690 1159 2716 allii-mare
1175 2696 1230 2714 non
1250 2689 1348 2715 audeo.
1368 2688 1509 2722 Angustim
1523 2688 1596 2715 enim
1620 2689 1751 2721 temporis
1765 2696 1815 2715 ex-

1026 2725 1136 2752 cludere
1150 2723 1289 2750 videntur.
1308 2722 1360 2750 Sed
1378 2722 1527 2756 Gregorius
1544 2723 1657 2757 Magnus
1673 2723 1747 2750 Julio
1768 2729 1817 2750 aut

1025 2760 1150 2794 Augusto
1165 2758 1235 2794 anni
1245 2758 1293 2785 591
1312 2759 1352 2784 sic
1366 2758 1410 2794 _ad
1428 2759 1620 2794 cumiscripsit
1635 2767 1641 2784 :
1658 2757 1816 2794 Gregorium

1026 2792 1085 2821 vero
1101 2793 1302 2828 Agrigentinum
1317 2797 1341 2819 et
1360 2792 1471 2820 Leonem
1491 2793 1666 2820 Cutanensem
1679 2792 1815 2820 et’Victo—

1027 2838 1080 2856 rem
1098 2828 1320 2855 Panormitanum
1342 2836 1388 2862 per
1410 2829 1499 2854 omnia
1519 2837 1565 2854 nos
1580 2829 1698 2856 rolumus
1714 2829 1748 2856 ad
1769 2836 1816 2856 nos

1026 2869 1087 2892 ante
1101 2864 1211 2890 hiemem
1223 2864 1355 2898 proﬁcisci
1371 2864 1429 2899 (lib.
1445 2872 1465 2895 ι,
1480 2863 1559 2898 epist.
1576 2863 1630 2899 7‘2).
