2083 3155
287 189 354 221 ’655

799 192 830 222 S.
851 194 1039 225 GREGORII
1058 194 1313 226 AGRIGEN’TINI
1333 197 1431 227 VITA.

1875 198 1926 230 656

302 245 361 278 ipse
373 243 405 270 ad
427 244 508 278 pedes
529 245 683 280 procidcns,
699 245 844 275 obsecrare
861 249 901 276 sic
921 248 1003 284 cmpit
1019 249 1084 282 :Nc,

1142 257 1209 284 μενοι
1224 251 1400 286 ἀποκινῆσαι.
1415 251 1570 278 Ἠκολούθει
1586 251 1613 279 δὲ
1627 252 1701 288 αὐτῷ
1714 253 1726 278 ὁ
1742 253 1832 289 πατὴρ
1844 253 1928 281 αὐτοῦ

299 296 401 323 quaeso,
417 297 474 316 nica
491 297 585 323 causa,
599 291 703 318 domini
722 293 785 326 mei,
802 293 840 320 sic
855 294 979 329 lugentis.
989 294 1082 330 Neque

299 335 372 362 enim
386 333 517 364 Dominus
529 337 694 365 meusJesus
705 338 834 367 Christus
847 340 1031 376 nequidquam
1044 349 1088 369 me

299 379 325 405 iu
349 381 578 408 calumniaturqu
596 383 720 411 meorum
740 391 837 413 manus
855 385 968 414 dedidit.
986 386 1086 414 Verum

298 434 404 460 preces,
430 435 478 455 vos
505 436 564 461 oro,
582 437 632 464 pro
656 437 700 457 me
715 431 833 459 scelesto
850 432 960 461 homine
980 433 1086 467 iterate,

297 479 351 506 quo
365 472 436 501 Deus
450 474 516 501 mihi
530 476 645 503 crintina
673 484 733 511 quae
746 478 842 505 admisi
857 479 942 506 multa
956 480 1086 508 remittat.

279 517 360 545 “llaec
374 526 406 546 co
419 519 537 553 dicente,
564 521 669 557 legatus
685 531 770 550 unum
791 531 806 551 e
823 526 1001 553 naviculariis
1021 525 1087 553 Pro-

297 565 407 599 copium
425 566 589 600 appellatum
609 568 716 602 accivit,
734 570 813 604 eique
828 571 986 606 episcopum
1004 573 1088 600 tradi-

297 611 355 644 dit;
372 613 513 647 eidemque
529 614 789 647 relationcm'dedit,
811 624 894 651 quam
911 618 969 652 ipse
989 618 1086 645 adver-

297 665 344 683 sus
358 661 482 684 sanctum
505 659 594 686 virum
613 660 646 687 ad
665 660 821 695 pontiﬁcem
846 663 995 690 maximum
1018 664 1086 691 seri-

297 708 399 736 pserat,
418 704 503 737 signis
523 704 611 739 ipsius
624 706 705 741 legati
720 711 748 734 et
767 707 956 741 improborum
975 716 1087 738 accusa-

298 755 385 775 torum
398 750 581 785 obsignatam.
596 750 738 779 Neminem
754 761 818 780 vero
834 753 916 780 alium
931 755 1086 783 cumboato

299 795 357 821 viro
373 795 508 830 proficisci
525 797 598 831 passi
615 803 689 830 sunt,
709 805 791 833 quam
809 799 982 827 Platonicum
1001 809 1085 828 unum

295 849 310 866 e
327 841 447 869 diaconis
462 842 532 876 ejus.
550 839 599 870 llic
617 843 735 879 legatum
756 849 783 872 et
801 846 953 880 sacrilegos
970 846 1085 884 [exn-tt]

297 887 358 915 illos
382 895 494 916 monere
518 894 630 918 sanctus
652 889 800 926 Gregorius
823 899 877 919 non
899 893 1081 927 praetermisit,

296 934 420 970 viderent
436 934 500 969 ipsi,
522 935 566 962 cui
590 924 741 963 Ecclesiaim
767 936 813 965 Dei
840 924 1082 967 administrandam
1102 924 1123 952 Β

296 980 498 1008 αοηιηιὴιυνειιι
525 991 531 1008 :
553 989 587 1009 ne
616 982 689 1009 illam
717 987 846 1018 tanquam
877 985 936 1020 apri
957 985 1087 1013 devasta-

296 1032 356 1054 rent
373 1035 379 1053 :
396 1034 444 1054 eos
463 1027 497 1054 de
522 1027 574 1054 hoc
593 1028 619 1054 in
635 1028 731 1063 judicii
748 1029 792 1057 die
808 1031 942 1058 rationem
961 1030 1016 1058 Deo
1031 1031 1089 1059 red-

295 1072 410 1099 dituros.
424 1071 473 1099 Cui
491 1073 596 1108 legatus
613 1082 620 1100 :
634 1072 808 1108 Curatorem,
827 1075 925 1110 inquit,
941 1083 992 1104 nos
1006 1075 1087 1103 rebus

295 1119 423 1146 omnibus
439 1119 656 1154 designavimus.
671 1122 717 1156 qui
734 1121 778 1156 pie
791 1121 899 1157 singula
912 1122 1088 1150 administra-

295 1164 337 1192 bit‘
350 1164 405 1201 ((#7)
422 1175 428 1193 :
445 1166 510 1200 quin
529 1171 576 1194 tuo
599 1167 659 1194 loco
675 1167 731 1201 jam
747 1168 864 1202 populus
877 1168 982 1195 creavit
997 1168 1085 1196 virum

296 1211 374 1246 plane
389 1211 513 1246 dignum,
532 1213 579 1247 qui
604 1213 630 1239 in
647 1220 679 1240 ea
700 1214 764 1240 sede
779 1214 973 1241 constituatur.
998 1213 1086 1249 Atque

297 1258 353 1284 haec
368 1257 433 1284 dum
448 1258 483 1285 ab
499 1257 540 1285 his
556 1258 723 1290 dicerentur,
740 1259 1084 1292 advenitarchidiaconus,

296 1310 327 1329 ac
342 1301 424 1329 simul
439 1302 548 1330 diaconi
564 1303 618 1330 duo
631 1303 763 1331 Erasmus
776 1309 801 1332 et
819 1304 1022 1340 Philadelphus,
1038 1306 1084 1340 qui

295 1348 415 1383 legatum
432 1353 459 1376 et
476 1348 632 1384 sacrilegos
645 1349 707 1376 illos
725 1349 858 1377 Sabinum
881 1355 908 1377 et
931 1350 1086 1378 Crescenti-

295 1400 360 1420 uum
377 1394 520 1429 rogabant,
539 1398 567 1421 tit
581 1394 633 1422 sibi
650 1402 712 1421 cum
734 1394 814 1422 Patre
830 1402 863 1422 ac
881 1396 1011 1431 magistro
1034 1403 1085 1424 suo

294 1437 411 1466 abeundi
429 1444 551 1474 potestas
566 1440 650 1466 ﬁeret.
665 1439 769 1472 Quibus
782 1440 818 1467 illi
834 1448 867 1468 ne
882 1448 962 1468 aures
973 1440 1083 1476 quidem

295 1485 479 1518 prmbueruut.
503 1485 597 1520 Itaque
616 1493 630 1512 a
656 1486 749 1514 littere
776 1491 881 1513 tantum
904 1486 1082 1515 clamabant:

295 1530 362 1558 Tuis
379 1539 429 1558 nos
446 1531 572 1566 precibus
590 1532 700 1566 adjuva,
720 1533 799 1559 Pater
824 1537 935 1565 sancte;
953 1533 997 1560 ille
1019 1540 1083 1561 vero

1140 297 1186 322 καὶ
1202 297 1218 332 ή
1236 297 1327 333 μήτηρ
1351 297 1434 324 αὑτοῦ
1459 298 1611 330 κλαίοντες.
1634 298 1662 325 ὐ
1681 299 1710 324 δὲ
1735 298 1827 325 πεσὼν
1852 301 1929 335 παρὰ

1138 342 1202 373 τοὺς
1219 342 1304 374 πόδας
1326 342 1499 378 ἀμφοτέρων,
1517 343 1669 378 παρεκάλει
1690 344 1782 375 αὐτοῖς
1795 352 1802 359 ·
1820 344 1865 379 Μὴ
1882 345 1928 372 οὖ-

1138 396 1192 419 τως
1216 388 1326 414 κλαίετε
1346 388 1390 415 ἐπ’
1407 389 1488 424 ἐμοὶ,
1512 388 1601 424 κύριοί
1626 397 1694 424 μου·
1718 390 1732 415 ό
1750 388 1809 425 γὰρ
1825 389 1928 425 Κύριός

1141 441 1191 468 μου
1215 433 1322 468 Ἰησοῦς
1347 434 1468 469 Χριστὸς
1491 435 1521 461 οὐ
1556 435 1593 470 μή
1625 443 1658 469 με
1685 435 1857 470 ἐγκαταλίπῃ
1888 436 1928 468 εις

1138 480 1233 514 χεῖρας
1249 479 1304 506 τῶν
1321 479 1563 515 συκοφαντούντων
1582 488 1615 514 με
1628 480 1742 516 δωρεάν.
1764 481 1836 516 Πλὴν
1849 479 1928 516 εὔχε-

1139 525 1186 552 σθε
1204 526 1274 561 ὑπὲρ
1292 526 1372 561 ἐμοῦ,
1387 526 1549 561 παρακαλῶ,
1565 526 1612 553 τοῦ
1634 526 1807 563 ἁμαρτωλοῦ,
1824 527 1898 558 ὅπως
1912 528 1928 553 6

1127 571 1204 603 Θεὸς
1224 573 1390 608 συγχωρήσῃ
1407 581 1452 608 μοι
1467 573 1501 599 τὰ
1520 573 1606 600 πολλά
1623 582 1674 608 μου
1691 574 1774 600 κακά.
1791 570 1886 600 Ταῦτιί
1897 569 1926 600 δὲ

1137 616 1264 650 λέγοντος
1287 617 1370 644 αὑτοῦ
1384 638 1390 650 ,
1409 618 1537 653 φωνήσας
1558 618 1572 643 ὁ
1594 618 1708 653 ἔξαρχος
1725 618 1773 645 ἕνα
1786 618 1841 645 τῶν
1860 627 1925 645 ναυ-

1137 663 1248 698 κλήρων
1268 663 1322 690 τῶν
1338 663 1442 690 πλοίων
1463 663 1619 699 Προκὸπιον
1633 664 1792 699 λεγόμενον,
1810 665 1927 698 παραδί·

1136 709 1217 735 δωσιν
1235 709 1310 744 αὑτῷ
1332 709 1379 736 τὸν
1403 710 1564 742 ἐπίσκοπον,
1591 710 1638 736 καὶ
1661 709 1769 736 δίδωσιν
1789 710 1863 745 αὐτῷ
1879 711 1926 737 καὶ

1137 755 1188 789 τὴν
1211 755 1277 789 παρ’
1293 755 1376 781 αὑτοῦ
1401 756 1556 790 γραφεῖσαν
1571 754 1712 789 ἀναφορὰν
1728 755 1795 790 πρὸς
1812 755 1856 781 τὸν
1872 756 1927 783 πάι
1944 752 1948 757 ’

1137 807 1191 825 παν
1205 798 1336 825 κατὰτοῦ
1350 799 1428 833 ἁγίου
1444 799 1560 834 ἔχουσαν
1573 799 1723 834 σφραγῖδας
1735 799 1820 827 αὑτοῦ
1837 809 1866 826 τε
1877 800 1927 827 τοῦ

1137 842 1252 878 ἐξάρχου
1264 843 1312 870 καὶ
1324 843 1377 870 τῶν
1391 844 1559 879 παρανόμων
1574 844 1746 880 κατηγόρων.
1761 845 1927 872 Οὑκνεῐασειν

1137 888 1166 915 δὲ
1182 889 1319 916 συνελθεῖν
1333 889 1373 925 τῷ
1389 889 1533 926 μακαρίῳ,
1555 891 1579 916 ει
1594 890 1632 925 μὴ
1646 891 1726 925 μόνον
1738 891 1785 917 ἕνα
1797 891 1851 917 τῶν
1865 891 1925 917 δια-

1140 935 1227 963 κόνων
1245 936 1429 963 Πλατωνικὸν.
1456 937 1537 970 Λέγει
1553 937 1581 962 δὲ
1599 937 1613 962 ὁ
1624 936 1868 972 ἅγιοςΓρηγόριος
1879 937 1926 972 ’τῷ

1139 981 1248 1016 ἐξάρχω
1263 981 1311 1008 καὶ
1326 983 1382 1013 τοῖς
1394 982 1514 1017 ἀνιέροις
1529 981 1646 1014 ἐκείνοις
1656 990 1663 997 ’
1679 983 1926 1019 Βλέπετε,⁴ἆνθρω-

1139 1032 1196 1057 ποι,
1212 1025 1243 1050 τὸ
1259 1025 1318 1056 πῶς
1337 1024 1466 1059 βούλεσθε
1479 1025 1591 1052 διοικεῖν
1605 1026 1655 1062 τὴν
1669 1027 1716 1053 τοῦ
1731 1026 1801 1053 Θεοῦ
1814 1028 1926 1062 Ἐκκλη-

1139 1069 1214 1096 σίαν·
1236 1070 1273 1105 μὴ
1291 1070 1535 1106 καταλυμαίνησθε
1549 1071 1635 1106 αὐτὴν
1648 1071 1689 1104 ὡς
1711 1073 1798 1107 μονιοὶ
1813 1073 1922 1108 ἄγριδι·

1137 1116 1185 1143 καὶ
1201 1116 1313 1151 μέλλετε
1327 1116 1366 1152 τῷ
1379 1116 1439 1151 Θεῷ
1452 1118 1482 1143 ὲν
1494 1117 1587 1153 ἡμέρᾳ
1610 1118 1728 1153 κρίσεως
1746 1119 1811 1154 περὶ
1827 1120 1925 1146 τούτου

1136 1161 1185 1197 τὴν
1199 1162 1278 1197 δίκην
1291 1162 1515 1198 εἰσπράττεσθαι.
1528 1163 1558 1190 ’0
1570 1163 1599 1190 δὲ
1617 1163 1730 1200 ἔξαρχος
1746 1164 1820 1199 λέγει
1836 1166 1924 1201 αὐτῷ·

1142 1207 1238 1242 Ἡμεῖς
1253 1203 1354 1243 ἔχομεν
1367 1208 1540 1244 καταστῆσαι
1556 1210 1699 1244 οἰκονόμον
1719 1211 1759 1242 εἰς
1773 1212 1863 1238 πάντα
1876 1212 1925 1239 τὸν

1136 1253 1233 1288 ἔχοντα
1252 1254 1390 1289 διοικῆσαι
1407 1254 1441 1281 τὰ
1455 1254 1515 1282 κατ’
1531 1256 1619 1290 αὐτὴν
1635 1256 1754 1288 εὐσεϐῶς
1765 1264 1771 1271 ·
1796 1258 1842 1284 καὶ
1862 1259 1925 1285 ἀντὶ

1137 1299 1185 1326 σοῦ
1198 1296 1271 1326 οὗτοι
1293 1300 1317 1326 οἱ
1338 1300 1396 1326 λαοὶ
1410 1300 1580 1334 ἐψηφίσαντο
1597 1300 1682 1336 ἄνδρα
1703 1301 1778 1333 ἀξιον
1791 1302 1837 1328 τὸν
1847 1303 1924 1337 ὀφεί-

1135 1346 1217 1373 λοντα
1235 1346 1404 1382 καθεσθῆναι
1419 1347 1467 1373 ἐπὶ
1482 1347 1530 1373 τοῦ
1546 1346 1652 1382 θρόνου.
1664 1348 1719 1374 Καὶ
1735 1348 1821 1375 ταῦτα
1833 1349 1924 1376 αὐτῶν

1136 1391 1281 1424 εἰπόντων,
1298 1391 1451 1427 προσῆλθεν
1468 1393 1482 1418 ὁ
1494 1392 1685 1428 ἀρχιδιάκονος
1700 1393 1747 1420 καὶ
1760 1394 1784 1420 οἱ
1799 1394 1847 1420 δύο
1866 1394 1924 1421 διάσ

1135 1446 1208 1464 κονοι
1225 1437 1368 1473 Ἔρασμος
1383 1438 1430 1464 καὶ
1451 1438 1616 1472 animum;
1635 1438 1859 1473 παρακαλοῦντες
1876 1439 1924 1466 τὸν

1135 1482 1249 1518 ἔξαρχον
1265 1483 1311 1510 καὶ
1321 1483 1522 1518 τοὺς“ἁνιέρου;
1539 1483 1651 1510 Σαϐῖνον
1663 1483 1709 1510 καὶ
1722 1484 1924 1519 Κρησκεντῖνον

1134 1528 1257 1562 λέγοντες
1268 1537 1275 1544 ·
1295 1529 1408 1555 Ἑὰσατε
1427 1530 1500 1565 ἡμᾶς
1521 1529 1656 1556 ’ἀπελθεῖν
1669 1530 1736 1564 μετὰ
1752 1530 1800 1557 τοῦ
1816 1530 1924 1565 (lupo;

295 1577 363 1603 bene
386 1577 419 1604 iis
435 1582 574 1610 precatus,
590 1582 617 1604 et
633 1577 746 1604 salutari
762 1585 810 1604 eos
826 1578 904 1612 signo
921 1585 935 1604 e
959 1578 1021 1605 navi
1038 1578 1082 1605 di-

1134 1575 1213 1610 ήμῶν
1226 1575 1273 1602 καὶ
1283 1575 1456 1602 διδασκάλου.
1475 1577 1507 1602 0i
1524 1575 1552 1602 ὶὲ
1563 1576 1624 1602 οὐδὲ
1637 1575 1753 1603 ἀκοῦσαι
1766 1577 1857 1604 αὐτῶν
1868 1577 1925 1604 οὐδ’

295 1623 406 1650 mittens
421 1631 427 1650 :
444 1623 560 1659 Pergite,
583 1623 681 1659 inquit,
705 1624 731 1651 in
748 1631 814 1659 pace
829 1633 835 1651 :
850 1623 976 1651 Christus
998 1624 1081 1658 enim,

297 1669 342 1695 lilii
359 1669 423 1701 Iuei,
443 1676 493 1697 vos
513 1670 649 1702 tuebitur,
663 1663 818 1704 cliarosque
831 1670 950 1697 habebit.
969 1670 1004 1698 lis
1020 1677 1085 1698 vero

295 1715 381 1743 Amen
393 1715 622 1750 respondentibus
636 1719 718 1742 naves
729 1715 784 1750 jam
797 1716 991 1749 discesserant,
1004 1721 1084 1744 nocte

291 1760 348 1794 jam
373 1760 511 1787 inchoata.
534 1760 666 1796 Sacrilegi
691 1767 756 1787 vero
780 1760 819 1787 illi
843 1766 968 1788 sanctum
992 1761 1083 1788 virum

276 1807 279 1809 ’
295 1813 355 1832 cum
377 1805 465 1840 legato
484 1805 655 1837 deridebant,
673 1805 718 1839 qui
736 1806 883 1840 perniciem
902 1812 978 1834 suam
997 1807 1081 1834 miser

295 1859 348 1878 non
369 1851 491 1882 deﬁeret.
515 1855 541 1878 et
564 1851 598 1878 de
624 1851 660 1878 iis’
675 1851 821 1884 laboraret,
845 1858 907 1887 quae
939 1856 1079 1886 nunquam

274 1889 277 1893 ’
293 1897 408 1932 posthac
424 1897 533 1924 visurus
547 1901 631 1924 esset.

1133 1622 1200 1653 ὅλως
1214 1622 1477 1656 ὴνέσχοντο.’Μόνον
1490 1621 1544 1648 ἀπὸ
1558 1622 1608 1656 τῆς
1622 1622 1674 1656 γῆς
1689 1621 1817 1658 ἔκραζον,
1829 1623 1923 1656 λέγον-

1133 1671 1203 1700 τες·¹
1215 1665 1298 1701 mea:
1315 1668 1384 1703 ὑπὲρ
1403 1667 1493 1703 ἡμῶν,
1515 1668 1609 1703 Πάτερ
1627 1668 1700 1702 ἆγιε.
1714 1669 1744 1695 '0
1759 1669 1795 1696 δὲ·
1808 1669 1925 1704 ἐπευξάο

1135 1723 1216 1750 μενος
1239 1715 1331 1746 αὐτοῖς
1352 1715 1399 1741 καὶ
1423 1714 1653 1749 κατασφραγζσας
1677 1715 1776 1747 αὐτοὺς
1800 1716 1855 1742 ἀπὸ
1874 1716 1924 1743 τοῦ

1133 1761 1241 1794 πλοίου,
1266 1760 1412 1791 ἀπέλυσεν.
1430 1760 1518 1794 λέγων
1534 1769 1543 1775 ·
1559 1761 1712 1798 Πορεύεσθε
1727 1763 1757 1788 ἐν
1773 1763 1870 1798 εἰρήνῃ
1882 1771 1889 1778 ·
1908 1765 1923 1790 ὁ

1130 1807 1252 1842 ’Χριστὸς
1269 1806 1323 1842 γὰρ
1340 1807 1412 1841 ὑμᾶς
1433 1806 1595 1841 διατηρήσει
1609 1828 1616 1839 ,
1630 1807 1716 1835 τέκνα
1733 1817 1795 1843 μου,
1816 1809 1857 1840 εις
1871 1809 1924 1844 τὴν

1134 1852 1245 1887 ἀγάπην
1260 1852 1427 1879 αὺτοῦ-Τῶν
1444 1852 1472 1878 δὲ
1486 1852 1516 1878 τὸ
1535 1852 1622 1888 ’Δμὴν
1633 1851 1854 1888 ’ἀποκριθέντων,
1869 1855 1923 1881 ἁπ-

1135 1897 1265 1932 εκίνησαν
1280 1897 1382 1928 εὐθέως
1401 1897 1436 1923 τὰ
1450 1896 1531 1923 πλοῖα
1541 1916 1548 1929 ,
1566 1896 1687 1932 ἑσπέρας
1699 1897 1784 1932 οῠσης
1800 1898 1921 1933 βαθείας.

292 1945 323 1970 υἱ
340 1944 368 1970 δὲ
386 1942 488 1979 ἀνίεροι
513 1943 614 1970 ἐκεῖνοι
635 1943 806 1988 κατεγέλων.
824 1942 906 1971 αὑτοῦ
928 1944 997 1979 ’ἅμα
1028 1944 1068 1979 τῷ
1101 1943 1219 1979 ὲξάρχῳ.
1242 1943 1388 1977 λέγοντες·
1409 1943 1439 1970 ’0
1463 1943 1556 1975 ἄθλιος
1577 1944 1607 1970 οὺ
1634 1944 1730 1979 θρηνεί
1745 1944 1795 1980 τὴν
1823 1945 1922 1972 ἑαυτοῦ

291 1989 440 2022 ἀπώλειαν,
462 1989 530 2015 ἀλλὰ
543 1989 596 2015 τῶν
612 1988 688 2015 ἔνθεν
704 1989 843 2025 φροντίζει
865 1989 883 2016 ἃ.
902 1990 933 2016 οὐ
955 1990 993 2025 μή
1009 1997 1075 2015 ποτε
1095 1989 1238 2023 θεάσηται.

327 2034 395 2062 LXI.
415 2034 489 2061 Nihil
510 2035 614 2062 interea
636 2035 740 2062 urbana
761 2035 837 2070 plebs
854 2039 989 2067 senserat,
1011 2035 1080 2062 nihil

1167 2034 1228 2060 EA’.
1249 2034 1306 2061 Οὐκ
1324 2033 1383 2069 ᾔδει
1397 2033 1425 2059 δὲ
1439 2033 1470 2059 τὸ
1483 2033 1586 2068 πλῆθος
1601 2033 1647 2060 τοῦ
1662 2033 1728 2060 λαοῦ
1743 2034 1793 2070 τῆς
1806 2035 1922 2069 πόλεως,

292 2082 394 2110 tribuni
413 2087 462 2108 aut
479 2081 624 2109 archontes
637 2081 671 2109 de
684 2081 756 2108 beati
771 2081 823 2108 viri
841 2081 964 2109 discessu
979 2086 1007 2109 et
1029 2088 1080 2108 na-

1134 2079 1194 2105 οῠτε
1209 2080 1233 2105 οἱ
1248 2078 1387 2114 τριὸοὖνοι
1402 2078 1449 2104 καὶ
1462 2079 1486 2104 οι
1497 2078 1635 2114 ’ἄρχοντες
1650 2078 1681 2105 τὸ
1702 2079 1760 2111 πῶς
1781 2080 1924 2114 ἐξῆλθεν-ό

271 2127 428 2161 ⁴νὶιιςίιιὶοιιιτ
454 2131 596 2154 noverant.
623 2126 735 2154 Diaconi
762 2132 854 2155 autem
880 2128 913 2155 ad
939 2135 1078 2155 carcerem

1134 2124 1280 2160 μακάριος,
1296 2124 1344 2150 καὶ
1357 2123 1483 2158 εἰσῆλθεν
1500 2125 1530 2150 ὲν
1540 2123 1579 2158 τῷ
1592 2124 1690 2159 πλοίῳ.
1710 2125 1741 2151 οι
1757 2125 1786 2151 δὲ
1801 2125 1922 2153 διάκονοι

293 2172 407 2204 rediere,
431 2176 511 2207 atque
537 2172 594 2200 illic
617 2177 725 2200 noctem
749 2177 911 2208 exegerunt.
927 2172 994 2200 'Sub
1017 2172 1080 2207 galli

1134 2167 1255 2203 ἀπῆλθον
1277 2169 1307 2194 ἐν
1329 2169 1362 2203 τῇ
1385 2167 1509 2203 φυλακῇ,
1533 2169 1645 2196 κάκεῖσε
1659 2169 1772 2204 ἔμειναν
1790 2172 1823 2205 τῇ
1843 2172 1922 2198 νυκτὶ

292 2221 403 2245 cantum
424 2217 514 2245 omnis
528 2218 561 2245 ad
577 2225 715 2245 carcerem
738 2218 885 2246 multitudo
900 2219 1037 2251 convenit,
1054 2218 1081 2246 'ct

1134 2212 1236 2247 ἐκείνῃ,
1260 2213 1328 2247 Περὶ
1348 2212 1376 2238 δὲ
1399 2212 1637 2247 ἀλεκτοροφωνίαν
1660 2214 1782 2249 συνήχθη
1797 2215 1872 2242 ἅπαν
1891 2216 1924 2242 τὸ

292 2269 354 2290 cum
373 2269 404 2289 ea
421 2261 523 2289 tribuni
543 2267 625 2297 atque
643 2262 790 2290 archontes
807 2270 814 2289 :
829 2263 875 2298 qui
893 2271 954 2291 cum
971 2262 1080 2291 beatum'

1134 2257 1236 2292 πλῆθος
1256 2258 1304 2284 τοῦ
1323 2257 1389 2285 λαοῦ
1404 2259 1434 2285 ὲν
1452 2260 1486 2294 τῇ
1505 2258 1612 2294 φυλακῇ
1629 2258 1687 2294 ἅμα
1702 2259 1758 2286 τῶν
1772 2261 1924 2296 τριϐούνων

292 2308 381 2335 \irum
403 2315 455 2334 non
480 2307 659 2340 invenissent,
685 2308 847 2336 tumultuari
867 2313 1020 2345 cceperu‘ut,
1041 2309 1081 2336 la-

291 2354 446 2388 mentiSque
465 2358 492 2381 et
507 2354 675 2382 clamoribus
693 2354 785 2382 ell'erri
799 2359 894 2382 contra
919 2356 1080 2391 sacrilegam

292 2399 432 2426 hominum
444 2398 690 2434 conspirationem,
701 2406 733 2426 ac
745 2404 840 2426 contra
851 2399 968 2434 legatum
980 2399 1080 2433 ipsum,

290 2444 355 2478 quid
375 2444 409 2471 de
423 2444 535 2471 domino
560 2449 622 2476 suo,
643 2443 710 2479 quid
732 2444 766 2471 de
784 2445 888 2478 optimo
911 2447 1022 2478 pastore
1042 2443 1081 2470 la-

291 2490 364 2518 etum
392 2481 482 2523 esset,
510 2498 575 2517 num
604 2490 725 2524 ipsorum
755 2489 883 2517 manibus
913 2489 1079 2522 iuteriisset,

291 2541 454 2570 quzcrentes.
468 2535 628 2568 Quibusille
644 2535 832 2570 respondens:
847 2534 905 2562 Non
916 2535 964 2567 ita,
981 2535 1079 2570 inquit,

291 2581 400 2614 fratres,
417 2588 470 2608 non
489 2581 515 2608 id
531 2581 634 2609 factum
652 2587 703 2614 est,
721 2582 795 2616 quod
810 2589 859 2609 vos
874 2581 907 2608 de
930 2588 963 2608 eo
978 2582 1080 2616 cogita-

289 2629 326 2656 tis
343 2637 349 2654 :
366 2627 413 2655 sed
434 2627 502 2663 ipse,
522 2634 552 2655 ut
572 2635 586 2654 a
611 2635 654 2654 me
671 2628 834 2661 postularat,
859 2632 957 2661 sponte
977 2635 1024 2654 sua
1047 2627 1080 2653 ad

326 2726 382 2761 (67)
401 2726 562 2754 Curatorem
583 2727 667 2757 hunc,
683 2726 841 2761 quicunque
864 2725 956 2757 fuerit,
969 2725 1016 2752 diu
1037 2733 1081 2753 so—

290 2763 347 2789 lum
363 2762 452 2789 delata
472 2762 615 2789 curatione
635 2762 708 2797 [tingi
733 2770 786 2789 non
807 2767 848 2789 est
863 2769 961 2796 passus
976 2761 1079 2796 Grego-

291 2798 348 2824 rius
374 2797 495 2832 Magnus.
517 2796 732 2832 Nanrcpiscopo
757 2797 890 2824 Triocala:
917 2797 1079 2823 uisitationis

290 2840 379 2858 curant
403 2832 549 2859 commisit.
583 2831 686 2859 Desunt
707 2833 815 2867 quidem
840 2833 954 2863 litterae,
980 2831 1079 2866 quibus

292 2867 440 2893 Ecclesium
460 2867 532 2894 illam
549 2867 625 2894 obire
638 2867 761 2902 jusserit,
775 2867 1006 2902 quemadmodqu
1019 2867 1079 2893 alia:

291 2903 372 2928 etiam
389 2902 595 2936 desiderantur,
610 2910 678 2937 quas
694 2910 708 2929 ει
726 2902 859 2937 Gregorio
882 2903 1000 2936 scriptas
1017 2909 1077 2929 csse

1132 2303 1180 2330 καὶ
1195 2303 1250 2331 τῶν
1266 2303 1417 2338 ἀρχόντων,
1432 2304 1482 2330 καὶ
1498 2304 1536 2339 μὴ
1557 2304 1684 2338 εὑρόντες
1708 2305 1754 2331 τὸν
1772 2306 1922 2341 μακάριον,

1131 2350 1250 2386 ἤρξαντο
1262 2350 1451 2386 ταράσσεσθαι
1465 2351 1512 2377 καὶ
1524 2349 1663 2383 ὀλολύζειν
1675 2343 1722 2378 καὶ
1735 2352 1924 2386 κατακράζειν

1132 2396 1203 2423 κατὰ
1223 2395 1271 2423 τοῦ
1285 2397 1395 2432 ἀνιέρου
1413 2396 1553 2431 συνεδρίου
1569 2396 1676 2423 ἐκείνου
1687 2404 1694 2412 ·
1716 2395 1811 2423 λοιπὸν
1827 2396 1855 2422 δὲ
1874 2397 1924 2423 καὶ

1132 2443 1201 2469 κατὰ
1225 2441 1273 2468 τοῦ
1294 2442 1424 2477 ἐξάρχου,
1451 2441 1594 2475 λέγοντες·
1620 2441 1653 2468 Tt
1681 2441 1849 2475 πεποιήκατε
1876 2441 1923 2467 τὸν

1131 2488 1226 2523 κύριον
1251 2488 1267 2522 ἡ
1272 2486 1342 2522 μῶν,
1353 2487 1399 2512 τὸν
1413 2485 1496 2513 καλὸν
1509 2486 1614 2521 νομέα;
1630 2486 1684 2521 ἄρα
1700 2486 1865 2520 πεφόνευται
1877 2486 1923 2520 ὑφ’

1131 2532 1225 2568 optim;
1247 2533 1276 2559 Ὀ
1293 2532 1321 2558 δὲ
1336 2532 1428 2564 αὐτοῖς
1441 2531 1611 2567 ἀπεκρίνατο
1621 2538 1629 2546 ⁸
1646 2531 1732 2566 οὐχὶ,
1746 2531 1869 2565 ἀδελφοὶ,
1885 2532 1924 2566 μὴ

1131 2579 1247 2613 γένοιτο,
1273 2577 1310 2610 ὡς
1334 2578 1413 2613 ὑμεῖς
1443 2577 1609 2612 ἐνθυμεῖσθε
1637 2576 1717 2604 τοῦτο
1740 2576 1869 2611 γενέσθαι
1895 2578 1925 2604 ὲν

1130 2624 1207 2659 αὐτῷ
1218 2632 1224 2639 ·
1241 2624 1300 2650 ἀλλ’
1317 2622 1399 2655 αὐτὸς
1424 2624 1541 2658 αἰτήσας
1558 2623 1650 2658 ἡμᾶς,
1666 2623 1821 2659 ἀνέδραμεν
1834 2623 1924 2659 οἰκείᾳ

1131 2724 1306 2762 ῃιοιιὶῖεδιιιη]
1322 2730 1376 2758 est,
1391 2727 1465 2761 quod
1480 2727 1536 2762 jam
1553 2725 1760 2762 Papebrochius
1777 2725 1816 2761 (in
1834 2726 1923 2754 Catal.

1131 2759 1211 2787 l’ont.
1233 2761 1267 2788 ad
1289 2760 1335 2788 Gr.
1358 2759 1575 2796 bl.j'adiiotavit
1593 2759 1604 2788 Ξ
1621 2761 1667 2788 sed
1696 2759 1786 2788 tamen
1809 2768 1849 2788 ea:
1872 2761 1926 2788 hoc

1132 2795 1220 2830 ipsum
1248 2795 1401 2826 testantur.
1414 2804 1483 2830 quas
1506 2797 1607 2831 eidem
1622 2796 1750 2830 episcopo
1775 2795 1926 2831 Gregorius

1132 2832 1227 2863 misit,
1261 2836 1290 2858 ut
1316 2839 1347 2858 ex
1376 2832 1561 2867 Agrigentinte
1588 2830 1717 2858 Ecclesiae
1745 2831 1924 2866 proventibus

1131 2872 1258 2900 quartam
1292 2872 1396 2901 partem
1422 2868 1449 2893 in
1474 2867 1636 2894 risitatiom's
1658 2867 1826 2901 stipendium
1854 2867 1924 2893 assi-

1131 2906 1227 2936 gnaret
1252 2901 1310 2937 (lib.
1335 2910 1361 2935 ν,
1387 2903 1468 2936 epist.
1486 2902 1531 2938 η)
1550 2911 1556 2930 :
1572 2909 1633 2934 qua:
1650 2901 1721 2929 intra
1736 2901 1920 2934 proferentur.
