2083 3155
213 186 263 220 ὓῦΙ.

713 193 743 224 S.
760 195 948 225 GREGORII
968 195 1224 228 AGBIGENTINI
1241 197 1340 228 VITA.

1789 196 1852 226 ((32⁵

211 244 276 276 τοὺς
291 243 501 280 ἁμαρτάνοντας
516 245 560 273 διὰ
576 248 775 284 παρακλήσεως
790 251 836 277 καὶ
850 252 1004 286 προσευχῆς

1057 251 1198 279 obtinebat
1214 257 1261 279 :ut
1274 252 1466 287 delinquentes
1487 259 1542 278 non
1564 255 1618 278 tam
1635 250 1733 278 solatio
1749 250 1840 284 aliquo

211 289 373 326 θεραπεύων
387 312 394 323 ,
416 292 431 326 ἢ
451 292 551 327 μᾶλλον
568 294 608 324 εἰς
632 294 788 329 ἀπόγνωσιν
803 297 1000 333 ἀπωσάμενος·
1014 326 1017 327 ,

213 335 259 362 καὶ
281 335 370 369 τοῦτο,
395 337 433 372 μὴ
458 338 638 374 ἐπερωτήσας
660 341 709 367 καὶ
733 343 814 376 γνοὺς
839 344 909 378 μετὰ
923 345 1004 379 ἀκρι-

212 382 300 413 6είας,
316 383 362 409 καὶ
384 384 554 419 καταμαθὼν
570 386 601 412 τὸ
616 386 727 422 ἀληθές.
747 388 817 414 Ἀλλ’
839 390 914 424 ὅμως
933 391 1001 426 ὀργὴ

212 428 259 454 καὶ
273 429 425 464 φρονίμους
440 431 590 458 ἀπόλλυσιν
601 441 608 448 ·
621 433 700 460 τοῦτο
709 434 738 460 δὲ
751 435 864 469 γέγονεν
874 436 905 462 τὸ
919 445 1002 471 ταρα-

213 471 311 510 χθῆναι
327 476 407 502 αὑτὸν
422 478 454 504 ὲκ
467 477 514 504 τοῦ
527 479 683 514 ἁρχεκάχου
700 479 808 516 ἐχθροῦ.

248 564 308 592 El".
326 567 423 599 Ὀντος
449 567 479 595 δὲ
504 567 552 596 τοῦ
577 570 716 606 μακαρίου
742 570 893 609 Γρηγορίου
913 575 944 601 ἐν
962 574 1001 610 τῷ

212 611 402 648 δεσμωτηρίῳ,
417 614 446 640 ἐν
458 614 497 650 τῷ
509 615 581 651 ξύλῳ
593 618 784 653 ⁸ιιεπεδημένου
803 620 934 656 σιδήροις,
955 622 1001 649 καὶ

215 660 445 694 προσευχομένου,
453 662 520 696 περὶ
529 662 560 689 τὺ
570 664 756 698 μεσονύκτιον,
767 664 827 700 φῶς
847 668 918 702 μέγα
928 677 1002 704 περι-

214 704 336 740 έλαμψεν
346 706 375 733 τὸ
386 707 586 744 δεσμωτήριον,
597 710 644 737 καὶ
658 711 712 738 ἰδοὺ
724 712 821 748 ἄνδρες
831 714 878 741 δύο
891 715 1001 750 φοϐεροὶ

213 751 370 786 ἐπέστησαν
382 753 422 789 τῷ
438 756 568 791 μακαρίῳ
584 757 613 783 ἐν
627 758 748 793 σχήματι
763 760 944 795 ἀποστολικῷ,
958 761 1002 788 λέ-

213 804 306 829 γοντες
316 798 391 833 αὖτῷ
401 808 408 814 ·
418 800 543 836 Χαίροις,
556 802 700 837 Γρηγόριε,
708 804 784 831 δοῦλε
794 805 923 840 Χριστοῦ,
933 808 1002 842 ὴγα-

213 843 320 876 πημένε
337 844 384 870 καὶ
398 845 477 880 ἡμῶν
500 847 651 882 Γρηγόριε·
666 850 680 876 ό
698 850 815 884 Χριστὸς
839 853 1001 881 ἀπέστειλεν

212 889 286 923 ἡμᾶς
299 889 378 917 λύσαι
403 900 432 918 σε
457 892 489 919 ἐκ
508 893 562 920 τῶν
580 894 698 930 δεσμῶν,
721 894 758 924 ὧν
778 898 879 931 ἀδίκως
895 900 999 929 δέδεσαι

213 933 266 981 imo
278 935 324 962 τοῦ
339 935 418 963 πάπα
429 945 435 951 ·
452 938 498 964 καὶ
513 939 594 974 ἡμεῖς
603 941 746 976 χαίροντες
760 945 792 979 τῇ
805 945 938 981 καρτερίᾳ
949 947 998 981 τῆς

213 979 354 1028 ὑπομονῆς
368 991 424 1014 σου,
439 987 694 1022 συνευφραινόμεθά
713 997 754 1016 σοι
765 997 772 1005 ·
789 990 830 1017 δεῖ
841 979 897 1028 γὰρ
910 979 957 1019 καὶ
970 979 998 1019 έν

211 1027 245 1061 τῇ
265 1027 344 1053 πόλει
359 1029 444 1065 ταύτῃ
459 1031 543 1058 πολλὰ
561 1035 661 1068 σημεῖα
680 1036 807 1069 γενέσθαι
821 1039 853 1072 τῇ
871 1037 919 1064 τοῦ
933 1047 999 1065 παν-

212 1073 292 1107 αγίου
308 1075 468 1110 Πνεύματος
483 1078 574 1114 χάριτι
590 1079 633 1107 διὰ
649 1080 706 1107 σοῦ.
724 1082 778 1108 Καὶ
797 1083 931 1118 ἁψάμενοι
945 1084 999 1111 τῶν

211 1119 320 1154 δεσμῶν
333 1121 500 1150 ἀπέσπασαν
523 1125 555 1151 ἐκ
570 1125 624 1152 τῶν
644 1127 744 1162 χειρῶν
766 1128 849 1155 αὐτοῦ
873 1131 920 1156 καὶ
946 1130 1000 1157 τῶν

212 1166 312 1192 ποδῶν.
330 1168 385 1193 Καὶ
400 1169 529 1202 ἀναστὰς,
554 1171 653 1198 ἔπεσεν
675 1173 751 1208 παρὰ
771 1163 834 1206 τοὺς
853 1176 936 1207 πόδας
950 1177 999 1203 αὑ-

198 1211 285 1258 ’τῷνξ
302 1213 348 1239 καὶ
373 1215 556 1251 κατεφίλησεν
572 1218 670 1249 αὐτοὺς
683 1238 690 1249 ι
710 1219 814 1253 λέγων·
840 1222 1001 1258 Εὑχαριστῶ

212 1256 252 1291 τῷ
273 1257 332 1293 Θεῷ
357 1259 390 1285 δι’
411 1260 502 1295 ὑμᾶς,
530 1261 602 1295 ἅγιοι
628 1263 736 1299 ἀληθῶς
758 1256 932 1302 ἠγαπημένοι
955 1269 1001 1295 καὶ

213 1302 360 1330 ἀπόστολοι
383 1305 430 1331 τοῦ
456 1306 560 1341 Κυρίου
589 1308 694 1342 Ἰησοῦ,
719 1310 743 1336 οι
765 1310 814 1346 τὴν
839 1312 1001 1348 οἰκουμένην

214 1351 305 1383 πᾶσαν
329 1352 512 1386 φωτίσαντες,
534 1354 588 1380 ἰδοὺ
614 1355 661 1381 καὶ
681 1356 721 1387 είς
741 1357 790 1392 τὴν
811 1357 905 1384 δούλου
924 1357 1001 1393 ὑμῶν

215 1395 389 1430 σμικρότητα
420 1399 608 1433 παρεγένεσθε
635 1400 684 1427 τοῦ
714 1402 855 1436 ἰατρεῦσαι
887 1413 937 1438 μου
972 1406 1002 1431 τὸ

213 1440 325 1486 ’τραῦμα
347 1441 397 1476 τῆς
427 1443 531 1478 ψυχῆς,
557 1446 582 1472 οι
606 1445 645 1480 τῷ
668 1447 777 1483 φοϐερῷ
803 1450 1002 1486 παριστάμενοι

215 1484 313 1520 θρόνῳ.
330 1487 422 1514 Ταῦτα
440 1489 468 1515 δὲ
486 1488 578 1517 αὐτῶν
595 1493 737 1526 εἰπόντων,
752 1495 798 1521 καὶ
812 1484 1003 1531 ἀσπασάμενοι

214 1532 306 1565 αὐτὸν,
323 1534 437 1568 ἀφανεῖς
449 1536 588 1570 ἑγένοντο’
602 1538 773 1575 διερχόμενοι
786 1541 813 1567 δὲ
833 1542 857 1568 οἱ
871 1542 943 1576 ἆγιοι
955 1543 1003 1570 λύ-

216 1587 313 1630 σαντες
331 1581 378 1630 καὶ
390 1581 436 1608 τὸν
449 1583 637 1630 νΠλατωνικὺν,
655 1586 701 1613 καὶ⁴
719 1587 881 1619 ἐκϐαλόντες
894 1589 923 1615 ὲν
936 1586 957 1623 ᾧ
970 1587 1004 1625 ἦν
1018 1600 1041 1630 C

216 1624 291 1660 τόπῳ
307 1626 513 1663 κεκλεισμένος,
529 1630 715 1666 όδηγὴσαντες
735 1633 815 1661 αὑτὸν
832 1634 884 1666 ἓως
897 1632 927 1662 ob
942 1624 1004 1671 ivro

218 1672 354 1706 μακάριος
372 1673 525 1710 Γρηγόριος
537 1696 544 1708 ,
564 1677 686 1712 ἀπῆλθον
708 1679 756 1705 ἀπ’
769 1679 865 1707 αὐτοῦ.
885 1681 960 1708 Ἰδὼν
977 1682 1005 1710 δὲ

216 1717 299 1744 αὑτὸν
310 1719 326 1763 ό
337 1720 519 1754 Πλατωνικὸς,
535 1723 605 1749 πάνυ
619 1724 819 1761 εὐχαρίστησεν
832 1726 871 1762 τῷ
883 1727 952 1763 Θεῷ.

252 1763 310 1792 EA’.
320 1762 374 1792 Ἦν
384 1764 411 1792 δὲ
423 1767 437 1793 ό
451 1767 624 1803 δεσμοφύλαξ
639 1769 707 1805 ἔχων
717 1771 773 1798 υίδν
790 1762 1006 1809 μονογενῆνὲτῶν

218 1808 316 1855 εἴκοσι,
338 1810 368 1841 ὃς
391 1809 465 1846 εἶχεν
484 1813 594 1849 πνεῦμα
617 1815 737 1849 χαλεπὸν
760 1811 878 1852 σφόδρα,
903 1808 951 1846 καὶ
973 1818 1007 1855 ἦν

217 1854 399 1890 ἐλαυνόμενος
417 1857 469 1884 ὑπὸ
486 1858 533 1885 τοῦ
547 1859 691 1895 δαίμονος,
707 1862 755 1888 καὶ
774 1863 909 1898 μηδέποτε
925 1854 1006 1892 δυνάη

220 1908 301 1933 μενος
325 1901 497 1938 κρατηθῆναι
522 1904 574 1931 ὑπό
596 1912 678 1937 τινος.
703 1906 934 1944 Κατασυγκυρὶαν
961 1908 1006 1937 οὖν

219 1947 290 1973 κατὰ
307 1947 409 1980 ταύτας
426 1949 477 1981 τὰς
495 1951 602 1986 ἡμέρας
616 1949 650 1987 ἦν
670 1953 750 1979 αὑτὸν
768 1955 908 1990 κρατήσας
925 1957 938 1982 ὁ
953 1965 1006 1983 πα-

218 1992 272 2027 τὴρ
285 1993 386 2026 αὐτοῦ,
408 1995 455 2021 καὶ
470 1996 622 2031 δεσμεύσας
643 1997 755 2025 ἁλύσεσι
773 2000 822 2031 τὰς
845 2002 942 2036 χεῖρας
961 2002 1007 2029 καὶ

218 2038 284 2069 τοὺς
297 2039 380 2070 πόδας
393 2041 440 2067 καὶ
452 2041 497 2068 τὸν
506 2042 640 2077 τράχηλον
653 2044 681 2070 ὲν
693 2044 762 2071 κίονι
775 2045 832 2071 ὄντι
848 2047 877 2073 ἑν
889 2046 929 2082 τῷ
941 2048 1007 2083 οἴκῳ

219 2083 313 2111 αὐτοῦ.
332 2085 385 2112 Καὶ
401 2087 433 2121 τῇ
449 2088 527 2113 νυκτὶ
542 2088 635 2124 ἐκείνῃ
649 2089 798 2125 διαρρήξας
818 2092 832 2117 ὁ
850 2091 954 2127 δαίμων
974 2094 1008 2120 τὰ

219 2128 308 2163 δεσμὰ
322 2130 368 2156 τοῦ
383 2131 488 2163 παιδὸς,
503 2133 551 2159 καὶ
569 2132 708 2167 βαστάσας
722 2135 803 2162 αὑτὸν
819 2137 833 2162 ὁ
844 2136 948 2171 δαίμων
967 2138 1007 2169 είς

220 2175 363 2210 τδνιὰἐρα
389 2179 576 2214 προσέῤῥηξεν
600 2180 682 2206 αὐτὸν
701 2181 740 2212 είς
763 2182 824 2213 τοὺς
850 2183 933 2214 πόδας
960 2183 1007 2210 τοῦ

223 2223 359 2257 μακαρίου
387 2224 416 2250 ὲν
437 2225 470 2259 τῇ
500 2225 624 2260 φυλακῇ,
650 2226 713 2253 ἔνθα
736 2227 853 2263 ἕστηκεν
880 2229 1006 2263 ψάλλων,

222 2267 384 2303 βουλόμενος
397 2269 477 2296 αὐτὸν
493 2271 674 2306 προστρῖψαι,
691 2273 738 2298 καὶ
753 2273 939 2308 ἀποσχολῆσαι
959 2275 1008 2302 αὑο
1024 2268 1046 2295 Ῑ)

221 2313 267 2338 τὸν
297 2313 348 2347 τῆς
380 2314 486 2349 εὐχῆς·
519 2316 566 2342 καὶ
597 2316 721 2343 ἐκυλίετο
751 2318 885 2353 ἀφρίζων.
917 2319 946 2345 ’0
980 2319 1009 2345 δὲ

222 2358 300 2393 ἅγιος
322 2360 368 2386 καὶ
391 2361 527 2395 μακάριος
546 2363 587 2393 εἰς
605 2363 651 2389 τὸν
670 2358 784 2398 οὐρανὸν
806 2365 874 2398 ἄρας
891 2365 938 2396 τὰς
954 2367 1010 2400 χεῖ-

225 2413 273 2439 ρας
293 2405 377 2432 αὑτοῦ
398 2404 493 2433 εἶπεν·
518 2408 616 2443 Κύριε,
637 2409 651 2434 ὁ
674 2408 740 2441 Θεὸς
760 2410 806 2436 τοῦ
827 2411 943 2444 οὐρανοῦ
963 2411 1010 2438 καὶ

222 2451 271 2486 τῆς
289 2451 340 2486 γῆς
357 2453 405 2478 καὶ
427 2454 517 2488 πάσης
540 2453 589 2488 τῆς
607 2455 722 2487 κτίσεως
735 2475 743 2488 ,
768 2456 842 2482 ἴασαι
857 2455 902 2483 τὸν
916 2456 1008 2482 δοῦλόν

224 2504 271 2523 σου
283 2497 378 2524 τοῦτον
391 2498 434 2525 διὰ
447 2499 498 2533 τῆς
511 2499 565 2526 τῶν
578 2500 664 2534 ἁγίων
685 2509 732 2528 σου
760 2502 918 2528 ἀποστόλων
939 2511 1011 2537 παρ-

223 2544 329 2575 ουσίας.
348 2542 413 2571 Εἶτα
425 2544 499 2578 λέγει
515 2545 553 2580 τῷ
564 2546 689 2580 δαίμονι·
705 2547 768 2573 Ἐπὶ
782 2547 821 2582 τῷ
837 2547 950 2582 ὀνόματι
963 2547 1010 2574 τοῦ

223 2590 328 2625 Κυρίου
349 2591 427 2625 ἡμῶν
453 2591 540 2627 Ἰησοῦ
563 2592 681 2628 Χριστοῦ
699 2592 802 2625 ἔξελθε,
821 2593 929 2628 πνεῦμα
942 2594 1010 2620 ἀκά-

224 2636 334 2671 θαρτον,
345 2636 399 2663 ἀπὸ
413 2636 460 2663 τοῦ
477 2637 637 2673 πλάσματος
655 2638 703 2664 τοῦ
725 2638 804 2666 Θεοῦ.
819 2639 874 2665 Καὶ
889 2640 956 2675 αὐτῇ
976 2641 1009 2675 τῇ

224 2680 284 2717 ὥρᾳ
299 2681 413 2717 ἐξῆλθεν
429 2683 483 2709 ἀπὸ
496 2683 544 2710 τοῦ
559 2684 704 2719 παιδαρίου
718 2685 731 2710 ό
746 2684 862 2719 δαίμων,
875 2686 922 2711 καὶ
936 2685 1011 2719 ἐμει-

224 2736 269 2753 νεν
286 2728 324 2758 ὠ;
339 2728 446 2762 νεκρός.
466 2729 521 2754 Καὶ
534 2730 675 2764 κρατήσας
690 2729 771 2756 αὐτὸν
786 2730 835 2765 τῆς
850 2724 940 2762 δεξιᾶς
956 2740 1012 2765 χει-

227 2774 272 2808 ρδς
285 2795 291 2805 ,
310 2775 422 2809 ἤγειρεν
436 2774 533 2807 αὑτὸν,
553 2774 656 2809 λέγων’
678 2776 811 2808 Ἀνάστα,
832 2776 927 2803 τέκνον
939 2797 945 2807 ,
967 2777 1011 2802 καὶ

261 2863 317 2896 (75)
339 2863 406 2890 Col.
425 2863 510 2891 V'atic.
527 2863 572 2890 καὶ
588 2863 705 2898 μάλιστα
722 2863 783 2894 τοὺς
806 2863 1013 2897 ἁμαρτάνοντας

223 2899 263 2927 ita
286 2899 439 2934 προσευχῆς
458 2907 487 2925 τε
509 2898 554 2925 καί
578 2897 775 2934 παρακλήσεως
801 2898 971 2934 οερατπὺειν,
997 2898 1012 2931 ἦ

1055 303 1166 325 curaret
1181 302 1207 324 et
1220 298 1358 332 precibus,
1373 305 1455 332 qttam
1473 296 1621 331 rejieiendo
1641 295 1841 330 ad‘despet'an-

1053 344 1121 370 dum
1138 344 1290 378 impelleret
1304 343 1378 379 (75)!
1393 343 1542 378 praesertim
1565 351 1628 370 eum
1652 349 1740 376 neque
1756 342 1841 369 inter-

1054 390 1159 423 rogarit
1173 397 1352 424 quemquam,
1375 397 1463 424 neque
1481 397 1577 416 verum
1594 393 1722 416 accurate
1738 395 1842 422 cogno-

1053 435 1125 461 verit
1148 434 1318 462 didiceritve.
1345 433 1474 460 Sedenim
1498 433 1539 460 ira
1573 433 1720 467 prudentes
1758 431 1841 458 etiam

1053 480 1162 514 perimit
1178 489 1184 507 :
1198 484 1362 515 tantumque
1381 480 1407 507 in
1429 487 1461 507 eo
1481 478 1695 514 perturbationis
1715 478 1749 505 ab
1764 478 1842 505 hoste

1053 525 1125 553 malo
1138 531 1165 552 et
1181 526 1316 552 malorum
1334 529 1447 552 auctore
1465 525 1614 552 excitatum
1629 529 1680 551 est.

1087 571 1178 598 LXIII.
1200 571 1268 599 Cum
1287 578 1352 599 veto
1368 571 1393 598 in
1414 578 1525 598 carcere
1538 575 1611 598 esset.
1626 570 1722 596 beatus
1739 569 1842 602 Grego-

1053 617 1122 650 rius,
1139 625 1171 645 ac
1184 617 1272 645 ferrea
1293 617 1459 644 constrictus
1477 617 1619 652 compede,
1637 615 1842 651 precationibus

1052 671 1164 698 operam
1182 663 1270 694 daret,
1295 663 1384 689 media
1409 668 1489 690 nocte
1510 663 1554 689 lux
1583 669 1678 694 magna
1704 669 1841 688 carcerein

1053 714 1140 736 totum
1158 709 1305 736 illustravit
1325 719 1331 736 :
1345 716 1377 735 ac
1394 709 1446 735 viri
1463 710 1517 736 duo
1533 708 1642 735 verendi
1660 707 1756 734 habitu
1773 715 1842 740 apu-

1053 757 1150 784 stolico
1165 761 1228 784 ante
1252 765 1315 784 eum
1337 757 1531 790 constiterunt,
1547 755 1592 791 qui
1615 763 1677 782 eum
1702 754 1841 789 appellan-

1053 809 1094 831 tes
1111 813 1118 831 :
1131 803 1222 836 Salve,
1237 804 1342 836 direre,
1356 803 1470 838 Gregori
1489 811 1566 830 serve
1577 801 1690 833 Christi,
1708 801 1842 835 nobisque

1052 851 1217 878 charissimc
1239 859 1245 876 :
1270 849 1399 877 Christus
1425 857 1475 876 nos
1496 849 1589 881 tuisit,
1618 852 1647 874 ut
1677 853 1703 874 te
1725 846 1842 873 vinculis

1053 897 1230 929 solveremtts,
1246 896 1346 931 quibus
1361 901 1387 922 te
1402 895 1524 930 pontifex
1540 894 1678 921 maximus
1694 894 1842 920 ItlllllCl‘cn—

1052 949 1105 971 tem
1125 943 1229 970 addixit
1243 952 1249 970 ε
1263 943 1389 970 Iactamur
1403 942 1544 969 enimvero
1556 940 1592 967 ob
1620 939 1803 967 constantiam
1817 943 1843 963 t:I.

1052 990 1211 1025 patientiattt
1228 994 1316 1021 tttam,
1336 988 1440 1022 tibique
1457 986 1639 1022 gratulamur,
1655 984 1726 1020 quod
1747 984 1775 1011 in
1793 985 1843 1010 hac

1052 1033 1162 1071 quoque
1183 1035 1250 1062 urbe
1270 1034 1359 1062 sancti
1381 1033 1502 1068 Spiritus
1517 1032 1603 1067 gratia
1617 1031 1741 1066 prodigia
1758 1037 1804 1064 per
1818 1034 1844 1055 le

1053 1082 1139 1108 multa
1157 1081 1232 1108 Iient.
1253 1079 1323 1107 Tum
1337 1079 1447 1106 vincula
1465 1076 1701 1113 apprehendetttes
1718 1084 1732 1102 e
1754 1074 1842 1101 mani-

1053 1127 1105 1154 bus
1129 1127 1190 1161 ejus
1213 1133 1246 1153 ac
1269 1125 1385 1160 pedibus
1408 1124 1597 1151 detraxerunt.
1622 1121 1668 1149 llle
1692 1129 1754 1148 eutn
1781 1128 1844 1147 sur—

1054 1173 1181 1204 rexisset,
1202 1172 1235 1198 ad
1259 1179 1354 1198 eorum
1371 1170 1488 1206 procidit
1505 1169 1598 1203 pedes,
1616 1168 1719 1202 hosque
1739 1166 1843 1193 oscula-

1056 1224 1099 1246 tus
1117 1227 1123 1244 :
1138 1218 1258 1249 Gratias,
1285 1217 1383 1252 inquit,
1404 1224 1455 1251 ago
1479 1216 1532 1242 Deo
1560 1222 1608 1249 per
1623 1222 1682 1245 vos,
1708 1221 1724 1239 o
1745 1213 1844 1243 sancti,

1055 1273 1071 1291 ο
1089 1264 1198 1291 Domini
1215 1263 1280 1291 Iesu
1294 1270 1358 1290 vere
1372 1262 1463 1289 dilecti
1480 1261 1609 1295 apostoli.
1626 1260 1672 1294 qui
1691 1263 1777 1286 totum
1791 1263 1842 1284 ter-

1056 1318 1148 1337 rarum
1177 1309 1271 1336 orbem
1303 1309 1363 1336 luce
1393 1312 1484 1335 vestra
1513 1306 1674 1341 impleristis
1702 1314 1707 1330 :
1731 1312 1794 1331 erce
1819 1310 1845 1330 ct

1055 1358 1183 1392 exiguum
1201 1357 1273 1383 hunc
1288 1363 1398 1383 servum
1421 1359 1542 1382 vestrttm
1560 1352 1694 1382 miserati.
1710 1351 1743 1378 ad
1755 1351 1839 1377 animi

1056 1403 1117 1438 ejus
1136 1403 1238 1430 vulnus
1261 1401 1413 1429 sanandum
1437 1400 1551 1433 adestis,
1576 1407 1636 1431 vos,
1654 1399 1701 1434 qui
1727 1397 1844 1424 verendo

1057 1448 1214 1484 insignique
1234 1447 1334 1475 throno
1358 1446 1468 1475 sedetis.
1490 1447 1555 1474 Post
1572 1453 1642 1480 qme,
1662 1444 1750 1471 salute
1766 1443 1844 1469 beato

1057 1495 1212 1528 viroxlicla,
1229 1497 1410 1526 evanuerunt,
1425 1499 1506 1528 atqtte
1522 1493 1554 1520 ad
1569 1491 1739 1519 Platonicum
1756 1489 1844 1516 (II\CI'-

1059 1546 1168 1574 tentes,
1189 1541 1279 1581 ipsum
1306 1547 1416 1575 quoque
1439 1539 1600 1569 solverunt,
1625 1537 1807 1569 eductutnque
1830 1543 1846 1560 υ

1057 1588 1127 1621 loco,
1153 1587 1200 1615 ubi
1223 1587 1346 1614 inclusus
1372 1590 1441 1618 erat,
1464 1593 1518 1612 non
1543 1589 1605 1611 ante
1630 1581 1744 1617 digressi
1770 1584 1844 1612 sunt,

1057 1642 1140 1670 quam
1157 1635 1190 1662 ad
1204 1634 1296 1661 locum
1312 1633 1502 1664 deduxissent,
1523 1631 1568 1658 ubi
1583 1631 1680 1658 beattts
1695 1627 1845 1661 Gregorius

1058 1680 1228 1709 versabatur.
1252 1679 1338 1712 Quem
1363 1683 1393 1705 ut
1419 1677 1578 1705 Platonicus
1600 1675 1717 1710 aspexit,
1743 1673 1845 1707 gratias

1059 1727 1113 1754 Deo
1131 1734 1201 1761 quas
1219 1725 1307 1760 potuit
1327 1724 1462 1752 maximas
1480 1722 1608 1750 reddidit.

1092 1771 1184 1800 LXIV.
1205 1771 1330 1799 Habebat
1343 1779 1407 1798 vero
1428 1770 1547 1797 carceris
1564 1774 1656 1796 Cttslos
1679 1767 1763 1794 lilium
1784 1767 1845 1792 uni-

1058 1826 1153 1853 genam
1173 1825 1309 1845 annorum
1329 1815 1436 1851 viginti,
1454 1815 1575 1850 pessimo
1603 1822 1617 1840 a
1642 1813 1739 1848 spiritu
1764 1820 1845 1838 vexa—

1059 1868 1126 1894 lutn,
1141 1870 1222 1896 quem
1235 1862 1342 1888 dtemon
1359 1865 1433 1888 tanta
1449 1860 1475 1887 vi
1492 1859 1621 1894 agitabat,
1639 1863 1667 1884 ut
1683 1865 1746 1884 cum
1766 1863 1853 1882 nemo

1058 1915 1184 1935 coercere
1208 1915 1330 1941 unquam
1354 1910 1456 1941 posset.
1481 1906 1617 1933 Cmtcrutn
1645 1912 1691 1939 per
1719 1911 1766 1930 eos
1787 1902 1846 1929 dies

1058 1959 1134 1988 pater
1149 1953 1208 1987 ejus
1225 1952 1295 1980 forte
1307 1953 1533 1986 apprehenderat,
1552 1956 1578 1978 ct
1598 1950 1724 1977 manibus
1740 1949 1799 1982 ejus
1815 1955 1851 1974 ac

1059 1999 1174 2034 pedibus
1197 2004 1279 2033 atque
1301 1999 1372 2025 collo
1394 2003 1489 2025 catena
1512 1997 1680 2028 constrictis,
1700 1995 1845 2025 columnae,

1058 2054 1118 2080 qua:
1132 2045 1206 2078 domi
1219 2050 1288 2077 erat,
1301 2045 1439 2080 alligarat.
1455 2046 1487 2071 At
1499 2048 1579 2070 nocte
1594 2043 1637 2069 illa
1652 2043 1770 2073 daemon,
1784 2048 1845 2067 cum

1058 2091 1136 2126 pueri
1152 2091 1261 2118 vincula
1278 2090 1455 2125 dilfregiSsct,
1478 2090 1616 2116 sublatum
1634 2089 1661 2115 in
1680 2095 1771 2114 aerem
1785 2091 1848 2113 ante

1060 2138 1142 2173 pedes
1156 2138 1227 2166 beati
1243 2139 1294 2165 viri
1308 2138 1457 2173 pt'uslravit
1474 2137 1499 2163 in
1515 2137 1574 2172 ipso
1588 2143 1708 2167 (arcete,
1727 2134 1772 2161 ubi
1790 2138 1847 2160 tam

1060 2183 1182 2218 psalmos
1197 2183 1326 2216 canebat,
1348 2190 1402 2216 quo
1425 2189 1522 2216 nempe
1538 2181 1615 2208 illum
1640 2184 1778 2212 attereret,
1794 2183 1820 2206 ct
1833 2187 1847 2205 a

1060 2228 1186 2263 precibus
1211 2232 1362 2255 revocaret.
1388 2227 1459 2254 I’ucr
1477 2234 1540 2253 vero
1566 2225 1795 2260 provolvebantur,
1821 2228 1848 2250 et

1061 2282 1173 2309 spumas
1192 2274 1328 2301 vomcbat.
1352 2272 1422 2300 Tum
1448 2277 1559 2299 sanctus
1583 2271 1624 2298 \‘ir
1640 2270 1707 2304 (74),
1733 2269 1849 2296 sublatis

1061 2319 1094 2347 ad
1110 2319 1210 2347 malum
1227 2319 1353 2346 manibus
1370 2327 1376 2345 :
1396 2318 1522 2350 Domine,
1533 2317 1632 2352 inquit,
1655 2316 1725 2343 Deus
1742 2314 1805 2342 cmli
1822 2320 1850 2340 et

1061 2371 1140 2393 terra:
1163 2373 1194 2392 ac
1224 2372 1316 2391 rerum
1344 2363 1478 2395 omnium,
1505 2363 1540 2390 ob
1566 2367 1678 2390 sanctos
1703 2365 1774 2393 tuos,
1803 2361 1849 2395 qui

1061 2411 1142 2438 ntodo
1175 2411 1241 2437 tnihi
1272 2409 1441 2442 adfuerunt,
1473 2408 1613 2442 apostolos
1640 2415 1751 2435 servum
1777 2406 1851 2433 Itum:

1063 2462 1138 2483 tuum
1155 2461 1263 2483 sanato.
1281 2455 1388 2491 [Lxxxtj
1408 2455 1509 2481 Deinde
1525 2453 1642 2481 daemoni
1655 2453 1695 2480 sic
1713 2453 1829 2486 imperat
1843 2472 1849 2478 .

1063 2501 1091 2528 In
1109 2502 1218 2529 nomine
1231 2500 1337 2527 Dotnini
1349 2499 1435 2527 nostri
1446 2499 1511 2526 Jesu
1524 2498 1626 2526 Christi
1640 2498 1694 2529 cxi,
1712 2498 1850 2524 intmunde

1063 2548 1186 2583 spiritus,
1203 2556 1218 2574 c
1234 2547 1362 2582 ﬁgmento
1380 2545 1437 2573 Dei.
1454 2546 1493 2573 Ae
1506 2545 1598 2572 subito
1612 2552 1725 2579 puerum
1744 2543 1850 2570 dwmou

1064 2594 1173 2628 reliquit
1187 2603 1193 2620 :
1208 2601 1288 2628 quem
1309 2593 1406 2620 beatus
1420 2592 1470 2625 vir,
1493 2600 1554 2619 cntn
1575 2595 1703 2625 tanquatn
1727 2594 1853 2615 ntortuns

1063 2641 1182 2674 iaceret,
1209 2640 1304 2666 dextra
1331 2639 1389 2673 ejus
1411 2638 1598 2672 apprehensa,
1623 2636 1749 2663 excitavit
1765 2656 1785 2672 ,.
1801 2643 1850 2666 ar,

1063 2686 1160 2720 Surge,
1187 2685 1265 2717 dixit,
1283 2685 1333 2716 liii,
1358 2689 1384 2712 et
1405 2684 1459 2711 Deo
1486 2684 1616 2710 honorent
1640 2682 1731 2715 redde,
1756 2681 1803 2715 qui
1827 2686 1851 2707 te

1064 2732 1193 2766 respexit.
1214 2731 1319 2758 Interea
1336 2736 1412 2764 pater
1428 2730 1616 2757 adolescentis
1630 2737 1692 2756 ctttn
1711 2727 1850 2755 surrexis-

1065 2782 1116 2810 set,
1142 2786 1191 2806 nec
1219 2778 1303 2804 Iilitnn
1325 2776 1472 2811 quaerendo
1499 2776 1654 2806 inwnisset,
1682 2774 1780 2801 fat-ient
1800 2774 1850 2801 sibi

1066 2873 1076 2890 ε
1083 2864 1104 2895 ig
1118 2864 1272 2896 ἀπόγνωσιν
1288 2862 1370 2896 ὲμῖά)
1377 2862 1403 2887 λ;
1410 2870 1443 2887 ιν.

1102 2900 1157 2935 (7i)
1177 2895 1242 2927 Cod.
1259 2899 1285 2931 ἓ,
1306 2895 1338 2924 Ὅ
1358 2897 1383 2924 6';
1401 2896 1475 2931 aqua;
1493 2895 1536 2921 τοὶ
1554 2895 1621 2922 Θεο]
1641 2904 1686 2922 και
1707 2895 1850 2929 paucam.
