  <div class='ocr_page' id='page_1' title='image "/cluster/home/n/w/nwhite01/storage/ocr_20150623/98/njp.32101077772851/401.png"; bbox 0 0 2083 3155; ppageno 0'>
   <div class='ocr_carea' id='block_1_1' title="bbox 215 181 1833 219">
    <p class='ocr_par' dir='ltr' id='par_1_1' title="bbox 215 181 1833 219">
     <span class='ocr_line' id='line_1_1' title="bbox 215 181 1833 219; baseline -0.004 2"><span class='ocrx_word' id='word_1_1' title='bbox 215 185 266 215; x_wconf 62' lang='grc' dir='ltr'><strong>θδῗῖ</strong></span> <span class='ocrx_word' id='word_1_2' title='bbox 708 189 737 217; x_wconf 90' lang='lat' dir='ltr'><strong>S.</strong></span> <span class='ocrx_word' id='word_1_3' title='bbox 758 188 945 218; x_wconf 77' lang='lat' dir='ltr'><strong>GBEGORII</strong></span> <span class='ocrx_word' id='word_1_4' title='bbox 964 188 1218 219; x_wconf 77' lang='lat' dir='ltr'><strong>AGIUGENTINI</strong></span> <span class='ocrx_word' id='word_1_5' title='bbox 1238 188 1340 219; x_wconf 72' lang='lat' dir='ltr'><strong>VlTA.</strong></span> <span class='ocrx_word' id='word_1_6' title='bbox 1782 181 1833 215; x_wconf 61' lang='grc' dir='ltr'><strong>(ἷεᾶ</strong></span> 
     </span>
    </p>
   </div>
   <div class='ocr_carea' id='block_1_2' title="bbox 216 236 1013 277">
    <p class='ocr_par' dir='ltr' id='par_1_2' title="bbox 216 239 997 277">
     <span class='ocr_line' id='line_1_2' title="bbox 216 239 997 277; baseline 0.003 -11"><span class='ocrx_word' id='word_1_7' title='bbox 216 241 330 267; x_wconf 87' lang='lat' dir='ltr'><strong>tundere</strong></span> <span class='ocrx_word' id='word_1_8' title='bbox 343 245 368 266; x_wconf 88' lang='lat' dir='ltr'><strong>et</strong></span> <span class='ocrx_word' id='word_1_9' title='bbox 382 239 502 267; x_wconf 85' lang='lat' dir='ltr'><strong>clamare</strong></span> <span class='ocrx_word' id='word_1_10' title='bbox 515 240 598 276; x_wconf 65' lang='lat' dir='ltr'><strong>carpit</strong></span> <span class='ocrx_word' id='word_1_11' title='bbox 616 250 620 267; x_wconf 98' lang='lat'>:</span> <span class='ocrx_word' id='word_1_12' title='bbox 639 240 696 268; x_wconf 86' lang='lat' dir='ltr'><strong>lleu</strong></span> <span class='ocrx_word' id='word_1_13' title='bbox 713 249 756 268; x_wconf 88' lang='lat' dir='ltr'><strong>me</strong></span> <span class='ocrx_word' id='word_1_14' title='bbox 769 241 917 268; x_wconf 83' lang='lat' dir='ltr'><strong>miserttnt!</strong></span> <span class='ocrx_word' id='word_1_15' title='bbox 933 243 997 277; x_wconf 83' lang='lat' dir='ltr'><strong>quid</strong></span> 
     </span>
    </p>
   </div>
   <div class='ocr_carea' id='block_1_3' title="bbox 1063 236 1835 277">
    <p class='ocr_par' dir='ltr' id='par_1_3' title="bbox 1063 236 1835 276">
     <span class='ocr_line' id='line_1_3' title="bbox 1063 236 1835 276; baseline -0.005 -8"><span class='ocrx_word' id='word_1_16' title='bbox 1063 243 1093 274; x_wconf 53' lang='grc' dir='ltr'><strong>κὸς</strong></span> <span class='ocrx_word' id='word_1_17' title='bbox 1104 242 1182 275; x_wconf 76' lang='grc' dir='ltr'>δόξαν</span> <span class='ocrx_word' id='word_1_18' title='bbox 1195 241 1234 276; x_wconf 79' lang='grc' dir='ltr'>τῷ</span> <span class='ocrx_word' id='word_1_19' title='bbox 1248 240 1307 275; x_wconf 85' lang='grc' dir='ltr'><strong>Θεῷ</strong></span> <span class='ocrx_word' id='word_1_20' title='bbox 1319 239 1358 274; x_wconf 83' lang='grc' dir='ltr'>τῷ</span> <span class='ocrx_word' id='word_1_21' title='bbox 1370 238 1584 274; x_wconf 65' lang='grc' dir='ltr'><strong>ἐπισκεψαμένῳ</strong></span> <span class='ocrx_word' id='word_1_22' title='bbox 1601 246 1641 266; x_wconf 82' lang='grc' dir='ltr'><strong>σε,</strong></span> <span class='ocrx_word' id='word_1_23' title='bbox 1661 237 1793 269; x_wconf 73' lang='grc' dir='ltr'>Ἀναστὰς</span> <span class='ocrx_word' id='word_1_24' title='bbox 1805 236 1835 264; x_wconf 70' lang='grc' dir='ltr'>δὲ</span> 
     </span>
    </p>
   </div>
   <div class='ocr_carea' id='block_1_4' title="bbox 214 284 998 315">
    <p class='ocr_par' dir='ltr' id='par_1_4' title="bbox 214 284 998 315">
     <span class='ocr_line' id='line_1_4' title="bbox 214 284 998 315; baseline 0.005 -4"><span class='ocrx_word' id='word_1_25' title='bbox 214 285 248 312; x_wconf 86' lang='lat' dir='ltr'><strong>de</strong></span> <span class='ocrx_word' id='word_1_26' title='bbox 268 285 323 311; x_wconf 80' lang='lat' dir='ltr'><strong>lilio</strong></span> <span class='ocrx_word' id='word_1_27' title='bbox 339 292 399 312; x_wconf 89' lang='lat' dir='ltr'><strong>meo</strong></span> <span class='ocrx_word' id='word_1_28' title='bbox 413 284 515 312; x_wconf 79' lang='lat' dir='ltr'><strong>factum</strong></span> <span class='ocrx_word' id='word_1_29' title='bbox 531 286 591 312; x_wconf 80' lang='lat' dir='ltr'><strong>est?</strong></span> <span class='ocrx_word' id='word_1_30' title='bbox 611 285 730 312; x_wconf 87' lang='lat' dir='ltr'><strong>Omnino</strong></span> <span class='ocrx_word' id='word_1_31' title='bbox 746 294 810 313; x_wconf 86' lang='lat' dir='ltr'><strong>eum</strong></span> <span class='ocrx_word' id='word_1_32' title='bbox 827 286 933 314; x_wconf 67' lang='lat' dir='ltr'><strong>darmon</strong></span> <span class='ocrx_word' id='word_1_33' title='bbox 957 290 998 315; x_wconf 88' lang='lat' dir='ltr'><strong>vel</strong></span> 
     </span>
    </p>
   </div>
   <div class='ocr_carea' id='block_1_5' title="bbox 214 331 999 367">
    <p class='ocr_par' dir='ltr' id='par_1_5' title="bbox 214 331 999 367">
     <span class='ocr_line' id='line_1_5' title="bbox 214 331 999 367; baseline 0.004 -10"><span class='ocrx_word' id='word_1_34' title='bbox 214 331 241 357; x_wconf 91' lang='lat' dir='ltr'><strong>in</strong></span> <span class='ocrx_word' id='word_1_35' title='bbox 264 338 385 365; x_wconf 64' lang='lat' dir='ltr'><strong>praeceps</strong></span> <span class='ocrx_word' id='word_1_36' title='bbox 414 331 457 358; x_wconf 87' lang='lat' dir='ltr'><strong>vel</strong></span> <span class='ocrx_word' id='word_1_37' title='bbox 481 332 508 358; x_wconf 94' lang='lat' dir='ltr'><strong>in</strong></span> <span class='ocrx_word' id='word_1_38' title='bbox 525 338 625 366; x_wconf 86' lang='lat' dir='ltr'><strong>aquam</strong></span> <span class='ocrx_word' id='word_1_39' title='bbox 652 337 744 359; x_wconf 84' lang='lat' dir='ltr'><strong>aetum</strong></span> <span class='ocrx_word' id='word_1_40' title='bbox 769 333 893 359; x_wconf 87' lang='lat' dir='ltr'><strong>enecavit</strong></span> <span class='ocrx_word' id='word_1_41' title='bbox 911 341 917 359; x_wconf 90' lang='lat'><strong>:</strong></span> <span class='ocrx_word' id='word_1_42' title='bbox 935 334 999 367; x_wconf 89' lang='lat' dir='ltr'><strong>quid</strong></span> 
     </span>
    </p>
   </div>
   <div class='ocr_carea' id='block_1_6' title="bbox 215 376 999 410">
    <p class='ocr_par' dir='ltr' id='par_1_6' title="bbox 215 376 999 410">
     <span class='ocr_line' id='line_1_6' title="bbox 215 376 999 410; baseline 0.005 -8"><span class='ocrx_word' id='word_1_43' title='bbox 215 377 364 410; x_wconf 83' lang='lat' dir='ltr'><strong>putandum</strong></span> <span class='ocrx_word' id='word_1_44' title='bbox 393 376 440 410; x_wconf 86' lang='lat' dir='ltr'><strong>sit,</strong></span> <span class='ocrx_word' id='word_1_45' title='bbox 463 378 566 404; x_wconf 88' lang='lat' dir='ltr'><strong>nescio.</strong></span> <span class='ocrx_word' id='word_1_46' title='bbox 584 376 645 405; x_wconf 67' lang='lat' dir='ltr'><strong>iiaac</strong></span> <span class='ocrx_word' id='word_1_47' title='bbox 668 378 734 404; x_wconf 92' lang='lat' dir='ltr'><strong>dum</strong></span> <span class='ocrx_word' id='word_1_48' title='bbox 754 377 858 405; x_wconf 86' lang='lat' dir='ltr'><strong>diceret</strong></span> <span class='ocrx_word' id='word_1_49' title='bbox 881 379 999 406; x_wconf 83' lang='lat' dir='ltr'><strong>carceris</strong></span> 
     </span>
    </p>
   </div>
   <div class='ocr_carea' id='block_1_7' title="bbox 214 423 1000 459">
    <p class='ocr_par' dir='ltr' id='par_1_7' title="bbox 214 423 1000 459">
     <span class='ocr_line' id='line_1_7' title="bbox 214 423 1000 459; baseline 0.005 -10"><span class='ocrx_word' id='word_1_50' title='bbox 214 427 319 454; x_wconf 82' lang='lat' dir='ltr'><strong>custos,</strong></span> <span class='ocrx_word' id='word_1_51' title='bbox 341 423 430 450; x_wconf 90' lang='lat' dir='ltr'><strong>oculis</strong></span> <span class='ocrx_word' id='word_1_52' title='bbox 457 424 626 451; x_wconf 76' lang='lat' dir='ltr'><strong>circumlatis</strong></span> <span class='ocrx_word' id='word_1_53' title='bbox 651 424 724 452; x_wconf 81' lang='lat' dir='ltr'><strong>fores</strong></span> <span class='ocrx_word' id='word_1_54' title='bbox 748 424 866 452; x_wconf 85' lang='lat' dir='ltr'><strong>carceris</strong></span> <span class='ocrx_word' id='word_1_55' title='bbox 890 429 1000 459; x_wconf 88' lang='lat' dir='ltr'><strong>apertas</strong></span> 
     </span>
    </p>
   </div>
   <div class='ocr_carea' id='block_1_8' title="bbox 213 466 1001 509">
    <p class='ocr_par' dir='ltr' id='par_1_8' title="bbox 213 466 1001 509">
     <span class='ocr_line' id='line_1_8' title="bbox 213 466 1001 509; baseline 0.004 -14"><span class='ocrx_word' id='word_1_56' title='bbox 213 468 298 503; x_wconf 80' lang='lat' dir='ltr'><strong>videt,</strong></span> <span class='ocrx_word' id='word_1_57' title='bbox 318 466 500 509; x_wconf 75' lang='lat' dir='ltr'><strong>magnamque</strong></span> <span class='ocrx_word' id='word_1_58' title='bbox 521 470 547 496; x_wconf 91' lang='lat' dir='ltr'><strong>in</strong></span> <span class='ocrx_word' id='word_1_59' title='bbox 566 477 598 496; x_wconf 88' lang='lat' dir='ltr'><strong>eo</strong></span> <span class='ocrx_word' id='word_1_60' title='bbox 615 470 702 497; x_wconf 84' lang='lat' dir='ltr'><strong>lucem</strong></span> <span class='ocrx_word' id='word_1_61' title='bbox 726 470 891 505; x_wconf 90' lang='lat' dir='ltr'><strong>splendere:</strong></span> <span class='ocrx_word' id='word_1_62' title='bbox 907 471 1001 505; x_wconf 94' lang='lat' dir='ltr'><strong>itaque</strong></span> 
     </span>
    </p>
   </div>
   <div class='ocr_carea' id='block_1_9' title="bbox 215 515 1001 551">
    <p class='ocr_par' dir='ltr' id='par_1_9' title="bbox 215 515 1001 551">
     <span class='ocr_line' id='line_1_9' title="bbox 215 515 1001 551; baseline 0.001 -9"><span class='ocrx_word' id='word_1_63' title='bbox 215 515 359 542; x_wconf 75' lang='lat' dir='ltr'><strong>lamentari</strong></span> <span class='ocrx_word' id='word_1_64' title='bbox 375 523 496 548; x_wconf 84' lang='lat' dir='ltr'><strong>rursum,</strong></span> <span class='ocrx_word' id='word_1_65' title='bbox 522 523 555 542; x_wconf 89' lang='lat' dir='ltr'><strong>ac</strong></span> <span class='ocrx_word' id='word_1_66' title='bbox 571 524 600 543; x_wconf 88' lang='lat' dir='ltr'><strong>se</strong></span> <span class='ocrx_word' id='word_1_67' title='bbox 616 516 746 543; x_wconf 89' lang='lat' dir='ltr'><strong>miserum</strong></span> <span class='ocrx_word' id='word_1_68' title='bbox 769 516 863 543; x_wconf 88' lang='lat' dir='ltr'><strong>dicere</strong></span> <span class='ocrx_word' id='word_1_69' title='bbox 876 524 1001 551; x_wconf 68' lang='lat' dir='ltr'><strong>poenam-</strong></span> 
     </span>
    </p>
   </div>
   <div class='ocr_carea' id='block_1_10' title="bbox 213 562 1001 597">
    <p class='ocr_par' dir='ltr' id='par_1_10' title="bbox 213 562 1001 597">
     <span class='ocr_line' id='line_1_10' title="bbox 213 562 1001 597; baseline 0.003 -10"><span class='ocrx_word' id='word_1_70' title='bbox 213 569 268 596; x_wconf 76' lang='lat' dir='ltr'><strong>que</strong></span> <span class='ocrx_word' id='word_1_71' title='bbox 286 566 418 590; x_wconf 85' lang='lat' dir='ltr'><strong>metuere.</strong></span> <span class='ocrx_word' id='word_1_72' title='bbox 444 562 511 589; x_wconf 87' lang='lat' dir='ltr'><strong>Nam</strong></span> <span class='ocrx_word' id='word_1_73' title='bbox 529 570 583 597; x_wconf 86' lang='lat' dir='ltr'><strong>quo</strong></span> <span class='ocrx_word' id='word_1_74' title='bbox 607 570 650 589; x_wconf 84' lang='lat' dir='ltr'><strong>me</strong></span> <span class='ocrx_word' id='word_1_75' title='bbox 669 566 760 597; x_wconf 89' lang='lat' dir='ltr'><strong>pacto,</strong></span> <span class='ocrx_word' id='word_1_76' title='bbox 785 562 885 597; x_wconf 80' lang='lat' dir='ltr'><strong>aiebat,</strong></span> <span class='ocrx_word' id='word_1_77' title='bbox 907 563 1001 589; x_wconf 78' lang='lat' dir='ltr'><strong>defen-</strong></span> 
     </span>
    </p>
   </div>
   <div class='ocr_carea' id='block_1_11' title="bbox 214 607 999 642">
    <p class='ocr_par' dir='ltr' id='par_1_11' title="bbox 214 607 999 642">
     <span class='ocr_line' id='line_1_11' title="bbox 214 607 999 642; baseline 0 -8"><span class='ocrx_word' id='word_1_78' title='bbox 214 609 288 639; x_wconf 85' lang='lat' dir='ltr'><strong>dam,</strong></span> <span class='ocrx_word' id='word_1_79' title='bbox 305 607 366 642; x_wconf 81' lang='lat' dir='ltr'><strong>ejus</strong></span> <span class='ocrx_word' id='word_1_80' title='bbox 383 608 501 635; x_wconf 85' lang='lat' dir='ltr'><strong>hominis</strong></span> <span class='ocrx_word' id='word_1_81' title='bbox 517 615 612 640; x_wconf 84' lang='lat' dir='ltr'><strong>causa,</strong></span> <span class='ocrx_word' id='word_1_82' title='bbox 629 616 708 642; x_wconf 88' lang='lat' dir='ltr'><strong>quetn</strong></span> <span class='ocrx_word' id='word_1_83' title='bbox 721 608 776 635; x_wconf 93' lang='lat' dir='ltr'><strong>illic</strong></span> <span class='ocrx_word' id='word_1_84' title='bbox 788 608 934 635; x_wconf 76' lang='lat' dir='ltr'><strong>habebam.</strong></span> <span class='ocrx_word' id='word_1_85' title='bbox 947 608 999 635; x_wconf 85' lang='lat' dir='ltr'><strong>Sed</strong></span> 
     </span>
    </p>
   </div>
   <div class='ocr_carea' id='block_1_12' title="bbox 215 653 1002 686">
    <p class='ocr_par' dir='ltr' id='par_1_12' title="bbox 215 653 1002 686">
     <span class='ocr_line' id='line_1_12' title="bbox 215 653 1002 686; baseline 0 -6"><span class='ocrx_word' id='word_1_86' title='bbox 215 661 277 686; x_wconf 78' lang='lat' dir='ltr'><strong>eum</strong></span> <span class='ocrx_word' id='word_1_87' title='bbox 295 661 325 681; x_wconf 88' lang='lat' dir='ltr'><strong>se</strong></span> <span class='ocrx_word' id='word_1_88' title='bbox 349 653 518 686; x_wconf 90' lang='lat' dir='ltr'><strong>inclinasset,</strong></span> <span class='ocrx_word' id='word_1_89' title='bbox 543 658 667 681; x_wconf 81' lang='lat' dir='ltr'><strong>sanctum</strong></span> <span class='ocrx_word' id='word_1_90' title='bbox 683 654 771 680; x_wconf 88' lang='lat' dir='ltr'><strong>virum</strong></span> <span class='ocrx_word' id='word_1_91' title='bbox 792 658 910 680; x_wconf 85' lang='lat' dir='ltr'><strong>stantem</strong></span> <span class='ocrx_word' id='word_1_92' title='bbox 936 654 1002 681; x_wconf 88' lang='lat' dir='ltr'><strong>vidit</strong></span> 
     </span>
    </p>
   </div>
   <div class='ocr_carea' id='block_1_13' title="bbox 214 700 1001 736">
    <p class='ocr_par' dir='ltr' id='par_1_13' title="bbox 214 700 1001 736">
     <span class='ocr_line' id='line_1_13' title="bbox 214 700 1001 736; baseline -0.003 -8"><span class='ocrx_word' id='word_1_93' title='bbox 214 705 242 728; x_wconf 89' lang='lat' dir='ltr'><strong>et</strong></span> <span class='ocrx_word' id='word_1_94' title='bbox 258 701 379 736; x_wconf 87' lang='lat' dir='ltr'><strong>psalmos</strong></span> <span class='ocrx_word' id='word_1_95' title='bbox 399 704 554 733; x_wconf 80' lang='lat' dir='ltr'><strong>canentem,</strong></span> <span class='ocrx_word' id='word_1_96' title='bbox 577 707 696 735; x_wconf 89' lang='lat' dir='ltr'><strong>cumque</strong></span> <span class='ocrx_word' id='word_1_97' title='bbox 715 707 748 727; x_wconf 90' lang='lat' dir='ltr'><strong>eo</strong></span> <span class='ocrx_word' id='word_1_98' title='bbox 769 700 855 727; x_wconf 83' lang='lat' dir='ltr'><strong>tilium</strong></span> <span class='ocrx_word' id='word_1_99' title='bbox 873 708 955 727; x_wconf 84' lang='lat' dir='ltr'><strong>suum</strong></span> <span class='ocrx_word' id='word_1_100' title='bbox 975 704 1001 726; x_wconf 90' lang='lat' dir='ltr'><strong>et</strong></span> 
     </span>
    </p>
   </div>
   <div class='ocr_carea' id='block_1_14' title="bbox 214 745 1001 780">
    <p class='ocr_par' dir='ltr' id='par_1_14' title="bbox 214 745 1001 780">
     <span class='ocr_line' id='line_1_14' title="bbox 214 745 1001 780; baseline 0 -8"><span class='ocrx_word' id='word_1_101' title='bbox 214 745 385 773; x_wconf 89' lang='lat' dir='ltr'><strong>Platonicum</strong></span> <span class='ocrx_word' id='word_1_102' title='bbox 408 755 413 772; x_wconf 93' lang='lat'>:</span> <span class='ocrx_word' id='word_1_103' title='bbox 432 753 496 772; x_wconf 87' lang='lat' dir='ltr'><strong>nam</strong></span> <span class='ocrx_word' id='word_1_104' title='bbox 521 749 547 772; x_wconf 85' lang='lat' dir='ltr'><strong>et</strong></span> <span class='ocrx_word' id='word_1_105' title='bbox 568 753 635 780; x_wconf 87' lang='lat' dir='ltr'><strong>puer</strong></span> <span class='ocrx_word' id='word_1_106' title='bbox 661 745 707 772; x_wconf 90' lang='lat' dir='ltr'><strong>ille</strong></span> <span class='ocrx_word' id='word_1_107' title='bbox 730 746 833 773; x_wconf 82' lang='lat' dir='ltr'><strong>litteras</strong></span> <span class='ocrx_word' id='word_1_108' title='bbox 857 746 1001 776; x_wconf 83' lang='lat' dir='ltr'><strong>didicerat.</strong></span> 
     </span>
    </p>
   </div>
   <div class='ocr_carea' id='block_1_15' title="bbox 214 791 1001 827">
    <p class='ocr_par' dir='ltr' id='par_1_15' title="bbox 214 791 1001 827">
     <span class='ocr_line' id='line_1_15' title="bbox 214 791 1001 827; baseline 0 -9"><span class='ocrx_word' id='word_1_109' title='bbox 214 792 268 819; x_wconf 88' lang='lat' dir='ltr'><strong>nisi</strong></span> <span class='ocrx_word' id='word_1_110' title='bbox 283 792 355 827; x_wconf 92' lang='lat' dir='ltr'><strong>quod</strong></span> <span class='ocrx_word' id='word_1_111' title='bbox 376 799 463 820; x_wconf 91' lang='lat' dir='ltr'><strong>annos</strong></span> <span class='ocrx_word' id='word_1_112' title='bbox 480 799 528 819; x_wconf 88' lang='lat' dir='ltr'><strong>sex</strong></span> <span class='ocrx_word' id='word_1_113' title='bbox 549 791 576 818; x_wconf 89' lang='lat' dir='ltr'><strong>in</strong></span> <span class='ocrx_word' id='word_1_114' title='bbox 593 792 727 818; x_wconf 69' lang='lat' dir='ltr'><strong>dmmonis</strong></span> <span class='ocrx_word' id='word_1_115' title='bbox 748 792 888 826; x_wconf 88' lang='lat' dir='ltr'><strong>mancipio</strong></span> <span class='ocrx_word' id='word_1_116' title='bbox 904 791 1001 818; x_wconf 81' lang='lat' dir='ltr'><strong>fuerat.</strong></span> 
     </span>
    </p>
   </div>
   <div class='ocr_carea' id='block_1_16' title="bbox 212 837 1003 872">
    <p class='ocr_par' dir='ltr' id='par_1_16' title="bbox 212 837 1003 872">
     <span class='ocr_line' id='line_1_16' title="bbox 212 837 1003 872; baseline -0.001 -7"><span class='ocrx_word' id='word_1_117' title='bbox 212 837 302 865; x_wconf 82' lang='lat' dir='ltr'><strong>Porro</strong></span> <span class='ocrx_word' id='word_1_118' title='bbox 321 838 441 865; x_wconf 87' lang='lat' dir='ltr'><strong>carceris</strong></span> <span class='ocrx_word' id='word_1_119' title='bbox 465 841 557 865; x_wconf 84' lang='lat' dir='ltr'><strong>custos</strong></span> <span class='ocrx_word' id='word_1_120' title='bbox 582 837 667 864; x_wconf 85' lang='lat' dir='ltr'><strong>ﬁlium</strong></span> <span class='ocrx_word' id='word_1_121' title='bbox 687 837 803 864; x_wconf 81' lang='lat' dir='ltr'><strong>intuitus</strong></span> <span class='ocrx_word' id='word_1_122' title='bbox 830 837 952 872; x_wconf 73' lang='lat' dir='ltr'><strong>agnovit,</strong></span> <span class='ocrx_word' id='word_1_123' title='bbox 970 843 1003 864; x_wconf 85' lang='lat' dir='ltr'><strong>ac</strong></span> 
     </span>
    </p>
   </div>
   <div class='ocr_carea' id='block_1_17' title="bbox 213 877 1004 919">
    <p class='ocr_par' dir='ltr' id='par_1_17' title="bbox 213 877 1004 919">
     <span class='ocr_line' id='line_1_17' title="bbox 213 877 1004 919; baseline -0.003 -9"><span class='ocrx_word' id='word_1_124' title='bbox 213 883 314 919; x_wconf 79' lang='lat' dir='ltr'><strong>raptim</strong></span> <span class='ocrx_word' id='word_1_125' title='bbox 337 883 364 910; x_wconf 89' lang='lat' dir='ltr'><strong>in</strong></span> <span class='ocrx_word' id='word_1_126' title='bbox 381 877 519 911; x_wconf 83' lang='lat' dir='ltr'><strong>carcerem</strong></span> <span class='ocrx_word' id='word_1_127' title='bbox 534 883 684 918; x_wconf 82' lang='lat' dir='ltr'><strong>ingressus,</strong></span> <span class='ocrx_word' id='word_1_128' title='bbox 701 883 734 910; x_wconf 83' lang='lat' dir='ltr'><strong>ad</strong></span> <span class='ocrx_word' id='word_1_129' title='bbox 752 883 836 918; x_wconf 85' lang='lat' dir='ltr'><strong>pedes</strong></span> <span class='ocrx_word' id='word_1_130' title='bbox 850 882 922 909; x_wconf 89' lang='lat' dir='ltr'><strong>beati</strong></span> <span class='ocrx_word' id='word_1_131' title='bbox 938 881 1004 909; x_wconf 89' lang='lat' dir='ltr'><strong>Gre-</strong></span> 
     </span>
    </p>
   </div>
   <div class='ocr_carea' id='block_1_18' title="bbox 214 919 1040 965">
    <p class='ocr_par' dir='ltr' id='par_1_18' title="bbox 214 919 1040 965">
     <span class='ocr_line' id='line_1_18' title="bbox 214 919 1040 965; baseline -0.004 -8"><span class='ocrx_word' id='word_1_132' title='bbox 214 930 285 965; x_wconf 78' lang='lat' dir='ltr'><strong>gorii</strong></span> <span class='ocrx_word' id='word_1_133' title='bbox 300 930 428 965; x_wconf 84' lang='lat' dir='ltr'><strong>procidit,</strong></span> <span class='ocrx_word' id='word_1_134' title='bbox 452 930 492 957; x_wconf 82' lang='lat' dir='ltr'><strong>sic</strong></span> <span class='ocrx_word' id='word_1_135' title='bbox 510 937 573 956; x_wconf 91' lang='lat' dir='ltr'><strong>eum</strong></span> <span class='ocrx_word' id='word_1_136' title='bbox 591 929 686 957; x_wconf 87' lang='lat' dir='ltr'><strong>multis</strong></span> <span class='ocrx_word' id='word_1_137' title='bbox 702 937 764 956; x_wconf 87' lang='lat' dir='ltr'><strong>eum</strong></span> <span class='ocrx_word' id='word_1_138' title='bbox 777 928 907 964; x_wconf 85' lang='lat' dir='ltr'><strong>lacrymis</strong></span> <span class='ocrx_word' id='word_1_139' title='bbox 931 929 1001 955; x_wconf 89' lang='lat' dir='ltr'><strong>allo-</strong></span> <span class='ocrx_word' id='word_1_140' title='bbox 1019 919 1040 945; x_wconf 72' lang='grc' dir='ltr'>Β</span> 
     </span>
    </p>
   </div>
   <div class='ocr_carea' id='block_1_19' title="bbox 214 974 1002 1011">
    <p class='ocr_par' dir='ltr' id='par_1_19' title="bbox 214 974 1002 1011">
     <span class='ocr_line' id='line_1_19' title="bbox 214 974 1002 1011; baseline -0.004 -8"><span class='ocrx_word' id='word_1_141' title='bbox 214 984 301 1011; x_wconf 87' lang='lat' dir='ltr'><strong>quens</strong></span> <span class='ocrx_word' id='word_1_142' title='bbox 320 985 326 1003; x_wconf 91' lang='lat'>:</span> <span class='ocrx_word' id='word_1_143' title='bbox 342 975 467 1003; x_wconf 85' lang='lat' dir='ltr'><strong>Misereat</strong></span> <span class='ocrx_word' id='word_1_144' title='bbox 482 981 507 1003; x_wconf 87' lang='lat' dir='ltr'><strong>te</strong></span> <span class='ocrx_word' id='word_1_145' title='bbox 523 976 588 1008; x_wconf 87' lang='lat' dir='ltr'><strong>tnei,</strong></span> <span class='ocrx_word' id='word_1_146' title='bbox 603 983 619 1002; x_wconf 91' lang='grc' dir='ltr'><strong>ο</strong></span> <span class='ocrx_word' id='word_1_147' title='bbox 636 974 683 1002; x_wconf 92' lang='lat' dir='ltr'><strong>Dei</strong></span> <span class='ocrx_word' id='word_1_148' title='bbox 698 982 786 1006; x_wconf 89' lang='lat' dir='ltr'><strong>serve,</strong></span> <span class='ocrx_word' id='word_1_149' title='bbox 807 978 835 1001; x_wconf 88' lang='lat' dir='ltr'><strong>et</strong></span> <span class='ocrx_word' id='word_1_150' title='bbox 851 981 911 1009; x_wconf 81' lang='lat' dir='ltr'><strong>quae</strong></span> <span class='ocrx_word' id='word_1_151' title='bbox 932 974 959 1000; x_wconf 94' lang='lat' dir='ltr'><strong>in</strong></span> <span class='ocrx_word' id='word_1_152' title='bbox 975 977 1002 1000; x_wconf 86' lang='lat' dir='ltr'><strong>te</strong></span> 
     </span>
    </p>
   </div>
   <div class='ocr_carea' id='block_1_20' title="bbox 215 1020 1003 1056">
    <p class='ocr_par' dir='ltr' id='par_1_20' title="bbox 215 1020 1003 1056">
     <span class='ocr_line' id='line_1_20' title="bbox 215 1020 1003 1056; baseline -0.005 -6"><span class='ocrx_word' id='word_1_153' title='bbox 215 1023 325 1054; x_wconf 81' lang='lat' dir='ltr'><strong>admisi,</strong></span> <span class='ocrx_word' id='word_1_154' title='bbox 341 1022 448 1050; x_wconf 82' lang='lat' dir='ltr'><strong>remitte</strong></span> <span class='ocrx_word' id='word_1_155' title='bbox 465 1022 543 1053; x_wconf 92' lang='lat' dir='ltr'><strong>mihi,</strong></span> <span class='ocrx_word' id='word_1_156' title='bbox 558 1022 659 1056; x_wconf 87' lang='lat' dir='ltr'><strong>quippe</strong></span> <span class='ocrx_word' id='word_1_157' title='bbox 679 1021 725 1056; x_wconf 88' lang='lat' dir='ltr'><strong>qui</strong></span> <span class='ocrx_word' id='word_1_158' title='bbox 749 1021 875 1048; x_wconf 87' lang='lat' dir='ltr'><strong>manibus</strong></span> <span class='ocrx_word' id='word_1_159' title='bbox 895 1020 964 1047; x_wconf 87' lang='lat' dir='ltr'><strong>meis</strong></span> <span class='ocrx_word' id='word_1_160' title='bbox 977 1024 1003 1046; x_wconf 89' lang='lat' dir='ltr'><strong>te</strong></span> 
     </span>
    </p>
   </div>
   <div class='ocr_carea' id='block_1_21' title="bbox 213 1066 1003 1105">
    <p class='ocr_par' dir='ltr' id='par_1_21' title="bbox 213 1066 1003 1105">
     <span class='ocr_line' id='line_1_21' title="bbox 213 1066 1003 1105; baseline -0.006 -8"><span class='ocrx_word' id='word_1_161' title='bbox 213 1070 335 1098; x_wconf 76' lang='lat' dir='ltr'><strong>vinculis</strong></span> <span class='ocrx_word' id='word_1_162' title='bbox 350 1069 502 1105; x_wconf 81' lang='lat' dir='ltr'><strong>astringere</strong></span> <span class='ocrx_word' id='word_1_163' title='bbox 522 1077 606 1096; x_wconf 85' lang='lat' dir='ltr'><strong>ausus</strong></span> <span class='ocrx_word' id='word_1_164' title='bbox 622 1068 686 1095; x_wconf 85' lang='lat' dir='ltr'><strong>sim.</strong></span> <span class='ocrx_word' id='word_1_165' title='bbox 704 1067 774 1103; x_wconf 75' lang='lat' dir='ltr'><strong>Vere</strong></span> <span class='ocrx_word' id='word_1_166' title='bbox 789 1067 873 1098; x_wconf 88' lang='lat' dir='ltr'><strong>enim,</strong></span> <span class='ocrx_word' id='word_1_167' title='bbox 892 1066 1003 1094; x_wconf 87' lang='lat' dir='ltr'><strong>domine</strong></span> 
     </span>
    </p>
   </div>
   <div class='ocr_carea' id='block_1_22' title="bbox 215 1111 1003 1149">
    <p class='ocr_par' dir='ltr' id='par_1_22' title="bbox 215 1111 1003 1149">
     <span class='ocr_line' id='line_1_22' title="bbox 215 1111 1003 1149; baseline -0.008 -6"><span class='ocrx_word' id='word_1_168' title='bbox 215 1117 264 1148; x_wconf 93' lang='lat' dir='ltr'><strong>mi,</strong></span> <span class='ocrx_word' id='word_1_169' title='bbox 288 1121 316 1143; x_wconf 92' lang='lat' dir='ltr'><strong>tu</strong></span> <span class='ocrx_word' id='word_1_170' title='bbox 340 1115 387 1142; x_wconf 85' lang='lat' dir='ltr'><strong>Dei</strong></span> <span class='ocrx_word' id='word_1_171' title='bbox 411 1120 485 1142; x_wconf 89' lang='lat' dir='ltr'><strong>totus</strong></span> <span class='ocrx_word' id='word_1_172' title='bbox 507 1122 547 1141; x_wconf 90' lang='lat' dir='ltr'><strong>es.</strong></span> <span class='ocrx_word' id='word_1_173' title='bbox 574 1113 662 1149; x_wconf 88' lang='lat' dir='ltr'><strong>Atque</strong></span> <span class='ocrx_word' id='word_1_174' title='bbox 681 1113 715 1140; x_wconf 88' lang='lat' dir='ltr'><strong>ab</strong></span> <span class='ocrx_word' id='word_1_175' title='bbox 734 1120 766 1140; x_wconf 93' lang='lat' dir='ltr'><strong>eo</strong></span> <span class='ocrx_word' id='word_1_176' title='bbox 782 1113 827 1139; x_wconf 85' lang='lat' dir='ltr'><strong>(lie</strong></span> <span class='ocrx_word' id='word_1_177' title='bbox 845 1111 925 1139; x_wconf 87' lang='lat' dir='ltr'><strong>beato</strong></span> <span class='ocrx_word' id='word_1_178' title='bbox 944 1111 1003 1137; x_wconf 90' lang='lat' dir='ltr'><strong>viro</strong></span> 
     </span>
    </p>
   </div>
   <div class='ocr_carea' id='block_1_23' title="bbox 216 1156 1002 1195">
    <p class='ocr_par' dir='ltr' id='par_1_23' title="bbox 216 1156 1002 1195">
     <span class='ocr_line' id='line_1_23' title="bbox 216 1156 1002 1195; baseline -0.009 -6"><span class='ocrx_word' id='word_1_179' title='bbox 216 1162 374 1189; x_wconf 87' lang='lat' dir='ltr'><strong>ministrare</strong></span> <span class='ocrx_word' id='word_1_180' title='bbox 388 1161 479 1195; x_wconf 65' lang='lat' dir='ltr'><strong>erepit,</strong></span> <span class='ocrx_word' id='word_1_181' title='bbox 501 1161 580 1195; x_wconf 86' lang='lat' dir='ltr'><strong>eique</strong></span> <span class='ocrx_word' id='word_1_182' title='bbox 595 1159 713 1187; x_wconf 83' lang='lat' dir='ltr'><strong>interdiu</strong></span> <span class='ocrx_word' id='word_1_183' title='bbox 737 1162 874 1192; x_wconf 88' lang='lat' dir='ltr'><strong>noctuque</strong></span> <span class='ocrx_word' id='word_1_184' title='bbox 886 1156 1002 1184; x_wconf 88' lang='lat' dir='ltr'><strong>astabat.</strong></span> 
     </span>
    </p>
   </div>
   <div class='ocr_carea' id='block_1_24' title="bbox 214 1205 1030 1242">
    <p class='ocr_par' dir='ltr' id='par_1_24' title="bbox 214 1205 1030 1242">
     <span class='ocr_line' id='line_1_24' title="bbox 214 1205 1030 1242; baseline -0.007 -6"><span class='ocrx_word' id='word_1_185' title='bbox 214 1218 266 1241; x_wconf 80' lang='grc' dir='ltr'><strong>πος</strong></span> <span class='ocrx_word' id='word_1_186' title='bbox 279 1207 313 1235; x_wconf 76' lang='grc' dir='ltr'><strong>εἴ.</strong></span> <span class='ocrx_word' id='word_1_187' title='bbox 332 1209 388 1235; x_wconf 79' lang='grc' dir='ltr'><strong>Καὶ</strong></span> <span class='ocrx_word' id='word_1_188' title='bbox 400 1208 453 1235; x_wconf 77' lang='grc' dir='ltr'>ἀπὸ</span> <span class='ocrx_word' id='word_1_189' title='bbox 474 1208 524 1242; x_wconf 80' lang='grc' dir='ltr'>τῆς</span> <span class='ocrx_word' id='word_1_190' title='bbox 536 1207 644 1242; x_wconf 76' lang='grc' dir='ltr'>ἡμέρας</span> <span class='ocrx_word' id='word_1_191' title='bbox 665 1206 849 1241; x_wconf 62' lang='grc' dir='ltr'>ἐκείνης,καὶ</span> <span class='ocrx_word' id='word_1_192' title='bbox 871 1205 914 1232; x_wconf 76' lang='grc' dir='ltr'><strong>ἐπ’</strong></span> <span class='ocrx_word' id='word_1_193' title='bbox 939 1205 1030 1231; x_wconf 80' lang='grc' dir='ltr'>ἐκεῖνα</span> 
     </span>
    </p>
   </div>
   <div class='ocr_carea' id='block_1_25' title="bbox 214 1254 791 1293">
    <p class='ocr_par' dir='ltr' id='par_1_25' title="bbox 214 1254 791 1293">
     <span class='ocr_line' id='line_1_25' title="bbox 214 1254 791 1293; baseline -0.007 -9"><span class='ocrx_word' id='word_1_194' title='bbox 214 1259 401 1293; x_wconf 81' lang='grc' dir='ltr'>παραστήκων</span> <span class='ocrx_word' id='word_1_195' title='bbox 417 1256 492 1290; x_wconf 80' lang='grc' dir='ltr'>αὐτῷ</span> <span class='ocrx_word' id='word_1_196' title='bbox 504 1255 613 1291; x_wconf 79' lang='grc' dir='ltr'>ἡμέρας</span> <span class='ocrx_word' id='word_1_197' title='bbox 626 1255 672 1281; x_wconf 78' lang='grc' dir='ltr'>καὶ</span> <span class='ocrx_word' id='word_1_198' title='bbox 684 1254 791 1286; x_wconf 84' lang='grc' dir='ltr'>νυκτός.</span> 
     </span>
    </p>
   </div>
   <div class='ocr_carea' id='block_1_26' title="bbox 252 1297 1005 1335">
    <p class='ocr_par' dir='ltr' id='par_1_26' title="bbox 252 1297 1005 1335">
     <span class='ocr_line' id='line_1_26' title="bbox 252 1297 1005 1335; baseline -0.007 -6"><span class='ocrx_word' id='word_1_199' title='bbox 252 1301 331 1329; x_wconf 76' lang='lat' dir='ltr'><strong>LXV.</strong></span> <span class='ocrx_word' id='word_1_200' title='bbox 351 1301 435 1328; x_wconf 84' lang='lat' dir='ltr'><strong>Multo</strong></span> <span class='ocrx_word' id='word_1_201' title='bbox 459 1306 520 1335; x_wconf 91' lang='lat' dir='ltr'><strong>post</strong></span> <span class='ocrx_word' id='word_1_202' title='bbox 542 1305 665 1335; x_wconf 85' lang='lat' dir='ltr'><strong>tempore</strong></span> <span class='ocrx_word' id='word_1_203' title='bbox 688 1299 771 1326; x_wconf 88' lang='lat' dir='ltr'><strong>vidua</strong></span> <span class='ocrx_word' id='word_1_204' title='bbox 799 1298 943 1334; x_wconf 66' lang='lat' dir='ltr'><strong>quaedam,</strong></span> <span class='ocrx_word' id='word_1_205' title='bbox 970 1297 1005 1324; x_wconf 87' lang='lat' dir='ltr'><strong>ad</strong></span> 
     </span>
    </p>
   </div>
   <div class='ocr_carea' id='block_1_27' title="bbox 216 1344 1005 1382">
    <p class='ocr_par' dir='ltr' id='par_1_27' title="bbox 216 1344 1005 1382">
     <span class='ocr_line' id='line_1_27' title="bbox 216 1344 1005 1382; baseline -0.008 -7"><span class='ocrx_word' id='word_1_206' title='bbox 216 1356 298 1382; x_wconf 77' lang='lat' dir='ltr'><strong>quam</strong></span> <span class='ocrx_word' id='word_1_207' title='bbox 324 1347 511 1382; x_wconf 76' lang='lat' dir='ltr'><strong>prodigiorum</strong></span> <span class='ocrx_word' id='word_1_208' title='bbox 536 1345 609 1373; x_wconf 86' lang='lat' dir='ltr'><strong>fama</strong></span> <span class='ocrx_word' id='word_1_209' title='bbox 634 1348 805 1380; x_wconf 83' lang='lat' dir='ltr'><strong>pervenerat,</strong></span> <span class='ocrx_word' id='word_1_210' title='bbox 832 1344 867 1371; x_wconf 87' lang='lat' dir='ltr'><strong>ad</strong></span> <span class='ocrx_word' id='word_1_211' title='bbox 895 1344 1005 1370; x_wconf 85' lang='lat' dir='ltr'><strong>beatum</strong></span> 
     </span>
    </p>
   </div>
   <div class='ocr_carea' id='block_1_28' title="bbox 215 1389 1007 1427">
    <p class='ocr_par' dir='ltr' id='par_1_28' title="bbox 215 1389 1007 1427">
     <span class='ocr_line' id='line_1_28' title="bbox 215 1389 1007 1427; baseline -0.005 -8"><span class='ocrx_word' id='word_1_212' title='bbox 215 1395 305 1421; x_wconf 81' lang='lat' dir='ltr'><strong>\irutn</strong></span> <span class='ocrx_word' id='word_1_213' title='bbox 329 1393 355 1420; x_wconf 90' lang='lat' dir='ltr'><strong>in</strong></span> <span class='ocrx_word' id='word_1_214' title='bbox 373 1400 510 1420; x_wconf 85' lang='lat' dir='ltr'><strong>carcerem</strong></span> <span class='ocrx_word' id='word_1_215' title='bbox 525 1392 610 1423; x_wconf 87' lang='lat' dir='ltr'><strong>venit,</strong></span> <span class='ocrx_word' id='word_1_216' title='bbox 634 1398 751 1427; x_wconf 84' lang='lat' dir='ltr'><strong>eumque</strong></span> <span class='ocrx_word' id='word_1_217' title='bbox 770 1390 837 1417; x_wconf 79' lang='lat' dir='ltr'><strong>tiens</strong></span> <span class='ocrx_word' id='word_1_218' title='bbox 855 1396 952 1424; x_wconf 79' lang='lat' dir='ltr'><strong>rogare</strong></span> <span class='ocrx_word' id='word_1_219' title='bbox 967 1389 1007 1416; x_wconf 87' lang='lat' dir='ltr'><strong>sie</strong></span> 
     </span>
    </p>
   </div>
   <div class='ocr_carea' id='block_1_29' title="bbox 217 1433 1006 1474">
    <p class='ocr_par' dir='ltr' id='par_1_29' title="bbox 217 1433 1006 1474">
     <span class='ocr_line' id='line_1_29' title="bbox 217 1433 1006 1474; baseline -0.006 -8"><span class='ocrx_word' id='word_1_220' title='bbox 217 1439 317 1474; x_wconf 73' lang='lat' dir='ltr'><strong>cmpit:</strong></span> <span class='ocrx_word' id='word_1_221' title='bbox 334 1438 459 1467; x_wconf 83' lang='lat' dir='ltr'><strong>Filiolam</strong></span> <span class='ocrx_word' id='word_1_222' title='bbox 475 1438 573 1470; x_wconf 86' lang='lat' dir='ltr'><strong>habeo,</strong></span> <span class='ocrx_word' id='word_1_223' title='bbox 591 1445 607 1464; x_wconf 92' lang='grc' dir='ltr'><strong>ο</strong></span> <span class='ocrx_word' id='word_1_224' title='bbox 622 1437 668 1464; x_wconf 87' lang='lat' dir='ltr'><strong>Dei</strong></span> <span class='ocrx_word' id='word_1_225' title='bbox 684 1443 772 1468; x_wconf 79' lang='lat' dir='ltr'><strong>serve,</strong></span> <span class='ocrx_word' id='word_1_226' title='bbox 788 1435 945 1470; x_wconf 82' lang='lat' dir='ltr'><strong>unigenam.</strong></span> <span class='ocrx_word' id='word_1_227' title='bbox 959 1433 1006 1462; x_wconf 89' lang='lat' dir='ltr'><strong>sed</strong></span> 
     </span>
    </p>
   </div>
   <div class='ocr_carea' id='block_1_30' title="bbox 218 1481 1006 1520">
    <p class='ocr_par' dir='ltr' id='par_1_30' title="bbox 218 1481 1006 1520">
     <span class='ocr_line' id='line_1_30' title="bbox 218 1481 1006 1520; baseline -0.009 -7"><span class='ocrx_word' id='word_1_228' title='bbox 218 1493 281 1520; x_wconf 59' lang='lat' dir='ltr'><strong>qua</strong></span> <span class='ocrx_word' id='word_1_229' title='bbox 296 1485 410 1513; x_wconf 89' lang='lat' dir='ltr'><strong>incurva</strong></span> <span class='ocrx_word' id='word_1_230' title='bbox 423 1490 476 1517; x_wconf 89' lang='lat' dir='ltr'><strong>est,</strong></span> <span class='ocrx_word' id='word_1_231' title='bbox 490 1492 541 1512; x_wconf 87' lang='lat' dir='ltr'><strong>nec</strong></span> <span class='ocrx_word' id='word_1_232' title='bbox 552 1484 651 1512; x_wconf 67' lang='lat' dir='ltr'><strong>coalum</strong></span> <span class='ocrx_word' id='word_1_233' title='bbox 667 1482 808 1518; x_wconf 83' lang='lat' dir='ltr'><strong>suspicere</strong></span> <span class='ocrx_word' id='word_1_234' title='bbox 826 1481 939 1508; x_wconf 91' lang='lat' dir='ltr'><strong>omnino</strong></span> <span class='ocrx_word' id='word_1_235' title='bbox 955 1487 1006 1515; x_wconf 89' lang='lat' dir='ltr'><strong>po-</strong></span> 
     </span>
    </p>
   </div>
   <div class='ocr_carea' id='block_1_31' title="bbox 218 1526 1007 1564">
    <p class='ocr_par' dir='ltr' id='par_1_31' title="bbox 218 1526 1007 1564">
     <span class='ocr_line' id='line_1_31' title="bbox 218 1526 1007 1564; baseline -0.006 -5"><span class='ocrx_word' id='word_1_236' title='bbox 218 1537 283 1560; x_wconf 85' lang='lat' dir='ltr'><strong>test.</strong></span> <span class='ocrx_word' id='word_1_237' title='bbox 302 1532 353 1559; x_wconf 89' lang='lat' dir='ltr'><strong>Cui</strong></span> <span class='ocrx_word' id='word_1_238' title='bbox 369 1536 482 1560; x_wconf 87' lang='lat' dir='ltr'><strong>sanctus</strong></span> <span class='ocrx_word' id='word_1_239' title='bbox 498 1531 548 1564; x_wconf 86' lang='lat' dir='ltr'><strong>vir,</strong></span> <span class='ocrx_word' id='word_1_240' title='bbox 573 1530 640 1562; x_wconf 85' lang='lat' dir='ltr'><strong>iloc.</strong></span> <span class='ocrx_word' id='word_1_241' title='bbox 673 1538 690 1557; x_wconf 79' lang='grc' dir='ltr'><strong>ι)</strong></span> <span class='ocrx_word' id='word_1_242' title='bbox 713 1529 821 1562; x_wconf 89' lang='lat' dir='ltr'><strong>mulier,</strong></span> <span class='ocrx_word' id='word_1_243' title='bbox 838 1528 943 1562; x_wconf 88' lang='lat' dir='ltr'><strong>inquit.</strong></span> <span class='ocrx_word' id='word_1_244' title='bbox 960 1526 1007 1557; x_wconf 86' lang='lat' dir='ltr'><strong>Dei</strong></span> 
     </span>
    </p>
   </div>
   <div class='ocr_carea' id='block_1_32' title="bbox 220 1574 1045 1613">
    <p class='ocr_par' dir='ltr' id='par_1_32' title="bbox 220 1574 1045 1613">
     <span class='ocr_line' id='line_1_32' title="bbox 220 1574 1045 1613; baseline -0.008 -8"><span class='ocrx_word' id='word_1_245' title='bbox 220 1578 306 1606; x_wconf 90' lang='lat' dir='ltr'><strong>solius</strong></span> <span class='ocrx_word' id='word_1_246' title='bbox 318 1586 387 1613; x_wconf 89' lang='lat' dir='ltr'><strong>opus</strong></span> <span class='ocrx_word' id='word_1_247' title='bbox 401 1582 453 1610; x_wconf 87' lang='lat' dir='ltr'><strong>est,</strong></span> <span class='ocrx_word' id='word_1_248' title='bbox 473 1577 520 1612; x_wconf 91' lang='lat' dir='ltr'><strong>qui</strong></span> <span class='ocrx_word' id='word_1_249' title='bbox 535 1576 618 1603; x_wconf 85' lang='lat' dir='ltr'><strong>verbo</strong></span> <span class='ocrx_word' id='word_1_250' title='bbox 634 1576 749 1603; x_wconf 87' lang='lat' dir='ltr'><strong>salutem</strong></span> <span class='ocrx_word' id='word_1_251' title='bbox 775 1574 840 1601; x_wconf 88' lang='lat' dir='ltr'><strong>dare</strong></span> <span class='ocrx_word' id='word_1_252' title='bbox 861 1577 960 1608; x_wconf 87' lang='lat' dir='ltr'><strong>potest,</strong></span> <span class='ocrx_word' id='word_1_253' title='bbox 980 1575 1010 1599; x_wconf 86' lang='lat' dir='ltr'><strong>ut</strong></span> <span class='ocrx_word' id='word_1_254' title='bbox 1022 1577 1045 1607; x_wconf 72' lang='grc' dir='ltr'>α</span> 
     </span>
    </p>
   </div>
   <div class='ocr_carea' id='block_1_33' title="bbox 220 1619 1008 1652">
    <p class='ocr_par' dir='ltr' id='par_1_33' title="bbox 220 1619 1008 1652">
     <span class='ocr_line' id='line_1_33' title="bbox 220 1619 1008 1652; baseline -0.008 -1"><span class='ocrx_word' id='word_1_255' title='bbox 220 1630 248 1651; x_wconf 84' lang='lat' dir='ltr'><strong>et</strong></span> <span class='ocrx_word' id='word_1_256' title='bbox 264 1624 330 1652; x_wconf 92' lang='lat' dir='ltr'><strong>olim</strong></span> <span class='ocrx_word' id='word_1_257' title='bbox 345 1625 484 1650; x_wconf 87' lang='lat' dir='ltr'><strong>incurvam</strong></span> <span class='ocrx_word' id='word_1_258' title='bbox 498 1622 640 1649; x_wconf 87' lang='lat' dir='ltr'><strong>mulieretn</strong></span> <span class='ocrx_word' id='word_1_259' title='bbox 653 1621 749 1649; x_wconf 89' lang='lat' dir='ltr'><strong>erexit.</strong></span> <span class='ocrx_word' id='word_1_260' title='bbox 761 1620 809 1647; x_wconf 88' lang='lat' dir='ltr'><strong>Illa</strong></span> <span class='ocrx_word' id='word_1_261' title='bbox 819 1627 886 1647; x_wconf 86' lang='lat' dir='ltr'><strong>vero</strong></span> <span class='ocrx_word' id='word_1_262' title='bbox 897 1619 1008 1646; x_wconf 84' lang='lat' dir='ltr'><strong>domum</strong></span> 
     </span>
    </p>
   </div>
   <div class='ocr_carea' id='block_1_34' title="bbox 221 1664 1011 1704">
    <p class='ocr_par' dir='ltr' id='par_1_34' title="bbox 221 1664 1011 1704">
     <span class='ocr_line' id='line_1_34' title="bbox 221 1664 1011 1704; baseline -0.008 -8"><span class='ocrx_word' id='word_1_263' title='bbox 221 1669 354 1704; x_wconf 81' lang='lat' dir='ltr'><strong>profecta,</strong></span> <span class='ocrx_word' id='word_1_264' title='bbox 372 1668 454 1696; x_wconf 84' lang='lat' dir='ltr'><strong>ﬁliam</strong></span> <span class='ocrx_word' id='word_1_265' title='bbox 475 1669 508 1695; x_wconf 94' lang='lat' dir='ltr'><strong>ad</strong></span> <span class='ocrx_word' id='word_1_266' title='bbox 530 1668 611 1703; x_wconf 82' lang='lat' dir='ltr'><strong>pedes</strong></span> <span class='ocrx_word' id='word_1_267' title='bbox 629 1667 715 1694; x_wconf 88' lang='lat' dir='ltr'><strong>sancti</strong></span> <span class='ocrx_word' id='word_1_268' title='bbox 738 1665 862 1700; x_wconf 79' lang='lat' dir='ltr'><strong>Gregorii</strong></span> <span class='ocrx_word' id='word_1_269' title='bbox 887 1664 1011 1697; x_wconf 81' lang='lat' dir='ltr'><strong>adduxit,</strong></span> 
     </span>
    </p>
   </div>
   <div class='ocr_carea' id='block_1_35' title="bbox 222 1710 1010 1750">
    <p class='ocr_par' dir='ltr' id='par_1_35' title="bbox 222 1710 1010 1750">
     <span class='ocr_line' id='line_1_35' title="bbox 222 1710 1010 1750; baseline -0.008 -7"><span class='ocrx_word' id='word_1_270' title='bbox 222 1716 258 1743; x_wconf 83' lang='lat' dir='ltr'><strong>ab</strong></span> <span class='ocrx_word' id='word_1_271' title='bbox 276 1723 364 1750; x_wconf 85' lang='lat' dir='ltr'><strong>eoque</strong></span> <span class='ocrx_word' id='word_1_272' title='bbox 388 1715 540 1747; x_wconf 85' lang='lat' dir='ltr'><strong>contendit,</strong></span> <span class='ocrx_word' id='word_1_273' title='bbox 561 1718 591 1741; x_wconf 88' lang='lat' dir='ltr'><strong>ut</strong></span> <span class='ocrx_word' id='word_1_274' title='bbox 606 1721 701 1748; x_wconf 89' lang='lat' dir='ltr'><strong>preces</strong></span> <span class='ocrx_word' id='word_1_275' title='bbox 723 1720 773 1747; x_wconf 86' lang='lat' dir='ltr'><strong>pro</strong></span> <span class='ocrx_word' id='word_1_276' title='bbox 797 1712 854 1746; x_wconf 84' lang='lat' dir='ltr'><strong>ipsa</strong></span> <span class='ocrx_word' id='word_1_277' title='bbox 872 1710 1010 1738; x_wconf 78' lang='lat' dir='ltr'><strong>funderet.</strong></span> 
     </span>
    </p>
   </div>
   <div class='ocr_carea' id='block_1_36' title="bbox 223 1756 1011 1796">
    <p class='ocr_par' dir='ltr' id='par_1_36' title="bbox 223 1756 1011 1796">
     <span class='ocr_line' id='line_1_36' title="bbox 223 1756 1011 1796; baseline -0.009 -7"><span class='ocrx_word' id='word_1_278' title='bbox 223 1762 355 1794; x_wconf 75' lang='lat' dir='ltr'><strong>Quicum</strong></span> <span class='ocrx_word' id='word_1_279' title='bbox 387 1769 476 1796; x_wconf 77' lang='lat' dir='ltr'><strong>genua</strong></span> <span class='ocrx_word' id='word_1_280' title='bbox 502 1760 634 1791; x_wconf 81' lang='lat' dir='ltr'><strong>ﬂexisset,</strong></span> <span class='ocrx_word' id='word_1_281' title='bbox 652 1759 740 1786; x_wconf 84' lang='lat' dir='ltr'><strong>Deum</strong></span> <span class='ocrx_word' id='word_1_282' title='bbox 766 1758 925 1793; x_wconf 86' lang='lat' dir='ltr'><strong>supplicans</strong></span> <span class='ocrx_word' id='word_1_283' title='bbox 953 1756 1011 1783; x_wconf 85' lang='lat' dir='ltr'><strong>ait:</strong></span> 
     </span>
    </p>
   </div>
   <div class='ocr_carea' id='block_1_37' title="bbox 225 1805 1014 1842">
    <p class='ocr_par' dir='ltr' id='par_1_37' title="bbox 225 1805 1014 1842">
     <span class='ocr_line' id='line_1_37' title="bbox 225 1805 1014 1842; baseline -0.008 -7"><span class='ocrx_word' id='word_1_284' title='bbox 225 1808 340 1835; x_wconf 87' lang='lat' dir='ltr'><strong>Domine</strong></span> <span class='ocrx_word' id='word_1_285' title='bbox 354 1807 427 1835; x_wconf 89' lang='lat' dir='ltr'><strong>Deus</strong></span> <span class='ocrx_word' id='word_1_286' title='bbox 437 1807 623 1842; x_wconf 84' lang='lat' dir='ltr'><strong>omnipotens,</strong></span> <span class='ocrx_word' id='word_1_287' title='bbox 639 1805 686 1840; x_wconf 87' lang='lat' dir='ltr'><strong>qui</strong></span> <span class='ocrx_word' id='word_1_288' title='bbox 706 1805 782 1832; x_wconf 87' lang='lat' dir='ltr'><strong>solus</strong></span> <span class='ocrx_word' id='word_1_289' title='bbox 805 1808 918 1831; x_wconf 88' lang='lat' dir='ltr'><strong>sattctus</strong></span> <span class='ocrx_word' id='word_1_290' title='bbox 933 1807 1014 1837; x_wconf 85' lang='lat' dir='ltr'><strong>atque</strong></span> 
     </span>
    </p>
   </div>
   <div class='ocr_carea' id='block_1_38' title="bbox 225 1851 1015 1890">
    <p class='ocr_par' dir='ltr' id='par_1_38' title="bbox 225 1851 1015 1890">
     <span class='ocr_line' id='line_1_38' title="bbox 225 1851 1015 1890; baseline -0.009 -8"><span class='ocrx_word' id='word_1_291' title='bbox 225 1854 510 1890; x_wconf 84' lang='lat' dir='ltr'><strong>incomprehensibilis</strong></span> <span class='ocrx_word' id='word_1_292' title='bbox 532 1861 571 1884; x_wconf 90' lang='lat' dir='ltr'><strong>es,</strong></span> <span class='ocrx_word' id='word_1_293' title='bbox 593 1860 665 1880; x_wconf 88' lang='lat' dir='ltr'><strong>unus</strong></span> <span class='ocrx_word' id='word_1_294' title='bbox 688 1851 879 1887; x_wconf 78' lang='lat' dir='ltr'><strong>prodigiorum</strong></span> <span class='ocrx_word' id='word_1_295' title='bbox 901 1856 1015 1883; x_wconf 82' lang='lat' dir='ltr'><strong>magno-</strong></span> 
     </span>
    </p>
   </div>
   <div class='ocr_carea' id='block_1_39' title="bbox 226 1895 1016 1933">
    <p class='ocr_par' dir='ltr' id='par_1_39' title="bbox 226 1895 1016 1933">
     <span class='ocr_line' id='line_1_39' title="bbox 226 1895 1016 1933; baseline -0.01 -4"><span class='ocrx_word' id='word_1_296' title='bbox 226 1909 288 1929; x_wconf 86' lang='lat' dir='ltr'><strong>rum</strong></span> <span class='ocrx_word' id='word_1_297' title='bbox 304 1901 428 1932; x_wconf 82' lang='lat' dir='ltr'><strong>elicctor,</strong></span> <span class='ocrx_word' id='word_1_298' title='bbox 447 1900 518 1927; x_wconf 90' lang='lat' dir='ltr'><strong>servi</strong></span> <span class='ocrx_word' id='word_1_299' title='bbox 541 1899 579 1925; x_wconf 92' lang='lat' dir='ltr'><strong>tui</strong></span> <span class='ocrx_word' id='word_1_300' title='bbox 606 1897 710 1933; x_wconf 86' lang='lat' dir='ltr'><strong>respice</strong></span> <span class='ocrx_word' id='word_1_301' title='bbox 729 1904 833 1932; x_wconf 88' lang='lat' dir='ltr'><strong>preces,</strong></span> <span class='ocrx_word' id='word_1_302' title='bbox 851 1900 878 1923; x_wconf 90' lang='lat' dir='ltr'><strong>et</strong></span> <span class='ocrx_word' id='word_1_303' title='bbox 897 1895 1016 1930; x_wconf 86' lang='lat' dir='ltr'><strong>puellam</strong></span> 
     </span>
    </p>
   </div>
   <div class='ocr_carea' id='block_1_40' title="bbox 229 1940 1017 1978">
    <p class='ocr_par' dir='ltr' id='par_1_40' title="bbox 229 1940 1017 1978">
     <span class='ocr_line' id='line_1_40' title="bbox 229 1940 1017 1978; baseline -0.01 -3"><span class='ocrx_word' id='word_1_304' title='bbox 229 1948 299 1975; x_wconf 88' lang='lat' dir='ltr'><strong>hanc</strong></span> <span class='ocrx_word' id='word_1_305' title='bbox 320 1946 449 1974; x_wconf 86' lang='lat' dir='ltr'><strong>invisibili</strong></span> <span class='ocrx_word' id='word_1_306' title='bbox 463 1945 507 1972; x_wconf 90' lang='lat' dir='ltr'><strong>illa</strong></span> <span class='ocrx_word' id='word_1_307' title='bbox 520 1945 639 1972; x_wconf 61' lang='lat' dir='ltr'><strong>dexterae</strong></span> <span class='ocrx_word' id='word_1_308' title='bbox 653 1949 706 1971; x_wconf 65' lang='lat' dir='ltr'><strong>tua:</strong></span> <span class='ocrx_word' id='word_1_309' title='bbox 728 1943 849 1978; x_wconf 88' lang='lat' dir='ltr'><strong>potentia</strong></span> <span class='ocrx_word' id='word_1_310' title='bbox 866 1940 1017 1968; x_wconf 86' lang='lat' dir='ltr'><strong>valetudini</strong></span> 
     </span>
    </p>
   </div>
   <div class='ocr_carea' id='block_1_41' title="bbox 228 1988 1018 2022">
    <p class='ocr_par' dir='ltr' id='par_1_41' title="bbox 228 1988 1018 2022">
     <span class='ocr_line' id='line_1_41' title="bbox 228 1988 1018 2022; baseline -0.011 0"><span class='ocrx_word' id='word_1_311' title='bbox 228 1995 361 2022; x_wconf 87' lang='lat' dir='ltr'><strong>restitue:</strong></span> <span class='ocrx_word' id='word_1_312' title='bbox 384 1997 413 2019; x_wconf 89' lang='grc' dir='ltr'>ιιι</span> <span class='ocrx_word' id='word_1_313' title='bbox 437 1991 613 2019; x_wconf 80' lang='lat' dir='ltr'><strong>manifestum</strong></span> <span class='ocrx_word' id='word_1_314' title='bbox 634 1991 670 2017; x_wconf 87' lang='lat' dir='ltr'><strong>sit</strong></span> <span class='ocrx_word' id='word_1_315' title='bbox 701 1995 728 2017; x_wconf 88' lang='lat' dir='ltr'><strong>te</strong></span> <span class='ocrx_word' id='word_1_316' title='bbox 748 1997 833 2017; x_wconf 88' lang='lat' dir='ltr'><strong>unutn</strong></span> <span class='ocrx_word' id='word_1_317' title='bbox 855 1996 916 2015; x_wconf 89' lang='lat' dir='ltr'><strong>esse</strong></span> <span class='ocrx_word' id='word_1_318' title='bbox 931 1988 1018 2014; x_wconf 87' lang='lat' dir='ltr'><strong>Deum</strong></span> 
     </span>
    </p>
   </div>
   <div class='ocr_carea' id='block_1_42' title="bbox 228 2031 1017 2071">
    <p class='ocr_par' dir='ltr' id='par_1_42' title="bbox 228 2031 1017 2071">
     <span class='ocr_line' id='line_1_42' title="bbox 228 2031 1017 2071; baseline -0.014 -4"><span class='ocrx_word' id='word_1_319' title='bbox 228 2048 334 2071; x_wconf 87' lang='lat' dir='ltr'><strong>verum,</strong></span> <span class='ocrx_word' id='word_1_320' title='bbox 360 2036 584 2067; x_wconf 85' lang='lat' dir='ltr'><strong>misericordem,</strong></span> <span class='ocrx_word' id='word_1_321' title='bbox 607 2034 767 2069; x_wconf 82' lang='lat' dir='ltr'><strong>placabilem</strong></span> <span class='ocrx_word' id='word_1_322' title='bbox 790 2033 824 2060; x_wconf 88' lang='lat' dir='ltr'><strong>iis</strong></span> <span class='ocrx_word' id='word_1_323' title='bbox 849 2031 896 2066; x_wconf 93' lang='lat' dir='ltr'><strong>qui</strong></span> <span class='ocrx_word' id='word_1_324' title='bbox 933 2035 960 2057; x_wconf 88' lang='lat' dir='ltr'><strong>te</strong></span> <span class='ocrx_word' id='word_1_325' title='bbox 983 2037 1017 2057; x_wconf 82' lang='lat' dir='ltr'><strong>ex</strong></span> 
     </span>
    </p>
   </div>
   <div class='ocr_carea' id='block_1_43' title="bbox 229 2076 1019 2113">
    <p class='ocr_par' dir='ltr' id='par_1_43' title="bbox 229 2076 1019 2113">
     <span class='ocr_line' id='line_1_43' title="bbox 229 2076 1019 2113; baseline -0.013 -2"><span class='ocrx_word' id='word_1_326' title='bbox 229 2084 471 2113; x_wconf 85' lang='lat' dir='ltr'><strong>animoinvocant,</strong></span> <span class='ocrx_word' id='word_1_327' title='bbox 487 2085 610 2108; x_wconf 90' lang='lat' dir='ltr'><strong>sanctum</strong></span> <span class='ocrx_word' id='word_1_328' title='bbox 623 2079 742 2113; x_wconf 85' lang='lat' dir='ltr'><strong>denique</strong></span> <span class='ocrx_word' id='word_1_329' title='bbox 757 2078 783 2104; x_wconf 88' lang='lat' dir='ltr'><strong>itt</strong></span> <span class='ocrx_word' id='word_1_330' title='bbox 801 2076 910 2104; x_wconf 62' lang='lat' dir='ltr'><strong>saecula.</strong></span> <span class='ocrx_word' id='word_1_331' title='bbox 922 2076 1019 2102; x_wconf 86' lang='lat' dir='ltr'><strong>Amen.</strong></span> 
     </span>
    </p>
   </div>
   <div class='ocr_carea' id='block_1_44' title="bbox 230 2123 1022 2166">
    <p class='ocr_par' dir='ltr' id='par_1_44' title="bbox 230 2123 1022 2166">
     <span class='ocr_line' id='line_1_44' title="bbox 230 2123 1022 2166; baseline -0.011 -9"><span class='ocrx_word' id='word_1_332' title='bbox 230 2132 320 2166; x_wconf 82' lang='lat' dir='ltr'><strong>Atque</strong></span> <span class='ocrx_word' id='word_1_333' title='bbox 346 2130 389 2157; x_wconf 86' lang='lat' dir='ltr'><strong>his</strong></span> <span class='ocrx_word' id='word_1_334' title='bbox 404 2129 528 2164; x_wconf 88' lang='lat' dir='ltr'><strong>prolatis,</strong></span> <span class='ocrx_word' id='word_1_335' title='bbox 547 2135 675 2161; x_wconf 77' lang='lat' dir='ltr'><strong>surgens,</strong></span> <span class='ocrx_word' id='word_1_336' title='bbox 691 2126 779 2160; x_wconf 89' lang='lat' dir='ltr'><strong>puella</strong></span> <span class='ocrx_word' id='word_1_337' title='bbox 807 2123 921 2153; x_wconf 88' lang='lat' dir='ltr'><strong>salutari</strong></span> <span class='ocrx_word' id='word_1_338' title='bbox 943 2124 1022 2158; x_wconf 78' lang='lat' dir='ltr'><strong>signo</strong></span> 
     </span>
    </p>
   </div>
   <div class='ocr_carea' id='block_1_45' title="bbox 231 2169 1021 2211">
    <p class='ocr_par' dir='ltr' id='par_1_45' title="bbox 231 2169 1021 2211">
     <span class='ocr_line' id='line_1_45' title="bbox 231 2169 1021 2211; baseline -0.011 -7"><span class='ocrx_word' id='word_1_339' title='bbox 231 2178 358 2208; x_wconf 86' lang='lat' dir='ltr'><strong>lustrata,</strong></span> <span class='ocrx_word' id='word_1_340' title='bbox 368 2180 395 2202; x_wconf 93' lang='lat' dir='ltr'><strong>et</strong></span> <span class='ocrx_word' id='word_1_341' title='bbox 409 2174 512 2211; x_wconf 85' lang='lat' dir='ltr'><strong>Christi</strong></span> <span class='ocrx_word' id='word_1_342' title='bbox 524 2173 580 2200; x_wconf 87' lang='lat' dir='ltr'><strong>veri</strong></span> <span class='ocrx_word' id='word_1_343' title='bbox 599 2173 644 2200; x_wconf 89' lang='lat' dir='ltr'><strong>Dei</strong></span> <span class='ocrx_word' id='word_1_344' title='bbox 660 2172 745 2199; x_wconf 82' lang='lat' dir='ltr'><strong>nostri</strong></span> <span class='ocrx_word' id='word_1_345' title='bbox 754 2171 865 2199; x_wconf 89' lang='lat' dir='ltr'><strong>uotnine</strong></span> <span class='ocrx_word' id='word_1_346' title='bbox 879 2169 1021 2196; x_wconf 85' lang='lat' dir='ltr'><strong>invocato:</strong></span> 
     </span>
    </p>
   </div>
   <div class='ocr_carea' id='block_1_46' title="bbox 232 2215 1023 2255">
    <p class='ocr_par' dir='ltr' id='par_1_46' title="bbox 232 2215 1023 2255">
     <span class='ocr_line' id='line_1_46' title="bbox 232 2215 1023 2255; baseline -0.011 -4"><span class='ocrx_word' id='word_1_347' title='bbox 232 2223 344 2255; x_wconf 85' lang='lat' dir='ltr'><strong>insiste,</strong></span> <span class='ocrx_word' id='word_1_348' title='bbox 373 2221 472 2255; x_wconf 88' lang='lat' dir='ltr'><strong>inquit,</strong></span> <span class='ocrx_word' id='word_1_349' title='bbox 500 2221 614 2255; x_wconf 86' lang='lat' dir='ltr'><strong>pedibus</strong></span> <span class='ocrx_word' id='word_1_350' title='bbox 640 2219 713 2246; x_wconf 87' lang='lat' dir='ltr'><strong>tuis:</strong></span> <span class='ocrx_word' id='word_1_351' title='bbox 739 2226 770 2245; x_wconf 86' lang='lat' dir='ltr'><strong>ea</strong></span> <span class='ocrx_word' id='word_1_352' title='bbox 800 2224 866 2245; x_wconf 89' lang='lat' dir='ltr'><strong>vero</strong></span> <span class='ocrx_word' id='word_1_353' title='bbox 887 2215 1023 2250; x_wconf 77' lang='lat' dir='ltr'><strong>extemplo</strong></span> 
     </span>
    </p>
   </div>
   <div class='ocr_carea' id='block_1_47' title="bbox 233 2262 1024 2299">
    <p class='ocr_par' dir='ltr' id='par_1_47' title="bbox 233 2262 1024 2299">
     <span class='ocr_line' id='line_1_47' title="bbox 233 2262 1024 2299; baseline -0.013 -2"><span class='ocrx_word' id='word_1_354' title='bbox 233 2269 321 2297; x_wconf 80' lang='lat' dir='ltr'><strong>erexit</strong></span> <span class='ocrx_word' id='word_1_355' title='bbox 346 2276 407 2296; x_wconf 86' lang='lat' dir='ltr'><strong>sese</strong></span> <span class='ocrx_word' id='word_1_356' title='bbox 425 2275 457 2294; x_wconf 86' lang='lat' dir='ltr'><strong>ac</strong></span> <span class='ocrx_word' id='word_1_357' title='bbox 477 2266 562 2299; x_wconf 87' lang='lat' dir='ltr'><strong>stetit,</strong></span> <span class='ocrx_word' id='word_1_358' title='bbox 584 2265 700 2293; x_wconf 86' lang='lat' dir='ltr'><strong>sanitate</strong></span> <span class='ocrx_word' id='word_1_359' title='bbox 719 2268 837 2298; x_wconf 91' lang='lat' dir='ltr'><strong>recepta.</strong></span> <span class='ocrx_word' id='word_1_360' title='bbox 862 2262 937 2296; x_wconf 84' lang='lat' dir='ltr'><strong>Quas</strong></span> <span class='ocrx_word' id='word_1_361' title='bbox 957 2268 1024 2288; x_wconf 86' lang='lat' dir='ltr'><strong>vero</strong></span> 
     </span>
    </p>
   </div>
   <div class='ocr_carea' id='block_1_48' title="bbox 236 2308 1023 2350">
    <p class='ocr_par' dir='ltr' id='par_1_48' title="bbox 236 2308 1023 2350">
     <span class='ocr_line' id='line_1_48' title="bbox 236 2308 1023 2350; baseline -0.01 -8"><span class='ocrx_word' id='word_1_362' title='bbox 236 2321 323 2344; x_wconf 89' lang='lat' dir='ltr'><strong>mater</strong></span> <span class='ocrx_word' id='word_1_363' title='bbox 331 2315 391 2350; x_wconf 87' lang='lat' dir='ltr'><strong>ejus</strong></span> <span class='ocrx_word' id='word_1_364' title='bbox 401 2314 456 2341; x_wconf 89' lang='lat' dir='ltr'><strong>Deo</strong></span> <span class='ocrx_word' id='word_1_365' title='bbox 463 2313 559 2340; x_wconf 87' lang='lat' dir='ltr'><strong>laudes</strong></span> <span class='ocrx_word' id='word_1_366' title='bbox 570 2320 624 2339; x_wconf 87' lang='lat' dir='ltr'><strong>non</strong></span> <span class='ocrx_word' id='word_1_367' title='bbox 639 2311 774 2338; x_wconf 83' lang='lat' dir='ltr'><strong>reddidit?</strong></span> <span class='ocrx_word' id='word_1_368' title='bbox 785 2310 852 2343; x_wconf 72' lang='lat' dir='ltr'><strong>Quae</strong></span> <span class='ocrx_word' id='word_1_369' title='bbox 868 2313 896 2336; x_wconf 88' lang='lat' dir='ltr'><strong>et</strong></span> <span class='ocrx_word' id='word_1_370' title='bbox 911 2308 1023 2336; x_wconf 90' lang='lat' dir='ltr'><strong>domum</strong></span> 
     </span>
    </p>
   </div>
   <div class='ocr_carea' id='block_1_49' title="bbox 235 2353 1025 2394">
    <p class='ocr_par' dir='ltr' id='par_1_49' title="bbox 235 2353 1025 2394">
     <span class='ocr_line' id='line_1_49' title="bbox 235 2353 1025 2394; baseline -0.014 -4"><span class='ocrx_word' id='word_1_371' title='bbox 235 2371 296 2390; x_wconf 74' lang='lat' dir='ltr'><strong>eum</strong></span> <span class='ocrx_word' id='word_1_372' title='bbox 307 2362 362 2389; x_wconf 89' lang='lat' dir='ltr'><strong>lilia</strong></span> <span class='ocrx_word' id='word_1_373' title='bbox 378 2368 499 2392; x_wconf 83' lang='lat' dir='ltr'><strong>reversa,</strong></span> <span class='ocrx_word' id='word_1_374' title='bbox 514 2367 562 2394; x_wconf 84' lang='lat' dir='ltr'><strong>per</strong></span> <span class='ocrx_word' id='word_1_375' title='bbox 578 2359 672 2386; x_wconf 87' lang='lat' dir='ltr'><strong>urbem</strong></span> <span class='ocrx_word' id='word_1_376' title='bbox 684 2357 840 2384; x_wconf 86' lang='lat' dir='ltr'><strong>universam</strong></span> <span class='ocrx_word' id='word_1_377' title='bbox 852 2355 896 2382; x_wconf 90' lang='lat' dir='ltr'><strong>Dei</strong></span> <span class='ocrx_word' id='word_1_378' title='bbox 904 2353 1025 2390; x_wconf 74' lang='lat' dir='ltr'><strong>prodigia</strong></span> 
     </span>
    </p>
   </div>
   <div class='ocr_carea' id='block_1_50' title="bbox 236 2400 1025 2445">
    <p class='ocr_par' dir='ltr' id='par_1_50' title="bbox 236 2400 1025 2445">
     <span class='ocr_line' id='line_1_50' title="bbox 236 2400 1025 2445; baseline -0.014 -8"><span class='ocrx_word' id='word_1_379' title='bbox 236 2407 353 2445; x_wconf 74' lang='lat' dir='ltr'><strong>[Luxu]</strong></span> <span class='ocrx_word' id='word_1_380' title='bbox 369 2415 418 2443; x_wconf 86' lang='lat' dir='ltr'><strong>per</strong></span> <span class='ocrx_word' id='word_1_381' title='bbox 439 2407 548 2434; x_wconf 88' lang='lat' dir='ltr'><strong>beatum</strong></span> <span class='ocrx_word' id='word_1_382' title='bbox 561 2404 722 2440; x_wconf 76' lang='lat' dir='ltr'><strong>Gregorium</strong></span> <span class='ocrx_word' id='word_1_383' title='bbox 739 2407 844 2438; x_wconf 86' lang='lat' dir='ltr'><strong>patrata</strong></span> <span class='ocrx_word' id='word_1_384' title='bbox 868 2400 1025 2428; x_wconf 77' lang='lat' dir='ltr'><strong>celebravit.</strong></span> 
     </span>
    </p>
   </div>
   <div class='ocr_carea' id='block_1_51' title="bbox 237 2446 1027 2490">
    <p class='ocr_par' dir='ltr' id='par_1_51' title="bbox 237 2446 1027 2490">
     <span class='ocr_line' id='line_1_51' title="bbox 237 2446 1027 2490; baseline -0.014 -8"><span class='ocrx_word' id='word_1_385' title='bbox 237 2457 361 2490; x_wconf 69' lang='lat' dir='ltr'><strong>Cumque</strong></span> <span class='ocrx_word' id='word_1_386' title='bbox 375 2461 435 2481; x_wconf 83' lang='lat' dir='ltr'><strong>eam</strong></span> <span class='ocrx_word' id='word_1_387' title='bbox 452 2452 534 2480; x_wconf 91' lang='lat' dir='ltr'><strong>vieini</strong></span> <span class='ocrx_word' id='word_1_388' title='bbox 549 2452 758 2485; x_wconf 76' lang='lat' dir='ltr'><strong>interrogarent,</strong></span> <span class='ocrx_word' id='word_1_389' title='bbox 781 2448 843 2483; x_wconf 90' lang='lat' dir='ltr'><strong>quis</strong></span> <span class='ocrx_word' id='word_1_390' title='bbox 868 2447 949 2474; x_wconf 85' lang='lat' dir='ltr'><strong>tiliam</strong></span> <span class='ocrx_word' id='word_1_391' title='bbox 967 2446 1027 2479; x_wconf 83' lang='lat' dir='ltr'><strong>ejus</strong></span> 
     </span>
    </p>
   </div>
   <div class='ocr_carea' id='block_1_52' title="bbox 239 2493 1027 2534">
    <p class='ocr_par' dir='ltr' id='par_1_52' title="bbox 239 2493 1027 2534">
     <span class='ocr_line' id='line_1_52' title="bbox 239 2493 1027 2534; baseline -0.016 -4"><span class='ocrx_word' id='word_1_392' title='bbox 239 2506 374 2532; x_wconf 76' lang='lat' dir='ltr'><strong>sanasset,</strong></span> <span class='ocrx_word' id='word_1_393' title='bbox 396 2499 502 2534; x_wconf 84' lang='lat' dir='ltr'><strong>llospes</strong></span> <span class='ocrx_word' id='word_1_394' title='bbox 516 2498 639 2532; x_wconf 85' lang='lat' dir='ltr'><strong>quidam,</strong></span> <span class='ocrx_word' id='word_1_395' title='bbox 666 2494 859 2530; x_wconf 86' lang='lat' dir='ltr'><strong>respondebat,</strong></span> <span class='ocrx_word' id='word_1_396' title='bbox 881 2493 1027 2528; x_wconf 82' lang='lat' dir='ltr'><strong>cpiscopus</strong></span> 
     </span>
    </p>
   </div>
   <div class='ocr_carea' id='block_1_53' title="bbox 198 2536 1027 2580">
    <p class='ocr_par' dir='ltr' id='par_1_53' title="bbox 198 2536 1027 2580">
     <span class='ocr_line' id='line_1_53' title="bbox 198 2536 1027 2580; baseline -0.017 -4"><span class='ocrx_word' id='word_1_397' title='bbox 198 2548 199 2553; x_wconf 60' lang='grc'><strong>¹</strong></span> <span class='ocrx_word' id='word_1_398' title='bbox 238 2547 362 2578; x_wconf 73' lang='grc' dir='ltr'>ὃίουιιιε,</span> <span class='ocrx_word' id='word_1_399' title='bbox 379 2553 460 2580; x_wconf 89' lang='lat' dir='ltr'><strong>quem</strong></span> <span class='ocrx_word' id='word_1_400' title='bbox 474 2545 569 2571; x_wconf 87' lang='lat' dir='ltr'><strong>dicunt</strong></span> <span class='ocrx_word' id='word_1_401' title='bbox 581 2542 632 2569; x_wconf 90' lang='lat' dir='ltr'><strong>sub</strong></span> <span class='ocrx_word' id='word_1_402' title='bbox 649 2541 740 2576; x_wconf 84' lang='lat' dir='ltr'><strong>judice</strong></span> <span class='ocrx_word' id='word_1_403' title='bbox 751 2547 823 2571; x_wconf 89' lang='lat' dir='ltr'><strong>esse,</strong></span> <span class='ocrx_word' id='word_1_404' title='bbox 839 2545 927 2572; x_wconf 89' lang='lat' dir='ltr'><strong>eoque</strong></span> <span class='ocrx_word' id='word_1_405' title='bbox 937 2536 1027 2564; x_wconf 92' lang='lat' dir='ltr'><strong>nomi-</strong></span> 
     </span>
    </p>
   </div>
   <div class='ocr_carea' id='block_1_54' title="bbox 240 2590 600 2621">
    <p class='ocr_par' dir='ltr' id='par_1_54' title="bbox 240 2590 600 2621">
     <span class='ocr_line' id='line_1_54' title="bbox 240 2590 600 2621; baseline -0.019 0"><span class='ocrx_word' id='word_1_406' title='bbox 240 2601 275 2621; x_wconf 83' lang='lat' dir='ltr'><strong>ue</strong></span> <span class='ocrx_word' id='word_1_407' title='bbox 289 2591 392 2621; x_wconf 87' lang='lat' dir='ltr'><strong>carceri</strong></span> <span class='ocrx_word' id='word_1_408' title='bbox 407 2590 534 2617; x_wconf 84' lang='lat' dir='ltr'><strong>addictus</strong></span> <span class='ocrx_word' id='word_1_409' title='bbox 548 2593 600 2616; x_wconf 81' lang='lat' dir='ltr'><strong>est.</strong></span> 
     </span>
    </p>
   </div>
   <div class='ocr_carea' id='block_1_55' title="bbox 278 2704 1031 2742">
    <p class='ocr_par' dir='ltr' id='par_1_55' title="bbox 278 2704 1031 2742">
     <span class='ocr_line' id='line_1_55' title="bbox 278 2704 1031 2742; baseline -0.016 -1"><span class='ocrx_word' id='word_1_410' title='bbox 278 2712 370 2741; x_wconf 72' lang='lat' dir='ltr'><strong>LXVI.</strong></span> <span class='ocrx_word' id='word_1_411' title='bbox 390 2712 449 2738; x_wconf 85' lang='lat' dir='ltr'><strong>Alia</strong></span> <span class='ocrx_word' id='word_1_412' title='bbox 462 2711 603 2737; x_wconf 86' lang='lat' dir='ltr'><strong>enimvero</strong></span> <span class='ocrx_word' id='word_1_413' title='bbox 620 2708 646 2735; x_wconf 91' lang='lat' dir='ltr'><strong>id</strong></span> <span class='ocrx_word' id='word_1_414' title='bbox 664 2714 750 2742; x_wconf 78' lang='lat' dir='ltr'><strong>genus</strong></span> <span class='ocrx_word' id='word_1_415' title='bbox 765 2705 850 2732; x_wconf 81' lang='lat' dir='ltr'><strong>inulta</strong></span> <span class='ocrx_word' id='word_1_416' title='bbox 868 2709 979 2731; x_wconf 67' lang='lat' dir='ltr'><strong>sanctus</strong></span> <span class='ocrx_word' id='word_1_417' title='bbox 991 2704 1031 2730; x_wconf 87' lang='lat' dir='ltr'><strong>vir</strong></span> 
     </span>
    </p>
   </div>
   <div class='ocr_carea' id='block_1_56' title="bbox 243 2752 1029 2790">
    <p class='ocr_par' dir='ltr' id='par_1_56' title="bbox 243 2752 1029 2790">
     <span class='ocr_line' id='line_1_56' title="bbox 243 2752 1029 2790; baseline -0.015 -2"><span class='ocrx_word' id='word_1_418' title='bbox 243 2762 269 2788; x_wconf 87' lang='lat' dir='ltr'><strong>in</strong></span> <span class='ocrx_word' id='word_1_419' title='bbox 300 2767 411 2787; x_wconf 87' lang='lat' dir='ltr'><strong>carcere</strong></span> <span class='ocrx_word' id='word_1_420' title='bbox 439 2758 511 2790; x_wconf 81' lang='lat' dir='ltr'><strong>fecit,</strong></span> <span class='ocrx_word' id='word_1_421' title='bbox 537 2757 740 2789; x_wconf 85' lang='lat' dir='ltr'><strong>multorumque</strong></span> <span class='ocrx_word' id='word_1_422' title='bbox 776 2753 888 2779; x_wconf 80' lang='lat' dir='ltr'><strong>morbus</strong></span> <span class='ocrx_word' id='word_1_423' title='bbox 915 2752 1029 2778; x_wconf 80' lang='lat' dir='ltr'><strong>curavit.</strong></span> 
     </span>
    </p>
   </div>
   <div class='ocr_carea' id='block_1_57' title="bbox 243 2797 1032 2838">
    <p class='ocr_par' dir='ltr' id='par_1_57' title="bbox 243 2797 1032 2838">
     <span class='ocr_line' id='line_1_57' title="bbox 243 2797 1032 2838; baseline -0.015 -3"><span class='ocrx_word' id='word_1_424' title='bbox 243 2807 336 2835; x_wconf 77' lang='lat' dir='ltr'><strong>Serius</strong></span> <span class='ocrx_word' id='word_1_425' title='bbox 353 2811 444 2834; x_wconf 82' lang='lat' dir='ltr'><strong>autent</strong></span> <span class='ocrx_word' id='word_1_426' title='bbox 457 2805 514 2832; x_wconf 83' lang='lat' dir='ltr'><strong>sive</strong></span> <span class='ocrx_word' id='word_1_427' title='bbox 527 2807 589 2838; x_wconf 82' lang='lat' dir='ltr'><strong>post</strong></span> <span class='ocrx_word' id='word_1_428' title='bbox 609 2809 710 2829; x_wconf 88' lang='lat' dir='ltr'><strong>annum</strong></span> <span class='ocrx_word' id='word_1_429' title='bbox 730 2800 786 2836; x_wconf 72' lang='lat'><strong>(75)</strong></span> <span class='ocrx_word' id='word_1_430' title='bbox 803 2800 924 2834; x_wconf 79' lang='lat' dir='ltr'><strong>pontifex</strong></span> <span class='ocrx_word' id='word_1_431' title='bbox 942 2797 1032 2824; x_wconf 77' lang='lat' dir='ltr'><strong>maxi-</strong></span> 
     </span>
    </p>
   </div>
   <div class='ocr_carea' id='block_1_58' title="bbox 279 2867 1031 2913">
    <p class='ocr_par' dir='ltr' id='par_1_58' title="bbox 279 2867 1031 2913">
     <span class='ocr_line' id='line_1_58' title="bbox 279 2867 1031 2913; baseline -0.019 -6"><span class='ocrx_word' id='word_1_432' title='bbox 279 2880 336 2913; x_wconf 79' lang='grc'><strong>(75)</strong></span> <span class='ocrx_word' id='word_1_433' title='bbox 351 2879 407 2906; x_wconf 80' lang='lat' dir='ltr'><strong>Non</strong></span> <span class='ocrx_word' id='word_1_434' title='bbox 426 2877 519 2913; x_wconf 82' lang='lat' dir='ltr'><strong>utique</strong></span> <span class='ocrx_word' id='word_1_435' title='bbox 533 2871 811 2913; x_wconf 46' lang='lat' dir='ltr'><strong>Gregorius&#39;lilagm‘ts</strong></span> <span class='ocrx_word' id='word_1_436' title='bbox 839 2877 961 2913; x_wconf 72' lang='lat' dir='ltr'><strong>causamI</strong></span> <span class='ocrx_word' id='word_1_437' title='bbox 975 2867 1031 2913; x_wconf 73' lang='lat' dir='ltr'><strong>epi—</strong></span> 
     </span>
    </p>
   </div>
   <div class='ocr_carea' id='block_1_59' title="bbox 249 2903 1033 2952">
    <p class='ocr_par' dir='ltr' id='par_1_59' title="bbox 249 2903 1033 2952">
     <span class='ocr_line' id='line_1_59' title="bbox 249 2903 1033 2952; baseline -0.019 -9"><span class='ocrx_word' id='word_1_438' title='bbox 249 2903 597 2952; x_wconf 26' lang='lat' dir='ltr'><strong>scopletio‘striﬂneiglexcrat</strong></span> <span class='ocrx_word' id='word_1_439' title='bbox 610 2913 656 2936; x_wconf 84' lang='lat' dir='ltr'><strong>aut</strong></span> <span class='ocrx_word' id='word_1_440' title='bbox 670 2903 768 2934; x_wconf 63' lang='lat' dir='ltr'><strong>ohlittls</strong></span> <span class='ocrx_word' id='word_1_441' title='bbox 785 2906 892 2933; x_wconf 77' lang='lat' dir='ltr'><strong>fuerat:</strong></span> <span class='ocrx_word' id='word_1_442' title='bbox 917 2903 962 2931; x_wconf 76' lang='lat' dir='ltr'><strong>sed</strong></span> <span class='ocrx_word' id='word_1_443' title='bbox 987 2910 1033 2929; x_wconf 72' lang='lat' dir='ltr'><strong>ae~</strong></span> 
     </span>
    </p>
   </div>
   <div class='ocr_carea' id='block_1_60' title="bbox 1050 282 1834 322">
    <p class='ocr_par' dir='ltr' id='par_1_60' title="bbox 1050 282 1834 322">
     <span class='ocr_line' id='line_1_60' title="bbox 1050 282 1834 322; baseline -0.006 -9"><span class='ocrx_word' id='word_1_444' title='bbox 1050 289 1064 313; x_wconf 83' lang='grc' dir='ltr'>ὁ</span> <span class='ocrx_word' id='word_1_445' title='bbox 1081 288 1173 322; x_wconf 76' lang='grc' dir='ltr'>πατὴρ</span> <span class='ocrx_word' id='word_1_446' title='bbox 1194 287 1240 313; x_wconf 82' lang='grc' dir='ltr'><strong>τοῦ</strong></span> <span class='ocrx_word' id='word_1_447' title='bbox 1254 286 1396 312; x_wconf 82' lang='grc' dir='ltr'>νεανίσκου</span> <span class='ocrx_word' id='word_1_448' title='bbox 1411 305 1418 316; x_wconf 95' lang='grc'><strong>,</strong></span> <span class='ocrx_word' id='word_1_449' title='bbox 1440 285 1560 318; x_wconf 76' lang='grc' dir='ltr'><strong>ζητήσας</strong></span> <span class='ocrx_word' id='word_1_450' title='bbox 1576 283 1657 310; x_wconf 75' lang='grc' dir='ltr'>αὐτὸν</span> <span class='ocrx_word' id='word_1_451' title='bbox 1675 283 1721 309; x_wconf 76' lang='grc' dir='ltr'>καὶ</span> <span class='ocrx_word' id='word_1_452' title='bbox 1736 282 1773 317; x_wconf 81' lang='grc' dir='ltr'>μὴ</span> <span class='ocrx_word' id='word_1_453' title='bbox 1788 284 1834 309; x_wconf 80' lang='grc' dir='ltr'><strong>εὑ-</strong></span> 
     </span>
    </p>
   </div>
   <div class='ocr_carea' id='block_1_61' title="bbox 1053 329 1836 368">
    <p class='ocr_par' dir='ltr' id='par_1_61' title="bbox 1053 329 1836 368">
     <span class='ocr_line' id='line_1_61' title="bbox 1053 329 1836 368; baseline -0.006 -9"><span class='ocrx_word' id='word_1_454' title='bbox 1053 332 1117 368; x_wconf 84' lang='grc' dir='ltr'>ρὼν,</span> <span class='ocrx_word' id='word_1_455' title='bbox 1134 332 1234 368; x_wconf 80' lang='grc' dir='ltr'>ἤρξατο</span> <span class='ocrx_word' id='word_1_456' title='bbox 1247 331 1278 358; x_wconf 81' lang='grc' dir='ltr'><strong>τὸ</strong></span> <span class='ocrx_word' id='word_1_457' title='bbox 1295 331 1440 366; x_wconf 81' lang='grc' dir='ltr'>πρόσωπον</span> <span class='ocrx_word' id='word_1_458' title='bbox 1454 329 1536 356; x_wconf 84' lang='grc' dir='ltr'>αὑτοῦ</span> <span class='ocrx_word' id='word_1_459' title='bbox 1550 329 1662 355; x_wconf 79' lang='grc' dir='ltr'><strong>τύπτειν</strong></span> <span class='ocrx_word' id='word_1_460' title='bbox 1675 329 1722 355; x_wconf 69' lang='grc' dir='ltr'><strong>καὶ</strong></span> <span class='ocrx_word' id='word_1_461' title='bbox 1734 329 1836 362; x_wconf 77' lang='grc' dir='ltr'>λέγειν’</span> 
     </span>
    </p>
   </div>
   <div class='ocr_carea' id='block_1_62' title="bbox 1051 373 1836 412">
    <p class='ocr_par' dir='ltr' id='par_1_62' title="bbox 1051 373 1836 412">
     <span class='ocr_line' id='line_1_62' title="bbox 1051 373 1836 412; baseline -0.008 -8"><span class='ocrx_word' id='word_1_462' title='bbox 1051 379 1131 412; x_wconf 79' lang='grc' dir='ltr'>Οίμοι</span> <span class='ocrx_word' id='word_1_463' title='bbox 1143 377 1182 412; x_wconf 83' lang='grc' dir='ltr'>τῷ</span> <span class='ocrx_word' id='word_1_464' title='bbox 1195 377 1278 412; x_wconf 81' lang='grc' dir='ltr'>ἀθλίῳ</span> <span class='ocrx_word' id='word_1_465' title='bbox 1288 397 1296 409; x_wconf 85' lang='lat'><strong>,</strong></span> <span class='ocrx_word' id='word_1_466' title='bbox 1311 377 1337 402; x_wconf 84' lang='grc' dir='ltr'><strong>τί</strong></span> <span class='ocrx_word' id='word_1_467' title='bbox 1357 376 1469 410; x_wconf 81' lang='grc' dir='ltr'>γέγονεν</span> <span class='ocrx_word' id='word_1_468' title='bbox 1482 375 1512 401; x_wconf 84' lang='grc' dir='ltr'>τὸ</span> <span class='ocrx_word' id='word_1_469' title='bbox 1525 375 1617 400; x_wconf 77' lang='grc' dir='ltr'>τέκνον</span> <span class='ocrx_word' id='word_1_470' title='bbox 1640 383 1691 408; x_wconf 80' lang='grc' dir='ltr'><strong>μου</strong></span> <span class='ocrx_word' id='word_1_471' title='bbox 1702 383 1709 407; x_wconf 85' lang='grc'>;</span> <span class='ocrx_word' id='word_1_472' title='bbox 1727 373 1836 404; x_wconf 81' lang='grc' dir='ltr'>πάντως</span> 
     </span>
    </p>
   </div>
   <div class='ocr_carea' id='block_1_63' title="bbox 1051 418 1835 460">
    <p class='ocr_par' dir='ltr' id='par_1_63' title="bbox 1051 418 1835 460">
     <span class='ocr_line' id='line_1_63' title="bbox 1051 418 1835 460; baseline -0.01 -9"><span class='ocrx_word' id='word_1_473' title='bbox 1051 425 1065 450; x_wconf 84' lang='grc' dir='ltr'>ὁ</span> <span class='ocrx_word' id='word_1_474' title='bbox 1079 424 1183 460; x_wconf 87' lang='grc' dir='ltr'>δαίμων</span> <span class='ocrx_word' id='word_1_475' title='bbox 1197 423 1277 450; x_wconf 81' lang='grc' dir='ltr'>αὐτὸν</span> <span class='ocrx_word' id='word_1_476' title='bbox 1291 422 1439 457; x_wconf 80' lang='grc' dir='ltr'><strong>ἀπέπνιξεν</strong></span> <span class='ocrx_word' id='word_1_477' title='bbox 1457 421 1472 456; x_wconf 84' lang='grc' dir='ltr'>ἦ</span> <span class='ocrx_word' id='word_1_478' title='bbox 1487 421 1516 446; x_wconf 81' lang='grc' dir='ltr'>ὲν</span> <span class='ocrx_word' id='word_1_479' title='bbox 1534 419 1650 455; x_wconf 78' lang='grc' dir='ltr'><strong>κρημνῷ</strong></span> <span class='ocrx_word' id='word_1_480' title='bbox 1667 419 1684 454; x_wconf 85' lang='grc' dir='ltr'>ἢ</span> <span class='ocrx_word' id='word_1_481' title='bbox 1703 419 1731 445; x_wconf 79' lang='grc' dir='ltr'>ὲν</span> <span class='ocrx_word' id='word_1_482' title='bbox 1747 418 1835 456; x_wconf 71' lang='grc' dir='ltr'>ὕδατι,</span> 
     </span>
    </p>
   </div>
   <div class='ocr_carea' id='block_1_64' title="bbox 1051 463 1834 503">
    <p class='ocr_par' dir='ltr' id='par_1_64' title="bbox 1051 463 1834 503">
     <span class='ocr_line' id='line_1_64' title="bbox 1051 463 1834 503; baseline -0.01 -7"><span class='ocrx_word' id='word_1_483' title='bbox 1051 470 1082 496; x_wconf 79' lang='grc' dir='ltr'>τὸ</span> <span class='ocrx_word' id='word_1_484' title='bbox 1096 470 1122 496; x_wconf 86' lang='grc' dir='ltr'><strong>τί</strong></span> <span class='ocrx_word' id='word_1_485' title='bbox 1140 468 1302 503; x_wconf 83' lang='grc' dir='ltr'>λογίσασθαι</span> <span class='ocrx_word' id='word_1_486' title='bbox 1318 468 1367 494; x_wconf 77' lang='grc' dir='ltr'>οὐκ</span> <span class='ocrx_word' id='word_1_487' title='bbox 1387 465 1455 494; x_wconf 68' lang='grc' dir='ltr'>οῖδα.</span> <span class='ocrx_word' id='word_1_488' title='bbox 1483 463 1550 492; x_wconf 75' lang='grc' dir='ltr'>Εἶτα</span> <span class='ocrx_word' id='word_1_489' title='bbox 1565 465 1602 496; x_wconf 86' lang='grc' dir='ltr'>ὡς</span> <span class='ocrx_word' id='word_1_490' title='bbox 1623 464 1710 491; x_wconf 79' lang='grc' dir='ltr'>ταῦτα</span> <span class='ocrx_word' id='word_1_491' title='bbox 1731 463 1834 497; x_wconf 76' lang='grc' dir='ltr'>ἔλεγεν,</span> 
     </span>
    </p>
   </div>
   <div class='ocr_carea' id='block_1_65' title="bbox 1052 508 1836 550">
    <p class='ocr_par' dir='ltr' id='par_1_65' title="bbox 1052 508 1836 550">
     <span class='ocr_line' id='line_1_65' title="bbox 1052 508 1836 550; baseline -0.009 -9"><span class='ocrx_word' id='word_1_492' title='bbox 1052 515 1287 550; x_wconf 69' lang='grc' dir='ltr'>περιϐλεψάμενος</span> <span class='ocrx_word' id='word_1_493' title='bbox 1298 514 1312 539; x_wconf 86' lang='grc' dir='ltr'>ὁ</span> <span class='ocrx_word' id='word_1_494' title='bbox 1328 511 1502 547; x_wconf 72' lang='grc' dir='ltr'><strong>δεσμοφύλαξ</strong></span> <span class='ocrx_word' id='word_1_495' title='bbox 1515 511 1613 545; x_wconf 80' lang='grc' dir='ltr'><strong>Θεωρεῖ</strong></span> <span class='ocrx_word' id='word_1_496' title='bbox 1627 510 1676 540; x_wconf 79' lang='grc' dir='ltr'>τὰς</span> <span class='ocrx_word' id='word_1_497' title='bbox 1689 510 1774 544; x_wconf 70' lang='grc' dir='ltr'>(λύρας</span> <span class='ocrx_word' id='word_1_498' title='bbox 1787 508 1836 543; x_wconf 78' lang='grc' dir='ltr'>τῆς</span> 
     </span>
    </p>
   </div>
   <div class='ocr_carea' id='block_1_66' title="bbox 1053 555 1839 596">
    <p class='ocr_par' dir='ltr' id='par_1_66' title="bbox 1053 555 1839 596">
     <span class='ocr_line' id='line_1_66' title="bbox 1053 555 1839 596; baseline -0.01 -9"><span class='ocrx_word' id='word_1_499' title='bbox 1053 561 1176 596; x_wconf 76' lang='grc' dir='ltr'><strong>φυλακῆς</strong></span> <span class='ocrx_word' id='word_1_500' title='bbox 1193 558 1370 594; x_wconf 80' lang='grc' dir='ltr'><strong>ἀνεῳγμένας</strong></span> <span class='ocrx_word' id='word_1_501' title='bbox 1381 578 1389 590; x_wconf 85' lang='lat'><strong>,</strong></span> <span class='ocrx_word' id='word_1_502' title='bbox 1413 557 1460 583; x_wconf 74' lang='grc' dir='ltr'>καὶ</span> <span class='ocrx_word' id='word_1_503' title='bbox 1475 556 1533 591; x_wconf 81' lang='grc' dir='ltr'>φῶς</span> <span class='ocrx_word' id='word_1_504' title='bbox 1549 555 1619 590; x_wconf 75' lang='grc' dir='ltr'>μέγα</span> <span class='ocrx_word' id='word_1_505' title='bbox 1636 556 1668 581; x_wconf 86' lang='grc' dir='ltr'>ὲν</span> <span class='ocrx_word' id='word_1_506' title='bbox 1680 555 1719 588; x_wconf 80' lang='grc' dir='ltr'>τῷ</span> <span class='ocrx_word' id='word_1_507' title='bbox 1731 555 1839 588; x_wconf 77' lang='grc' dir='ltr'>δεσμω-</span> 
     </span>
    </p>
   </div>
   <div class='ocr_carea' id='block_1_67' title="bbox 1051 599 1835 642">
    <p class='ocr_par' dir='ltr' id='par_1_67' title="bbox 1051 599 1835 642">
     <span class='ocr_line' id='line_1_67' title="bbox 1051 599 1835 642; baseline -0.013 -9"><span class='ocrx_word' id='word_1_508' title='bbox 1051 606 1150 642; x_wconf 78' lang='grc' dir='ltr'>τηρίῳ,</span> <span class='ocrx_word' id='word_1_509' title='bbox 1174 605 1222 631; x_wconf 78' lang='grc' dir='ltr'>καὶ</span> <span class='ocrx_word' id='word_1_510' title='bbox 1238 604 1338 639; x_wconf 75' lang='grc' dir='ltr'>ἤρξατο</span> <span class='ocrx_word' id='word_1_511' title='bbox 1363 603 1493 638; x_wconf 74' lang='grc' dir='ltr'>κράζειν·</span> <span class='ocrx_word' id='word_1_512' title='bbox 1519 601 1587 628; x_wconf 84' lang='grc' dir='ltr'>Οὐαί</span> <span class='ocrx_word' id='word_1_513' title='bbox 1611 609 1656 635; x_wconf 84' lang='grc' dir='ltr'><strong>μοι</strong></span> <span class='ocrx_word' id='word_1_514' title='bbox 1678 599 1717 634; x_wconf 86' lang='grc' dir='ltr'>τῷ</span> <span class='ocrx_word' id='word_1_515' title='bbox 1739 599 1835 632; x_wconf 75' lang='grc' dir='ltr'>ἀθλίῳ,</span> 
     </span>
    </p>
   </div>
   <div class='ocr_carea' id='block_1_68' title="bbox 1052 641 1836 686">
    <p class='ocr_par' dir='ltr' id='par_1_68' title="bbox 1052 641 1836 686">
     <span class='ocr_line' id='line_1_68' title="bbox 1052 641 1836 686; baseline -0.014 -8"><span class='ocrx_word' id='word_1_516' title='bbox 1052 651 1119 686; x_wconf 82' lang='grc' dir='ltr'>τιμὴ</span> <span class='ocrx_word' id='word_1_517' title='bbox 1146 652 1194 677; x_wconf 75' lang='grc' dir='ltr'><strong>σὺν</strong></span> <span class='ocrx_word' id='word_1_518' title='bbox 1214 649 1292 684; x_wconf 77' lang='grc' dir='ltr'>ἐμοί’</span> <span class='ocrx_word' id='word_1_519' title='bbox 1316 649 1374 679; x_wconf 83' lang='grc' dir='ltr'>πῶς</span> <span class='ocrx_word' id='word_1_520' title='bbox 1391 648 1408 683; x_wconf 82' lang='grc' dir='ltr'><strong>ἦ</strong></span> <span class='ocrx_word' id='word_1_521' title='bbox 1434 647 1459 673; x_wconf 79' lang='grc' dir='ltr'><strong>τί</strong></span> <span class='ocrx_word' id='word_1_522' title='bbox 1482 646 1688 680; x_wconf 75' lang='grc' dir='ltr'><strong>ἀπολογήσομαι</strong></span> <span class='ocrx_word' id='word_1_523' title='bbox 1712 641 1836 678; x_wconf 73' lang='grc' dir='ltr'>περὶτοῦ</span> 
     </span>
    </p>
   </div>
   <div class='ocr_carea' id='block_1_69' title="bbox 1052 688 1839 732">
    <p class='ocr_par' dir='ltr' id='par_1_69' title="bbox 1052 688 1839 732">
     <span class='ocr_line' id='line_1_69' title="bbox 1052 688 1839 732; baseline -0.011 -9"><span class='ocrx_word' id='word_1_524' title='bbox 1052 696 1196 732; x_wconf 83' lang='grc' dir='ltr'>ἀνθρώπου</span> <span class='ocrx_word' id='word_1_525' title='bbox 1209 694 1304 721; x_wconf 76' lang='grc' dir='ltr'>τούτου</span> <span class='ocrx_word' id='word_1_526' title='bbox 1317 694 1363 721; x_wconf 77' lang='grc' dir='ltr'><strong>τοῦ</strong></span> <span class='ocrx_word' id='word_1_527' title='bbox 1383 694 1458 725; x_wconf 75' lang='grc' dir='ltr'>ὄντος</span> <span class='ocrx_word' id='word_1_528' title='bbox 1473 693 1565 719; x_wconf 73' lang='grc' dir='ltr'>ἐνθάδε</span> <span class='ocrx_word' id='word_1_529' title='bbox 1578 701 1585 725; x_wconf 84' lang='grc'>;</span> <span class='ocrx_word' id='word_1_530' title='bbox 1606 691 1658 717; x_wconf 74' lang='grc' dir='ltr'><strong>Καὶ</strong></span> <span class='ocrx_word' id='word_1_531' title='bbox 1670 688 1839 725; x_wconf 71' lang='grc' dir='ltr'><strong>παρακύψας</strong></span> 
     </span>
    </p>
   </div>
   <div class='ocr_carea' id='block_1_70' title="bbox 1054 734 1837 775">
    <p class='ocr_par' dir='ltr' id='par_1_70' title="bbox 1054 734 1837 775">
     <span class='ocr_line' id='line_1_70' title="bbox 1054 734 1837 775; baseline -0.013 -6"><span class='ocrx_word' id='word_1_532' title='bbox 1054 743 1107 769; x_wconf 80' lang='grc' dir='ltr'>ῐδεν</span> <span class='ocrx_word' id='word_1_533' title='bbox 1123 742 1169 768; x_wconf 74' lang='grc' dir='ltr'>τὸν</span> <span class='ocrx_word' id='word_1_534' title='bbox 1184 741 1263 774; x_wconf 73' lang='grc' dir='ltr'>ἅγιον</span> <span class='ocrx_word' id='word_1_535' title='bbox 1277 740 1412 775; x_wconf 83' lang='grc' dir='ltr'>στήκοντα</span> <span class='ocrx_word' id='word_1_536' title='bbox 1424 739 1472 765; x_wconf 79' lang='grc' dir='ltr'>καὶ</span> <span class='ocrx_word' id='word_1_537' title='bbox 1485 738 1632 772; x_wconf 78' lang='grc' dir='ltr'>ψάλλοντα,</span> <span class='ocrx_word' id='word_1_538' title='bbox 1650 736 1700 770; x_wconf 25' lang='grc' dir='ltr'>καὶ,</span> <span class='ocrx_word' id='word_1_539' title='bbox 1713 735 1758 761; x_wconf 72' lang='grc' dir='ltr'><strong>τον</strong></span> <span class='ocrx_word' id='word_1_540' title='bbox 1780 734 1837 760; x_wconf 78' lang='grc' dir='ltr'>υἱὸν</span> 
     </span>
    </p>
   </div>
   <div class='ocr_carea' id='block_1_71' title="bbox 1053 780 1838 821">
    <p class='ocr_par' dir='ltr' id='par_1_71' title="bbox 1053 780 1838 821">
     <span class='ocr_line' id='line_1_71' title="bbox 1053 780 1838 821; baseline -0.013 -6"><span class='ocrx_word' id='word_1_541' title='bbox 1053 787 1137 815; x_wconf 84' lang='grc' dir='ltr'>αὐτοῦ</span> <span class='ocrx_word' id='word_1_542' title='bbox 1153 787 1201 813; x_wconf 83' lang='grc' dir='ltr'>σὺν</span> <span class='ocrx_word' id='word_1_543' title='bbox 1214 786 1288 821; x_wconf 79' lang='grc' dir='ltr'>αὐτῷ</span> <span class='ocrx_word' id='word_1_544' title='bbox 1301 786 1349 813; x_wconf 72' lang='grc' dir='ltr'>καὶ</span> <span class='ocrx_word' id='word_1_545' title='bbox 1363 785 1408 812; x_wconf 74' lang='grc' dir='ltr'>’τὸν</span> <span class='ocrx_word' id='word_1_546' title='bbox 1423 783 1608 811; x_wconf 77' lang='grc' dir='ltr'>Πλατωνικὸν.</span> <span class='ocrx_word' id='word_1_547' title='bbox 1621 780 1675 808; x_wconf 85' lang='grc' dir='ltr'>Ἦν</span> <span class='ocrx_word' id='word_1_548' title='bbox 1692 781 1744 815; x_wconf 81' lang='grc' dir='ltr'>γὰρ</span> <span class='ocrx_word' id='word_1_549' title='bbox 1761 780 1808 806; x_wconf 76' lang='grc' dir='ltr'>καὶ</span> <span class='ocrx_word' id='word_1_550' title='bbox 1824 780 1838 805; x_wconf 82' lang='grc' dir='ltr'><strong><em>ὁ</em></strong></span> 
     </span>
    </p>
   </div>
   <div class='ocr_carea' id='block_1_72' title="bbox 1053 824 1838 865">
    <p class='ocr_par' dir='ltr' id='par_1_72' title="bbox 1053 824 1838 865">
     <span class='ocr_line' id='line_1_72' title="bbox 1053 824 1838 865; baseline -0.014 -5"><span class='ocrx_word' id='word_1_551' title='bbox 1053 834 1110 864; x_wconf 79' lang='grc' dir='ltr'>υἱὸς</span> <span class='ocrx_word' id='word_1_552' title='bbox 1118 832 1200 859; x_wconf 79' lang='grc' dir='ltr'>αὐτοῦ</span> <span class='ocrx_word' id='word_1_553' title='bbox 1209 830 1437 865; x_wconf 63' lang='grc' dir='ltr'>πεπαιδευμένος</span> <span class='ocrx_word' id='word_1_554' title='bbox 1447 829 1477 861; x_wconf 82' lang='grc' dir='ltr'><strong>ἒξ</strong></span> <span class='ocrx_word' id='word_1_555' title='bbox 1485 828 1520 862; x_wconf 78' lang='grc' dir='ltr'>γά</span> <span class='ocrx_word' id='word_1_556' title='bbox 1524 837 1540 864; x_wconf 89' lang='grc' dir='ltr'><strong>ρ</strong></span> <span class='ocrx_word' id='word_1_557' title='bbox 1551 828 1664 863; x_wconf 80' lang='grc' dir='ltr'>χρόνους</span> <span class='ocrx_word' id='word_1_558' title='bbox 1672 824 1744 860; x_wconf 74' lang='grc' dir='ltr'>εἶχεν</span> <span class='ocrx_word' id='word_1_559' title='bbox 1757 825 1838 852; x_wconf 75' lang='grc' dir='ltr'>ἐλαυ-</span> 
     </span>
    </p>
   </div>
   <div class='ocr_carea' id='block_1_73' title="bbox 1054 871 1840 913">
    <p class='ocr_par' dir='ltr' id='par_1_73' title="bbox 1054 871 1840 913">
     <span class='ocr_line' id='line_1_73' title="bbox 1054 871 1840 913; baseline -0.011 -8"><span class='ocrx_word' id='word_1_560' title='bbox 1054 879 1167 913; x_wconf 79' lang='grc' dir='ltr'>νόμενος</span> <span class='ocrx_word' id='word_1_561' title='bbox 1183 877 1235 904; x_wconf 75' lang='grc' dir='ltr'><strong>ὑπὸ</strong></span> <span class='ocrx_word' id='word_1_562' title='bbox 1249 876 1295 903; x_wconf 72' lang='grc' dir='ltr'><strong>τοῦ</strong></span> <span class='ocrx_word' id='word_1_563' title='bbox 1317 876 1454 910; x_wconf 80' lang='grc' dir='ltr'>δαίμονος.</span> <span class='ocrx_word' id='word_1_564' title='bbox 1469 874 1645 908; x_wconf 75' lang='grc' dir='ltr'>Σκεψᾱμενος</span> <span class='ocrx_word' id='word_1_565' title='bbox 1666 872 1694 898; x_wconf 79' lang='grc' dir='ltr'>δὲ</span> <span class='ocrx_word' id='word_1_566' title='bbox 1711 872 1724 897; x_wconf 79' lang='grc' dir='ltr'><strong>ὁ</strong></span> <span class='ocrx_word' id='word_1_567' title='bbox 1739 871 1840 905; x_wconf 84' lang='grc' dir='ltr'>δεσμο-</span> 
     </span>
    </p>
   </div>
   <div class='ocr_carea' id='block_1_74' title="bbox 1055 917 1841 959">
    <p class='ocr_par' dir='ltr' id='par_1_74' title="bbox 1055 917 1841 959">
     <span class='ocr_line' id='line_1_74' title="bbox 1055 917 1841 959; baseline -0.011 -9"><span class='ocrx_word' id='word_1_568' title='bbox 1055 923 1155 959; x_wconf 80' lang='grc' dir='ltr'><strong>φύλαξ,</strong></span> <span class='ocrx_word' id='word_1_569' title='bbox 1171 923 1218 950; x_wconf 74' lang='grc' dir='ltr'>καὶ</span> <span class='ocrx_word' id='word_1_570' title='bbox 1233 922 1371 957; x_wconf 79' lang='grc' dir='ltr'><strong>γνωρίσας</strong></span> <span class='ocrx_word' id='word_1_571' title='bbox 1385 921 1431 947; x_wconf 76' lang='grc' dir='ltr'><strong>τὸν</strong></span> <span class='ocrx_word' id='word_1_572' title='bbox 1449 920 1505 947; x_wconf 82' lang='grc' dir='ltr'>υἱὸν</span> <span class='ocrx_word' id='word_1_573' title='bbox 1519 919 1614 951; x_wconf 78' lang='grc' dir='ltr'>αὑτοῦ,</span> <span class='ocrx_word' id='word_1_574' title='bbox 1635 917 1774 953; x_wconf 77' lang='grc' dir='ltr'>δρομαίως</span> <span class='ocrx_word' id='word_1_575' title='bbox 1787 917 1841 941; x_wconf 74' lang='grc' dir='ltr'>εἰσ-ι</span> 
     </span>
    </p>
   </div>
   <div class='ocr_carea' id='block_1_75' title="bbox 1055 960 1840 1004">
    <p class='ocr_par' dir='ltr' id='par_1_75' title="bbox 1055 960 1840 1004">
     <span class='ocr_line' id='line_1_75' title="bbox 1055 960 1840 1004; baseline -0.009 -9"><span class='ocrx_word' id='word_1_576' title='bbox 1055 969 1140 996; x_wconf 88' lang='grc' dir='ltr'>ελθὼν</span> <span class='ocrx_word' id='word_1_577' title='bbox 1156 970 1184 994; x_wconf 77' lang='grc' dir='ltr'>ὲν</span> <span class='ocrx_word' id='word_1_578' title='bbox 1199 969 1233 1004; x_wconf 79' lang='grc' dir='ltr'>τῇ</span> <span class='ocrx_word' id='word_1_579' title='bbox 1248 967 1357 1003; x_wconf 84' lang='grc' dir='ltr'>φυλακῇ</span> <span class='ocrx_word' id='word_1_580' title='bbox 1370 987 1376 999; x_wconf 91' lang='grc'><strong>,</strong></span> <span class='ocrx_word' id='word_1_581' title='bbox 1399 966 1498 992; x_wconf 74' lang='grc' dir='ltr'>ἔπεσεν</span> <span class='ocrx_word' id='word_1_582' title='bbox 1513 965 1588 1000; x_wconf 79' lang='grc' dir='ltr'>παρὰ</span> <span class='ocrx_word' id='word_1_583' title='bbox 1607 965 1671 995; x_wconf 84' lang='grc' dir='ltr'>τοὺς</span> <span class='ocrx_word' id='word_1_584' title='bbox 1692 963 1775 993; x_wconf 75' lang='grc' dir='ltr'>πόδας</span> <span class='ocrx_word' id='word_1_585' title='bbox 1793 960 1840 988; x_wconf 78' lang='grc' dir='ltr'><strong>τοῦ</strong></span> 
     </span>
    </p>
   </div>
   <div class='ocr_carea' id='block_1_76' title="bbox 1056 1006 1841 1050">
    <p class='ocr_par' dir='ltr' id='par_1_76' title="bbox 1056 1006 1841 1050">
     <span class='ocr_line' id='line_1_76' title="bbox 1056 1006 1841 1050; baseline -0.011 -9"><span class='ocrx_word' id='word_1_586' title='bbox 1056 1014 1192 1050; x_wconf 78' lang='grc' dir='ltr'>μακαρίου</span> <span class='ocrx_word' id='word_1_587' title='bbox 1209 1013 1362 1049; x_wconf 84' lang='grc' dir='ltr'>Γρηγορίου</span> <span class='ocrx_word' id='word_1_588' title='bbox 1373 1031 1382 1044; x_wconf 87' lang='grc'><strong>,</strong></span> <span class='ocrx_word' id='word_1_589' title='bbox 1395 1011 1496 1038; x_wconf 83' lang='grc' dir='ltr'>κλαίων</span> <span class='ocrx_word' id='word_1_590' title='bbox 1522 1012 1568 1037; x_wconf 77' lang='grc' dir='ltr'>καὶ</span> <span class='ocrx_word' id='word_1_591' title='bbox 1585 1010 1690 1044; x_wconf 81' lang='grc' dir='ltr'>λέγων·</span> <span class='ocrx_word' id='word_1_592' title='bbox 1714 1006 1841 1042; x_wconf 84' lang='grc' dir='ltr'>Ἐλέησόν</span> 
     </span>
    </p>
   </div>
   <div class='ocr_carea' id='block_1_77' title="bbox 1056 1051 1845 1095">
    <p class='ocr_par' dir='ltr' id='par_1_77' title="bbox 1056 1051 1845 1095">
     <span class='ocr_line' id='line_1_77' title="bbox 1056 1051 1845 1095; baseline -0.01 -8"><span class='ocrx_word' id='word_1_593' title='bbox 1056 1070 1101 1095; x_wconf 88' lang='grc' dir='ltr'><strong>με,</strong></span> <span class='ocrx_word' id='word_1_594' title='bbox 1118 1060 1194 1087; x_wconf 81' lang='grc' dir='ltr'>δοῦλε</span> <span class='ocrx_word' id='word_1_595' title='bbox 1210 1060 1257 1086; x_wconf 86' lang='grc' dir='ltr'><strong>τοῦ</strong></span> <span class='ocrx_word' id='word_1_596' title='bbox 1270 1058 1350 1090; x_wconf 83' lang='grc' dir='ltr'>Θεοῦ,</span> <span class='ocrx_word' id='word_1_597' title='bbox 1372 1058 1419 1084; x_wconf 72' lang='grc' dir='ltr'>καὶ</span> <span class='ocrx_word' id='word_1_598' title='bbox 1440 1056 1617 1092; x_wconf 80' lang='grc' dir='ltr'>συγχώρησόν</span> <span class='ocrx_word' id='word_1_599' title='bbox 1635 1064 1679 1090; x_wconf 87' lang='grc' dir='ltr'>μοι.</span> <span class='ocrx_word' id='word_1_600' title='bbox 1701 1054 1719 1081; x_wconf 75' lang='grc' dir='ltr'>ἃ</span> <span class='ocrx_word' id='word_1_601' title='bbox 1734 1051 1845 1088; x_wconf 74' lang='grc' dir='ltr'>ἔπραξα.</span> 
     </span>
    </p>
   </div>
   <div class='ocr_carea' id='block_1_78' title="bbox 1055 1101 1842 1141">
    <p class='ocr_par' dir='ltr' id='par_1_78' title="bbox 1055 1101 1842 1141">
     <span class='ocr_line' id='line_1_78' title="bbox 1055 1101 1842 1141; baseline -0.013 -5"><span class='ocrx_word' id='word_1_602' title='bbox 1055 1110 1095 1141; x_wconf 79' lang='grc' dir='ltr'>εἰς</span> <span class='ocrx_word' id='word_1_603' title='bbox 1110 1109 1156 1135; x_wconf 82' lang='grc' dir='ltr'><strong>σέ·</strong></span> <span class='ocrx_word' id='word_1_604' title='bbox 1169 1108 1217 1134; x_wconf 76' lang='grc' dir='ltr'>καὶ</span> <span class='ocrx_word' id='word_1_605' title='bbox 1229 1107 1362 1134; x_wconf 77' lang='grc' dir='ltr'>ὲπέὃαλον</span> <span class='ocrx_word' id='word_1_606' title='bbox 1377 1106 1423 1132; x_wconf 71' lang='grc' dir='ltr'><strong>ἐπὶ</strong></span> <span class='ocrx_word' id='word_1_607' title='bbox 1437 1105 1501 1136; x_wconf 83' lang='grc' dir='ltr'>τοὺς</span> <span class='ocrx_word' id='word_1_608' title='bbox 1518 1104 1634 1139; x_wconf 77' lang='grc' dir='ltr'>δεσμούς</span> <span class='ocrx_word' id='word_1_609' title='bbox 1656 1111 1703 1128; x_wconf 88' lang='grc' dir='ltr'><strong>σου</strong></span> <span class='ocrx_word' id='word_1_610' title='bbox 1722 1101 1771 1132; x_wconf 81' lang='grc' dir='ltr'><strong>τὰς</strong></span> <span class='ocrx_word' id='word_1_611' title='bbox 1785 1101 1842 1135; x_wconf 70' lang='grc' dir='ltr'>χεῖ-</span> 
     </span>
    </p>
   </div>
   <div class='ocr_carea' id='block_1_79' title="bbox 1057 1146 1842 1190">
    <p class='ocr_par' dir='ltr' id='par_1_79' title="bbox 1057 1146 1842 1190">
     <span class='ocr_line' id='line_1_79' title="bbox 1057 1146 1842 1190; baseline -0.013 -9"><span class='ocrx_word' id='word_1_612' title='bbox 1057 1155 1106 1190; x_wconf 84' lang='grc' dir='ltr'><strong>ράς</strong></span> <span class='ocrx_word' id='word_1_613' title='bbox 1124 1163 1185 1190; x_wconf 88' lang='grc' dir='ltr'>μου.</span> <span class='ocrx_word' id='word_1_614' title='bbox 1207 1152 1330 1188; x_wconf 78' lang='grc' dir='ltr'>Ἀληοῶς</span> <span class='ocrx_word' id='word_1_615' title='bbox 1343 1151 1410 1186; x_wconf 87' lang='grc' dir='ltr'>γὰρ,</span> <span class='ocrx_word' id='word_1_616' title='bbox 1423 1150 1503 1185; x_wconf 86' lang='grc' dir='ltr'>κύριέ</span> <span class='ocrx_word' id='word_1_617' title='bbox 1521 1158 1584 1184; x_wconf 75' lang='grc' dir='ltr'>μου,</span> <span class='ocrx_word' id='word_1_618' title='bbox 1597 1148 1644 1176; x_wconf 80' lang='grc' dir='ltr'><strong>τοῦ</strong></span> <span class='ocrx_word' id='word_1_619' title='bbox 1658 1147 1724 1173; x_wconf 82' lang='grc' dir='ltr'><strong>Θεοῦ</strong></span> <span class='ocrx_word' id='word_1_620' title='bbox 1736 1146 1842 1180; x_wconf 70' lang='grc' dir='ltr'>ἄνθρω-</span> 
     </span>
    </p>
   </div>
   <div class='ocr_carea' id='block_1_80' title="bbox 1054 1192 1843 1238">
    <p class='ocr_par' dir='ltr' id='par_1_80' title="bbox 1054 1192 1843 1238">
     <span class='ocr_line' id='line_1_80' title="bbox 1054 1192 1843 1238; baseline -0.014 -8"><span class='ocrx_word' id='word_1_621' title='bbox 1054 1201 1088 1238; x_wconf 78' lang='grc' dir='ltr'>ἦν</span> <span class='ocrx_word' id='word_1_622' title='bbox 1117 1200 1296 1237; x_wconf 75' lang='grc' dir='ltr'><strong>ἐξυπηρετῶν</strong></span> <span class='ocrx_word' id='word_1_623' title='bbox 1321 1200 1336 1225; x_wconf 84' lang='grc' dir='ltr'>ὁ</span> <span class='ocrx_word' id='word_1_624' title='bbox 1360 1197 1534 1233; x_wconf 78' lang='grc' dir='ltr'><strong>δεσμοφύλαξ</strong></span> <span class='ocrx_word' id='word_1_625' title='bbox 1558 1196 1597 1231; x_wconf 82' lang='grc' dir='ltr'><strong>τῷ</strong></span> <span class='ocrx_word' id='word_1_626' title='bbox 1624 1195 1768 1230; x_wconf 81' lang='grc' dir='ltr'>μακαρίῳ,</span> <span class='ocrx_word' id='word_1_627' title='bbox 1795 1192 1843 1220; x_wconf 65' lang='grc' dir='ltr'><strong>καὶ</strong></span> 
     </span>
    </p>
   </div>
   <div class='ocr_carea' id='block_1_81' title="bbox 1089 1281 1847 1325">
    <p class='ocr_par' dir='ltr' id='par_1_81' title="bbox 1089 1281 1847 1325">
     <span class='ocr_line' id='line_1_81' title="bbox 1089 1281 1847 1325; baseline -0.016 -5"><span class='ocrx_word' id='word_1_628' title='bbox 1089 1293 1148 1320; x_wconf 85' lang='grc' dir='ltr'><strong>ΞΕ’.</strong></span> <span class='ocrx_word' id='word_1_629' title='bbox 1162 1292 1240 1320; x_wconf 83' lang='grc' dir='ltr'><strong>Μετὰ</strong></span> <span class='ocrx_word' id='word_1_630' title='bbox 1258 1291 1287 1318; x_wconf 81' lang='grc' dir='ltr'>δὲ</span> <span class='ocrx_word' id='word_1_631' title='bbox 1307 1291 1390 1317; x_wconf 84' lang='grc' dir='ltr'>πολὺν</span> <span class='ocrx_word' id='word_1_632' title='bbox 1413 1289 1506 1325; x_wconf 85' lang='grc' dir='ltr'>χρόνον</span> <span class='ocrx_word' id='word_1_633' title='bbox 1521 1287 1640 1317; x_wconf 74' lang='grc' dir='ltr'>ἀκούσας</span> <span class='ocrx_word' id='word_1_634' title='bbox 1659 1293 1701 1316; x_wconf 78' lang='grc' dir='ltr'><strong>τις</strong></span> <span class='ocrx_word' id='word_1_635' title='bbox 1719 1284 1791 1319; x_wconf 81' lang='grc' dir='ltr'>χήρα</span> <span class='ocrx_word' id='word_1_636' title='bbox 1808 1281 1847 1308; x_wconf 71' lang='grc' dir='ltr'>θεά</span> 
     </span>
    </p>
   </div>
   <div class='ocr_carea' id='block_1_82' title="bbox 1056 1329 1844 1375">
    <p class='ocr_par' dir='ltr' id='par_1_82' title="bbox 1056 1329 1844 1375">
     <span class='ocr_line' id='line_1_82' title="bbox 1056 1329 1844 1375; baseline -0.015 -9"><span class='ocrx_word' id='word_1_637' title='bbox 1056 1340 1169 1375; x_wconf 78' lang='grc' dir='ltr'>σημεῖα,</span> <span class='ocrx_word' id='word_1_638' title='bbox 1186 1338 1205 1365; x_wconf 75' lang='grc' dir='ltr'>ἃ</span> <span class='ocrx_word' id='word_1_639' title='bbox 1221 1337 1308 1364; x_wconf 75' lang='grc' dir='ltr'>ἐποίει</span> <span class='ocrx_word' id='word_1_640' title='bbox 1331 1337 1346 1363; x_wconf 86' lang='grc' dir='ltr'><strong>ὁ</strong></span> <span class='ocrx_word' id='word_1_641' title='bbox 1369 1336 1515 1371; x_wconf 84' lang='grc' dir='ltr'>μακάριος,</span> <span class='ocrx_word' id='word_1_642' title='bbox 1532 1334 1579 1360; x_wconf 82' lang='grc' dir='ltr'>καὶ</span> <span class='ocrx_word' id='word_1_643' title='bbox 1601 1331 1742 1367; x_wconf 82' lang='grc' dir='ltr'>δραμοῦσα</span> <span class='ocrx_word' id='word_1_644' title='bbox 1763 1329 1844 1375; x_wconf 16' lang='grc' dir='ltr'>ὲνντῇ</span> 
     </span>
    </p>
   </div>
   <div class='ocr_carea' id='block_1_83' title="bbox 1057 1373 1845 1420">
    <p class='ocr_par' dir='ltr' id='par_1_83' title="bbox 1057 1373 1845 1420">
     <span class='ocr_line' id='line_1_83' title="bbox 1057 1373 1845 1420; baseline -0.015 -9"><span class='ocrx_word' id='word_1_645' title='bbox 1057 1373 1177 1420; x_wconf 79' lang='grc' dir='ltr'>φυλακῇ,</span> <span class='ocrx_word' id='word_1_646' title='bbox 1198 1382 1349 1418; x_wconf 83' lang='grc' dir='ltr'>παρεκάλει</span> <span class='ocrx_word' id='word_1_647' title='bbox 1366 1381 1412 1408; x_wconf 81' lang='grc' dir='ltr'>τὸν</span> <span class='ocrx_word' id='word_1_648' title='bbox 1433 1379 1567 1416; x_wconf 79' lang='grc' dir='ltr'>μακάριον</span> <span class='ocrx_word' id='word_1_649' title='bbox 1584 1378 1717 1404; x_wconf 85' lang='grc' dir='ltr'>κλαίουσα</span> <span class='ocrx_word' id='word_1_650' title='bbox 1739 1375 1787 1402; x_wconf 74' lang='grc' dir='ltr'>καὶ</span> <span class='ocrx_word' id='word_1_651' title='bbox 1801 1373 1845 1400; x_wconf 81' lang='grc' dir='ltr'><strong>λέ-</strong></span> 
     </span>
    </p>
   </div>
   <div class='ocr_carea' id='block_1_84' title="bbox 1057 1421 1845 1464">
    <p class='ocr_par' dir='ltr' id='par_1_84' title="bbox 1057 1421 1845 1464">
     <span class='ocr_line' id='line_1_84' title="bbox 1057 1421 1845 1464; baseline -0.016 -7"><span class='ocrx_word' id='word_1_652' title='bbox 1057 1437 1159 1464; x_wconf 86' lang='grc' dir='ltr'>γουσα·</span> <span class='ocrx_word' id='word_1_653' title='bbox 1177 1428 1259 1455; x_wconf 83' lang='grc' dir='ltr'>Δοῦλε</span> <span class='ocrx_word' id='word_1_654' title='bbox 1272 1426 1319 1454; x_wconf 88' lang='grc' dir='ltr'><strong>τοῦ</strong></span> <span class='ocrx_word' id='word_1_655' title='bbox 1333 1426 1412 1458; x_wconf 87' lang='grc' dir='ltr'>Θεοῦ,</span> <span class='ocrx_word' id='word_1_656' title='bbox 1428 1424 1574 1460; x_wconf 82' lang='grc' dir='ltr'>θυγάτριόν</span> <span class='ocrx_word' id='word_1_657' title='bbox 1598 1431 1643 1458; x_wconf 87' lang='grc' dir='ltr'><strong>μοι</strong></span> <span class='ocrx_word' id='word_1_658' title='bbox 1662 1421 1779 1455; x_wconf 82' lang='grc' dir='ltr'>ὑπάρχει</span> <span class='ocrx_word' id='word_1_659' title='bbox 1796 1427 1845 1453; x_wconf 83' lang='grc' dir='ltr'>μο-</span> 
     </span>
    </p>
   </div>
   <div class='ocr_carea' id='block_1_85' title="bbox 1058 1466 1847 1510">
    <p class='ocr_par' dir='ltr' id='par_1_85' title="bbox 1058 1466 1847 1510">
     <span class='ocr_line' id='line_1_85' title="bbox 1058 1466 1847 1510; baseline -0.018 -7"><span class='ocrx_word' id='word_1_660' title='bbox 1058 1476 1177 1510; x_wconf 82' lang='grc' dir='ltr'>νογενὲς,</span> <span class='ocrx_word' id='word_1_661' title='bbox 1197 1475 1244 1502; x_wconf 77' lang='grc' dir='ltr'>καὶ</span> <span class='ocrx_word' id='word_1_662' title='bbox 1264 1474 1338 1500; x_wconf 77' lang='grc' dir='ltr'>ἐστιν</span> <span class='ocrx_word' id='word_1_663' title='bbox 1360 1471 1555 1506; x_wconf 86' lang='grc' dir='ltr'>συγκύπτουσα</span> <span class='ocrx_word' id='word_1_664' title='bbox 1574 1469 1628 1500; x_wconf 70' lang='grc' dir='ltr'>ἀεὶ,</span> <span class='ocrx_word' id='word_1_665' title='bbox 1654 1467 1701 1493; x_wconf 81' lang='grc' dir='ltr'>καὶ</span> <span class='ocrx_word' id='word_1_666' title='bbox 1726 1466 1763 1500; x_wconf 84' lang='grc' dir='ltr'>μὴ</span> <span class='ocrx_word' id='word_1_667' title='bbox 1779 1466 1847 1491; x_wconf 82' lang='grc' dir='ltr'>ἁνα-</span> 
     </span>
    </p>
   </div>
   <div class='ocr_carea' id='block_1_86' title="bbox 1059 1509 1849 1551">
    <p class='ocr_par' dir='ltr' id='par_1_86' title="bbox 1059 1509 1849 1551">
     <span class='ocr_line' id='line_1_86' title="bbox 1059 1509 1849 1551; baseline -0.019 -2"><span class='ocrx_word' id='word_1_668' title='bbox 1059 1522 1175 1549; x_wconf 83' lang='grc' dir='ltr'>νεύουσα</span> <span class='ocrx_word' id='word_1_669' title='bbox 1188 1521 1218 1548; x_wconf 83' lang='grc' dir='ltr'><strong>τὸ</strong></span> <span class='ocrx_word' id='word_1_670' title='bbox 1235 1519 1354 1547; x_wconf 84' lang='grc' dir='ltr'>σύνολον,</span> <span class='ocrx_word' id='word_1_671' title='bbox 1377 1518 1406 1545; x_wconf 88' lang='lat'><strong>&#39;0</strong></span> <span class='ocrx_word' id='word_1_672' title='bbox 1421 1518 1450 1544; x_wconf 83' lang='grc' dir='ltr'>δὲ</span> <span class='ocrx_word' id='word_1_673' title='bbox 1467 1518 1543 1551; x_wconf 73' lang='grc' dir='ltr'>ἅγιος</span> <span class='ocrx_word' id='word_1_674' title='bbox 1558 1514 1632 1547; x_wconf 79' lang='grc' dir='ltr'>λέγει</span> <span class='ocrx_word' id='word_1_675' title='bbox 1648 1513 1716 1546; x_wconf 80' lang='grc' dir='ltr'>αὐτῇ</span> <span class='ocrx_word' id='word_1_676' title='bbox 1727 1520 1733 1526; x_wconf 91' lang='grc'><strong>·</strong></span> <span class='ocrx_word' id='word_1_677' title='bbox 1751 1509 1849 1539; x_wconf 79' lang='grc' dir='ltr'>Τοῦτο,</span> 
     </span>
    </p>
   </div>
   <div class='ocr_carea' id='block_1_87' title="bbox 1060 1555 1849 1602">
    <p class='ocr_par' dir='ltr' id='par_1_87' title="bbox 1060 1555 1849 1602">
     <span class='ocr_line' id='line_1_87' title="bbox 1060 1555 1849 1602; baseline -0.018 -8"><span class='ocrx_word' id='word_1_678' title='bbox 1060 1567 1151 1602; x_wconf 86' lang='grc' dir='ltr'>γύναι,</span> <span class='ocrx_word' id='word_1_679' title='bbox 1174 1565 1222 1592; x_wconf 90' lang='grc' dir='ltr'><strong>τοῦ</strong></span> <span class='ocrx_word' id='word_1_680' title='bbox 1245 1564 1312 1592; x_wconf 83' lang='grc' dir='ltr'>Θεοῦ</span> <span class='ocrx_word' id='word_1_681' title='bbox 1336 1565 1417 1599; x_wconf 79' lang='grc' dir='ltr'>μόνου</span> <span class='ocrx_word' id='word_1_682' title='bbox 1436 1563 1516 1598; x_wconf 83' lang='grc' dir='ltr'>ἔργον</span> <span class='ocrx_word' id='word_1_683' title='bbox 1540 1560 1626 1591; x_wconf 71' lang='grc' dir='ltr'>ἐστὶν,</span> <span class='ocrx_word' id='word_1_684' title='bbox 1648 1558 1688 1593; x_wconf 80' lang='grc' dir='ltr'>τῷ</span> <span class='ocrx_word' id='word_1_685' title='bbox 1704 1555 1849 1591; x_wconf 74' lang='grc' dir='ltr'>δυναμένῳ</span> 
     </span>
    </p>
   </div>
   <div class='ocr_carea' id='block_1_88' title="bbox 1062 1601 1850 1646">
    <p class='ocr_par' dir='ltr' id='par_1_88' title="bbox 1062 1601 1850 1646">
     <span class='ocr_line' id='line_1_88' title="bbox 1062 1601 1850 1646; baseline -0.016 -7"><span class='ocrx_word' id='word_1_686' title='bbox 1062 1612 1148 1639; x_wconf 84' lang='grc' dir='ltr'>σῶσαι</span> <span class='ocrx_word' id='word_1_687' title='bbox 1159 1612 1241 1646; x_wconf 82' lang='grc' dir='ltr'>λόγῳ,</span> <span class='ocrx_word' id='word_1_688' title='bbox 1254 1610 1292 1642; x_wconf 83' lang='grc' dir='ltr'>ὡς</span> <span class='ocrx_word' id='word_1_689' title='bbox 1306 1610 1353 1637; x_wconf 85' lang='grc' dir='ltr'><strong>καί</strong></span> <span class='ocrx_word' id='word_1_690' title='bbox 1368 1617 1433 1636; x_wconf 82' lang='grc' dir='ltr'>ποτε</span> <span class='ocrx_word' id='word_1_691' title='bbox 1443 1608 1492 1641; x_wconf 87' lang='grc' dir='ltr'>τὴν</span> <span class='ocrx_word' id='word_1_692' title='bbox 1507 1606 1714 1640; x_wconf 81' lang='grc' dir='ltr'>συγκύπτουσαν</span> <span class='ocrx_word' id='word_1_693' title='bbox 1729 1601 1850 1636; x_wconf 75' lang='grc' dir='ltr'><strong>ἀνόρθω-</strong></span> 
     </span>
    </p>
   </div>
   <div class='ocr_carea' id='block_1_89' title="bbox 1063 1646 1849 1692">
    <p class='ocr_par' dir='ltr' id='par_1_89' title="bbox 1063 1646 1849 1692">
     <span class='ocr_line' id='line_1_89' title="bbox 1063 1646 1849 1692; baseline -0.018 -7"><span class='ocrx_word' id='word_1_694' title='bbox 1063 1666 1108 1685; x_wconf 88' lang='grc' dir='ltr'><strong>σεν</strong></span> <span class='ocrx_word' id='word_1_695' title='bbox 1122 1658 1250 1692; x_wconf 86' lang='grc' dir='ltr'>γυναῖκα.</span> <span class='ocrx_word' id='word_1_696' title='bbox 1273 1654 1441 1681; x_wconf 78' lang='grc' dir='ltr'>Ἀπελθοῦσα</span> <span class='ocrx_word' id='word_1_697' title='bbox 1456 1652 1484 1679; x_wconf 76' lang='grc' dir='ltr'>δὲ</span> <span class='ocrx_word' id='word_1_698' title='bbox 1497 1653 1513 1688; x_wconf 88' lang='grc' dir='ltr'><strong>ἡ</strong></span> <span class='ocrx_word' id='word_1_699' title='bbox 1525 1652 1606 1686; x_wconf 78' lang='grc' dir='ltr'>γυνὴ,</span> <span class='ocrx_word' id='word_1_700' title='bbox 1620 1651 1723 1690; x_wconf 78' lang='grc' dir='ltr'>ἤγαγεν</span> <span class='ocrx_word' id='word_1_701' title='bbox 1735 1647 1785 1682; x_wconf 84' lang='grc' dir='ltr'>τὴν</span> <span class='ocrx_word' id='word_1_702' title='bbox 1798 1646 1833 1692; x_wconf 61' lang='lat' dir='ltr'><strong>tiu</strong></span> <span class='ocrx_word' id='word_1_703' title='bbox 1842 1659 1849 1665; x_wconf 92' lang='lat'><strong>-</strong></span> 
     </span>
    </p>
   </div>
   <div class='ocr_carea' id='block_1_90' title="bbox 1063 1691 1850 1739">
    <p class='ocr_par' dir='ltr' id='par_1_90' title="bbox 1063 1691 1850 1739">
     <span class='ocr_line' id='line_1_90' title="bbox 1063 1691 1850 1739; baseline -0.019 -8"><span class='ocrx_word' id='word_1_704' title='bbox 1063 1691 1166 1739; x_wconf 73' lang='grc' dir='ltr'>γατέρα</span> <span class='ocrx_word' id='word_1_705' title='bbox 1179 1703 1263 1737; x_wconf 84' lang='grc' dir='ltr'>αὐτῆς</span> <span class='ocrx_word' id='word_1_706' title='bbox 1275 1700 1351 1736; x_wconf 73' lang='grc' dir='ltr'>παρὰ</span> <span class='ocrx_word' id='word_1_707' title='bbox 1363 1700 1425 1731; x_wconf 78' lang='grc' dir='ltr'>τοὺς</span> <span class='ocrx_word' id='word_1_708' title='bbox 1439 1698 1522 1729; x_wconf 81' lang='grc' dir='ltr'>πόδας</span> <span class='ocrx_word' id='word_1_709' title='bbox 1535 1696 1582 1724; x_wconf 86' lang='grc' dir='ltr'><strong>τοῦ</strong></span> <span class='ocrx_word' id='word_1_710' title='bbox 1595 1696 1672 1730; x_wconf 74' lang='grc' dir='ltr'>άγὲου</span> <span class='ocrx_word' id='word_1_711' title='bbox 1684 1691 1850 1739; x_wconf 40' lang='grc' dir='ltr'>Γρηγορίουρ</span> 
     </span>
    </p>
   </div>
   <div class='ocr_carea' id='block_1_91' title="bbox 1063 1736 1853 1783">
    <p class='ocr_par' dir='ltr' id='par_1_91' title="bbox 1063 1736 1853 1783">
     <span class='ocr_line' id='line_1_91' title="bbox 1063 1736 1853 1783; baseline -0.019 -7"><span class='ocrx_word' id='word_1_712' title='bbox 1063 1736 1112 1776; x_wconf 76' lang='grc' dir='ltr'>καὶ</span> <span class='ocrx_word' id='word_1_713' title='bbox 1128 1736 1277 1783; x_wconf 77' lang='grc' dir='ltr'>παρεκάλει</span> <span class='ocrx_word' id='word_1_714' title='bbox 1291 1746 1380 1777; x_wconf 76' lang='grc' dir='ltr'>αὑτὸν,</span> <span class='ocrx_word' id='word_1_715' title='bbox 1400 1745 1473 1775; x_wconf 81' lang='grc' dir='ltr'>ὅπως</span> <span class='ocrx_word' id='word_1_716' title='bbox 1496 1742 1643 1776; x_wconf 69' lang='grc' dir='ltr'>ἐπεύξηται</span> <span class='ocrx_word' id='word_1_717' title='bbox 1668 1740 1746 1773; x_wconf 76' lang='grc' dir='ltr'>αὐτῇ.</span> <span class='ocrx_word' id='word_1_718' title='bbox 1768 1738 1796 1763; x_wconf 89' lang='lat'><strong>&#39;0</strong></span> <span class='ocrx_word' id='word_1_719' title='bbox 1823 1736 1853 1762; x_wconf 75' lang='grc' dir='ltr'>δὲ</span> 
     </span>
    </p>
   </div>
   <div class='ocr_carea' id='block_1_92' title="bbox 1064 1783 1851 1826">
    <p class='ocr_par' dir='ltr' id='par_1_92' title="bbox 1064 1783 1851 1826">
     <span class='ocr_line' id='line_1_92' title="bbox 1064 1783 1851 1826; baseline -0.018 -5"><span class='ocrx_word' id='word_1_720' title='bbox 1064 1795 1158 1825; x_wconf 83' lang='grc' dir='ltr'>κλίνας</span> <span class='ocrx_word' id='word_1_721' title='bbox 1178 1794 1212 1819; x_wconf 84' lang='grc' dir='ltr'><strong>τὰ</strong></span> <span class='ocrx_word' id='word_1_722' title='bbox 1233 1793 1335 1826; x_wconf 84' lang='grc' dir='ltr'>γόνατα</span> <span class='ocrx_word' id='word_1_723' title='bbox 1354 1789 1449 1822; x_wconf 81' lang='grc' dir='ltr'>αὑτοῦ,</span> <span class='ocrx_word' id='word_1_724' title='bbox 1464 1789 1585 1815; x_wconf 82' lang='grc' dir='ltr'>ἱκέτευεν</span> <span class='ocrx_word' id='word_1_725' title='bbox 1600 1786 1644 1813; x_wconf 70' lang='grc' dir='ltr'><strong>τὸν</strong></span> <span class='ocrx_word' id='word_1_726' title='bbox 1656 1785 1733 1816; x_wconf 72' lang='grc' dir='ltr'>Θεὸν,</span> <span class='ocrx_word' id='word_1_727' title='bbox 1749 1783 1851 1816; x_wconf 77' lang='grc' dir='ltr'>λέγων’</span> 
     </span>
    </p>
   </div>
   <div class='ocr_carea' id='block_1_93' title="bbox 1065 1829 1855 1874">
    <p class='ocr_par' dir='ltr' id='par_1_93' title="bbox 1065 1829 1855 1874">
     <span class='ocr_line' id='line_1_93' title="bbox 1065 1829 1855 1874; baseline -0.018 -8"><span class='ocrx_word' id='word_1_728' title='bbox 1065 1838 1153 1874; x_wconf 82' lang='grc' dir='ltr'>Κύριε</span> <span class='ocrx_word' id='word_1_729' title='bbox 1172 1840 1185 1865; x_wconf 84' lang='grc' dir='ltr'><strong>ὸ</strong></span> <span class='ocrx_word' id='word_1_730' title='bbox 1200 1838 1265 1869; x_wconf 74' lang='grc' dir='ltr'>Θεὸς</span> <span class='ocrx_word' id='word_1_731' title='bbox 1282 1835 1492 1870; x_wconf 81' lang='grc' dir='ltr'>παντοκράτωρ,</span> <span class='ocrx_word' id='word_1_732' title='bbox 1506 1833 1519 1859; x_wconf 81' lang='grc' dir='ltr'>ὁ</span> <span class='ocrx_word' id='word_1_733' title='bbox 1538 1832 1617 1868; x_wconf 81' lang='grc' dir='ltr'>μόνος</span> <span class='ocrx_word' id='word_1_734' title='bbox 1632 1831 1708 1864; x_wconf 70' lang='grc' dir='ltr'>ἅγιος</span> <span class='ocrx_word' id='word_1_735' title='bbox 1725 1829 1772 1874; x_wconf 72' lang='grc' dir='ltr'>καὶ</span> <span class='ocrx_word' id='word_1_736' title='bbox 1785 1829 1855 1874; x_wconf 47' lang='grc' dir='ltr'>ἀκαῖ</span> 
     </span>
    </p>
   </div>
   <div class='ocr_carea' id='block_1_94' title="bbox 1066 1871 1854 1920">
    <p class='ocr_par' dir='ltr' id='par_1_94' title="bbox 1066 1871 1854 1920">
     <span class='ocr_line' id='line_1_94' title="bbox 1066 1871 1854 1920; baseline -0.019 -9"><span class='ocrx_word' id='word_1_737' title='bbox 1066 1871 1214 1920; x_wconf 76' lang='grc' dir='ltr'>τάληπτος,</span> <span class='ocrx_word' id='word_1_738' title='bbox 1231 1883 1244 1909; x_wconf 88' lang='grc' dir='ltr'>ὁ</span> <span class='ocrx_word' id='word_1_739' title='bbox 1259 1881 1343 1908; x_wconf 85' lang='grc' dir='ltr'>ποιῶν</span> <span class='ocrx_word' id='word_1_740' title='bbox 1361 1880 1502 1915; x_wconf 83' lang='grc' dir='ltr'>θαυμάσια</span> <span class='ocrx_word' id='word_1_741' title='bbox 1518 1877 1633 1913; x_wconf 85' lang='grc' dir='ltr'>μεγάλα,</span> <span class='ocrx_word' id='word_1_742' title='bbox 1648 1873 1793 1908; x_wconf 69' lang='grc' dir='ltr'>ὲπὶϐλεψον</span> <span class='ocrx_word' id='word_1_743' title='bbox 1808 1871 1854 1897; x_wconf 74' lang='grc' dir='ltr'><strong>ἐπὶ</strong></span> 
     </span>
    </p>
   </div>
   <div class='ocr_carea' id='block_1_95' title="bbox 1066 1918 1856 1966">
    <p class='ocr_par' dir='ltr' id='par_1_95' title="bbox 1066 1918 1856 1966">
     <span class='ocr_line' id='line_1_95' title="bbox 1066 1918 1856 1966; baseline -0.019 -8"><span class='ocrx_word' id='word_1_744' title='bbox 1066 1931 1116 1966; x_wconf 85' lang='grc' dir='ltr'>τὴν</span> <span class='ocrx_word' id='word_1_745' title='bbox 1136 1928 1291 1966; x_wconf 77' lang='grc' dir='ltr'>προσευχὴν</span> <span class='ocrx_word' id='word_1_746' title='bbox 1309 1926 1355 1953; x_wconf 84' lang='grc' dir='ltr'><strong>τοῦ</strong></span> <span class='ocrx_word' id='word_1_747' title='bbox 1369 1926 1463 1953; x_wconf 83' lang='grc' dir='ltr'>δούλου</span> <span class='ocrx_word' id='word_1_748' title='bbox 1481 1933 1540 1955; x_wconf 85' lang='grc' dir='ltr'>σου,</span> <span class='ocrx_word' id='word_1_749' title='bbox 1553 1923 1600 1949; x_wconf 78' lang='grc' dir='ltr'>καὶ</span> <span class='ocrx_word' id='word_1_750' title='bbox 1616 1922 1691 1948; x_wconf 79' lang='grc' dir='ltr'>ἴασαι</span> <span class='ocrx_word' id='word_1_751' title='bbox 1706 1919 1757 1955; x_wconf 87' lang='grc' dir='ltr'>τὴν</span> <span class='ocrx_word' id='word_1_752' title='bbox 1772 1918 1856 1945; x_wconf 77' lang='grc' dir='ltr'>παῖδα</span> 
     </span>
    </p>
   </div>
   <div class='ocr_carea' id='block_1_96' title="bbox 1068 1962 1855 2010">
    <p class='ocr_par' dir='ltr' id='par_1_96' title="bbox 1068 1962 1855 2010">
     <span class='ocr_line' id='line_1_96' title="bbox 1068 1962 1855 2010; baseline -0.02 -7"><span class='ocrx_word' id='word_1_753' title='bbox 1068 1975 1170 2010; x_wconf 84' lang='grc' dir='ltr'>ταύτην</span> <span class='ocrx_word' id='word_1_754' title='bbox 1190 1976 1223 2010; x_wconf 88' lang='grc' dir='ltr'>τῇ</span> <span class='ocrx_word' id='word_1_755' title='bbox 1238 1973 1352 2008; x_wconf 75' lang='grc' dir='ltr'>δυνάμει</span> <span class='ocrx_word' id='word_1_756' title='bbox 1367 1980 1413 1998; x_wconf 86' lang='grc' dir='ltr'><strong>σου</strong></span> <span class='ocrx_word' id='word_1_757' title='bbox 1437 1971 1473 2006; x_wconf 77' lang='grc' dir='ltr'>τῇ</span> <span class='ocrx_word' id='word_1_758' title='bbox 1488 1968 1595 2004; x_wconf 80' lang='grc' dir='ltr'>ἀοράτῳ</span> <span class='ocrx_word' id='word_1_759' title='bbox 1617 1967 1664 1993; x_wconf 78' lang='grc' dir='ltr'>καὶ</span> <span class='ocrx_word' id='word_1_760' title='bbox 1682 1962 1855 1999; x_wconf 79' lang='grc' dir='ltr'>πνευματικῇ</span> 
     </span>
    </p>
   </div>
   <div class='ocr_carea' id='block_1_97' title="bbox 1069 2009 1856 2060">
    <p class='ocr_par' dir='ltr' id='par_1_97' title="bbox 1069 2009 1856 2060">
     <span class='ocr_line' id='line_1_97' title="bbox 1069 2009 1856 2060; baseline -0.019 -9"><span class='ocrx_word' id='word_1_761' title='bbox 1069 2009 1161 2060; x_wconf 62' lang='grc' dir='ltr'>δεξιᾷ,</span> <span class='ocrx_word' id='word_1_762' title='bbox 1178 2009 1222 2049; x_wconf 44' lang='lat' dir='ltr'><strong>tte</strong></span> <span class='ocrx_word' id='word_1_763' title='bbox 1234 2021 1338 2057; x_wconf 77' lang='grc' dir='ltr'><strong>δειχθῇ,</strong></span> <span class='ocrx_word' id='word_1_764' title='bbox 1357 2021 1398 2046; x_wconf 72' lang='grc' dir='ltr'>ὅτι</span> <span class='ocrx_word' id='word_1_765' title='bbox 1420 2019 1452 2045; x_wconf 76' lang='grc' dir='ltr'>σὺ</span> <span class='ocrx_word' id='word_1_766' title='bbox 1471 2017 1550 2053; x_wconf 85' lang='grc' dir='ltr'>μόνος</span> <span class='ocrx_word' id='word_1_767' title='bbox 1568 2011 1635 2047; x_wconf 80' lang='grc' dir='ltr'>Θεὸς</span> <span class='ocrx_word' id='word_1_768' title='bbox 1653 2012 1790 2048; x_wconf 79' lang='grc' dir='ltr'>ἀληθινὸς,</span> <span class='ocrx_word' id='word_1_769' title='bbox 1810 2009 1856 2060; x_wconf 55' lang='grc' dir='ltr'>ξιι-</span> 
     </span>
    </p>
   </div>
   <div class='ocr_carea' id='block_1_98' title="bbox 1072 2056 1857 2104">
    <p class='ocr_par' dir='ltr' id='par_1_98' title="bbox 1072 2056 1857 2104">
     <span class='ocr_line' id='line_1_98' title="bbox 1072 2056 1857 2104; baseline -0.02 -7"><span class='ocrx_word' id='word_1_770' title='bbox 1072 2070 1228 2104; x_wconf 81' lang='grc' dir='ltr'>σπλαγχνος</span> <span class='ocrx_word' id='word_1_771' title='bbox 1239 2069 1286 2094; x_wconf 73' lang='grc' dir='ltr'>καὶ</span> <span class='ocrx_word' id='word_1_772' title='bbox 1299 2067 1411 2101; x_wconf 68' lang='grc' dir='ltr'>εὖήκοος</span> <span class='ocrx_word' id='word_1_773' title='bbox 1423 2065 1477 2095; x_wconf 79' lang='grc' dir='ltr'>τοῖς</span> <span class='ocrx_word' id='word_1_774' title='bbox 1490 2060 1712 2101; x_wconf 76' lang='grc' dir='ltr'>ἐπικαλουμένοις</span> <span class='ocrx_word' id='word_1_775' title='bbox 1725 2067 1754 2084; x_wconf 87' lang='grc' dir='ltr'><strong>σε</strong></span> <span class='ocrx_word' id='word_1_776' title='bbox 1769 2058 1798 2082; x_wconf 84' lang='grc' dir='ltr'>ὲν</span> <span class='ocrx_word' id='word_1_777' title='bbox 1809 2056 1857 2090; x_wconf 76' lang='grc' dir='ltr'><strong>ὅλῃ</strong></span> 
     </span>
    </p>
   </div>
   <div class='ocr_carea' id='block_1_99' title="bbox 1072 2102 1860 2151">
    <p class='ocr_par' dir='ltr' id='par_1_99' title="bbox 1072 2102 1860 2151">
     <span class='ocr_line' id='line_1_99' title="bbox 1072 2102 1860 2151; baseline -0.02 -8"><span class='ocrx_word' id='word_1_778' title='bbox 1072 2116 1182 2151; x_wconf 74' lang='grc' dir='ltr'>καρδία,</span> <span class='ocrx_word' id='word_1_779' title='bbox 1203 2115 1244 2140; x_wconf 76' lang='grc' dir='ltr'>ὃτι</span> <span class='ocrx_word' id='word_1_780' title='bbox 1260 2113 1336 2147; x_wconf 82' lang='grc' dir='ltr'>ἆγιος</span> <span class='ocrx_word' id='word_1_781' title='bbox 1352 2110 1376 2137; x_wconf 78' lang='grc' dir='ltr'>εἷ</span> <span class='ocrx_word' id='word_1_782' title='bbox 1391 2111 1430 2141; x_wconf 83' lang='grc' dir='ltr'><strong>είς</strong></span> <span class='ocrx_word' id='word_1_783' title='bbox 1445 2110 1508 2140; x_wconf 82' lang='grc' dir='ltr'>τοὺς</span> <span class='ocrx_word' id='word_1_784' title='bbox 1521 2107 1633 2137; x_wconf 82' lang='grc' dir='ltr'>αἰῶνας.</span> <span class='ocrx_word' id='word_1_785' title='bbox 1653 2105 1750 2139; x_wconf 77' lang='grc' dir='ltr'>Ἀμήν.</span> <span class='ocrx_word' id='word_1_786' title='bbox 1767 2102 1860 2128; x_wconf 82' lang='grc' dir='ltr'>Ταῦτα</span> 
     </span>
    </p>
   </div>
   <div class='ocr_carea' id='block_1_100' title="bbox 1073 2148 1861 2189">
    <p class='ocr_par' dir='ltr' id='par_1_100' title="bbox 1073 2148 1861 2189">
     <span class='ocr_line' id='line_1_100' title="bbox 1073 2148 1861 2189; baseline -0.02 0"><span class='ocrx_word' id='word_1_787' title='bbox 1073 2162 1102 2189; x_wconf 89' lang='grc' dir='ltr'>δὲ</span> <span class='ocrx_word' id='word_1_788' title='bbox 1112 2148 1202 2188; x_wconf 65' lang='grc' dir='ltr'>αὑτοῦ</span> <span class='ocrx_word' id='word_1_789' title='bbox 1218 2159 1351 2189; x_wconf 76' lang='grc' dir='ltr'>εἰπόντος,</span> <span class='ocrx_word' id='word_1_790' title='bbox 1373 2155 1490 2186; x_wconf 77' lang='grc' dir='ltr'>ἀναστὰς</span> <span class='ocrx_word' id='word_1_791' title='bbox 1506 2154 1554 2181; x_wconf 69' lang='grc' dir='ltr'>καὶ</span> <span class='ocrx_word' id='word_1_792' title='bbox 1568 2150 1793 2186; x_wconf 76' lang='grc' dir='ltr'>κατασφραγίσας</span> <span class='ocrx_word' id='word_1_793' title='bbox 1811 2148 1861 2174; x_wconf 78' lang='grc' dir='ltr'><strong>αὺ-</strong></span> 
     </span>
    </p>
   </div>
   <div class='ocr_carea' id='block_1_101' title="bbox 1074 2191 1862 2242">
    <p class='ocr_par' dir='ltr' id='par_1_101' title="bbox 1074 2191 1862 2242">
     <span class='ocr_line' id='line_1_101' title="bbox 1074 2191 1862 2242; baseline -0.019 -9"><span class='ocrx_word' id='word_1_794' title='bbox 1074 2207 1123 2242; x_wconf 81' lang='grc' dir='ltr'>τὴν</span> <span class='ocrx_word' id='word_1_795' title='bbox 1149 2206 1194 2232; x_wconf 72' lang='grc' dir='ltr'><strong>ἐπὶ</strong></span> <span class='ocrx_word' id='word_1_796' title='bbox 1222 2203 1261 2238; x_wconf 83' lang='grc' dir='ltr'>τῷ</span> <span class='ocrx_word' id='word_1_797' title='bbox 1283 2203 1396 2237; x_wconf 82' lang='grc' dir='ltr'>ὀνόματι</span> <span class='ocrx_word' id='word_1_798' title='bbox 1421 2198 1539 2234; x_wconf 83' lang='grc' dir='ltr'>Χριστοῦ</span> <span class='ocrx_word' id='word_1_799' title='bbox 1567 2197 1614 2224; x_wconf 81' lang='grc' dir='ltr'><strong>τοῦ</strong></span> <span class='ocrx_word' id='word_1_800' title='bbox 1638 2194 1765 2231; x_wconf 78' lang='grc' dir='ltr'>ἀληθινοῦ</span> <span class='ocrx_word' id='word_1_801' title='bbox 1793 2191 1862 2219; x_wconf 82' lang='grc' dir='ltr'>Θεοῦ</span> 
     </span>
    </p>
   </div>
   <div class='ocr_carea' id='block_1_102' title="bbox 1038 2235 1863 2288">
    <p class='ocr_par' dir='ltr' id='par_1_102' title="bbox 1038 2235 1863 2288">
     <span class='ocr_line' id='line_1_102' title="bbox 1038 2235 1863 2288; baseline -0.023 -9"><span class='ocrx_word' id='word_1_802' title='bbox 1038 2244 1061 2272; x_wconf 79' lang='grc' dir='ltr'><strong>Ῑ)</strong></span> <span class='ocrx_word' id='word_1_803' title='bbox 1076 2235 1165 2288; x_wconf 75' lang='grc' dir='ltr'>ἡμῶν,</span> <span class='ocrx_word' id='word_1_804' title='bbox 1187 2235 1315 2279; x_wconf 69' lang='grc' dir='ltr'>Ἀνάστα,</span> <span class='ocrx_word' id='word_1_805' title='bbox 1332 2235 1417 2279; x_wconf 83' lang='grc' dir='ltr'>λέγει,</span> <span class='ocrx_word' id='word_1_806' title='bbox 1434 2244 1480 2269; x_wconf 70' lang='grc' dir='ltr'><strong>ἐπὶ</strong></span> <span class='ocrx_word' id='word_1_807' title='bbox 1494 2242 1557 2273; x_wconf 76' lang='grc' dir='ltr'>τοῦς</span> <span class='ocrx_word' id='word_1_808' title='bbox 1571 2240 1653 2271; x_wconf 82' lang='grc' dir='ltr'>πόδας</span> <span class='ocrx_word' id='word_1_809' title='bbox 1669 2246 1730 2265; x_wconf 86' lang='grc' dir='ltr'>σου·</span> <span class='ocrx_word' id='word_1_810' title='bbox 1745 2238 1762 2272; x_wconf 88' lang='grc' dir='ltr'>ἡ</span> <span class='ocrx_word' id='word_1_811' title='bbox 1777 2235 1806 2262; x_wconf 76' lang='grc' dir='ltr'>δὲ</span> <span class='ocrx_word' id='word_1_812' title='bbox 1817 2235 1863 2261; x_wconf 77' lang='grc' dir='ltr'><strong>εὐ-</strong></span> 
     </span>
    </p>
   </div>
   <div class='ocr_carea' id='block_1_103' title="bbox 1077 2279 1863 2328">
    <p class='ocr_par' dir='ltr' id='par_1_103' title="bbox 1077 2279 1863 2328">
     <span class='ocr_line' id='line_1_103' title="bbox 1077 2279 1863 2328; baseline -0.022 -5"><span class='ocrx_word' id='word_1_813' title='bbox 1077 2279 1145 2328; x_wconf 62' lang='grc' dir='ltr'><strong>όεὶως</strong></span> <span class='ocrx_word' id='word_1_814' title='bbox 1160 2279 1209 2322; x_wconf 70' lang='grc' dir='ltr'>καὶ</span> <span class='ocrx_word' id='word_1_815' title='bbox 1223 2292 1395 2328; x_wconf 79' lang='grc' dir='ltr'>παραχρῆμα</span> <span class='ocrx_word' id='word_1_816' title='bbox 1415 2287 1555 2324; x_wconf 72' lang='grc' dir='ltr'>ἀνορθώοη</span> <span class='ocrx_word' id='word_1_817' title='bbox 1573 2286 1620 2313; x_wconf 77' lang='grc' dir='ltr'>καὶ</span> <span class='ocrx_word' id='word_1_818' title='bbox 1635 2285 1700 2318; x_wconf 79' lang='grc' dir='ltr'>ἔστη</span> <span class='ocrx_word' id='word_1_819' title='bbox 1719 2283 1809 2317; x_wconf 75' lang='grc' dir='ltr'>ὑγιής.</span> <span class='ocrx_word' id='word_1_820' title='bbox 1823 2279 1863 2328; x_wconf 7' lang='grc' dir='ltr'>,Ἦ</span> 
     </span>
    </p>
   </div>
   <div class='ocr_carea' id='block_1_104' title="bbox 1076 2327 1864 2377">
    <p class='ocr_par' dir='ltr' id='par_1_104' title="bbox 1076 2327 1864 2377">
     <span class='ocr_line' id='line_1_104' title="bbox 1076 2327 1864 2377; baseline -0.022 -8"><span class='ocrx_word' id='word_1_821' title='bbox 1076 2344 1104 2370; x_wconf 76' lang='grc' dir='ltr'>δὲ</span> <span class='ocrx_word' id='word_1_822' title='bbox 1132 2327 1223 2377; x_wconf 62' lang='grc' dir='ltr'>μήτηρ</span> <span class='ocrx_word' id='word_1_823' title='bbox 1252 2327 1336 2374; x_wconf 73' lang='grc' dir='ltr'>αὐτῆς</span> <span class='ocrx_word' id='word_1_824' title='bbox 1357 2338 1482 2369; x_wconf 71' lang='grc' dir='ltr'>ἐδόξασεν</span> <span class='ocrx_word' id='word_1_825' title='bbox 1498 2335 1545 2361; x_wconf 69' lang='grc' dir='ltr'><strong>τιν</strong></span> <span class='ocrx_word' id='word_1_826' title='bbox 1570 2332 1646 2364; x_wconf 74' lang='grc' dir='ltr'>Θεὸν,</span> <span class='ocrx_word' id='word_1_827' title='bbox 1672 2331 1719 2357; x_wconf 75' lang='grc' dir='ltr'><strong>και</strong></span> <span class='ocrx_word' id='word_1_828' title='bbox 1742 2327 1864 2377; x_wconf 73' lang='grc' dir='ltr'>ἀπῆλθεν</span> 
     </span>
    </p>
   </div>
   <div class='ocr_carea' id='block_1_105' title="bbox 1080 2373 1866 2424">
    <p class='ocr_par' dir='ltr' id='par_1_105' title="bbox 1080 2373 1866 2424">
     <span class='ocr_line' id='line_1_105' title="bbox 1080 2373 1866 2424; baseline -0.023 -9"><span class='ocrx_word' id='word_1_829' title='bbox 1080 2388 1147 2424; x_wconf 83' lang='grc' dir='ltr'>μετὰ</span> <span class='ocrx_word' id='word_1_830' title='bbox 1159 2387 1208 2420; x_wconf 79' lang='grc' dir='ltr'>τῆς</span> <span class='ocrx_word' id='word_1_831' title='bbox 1222 2383 1355 2419; x_wconf 72' lang='grc' dir='ltr'>θυγατρὸς</span> <span class='ocrx_word' id='word_1_832' title='bbox 1369 2382 1453 2416; x_wconf 78' lang='grc' dir='ltr'>αὐτῆς</span> <span class='ocrx_word' id='word_1_833' title='bbox 1465 2382 1504 2412; x_wconf 84' lang='grc' dir='ltr'><strong>εἰς</strong></span> <span class='ocrx_word' id='word_1_834' title='bbox 1515 2380 1559 2405; x_wconf 74' lang='grc' dir='ltr'>τὸν</span> <span class='ocrx_word' id='word_1_835' title='bbox 1571 2376 1644 2404; x_wconf 75' lang='grc' dir='ltr'>οἶκον</span> <span class='ocrx_word' id='word_1_836' title='bbox 1662 2376 1756 2409; x_wconf 73' lang='grc' dir='ltr'>αὐτῆς,</span> <span class='ocrx_word' id='word_1_837' title='bbox 1770 2373 1866 2406; x_wconf 69' lang='grc' dir='ltr'>διαφη-</span> 
     </span>
    </p>
   </div>
   <div class='ocr_carea' id='block_1_106' title="bbox 1080 2416 1867 2469">
    <p class='ocr_par' dir='ltr' id='par_1_106' title="bbox 1080 2416 1867 2469">
     <span class='ocr_line' id='line_1_106' title="bbox 1080 2416 1867 2469; baseline -0.022 -10"><span class='ocrx_word' id='word_1_838' title='bbox 1080 2416 1196 2469; x_wconf 70' lang='grc' dir='ltr'>μίζουσα</span> <span class='ocrx_word' id='word_1_839' title='bbox 1218 2432 1247 2456; x_wconf 81' lang='grc' dir='ltr'>ἑν</span> <span class='ocrx_word' id='word_1_840' title='bbox 1262 2430 1311 2465; x_wconf 80' lang='grc' dir='ltr'><strong>ὅλῃ</strong></span> <span class='ocrx_word' id='word_1_841' title='bbox 1328 2430 1360 2462; x_wconf 84' lang='grc' dir='ltr'>τῇ</span> <span class='ocrx_word' id='word_1_842' title='bbox 1385 2419 1479 2461; x_wconf 85' lang='grc' dir='ltr'><strong>Ῥώμῃ</strong></span> <span class='ocrx_word' id='word_1_843' title='bbox 1495 2425 1529 2451; x_wconf 84' lang='grc' dir='ltr'>τὰ</span> <span class='ocrx_word' id='word_1_844' title='bbox 1548 2422 1679 2459; x_wconf 81' lang='grc' dir='ltr'>μεγαλεῖα</span> <span class='ocrx_word' id='word_1_845' title='bbox 1693 2420 1738 2446; x_wconf 84' lang='grc' dir='ltr'><strong>τοῦ</strong></span> <span class='ocrx_word' id='word_1_846' title='bbox 1755 2417 1833 2447; x_wconf 80' lang='grc' dir='ltr'>Θεοῦ,</span> <span class='ocrx_word' id='word_1_847' title='bbox 1849 2416 1867 2442; x_wconf 77' lang='grc' dir='ltr'>ἂ</span> 
     </span>
    </p>
   </div>
   <div class='ocr_carea' id='block_1_107' title="bbox 1079 2463 1868 2512">
    <p class='ocr_par' dir='ltr' id='par_1_107' title="bbox 1079 2463 1868 2512">
     <span class='ocr_line' id='line_1_107' title="bbox 1079 2463 1868 2512; baseline -0.024 -6"><span class='ocrx_word' id='word_1_848' title='bbox 1079 2463 1206 2512; x_wconf 53' lang='grc' dir='ltr'>εποίησεν</span> <span class='ocrx_word' id='word_1_849' title='bbox 1227 2463 1386 2511; x_wconf 42' lang='grc' dir='ltr'>μετ’-αὐτῆς</span> <span class='ocrx_word' id='word_1_850' title='bbox 1410 2472 1455 2499; x_wconf 74' lang='grc' dir='ltr'><strong>διὰ</strong></span> <span class='ocrx_word' id='word_1_851' title='bbox 1477 2470 1524 2497; x_wconf 82' lang='grc' dir='ltr'><strong>τοῦ</strong></span> <span class='ocrx_word' id='word_1_852' title='bbox 1549 2467 1686 2504; x_wconf 77' lang='grc' dir='ltr'>μακαρίου</span> <span class='ocrx_word' id='word_1_853' title='bbox 1703 2463 1868 2512; x_wconf 39' lang='grc' dir='ltr'>Γρηγορέουξ</span> 
     </span>
    </p>
   </div>
   <div class='ocr_carea' id='block_1_108' title="bbox 1082 2507 1870 2558">
    <p class='ocr_par' dir='ltr' id='par_1_108' title="bbox 1082 2507 1870 2558">
     <span class='ocr_line' id='line_1_108' title="bbox 1082 2507 1870 2558; baseline -0.025 -6"><span class='ocrx_word' id='word_1_854' title='bbox 1082 2526 1194 2558; x_wconf 80' lang='grc' dir='ltr'>Ἔλεγον</span> <span class='ocrx_word' id='word_1_855' title='bbox 1209 2520 1255 2549; x_wconf 75' lang='grc' dir='ltr'><strong>οὖν</strong></span> <span class='ocrx_word' id='word_1_856' title='bbox 1273 2521 1341 2555; x_wconf 74' lang='grc' dir='ltr'>αὐτῇ</span> <span class='ocrx_word' id='word_1_857' title='bbox 1362 2520 1386 2546; x_wconf 84' lang='grc' dir='ltr'>οἱ</span> <span class='ocrx_word' id='word_1_858' title='bbox 1404 2518 1523 2544; x_wconf 81' lang='grc' dir='ltr'>σύνοικοι</span> <span class='ocrx_word' id='word_1_859' title='bbox 1540 2514 1635 2548; x_wconf 78' lang='grc' dir='ltr'>αὐτῆς,</span> <span class='ocrx_word' id='word_1_860' title='bbox 1653 2512 1701 2542; x_wconf 85' lang='grc' dir='ltr'>Τίς</span> <span class='ocrx_word' id='word_1_861' title='bbox 1722 2510 1816 2537; x_wconf 79' lang='grc' dir='ltr'>ὶάσατο</span> <span class='ocrx_word' id='word_1_862' title='bbox 1838 2507 1870 2532; x_wconf 74' lang='grc' dir='ltr'>τὸ</span> 
     </span>
    </p>
   </div>
   <div class='ocr_carea' id='block_1_109' title="bbox 1081 2555 1870 2604">
    <p class='ocr_par' dir='ltr' id='par_1_109' title="bbox 1081 2555 1870 2604">
     <span class='ocr_line' id='line_1_109' title="bbox 1081 2555 1870 2604; baseline -0.024 -8"><span class='ocrx_word' id='word_1_863' title='bbox 1081 2555 1226 2604; x_wconf 68' lang='grc' dir='ltr'>θυγάτριάν</span> <span class='ocrx_word' id='word_1_864' title='bbox 1242 2575 1303 2597; x_wconf 83' lang='grc' dir='ltr'>σου;</span> <span class='ocrx_word' id='word_1_865' title='bbox 1326 2558 1358 2591; x_wconf 78' lang='grc' dir='ltr'><em>Ἣ</em></span> <span class='ocrx_word' id='word_1_866' title='bbox 1374 2564 1402 2590; x_wconf 75' lang='grc' dir='ltr'>δὲ</span> <span class='ocrx_word' id='word_1_867' title='bbox 1418 2563 1522 2596; x_wconf 73' lang='grc' dir='ltr'>ἔλεγεν·</span> <span class='ocrx_word' id='word_1_868' title='bbox 1550 2560 1630 2590; x_wconf 80' lang='grc' dir='ltr'>Ξένος</span> <span class='ocrx_word' id='word_1_869' title='bbox 1655 2566 1696 2589; x_wconf 82' lang='grc' dir='ltr'><strong>τις</strong></span> <span class='ocrx_word' id='word_1_870' title='bbox 1721 2555 1870 2603; x_wconf 62' lang='grc' dir='ltr'>ἐπίσκοπος</span> 
     </span>
    </p>
   </div>
   <div class='ocr_carea' id='block_1_110' title="bbox 1082 2598 1873 2645">
    <p class='ocr_par' dir='ltr' id='par_1_110' title="bbox 1082 2598 1873 2645">
     <span class='ocr_line' id='line_1_110' title="bbox 1082 2598 1873 2645; baseline -0.024 -3"><span class='ocrx_word' id='word_1_871' title='bbox 1082 2614 1202 2645; x_wconf 78' lang='grc' dir='ltr'>Σικελὸς,</span> <span class='ocrx_word' id='word_1_872' title='bbox 1217 2613 1246 2639; x_wconf 70' lang='grc' dir='ltr'>ὃν</span> <span class='ocrx_word' id='word_1_873' title='bbox 1263 2612 1373 2645; x_wconf 80' lang='grc' dir='ltr'>λέγουσι</span> <span class='ocrx_word' id='word_1_874' title='bbox 1390 2609 1557 2642; x_wconf 75' lang='grc' dir='ltr'>κατάκριτον</span> <span class='ocrx_word' id='word_1_875' title='bbox 1570 2602 1651 2636; x_wconf 78' lang='grc' dir='ltr'>εἶναι,</span> <span class='ocrx_word' id='word_1_876' title='bbox 1666 2602 1713 2629; x_wconf 82' lang='grc' dir='ltr'>καὶ</span> <span class='ocrx_word' id='word_1_877' title='bbox 1729 2601 1774 2627; x_wconf 70' lang='grc' dir='ltr'><strong>διὰ</strong></span> <span class='ocrx_word' id='word_1_878' title='bbox 1791 2598 1873 2625; x_wconf 79' lang='grc' dir='ltr'>τοῦτο</span> 
     </span>
    </p>
   </div>
   <div class='ocr_carea' id='block_1_111' title="bbox 1082 2655 1492 2695">
    <p class='ocr_par' dir='ltr' id='par_1_111' title="bbox 1082 2655 1492 2695">
     <span class='ocr_line' id='line_1_111' title="bbox 1082 2655 1492 2695; baseline -0.02 -8"><span class='ocrx_word' id='word_1_879' title='bbox 1082 2660 1272 2695; x_wconf 76' lang='grc' dir='ltr'>ἐγκέκλεισται</span> <span class='ocrx_word' id='word_1_880' title='bbox 1284 2658 1312 2683; x_wconf 80' lang='grc' dir='ltr'>ἐν</span> <span class='ocrx_word' id='word_1_881' title='bbox 1327 2657 1358 2691; x_wconf 84' lang='grc' dir='ltr'>τῇ</span> <span class='ocrx_word' id='word_1_882' title='bbox 1373 2655 1492 2689; x_wconf 82' lang='grc' dir='ltr'>φυλακῇ.</span> 
     </span>
    </p>
   </div>
   <div class='ocr_carea' id='block_1_112' title="bbox 1118 2691 1872 2739">
    <p class='ocr_par' dir='ltr' id='par_1_112' title="bbox 1118 2691 1872 2739">
     <span class='ocr_line' id='line_1_112' title="bbox 1118 2691 1872 2739; baseline -0.024 -6"><span class='ocrx_word' id='word_1_883' title='bbox 1118 2706 1186 2739; x_wconf 72' lang='lat' dir='ltr'><strong>:q’.</strong></span> <span class='ocrx_word' id='word_1_884' title='bbox 1200 2703 1293 2731; x_wconf 79' lang='grc' dir='ltr'>Ταῦτα</span> <span class='ocrx_word' id='word_1_885' title='bbox 1307 2703 1336 2729; x_wconf 78' lang='grc' dir='ltr'>δὲ</span> <span class='ocrx_word' id='word_1_886' title='bbox 1352 2702 1399 2728; x_wconf 79' lang='grc' dir='ltr'>καὶ</span> <span class='ocrx_word' id='word_1_887' title='bbox 1412 2701 1480 2727; x_wconf 80' lang='grc' dir='ltr'>ἄλλα</span> <span class='ocrx_word' id='word_1_888' title='bbox 1505 2698 1592 2725; x_wconf 72' lang='grc' dir='ltr'>ἐποίει</span> <span class='ocrx_word' id='word_1_889' title='bbox 1616 2695 1699 2723; x_wconf 80' lang='grc' dir='ltr'>πολλᾶ</span> <span class='ocrx_word' id='word_1_890' title='bbox 1718 2695 1732 2720; x_wconf 85' lang='grc' dir='ltr'>ὁ</span> <span class='ocrx_word' id='word_1_891' title='bbox 1749 2693 1824 2726; x_wconf 75' lang='grc' dir='ltr'>ἅγιος</span> <span class='ocrx_word' id='word_1_892' title='bbox 1843 2691 1872 2716; x_wconf 84' lang='grc' dir='ltr'>ὲν</span> 
     </span>
    </p>
   </div>
   <div class='ocr_carea' id='block_1_113' title="bbox 1083 2736 1874 2788">
    <p class='ocr_par' dir='ltr' id='par_1_113' title="bbox 1083 2736 1874 2788">
     <span class='ocr_line' id='line_1_113' title="bbox 1083 2736 1874 2788; baseline -0.02 -9"><span class='ocrx_word' id='word_1_893' title='bbox 1083 2755 1117 2788; x_wconf 79' lang='grc' dir='ltr'>τῇ</span> <span class='ocrx_word' id='word_1_894' title='bbox 1134 2736 1253 2786; x_wconf 72' lang='grc' dir='ltr'>φυλακῇ,</span> <span class='ocrx_word' id='word_1_895' title='bbox 1270 2749 1315 2776; x_wconf 82' lang='grc' dir='ltr'>καὶ</span> <span class='ocrx_word' id='word_1_896' title='bbox 1336 2747 1450 2778; x_wconf 80' lang='grc' dir='ltr'>πολλοὺς</span> <span class='ocrx_word' id='word_1_897' title='bbox 1463 2745 1659 2780; x_wconf 77' lang='grc' dir='ltr'>ἐθεράπευσεν.</span> <span class='ocrx_word' id='word_1_898' title='bbox 1678 2739 1755 2788; x_wconf 66' lang='lat' dir='ltr'><strong>Merit</strong></span> <span class='ocrx_word' id='word_1_899' title='bbox 1768 2738 1797 2764; x_wconf 71' lang='grc' dir='ltr'>δὲ</span> <span class='ocrx_word' id='word_1_900' title='bbox 1809 2736 1874 2784; x_wconf 52' lang='grc' dir='ltr'>χρόῖ</span> 
     </span>
    </p>
   </div>
   <div class='ocr_carea' id='block_1_114' title="bbox 1085 2784 1874 2830">
    <p class='ocr_par' dir='ltr' id='par_1_114' title="bbox 1085 2784 1874 2830">
     <span class='ocr_line' id='line_1_114' title="bbox 1085 2784 1874 2830; baseline -0.025 -5"><span class='ocrx_word' id='word_1_901' title='bbox 1085 2807 1129 2825; x_wconf 88' lang='grc' dir='ltr'><strong>νον</strong></span> <span class='ocrx_word' id='word_1_902' title='bbox 1149 2797 1232 2823; x_wconf 72' lang='grc' dir='ltr'>πολὺν</span> <span class='ocrx_word' id='word_1_903' title='bbox 1247 2796 1331 2830; x_wconf 76' lang='grc' dir='ltr'>ἤγουν</span> <span class='ocrx_word' id='word_1_904' title='bbox 1347 2791 1470 2820; x_wconf 67' lang='grc' dir='ltr'>ἐνιαυτὴν</span> <span class='ocrx_word' id='word_1_905' title='bbox 1480 2791 1532 2816; x_wconf 67' lang='grc' dir='ltr'>ἕνα</span> <span class='ocrx_word' id='word_1_906' title='bbox 1549 2787 1669 2823; x_wconf 76' lang='grc' dir='ltr'>ἐμνήσθη</span> <span class='ocrx_word' id='word_1_907' title='bbox 1689 2786 1703 2811; x_wconf 79' lang='grc' dir='ltr'><strong>ό</strong></span> <span class='ocrx_word' id='word_1_908' title='bbox 1717 2784 1810 2812; x_wconf 60' lang='lat' dir='ltr'><strong>nixa;</strong></span> <span class='ocrx_word' id='word_1_909' title='bbox 1827 2789 1874 2806; x_wconf 76' lang='grc' dir='ltr'><strong>του</strong></span> 
     </span>
    </p>
   </div>
   <div class='ocr_carea' id='block_1_115' title="bbox 1087 2847 1876 2896">
    <p class='ocr_par' dir='ltr' id='par_1_115' title="bbox 1087 2847 1876 2896">
     <span class='ocr_line' id='line_1_115' title="bbox 1087 2847 1876 2896; baseline -0.025 -4"><span class='ocrx_word' id='word_1_910' title='bbox 1087 2869 1229 2892; x_wconf 82' lang='lat' dir='ltr'><strong>cusatnres</strong></span> <span class='ocrx_word' id='word_1_911' title='bbox 1242 2861 1344 2896; x_wconf 78' lang='lat' dir='ltr'><strong>potius.</strong></span> <span class='ocrx_word' id='word_1_912' title='bbox 1361 2856 1490 2896; x_wconf 72' lang='lat' dir='ltr'><strong>cumsibi</strong></span> <span class='ocrx_word' id='word_1_913' title='bbox 1507 2847 1876 2896; x_wconf 42' lang='lat' dir='ltr'><strong>tnet‘tterent,.t&#39;enrquotidia</strong></span> 
     </span>
    </p>
   </div>
   <div class='ocr_carea' id='block_1_116' title="bbox 1086 2882 1877 2930">
    <p class='ocr_par' dir='ltr' id='par_1_116' title="bbox 1086 2882 1877 2930">
     <span class='ocr_line' id='line_1_116' title="bbox 1086 2882 1877 2930; baseline -0.023 -3"><span class='ocrx_word' id='word_1_914' title='bbox 1086 2882 1552 2930; x_wconf 56' lang='grc' dir='ltr'><strong>ἒὶὶῖἓὶἔῐιὲῗιινεῖἔᾖίῖὸξτῐέὶιίιείιαηι.</strong></span> <span class='ocrx_word' id='word_1_915' title='bbox 1562 2888 1685 2917; x_wconf 79' lang='lat' dir='ltr'><strong>Deelarat</strong></span> <span class='ocrx_word' id='word_1_916' title='bbox 1700 2886 1751 2913; x_wconf 86' lang='lat' dir='ltr'><strong>hoc</strong></span> <span class='ocrx_word' id='word_1_917' title='bbox 1762 2882 1877 2919; x_wconf 71' lang='lat' dir='ltr'><strong>epistola</strong></span> 
     </span>
    </p>
   </div>
  </div>
