2083 3155
196 168 249 208 669

691 178 720 207 S.
743 178 933 208 GREGOBII
951 177 1209 208 AGRIGENTINI
1231 179 1329 209 VlTA.

1776 179 1829 211 6το

195 232 302 269 Πατρὺς
330 233 378 268 τῆς
402 232 520 259 ἐνταῦθα
544 233 744 260 θεοσκεπάστου
768 233 846 269 ἡμῶν
870 233 984 265 πόλεως.

1039 233 1129 268 deque
1147 234 1353 261 accusatoribus
1367 234 1407 261 sic
1426 234 1592 268 cognoscite,
1615 238 1644 261 ut
1657 231 1710 261 non
1734 241 1826 261 rerum

195 280 251 306 Καὶ
277 278 459 314 καθήσαντες,
489 279 558 314 μετὰ
582 279 667 313 φόϐου
691 279 760 306 Θεοῦ
789 279 986 314 ἀνακρίναντες

195 325 294 358 πάντα,
309 325 357 351 καὶ
372 325 402 350 τὸ
416 324 527 358 γύναιον
544 325 592 350 καὶ
607 325 671 356 τοὺς
689 325 869 359 κατηγόρους,
885 325 932 351 καὶ
948 324 986 360 μὴ

195 370 266 398 κατὰ
279 371 426 406 πρόσωπόν
439 380 464 397 τι
479 370 611 407 πράξητε,
627 371 685 397 ἀλλ’
701 371 738 403 ὡς
753 371 822 406 αὑτὴ
841 372 857 406 ἡ
870 370 986 405 δύναμις

193 418 244 452 τῆς
254 418 384 453 ἀληθείας
399 417 531 454 ἔγκειται,
550 417 636 449 οὕτως
650 418 805 453 ὂιοικήσατε
815 426 822 433 ·
835 417 883 444 καὶ
898 417 922 443 οἳ
936 417 986 452 μὲν

196 463 386 496 συκοφαντῶσι
401 463 446 489 τὸν
462 463 556 498 ἄνδρα,
572 463 629 489 ὅσοι
643 462 817 489 ὑποπέσωσιν
832 462 934 496 λαῖκοὶ,
946 461 986 496 τῷ

196 508 354 544 φιλευσεὸεῖ
376 509 455 544 ἡμῶν
475 509 550 544 νόμῳ
574 509 729 544 παράδοτε“
760 509 807 535 ἐπὶ
826 509 915 543 τούτῳ
931 507 986 543 γὰρ

194 554 396 589 ἀποστέλλομεν
411 555 456 580 τὸν
474 554 626 590 σπαοάριον
646 555 724 590 ἡμῶν
735 562 743 570 ο
759 554 816 580 ὅσοι
842 554 870 580 δὲ
891 554 987 589 κληρι-

195 600 239 627 κοὶ
251 600 420 632 ὑποπέσωσι,
434 601 472 636 τῷ
487 600 551 635 οείῳ
571 600 617 627 καὶ
633 600 697 636 ἱερῷ
708 600 801 626 κανόνι
816 599 986 626 ἀποδίδοσθεο

194 646 392 680 παρεγγυάσας
407 646 506 677 αὐτοὺς
522 646 570 672 τοῦ
586 646 734 680 ἀναγαγεῖν
756 646 802 672 τὸν
816 645 901 680 ἄνδρα
918 648 986 681 πρὸ,

194 691 288 718 αὐτόν.

230 737 294 764 Eﬂ’.
311 737 480 770 Ἐξελθόντες
493 738 521 764 δὲ
539 737 688 773 ἀμφότεροι
703 737 756 764 ἀπὸ
769 737 988 764 Κωνσταντινου-

195 783 300 815 πόλεως
315 782 344 809 οἴ
355 792 383 809 τε
400 784 546 810 ἐπίσκοποι
562 784 609 810 καὶ
624 784 637 809 ό
657 782 808 816 σπαθάριος
827 782 882 808 ἀπὸ
898 790 985 817 προσ-

195 831 270 856 ώπου
288 829 335 856 τοῦ
351 830 497 865 βασιλέως,
513 829 662 857 κατέλαϐον
672 829 722 864 τὴν
745 828 865 864 Ῥώμην.
877 828 916 860 ὡς
931 828 985 854 ἀπὸ

195 876 310 903 σταδίων
331 876 471 903 δεκαοκτώ
483 885 489 891 ·
507 876 606 911 συνέϐη
623 876 651 902 δὲ
669 875 708 910 τῷ
723 874 876 910 Μαρκιανῷ
893 874 985 909 ἀρρω-

196 922 292 957 στῆσαι
304 922 460 958 ἀρρωστίαν
474 922 565 957 δεινὴν
589 921 637 948 καὶ
655 921 779 956 βαρεῖαν.
800 920 940 954 Ἐγένοντο
956 919 984 945 δὲ

193 967 224 993 ὲν
239 967 313 1002 λύπῃ
326 966 410 1001 πολλῇ
433 966 458 992 οἱ
475 966 621 992 ἐπίσκοποι
643 966 690 992 καὶ
711 966 812 996 πάντες
832 965 856 990 οἱ
873 964 922 990 σὺν
937 963 986 990 αὑ-

193 1013 261 1044 τοῖς.
275 1011 353 1039 Μετὰ
373 1011 400 1038 δὲ
418 1012 541 1046 ἀνάγκης
563 1011 663 1043 πολλῆς
679 1010 802 1046 εἰσῆλθον
825 1011 854 1037 ὲν
873 1010 984 1047 Ῥώμῃ·

193 1056 265 1093 ἦσαν
290 1058 318 1084 δὲ
341 1059 442 1090 πάντες
464 1058 630 1092 λυπούμενοι
655 1058 719 1093 περὶ
747 1057 792 1084 τοῦ
812 1058 983 1093 Μαρκιανοῖλ

193 1104 272 1130 Μετὰ
293 1103 321 1130 δὲ
344 1103 450 1138 ἡμέρας
471 1103 536 1130 δέκα
559 1102 677 1138 ἤμελλεν
696 1102 842 1138 τελευτᾷν·
859 1102 904 1130 καὶ
921 1104 985 1139 περὶ

192 1148 270 1184 ⁴ἡλίου
287 1149 393 1183 δυσμὰς
407 1149 462 1175 ἰδοὺ
480 1148 559 1183 γυνὴ,
581 1146 615 1185 ἧς
637 1149 667 1175 το
690 1149 836 1183 θυγάτριον
858 1149 952 1175 ἰάσατο
971 1150 984 1174 ὁ

193 1196 270 1229 ἅγιος
281 1195 442 1231 Γρηγόριος,
455 1195 616 1231 διερχομένη
628 1195 745 1230 ἤκουσεν
755 1196 925 1230 ὀδυρομένων
937 1195 984 1221 καὶ

194 1241 365 1276 θρηνούντων
384 1232 431 1268 τὸν
448 1242 617 1276 Μαρκιανόν.
638 1242 670 1267 'H
691 1241 718 1268 δὲ
734 1241 803 1276 γυνὴ
818 1241 984 1268 ἐπυνθάνετο

193 1287 259 1322 παρ’
279 1287 369 1314 αὐτῶν
395 1287 467 1318 τίνος
496 1287 588 1313 ἕνεκεν
619 1287 752 1313 κόπτεται
777 1286 812 1312 τὰ
841 1287 981 1323 παιδάρια.

198 1332 374 1367 ’Δποκριοεὶς
389 1332 418 1358 δὲ
439 1330 479 1363 εἷς
499 1332 529 1365 ἐξ
543 1332 633 1359 αὐτῶν
650 1332 723 1366 λέγει
745 1332 831 1367 αὐτῇ
848 1333 955 1367 ’Λμμαέ
970 1334 984 1360 ὁ

194 1378 287 1413 κύριος
305 1377 382 1413 ήμῶν
404 1379 445 1409 εἰς
461 1377 509 1413 τὴν
525 1378 644 1413 ἐσχάτην
660 1379 744 1413 πνοήν
759 1379 843 1409 ἐστιν,
861 1379 908 1404 καὶ
922 1378 984 1405 τοῦ-

192 1432 239 1450 τον
266 1422 429 1458 θρηνοῦμεν.
448 1423 531 1457 Λέγει
558 1424 650 1454 αὐτοῖς
673 1423 690 1458 ἡ
714 1416 782 1457 γυνή
796 1431 802 1438 '
825 1423 983 1450 Βαστάσατε

193 1469 274 1496 αὑτὸν
291 1470 360 1504 μετὰ
374 1470 424 1505 τῆς
439 1470 544 1503 κλίνης,
558 1470 606 1495 καὶ
622 1468 824 1504 ἁκολουθήσατέ
838 1478 893 1504 μοι,
906 1469 983 1503 κάγὼ

193 1516 257 1551 ὑμῖν
283 1516 415 1547 ὑποδείξω
442 1515 527 1549 ἄνδρα
544 1514 632 1549 ἆγιον,
650 1515 679 1546 ὂς
699 1515 802 1542 ἰάσεται
822 1516 867 1542 τὸν
889 1515 984 1551 κύριον

1036 281 1167 315 speciem,
1181 281 1227 307 sed
1243 280 1387 308 veritatem
1404 281 1490 316 ipsam
1505 281 1591 308 secuti
1609 280 1770 307 videamini.
1788 281 1828 308 Ac
1842 285 1844 287 ’

1037 326 1070 353 de
1085 326 1135 353 viri
1160 326 1428 358 calumniatoribus,
1451 327 1497 361 qui
1521 327 1639 354 convicti
1667 326 1780 358 fuerint,
1804 325 1827 354 si

1037 370 1098 397 laici
1118 371 1193 402 sint,
1214 371 1300 398 sacris
1325 371 1431 405 legibus
1455 372 1557 398 nostris
1583 372 1697 398 subesse
1720 371 1827 405 cogite;

1037 424 1100 443 nam
1123 416 1173 443 hac
1186 417 1219 443 de
1231 423 1313 444 causa
1330 417 1498 451 spatharium
1514 421 1638 444 nostrum
1665 416 1800 443 mittimus
1819 425 1826 442 :

1037 462 1059 489 si
1073 461 1177 494 clerici,
1195 470 1254 489 eam
1281 462 1374 490 subire
1394 470 1503 497 poenam
1516 463 1621 497 jubete,
1635 470 1719 496 quam
1733 460 1828 488 Eccle-

1038 507 1084 535 sia:
1109 515 1229 534 canones
1256 508 1492 542 praescripserunt.
1518 507 1689 535 Postremum
1710 514 1725 533 e
1748 514 1829 532 man-

1038 553 1110 580 datis
1133 553 1193 588 ejus
1210 553 1272 586 fuit,
1295 558 1324 581 ut
1348 558 1474 581 sanctum
1499 553 1588 580 virum
1608 548 1641 580 ad
1666 560 1729 580 eum
1741 552 1828 580 dedu-

1038 603 1141 627 cerent.

1075 730 1192 758 LXVIII.
1206 730 1266 758 Jam
1283 738 1349 758 vero
1367 729 1474 758 dimissi
1491 729 1525 756 ab
1542 729 1705 763 imperatore
1723 732 1751 754 et
1769 726 1828 761 epi-

1038 778 1113 812 scopi
1128 781 1155 804 et
1177 777 1344 812 spatharius,
1365 775 1604 809 Constantinopoli
1623 774 1704 801 simul
1731 780 1828 800 omnes

1037 824 1188 852 solverunt.
1203 823 1238 850 At
1253 831 1315 851 cum
1328 822 1448 850 secunda
1466 821 1507 848 usi
1524 821 1712 855 navigatione,
1729 820 1763 846 ab
1779 827 1827 846 ur-

1040 870 1074 898 be
1099 870 1186 897 Roma
1208 877 1261 896 non
1277 869 1339 904 plus
1365 868 1492 896 abessent
1517 875 1597 902 quam
1622 866 1708 893 stadia
1731 866 1824 892 decem

1037 920 1110 947 octo,
1127 915 1283 942 Marcianus
1301 915 1327 941 in
1344 922 1454 949 gravem
1474 914 1620 941 admodum
1643 920 1674 939 ac
1688 911 1824 946 periculo-

1036 969 1095 989 sum
1116 962 1212 989 incidit
1233 961 1371 988 morbum.
1386 960 1470 996 Cujus
1484 959 1522 986 rei
1539 966 1621 986 causa
1638 962 1690 984 tam
1703 956 1824 992 episcopi

1035 1017 1117 1044 quam
1132 1008 1222 1036 caueri
1238 1015 1345 1039 omnes,
1360 1015 1430 1042 quos
1451 1014 1544 1034 secum
1562 1005 1708 1035 habebant,
1727 1011 1825 1037 magno

1035 1053 1130 1080 dolore
1142 1053 1229 1080 aﬂecti
1245 1057 1320 1080 sunt.
1331 1048 1414 1087 Egre
1425 1052 1534 1078 demum
1551 1051 1577 1078 in
1590 1050 1682 1076 urbem
1698 1049 1824 1083 ingressi,

1035 1099 1164 1127 Marciani
1180 1100 1266 1127 vicem
1287 1107 1381 1126 omnes
1406 1099 1498 1126 dolere
1519 1097 1675 1133 pergebant.
1699 1096 1744 1123 Ille
1761 1103 1825 1122 vero

1035 1137 1099 1181 post
1111 1146 1206 1173 decem
1223 1146 1282 1173 dies
1298 1147 1324 1172 iu
1341 1145 1467 1173 ultimum
1488 1145 1549 1171 vitae
1569 1144 1714 1171 discrimen
1739 1142 1822 1168 venit.

1035 1192 1135 1219 Verum
1153 1192 1203 1219 sub
1214 1192 1280 1219 solis
1294 1199 1431 1223 occasum,
1443 1198 1506 1218 ecce
1520 1190 1628 1221 mulier,
1646 1188 1724 1221 cujus
1741 1188 1822 1215 tiliam

1034 1244 1147 1266 sanctus
1162 1238 1311 1273 Gregorius
1326 1241 1480 1269 sanaverat,
1496 1236 1634 1271 planctum
1656 1243 1761 1266 eorum,
1776 1235 1823 1269 qui

1034 1285 1206 1312 Marcianum
1236 1284 1468 1316 lamentabantur,
1494 1281 1677 1316 pertransiens
1693 1281 1796 1307 audivit
1815 1289 1822 1307 :

1035 1331 1124 1364 Quare
1152 1330 1341 1364 interrogavit,
1366 1329 1444 1363 cujus
1467 1335 1549 1355 causa
1579 1327 1655 1360 pueri
1677 1325 1825 1361 Iug-rent?

1035 1378 1157 1410 Quorum
1179 1384 1252 1404 unus
1272 1376 1316 1403 sic
1333 1375 1371 1402 illi
1389 1374 1530 1410 respondit
1544 1382 1550 1400 :
1566 1373 1652 1400 licius
1679 1377 1782 1402 noster,
1805 1379 1824 1398 ο

1034 1422 1105 1449 bona
1123 1421 1293 1457 mater'(8‘I),
1305 1421 1422 1448 animam
1432 1420 1488 1454 agit
1504 1428 1510 1445 :
1526 1419 1596 1445 hunc
1611 1426 1660 1445 nos
1675 1418 1822 1453 ploramus.
1863 1420 1864 1423 ‘

1034 1468 1080 1495 Illa
1096 1476 1160 1495 vero
1171 1475 1265 1495 omnes
1278 1466 1389 1502 [Lxxxv]
1404 1465 1582 1500 compellans,
1595 1463 1665 1496 Quin
1683 1471 1757 1493 eum,
1773 1464 1821 1496 ait,

1034 1521 1095 1541 cum
1112 1513 1210 1540 lectulo
1231 1520 1281 1543 suo
1307 1511 1403 1542 tollite,
1434 1518 1466 1537 ac
1488 1518 1531 1537 me
1557 1509 1703 1544 sequimini
1721 1517 1728 1535 :
1747 1508 1823 1536 vobis

193 1563 281 1596 ὑμῶν.
296 1563 351 1588 Καὶ
369 1563 407 1594 ὼς
424 1563 453 1589 ὲν
468 1561 506 1596 τῷ
523 1562 625 1596 μεταξὺ
641 1561 797 1594 ὲσκότασεν,
816 1564 862 1588 καὶ
876 1563 983 1596 ἐγένετο

1036 1567 1085 1593 ego
1107 1559 1195 1586 virum
1226 1563 1350 1586 sanctum
1371 1556 1574 1588 demonstrabo,
1594 1555 1640 1591 qui
1656 1555 1751 1582 herum
1775 1562 1821 1582 vc-

194 1609 299 1642 ἑσπέρα
316 1608 420 1640 βαθεῖα,
439 1608 494 1642 ἡδὲ
508 1608 577 1643 γυνὴ
597 1609 751 1642 ἁνάγκασεν
767 1608 865 1639 αὐτοὺς
884 1608 983 1642 βαστάη

195 1664 241 1682 σαι
258 1656 306 1689 τὴν
328 1654 422 1689 κλίνην
443 1654 493 1680 σὺν
511 1653 559 1680 τοῦ
576 1654 671 1688 ἀνδρὸς
687 1653 734 1680 καὶ
751 1654 809 1688 μετ’
825 1654 911 1688 αὐτῆς
929 1655 983 1681 ἀπ-

194 1701 290 1727 ελθεῖν.
305 1701 338 1727 Οἱ
353 1700 380 1726 δὲ
396 1699 553 1730 ἀνελθόντες
568 1700 596 1725 ὲν
615 1699 653 1734 τῷ
666 1700 732 1734 οἴκῳ
750 1699 914 1735 περιὲδησαν
932 1700 982 1725 αὺ-

193 1748 239 1774 τὸν
250 1757 257 1762 ·
276 1747 356 1778 αὐτὸς
370 1746 398 1772 δὲ
417 1744 450 1781 ἦν
467 1746 654 1780 ὀλοφυρμένος
677 1745 716 1780 τῷ
731 1746 852 1780 πυρετῷ,
870 1746 917 1771 καὶ
934 1743 984 1772 οὐκ

193 1795 261 1826 οἶδε,
278 1793 306 1820 τὸ
323 1793 348 1820 τί
365 1793 438 1828 αὖτῷ
452 1794 560 1819 ἐποίουν
575 1794 599 1819 ot
614 1793 707 1824 παῖδες
722 1792 812 1819 αὐτοῦ.
830 1792 984 1818 Βαστὰσαν-

193 1849 238 1871 τες
254 1840 282 1865 δὲ
297 1840 378 1865 αὑτὸν
393 1839 427 1865 τὰ
441 1839 584 1873 παιδάρια,
601 1839 706 1874 ἤγαγον
729 1839 769 1873 εἰς
785 1839 833 1874 τὴν
848 1839 983 1874 φυλακὴν,

193 1885 257 1912 ἔνθα
269 1883 304 1921 ἦν
315 1886 329 1912 ὁ
345 1885 479 1920 μακάριος
490 1885 650 1920 Γρηγόριος.
666 1886 719 1911 Καὶ
732 1885 924 1919 εἰσαγαγόντες
936 1885 984 1910 αὺ-

187 1932 239 1959 τὸν
255 1931 326 1958 ἔνδον
345 1931 397 1966 τῆς
416 1931 550 1966 φυλακῆς,
567 1930 627 1957 ἰδὼν
643 1931 724 1958 αὐτὸν
743 1931 757 1957 ὁ
774 1923 909 1966 μακάριος
921 1931 984 1966 ἀδη-

196 1977 339 2012 μονοῦντα,
367 1977 500 2004 ἔκλαυσεν
529 1976 670 2011 ὲπάίιτῷ,
698 1976 750 2008 ἕως
779 1977 828 2002 οὐκ
854 1974 888 2010 ἦν
911 1975 984 2011 αὐτῷ

196 2023 288 2059 ἰσχύς·
307 2025 353 2051 καὶ
368 2023 498 2058 φωνήσας
512 2023 593 2049 αὐτὸν
606 2022 680 2056 ἅπαξ
695 2023 743 2049 καὶ
754 2022 804 2054 δίς,
820 2022 897 2048 οὐδὲν
910 2022 984 2057 αὐτῷ

195 2069 379 2105 ἀποκριθῆναι
399 2069 519 2102 ἴσχυσεν,
536 2068 598 2094 οὐδὲ
613 2067 721 2102 ἐπέγνω
740 2067 821 2094 αὐτὸν
838 2067 869 2094 ὲκ
884 2067 985 2102 πολλῆς

195 2116 320 2150 συνοχῆς,
345 2112 379 2150 ἦς
402 2115 549 2149 συνείχετο.
572 2114 600 2141 Ὀ
621 2114 650 2140 δὲ
669 2114 804 2149 μακάριος
828 2113 986 2149 προσελθὼν

194 2160 331 2195 ἐπέθηκεν
347 2160 421 2195 αὐτῷ
445 2160 494 2194 τὴν
518 2161 606 2195 χεῖρα,
634 2159 696 2190 δοὺς
717 2158 791 2194 αὐτῷ
813 2159 861 2190 τὰς
878 2159 986 2191 ὲξέοους

195 2203 287 2240 εὖχάςξ
303 2207 358 2232 Καὶ
377 2205 434 2240 μετ’
456 2205 545 2239 ὀλίγον
570 2204 707 2240 ἡσύχασεν
731 2205 745 2230 ὁ
761 2205 920 2239 Μαρκιανὸς
937 2206 986 2230 καὶ

1037 1609 1124 1631 strttm
1156 1603 1272 1630 sanabit.
1292 1601 1397 1630 Interea
1419 1610 1480 1629 cum
1509 1602 1625 1628 tenebrae
1643 1601 1698 1635 jam
1721 1603 1822 1631 essent,

1036 1650 1124 1684 coegit
1133 1658 1180 1677 eos
1196 1650 1294 1676 mulier
1307 1649 1356 1676 viri
1368 1649 1465 1676 lectum
1482 1648 1575 1675 tollere
1587 1655 1618 1674 ac
1627 1654 1719 1674 secum
1730 1646 1822 1673 abire:

1036 1697 1127 1731 itaque
1142 1697 1253 1724 domum
1279 1696 1407 1730 ingrcssi,
1432 1695 1599 1722 Marcianum
1624 1693 1822 1728 obligaverunt,

1036 1743 1157 1777 quicum
1183 1742 1250 1769 febri
1276 1745 1414 1773 aestuaret,
1432 1741 1543 1767 minime
1564 1740 1659 1771 sensit,
1682 1739 1746 1774 quid
1772 1739 1823 1766 sibi

1036 1788 1113 1822 pueri
1135 1783 1264 1814 facerent.
1281 1787 1350 1813 Tum
1374 1786 1554 1813 succollantes
1576 1786 1671 1812 herum
1690 1793 1776 1819 usque
1790 1783 1823 1810 ad

1037 1839 1176 1859 carcerem
1193 1835 1380 1866 gestaverunt,’
1403 1831 1428 1857 in
1447 1839 1501 1866 quo
1512 1831 1607 1857 beatus
1620 1829 1768 1864 Gregorius
1781 1830 1825 1855 tle-

1036 1877 1125 1912 gebal.
1145 1876 1180 1904 Ut
1197 1885 1271 1908 vero,
1288 1877 1321 1904 iis
1334 1877 1360 1903 in
1373 1884 1510 1903 carcerem
1525 1875 1665 1910 ingressis,
1685 1874 1751 1900 vidit
1766 1873 1825 1900 bea-

1037 1928 1082 1950 tus
1095 1923 1136 1962 vir
1147 1922 1313 1950 Marcianum
1331 1923 1427 1951 morbo
1447 1921 1641 1954 doloribusque
1657 1919 1822 1951 Confectum,

1037 1962 1129 1996 teneat
1147 1968 1278 2003 lacrymas
1295 1975 1347 1994 non
1365 1967 1471 2001 potuit,
1490 1973 1522 1992 ac
1544 1966 1667 1992 flebiliter
1692 1965 1823 1991 lamenta-

1037 2020 1080 2042 tus
1102 2018 1166 2042 csti:
1184 2014 1283 2042 deinde
1297 2014 1453 2040 inclamavit
1468 2021 1529 2039 eum
1546 2011 1629 2038 semel
1650 2019 1681 2037 ac
1698 2011 1739 2037 bis
1756 2019 1763 2037 :
1779 2009 1824 2044 qui

1037 2065 1127 2088 tamen
1154 2068 1204 2088 nec
1223 2060 1388 2095 respondere
1411 2059 1449 2086 illi
1476 2058 1625 2093 quidquam
1649 2057 1746 2090 potuit,
1774 2063 1826 2081 nec

1037 2106 1136 2140 ipsum,
1152 2105 1179 2132 vi
1195 2105 1282 2132 morbi
1295 2113 1349 2140 quo
1361 2105 1521 2140 angebatur,
1544 2107 1725 2133 exsteruatus,
1739 2108 1825 2134 agno-

1035 2152 1084 2179 vit.
1102 2152 1172 2186 Ergo
1184 2152 1315 2179 accedens
1332 2151 1418 2185 magis
1432 2151 1527 2177 beatus
1539 2149 1580 2175 vir
1595 2155 1705 2175 manum
1721 2147 1759 2173 illi
1776 2147 1826 2172 im-

1037 2198 1138 2232 posuit,
1155 2202 1183 2224 et
1199 2203 1345 2225 consuetas
1355 2196 1458 2224 addidit
1473 2203 1578 2231 preces.
1596 2194 1655 2221 Non
1671 2193 1755 2220 multo
1767 2197 1827 2227 post

195 2252 374 2286 ἀφύπνωσεν.
395 2249 429 2287 ἦν
446 2251 502 2286 γὰρ
515 2251 585 2286 ἔχων
604 2251 711 2286 ἡμέρας
723 2249 809 2276 εἴκοσι
826 2250 906 2276 πέντε
924 2251 984 2285 μηδ’

1038 2245 1179 2278 quiescere
1195 2243 1350 2270 Marcianus
1372 2247 1453 2277 atqtte
1474 2242 1629 2269 obdormire
1651 2241 1742 2274 erepit,
1762 2247 1823 2266 cum

194 2298 262 2330 ὅλως
279 2297 446 2332 κοιμηθῆναι
468 2296 601 2331 δυνηθείς.
618 2295 819 2331 Προσελϐόντες
835 2296 862 2321 δὲ
882 2297 905 2322 ot
922 2297 986 2322 παῖ-

195 2344 239 2375 δες
270 2343 367 2375 αὑτοῦ,
400 2343 546 2373 πίπτοντες
579 2341 655 2376 παρὰ
686 2341 749 2372 τοὺς
781 2341 862 2372 πόδας
889 2341 984 2371 αὑτοῦ.

197 2389 335 2420 κλαίοντες
355 2389 403 2415 καὶ
424 2388 563 2422 λέγοντες·
583 2386 711 2421 Ἐλέησον
730 2388 813 2422 ἡμᾶς,
835 2387 912 2413 δοῦλε
939 2386 985 2413 τοῦ

196 2435 276 2467 θεοῦ,
288 2435 335 2462 καὶ
351 2435 428 2468 εὖξαι
441 2435 511 2470 ὑπὲρ
525 2433 572 2461 τοῦ
592 2433 689 2469 κυρίου
701 2434 779 2468 ἡμῶν
793 2434 841 2460 καὶ
858 2432 904 2460 σοῦ
918 2434 987 2468 ⁴ἢγα-

197 2482 319 2516 πημένου
336 2481 423 2515 φίλου.
446 2481 475 2506 '0
490 2481 518 2507 δὲ
539 2480 607 2515 πρὸς
631 2480 745 2511 αὐτούς·
762 2480 851 2506 Τέκνα
877 2488 939 2514 μου,
956 2480 986 2505 τὸ

197 2526 303 2562 θέλημα
326 2526 374 2553 τοῦ
399 2525 500 2561 Κυρίου
518 2525 638 2562 γενέσθω
664 2525 712 2551 καὶ
731 2526 770 2556 είς
786 2524 866 2551 αὐτὸν
885 2525 931 2551 καὶ
947 2525 987 2555 εἰς

197 2573 281 2606 ἡμᾶς.
298 2571 366 2607 Περὶ
384 2571 412 2597 δὲ
427 2571 458 2597 τὸ
475 2570 651 2606 μεσονύκτιον
664 2570 817 2606 προσῆλοον
840 2570 875 2595 τὰ
889 2569 987 2596 παιδά-

199 2626 255 2653 ρια,
268 2618 315 2644 καὶ
326 2618 515 2653 κρατήσαντες
528 2617 620 2647 αὑτὸν,
638 2616 692 2642 ἰδοὺ
705 2617 754 2642 οὐκ
766 2614 841 2650 ἦν’ὲν
851 2615 925 2650 αὐτῷ
939 2624 987 2641 πυ-

199 2663 286 2698 ρετὸς,
301 2663 348 2690 καὶ
361 2662 487 2695 ἐδόξαζον
501 2662 547 2688 τὸν
562 2662 638 2688 Θεόν.
661 2661 689 2688 Ὀ
702 2661 730 2687 δὲ
745 2661 823 2695 ἅγιος
837 2661 987 2696 Γρηγόριος

238 2751 293 2785 (81)
307 2750 336 2777 in
357 2751 460 2778 Moschi
478 2750 559 2777 Prata
580 2759 634 2777 non
651 2751 732 2778 semel
755 2751 876 2778 occurrit
892 2750 988 2783 huius-

200 2787 273 2812 modi
299 2786 417 2813 formula
446 2786 472 2812 in
498 2786 607 2813 feminis
630 2786 806 2820 appellandis,
833 2786 866 2812 iis
891 2787 984 2816 etiam,

199 2828 260 2855 quin
280 2821 373 2855 procul
394 2829 408 2848 a
430 2822 602 2847 monasteriis
625 2823 708 2848 vitam
731 2822 867 2856 degerent.
885 2821 985 2855 Διηγή-

201 2863 266 2891 σατο
283 2856 311 2882 δὲ
328 2857 394 2891 ἡμῖν
420 2858 436 2891 ὴ
459 2856 528 2889 αὑτὴ
545 2857 657 2891 ’Ἂμμας
681 2857 802 2890 Δαμιανὴ
826 2857 870 2882 καὶ
897 2856 984 2882 τοῦτο.

202 2889 435 2919 Νανναιιὶιίιυισηι
449 2892 523 2919 nobis
538 2889 628 2918 eadem
653 2889 739 2918 Mater
760 2889 892 2918 Dttmiarm
908 2891 986 2917 etiam

1034 2290 1091 2325 jam
1116 2289 1262 2317 vicesimus
1276 2289 1388 2324 quintus
1404 2288 1462 2314 dies
1485 2292 1567 2317 esset,
1588 2294 1620 2312 ex
1638 2293 1691 2319 quo
1713 2292 1825 2311 smnnus

1037 2347 1099 2366 cum
1132 2338 1244 2365 omnino
1262 2337 1424 2370 reliquerat.
1442 2333 1518 2360 Servi
1539 2339 1603 2358 vero
1626 2331 1696 2357 illius
1717 2330 1749 2356 ad
1762 2338 1826 2355 san-

1037 2391 1111 2413 ctum
1128 2385 1217 2412 virum
1236 2382 1372 2414 conversi,
1387 2381 1533 2416 procidunt
1549 2379 1582 2406 ad
1599 2379 1680 2413 pedes
1701 2377 1771 2411 ejus,
1794 2383 1826 2402 ac

1038 2431 1133 2459 ﬂentes
1152 2440 1158 2457 :
1175 2430 1315 2461 Miserere,
1331 2428 1470 2462 inquiunt,
1491 2426 1587 2456 nostri,
1604 2433 1620 2450 ι)
1636 2423 1680 2450 Dei
1697 2431 1785 2453 sci-rc,
1800 2428 1827 2449 et.

1038 2478 1137 2505 adhibe
1161 2483 1257 2511 preces
1274 2482 1322 2509 pro
1347 2475 1412 2501 hero
1435 2477 1540 2504 nostro,
1564 2471 1716 2505 eodemque
1739 2470 1827 2495 amico

1040 2523 1086 2550 tibi
1109 2522 1282 2549 charissima.
1302 2519 1407 2552 Quibus
1427 2518 1470 2545 ille
1486 2526 1493 2544 :
1510 2517 1581 2549 Filii,
1599 2516 1696 2552 inquit,
1710 2515 1773 2545 mei,
1795 2515 1828 2541 de

1039 2577 1071 2596 eo
1087 2569 1173 2603 deque
1187 2567 1266 2594 nobis
1279 2566 1350 2601 quod
1367 2565 1497 2592 Dominus
1512 2562 1619 2594 statuit,
1637 2562 1662 2588 id
1683 2562 1737 2588 tiat.
1767 2561 1827 2586 Cir-

1039 2623 1070 2642 ca
1096 2614 1213 2641 mediam
1230 2616 1337 2640 noctem
1355 2603 1503 2638 accessere.
1521 2609 1620 2636 iterum
1647 2608 1734 2642 pueri,
1751 2614 1827 2632 euin-

1039 2669 1092 2697 que
1104 2661 1198 2688 herum
1212 2659 1374 2695 tetigissent,
1387 2658 1447 2686 sine
1460 2656 1528 2684 febri
1543 2663 1606 2683 eum
1621 2661 1680 2682 esse
1689 2654 1825 2681 sentiunt:

1040 2753 1086 2779 hoc
1106 2751 1187 2787 (apud
1203 2751 1290 2787 Cotel.
1311 2749 1439 2787 MaEccl.
1455 2748 1536 2787 Gr._t.
1556 2744 1729 2787 Il,_p_.\/i(I.’i):
1748 2743 1828 2787 imitus

1041 2779 1180 2814 Damin’nze
1206 2786 1277 2812 filius
1302 2786 1384 2820 patilo
1408 2788 1470 2820 post
1503 2785 1549 2818 (p.
1581 2779 1828 2820 IIUZ)_‘.II)_|H:|I'JI£I|'

1040 2824 1228 2856 Allu‘nogeucs
1259 2816 1584 2854 I‘et'rarum'cpia-opus.
1615 2816 1668 2842 Τοῦ
1693 2816 1752 2841 υἱοῦ
1779 2816 1828 2848 τῆς

1042 2859 1072 2885 ’Ἃ
1079 2866 1152 2894 μμας
1168 2857 1316 2892 Δαμιανῆς.
