2083 3155
190 199 240 233 681

191 257 265 292 Ἀρά
277 265 319 290 γε,
330 255 421 290 γύναι,
431 254 579 281 ἐπίστασαι
592 252 637 279 τὺν
652 252 803 279 ἐπίσκοπον
816 252 865 286 τῆς
878 249 983 282 πόλεώς
999 251 1022 280 Α

193 313 261 336 σονς
279 304 361 336 Λέγει
379 301 453 337 αύτῷ
473 301 490 336 ἠ
508 301 578 335 κόρη
591 308 598 315 ·
619 299 685 331 Ναὶ,
700 298 829 330 δέσποτα,
843 298 889 324 καὶ
911 298 982 324 πάνυ

192 349 274 378 αὑτὸν
289 348 439 382 ἐπίσταμαι
452 355 459 362 ·
475 346 608 378 πολλάκις
621 345 675 379 γὰρ
690 344 826 380 ἐθεώρουν
844 343 925 371 αὑτὸν
943 343 983 370 6t-

193 396 341 432 ερχόμενον
356 394 403 420 καὶ
415 393 650 427 ἐπισκεπτόμενον
662 390 766 422 πάντας
779 390 842 421 τοὺς
858 389 985 424 πτωχοὺς

193 443 242 477 τῆς
255 441 371 472 πόλεως,
387 439 435 466 καὶ
452 439 514 470 ταῖς
526 438 628 473 χήραις
643 437 692 464 καὶ
705 436 835 471 ὀρφανοῖς
855 434 985 470 παρέχων

195 487 227 514 τὰ
244 487 314 521 πρὸς
335 485 385 522 τὴν
407 485 514 521 χρείαν.
531 484 618 518 Κάγὼ
633 483 702 518 αὐτὴ
727 483 744 518 ἡ
764 481 845 508 ἀθλία
869 481 985 508 πάντοτε

195 532 259 568 παρ’
276 530 360 558 αὑτοῦ
384 531 517 566 ἐδεχόμην
531 529 716 565 ἐλεημοσύνην
739 528 814 564 παρὰ
835 526 884 554 τοῦ
905 534 985 553 τετα-

194 577 297 613 γμένου
314 577 355 609 εἰς
369 577 399 603 τὸ
412 577 557 603 διακονεῖν.
571 575 703 609 Λέγουσιν
717 573 786 609 αὐτῇ
799 573 882 600 πάλιν
905 572 968 599 τάδε
979 579 987 587 ο

198 625 247 656 Σὺ,
264 623 356 658 γύναι,
379 623 467 657 ἔγνως
486 622 532 648 τὸν
549 621 634 656 ἄνδρα
652 619 802 654 ἐπιμίξεως
826 618 987 653 σωματικῆς

196 663 342 704 γενόμενον
360 668 430 704 μετὰ
447 667 511 700 σοῦ;
534 667 566 693 'H
579 667 607 693 δὲ
621 665 773 698 στενάξασα
785 665 818 691 ἐκ
829 664 928 699 βάθους
941 663 987 690 καὶ

196 717 366 753 δακρύσασα,
381 716 473 752 ἄρασα
494 714 544 750 τὴν
567 713 660 749 φωνὴν
685 713 725 743 είς
742 712 819 747 ὕψος,
841 709 934 738 εἶπεν·
949 711 986 746 Ζῇ

197 763 300 798 Κύριος
322 763 378 789 τῶν
398 761 551 796 δυνάμεων,
565 761 616 787 οὐκ
639 758 698 786 οἶδα
712 759 758 785 τὸν
773 758 915 793 ἄνθρωπον
927 756 990 784 τοῦ-

196 819 254 842 τον,
271 809 314 841 τίς
329 802 414 839 ἐστιν,
429 807 521 838 καθὼς
532 806 608 832 αὐτοὶ
626 806 756 840 εἰρήκατε
770 804 915 838 γενόμενον
930 803 988 838 μετ’

198 856 266 892 ἐμοῦ
279 865 287 872 ·
303 855 370 882 ἀλλὰ
386 853 500 885 Σαϐῖνος
517 853 564 879 καὶ
577 852 778 888 Κρησκεντῖνος
798 846 870 877 οὗτοι
882 851 906 876 οἱ
919 857 990 885 παρ-

198 902 345 937 εστηκότες
375 899 532 936 ἔμπροσθεν
559 898 649 934 ὑμῶν,
673 897 749 924 αύτοί
773 905 807 932 με
830 897 991 931 ἠνάγκασαν
1007 918 1028 946 Β

199 947 389 982 κατηγορῆσαι
406 945 451 972 τὸν
471 945 575 972 δίκαιον
595 944 689 970 τοῦτον
700 951 707 958 '
721 944 850 979 χρήματα
872 943 926 978 γάρ
944 951 990 978 μοι

199 992 382 1020 κατεὸάλοντο
395 989 488 1022 ἱκανὰ,
501 990 557 1021 ἴνα,
570 989 608 1020 ὡς
624 986 711 1021 εἶπον,
726 987 881 1022 κατελέγξω
897 987 989 1020 αὐτὸν,

199 1035 301 1067 ἀδίκως
320 1034 551 1069 παρανομήσασα,
565 1033 738 1068 ἀπατηθεῖσα
759 1032 811 1059 ὑπὸ
828 1032 883 1058 τῶν
902 1040 992 1067 παρα-

201 1080 292 1114 νόμων
311 1078 418 1112 ἀνδρῶν
432 1077 546 1104 τούτων.
571 1077 768 1104 Ἀνταποδώσει
781 1078 874 1107 αὐτοῖς
890 1077 992 1112 Κύριος

199 1126 215 1152 ὁ
230 1125 295 1156 Θεὸς
311 1124 361 1160 τὴν
372 1124 510 1159 ἁμαρτίαν
523 1124 574 1159 τῆς
586 1123 657 1159 ἐμῆς
670 1123 774 1158 ψυχῆς·
791 1124 831 1155 εἰς
846 1123 900 1157 γὰρ
916 1123 991 1158 διετῆ

201 1171 298 1207 χρόνον
314 1171 360 1197 καὶ
377 1170 465 1204 μῆνας
480 1169 509 1202 ἐξ
525 1169 709 1205 ἐδασανίσθην
723 1169 775 1196 ὑπὸ
789 1168 837 1195 τοῦ
853 1169 991 1204 δαίμονος.

202 1217 296 1244 Ταῦτα
308 1215 336 1242 δὲ
352 1214 466 1242 εἰποῦσα
480 1214 608 1242 σταθεῖσα
623 1215 672 1241 καὶ
687 1214 912 1250 περιϐλεψαμένη
923 1215 993 1241 πάν-

202 1262 337 1299 τας-τοὺς
351 1260 530 1292 ἐπισκόπους,
548 1260 596 1286 καὶ
617 1260 674 1295 μετ’
689 1259 781 1293 ὀλίγον
802 1260 994 1294 κατανοήσασα

202 1308 248 1335 τὸν
265 1307 341 1341 ἅγιον
357 1305 520 1342 Γρηγόριον,
540 1306 648 1340 ἐπέγνω
665 1305 747 1332 αὐτόν
758 1313 764 1320 ·
785 1305 832 1332 καὶ
853 1305 995 1340 δραμοῦσα

203 1352 280 1387 παρὰ
295 1352 358 1382 τοὺς
372 1351 455 1382 πόδας
474 1349 569 1382 αὑτοῦ,
588 1350 721 1377 κλαίουσα
736 1349 828 1383 ἐλεγεν
843 1350 872 1377 ἐν
889 1349 976 1384 ἰσχύει
987 1358 994 1365 ·

210 1397 336 1431 Ἐλέησόν
361 1405 406 1432 με,
422 1396 500 1423 δοῦλε
517 1396 564 1422 τοῦ
579 1395 658 1429 Θεοῦ,
682 1397 730 1422 καὶ
748 1396 927 1431 συγχώρησόν
950 1404 995 1430 μοι

204 1443 237 1478 τῇ
250 1443 366 1477 ταπεινῇ
382 1442 412 1468 τὸ
430 1442 589 1476 παράνομον
605 1441 652 1467 καὶ
673 1441 804 1476 ἀθέμιτον
820 1441 994 1476 συμϐούλιον,

203 1489 218 1514 ὂ
229 1489 347 1523 ἐποίησα
361 1489 402 1519 είς
418 1488 458 1515 σέ.
474 1489 512 1523 Ζῇ
528 1488 630 1522 Κύριος
645 1487 659 1513 ὁ
671 1487 738 1519 Θεός
754 1496 816 1522 μου,
831 1488 861 1514 οὐ
876 1488 913 1523 μὴ
930 1489 997 1515 ἀνα-

205 1533 262 1560 στῶ
278 1535 310 1560 ἐκ
326 1533 381 1560 τῶν
395 1533 484 1560 ποδῶν
499 1541 556 1565 σου,
572 1533 624 1564 ἐως
638 1529 669 1560 οὗ
689 1533 739 1568 τὴν
754 1533 930 1569 συγχώρησίν
951 1543 997 1570 μοι

205 1579 376 1615 ἀπαγγείλῃς
388 1579 439 1614 τῆς
450 1579 612 1614 παρανόμης
631 1587 680 1614 μου
697 1578 832 1614 πράξεως.
845 1579 891 1605 Διὸ
906 1580 942 1614 μὴ
956 1580 998 1605 ἐν-
1013 1586 1034 1615 C

206 1625 392 1661 νοήσῃς,μηδὲ
405 1625 528 1660 μνησθῇς
542 1625 597 1652 τῶν
611 1625 676 1659 παρ’
690 1624 757 1660 ἐμοῦ
772 1625 947 1660 πραχθέντων
959 1625 998 1657 είς

208 1671 239 1697 σὲ
255 1670 359 1702 κακῶν,
374 1671 468 1707 Πάτερ
486 1670 558 1705 ἅγιε.

243 1717 304 1743 OE'.
325 1716 418 1744 Ταῦτα
433 1716 461 1743 δὲ
471 1717 518 1743 ἐπὶ
533 1717 664 1749 πλείστας
675 1717 750 1753 ὥρας
767 1717 946 1753 διαλεγομένη
961 1717 1000 1752 τῷ

207 1764 280 1798 άγίῳ
294 1764 310 1798 ἡ
322 1763 401 1798 κόρη,
416 1763 578 1798 ἀποκριθεὶς
593 1764 607 1790 ό
617 1763 695 1798 ἆγιος
707 1763 780 1798 λέγει
797 1764 866 1799 αὐτῇ
879 1772 886 1779 ·
903 1761 937 1789 Ὠ
952 1763 998 1797 γύ-
1029 1761 1032 1763 λ

208 1819 263 1841 ναι,
281 1810 332 1836 οὐκ
346 1809 421 1835 ἐστιν
431 1809 499 1844 ἡμῖν
520 1810 551 1835 τὸ
568 1810 794 1844 ἐπαγγείλασθαι,
810 1810 848 1840 ὡς
868 1810 900 1836 σὺ
922 1810 1000 1844 νομί-

208 1855 277 1888 ζεις.
293 1856 317 1881 ει
335 1855 372 1890 μὴ
387 1855 467 1889 μόνον
482 1854 530 1881 τοῦ
544 1855 766 1891 φιλοικτίρμονος
782 1856 829 1882 καὶ
843 1855 998 1891 φιλανθρώ-

209 1911 261 1928 που
276 1902 344 1928 Θεοῦ
357 1901 437 1936 ἡμῶν
449 1909 456 1916 ⁶
475 1901 556 1932 αὐτὸς
571 1902 626 1937 γὰρ
641 1902 715 1929 ῑᾶται
729 1902 764 1929 τὰ
783 1902 931 1937 τραύματα
946 1902 1000 1929 τῶν

208 1948 302 1984 ψυχῶν
314 1947 404 1982 ἡμῶν,
416 1947 430 1973 ὁ
446 1947 480 1973 τὰ
500 1947 574 1982 πάθη
596 1948 629 1974 δι’
642 1947 723 1983 ἡμῶν
737 1948 870 1979 ἑκουσίως
886 1947 1000 1981 ὑπομεί.

208 2004 267 2026 νας,
278 1994 324 2021 καὶ
333 1992 476 2027 γινώσκων
490 1993 539 2027 τῆς
554 1994 656 2029 σαρκὸς
669 1994 704 2021 τὰ
720 1993 804 2028 πάθη,
817 1993 855 2025 ὡς
865 1992 999 2028 πλάστης,

209 2043 254 2069 καὶ
267 2042 447 2078 ἐνδυσάμενος
463 2042 559 2076 αὐτήν.
574 2039 657 2075 Πλὴν,
672 2039 764 2074 γύναι,
775 2038 830 2074 δῴη
843 2039 908 2073 ἡμῖν
920 2038 1001 2070 αὐτὸς

210 2089 384 2123 συγχώρησιν
399 2088 471 2115 κατὰ
485 2088 519 2114 τὰ
534 2087 672 2122 αἰτήματα
684 2085 772 2122 ὴμῶν,
789 2085 834 2113 καὶ
851 2084 1001 2120 καθαρίσαι

208 2136 283 2170 ἡμᾶς
299 2135 355 2162 ἀπὸ
371 2135 461 2169 πάσης
479 2133 628 2168 ἁμαρτίας,
645 2132 686 2159 ὅτι
702 2131 784 2163 αὑτός
798 2132 873 2157 ἐστιν
888 2132 902 2157 ό
916 2131 1001 2166 αἴρων

208 2179 260 2214 τὴν
277 2178 416 2213 ἁμαρτίαν
439 2177 487 2204 τοῦ
506 2177 621 2211 κόσμου.
644 2176 700 2203 Καὶ
725 2176 865 2211 κρατήσας
890 2176 1001 2211 ἤγειρεν

210 2225 306 2259 αὐτήν.
331 2224 456 2258 Ἐγένετο
472 2223 501 2250 δε
516 2222 597 2257 φόϐος
613 2222 660 2248 ἐπὶ
672 2221 777 2253 πάντας
790 2222 853 2252 τοὺς
873 2221 953 2253 ὄντας
972 2221 1001 2247 ἐν

209 2271 242 2304 τῇ
255 2270 323 2305 ἁγίᾳ
341 2269 443 2304 συνόδῳ
458 2268 560 2303 ἐκείνῃ,
577 2268 648 2294 ὥστε
667 2267 757 2301 λέγειν
779 2267 884 2299 πάντας
897 2275 903 2282 ·
920 2267 1001 2293 Εὐλο-

209 2316 294 2350 γητὸς
310 2317 324 2342 ὁ
335 2316 401 2347 Θεὸς
415 2315 470 2342 τῶν
489 2314 601 2349 πατρῶν
619 2313 708 2349 ἡμῶν,
724 2307 777 2340 ὄτῖ
786 2313 907 2339 τοιοῦτον
920 2313 1002 2347 ἐργάρ

209 2371 260 2396 την
275 2361 367 2396 ἐαυτῷ
386 2361 400 2387 ὁ
417 2361 483 2392 Θεὸς
502 2359 687 2395 ἐφανέρωσεν,
703 2359 752 2386 καὶ
767 2358 903 2392 ἀνέδειξεν
922 2360 951 2385 ἐν
964 2358 1003 2394 τῷ

210 2408 308 2442 κόσμῳ
323 2408 352 2433 ἐν
367 2408 429 2438 ταῖς
449 2405 578 2440 ἐσχάταις
592 2405 711 2440 ἡμέραις
724 2405 848 2436 ταύταις.
867 2404 961 2431 Ταῦτα
975 2404 1004 2431 δὲ

210 2454 302 2481 αὐτῶν
319 2452 462 2484 εἰπόντων,
479 2452 648 2486 ἀπεκίνησαν
663 2452 711 2479 καὶ
723 2451 844 2487 ἀπῆλθον
861 2452 891 2477 ἐν
907 2454 939 2487 τῇ
956 2453 1003 2478 ἐκ·

210 2499 324 2534 κλησίᾳ,
339 2498 387 2525 καὶ
407 2497 456 2532 τὴν
473 2497 547 2525 θείαν
561 2497 771 2529 ἐπιτελέσαντες
797 2498 1002 2532 μυσταγωγίαν,

211 2547 260 2572 καὶ
273 2544 471 2580 μεταλ.αὸόντες
483 2544 532 2570 τοῦ
548 2544 683 2579 άχράντου
699 2543 824 2578 σώματος
839 2543 886 2569 τοῦ
900 2544 1004 2579 Κυρίου

211 2591 292 2626 ήμῶν
311 2589 400 2625 ’1ησοῦ
412 2589 543 2626 Χριστοῦ,
558 2589 661 2624 ἔφαγον
677 2589 760 2624 ἄρτον
775 2590 804 2616 ἐν
818 2588 943 2626 τραπέζῃ
957 2590 1004 2616 τοῦ

211 2635 337 2663 πάπαηέν
355 2636 388 2670 τῇ
401 2635 494 2670 ἡμέρᾳ
506 2635 600 2670 ἐκείνῃ
614 2634 680 2661 οἵτε
695 2633 840 2660 ἐπίσκοποι
855 2634 906 2668 τῆς
927 2634 1006 2661 ’Λνα-

211 2681 304 2717 τολῆς,
320 2681 367 2707 καὶ
383 2682 398 2707 ό
418 2680 580 2715 σπαθάριος,
596 2680 642 2706 καὶ
657 2681 671 2706 ὁ
688 2679 766 2714 ἅγιος
781 2679 942 2715 Γρηγόριος,
959 2681 1006 2707 καὶ

211 2725 423 2762 ὁχαρτοφύλαξ.
437 2723 492 2752 Ἦν
503 2725 530 2752 δέ
541 2726 555 2751 ὁ
564 2725 642 2759 ἆγιος
653 2724 805 2760 Γρηγόριος
815 2725 890 2761 ἄρτῳ
903 2725 1006 2760 βραχυ-

211 2774 287 2804 τάτῳ
304 2771 486 2808 ἀρκούμενος,
504 2771 550 2798 καὶ
565 2770 692 2807 λαχάνοις
712 2770 777 2798 άνευ
796 2771 897 2798 ἐλαίου.
921 2771 1007 2798 Ἐκεῖ-

212 2819 260 2847 θεν
281 2818 311 2846 δὲ
335 2817 490 2851 ἐξελθόντες
517 2817 628 2852 ἔμειναν
655 2817 805 2853 ἀμφότεροι
827 2817 857 2844 ἐν
876 2817 915 2852 τῷ
937 2817 1006 2853 ἅμα,

1019 2253 1040 2281 D

247 2907 305 2945 (95)
319 2909 387 2938 Cod.
405 2909 430 2942 Ι,
445 2909 499 2942 ἴνα,
516 2908 553 2940 ὡς
569 2905 654 2939 εῐπον,
668 2906 833 2940 καταπλέξω
843 2906 936 2935 αὐτόν.

398 2964 537 2995 Psraon.
560 2964 618 2995 GR.
642 2961 784 2994 XCVIII.

690 198 721 227 S.
739 195 929 227 GREGORII
949 193 1205 224 AGRIGENTINI
1217 192 1317 223 ViTA.

1773 188 1827 221 682

1036 248 1113 276 urbis
1139 252 1192 275 tute
1220 247 1380 281 episcopum
1399 245 1490 273 nosti?
1514 245 1562 272 Cui
1587 243 1631 271 illa
1657 253 1664 271 :
1688 240 1825 277 Profecto,

1035 294 1155 326 domine,
1176 293 1260 328 probe
1276 292 1353 330 illum
1371 288 1438 327 μοι]
1456 291 1518 318 novi
1536 299 1542 317 :
1559 297 1630 324 saepe
1645 290 1718 316 enim
1736 290 1826 325 ipsum

1034 339 1169 372 videbam,
1189 346 1252 366 cum
1275 338 1370 365 urbem
1390 337 1488 369 obiret,
1516 341 1543 363 ct
1559 344 1654 363 omnes
1669 336 1746 362 urbis
1764 343 1828 370 ege-

1036 394 1087 414 nos
1107 385 1247 417 inviseret,
1263 391 1296 411 ac
1309 383 1398 411 viduis
1413 383 1578 418 pupillisque
1602 382 1736 417 quidquid
1758 389 1828 416 opus

1036 436 1110 460 esset
1125 431 1330 466 suppeditaret;
1356 428 1423 464 qttin
1449 433 1477 456 et
1494 436 1543 463 ego
1569 428 1668 455 misera
1686 435 1732 462 per
1747 435 1828 454 cura-

1039 483 1124 505 torem
1137 477 1198 512 ejus
1212 476 1309 511 stipem
1326 476 1360 503 ab
1376 483 1409 503 eo
1424 475 1546 510 quotidie
1560 475 1663 509 accepi.
1683 474 1748 500 Eam
1765 481 1829 500 vero

1038 530 1147 551 rursum
1176 523 1344 557 interrogant
1371 531 1378 550 :
1402 521 1437 548 At
1451 521 1523 548 enim
1545 524 1584 552 tu,
1604 520 1713 551 mulier,
1741 520 1830 546 virum

1039 569 1113 596 hunc
1132 575 1279 603 congressu
1306 567 1430 602 corporis
1447 573 1500 594 una
1524 570 1615 593 tecum
1632 564 1718 592 fuisse
1739 562 1831 592 nosti!

1040 614 1089 642 Hic
1101 614 1146 641 illa
1161 614 1196 641 ab
1208 613 1265 641 imo
1277 617 1388 648 pectore
1406 612 1549 646 suspirans
1570 619 1602 638 ac
1619 611 1773 646 Iacrymans
1788 610 1832 637 in-

1040 660 1114 696 genti
1126 667 1192 688 voce
1208 659 1335 687 clamavit
1351 667 1359 686 :
1378 658 1452 686 Vivit
1468 658 1601 685 Dominus
1619 657 1762 689 virtutum,
1781 657 1832 683 bo‘

1040 706 1141 734 minem
1156 713 1206 741 ego
1223 705 1307 737 hunc,
1321 705 1383 740 quis
1402 705 1446 738 sit,
1464 708 1600 739 quatenus
1619 710 1727 730 meeum
1748 702 1834 730 fuisse

1040 756 1090 776 vos
1102 749 1223 781 dixistis,
1241 756 1296 776 non
1310 749 1380 781 vidi;
1396 755 1491 776 verum
1518 747 1636 775 Sabinus
1651 752 1678 775 et
1700 747 1834 778 Crescen-

1042 795 1134 828 tinus,
1156 795 1203 830 qui
1219 799 1283 823 ante
1298 802 1348 823 vos
1364 800 1470 827 astant,
1489 795 1526 822 illi
1546 795 1598 830 ipsi
1613 802 1658 823 me
1681 799 1712 822 ut
1728 795 1834 830 justum

1044 842 1117 869 hunc
1133 849 1292 870 accusarem
1314 841 1464 876 adegerunt
1481 849 1488 868 :
1509 842 1653 876 pecuniam
1674 842 1746 870 enim
1767 842 1835 869 mihi

1043 887 1111 915 satis
1125 888 1254 922 grandem
1273 887 1382 924 dedere,
1399 895 1466 923 quo,
1486 891 1515 914 ot
1528 887 1594 920 dixi,
1613 895 1674 915 eum
1689 888 1836 923 redargue-

1043 940 1102 960 rem
1118 932 1187 968 (94),
1212 932 1343 966 iujustum
1365 939 1431 960 ausa
1450 931 1566 962 facinus.
1587 937 1616 960 ut
1633 940 1676 959 me
1693 933 1836 960 hominum

1044 978 1158 1006 istorum
1174 977 1305 1012 iniquitas
1318 978 1344 1004 in
1361 977 1485 1005 fraudem
1500 978 1596 1006 illexit.
1611 978 1647 1005 At
1663 978 1767 1006 crimen
1784 979 1836 1006 hoc

1045 1031 1134 1051 meum
1162 1023 1296 1052 Dominus
1323 1024 1396 1052 Deus
1424 1024 1482 1058 pari
1508 1024 1561 1052 illis
1587 1031 1667 1059 poena
1696 1025 1836 1059 rependet.

1043 1069 1111 1097 Nam
1128 1078 1178 1106 ego
1196 1070 1306 1105 quidem
1332 1071 1473 1098 biennium
1496 1075 1523 1096 et
1544 1077 1653 1098 menses
1675 1078 1722 1098 sex
1744 1078 1758 1097 a
1783 1071 1836 1097 dae-

1044 1123 1126 1144 mone
1141 1117 1296 1143 excruciata
1315 1123 1386 1143 snm.
1412 1115 1459 1144 liis
1471 1116 1552 1144 dictis
1569 1124 1630 1143 cum
1645 1121 1720 1144 stans
1741 1116 1836 1144 oculos

1045 1161 1257 1189 circumtulisset
1272 1161 1307 1188 ad
1322 1168 1418 1189 omnes
1432 1161 1587 1196 episcopos,
1605 1162 1687 1196 paulo
1704 1166 1764 1196 post
1775 1169 1838 1188 san-

1045 1212 1119 1235 ctum
1136 1207 1295 1242 Gregorium
1309 1207 1490 1243 contemplata
1509 1208 1629 1243 agnovit,
1645 1212 1727 1242 atque
1741 1215 1839 1236 accur-

1045 1260 1110 1280 rens
1126 1252 1159 1279 ad
1176 1253 1256 1287 pedes
1270 1253 1340 1287 ejus,
1357 1253 1451 1280 multis
1467 1261 1528 1281 eum
1550 1253 1678 1289 laerymis
1693 1258 1720 1281 et
1740 1261 1839 1288 magno

1046 1298 1130 1325 animi
1142 1298 1236 1326 dolore
1251 1299 1292 1326 sic
1303 1306 1365 1326 eum
1382 1302 1424 1326 est
1439 1299 1557 1326 allocuta
1572 1294 1719 1327 :Misereat
1732 1304 1757 1326 te
1774 1301 1836 1333 mei,

1047 1351 1063 1371 ο
1085 1343 1133 1371 Dei
1150 1351 1239 1376 serve,
1266 1352 1298 1371 ac
1323 1344 1456 1378 iujustum
1481 1344 1660 1380 iniquumquc
1680 1346 1836 1378 consilium,

1047 1391 1120 1425 quod
1137 1391 1163 1418 in
1179 1396 1205 1418 te
1219 1390 1411 1425 suscepi,mihi
1422 1390 1524 1418 infelici
1540 1394 1566 1418 et
1578 1390 1692 1426 abjectte
1704 1391 1837 1419 remittas.

1050 1436 1121 1465 Vivit
1137 1438 1268 1465 Dominus
1280 1438 1353 1465 Deus
1371 1445 1459 1470 meus,
1476 1445 1490 1464 a
1515 1437 1628 1472 pedibus
1642 1445 1693 1472 ego
1714 1437 1767 1465 tuis
1785 1445 1839 1464 nou

1048 1489 1112 1511 ante
1126 1484 1283 1515 abscedam,
1300 1491 1383 1519 quam
1400 1484 1467 1510 mihi
1486 1483 1579 1518 ﬂagitii
1596 1483 1647 1510 mei
1664 1485 1771 1510 veniam
1784 1491 1798 1510 a
1816 1488 1842 1511 te

1049 1529 1140 1555 datam
1175 1528 1328 1556 renuntics.
1353 1528 1539 1561 Quamobrem
1574 1536 1608 1556 ne
1640 1529 1842 1557 animadvertas

1050 1580 1118 1599 neve
1129 1572 1296 1604 memineris,
1309 1573 1390 1599 Pater
1400 1577 1505 1605 sancte,
1516 1580 1577 1607 quae
1588 1580 1603 1599 a
1612 1580 1656 1601 me
1667 1573 1737 1601 mala
1746 1579 1842 1602 contra

1053 1624 1077 1644 te
1095 1618 1214 1645 admissa
1228 1618 1293 1645 sint.

1089 1719 1193 1746 LXXV.
1213 1717 1276 1747 Herc
1299 1720 1336 1747 illi
1360 1721 1441 1747 etiam
1474 1726 1555 1755 atque
1572 1721 1653 1748 etiam
1682 1721 1843 1749 edisserenil

1052 1764 1091 1791 sic
1105 1764 1222 1799 denique
1235 1769 1348 1792 sanctus
1363 1765 1403 1792 vir
1418 1765 1557 1800 respondit
1572 1774 1578 1792 :
1601 1764 1743 1798 Nostrum,
1756 1773 1772 1792 o
1784 1773 1844 1793 mu-

1051 1810 1111 1843 lier,
1129 1818 1183 1838 non
1201 1815 1252 1843 est,
1269 1811 1341 1838 sicut
1357 1816 1384 1838 tu
1413 1817 1503 1846 putas,
1527 1811 1683 1838 renuntiare
1706 1811 1779 1847 quod
1796 1819 1844 1839 cu.

1052 1857 1105 1890 pis,
1121 1856 1168 1883 sed
1184 1857 1231 1884 Dei
1250 1856 1334 1884 unius
1350 1857 1434 1884 nostri
1452 1857 1617 1891 indulgentis
1632 1864 1663 1884 ac
1676 1857 1843 1884 miserentis.

1052 1901 1111 1937 Ipse
1127 1902 1200 1929 enim
1218 1902 1373 1929 animorum
1389 1907 1547 1930 nostrorum
1562 1902 1674 1930 vulnera
1690 1908 1779 1935 sanat,
1795 1903 1842 1938 qui

1051 1947 1222 1976 voluntarios
1236 1955 1286 1982 pro
1309 1948 1388 1974 nobis
1408 1948 1492 1975 subiit
1509 1948 1658 1981 cruciatus,
1681 1954 1707 1975 ct
1730 1948 1843 1975 humani

1052 1993 1170 2028 generis,
1189 1993 1262 2028 quod
1284 1994 1403 2021 condidit
1423 1994 1493 2021 idem
1515 1999 1597 2029 atque
1614 1994 1711 2027 induit,
1729 1994 1843 2023 affectus

1052 2039 1137 2066 novit.
1157 2039 1292 2066 Caeterum
1308 2040 1354 2067 det
1377 2040 1433 2074 ipse
1449 2041 1540 2073 nobis,
1556 2048 1573 2067 o
1594 2041 1701 2073 mulier,
1723 2042 1842 2073 veniam,

1052 2092 1134 2119 quam
1149 2085 1249 2120 singuli
1276 2086 1403 2120 petimus,
1422 2094 1526 2121 nosque
1541 2086 1575 2113 ab
1591 2087 1666 2114 omni
1686 2087 1747 2114 labe
1763 2094 1845 2113 mun-

1053 2131 1222 2166 det;quippe
1235 2131 1293 2166 ipse
1304 2136 1356 2164 est,
1370 2131 1416 2166 qui
1433 2132 1503 2159 tollit
1516 2136 1627 2167 peccata
1641 2132 1748 2159 mundi.
1763 2133 1846 2159 Eam-

1053 2184 1106 2212 que
1119 2182 1214 2204 tenens
1227 2178 1366 2205 excitavit.
1383 2177 1485 2206 Omnes
1496 2185 1570 2211 vero,
1586 2178 1632 2213 qui
1647 2178 1676 2206 in
1691 2183 1786 2206 sancta
1800 2178 1846 2206 illa

1055 2222 1159 2258 synodo
1185 2227 1271 2255 erant,
1295 2224 1378 2251 timor
1395 2224 1475 2259 cepit,
1504 2223 1609 2258 fuitque
1637 2223 1759 2251 omnium
1780 2231 1844 2256 vox,

1055 2268 1110 2296 Deo
1135 2269 1229 2297 laudes
1248 2269 1415 2302 tribuendas,
1440 2270 1486 2305 qui
1513 2270 1591 2297 talem
1619 2270 1672 2297 sibi
1689 2270 1846 2304 operarium

1054 2314 1230 2350 prodidisset,
1253 2323 1371 2351 eumque
1385 2316 1515 2343 extremis
1529 2316 1584 2343 illis
1598 2315 1694 2343 diebus
1709 2315 1769 2343 orbi
1786 2323 1846 2343 ma¢

1054 2360 1220 2388 nifestasset.
1238 2360 1362 2395 Dumque
1378 2361 1435 2388 [nec
1452 2361 1584 2392 dicerent,
1599 2361 1738 2388 discedere
1753 2368 1845 2396 mepe-

1055 2409 1130 2437 runt,
1161 2410 1243 2440 atque
1263 2405 1290 2432 in
1313 2407 1445 2441 templum
1467 2407 1584 2442 ingressi
1612 2414 1689 2435 sacra
1714 2407 1844 2442 mysteria

1055 2458 1183 2486 peregere
1196 2456 1223 2478 et
1236 2451 1412 2479 immaculato
1424 2460 1539 2487 corpore
1559 2452 1664 2480 Domini
1680 2453 1767 2480 nostri
1780 2453 1846 2481 Jesu

1055 2497 1278 2525 Christiwrefecti
1304 2503 1378 2525 sunt.
1397 2498 1497 2526 Eodem
1514 2499 1558 2526 die
1573 2499 1693 2534 pontifex
1709 2500 1847 2527 maximus

1055 2542 1199 2577 episcopos
1225 2540 1359 2573 Orientis.
1378 2542 1560 2577 spatltarium,
1585 2548 1711 2571 sattctum
1745 2542 1849 2577 Grego—

1057 2588 1128 2615 rium
1152 2593 1179 2615 et
1205 2587 1443 2623 chartopbyiaccm
1467 2589 1595 2616 convivio
1611 2589 1740 2624 accepit:
1763 2597 1850 2624 quanv

1058 2642 1138 2670 quam
1163 2637 1275 2662 sanctus
1291 2626 1449 2669 Gregorius
1470 2634 1570 2670 exiguo
1590 2642 1660 2669 pane
1683 2639 1710 2662 et
1728 2634 1851 2662 oleribus

1058 2680 1116 2707 sine
1133 2678 1193 2706 oleo
1209 2673 1355 2706 contentus
1375 2678 1437 2707 fuit.
1459 2678 1523 2706 Inde
1538 2679 1652 2714 egressi,
1669 2687 1795 2706 mansere
1811 2679 1851 2707 si-

1058 2726 1115 2753 mul
1145 2725 1215 2760 apud
1242 2717 1562 2759 episcopos‘Gregorius
1588 2730 1614 2752 et
1640 2724 1797 2759 spatltarius
1825 2729 1853 2754 et

1058 2772 1258 2808 cltartophylax
1278 2780 1286 2799 :
1310 2779 1341 2798 ac
1358 2770 1449 2807 [που]
1472 2775 1578 2798 noctem
1603 2775 1689 2798 totam
1714 2770 1852 2800 insomnes

1059 2817 1206 2845 traduxere
1227 2816 1339 2853 singulL
1357 2823 1426 2852 quos
1449 2815 1515 2849 dixi,
1535 2815 1704 2844 admirantes
1717 2820 1773 2843 tam
1794 2816 1853 2852 epi-

1612 2956 1653 2989 22
