2083 3155
230 175 283 207 687

724 182 763 214 S.’
773 183 963 216 GREGORII
989 185 1106 217 AGRIG
1113 185 1245 216 ENTINI
1261 185 1349 218 VITA

1803 180 1857 212 688

229 238 290 258 smn
307 230 357 258 hoc
372 229 505 258 dederunt
520 241 525 258 :
542 231 569 259 Si
584 240 645 260 cum
663 235 705 261 his
721 240 749 262 ιιι
764 245 871 271 quoque
887 239 966 272 petis,
983 247 1016 266 ne

1074 247 1116 266 ποι
1133 238 1180 265 σὺν
1196 239 1234 273 τῷ
1247 240 1324 274 πάπᾳ
1339 238 1490 274 ἐδάκρυσαν
1505 239 1552 265 καὶ
1565 235 1654 265 εἶπον·
1670 238 1699 264 EI
1713 236 1791 268 αὐτὸς
1808 238 1857 264 σὺν

230 276 294 310 quid
312 276 460 309 patiantur,
474 277 606 313 nihiljam
625 280 657 306 ad
673 287 722 307 nos
733 283 858 316 pertinet.
874 283 940 310 Nam
956 284 1018 310 iIImI

230 321 339 354 quidem
358 329 420 348 vnre
433 322 564 358 scriptum
582 329 633 355 est.
657 327 764 354 Domini
780 329 862 355 unius
889 330 1018 356 uIlioItt'tn

228 376 299 396 esse.
331 369 413 404 Igitur
432 370 501 404 jussi
519 370 620 398 milites
631 371 769 400 dimittere
785 381 842 406 eos,
859 383 913 409 quo
925 383 1020 402 rursus

224 415 323 442 eodem
340 422 435 443 omnes
457 416 644 443 convenirent.
668 417 773 446 Accidit
793 427 869 451 vero,
885 420 949 446 dum
967 427 1020 447 uno

227 459 255 486 In
271 460 331 487 loco
343 468 438 488 omnes
454 465 555 493 essent,
574 466 603 489 ut
628 463 745 497 procella
767 465 915 499 improviso
929 473 1021 492 erum-

227 511 312 540 peret,
328 511 354 534 ct
379 507 456 535 locus
472 508 527 541 ille,
552 509 579 535 in
600 518 654 544 quo
676 515 849 540 accusatores
871 516 958 545 erant,
975 512 1022 539 ob-

227 559 395 580 scuraretur.
409 554 511 582 Ventus
524 562 606 589 porro
621 564 636 583 c
649 561 719 584 terra
730 557 804 589 exiit,
818 563 845 585 et
855 557 923 585 adeo
935 558 1018 585 densa

229 599 318 634 caligo
333 607 429 628 omnes
445 601 521 633 texit,
538 606 567 629 ut
595 607 666 629 terra
694 603 846 636 dehiscere,
872 611 974 638 eosque
991 604 1018 630 in

229 645 387 679 voraginem
407 646 550 681 ahrcptura
567 655 627 675 esse
642 648 781 675 videretur
804 658 810 675 :
827 656 913 683 quare
927 649 1018 676 omnis

228 698 338 725 quoque
361 692 481 726 synodus
496 697 643 724 commota,
660 694 776 721 sublatis
797 695 830 721 ad
847 695 946 722 ctelum
966 703 1021 722 tua-

229 737 311 764 nibus
323 737 494 764 inclamavit:
507 738 626 770 Domine,
639 740 773 767 miserere.
784 741 819 767 At
829 741 868 767 rei
878 741 967 768 exitus
977 742 1020 769 hic

229 782 290 810 fuit.
312 782 397 810 Paulo
412 788 473 818 post
489 784 586 819 caligo,
608 793 667 820 quae
681 786 734 813 illis
751 785 922 818 incubuerat,
937 786 1020 813 dissi-

230 834 291 863 pata
306 834 357 859 est.
373 834 400 856 at
422 830 512 857 vultus
532 838 626 858 eorum
655 831 792 866 nigrantes
813 837 1018 866 apparuerunt;

229 876 412 909 quorumdam
426 883 490 902 vero
501 880 556 903 tota
572 876 657 904 facies
667 878 781 904 omnino
794 878 932 912 nigruerat
942 877 996 912 (99)
1011 886 1017 903 :

231 921 324 948 Sabini
343 922 368 947 in
389 922 483 955 primis
497 927 524 949 ct
537 922 706 950 Crescentini
733 924 902 958 aliorumque
917 925 1018 951 multo-

230 975 302 998 rum,
317 968 416 1002 quibus
445 974 573 1003 praeterea
594 970 664 997 labia
685 978 794 1004 quoque
819 971 887 997 adeo
910 971 1019 998 diducta

231 1018 306 1046 sunt,
324 1015 411 1041 utvix
427 1022 458 1041 ea
475 1020 576 1042 tantum
599 1016 734 1043 adducere
754 1021 873 1050 possent,
888 1021 1020 1051 quantutn

231 1060 262 1084 ad
278 1059 445 1092 loquendum
465 1068 533 1095 opus
549 1066 633 1089 esset.
653 1061 755 1088 Ultimo
772 1063 822 1089 hoc
833 1063 958 1097 prodigio
978 1062 1020 1089 di-

230 1105 293 1132 vina
311 1106 336 1132 in
352 1111 528 1134 accusatores
542 1107 582 1134 ira
601 1107 768 1142 conquievit.
793 1108 883 1142 Quare
901 1109 1022 1144 synodus

228 1153 359 1179 universa
373 1152 500 1180 clamavit
525 1161 532 1180 :
555 1152 631 1180 Nunc
654 1154 771 1188 denique
793 1154 924 1181 Dominus
949 1155 1023 1181 chri-

231 1203 303 1224 stum
327 1197 365 1232 (l)
388 1206 467 1225 suum
490 1206 623 1232 servasse,
647 1207 719 1226 nunc
733 1200 832 1227 ecoelo
855 1205 949 1227 sancto
973 1207 1023 1227 suo

231 1249 327 1277 preces
342 1243 403 1277 ejus
424 1244 580 1271 exaudiisse
601 1244 676 1272 visus
690 1249 742 1272 est.
756 1244 870 1280 Magnus
894 1245 1023 1273 Dominus

231 1295 334 1322 noster,
349 1294 376 1316 et
389 1297 487 1324 magna
507 1290 593 1318 virtus
606 1291 680 1325 ejus;
705 1296 732 1318 et
751 1299 803 1318 non
819 1295 860 1318 est
878 1291 1024 1326 investiga-

233 1333 271 1360 tio
285 1334 393 1361 consilii
407 1334 477 1368 ejus.
502 1334 572 1362 Vere
589 1343 705 1370 magnus
717 1341 742 1363 et
767 1336 910 1364 laudabilis
932 1337 1023 1370 nitnis,

231 1384 260 1406 et
278 1380 474 1414 magnitudinis
503 1381 564 1415 cjus
589 1389 642 1408 non
661 1386 704 1408 est
729 1381 800 1409 ﬁnis.
818 1381 890 1409 Bene
912 1383 1025 1410 Domino

233 1425 357 1453 dicamus
382 1425 437 1453 Deo
454 1430 560 1458 nostro,
585 1426 630 1460 qui
655 1427 748 1453 omnia
772 1427 899 1455 utilitatis
925 1433 1025 1455 nostra:

232 1478 316 1498 causa
333 1470 413 1505 facit;
435 1471 492 1506 ipse
507 1472 580 1498 enim
600 1472 690 1500 noscit
703 1473 749 1507 qui
767 1481 830 1500 cum
848 1479 951 1506 amant,
966 1475 1026 1508 qni-

234 1525 287 1551 que
302 1516 433 1544 voluntati
459 1517 518 1552 ejus
538 1518 736 1552 obsequuntur,
762 1526 793 1546 ac
819 1524 909 1547 servat
924 1527 981 1552 eos,
1000 1525 1025 1547 rt

1071 284 1163 315 αὐτοῖς
1187 284 1272 315 αἰτεῖς
1297 284 1346 319 τὴν
1368 284 1502 310 ἀπάθειαν
1518 284 1615 314 αὐτῶν,
1634 283 1713 318 ἡμεῖς
1742 283 1857 317 πρᾶγμα

1071 328 1119 354 οὐκ
1141 327 1238 363 ἔχομεν
1252 336 1258 343 ·
1276 328 1355 355 τοῦτο
1368 329 1420 363 γὰρ
1442 327 1548 363 ἀληθῶς
1563 327 1728 362 γέγραπται,
1751 327 1792 354 ὅτι
1809 326 1856 353 τού

1071 374 1174 409 Κυρίου
1188 375 1205 409 ἡ
1218 374 1358 408 ἐκδίκησις
1372 375 1463 408 μόνον.
1479 373 1533 400 Καὶ
1544 373 1686 399 ἐκέλευσεν
1697 371 1794 403 αὐτοὺς
1805 373 1857 406 ὰφ-

1073 418 1140 444 ιέναι
1159 418 1223 449 τοὺς
1245 417 1425 454 στρατιώτας,
1441 419 1490 444 καὶ
1512 418 1593 444 πάλιν
1611 417 1700 451 ένντῷ
1717 417 1774 452 ἅμα
1797 425 1858 443 συν-

1071 463 1248 499 αθροισθῆναι
1261 464 1392 496 ἅπαντας.
1414 464 1536 498 Ἐγένετο
1546 464 1574 490 δὲ
1587 464 1615 489 έν
1626 463 1666 498 τῷ
1678 463 1776 494 αὐτοὺς
1786 460 1857 489 εἶναι

1071 509 1100 535 ὲν
1125 509 1164 535 ἐνὶ
1187 509 1274 544 τόπῳ,
1292 510 1404 544 γέγονεν
1427 510 1526 544 αἴφνης
1554 509 1654 543 λαίλαψ
1671 509 1787 545 άνέμου,
1810 509 1858 534 καὶ

1071 555 1217 582 ὲσκότασεν
1234 556 1249 581 6
1263 556 1354 589 τόπος,
1375 557 1404 582 ἐν
1462 556 1569 583 ἵσταντο
1587 557 1612 582 cl
1626 556 1793 591 κατήγοροι·
1810 555 1857 582 καὶ

1072 601 1127 627 ίδοὺ
1141 601 1239 636 ἄνεμος
1252 601 1362 636 ἐξῆλθεν
1374 602 1406 629 ἐκ
1417 602 1467 637 τῆς
1478 602 1541 637 γῆς,
1555 602 1603 628 καὶ
1614 602 1749 636 ἐκάλυψεν
1761 601 1858 632 αὐτοὺς

1071 648 1176 678 πάντας
1189 648 1289 682 γνόφος
1303 648 1436 680 σκοτινὸς,
1454 647 1524 674 ὥστε
1547 649 1651 679 πάντας
1669 648 1767 681 λέγειν,
1783 648 1823 674 ὅτι
1841 649 1857 681 ἡ

1071 694 1107 728 γῆ
1122 693 1216 728 ἔχανεν
1231 693 1279 720 καὶ
1293 693 1423 720 κατέπιεν
1437 693 1547 726 αὐτούς.
1566 694 1620 721 Καὶ
1635 695 1709 720 πᾶσα
1721 695 1738 728 ὴ
1751 693 1858 724 σύνοδος

1071 741 1111 772 εἰς
1125 739 1173 766 τὸν
1186 739 1300 776 οὐρανὸν
1319 740 1369 772 τὰς
1385 741 1479 775 χεῖρας
1494 741 1610 776 ἄραντες
1624 740 1751 776 ἔκραζον,
1765 739 1858 772 λέγον-

1070 795 1115 818 τες
1127 787 1167 812 τό·
1177 786 1265 820 Κύριε
1275 786 1414 820 ἐλέησον.
1426 787 1480 813 Καὶ
1491 786 1521 812 τὸ
1531 786 1563 821 δὴ
1577 786 1673 820 πέρας,
1696 786 1754 820 μετ’
1769 785 1858 819 ὀλίγον

1071 831 1209 865 διεσχίσθη
1228 832 1242 857 ό
1262 831 1360 865 γνόφος
1381 830 1520 857 ἑπάνωθεν
1532 830 1639 857 αὐτῶν*
1654 830 1699 856 καὶ
1719 829 1858 863 ἐφάνησαν

1071 878 1105 904 τὰ
1123 877 1257 910 πρόσωπα
1275 876 1366 903 αὐτῶν
1388 876 1611 911 μεμελανωμένα,
1627 876 1681 903 τῶν
1696 876 1724 902 δὲ
1737 876 1785 902 καὶ
1799 875 1858 902 ὀλό-

1070 924 1159 958 κληρα
1169 924 1202 950 τὰ
1212 923 1345 957 πρόσωπα
1353 923 1442 949 αὐτῶν
1455 923 1677 957 ὲμελανὼθησαν.
1693 922 1806 949 Σαϐίνου
1818 922 1857 951 δὲ,

1070 971 1116 996 καὶ
1132 969 1347 1005 Κρησκεντίνου,
1373 970 1420 996 καὶ
1435 969 1536 1004 ἐτέρων
1552 968 1657 995 πολλῶν
1678 969 1708 995 ού
1727 968 1806 1003 μόνον
1825 968 1859 994 τὰ

1071 1015 1204 1051 πρόσωπα
1224 1015 1314 1042 αὐτῶν
1333 1014 1553 1050 ὲμελανώθησαν,
1569 1014 1638 1042 ἀλλὰ
1661 1014 1708 1041 καὶ
1729 1013 1763 1040 τὰ
1781 1013 1857 1048 χείλη

1071 1062 1161 1089 αὐτῶν
1187 1061 1405 1097 κατηνέχθησαν,
1427 1061 1497 1088 ὥστε
1520 1061 1596 1096 μόλις
1612 1062 1711 1092 αὐτοὺς
1729 1060 1858 1087 δύνασθαι

1072 1107 1250 1143 περισφίγξαι
1263 1108 1332 1134 αὐτὰ
1348 1108 1390 1139 εἰς
1400 1107 1430 1134 τὺ
1443 1107 1569 1142 λαλῆσαι.
1585 1107 1686 1134 Τούτου
1701 1107 1729 1134 δὲ
1744 1107 1856 1141 γενομέ-

1072 1162 1118 1179 νου
1139 1153 1187 1179 τοῦ
1207 1152 1321 1188 σημείου
1345 1153 1487 1188 ἐτελειώθη
1508 1153 1576 1188 ὀργὴ
1595 1154 1634 1184 είς
1656 1154 1719 1183 τοὺς
1740 1152 1858 1187 κατηγό-

1075 1208 1148 1234 ρους.
1165 1198 1300 1234 Ἔκραξεν
1313 1199 1388 1225 πᾶσα
1401 1199 1418 1233 ὴ
1434 1198 1541 1229 σύνοδος
1556 1198 1672 1232 λέγουσα
1682 1207 1689 1215 υ
1705 1198 1763 1225 Νὖν
1776 1199 1860 1233 iw!»

1074 1250 1171 1277 καμεν,
1185 1243 1227 1269 ὅτι
1252 1242 1353 1269 ἔσωσεν
1374 1243 1476 1277 Κύριος
1499 1243 1546 1269 τὸν
1566 1244 1676 1278 χριστὸν
1697 1243 1790 1273 αὐτοῦ,
1812 1244 1859 1270 καὶ

1074 1287 1226 1322 ἐπήκουσεν
1253 1286 1336 1314 αὑτοῦ
1352 1287 1382 1319 ἐξ
1398 1287 1512 1321 οὐρανοῦ
1529 1288 1606 1322 ἁγίου
1622 1288 1715 1316 αὑτοῦ.
1736 1289 1831 1322 Μέγας
1845 1289 1859 1315 ό

1075 1331 1177 1366 Κύριος
1194 1332 1282 1367 ἡμῶν,
1303 1332 1350 1359 καὶ
1372 1333 1474 1368 μεγάλη
1493 1334 1508 1367 ἡ
1531 1334 1608 1368 ἰσχὺς
1625 1333 1724 1360 αὐτοῦ·
1744 1334 1791 1360 καὶ
1809 1334 1859 1361 οὐκ

1075 1376 1148 1404 ἐστιν
1162 1376 1334 1413 ἐξερεύνησις
1349 1378 1398 1411 τῆς
1409 1378 1567 1412 φρονήσεως
1579 1378 1661 1405 αὐτοῦ
1673 1387 1679 1394 ·
1694 1378 1800 1413 ἀληθῶς
1815 1379 1861 1413 μέ-

1075 1431 1126 1457 γας
1137 1423 1184 1449 καὶ
1197 1423 1302 1454 αἰνετὺς
1315 1423 1426 1457 σφόδρα,
1439 1423 1486 1449 καὶ
1500 1422 1551 1456 τῆς
1567 1423 1763 1458 μεγαλωσύνης
1776 1423 1859 1450 αὑτοῦ

1075 1469 1125 1496 οὐκ
1140 1469 1214 1495 ἔστιν
1231 1469 1328 1504 πέρας.
1343 1468 1494 1504 Εὐλογητὸς
1512 1469 1615 1506 Κύριος
1629 1470 1643 1496 ὁ
1658 1469 1724 1501 Θεὸς
1745 1469 1825 1504 ἡμῶν
1846 1471 1860 1496 ὁ

1077 1514 1165 1540 πάντα
1181 1514 1248 1549 πρὸς
1273 1513 1303 1540 τὺ
1324 1513 1462 1548 συμφέρον
1482 1513 1675 1549 ἐργαζόμενος.
1701 1514 1788 1546 Αὐτὸς
1805 1515 1860 1550 γὰρ

235 1565 268 1590 dc
285 1563 457 1590 inimicorum
474 1571 555 1591 manu
579 1569 660 1599 atque
684 1572 716 1591 ex
740 1566 813 1592 omni
829 1566 974 1593 afﬂictione
992 1567 1024 1593 li-

1075 1561 1204 1594 γινώσκει
1216 1560 1280 1591 τοὺς
1294 1560 1458 1594 ἀγαπῶντας
1469 1560 1561 1591 αὐτὸν.
1579 1561 1626 1587 καὶ
1639 1560 1703 1592 τοὺς
1717 1561 1860 1592 ποιοῦντας

235 1610 321 1636 Iterat.
339 1609 396 1644 Ipse
411 1609 545 1644 justitiam
563 1611 697 1644 impertit,
716 1611 775 1645 ipse
800 1612 929 1647 mysteria
955 1620 1026 1640 reve-

235 1654 286 1686 lat,
306 1655 364 1689 ipse
382 1656 568 1683 metuentibus
584 1663 646 1683 cuin
674 1657 789 1684 salutem
805 1657 900 1690 all‘ert;
919 1666 1026 1693 semper

235 1701 309 1727 enim
326 1708 409 1734 prope
432 1706 474 1728 est
502 1702 694 1729 invocantibus
711 1710 773 1728 cmn
802 1703 827 1729 in
856 1703 979 1736 veritate,
998 1709 1024 1732 et

231 1754 282 1772 .eus
299 1745 372 1782 [xcv]
394 1747 518 1774 celeriter
535 1747 687 1779 ulciscitur,
712 1749 783 1783 quod
809 1749 868 1776 sine
889 1750 1026 1777 intermis-

237 1793 314 1820 sione
327 1793 447 1820 clamant
461 1793 493 1820 ad
509 1801 570 1820 cum
588 1793 632 1821 die
646 1801 678 1820 ac
694 1799 782 1822 nocte.

268 1914 415 1942 LXXVIII.
433 1917 522 1950 Atque
539 1917 580 1944 his
594 1917 716 1952 prolatis,
745 1925 885 1945 accessere
904 1919 936 1945 ad
952 1925 1024 1950 cum,

238 1966 265 1988 et
288 1961 321 1988 ad
341 1962 421 1996 pedes
445 1963 580 1996 provoluti
610 1963 764 1991 dixerunt:
789 1963 888 1990 Preces
917 1963 1024 1995 adhibe,

239 2007 319 2034 Pater
338 2013 442 2041 sancte,
461 2016 510 2042 pro
527 2008 617 2040 nobis,
635 2009 679 2042 qui
707 2017 778 2036 unus
797 2010 928 2036 extremis
953 2010 1027 2037 hisce

241 2053 407 2086 temporibus
422 2053 530 2079 invictae
557 2054 693 2087 patientiae
718 2055 807 2081 virum
838 2059 863 2082 te
881 2055 984 2089 prodis,
1000 2060 1027 2082 et;

240 2098 340 2125 Christi
359 2105 390 2125 ac
406 2098 604 2132 diseipulorum
623 2099 683 2133 ejus
702 2099 870 2126 imitatorem
886 2109 894 2127 :
925 2107 984 2136 age,
1002 2105 1027 2127 tc

241 2144 428 2176 obsecramus,
444 2144 572 2178 precibus
587 2151 638 2171 nos
654 2144 708 2172 tuis
726 2144 794 2171 habe
805 2146 1025 2173 commendatos.

240 2189 288 2216 Ille
301 2196 366 2216 vero
383 2189 458 2216 humi
475 2194 639 2223 prostratus,
656 2190 738 2224 pedes
756 2189 927 2225 singulorum
945 2199 1028 2218 oscu-

241 2235 358 2267 labatur,
377 2242 420 2266 ac,
446 2233 511 2266 Vos,
540 2235 640 2267 aiebat,
667 2235 799 2270 ignoscite
826 2236 903 2269 mihi,
932 2236 1027 2263 Patres

241 2282 347 2308 sancti:
365 2288 415 2316 ego
431 2281 503 2308 enim
528 2289 588 2308 sum
608 2282 724 2312 vermis,
744 2285 771 2309 et
786 2289 840 2309 non
867 2282 960 2314 homo,
978 2290 1028 2316 op-

242 2332 382 2366 probrium
399 2331 538 2358 hominum
564 2334 591 2358 et
616 2330 732 2364 abjectio
750 2331 883 2358 omnium.
901 2330 956 2358 Vos
979 2338 1029 2365 po-

237 2379 296 2405 tius
312 2377 471 2405 tenuitatem
491 2384 578 2404 meam
599 2377 726 2412 precibus
744 2377 843 2405 vestris
867 2381 1028 2404 sustentate.

240 2423 354 2458 Jamque
381 2430 476 2450 omnes
505 2426 601 2450 sancto
626 2422 701 2449 illum
729 2422 824 2450 osculo
849 2422 1028 2449 salutabant:

241 2472 341 2505 quippe
356 2474 411 2497 tota
427 2477 460 2496 ex
474 2469 540 2496 urbe
559 2469 610 2496 viri
637 2468 801 2503 feminasque
825 2476 886 2496 cum
906 2468 1030 2496 lactenti-

243 2519 291 2544 bus
323 2517 415 2551 pueris
452 2519 646 2548 convenerant,
679 2518 876 2542 accusatorum
906 2513 1030 2548 prodigio

241 2561 323 2590 exciti
339 2570 346 2588 :
363 2565 390 2588 et
406 2569 454 2588 ora
470 2568 564 2587 eorum
580 2560 714 2594 nigrantia
734 2558 918 2593 obstupefacti
938 2558 1029 2585 intue-

243 2610 352 2636 bantur.
381 2605 500 2634 Rursum
525 2605 625 2633 deinde
646 2603 768 2639 episcopi
798 2603 831 2631 ad
862 2603 942 2632 sedes
966 2610 1030 2630 suas

279 2677 334 2714 (99)
357 2676 456 2714 Quidni
476 2675 683 2714 Agrigentinum
722 2673 840 2714 aliquem
855 2681 1029 2714 ,ra_m_mn_um

245 2708 394 2741 hominem,
414 2711 528 2738 Leontio
545 2708 643 2737 nostro
660 2708 835 2743 imposuisse,
854 2713 880 2735 et
903 2708 1029 2735 fabellam

246 2749 316 2774 hanc
332 2747 488 2773 venditasse
507 2744 717 2773 existimemus?
733 2744 872 2779 Agrigenti
899 2743 1029 2779 fortasse,

245 2787 271 2808 ut
291 2782 330 2814 lit,
355 2781 464 2808 familia:
491 2781 595 2814 aliquot
618 2787 650 2807 ex
669 2778 768 2806 Africa
785 2783 910 2814 extorres
938 2778 1029 2814 sedem

246 2819 377 2849 fixerant;
396 2824 426 2844 ex
444 2813 673 2850 iisque’prognati
693 2814 769 2850 fusca
786 2813 864 2845 facie,
880 2813 964 2850 labris
980 2813 1030 2850 i_m-

245 2851 361 2879 ntodicis
379 2848 505 2887 parentes
520 2848 684 2887 atque:avos
702 2849 865 2876 referebant.
883 2848 944 2887 llos
970 2848 1028 2882 pla-

247 2896 298 2916 nus
315 2888 368 2920 ille,
381 2883 422 2914 ἰιι
439 2887 537 2914 coloris
557 2891 583 2913 ct
599 2885 693 2912 forma:
709 2892 820 2911 causam
844 2883 979 2915 redderet,
997 2891 1030 2910 ex

1074 1605 1105 1631 τὺ
1122 1604 1228 1640 θέλημα
1243 1605 1337 1636 αὑτοῦ,
1353 1604 1400 1631 καὶ
1415 1604 1497 1636 σώζει
1509 1605 1618 1636 αὐτοὺς,
1635 1605 1684 1632 καὶ
1699 1605 1792 1641 ῥύεται
1810 1606 1860 1632 αὖ·

1075 1649 1137 1681 τοὺς
1152 1650 1183 1676 ὲκ
1193 1650 1284 1686 χειρὸς
1298 1650 1404 1685 ἐχθρῶν
1419 1649 1509 1676 αὐτῶν
1525 1650 1571 1676 καὶ
1585 1651 1618 1677 ἐκ
1631 1651 1721 1685 πάσης
1734 1651 1860 1685 θλίψεως.

1075 1694 1161 1726 Αὐτὸς
1183 1695 1291 1725 δικαιοῖ,
1320 1695 1402 1727 αὐτὸς
1427 1697 1615 1723 ἀποκαλύπτει
1641 1697 1787 1730 μυστήρια,
1814 1696 1862 1722 καὶ

1076 1741 1148 1767 ποιεῖ
1163 1741 1300 1777 σωτηρίαν
1310 1743 1369 1773 τοῖς
1387 1741 1568 1777 φοϐουμένοις
1583 1742 1675 1769 αὐτόν.
1697 1741 1795 1775 Ἐγγὺς
1807 1741 1861 1775 γάρ

1076 1787 1150 1814 ἐστιν
1163 1787 1278 1814 πάντοτε
1295 1788 1351 1819 τοῖς
1364 1788 1588 1822 ἐπικαλουμένοις
1601 1788 1682 1815 αὐτον
1697 1788 1725 1814 ὲν
1738 1787 1860 1822 ἀληθείᾳ,

1076 1835 1124 1860 καὶ⁸
1138 1833 1187 1869 τὴν
1204 1834 1344 1868 ἐκδίκησιν
1357 1834 1445 1860 αὐτῶν
1468 1835 1540 1861 ποιεῖ
1555 1835 1585 1860 έν
1599 1834 1688 1869 τάχει,
1701 1834 1743 1860 ὅτι
1758 1832 1862 1861 ἀνενδί-

1076 1885 1130 1907 τως
1143 1877 1224 1911 βοῶσι
1238 1878 1307 1913 πρὸς
1321 1878 1401 1905 αὐτὸν
1417 1879 1524 1913 ἡμέρας
1536 1879 1582 1905 καὶ
1594 1879 1702 1910 νυκτός.

1112 1922 1174 1948 OH’.
1194 1922 1249 1948 Καὶ
1272 1922 1358 1949 ταῦτα
1381 1923 1471 1950 αὐτῶν
1493 1923 1640 1956 εἰπόντων,
1669 1922 1864 1958 προσελθόντες

1077 1967 1191 1995 ἔπιπτον
1210 1967 1286 2002 παρὰ
1309 1969 1371 1999 τοὺς
1395 1969 1477 2000 πόδας
1502 1969 1598 1999 αὑτοῦ,
1617 1968 1760 2002 λέγοντες·
1781 1966 1863 2001 Εὖξαι

1078 2014 1147 2049 ὑπὲρ
1159 2014 1247 2048 ἡμῶν,
1261 2014 1350 2049 Πάτερ
1367 2013 1438 2048 ἆγιε.
1451 2014 1492 2041 ὅτι
1507 2016 1536 2041 ὲν
1548 2016 1608 2045 ταῖς
1623 2014 1739 2049 ἡμέραις
1752 2014 1864 2045 ταύταις

1077 2061 1137 2092 ταῖς
1154 2060 1280 2094 ἐσχάταις
1305 2060 1337 2086 σὺ
1357 2059 1437 2093 μόνος
1454 2060 1580 2095 ὲδείχθης
1596 2060 1715 2096 ἐργάτης
1730 2060 1780 2094 τῆς
1796 2060 1863 2086 ὐπο-

1080 2106 1174 2140 μονῆς,
1187 2106 1233 2131 καὶ
1247 2105 1339 2136 δοῦλος
1352 2105 1471 2139 Χριστοῦ
1489 2106 1536 2133 καὶ
1553 2107 1607 2132 τῶν
1626 2105 1755 2139 μαθητῶν
1770 2103 1864 2131 αὑτοῦ.

1078 2149 1298 2184 Παρακαλοῦμεν
1310 2149 1338 2176 δέ
1350 2158 1390 2181 σε,
1404 2149 1484 2184 εὔχου
1499 2149 1568 2184 ὑπὲρ
1583 2149 1672 2184 ἡμῶν,
1685 2149 1774 2184 εὖχου,
1796 2149 1824 2175 Ὀ
1837 2149 1864 2175 δὲ

1079 2195 1169 2222 πεσὼν
1187 2196 1232 2221 ἐπὶ
1248 2196 1393 2230 πρόσωπον
1408 2195 1501 2226 αὑτοῦ,
1516 2194 1719 2230 προσεκύνησεν
1733 2194 1792 2225 ἑνὸς
1805 2194 1865 2220 ἐκά-

1045 2255 1065 2281 D
1081 2250 1143 2268 στου
1164 2241 1254 2268 αὐτῶν
1270 2242 1333 2272 τοὺς
1349 2241 1444 2273 πόδας,
1460 2241 1547 2274 λέγων
1558 2248 1565 2256 °
1592 2239 1792 2275 Συγχωρήσατέ
1810 2248 1865 2273 μοι,

1080 2288 1187 2322 Πάτρες
1203 2288 1276 2321 ἆγιοι
1289 2294 1295 2301 ·
1314 2286 1369 2320 ἐγὼ
1391 2286 1447 2320 γάρ
1467 2287 1525 2321 είμι
1548 2286 1667 2320 σκώληξ,
1692 2286 1739 2312 καὶ
1754 2285 1804 2324 οὐκ
1821 2285 1865 2311 ἅν-

1080 2331 1198 2367 θρωπος,
1212 2332 1314 2363 ὄνειδος
1329 2331 1482 2366 ἀνθρώπων
1499 2331 1547 2358 καὶ
1559 2331 1728 2366 έξουθένημα
1741 2330 1863 2356 πάντων·

1080 2378 1157 2404 αὐτοὶ
1178 2377 1276 2412 μᾶλλον
1295 2376 1407 2412 εὔχεσθε
1431 2376 1502 2412 ὑπὲρ
1525 2376 1576 2411 τῆς
1592 2376 1662 2411 ἐμῆς
1680 2376 1863 2411 μετριότητος.

1086 2423 1258 2450 Ἦσπάσαντο
1269 2423 1297 2449 δὲ
1310 2423 1390 2449 αὐτὸν
1402 2421 1501 2454 πάντες
1514 2421 1552 2456 τῷ
1566 2422 1635 2456 ἁγίῳ
1651 2421 1794 2455 φιλήματι.
1812 2421 1860 2447 [Ii-

1081 2472 1115 2496 σα
1132 2470 1186 2504 γὰρ
1198 2470 1214 2503 ὴ
1231 2469 1308 2500 πόλις
1320 2466 1354 2503 ἦν
1367 2468 1584 2503 συνηθροισμένη
1597 2466 1701 2501 ἀνδρῶν
1713 2475 1742 2492 τε
1758 2466 1806 2492 καὶ
1823 2475 1863 2499 γυι

1080 2515 1191 2547 ναικῶν,
1207 2514 1253 2541 καὶ
1270 2513 1322 2545 ἓως
1335 2513 1433 2548 μικροῦ
1448 2513 1613 2548 θηλάζοντος
1633 2513 1678 2538 ὲπὶ
1692 2512 1731 2546 τῷ
1744 2514 1868 2545 γεγονότι

1082 2561 1187 2596 σημείῳ
1206 2551 1245 2591 εἰς
1266 2559 1330 2591 τοὺς
1349 2559 1530 2594 κατηγόρους.
1548 2558 1603 2585 Καὶ
1626 2555 1696 2593 ἦσαν
1713 2557 1870 2592 θαυμάζον-

1080 2606 1180 2639 τες,ὼς
1196 2605 1331 2640 ἐθεώρουν
1345 2605 1561 2640 μεμελανωμένα
1575 2603 1666 2643 αὐτῶν
1678 2603 1712 2630 τὰ
1723 2603 1868 2638 πρόσωπα.

1081 2681 1175 2701 eorum
1189 2680 1288 2707 genere
1306 2679 1368 2699 esse
1389 2671 1468 2702 dixit,
1492 2670 1539 2705 qui
1563 2668 1725 2707 Gregorium
1744 2671 1868 2694 nostrum

1081 2703 1267 2739 accusassent,
1289 2715 1321 2734 ac
1344 2706 1426 2743 simul
1452 2703 1588 2743 ostentum
1610 2703 1679 2743 istud
1691 2706 1870 2743 commentus

1081 2748 1133 2773 est,
1161 2743 1234 2777 quod
1261 2743 1342 2769 homo
1359 2741 1473 2777 minimc
1497 2740 1600 2777 malus,
1617 2744 1643 2766 et
1666 2739 1792 2777 historiae
1812 2744 1870 2777 suta

1082 2771 1261 2813 producenda:
1275 2782 1357 2811 atque
1367 2775 1497 2813 ornandae
1521 2774 1648 2808 cupidus,
1664 2772 1746 2800 facile
1763 2771 1870 2803 hausit,

1083 2811 1166 2846 utque
1179 2812 1314 2844 audierat,
1330 2811 1466 2848 exposuit.
1681 2842 1686 2848 _

1120 2844 1157 2884 (I)
1171 2849 1208 2875 Et
1224 2848 1292 2882 psal.
1313 2844 1415 2878 “1,7;
1432 2850 1458 2872 et
1478 2853 1510 2872 ex
1527 2844 1587 2872 aliis
1603 2844 1729 2878 carptim.
