2083 3155
219 133 268 166 691

715 138 747 168 S.
763 137 950 169 GREGORII
972 140 1226 171 AGRIGENTINI
1249 141 1349 173 VITA.

1795 142 1849 174 692

220 189 276 218 Βινο
290 194 429 223 acceptam
447 192 645 227 arcessivisset,
664 202 750 229 eaque
768 196 793 222 in
818 198 950 232 synodum
970 198 1009 226 in-

1062 199 1194 233 φιλόθεον.
1226 201 1280 227 Καὶ
1301 199 1514 236 προσκυνήσασα
1535 199 1584 228 καὶ
1608 200 1728 229 λαϐοῦσα
1753 202 1847 238 εὐχὴν,

220 236 346 262 troducta
361 236 502 263 adorasset
523 244 618 264 omnes
634 245 664 265 ac
679 239 730 266 sibi
750 239 817 266 bene
834 241 1007 274 precantibus

219 274 376 311 annuisset.
404 281 446 308 bis
470 282 514 309 ille
529 282 619 310 verbis
647 291 707 310 eam
732 288 773 312 est
788 285 910 313 aﬂ‘atns:
933 286 1008 313 llanc

220 326 267 352 tibi
284 327 410 360 puellam,
423 326 533 354 domina
560 334 656 360 mater,
670 330 844 362 commendo,
867 337 896 358 ut
911 332 1008 365 animte

218 372 307 406 ipsius
333 379 426 398 curam
453 380 542 406 geras,
571 380 686 408 eamque
714 375 739 400 in
768 376 810 402 die
826 375 944 408 Domini,
961 378 1006 411 qui

218 417 370 444 mercedem
383 418 497 446 daturus
512 422 562 450 est,
582 419 784 447 itutnaeulalam
801 422 940 448 restituas.
957 422 1006 449 Cui

217 463 285 490 illa:
303 463 358 496 Sic,
381 464 480 498 inquit,
495 464 615 496 domine,
633 465 687 497 liat,
707 466 744 492 uti
766 466 856 500 jubes.
875 467 914 494 Ac
939 467 1008 494 bene

218 508 256 535 illi
271 509 447 543 precantibus
461 511 579 543 cunctis,
595 511 711 545 puellam
724 502 877 540 diaconissa
894 513 1006 548 accepit,

217 559 300 588 atque
319 551 354 580 iu'
371 555 566 583 monasterium
588 556 700 583 deduxit
719 559 726 583 ἑ
749 557 791 583 ttbi
810 565 897 584 annos
914 558 1007 594 viginti

218 598 289 626 duos
302 600 390 634 exegit
409 601 531 628 moribus
547 601 725 628 emendandis
739 607 766 629 et
780 603 878 630 erratis
895 604 1008 638 expian-

219 645 261 672 dis
277 639 381 673 intenta
399 655 406 673 :
424 654 456 673 ac
478 647 625 674 [nullarum
643 641 793 682 palmarum
814 649 909 676 victrix
925 657 1008 677 occu-

218 691 288 717 buit.
529 693 542 704 ’

254 736 361 764 LXXX.
394 738 462 764 Cum
491 738 548 772 jam
576 739 643 766 bora
664 737 744 767 esset
768 749 856 772 nona,
887 741 1008 776 pontifex

219 786 355 812 maximus
384 790 508 812 sanctutn
527 785 688 821 Gregorium
708 787 833 814 hortatus
851 792 902 821 est,
917 791 946 814 ut
967 788 1003 815 di-

219 831 281 857 vina
301 832 431 866 mysteria
449 837 590 866 perageret
615 831 663 868 ω).
691 832 751 865 Quo
772 837 894 868 tempore
913 833 1007 870 [xcvn]

220 876 339 903 Orientis
359 876 478 911 episcopi
492 877 592 910 aliique
613 885 628 903 e
642 876 750 911 synodo
766 876 898 910 Spiritum
916 878 1009 912 gratiae

219 922 346 949 viderunt
368 927 462 949 saneto
486 923 544 950 viro
561 923 832 958 soperimminentem
846 932 853 954 ;
869 923 942 958 quod
955 923 1008 951 illis

220 967 374 995 sanctitatis
389 968 449 1002 ejus
460 975 598 995 summum
614 972 804 1004 argumentum
820 969 890 995 fuit:
908 977 968 996 nam
983 974 1010 996 et

220 1014 273 1048 ipsi
291 1013 345 1041 Deo
367 1015 513 1041 admodum
531 1015 634 1049 accepti
654 1020 742 1047 erant,
775 1015 918 1049 sanctique
948 1015 1009 1050 Spi—

221 1060 289 1086 ritus
319 1060 475 1094 participes.
501 1058 537 1086 Ut
553 1068 618 1087 vero
642 1064 767 1088 sanctum
796 1059 902 1087 Domini
923 1061 1008 1088 nostri

218 1103 282 1132 Jt-su
294 1105 399 1135 ChriSti
411 1113 510 1140 corpus
526 1113 556 1133 ac
571 1106 720 1140 pretiosum
737 1107 896 1141 sanguinem
909 1114 923 1134 e
938 1107 1009 1134 beati

220 1149 343 1184 Gregorii
372 1152 498 1178 manibus
523 1156 700 1186 acceperunt,
729 1152 820 1179 cibum
849 1152 946 1179 deinde
976 1153 1008 1180 ad

220 1196 356 1230 pontiﬁcis
379 1197 490 1223 maximi
511 1204 634 1224 mensam
664 1205 816 1232 sumpsere,
834 1202 890 1224 tum
911 1198 1009 1233 quietis

220 1249 302 1267 causa
333 1241 455 1276 episcopi
482 1241 607 1268 eumdem
635 1249 730 1269 omnes
747 1242 773 1268 in
800 1243 888 1269 locutu
908 1243 1008 1270 reversi

220 1290 295 1313 sunt.
313 1285 426 1313 Noctem
445 1290 534 1313 tatnen
553 1291 637 1314 totam
655 1295 742 1322 usqtte
758 1287 790 1314 ad
806 1288 892 1314 lucem
915 1288 1008 1323 vigila-

221 1339 294 1366 runt,
311 1335 344 1360 de
361 1334 500 1361 communi
518 1334 605 1361 salute
627 1342 659 1361 ac
674 1335 707 1360 de
722 1335 780 1361 utili
796 1335 904 1369 pietatis
919 1336 1010 1363 studio

220 1378 398 1405 disserentes.
410 1378 504 1405 Primo
522 1383 611 1405 autem
627 1378 748 1406 diluculo
765 1378 925 1414 Gregorium
942 1387 1010 1413 pou-

221 1422 287 1448 til'cx
301 1423 437 1449 maximus
450 1422 603 1455 arcessivit,
615 1427 641 1450 et
654 1423 726 1450 hunc
737 1431 798 1450 eum
810 1432 842 1450 eo
856 1432 1008 1451 sermonem

221 1468 316 1495 habuit
330 1477 336 1494 :
349 1468 430 1501 Audi,
447 1468 496 1501 tili,
512 1475 647 1503 exponam
666 1469 738 1495 enim
757 1470 803 1496 tibi
821 1469 895 1497 urbis
911 1475 1010 1496 nostra:

221 1515 416 1548 calamitatem,
444 1523 526 1550 quam
547 1516 640 1551 utique
656 1521 767 1551 propter
791 1516 892 1550 ﬂagitia
918 1521 1010 1545 nostra

221 1562 367 1597 contigisse
386 1561 484 1589 fateor.
514 1561 617 1590 Trabes
636 1562 760 1598 quaedam
786 1571 833 1598 per
844 1563 944 1591 llmnett
963 1565 1011 1591 atl-

222 1608 391 1635 vehebantur
414 1608 448 1635 ad
477 1608 592 1636 Sanetos
616 1609 772 1644 Apostolos.
790 1608 836 1637 Ha:
862 1609 889 1636 iu
916 1610 1010 1638 urbem

221 1659 412 1695 pervenerant,
429 1662 491 1681 cum
510 1654 599 1682 medio
617 1655 643 1681 in
661 1654 773 1682 ﬂumine
790 1659 919 1690 tanquam
935 1663 1011 1683 com-

223 1704 308 1733 pactae
326 1704 372 1727 aut
397 1700 471 1727 ferro
490 1700 549 1727 lixae
566 1701 757 1728 constiterunt.
774 1700 868 1736 Itaque
886 1701 1010 1729 clausum

222 1745 250 1771 in
267 1744 360 1771 urbem
375 1744 478 1772 aditum
494 1745 637 1778 habemus,
655 1750 684 1772 ut
699 1753 787 1780 neque
803 1746 905 1781 ingredi
925 1755 1011 1783 neque

222 1791 313 1824 egredi
331 1790 437 1825 navigia
458 1790 582 1825 possint;
601 1797 632 1818 ea
651 1798 695 1818 res
709 1792 782 1818 cives
798 1791 945 1826 plttrimum
961 1800 1010 1819 an-

223 1837 260 1870 git
279 1844 286 1862 :
302 1844 365 1863 nam
391 1844 462 1871 saape
483 1844 581 1864 manus
606 1837 787 1869 admovimus.
813 1845 863 1865 nec
886 1846 934 1865 cas
948 1846 1011 1873 per-

223 1882 332 1908 trahere
347 1889 467 1916 unquam
488 1883 639 1916 potuimus.
659 1882 803 1910 Enimvero
818 1884 947 1919 qttoniam
966 1885 1011 1911 hic

222 1934 271 1954 vos
287 1927 364 1960 estis,
384 1927 499 1955 obsecro
523 1934 581 1961 vos,
600 1933 630 1954 ιιι
655 1935 687 1955 eo
713 1936 800 1963 usque
822 1929 951 1957 accedere
978 1938 1011 1957 nc

223 1973 389 2009 gravemini;
417 1981 497 2007 spero
523 1973 596 2000 enim
623 1973 690 2006 fore,
718 1979 753 2012 ut
768 1973 901 2002 Dominus
917 1982 1011 2010 preces

222 2024 328 2047 vestras
343 2019 480 2046 exaudiat.
502 2018 552 2046 Cui
568 2019 715 2054 Gregorius
730 2021 898 2054 respondens
915 2030 921 2047 :
947 2020 1010 2048 0m-

222 2065 299 2096 nino,
312 2063 411 2098 inquit,
427 2064 560 2098 utjubes,
585 2071 684 2098 parens
711 2070 805 2092 noster
828 2065 1009 2093 sanctissime.

223 2109 335 2144 Signum
352 2110 435 2144 igitur
451 2109 542 2136 tabula
558 2109 616 2137 dari
633 2109 754 2144 pontifex
770 2111 906 2138 maximus
916 2110 1009 2145 jussit,

222 2182 289 2203 tam.
315 2177 355 2213 in
371 2177 474 2211 synodo
500 2177 572 2204 enim
604 2177 727 2213 Romana
756 2177 807 2204 sub
833 2177 1008 2213 Symmacho,
1026 2186 1048 2213 ῃ

223 2219 296 2248 anno
308 2211 360 2248 4_99
376 2212 492 2248 (ἰείη-ᾡς
509 2213 675 2248 subscripsit
692 2211 861 2248 VMarcianus'
875 2214 1010 2248 presbyter

224 2246 294 2273 tituli
315 2246 420 2282 Sancta:
443 2246 568 2278 thiliw,
599 2251 629 2282 ut
655 2247 754 2274 deinde
774 2247 800 2274 itt
828 2249 931 2282 synodo
954 2246 1008 2276 sub

223 2282 354 2315 Gtegorio
377 2281 475 2316 Magno
493 2281 583 2308 Victor
599 2281 706 2309 Sanctte
720 2281 848 2310 eriliaz.’
861 2283 899 2310 De
915 2291 1010 2310 mona-

223 2317 310 2352 sterio
334 2325 385 2351 ego
415 2322 519 2343 tantum
538 2317 673 2344 aliirmare
690 2325 813 2352 possum,
843 2326 936 2345 revera
956 2319 1010 2347 illic

223 2357 288 2379 ante
306 2351 447 2379 Paschalis
463 2352 473 2379 ί
488 2357 594 2379 aetatem
613 2351 699 2379 fuisse
714 2354 754 2379 vel
774 2354 893 2380 virorum
910 2354 950 2380 vel
972 2355 1010 2381 fe-

223 2387 360 2413 minarum
378 2396 383 2414 :
399 2388 500 2414 indicat
523 2388 595 2414 enim
611 2388 669 2421 ipse
686 2388 712 2414 in
734 2388 848 2422 epistola
867 2388 905 2415 De
920 2390 1010 2415 inven-

223 2423 293 2448 tione
305 2422 476 2456 reliquiarum
491 2427 590 2449 sancta:
601 2421 717 2449 Catciliw
731 2421 814 2457 (apud
829 2423 910 2450 llard.
928 2424 1008 2452 Couc.

225 2463 243 2483 ι.
257 2457 301 2489 IV,
314 2465 339 2491 p.
353 2457 444 2492 1225).
461 2458 512 2484 Sed
525 2462 614 2484 tamen
631 2458 702 2484 hattd
716 2458 796 2485 facile
807 2462 930 2492 apparet,
945 2460 1010 2486 viri-

225 2501 258 2520 ne
273 2501 308 2520 an
319 2492 427 2528 fortuna:
441 2497 521 2519 antea
539 2493 700 2524 incolerent,
712 2501 743 2520 ac
756 2501 821 2519 num
836 2495 892 2527 ipse
904 2496 1010 2528 primus

226 2528 298 2554 viros
328 2527 476 2560 induxerit,
493 2535 526 2554 an
547 2532 653 2555 veteres
670 2528 774 2555 incolas
793 2527 944 2555 retinuerit.
964 2529 1010 2557 Sic

224 2563 307 2595 enim,
325 2567 467 2597 postquam
482 2564 515 2590 de
531 2563 631 2595 templo
646 2571 661 2589 a
678 2571 706 2590 se
722 2563 847 2590 restituto
862 2563 940 2595 dixit,
958 2573 1009 2592 etc—

225 2603 280 2625 teta
294 2598 460 2632 quatibidem
478 2597 591 2632 perfecit
605 2603 715 2625 enarrat
732 2607 739 2625 :
757 2598 848 2633 Ibique
857 2600 891 2624 ad
904 2599 1009 2626 laudem

223 2634 357 2660 Creatoris
378 2633 528 2659 instaurata
555 2634 714 2660 monasterio
739 2634 874 2660 beatorum
897 2634 1009 2662 Δηώ-θαι

224 2669 338 2702 προδιοίί
361 2673 385 2695 et
401 2667 520 2703 Gregorii
535 2669 692 2702 confessoris
704 2689 711 2700 ,
730 2676 828 2695 necnon
843 2669 869 2695 in
885 2669 1008 2696 [tonarent

225 2709 376 2730 sanctarum
390 2705 521 2738 virginum
532 2708 557 2730 et
572 2709 718 2738 martyrum
730 2704 838 2738 Agat/ut:
847 2709 872 2730 ct
881 2704 1006 2737 Cazrilia’,

223 2739 296 2773 infra
311 2738 455 2766 Ecclesium
471 2740 497 2764 itt
512 2738 579 2768 loco.
596 2739 641 2774 qui
658 2739 757 2765 dicitur
772 2739 856 2765 Collis
873 2739 1006 2773 jacentis:

224 2775 250 2800 in
265 2783 316 2809 quo
332 2774 519 2801 monac/torum
547 2774 602 2801 Deo
617 2774 784 2801 servientium
812 2776 1008 2809 congregationi

223 2811 344 2837 unanimi
369 2810 548 2836 consumimus
574 2817 621 2844 pro
635 2810 797 2845 quotidiani:
818 2810 958 2841 'lattdibtts,
983 2816 1007 2836 et

222 2851 269 2876 pro
293 2845 410 2873 subsidio
432 2849 456 2872 ct
483 2845 654 2872 luminarium
668 2845 875 2880 continuatione,
893 2853 936 2871 seu
956 2845 1008 2871 uti-

1060 243 1124 278 ἒστη
1138 244 1292 280 ἔμπροσθεν
1305 245 1356 280 τῆς
1371 246 1480 273 συνόδου
1492 254 1498 259 ·
1514 246 1562 272 καὶ
1575 245 1650 280 λέγει
1673 247 1779 282 αὑτῇ-ὁ
1793 249 1847 276 πά-

1061 297 1114 320 πας
1123 297 1129 302 ·
1143 288 1250 324 Ταύτην
1268 298 1309 316 σοι
1322 289 1371 325 τὴν
1383 291 1466 318 παῖδα
1479 290 1662 327 παρατίθημι,
1674 292 1747 326 κυρὰ
1756 292 1847 328 ἅμμα,

1061 332 1104 358 ἵνα
1131 332 1300 369 έπιμελήσῃς
1325 334 1374 369 τῆς
1403 334 1493 370 ψυχῆς
1521 335 1617 370 αὐτῆς,
1645 336 1694 362 καὶ
1718 337 1848 372 παρα-δῷς

1060 376 1175 403 ἄσπιλον
1188 378 1216 404 ἐν
1229 379 1262 413 τῇ
1274 378 1366 414 ἡμέρᾳ
1379 379 1427 406 τοῦ
1439 379 1554 415 Κυρίου,
1568 380 1617 406 καὶ
1628 381 1694 415 παρ’
1706 381 1789 409 αὑτοῦ
1802 382 1848 409 τὸν

1062 420 1156 454 μισθὸν
1171 421 1296 457 κομίσῃς.
1312 423 1347 449 'H
1361 423 1390 450 δὲ
1406 421 1492 450 εἶπεν·
1509 423 1626 456 Γένοιτο,
1641 423 1730 459 κύριε,
1745 425 1784 457 ὼς
1799 434 1847 452 κε-

1061 466 1158 499 λεύεις.
1179 469 1233 494 Καὶ
1256 468 1365 495 πάντων
1383 469 1450 505 αὐτῇ
1471 469 1674 505 ὲπευξαμένων,
1692 471 1848 506 παρέλαϐεν

1059 513 1144 548 αὐτὴν
1168 513 1184 548 ἡ
1199 513 1331 547 διάκονος,
1349 515 1397 541 καὶ
1416 514 1479 542 ἄπιε
1494 516 1523 542 ἐν
1540 516 1578 551 τῷ
1595 508 1771 553 μοναστηρίῳ
1789 518 1848 554 μετ’

1059 559 1158 594 αὐτῆς·
1177 560 1289 586 κάκεῖσε
1304 560 1440 595 διέτριψεν
1453 561 1501 597 ἐτη
1517 561 1604 589 εῐκοσι
1618 563 1665 590 δύο
1677 564 1706 590 ὲν
1719 564 1848 600 μετανοίᾳ

1059 605 1105 630 καὶ
1119 604 1319 640 ἐξομολογήσει,
1339 606 1385 633 καὶ
1405 606 1514 640 ἀγῶνας
1536 607 1651 640 πολλοὺς
1671 609 1846 646 ὲνδειξαμένη

1059 651 1245 686 ἐτελεύτησεν.

1094 739 1134 766 Ι]’.
1153 740 1208 775 Τῆς
1223 741 1338 776 ὲννάτης
1353 742 1381 768 δὲ
1395 742 1549 778 φθασάσης,
1568 744 1756 780 προετρέψατο
1769 745 1783 771 ὁ
1795 745 1848 772 πά-

1059 793 1113 816 πας
1140 785 1185 812 τὸν
1216 786 1350 821 μακάριον
1376 787 1527 823 Γρηγόριον
1550 781 1596 815 τού
1616 789 1776 827 ᾖπιτελέσαι
1799 791 1847 826 τὴν

1060 828 1134 855 θείαν
1155 830 1359 865 μυσταγωγίαν.
1376 831 1409 857 Ol.
1425 831 1453 858 δὲ
1473 832 1521 867 τῆς
1537 833 1683 868 Ἀνατολῆς
1703 834 1847 862 ἐπίσκοποι

1025 868 1045 895 Β
1058 874 1108 908 ,καὶ
1121 873 1195 900 ἄλλοι
1211 875 1243 901 ὲκ
1258 876 1306 910 τῆς
1322 877 1430 904 συνόδου
1448 877 1596 905 ἐθεάσαντο
1611 879 1720 914 πνεῦμα
1734 879 1783 914 τῆς
1796 881 1845 915 χά-

1063 930 1135 956 ριτος
1160 923 1377 958 κατασκηνῶσαν
1392 924 1437 951 τδν
1453 925 1541 959 ἅγιον,
1558 926 1605 952 καὶ
1622 927 1847 963 ὲπληροφορήοη-

1063 974 1111 993 σαν
1127 967 1166 998 εἰς
1185 968 1266 993 αὐτόν
1281 976 1287 984 ·
1302 966 1373 1003 ἦσαν
1397 969 1450 1004 γὰρ
1471 970 1547 997 αὐτοὶ
1561 971 1709 1006 ἠξιωμένοι
1724 973 1847 1007 χάριτος,

1061 1013 1107 1038 καὶ
1121 1013 1279 1048 Πνεύματος
1296 1014 1375 1048 ἁγίου
1395 1015 1568 1050 μετέχοντες.
1585 1017 1808 1052 Κοινωνήσαντες
1819 1017 1848 1045 δὲ

1060 1057 1107 1084 τοῦ
1120 1058 1198 1093 ἁγίου
1214 1059 1341 1094 σώματος
1359 1060 1466 1087 καὶτοῦ
1489 1062 1580 1096 τιμίου
1601 1062 1716 1098 αἳματος
1731 1062 1777 1090 τοῦ
1792 1063 1847 1090 Κν-

1062 1104 1120 1140 ρίου
1138 1105 1218 1140 ἡμῶν
1238 1105 1323 1140 Ἰησοῦ
1340 1106 1459 1141 Χριστοῦ
1475 1106 1518 1133 διὰ
1532 1107 1631 1142 χειρῶν
1649 1107 1695 1134 τοῦ
1712 1109 1848 1144 μακαρίου

1061 1150 1223 1186 Γρηγορίου,
1241 1150 1343 1185 ἔφαγον
1357 1151 1439 1187 ἄρτον
1454 1152 1483 1178 ὲν
1503 1154 1536 1188 τῇ
1554 1154 1680 1190 τραπέζῃ
1693 1153 1742 1180 τοῦ
1757 1156 1847 1187 πάπα.

1061 1195 1107 1221 καὶ
1124 1195 1310 1231 ἐκοιμήθησαν
1332 1197 1360 1223 ὲν
1382 1196 1420 1232 τῷ
1447 1197 1505 1232 ἅμα
1525 1197 1549 1224 oi.
1569 1198 1725 1226 ἐπίσκοποι.
1754 1199 1848 1226 Πᾶσαν

1060 1239 1088 1265 δὲ
1103 1240 1152 1275 τὴν
1165 1241 1249 1268 νύκτα
1265 1241 1362 1268 ἄϋπνοι
1376 1241 1529 1270 διετέλεσαν
1542 1243 1595 1275 ἕως
1610 1244 1710 1279 ὄρθρου
1725 1244 1848 1278 διαλεγό-

1062 1294 1138 1320 μενοι
1154 1287 1218 1321 περ)⁵
1238 1288 1375 1323 σωτηρίας
1391 1289 1425 1315 τὰ
1453 1289 1624 1316 συντείνοντα
1644 1291 1683 1321 είς
1703 1290 1847 1325 ὠφέλειαν.

1062 1331 1172 1367 Πρωτας
1195 1332 1224 1358 δὲ
1258 1333 1408 1369 γενομένης
1438 1335 1699 1369 προσκαλεσάμενος
1717 1337 1731 1362 ὁ
1755 1337 1849 1368 πὰπας

1061 1378 1106 1404 τὸν
1135 1378 1286 1414 Γρηγὸριον
1296 1399 1302 1411 ,
1319 1379 1393 1413 λέγει
1408 1380 1482 1416 αὐτῷ
1493 1388 1499 1394 ”
1518 1381 1662 1415 Ἄκουσον,
1676 1381 1786 1412 τέκνον.
1803 1382 1850 1408 καὶ

1061 1424 1229 1459 διηγήσομαί
1246 1433 1287 1451 σοι
1307 1425 1337 1452 τὸ
1358 1426 1466 1461 συμϐὰν
1480 1427 1546 1461 ἡμῖν
1561 1424 1643 1464 ἐν’τῇ
1659 1427 1736 1454 πόλει
1751 1428 1850 1464 ταύτῃ.

1063 1469 1204 1496 καὶτοῦτο
1226 1469 1298 1504 λέγω
1315 1470 1359 1496 διὰ
1380 1470 1430 1503 τὰς
1448 1472 1585 1508 ἡμετέρας
1607 1473 1758 1509 ἁμαρτίας,
1777 1473 1850 1500 Ξύλα

1025 1511 1045 1539 C
1063 1515 1239 1550 ἀνεφάνησαν
1262 1515 1442 1551 εξσερχόμενα
1465 1516 1510 1543 διὰ
1526 1517 1573 1544 τοῦ
1591 1518 1714 1552 ποταμοῦ
1733 1520 1772 1550 εἰς
1787 1519 1848 1550 τοὺς

1068 1559 1176 1594 ’Δγίους
1201 1560 1379 1591 Ἀποστόλους
1390 1569 1396 1575 ·
1412 1561 1458 1587 καὶ
1470 1560 1646 1588 εἰσελθόντων
1656 1562 1756 1596 αὐτῶν,
1771 1563 1850 1596 ἔστη·

1063 1615 1113 1633 σαν
1129 1607 1210 1641 μέσον
1225 1606 1270 1633 τοῦ
1287 1606 1410 1643 ποταμοῦ
1435 1607 1472 1639 ὡς
1489 1607 1644 1642 πεπηγότα,
1660 1607 1676 1644 ἢ
1690 1608 1726 1639 ὡς
1744 1608 1796 1634 ὑπὸ
1811 1616 1850 1634 σι-

1061 1653 1144 1688 δήρου
1160 1653 1362 1686 ἀσφαλισθέντα
1375 1661 1381 1666 ·
1396 1653 1443 1679 καὶ
1466 1653 1650 1688 κεκράτηνται
1665 1653 1711 1680 ὑπ’
1729 1654 1820 1681 αὐτῶν
1834 1655 1850 1688 ὴ

1061 1698 1164 1730 εἴσοδος
1173 1699 1222 1734 τῆς
1236 1699 1338 1730 πόλεως
1351 1698 1399 1724 καὶ
1419 1700 1435 1734 ἡ
1455 1698 1508 1725 τῶν
1520 1698 1630 1731 πλοίων,
1647 1699 1693 1725 καὶ
1712 1698 1773 1725 οὔτε
1791 1700 1846 1726 εἱσ-

1062 1743 1190 1779 έρχονται
1201 1744 1235 1770 τὰ
1249 1744 1338 1776 πλοῖα,
1353 1743 1415 1771 οὕτε
1428 1744 1583 1779 ἐξέρχονται
1594 1753 1600 1760 ·
1617 1745 1664 1770 καὶ
1678 1744 1751 1771 ἐστιν
1765 1745 1849 1780 πολλὴ

1062 1789 1150 1823 θλίψις
1165 1790 1193 1816 ὲν
1208 1791 1240 1824 τῇ
1252 1789 1329 1815 πόλει
1355 1789 1446 1815 ἕνεκεν
1466 1789 1572 1816 τούτου.
1588 1789 1722 1822 Πολλάκις
1737 1790 1792 1824 γὰρ
1806 1789 1850 1815 δο-

1062 1835 1230 1869 κιμάσαντες
1243 1835 1293 1861 οὑκ
1311 1835 1462 1870 ἰσχύσαμεν
1480 1835 1594 1862 ἑλκύσαι
1619 1834 1698 1861 αὑτά.
1719 1834 1788 1860 Ἀλλ’
1803 1831 1849 1860 οὖν

1060 1881 1145 1907 ὄντων
1173 1880 1250 1916 ὑμῶν
1278 1880 1412 1912 ἐνταῦθα,
1429 1880 1580 1916 παρακαλῶ
1607 1880 1754 1915 σκυλθῆναι
1776 1880 1850 1914 ὑμᾶς

1061 1927 1113 1958 ἕως
1142 1927 1233 1953 ἐκεῖσε
1247 1947 1254 1960 ,
1273 1927 1319 1953 καὶ
1343 1926 1386 1952 διὰ
1405 1926 1458 1953 τῶν
1474 1926 1563 1962 εὐχῶν
1576 1926 1653 1961 ὑμῶν
1666 1926 1849 1952 ἐπακούσεται

1062 1972 1139 2007 ὑμῶν
1150 1973 1164 1999 ὁ
1179 1971 1290 2007 Κύριος.
1313 1973 1341 1998 '0
1355 1972 1382 1999 δὲ
1397 1971 1556 2008 ἀποκριθεὶς
1575 1969 1652 1998 εἶπεν
1664 1979 1671 1985 ·
1688 1972 1731 2003 Ὠς
1744 1970 1850 1998 κελεύει

1062 2018 1078 2052 ἡ
1095 2017 1143 2044 τοῦ
1158 2017 1246 2044 κοινοῦ
1261 2017 1338 2052 ἡμῶν
1355 2017 1462 2053 Πατρος
1478 2017 1628 2052 ἀγιωσύνη.
1652 2017 1811 2043 Ἑκὲλευσεν
1821 2016 1850 2042 δὲ

1063 2064 1077 2089 ὁ
1097 2064 1191 2094 πάπας
1213 2063 1379 2098 κρουσθῆναι
1396 2063 1425 2089 τὸ
1443 2062 1531 2095 ξύλον,
1552 2064 1598 2089 καὶ
1619 2062 1849 2097 συναθροισθῆναι

1062 2111 1153 2137 πᾶσαν
1164 2109 1213 2144 τὴν
1231 2109 1309 2135 πόλιν
1323 2109 1369 2135 καὶ
1388 2108 1423 2135 τὰ
1437 2109 1617 2144 μοναπτήρια,
1634 2109 1681 2135 καὶ
1698 2109 1787 2135 πάντα
1804 2107 1849 2134 τὸν

1064 2178 1139 2205 litate
1151 2182 1177 2204 et
1187 2177 1321 2211 stipendio
1335 2177 1523 2203 monac/torum
1536 2177 1582 2203 diu
1597 2180 1725 2211 noctuque
1738 2175 1849 2201 Domino

1062 2213 1118 2240 Deo
1132 2217 1222 2245 nostra
1245 2213 1380 2239 deuotione
1395 2212 1483 2238 debita
1502 2212 1692 2247 persolvendis.
1710 2211 1850 2238 Pertinent

1062 2253 1152 2275 autem
1167 2249 1222 2274 haec
1239 2248 1271 2274 ad
1285 2255 1386 2275 attttum
1399 2247 1460 2274 82L

1098 2283 1136 2318 (4)
1154 2282 1259 2310 Similia
1274 2291 1303 2310 se
1315 2282 1474 2318 praestitisse
1486 2281 1635 2318 Gregorius
1653 2280 1838 2318 Magnttscun

1062 2315 1153 2346 Leone
1179 2315 1488 2352 epiSt-opo'Catanensi,
1514 2317 1682 2352 scripsit_ad
1702 2315 1841 2352 'Justimur

1061 2350 1204 2388 praetorem
1221 2350 1332 2384 Siciliae,
1350 2356 1492 2386 postquam
1509 2359 1605 2388 nempe
1617 2350 1738 2388 intimam
1753 2350 1840 2377 eoden

1061 2386 1117 2423 quo
1137 2393 1230 2415 noster
1246 2394 1367 2421 tempore
1385 2392 1508 2423 vocatus,
1530 2393 1558 2413 se
1574 2387 1600 2423 in
1613 2386 1719 2419 judicio
1738 2392 1837 2419 purgas

1062 2421 1122 2451 Set:
1138 2423 1268 2455 Quoniam
1282 2423 1374 2457 igitur,
1391 2422 1491 2456 inquit,
1512 2421 1633 2455 qnazdttm
1653 2426 1746 2447 contra
1761 2427 1844 2457 sacrr.

1061 2458 1150 2485 dotale
1177 2456 1340 2492 propositum
1362 2457 1393 2483 de
1415 2456 1501 2483 Leone
1532 2457 1615 2491 fratre
1646 2460 1670 2494 et
1700 2456 1843 2489 coepiscopt

1062 2499 1152 2519 nastro
1168 2494 1276 2520 sinister
1293 2500 1384 2519 rumor
1397 2497 1554 2525 asperserat,
1570 2493 1658 2517 utrum
1674 2499 1734 2517 rura
1751 2493 1846 2519 essent,

1061 2529 1185 2555 districta
1207 2528 1309 2554 diutius
1335 2527 1444 2562 fecimus
1465 2527 1636 2562 inquisitione
1658 2525 1794 2559 perquiri;
1810 2529 1850 2562 _et

1061 2563 1161 2590 nullum
1177 2564 1204 2590 in
1222 2571 1252 2590 eo
1270 2563 1301 2590 de
1316 2559 1362 2593 iis,
1385 2570 1443 2596 qua'
1462 2559 1534 2588 dicta
1551 2562 1667 2596 fuerant,
1686 2561 1790 2595 culpam
1807 2559 1848 2584 ht-

1061 2599 1189 2626 t‘em'mus.
1207 2598 1259 2625 Sed
1274 2607 1306 2625 ne
1323 2598 1385 2632 quid
1401 2597 1533 2624 videretur
1546 2597 1745 2635 atnissttnt,_aut
1759 2599 1849 2635 nostra

1059 2634 1186 2668 potuisset
1201 2633 1310 2660 dubium
1323 2630 1396 2670 cordi
1416 2640 1560 2670 remanere,
1575 2632 1610 2658 ad
1630 2631 1698 2670 beati
1716 2630 1794 2670 Petri.
1805 2637 1850 2670 sa-

1061 2664 1240 2696 rratissimum
1256 2676 1350 2703 corpus
1370 2668 1565 2703 districtareum
1591 2675 1624 2693 ex
1648 2666 1794 2703 abundanti
1810 2664 1850 2697 ft-

1060 2706 1143 2731 cimtta
1158 2709 1325 2740 sacramenta
1340 2703 1464 2740 prwbere.
1483 2702 1584 2740 Quibus
1599 2702 1736 2740 privs-tilia,
1754 2706 1848 2738 magna

1060 2748 1152 2766 sumus
1172 2736 1348 2777 exsultatione
1375 2738 1559 2777 garisi,_qnod
1575 2736 1850 2777 lutjusntodimelrperi-

1061 2780 1147 2802 mento
1179 2775 1329 2803 innocentia
1364 2770 1421 2808 ἥτις
1447 2770 1581 2801 evidenter
1606 2770 1700 2800 enituit
1728 2770 1786 2804 (lib.
1816 2776 1848 2801 tt,

1060 2811 1140 2845 epist.
1155 2810 1211 2844 55).
