2083 3155
251 143 304 175 €95

251 198 303 225 bus
333 196 370 224 ait
395 206 403 227 -,
437 196 578 233 Accedite?
599 206 631 226 ac
674 198 765 226 trabes
799 199 957 233 pet-trahite.

250 254 314 272 vero
349 245 432 272 simul
461 249 544 280 atque
573 249 747 272 aecurrentes
789 244 912 272 trabibus
940 252 1037 272 manus

251 290 396 325 injecere,
437 289 512 316 illico
557 289 648 316 trabes
688 296 720 315 ex
761 296 832 322 aqua
867 289 1037 320 extrahunt.

249 340 332 370 atque
359 335 386 361 in
409 339 509 362 terram
528 334 675 362 adducunt.
715 332 784 360 Tum
816 342 862 361 eas
892 339 1038 363 tractantes

249 381 453 416 inscriptionem
479 381 546 414 ipsis
562 380 680 406 additam
698 380 862 412 inveniunt,
888 388 948 415 qutc
969 381 1038 408 indi-

250 431 335 457 caret,
354 427 476 460 quinque
492 433 525 452 ex
553 425 606 452 illis
622 425 655 451 ad
672 430 797 452 sanctum
816 426 966 461 principem
987 427 1037 454 Pe-

249 477 334 504 trum,
352 472 474 506 quinque
495 471 528 497 ad
546 479 593 497 vas
605 471 750 498 electionis
764 470 877 498 Paulum
890 473 1035 506 pertinere.

248 518 351 545 Interea
368 515 489 551 pontifex
507 517 643 543 maximus
657 522 681 544 et
709 517 830 553 episcopi
846 526 943 546 onmes
955 523 1036 554 atque

249 565 393 590 universus
417 563 545 597 populus,
567 563 612 596 qui
643 563 760 599 prodigii
785 569 950 598 spectatores
977 564 1032 593 fue-

249 615 318 642 rant,
335 616 445 644 stupore
458 609 575 644 perculsi
589 609 717 637 aiebant:
731 609 777 637 Na:
794 611 838 638 hic
855 612 922 638 alter
934 611 1036 646 Grego-

247 656 305 682 rius
322 655 546 691 Thaumaturgus
562 660 615 687 est,
635 656 714 683 terris
729 656 809 683 hodie
823 664 838 684 e
860 657 929 685 coelo
948 658 1037 686 reddi-

247 706 301 728 tus.

282 747 416 774 LXXXII.
435 747 481 775 llis
497 748 591 776 Roma:
608 749 724 783 peractis
739 769 746 781 ,
771 757 832 777 cum
863 758 960 785 magna
975 758 1034 777 om-

247 792 322 819 nium
337 793 431 820 laetitia
448 793 557 827 fuisset,
574 795 606 821 ad
622 802 688 822 suas
716 795 826 822 demum
843 796 921 824 sedes
948 795 1034 831 [χρη]

246 838 346 873 singuli
374 839 525 866 redierunt.
547 838 705 868 Marcianus
719 848 784 868 vero
815 842 949 877 negotiis,
975 850 1035 877 qum

748 146 777 176 S.
798 146 984 177 GREGORII
1002 146 1259 177 AGRIGENTINI
1287 147 1386 177 VITA.

997 197 1036 225 Illi
1053 201 1075 227 Δ
1092 199 1206 233 μαντίου
1229 199 1325 231 αὑτοῦ,
1341 200 1389 226 καὶ
1412 199 1487 233 λέγει
1501 200 1559 231 τοῖς
1573 199 1748 235 παρεστῶσιν
1760 208 1768 215 ·
1787 200 1879 234 Ἐγγε-

1829 147 1881 179 696

1091 253 1156 270 σατε
1174 245 1222 272 καὶ
1235 246 1368 272 ἐλκύσατε
1382 245 1416 272 τὰ
1429 245 1504 278 ξύλα.
1518 246 1550 272 Οἱ
1569 245 1597 272 δὲ
1612 245 1808 281 προσελθόντες
1817 247 1880 273 ἐδα-

1091 290 1136 316 λον
1155 290 1205 322 τὰς
1218 292 1315 326 χεῖρας
1334 292 1380 318 ἐπὶ
1405 292 1440 319 τὰ
1459 291 1525 324 ξύλα
1537 313 1544 325 ,
1559 293 1607 319 καὶ
1626 292 1694 327 αὐτῇ
1709 294 1741 327 τῇ
1754 292 1813 327 ὥρᾳ
1831 295 1878 319 ἐκ·

1093 335 1255 370 σπάσθησαν
1271 336 1306 363 τὰ
1317 335 1385 368 ξύλα
1397 336 1430 362 ἐκ
1445 336 1492 362 τοῦ
1509 335 1614 369 ὕδατος,
1631 336 1674 362 κα)
1690 335 1792 370 ἔσυραν
1809 335 1878 362 αὐτὰ

1090 382 1131 412 εἰς
1146 382 1195 415 τὴν
1208 381 1260 415 γῆν
1270 390 1277 397 ·
1294 382 1342 408 καὶ
1355 382 1570 416 ψηλαφήσαντες
1587 382 1658 408 αὐτὰ
1675 378 1756 416 εὖρον
1773 382 1879 407 ἐπικει-

1091 426 1175 460 μένην
1191 427 1286 458 αὐτοῖς
1303 427 1473 462 ἐπιγραφὴν,
1484 426 1518 452 τὰ
1541 426 1590 461 μὲν
1618 426 1702 452 πέντε
1722 425 1770 452 τοῦ
1798 426 1877 460 ἁγίου

1090 473 1138 498 καὶ
1153 472 1305 507 κορυφαίου
1317 472 1432 508 Πέτρου,
1443 472 1475 498 τὰ
1486 472 1514 498 δὲ
1527 472 1595 499 ἄλλα
1608 472 1692 498 πέντε
1700 471 1747 498 τοῦ
1763 472 1877 503 σκεύους

1089 518 1138 552 τῆς
1156 517 1274 552 ἐκλογῆς
1286 517 1406 543 Παύλου.
1428 515 1502 543 Ἰδὼν
1525 517 1553 542 δὲ
1572 518 1586 542 6
1607 516 1700 547 πάπας
1715 515 1761 541 καὶ
1775 516 1799 541 οι
1816 516 1877 540 ἐπί-

1089 571 1188 589 σκοποι
1202 563 1303 594 πάντες
1316 561 1364 588 xui.
1380 563 1434 593 πᾶς
1449 562 1462 587 6
1477 561 1540 593 λαὸς
1555 562 1604 596 τῆς
1626 561 1733 592 πόλεως
1751 560 1781 586 τὸ
1801 560 1877 593 γενό-

1093 616 1173 644 μενον
1193 609 1306 643 σημεῖον
1319 609 1366 635 ἐπὶ
1378 608 1413 635 τὰ
1430 608 1507 641 ξύλα,
1526 608 1719 642 ἐξεπλάγησαν
1731 607 1858 641 λέγοντες
1869 615 1875 621 ·

1099 653 1219 689 ’Λληθῶς
1235 652 1318 685 οὗτος
1334 654 1462 689 δεύτερος
1471 655 1621 690 Γρηγόριος
1635 655 1650 680 6
1663 654 1877 689 Θαυματουργδς

1090 700 1212 735 ἀνεφάνη
1232 701 1278 727 ἐπὶ
1293 700 1344 735 τῆς
1360 701 1413 735 γῆς
1433 701 1565 736 σήμερον.

1126 747 1191 773 ΠΒ’.
1212 747 1322 773 Τούτων
1337 746 1364 773 δὲ
1377 747 1490 774 πάντων
1503 747 1657 782 γενομένων
1669 746 1699 773 ὲν
1713 746 1816 781 Ῥώμῃ,
1831 746 1877 772 καὶ

1091 793 1180 828 χαρᾶς
1210 792 1402 828 πληρωθέντες
1416 813 1424 825 ,
1440 793 1561 827 ἀπῆλθον
1584 792 1698 823 ἕκαστος
1721 794 1751 819 ἐν
1772 789 1876 828 ᾧῆσαν

1090 839 1235 873 διάγοντες
1251 839 1339 874 τόπῳ.
1357 838 1452 865 Πάντα
1468 838 1496 865 δὲ
1512 839 1629 874 ποιήσας
1643 840 1656 865 ὀ
1672 839 1832 873 Μαρκιανὸς
1843 839 1876 866 τὰ

246 883 297 917 ipsi
326 884 466 918 piissimus
495 885 643 919 imperator
671 892 765 914 uoster
791 887 989 920 mandaverat,
1008 888 1032 914 in

1092 885 1305 920 προσταχθέντα
1325 884 1400 920 αὺτῷ
1416 885 1491 919 παρὰ
1515 884 1563 911 τοῦ
1585 884 1782 911 εὐσεϐεστάτου
1797 884 1874 919 ἡμῶν

246 928 314 955 urbe
338 928 489 961 confectis,
512 935 696 957 commeatum
719 939 734 957 a
760 931 888 965 pontiﬁce
913 933 1033 960 maximo

245 974 332 1008 potiit,
361 979 389 1001 ut
414 975 465 1002 sibi
498 975 770 1011 Constantinopolim
804 977 896 1005 redire
919 978 1032 1006 liceret:

245 1028 363 1055 rumque
384 1028 416 1048 eo
444 1021 566 1057 episcopi
588 1029 699 1057 quoque
720 1027 746 1050 et
770 1023 904 1051 diaconus
927 1024 1034 1052 charto-

245 1067 344 1101 phyiax
360 1067 470 1101 petiere.
487 1066 594 1100 Quibus
607 1066 730 1094 Pontifex
749 1068 888 1097 maximus
902 1079 909 1097 :
926 1068 1033 1098 Paulis-

244 1119 291 1146 per
306 1113 386 1140 etiam
404 1117 461 1140 tum
478 1121 525 1141 vos
544 1121 646 1146 moror,
664 1114 758 1142 Patres
786 1123 894 1148 omnes,
920 1116 983 1143 dum
1000 1117 1033 1144 de

245 1159 333 1185 sancti
350 1158 475 1193 Gregorii
495 1159 578 1187 rebus
599 1161 962 1196 transigamuszjussitque
988 1170 1033 1198 sy~

243 1205 343 1231 nodum
361 1205 421 1240 cogi
436 1205 463 1232 in
477 1206 608 1241 templum
630 1207 717 1234 sancti
743 1207 870 1242 beatique
892 1208 1008 1243 apostoli
1024 1218 1030 1236 :

244 1256 323 1285 atque
342 1251 396 1278 illic
411 1259 473 1279 cum
491 1252 588 1279 iterum
601 1253 799 1286 consedissent,
813 1253 921 1282 Siculos
936 1262 1032 1282 omnes

244 1304 276 1324 ac
298 1297 422 1325 tribunos
449 1301 476 1325 et.
498 1298 642 1326 archontes
663 1299 858 1333 adduxerunt,
886 1308 988 1335 eosque
1007 1306 1033 1328 et

242 1341 364 1374 pontifex
381 1342 517 1369 maximus
537 1346 563 1369 ct
587 1343 705 1378 episcopi
734 1343 774 1371 sic
798 1344 908 1372 allocuti
950 1350 1030 1372 sunt:

244 1386 313 1414 Ecce
331 1386 410 1414 Pater
424 1391 514 1415 vester
528 1395 559 1415 ac
573 1390 721 1424 magister:
743 1389 807 1416 huic
827 1389 929 1416 addicti
956 1397 1031 1417 reve-

243 1433 357 1459 rentiam
385 1437 466 1468 atque
490 1441 610 1462 amorem
638 1435 774 1462 exhibete.
807 1434 920 1468 Nostis,
949 1443 1031 1470 quam

240 1480 333 1514 justus
348 1479 384 1506 sit
398 1479 480 1513 Dens,
498 1484 582 1514 utque
597 1480 719 1515 singulos
743 1488 791 1515 pro
814 1481 921 1508 meritis
938 1489 1030 1508 remu-

242 1530 362 1552 neretur.
376 1524 482 1557 Quibus
499 1525 537 1552 illi
550 1525 765 1559 respondentes:
792 1525 873 1558 Bene.
889 1526 1025 1561 inquiunt,

242 1571 296 1597 Deo
308 1570 435 1602 dicimus,
446 1571 492 1604 qui
504 1570 592 1597 virum
607 1570 684 1597 nobis
695 1570 891 1606 deditjustum,
904 1576 928 1598 et
941 1572 1026 1605 pium,

242 1619 269 1642 et
283 1615 451 1650 religiosum,
461 1615 520 1650 ejus
536 1615 720 1643 voluntatibus
729 1615 934 1651 obsequentem,
949 1622 1030 1652 atque

242 1659 400 1687 hominibus
423 1660 669 1693 demonstrantcm,
686 1669 767 1695 quam
794 1667 888 1690 sancte
911 1671 941 1690 ac
958 1663 1030 1697 puri-

244 1711 285 1733 ter
302 1713 402 1733 numcn
419 1706 478 1741 ejus
494 1707 618 1740 vemrari
643 1711 779 1742 oporteat.
803 1708 866 1735 Post
891 1716 952 1743 quae
969 1717 1030 1736 sur-

243 1760 309 1786 gens
322 1756 432 1780 sanctus
449 1753 597 1788 Gregorius
611 1754 730 1788 poutilici
742 1755 860 1781 maximo
876 1760 1031 1790 sanctasque

244 1799 347 1834 synodo
362 1800 530 1834 postulatum
547 1808 627 1827 suum
640 1801 780 1836 proposuit
794 1801 836 1828 his
852 1802 943 1829 verbis
956 1810 961 1828 :
976 1800 1030 1829 Vos

242 1853 303 1880 ego,
320 1845 414 1874 Patres
429 1847 526 1880 sancti,
558 1854 634 1883 rogo,
664 1852 694 1874 ut
726 1855 787 1882 qme
814 1848 951 1883 Agrigenti
972 1853 1032 1876 erat

242 1891 340 1919 domus
354 1892 527 1926 pontiﬁcalis,
544 1900 604 1920 eam
619 1893 714 1925 everti,
731 1898 757 1920 et
778 1894 832 1921 alio
850 1894 875 1920 in
890 1894 950 1922 loco
970 1895 1031 1922 ardi-

243 1937 317 1963 ticari
335 1936 473 1971 jubcatis:
501 1945 533 1965 ac
561 1939 645 1966 simul
669 1938 835 1966 catholicum
855 1940 986 1974 templum
1015 1948 1030 1967 a

243 1983 302 2010 solo
311 1983 391 2010 condi
405 1984 503 2011 velitis.
516 1984 582 2011 Nam
599 1984 717 2012 Lcucius
730 1984 774 2012 hic
790 1985 936 2012 haereticus
946 1986 1031 2014 altare

242 2029 393 2062 subvertit,
415 2034 442 2055 et
455 2037 515 2064 quae
529 2029 556 2056 in
576 2037 609 2057 eo
624 2030 771 2057 reconditae
794 2035 885 2062 erant,
903 2031 1030 2065 reliquias

241 2080 351 2102 sanctas
368 2075 394 2102 in
411 2075 579 2110 profundum
597 2075 724 2110 projecit.
742 2076 781 2102 Ad
806 2076 863 2103 hrec
886 2077 1008 2111 synodus
1023 2086 1029 2103 :

243 2120 298 2147 lloc
313 2128 433 2155 quoque,
451 2121 550 2155 inquit,
568 2121 724 2153 sancimus,
748 2125 778 2148 ut
797 2123 1030 2156 quemadmodum

242 2167 321 2200 petis,
336 2167 374 2194 sic
388 2166 478 2194 facere
493 2167 584 2194 liceat.
603 2167 687 2195 Deum
703 2168 775 2195 enim
794 2172 884 2196 tecum
905 2177 966 2197 esse
983 2177 1032 2197 no-

242 2213 344 2244 ximus,
358 2217 384 2240 et
399 2221 476 2247 opem
492 2213 538 2240 tibi
561 2215 594 2240 ad
610 2214 702 2241 omnia
728 2219 888 2248 praesentem
920 2215 1027 2243 afferre.
1050 2227 1071 2256 ι)

243 2257 311 2286 Tum
327 2259 488 2294 rescriptum
506 2259 530 2286 ei
559 2259 653 2286 datum
679 2264 731 2292 est,
747 2264 777 2287 ut
796 2261 829 2288 de
857 2269 888 2288 ea
914 2269 942 2288 re
957 2262 1030 2296 quod

241 2305 288 2332 uni
302 2305 354 2332 sibi
372 2305 503 2339 placeret,
528 2309 649 2333 statuere
666 2311 768 2340 posset.
794 2307 946 2334 Constituit
969 2315 1033 2335 vero

242 2357 355 2378 sanctus
379 2351 528 2386 Gregorius
548 2373 554 2384 ,
582 2357 613 2379 ut
643 2353 747 2387 Euplus
775 2353 987 2381 archidiaconus
1007 2359 1033 2381 et

244 2397 374 2425 Erasmus
403 2397 553 2426 Ecclesiam
578 2398 620 2433 pie
644 2398 891 2430 administrarent.
923 2404 951 2426 ut
975 2400 1032 2433 jam

243 2453 335 2472 secum
356 2449 537 2472 assuererant
564 2444 612 2480 (6).
637 2446 688 2478 Qui
712 2445 823 2473 demum
845 2454 908 2473 cum
933 2447 1033 2482 populo

244 2491 330 2522 omni,
357 2490 446 2519 fausta
475 2491 686 2526 apprecantibus
713 2491 871 2526 episcopis,
903 2492 1030 2525 dimissi,

243 2538 336 2565 animo
352 2538 404 2565 lmti
420 2545 452 2565 ac
469 2537 523 2565 Deo
538 2538 645 2564 laudem
664 2537 806 2564 rcddcntes
823 2538 959 2566 abierunt.

277 2616 315 2650 (6)
331 2616 410 2643 Circa
427 2615 484 2642 lucc
501 2621 635 2650 tempora,
658 2623 720 2642 cum
746 2615 915 2651 memiuisset
929 2616 1032 2651 Grego-

243 2653 300 2678 rius
315 2650 440 2684 Magnus,
459 2651 575 2677 delatam
598 2659 612 2677 a
634 2658 663 2678 se
678 2651 809 2685 episcopo
827 2650 960 2679 Triocala:
982 2650 1030 2678 (-u-

243 2694 300 2713 ram
313 2686 441 2714 Ecclesiae
455 2686 636 2720 Agrigentiuze
653 2694 704 2720 pro
721 2690 855 2720 potestate
872 2687 1029 2720 inrisctnlm,

243 2722 400 2756 ridet-etque
422 2721 545 2755 Gregorii
577 2722 661 2748 nostri
689 2722 804 2748 reditum
830 2721 865 2748 ob
886 2722 937 2748 iter
959 2722 1031 2749 (lou—

244 2756 518 2792 stantiuopolitauum
544 2756 646 2783 differri
675 2757 700 2792 in
732 2764 833 2783 annum
856 2757 1027 2790 proximum;

245 2792 443 2819 consulendum
460 2791 497 2818 illi
513 2791 591 2818 duxit
604 2812 610 2822 ,
634 2800 667 2818 ne
686 2791 794 2818 laburrs
814 2791 887 2818 illius
904 2792 962 2819 sine
977 2793 1028 2819 tilla

243 2827 366 2854 mercede
390 2831 490 2854 essent.
516 2827 607 2860 Itaque
635 2827 684 2853 bas
703 2827 789 2853 eidem
812 2826 914 2854 lillt‘t'us
936 2828 1027 2854 misit:

244 2862 375 2896 Quoniam
390 2863 560 2897 Agrigenlina
575 2861 694 2889 Ecclesia
715 2871 731 2888 (ι
752 2862 823 2888 nobis
851 2862 1028 2896 [mtrruilutia

1091 929 1227 964 βασιλέως
1244 930 1273 956 ἐν
1291 931 1324 965 τῇ
1344 929 1543 965 πόλει,ῇτησεν
1553 929 1599 955 τὸν
1611 929 1688 963 ἆγιον
1702 929 1799 956 πάπαν
1812 930 1876 956 ἁπο-

1085 977 1198 1011 κινῆσαι
1217 976 1267 1002 καὶ
1290 977 1461 1012 ἀναδραμεῖν
1481 977 1582 1008 αὐτοὺς
1600 977 1629 1002 ἑν
1653 977 1876 1002 Κωνσταντινου-

1087 1023 1174 1049 πόλει.
1184 1023 1303 1057 Ὂμοίως
1312 1022 1357 1048 καὶ
1369 1023 1394 1048 οἱ
1403 1022 1558 1054 ἐπίσκοποι,
1571 1023 1617 1049 καὶ
1629 1023 1642 1048 6
1652 1022 1788 1054 διάκονος,
1801 1022 1848 1048 καὶ
1860 1023 1874 1048 6

1086 1067 1272 1102 χαρτοφύλαξ.
1290 1067 1318 1093 '0
1331 1067 1358 1093 δὲ
1369 1067 1461 1099 πάπας
1474 1067 1568 1101 ἔλεγεν
1578 1068 1684 1099 αὐτοῖς’
1701 1067 1872 1101 Ἐκδέξασθε,

1092 1113 1198 1148 Πάτρες
1226 1114 1345 1145 πάντες,
1361 1113 1407 1139 καὶ
1428 1113 1566 1149 ὁρίσωμεν
1588 1104 1622 1140 τδι
1642 1114 1712 1140 κατὰ
1728 1114 1774 1140 τὸν
1795 1115 1874 1148 ἅγιον

1089 1159 1256 1194 Γρηγξριον.
1278 1158 1437 1185 Ἐκέλευσεν
1453 1158 1480 1184 δὲ
1493 1159 1507 1185 ὁ
1530 1159 1624 1190 πάντας
1640 1159 1807 1194 καθεσθῆναι
1825 1159 1873 1194 τὴν

1090 1204 1198 1231 σύνοδον
1224 1205 1252 1230 εν
1268 1203 1306 1239 τῷ
1325 1203 1382 1239 ναῷ
1405 1203 1452 1230 τοῦ
1468 1203 1546 1236 ἁγίου
1566 1204 1612 1230 καὶ
1631 1204 1768 1239 μακαρίου
1792 1204 1873 1229 Ἀπο-

1089 1250 1195 1277 στόλου,
1216 1250 1337 1277 Κάκείσε
1357 1250 1438 1277 πάλιν
1462 1250 1625 1281 καθίσαντες
1650 1250 1754 1284 ἤγαγον
1770 1249 1874 1279 πάντας

1092 1297 1154 1328 τοὺς
1171 1296 1309 1330 Σικελοὺς,
1327 1297 1390 1328 τοὺς
1402 1296 1560 1332 τριϐούνους
1587 1297 1634 1323 καὶ
1652 1296 1714 1328 τοὺς
1730 1295 1874 1331 ἄρχοντας,

1090 1343 1137 1369 xui
1149 1342 1277 1377 λέγουσιν
1290 1342 1385 1373 αὐτοῖς
1399 1343 1413 1368 ό
1428 1342 1527 1373 πάπας¹
1539 1342 1580 1369 ιαὶ
1591 1342 1615 1368 oi
1627 1342 1789 1368 ἐπίσκοπον
1808 1341 1873 1368 Ἰδοὺ

1084 1389 1098 1415 6
1124 1389 1218 1424 Πατὴρ
1240 1388 1319 1422 ὑμῶν
1342 1389 1388 1416 καὶ
1417 1388 1577 1419 διδάσκαλος
1591 1409 1598 1421 ,
1614 1388 1776 1414 δουλεύσατε
1799 1386 1874 1421 αὐτῷ

1084 1435 1162 1470 φόϐῳ
1176 1435 1222 1462 καὶ
1239 1435 1315 1470 πόθῳ
1328 1442 1334 1449 ·
1350 1434 1439 1461 οίδατε
1456 1434 1487 1460 τὸ
1504 1433 1563 1465 πῶς
1575 1435 1589 1460 6
1602 1433 1668 1465 Θεὸς
1679 1434 1755 1460 ἐστιν
1769 1433 1874 1464 δίκαιος

1086 1483 1133 1508 καὶ
1145 1481 1333 1509 ὰνταποδίδων
1356 1481 1464 1515 ἑκάστῳ
1489 1479 1559 1507 κατὰ
1583 1479 1617 1505 τὰ
1637 1479 1705 1515 ἔργα
1729 1477 1824 1505 αὑτοῦ.
1841 1478 1873 1505 Ol

1083 1529 1111 1555 δὲ
1138 1528 1323 1563 ἀπεκρίναντο
1345 1527 1454 1559 αὐτοῖς·
1469 1525 1642 1561 Εὑλογοῦμεν
1667 1525 1713 1551 τὸν
1737 1524 1807 1550 Θεὸν
1829 1524 1874 1550 τὸν

1087 1575 1167 1601 δόντα
1182 1575 1248 1609 ἡμῖν
1259 1573 1343 1608 ἄνδρα
1355 1572 1471 1604 δίκαιον,
1489 1571 1536 1598 καὶ
1551 1569 1662 1604 εὐσεϐῆ,
1675 1569 1721 1595 καὶ
1737 1568 1873 1602 φιλόθεον,

1087 1619 1216 1646 ποιοῦντα
1232 1619 1265 1645 τὰ
1279 1617 1422 1653 θελήματα
1441 1616 1535 1649 αὐτοῦ,
1558 1617 1606 1643 καὶ
1622 1615 1749 1648 δείξαντα
1763 1615 1812 1649 τὴν
1825 1613 1873 1640 τοῦ

1088 1666 1184 1700 ἀνδρὸς
1196 1665 1365 1700 ὰκηλίδωτον
1376 1664 1422 1690 καὶ
1433 1662 1557 1698 καθαρὰν
1567 1661 1635 1697 πρὸς
1646 1661 1727 1687 αὑτὸν
1733 1659 1872 1694 λατρείαν.

1077 1712 1181 1739 Ταῦτα
1197 1712 1224 1739 δὲ
1240 1712 1331 1738 αὐτῶν
1351 1710 1497 1742 εἰπόντων,
1511 1708 1630 1739 ἀναστὰς
1645 1708 1658 1734 6
1674 1707 1750 1741 ἅγιος
1768 1705 1874 1741 Γρηγό-

1089 1767 1145 1794 ριος
1156 1758 1276 1793 ᾐτήσατο
1292 1757 1339 1784 τὸν
1351 1755 1444 1783 πάπαν
1467 1756 1514 1782 καὶ
1529 1754 1579 1790 τὴν
1596 1753 1678 1788 ἁγίαν
1692 1752 1816 1782 σύνοδον,
1831 1751 1874 1776 λέ-

1088 1813 1144 1838 γων
1159 1813 1165 1819 ·
1183 1804 1291 1838 Πάτρες
1304 1803 1395 1839 ἅγιοι,
1410 1801 1479 1829 una
1499 1801 1573 1836 ὑμᾶς
1596 1798 1724 1826 κελεῦσαί
1745 1806 1788 1833 μοι
1809 1794 1874 1832 ἆραι

1087 1850 1116 1876 τὸ
1133 1848 1381 1882 ἐπισκοπεῖον,καὶ
1397 1849 1426 1875 ὲν
1439 1847 1525 1882 ὲτὲρῳ
1539 1846 1614 1880 τόπῳ
1626 1847 1655 1871 ὲν
1671 1846 1703 1879 τῇ
1718 1844 1795 1870 πόλει
1809 1843 1875 1869 αὐτὸ

1087 1894 1300 1930 ἀνοικοδομῆσαι
1313 1902 1319 1908 “
1341 1893 1442 1929 ὁμοίως
1457 1892 1504 1918 καὶ
1516 1890 1666 1925 καθολικὴν
1680 1888 1830 1924 ἐκκλησίαν
1843 1889 1874 1913 ὲκ

1087 1940 1150 1971 νὲας
1179 1938 1354 1973 καθιδρῦσαι,
1378 1937 1474 1971 ἐπειδὴ
1492 1937 1504 1963 ὸ
1522 1935 1637 1966 Λεύκιος
1659 1931 1746 1965 οὗτος,
1770 1934 1873 1968 αἱρετι-

1085 1986 1134 2017 κδς
1149 1985 1196 2016 ὢν,
1212 1983 1383 2019 κατέστρεψε
1393 1982 1425 2009 τὺ
1436 1981 1644 2016 θυσιαστήριον,
1655 1980 1702 2007 καὶ
1713 1979 1747 2006 τὰ
1759 1978 1874 2005 ἀποκεί-

1088 2040 1157 2067 μενα
1166 2032 1194 2057 ὲν
1212 2030 1288 2065 αὐτῷ
1305 2029 1370 2064 ἆγια
1384 2027 1502 2063 λείψανα
1517 2026 1656 2053 ὲϐύθισεν.
1672 2025 1704 2052 Ἡ
1719 2025 1746 2051 δὲ
1765 2023 1874 2054 σύνοδος

1086 2077 1154 2112 πρὸς
1180 2077 1262 2103 αὐτὸν
1294 2074 1467 2109 ἀπεκρίνατο
1481 2083 1488 2089 ·
1505 2073 1562 2100 Καὶ
1573 2071 1652 2098 τοῦτο
1663 2070 1803 2107 ὁρίζομεν,
1818 2070 1872 2101 ἶνα,

1085 2123 1123 2155 ὠς
1144 2123 1248 2159 ᾐτήσω,
1268 2121 1314 2149 καὶ
1331 2120 1412 2147 τοῦτο
1430 2119 1546 2155 ποιήσῃς
1560 2127 1568 2135 ⁸
1584 2118 1696 2152 οἴδαμεν
1720 2116 1786 2150 γὰρ,
1803 2116 1844 2141 ὅτι
1859 2116 1874 2141 6

1085 2170 1152 2201 Θεός
1167 2169 1241 2194 ἐστιν
1256 2166 1329 2203 μετὰ
1338 2166 1396 2200 σοῦ,
1411 2166 1458 2193 καὶ
1471 2166 1551 2196 αὑτός
1565 2173 1607 2190 σοι
1627 2164 1755 2198 συνεργεῖ
1769 2164 1809 2193 εἰς
1820 2163 1874 2187 πᾶν

1087 2215 1178 2251 ἔργον.
1201 2214 1254 2240 Καὶ¹
1273 2214 1337 2249 περὶ
1360 2212 1441 2239 τοῦτο
1466 2211 1586 2246 ἔγραψεν
1609 2209 1683 2244 αὐτῴ
1710 2208 1809 2240 τίτλον,
1831 2208 1874 2234 ἵνα

1086 2261 1123 2291 ὡς
1138 2260 1176 2286 ἔνι
1192 2259 1307 2295 ἀρεστὸν
1320 2257 1395 2292 αὑτῷ
1411 2258 1439 2283 ὲν
1456 2256 1616 2292 ὀφθαλμοῖς,
1634 2254 1746 2289 ποιήσῃ.
1761 2253 1873 2287 Ὣρισεν

1084 2306 1112 2332 δὲ
1129 2307 1142 2332 6
1160 2306 1236 2340 ἅγιος
1253 2304 1403 2340 Γρηγόριος
1420 2302 1466 2329 τὸν
1493 2301 1684 2336 ἁρχιδιάκονον
1707 2298 1811 2326 Εὗπλον
1824 2298 1872 2324 καὶ

1086 2351 1228 2386 Ἕρασμον
1243 2350 1354 2376 διοικεῖν
1383 2348 1433 2383 τὴν
1460 2347 1611 2382 ἐκκλησίαν
1635 2344 1767 2375 εὐσεϐῶς,
1781 2342 1872 2373 καθὼς

1084 2396 1160 2424 αὐτοὶ
1173 2395 1247 2430 αὑτῷ
1264 2393 1524 2429 παρηκολούθησαν.
1550 2390 1747 2424 Ἐπευξάμενοι
1759 2389 1787 2415 δὲ
1804 2388 1865 2414 πάν·

1083 2452 1128 2475 τες
1140 2444 1164 2469 οἱ
1179 2442 1326 2469 ἐπίσκοποι
1341 2440 1397 2471 τοίς
1414 2438 1549 2468 διακόνοις
1565 2437 1611 2463 καὶ
1621 2436 1659 2470 τῷ
1673 2435 1730 2470 λαῷ
1740 2434 1872 2461 ἀπέστει-

1083 2489 1131 2515 λαν
1146 2488 1243 2519 αὐτοὺς
1257 2487 1285 2512 ὲν
1302 2485 1397 2520 εἰρήνῃ
1412 2484 1557 2520 χαίροντες
1586 2483 1634 2509 καὶ
1650 2481 1812 2515 δοξάζοντες
1825 2480 1871 2505 τὸν

1082 2534 1157 2562 Θεόν.

1083 2618 1134 2640 tua:
1155 2611 1312 2639 m‘silatiorris
1328 2619 1399 2637 cura:
1418 2609 1558 2637 commissa
1581 2612 1637 2640 est,
1657 2606 1792 2633 laboribus
1815 2606 1867 2630 tuis

1083 2648 1230 2683 aliquidem
1240 2655 1276 2683 rea
1288 2641 1748 2683 ιιιὶίεγρνοιξρεπίιηιιδἐοιιιιιίεηάιιηι
1763 2649 1772 2668 :
1788 2648 1867 2680 prop-

1083 2679 1152 2710 [μνεία
1170 2682 1334 2709 Maximiano
1349 2681 1427 2716 fratri
1445 2685 1468 2717 et
1485 2679 1744 2717 coepiscopo'uostro
1757 2679 1869 2717 scripst-

1083 2727 1150 2750 nius,
1166 2723 1192 2744 ut
1211 2722 1317 2752 quarta,
1337 2713 1417 2751 quam
1436 2715 1553 2752 ejusdem
1573 2713 1700 2752 Ecclesia:
1722 2713 1870 2752 episcopum

1082 2747 1222 2788 oportebat
1244 2747 1407 2788 acciperent:
1417 2747 1640 2788 _di'e_vt'silationis
1654 2752 1738 2788 .tuwh
1750 2747 1869 2788 pel‘q‘ua:

1083 2780 1162 2824 usque
1184 2780 1315 2824 “lt-(ffttlit
1337 2780 1541 2824 sovllirt'tuttiuem
1562 2784 1689 2818 gesseris,
1708 2782 1755 2808 tibi
1779 2780 1870 2807 debeat

1082 2820 1222 2859 applicari.
1234 2822 1304 2858 (Lib.
1322 2830 1347 2855 ν,
1363 2822 1441 2856 epist.
1461 2820 1514 2854 l3.)
