2083 3155
197 196 246 230 681

695 195 727 224 S.
746 193 935 224 GREGORII
955 190 1211 222 AGRIGENTINI
1224 189 1323 220 VITA.

1779 185 1833 218 682

197 253 272 289 Ἀρά
283 261 325 287 γε,
336 252 427 287 γύναι,
437 251 585 278 ἐπίστασαι
598 249 643 276 τὸν
658 249 809 276 ἐπίσκοπον
822 249 871 283 τῆς
885 247 989 278 πόλεώς

1053 245 1119 273 Irbis
1145 249 1198 272 tua:
1227 244 1386 278 episcopum
1404 243 1496 270 nosti?
1520 242 1568 269 Cui
1593 241 1637 268 illa
1663 250 1670 268 :
1695 238 1831 274 Profecto,

199 310 268 333 σου;
285 300 367 333 Λέγει
385 297 460 334 αὐτῷ
480 298 496 333 ἡ
515 298 585 332 κόρη
597 305 604 311 ·
625 296 691 327 Ναὶ,
706 295 835 327 δέσποτα,
849 294 896 321 καὶ
918 294 988 321 πάνυ

198 346 280 374 αὑτὸν
295 345 446 379 ἐπίσταμαι
458 352 466 359 '
482 343 614 374 πολλάκις
627 341 681 376 γὰρ
696 341 832 376 ἐθεώρουν
850 340 931 368 αὑτὸν
949 340 989 367 δι-

199 392 347 429 ερχόμενον
361 391 409 417 καὶ
422 390 657 424 ἐπισκεπτόμενον
668 387 772 419 πάντας
785 387 848 418 τοὺς
865 386 991 421 πτωχοὺς

199 439 249 473 τῆς
261 437 377 469 πόλεως,
393 436 441 463 καὶ
458 436 520 467 ταῖς
533 435 633 470 χήραις
650 434 698 461 καὶ
711 433 841 468 ὀρφανοῖς
862 431 991 467 παρέχων

201 484 234 511 τὰ
251 484 320 518 πρὸς
341 482 391 518 τὴν
413 482 520 517 χρείαν.
538 480 708 515 Κάγὼμαὺτὴ
733 480 750 515 ὴ
770 479 851 505 άθλία
875 479 991 505 πάντοτε

201 529 265 564 παρ’
283 527 367 555 αὑτοῦ
390 527 523 562 ἐδεχόμην
537 526 723 561 ἐλεημοσύνην
744 524 820 561 παρὰ
841 523 890 551 τοῦ
910 531 991 550 τετα-

201 575 303 610 γμένου
321 574 361 606 εἰς
375 574 405 600 τὺ
419 573 563 600 διακονεῖν.
576 573 709 606 Λέγουσιν
723 571 792 606 αὐτῇ
805 570 888 597 πάλιν
911 569 975 596 τάδε
986 576 993 584 ·

204 622 253 652 Σὺ,
270 620 362 655 γύναι,
386 619 473 653 ἔγνως
492 618 539 645 τὸν
555 618 640 652 ἄνδρα
657 616 808 651 ἐπιμιξεως
832 615 994 650 σωματικῆς

202 659 349 701 γενόμενον
366 665 437 701 μετὰ
453 664 500 691 σοῦ
511 673 517 697 ;
540 664 572 690 Ἠ
584 663 613 690 δὲ
628 661 779 694 στενάξασα
791 661 824 688 ἐκ
835 661 934 696 βάθους
947 660 994 687 καὶ

202 714 372 750 δακρύσασα,
387 712 479 748 ἄρασα
500 712 550 747 τὴν
573 709 666 745 φωνὴν
691 709 731 741 είς
749 708 825 744 ὕψος,
847 705 940 734 εἶπεν
955 709 992 743 Ζῇ

203 760 306 795 Κύριος
329 759 384 785 τῶν
404 758 557 793 δυνάμεων,
572 757 622 783 οὐκ
645 754 704 783 οἶδα
717 755 764 782 τὸν
779 754 921 790 ἄνθρωπον
933 753 996 781 τοῦ-

202 815 260 839 τον,
277 806 320 837 τίς
335 800 420 836 ἐστιν,
435 803 528 834 καθὼς
538 802 614 829 αὐτοὶ
632 803 762 837 εἰρήκατε
776 801 921 835 γενόμενον
936 800 994 835 μετ’

204 852 272 888 ἑμοῦ
285 861 293 868 ·
309 851 377 879 ἀλλὰ
392 850 506 882 Σαϐῖνος
523 849 570 876 καὶ
584 849 605 874 Κ
610 849 784 884 ρησκεντῖνος
803 843 876 873 οὗτοι
888 848 912 873 ot
925 854 996 882 παρ-

204 898 351 933 εστηκότες
381 896 538 932 ἔμπροσθεν
565 895 655 930 ὑμῶν,
679 894 755 921 αὐτοί
780 902 813 929 με
836 894 996 928 ἠνάγκασαν
1013 915 1034 943 Β

205 944 396 979 κατηγορῆσαι
412 942 457 969 τὸν
477 942 581 969 δίκαιον
600 941 712 967 τοῦτον·
727 940 856 975 χρήματα
878 940 933 975 γάρ
949 948 995 975 μοι

205 989 388 1017 κατεσάλοντο
402 986 494 1018 ἱκανὰ,
507 986 564 1018 ἵνα,
575 986 614 1017 ὡς
630 983 717 1018 εἶπον,
731 984 887 1019 κατελέγξω
903 984 996 1016 αὐτὸν,

205 1032 307 1063 ἀδίκως
326 1031 557 1066 παρανομήσασα,
571 1029 744 1065 ἀπατηθεῖσα
765 1029 817 1056 ὑπὸ
834 1029 889 1055 τῶν
908 1037 998 1064 παρα-

207 1076 298 1110 νόμων
317 1074 424 1109 ἀνδρῶν
438 1074 552 1101 τούτων.
577 1074 775 1101 ’Λνταποδώσει
788 1075 881 1104 αὐτοῖς
895 1074 998 1109 Κύριος

206 1122 222 1148 ὁ
235 1121 301 1153 Θεὸς
317 1121 367 1156 τὴν
379 1120 516 1156 ἁμαρτίαν
529 1121 580 1155 τῆς
592 1120 664 1155 ἐμῆς
676 1120 780 1156 ψυχῆς·
797 1122 837 1151 εἰς
852 1120 906 1154 γὰρ
922 1120 997 1155 διετῆ

208 1167 303 1203 χρόνον
319 1167 366 1193 καὶ
383 1166 472 1201 μῆνας
486 1166 515 1199 ἐξ
531 1165 715 1201 ἐϐασανίσθην
729 1166 781 1192 ὑπὸ
796 1165 842 1192 τοῦ
859 1165 998 1200 δαίμονος.

208 1213 302 1240 Ταῦτα
314 1211 343 1238 δὲ
358 1211 472 1238 εἰποῦσα
486 1211 614 1238 σταθεῖσα
630 1211 678 1238 καὶ
694 1210 918 1246 περιδλεψαμένη
929 1211 999 1238 πάν-

208 1258 343 1295 τας-τοὺς
357 1256 536 1288 ἐπισκόπους,
554 1256 601 1282 καὶ
623 1257 680 1292 μετ’
695 1256 787 1290 ὀλίγον
807 1257 1000 1291 κατανοήσασα

208 1305 254 1331 τὸν
271 1304 348 1338 ἅγιον
363 1302 526 1338 Γρηγόριον,
546 1302 654 1336 ἐπέγνω
671 1302 753 1329 αὐτόν
764 1310 770 1317 '
791 1303 837 1329 καὶ
858 1302 1001 1337 δραμοῦσα

209 1348 286 1384 παρὰ
300 1349 363 1379 τοὺς
378 1347 461 1379 πόδας
480 1346 575 1379 αὑτοῦ,
594 1347 726 1374 κλαίουσα
742 1346 834 1380 ἔλεγεν
849 1347 877 1374 ἐν
895 1347 982 1381 ἰσχύει
993 1354 1000 1361 ·

216 1393 342 1427 Ἐλέησόν
367 1402 412 1428 με,
428 1392 506 1419 δοῦλε
523 1392 570 1419 τοῦ
585 1392 664 1425 Θεοῦ,
688 1393 736 1419 καὶ
754 1392 933 1428 συγχώρησόν
956 1401 1002 1427 μοι

209 1440 244 1474 τῇ
256 1439 371 1474 ταπεινῇ
388 1438 418 1464 τδ
436 1438 596 1473 παράνομον
611 1438 658 1464 καὶ
679 1437 810 1472 ἀθέμιτον
826 1439 1000 1473 συμϐούλιον,

210 1485 224 1510 ὅ
236 1485 353 1520 ἐποίησα
367 1486 408 1516 είς
424 1484 463 1511 σέ.
480 1485 518 1519 Ζῇ
534 1484 636 1518 Κύριος
651 1484 664 1510 ὁ
677 1483 744 1516 Θεός
760 1492 822 1519 μου,
837 1485 867 1511 οὐ
882 1485 919 1520 μὴ
936 1486 1003 1512 ἀνα-

212 1529 267 1557 στῶ
284 1531 316 1556 ἐκ
332 1529 387 1556 τῶν
401 1529 490 1556 ποδῶν
505 1537 562 1562 σου,
578 1529 630 1561 ἕως
644 1526 675 1557 οὗ
695 1529 744 1565 τὴν
760 1530 936 1566 συγχώρησίν
957 1539 1002 1566 μοι

211 1576 381 1612 ἀπαγγείλῃς
394 1576 446 1610 τῆς
456 1576 618 1611 παρανόμης
636 1584 686 1611 μου
703 1575 838 1610 πράξεως.
851 1576 896 1602 Διὸ
911 1577 948 1611 μὴ
962 1577 1003 1602 ὲν-
1018 1584 1040 1612 c

212 1621 398 1657 νοήσῃς,μηδέ
411 1621 534 1657 μνησθῇς
548 1621 602 1648 τῶν
617 1621 682 1656 παρ’
696 1621 763 1656 ἐμοῦ
777 1621 952 1656 πραχθέντων
965 1622 1004 1653 είς

215 1668 245 1693 σὲ
261 1667 365 1699 κακῶν,
379 1667 474 1704 Πάτερ
492 1667 564 1702 ἅγιε.

249 1713 310 1739 οΕ’.
331 1712 424 1740 Ταῦτα
439 1713 467 1740 δέ
477 1714 524 1740 ἐπὶ
538 1713 669 1746 πλείστας
681 1714 756 1750 ὥρας
772 1714 952 1750 διαλεγομένη
967 1714 1006 1749 τῷ

214 1761 285 1795 ἁγίῳ
300 1761 316 1795 ή
328 1760 407 1795 κόρη,
422 1759 584 1795 ἀποκριθεὶς
599 1762 613 1786 ό
623 1760 701 1795 ἆγιος
712 1760 786 1794 λέγει
803 1761 872 1796 αὐτῇ
885 1769 892 1776 ·
909 1759 943 1786 *Ω
957 1760 1004 1794 γύ-

215 1815 269 1837 ναι,
287 1807 337 1832 οὐκ
352 1806 426 1832 ἔστιν
437 1806 505 1840 ἡμῖν
526 1807 557 1832 τὸ
573 1807 799 1841 ἐπαγγείλασθαι,
816 1807 853 1838 ὡς
874 1807 906 1833 σὺ
928 1807 1005 1841 νομί-

215 1852 283 1884 ζεις,
299 1853 323 1878 εἰ
341 1851 378 1886 μὴ
393 1851 473 1886 μόνον
488 1851 536 1878 τοῦ
550 1852 772 1888 φιλοικτίρμονος
787 1853 834 1879 καὶ
849 1852 1004 1888 φιλανθρώ-

215 1908 266 1925 που
282 1898 350 1925 Θεοῦ
363 1897 443 1933 ἡμῶν
454 1906 461 1913 ·
481 1898 562 1929 αὐτὸς
577 1898 631 1934 γὰρ
647 1899 720 1926 ἰᾶται
735 1899 770 1926 τὰ
788 1899 937 1934 τραύματα
951 1899 1005 1926 τῶν

214 1945 307 1980 ψυχῶν
320 1943 410 1979 ἡμῶν,
422 1944 436 1970 ὁ
452 1944 486 1970 τὰ
506 1943 580 1979 πάθη
601 1945 635 1970 δι’
648 1945 728 1980 ἡμῶν
742 1945 875 1976 ἑκουσίως
891 1945 1006 1978 ὑπομεί-

215 1999 273 2023 ν-ις,
283 1990 330 2017 καὶ
338 1989 482 2024 γινώσκων
496 1989 545 2024 τῆς
560 1991 661 2026 σαρκὸς
675 1991 709 2018 τὰ
726 1990 809 2025 πάθη,
823 1990 860 2021 ὼς
871 1989 1004 2025 πλάστης,

216 2040 260 2065 »αἱ
273 2039 453 2074 ἐνδυσάμενος
469 2038 565 2073 αὑτήν.
579 2036 663 2072 Πλὴν,
677 2036 770 2070 γύναι,
780 2035 836 2070 δῴη
849 2036 914 2070 ἡμῖν
926 2035 1006 2067 αὐτὸς

217 2085 389 2120 συγχώρησιν
404 2084 476 2111 κατά
491 2085 525 2110 τὰ
540 2083 677 2118 αἰτήματα
689 2082 778 2118 ἡμῶν,
794 2082 840 2110 καὶ
856 2081 1006 2117 καθαρίσαι

214 2132 289 2166 ἡμᾶς
305 2131 360 2158 ἀπὸ
376 2131 466 2166 πάσης
485 2129 633 2165 ἁμαρτίας,
650 2129 691 2155 ὃτι
708 2128 790 2159 αὐτός
803 2128 878 2154 ἐστιν
893 2128 908 2154 ὸ
921 2128 1006 2163 αἴρων

215 2175 266 2210 τὴν
283 2175 422 2210 ἁμαρτίαν
444 2173 492 2200 τοῦ
511 2173 627 2208 κόσμου.
649 2172 705 2199 Καὶ
730 2173 871 2208 κρατήσας
895 2173 1006 2207 ήγειρεν

215 2221 311 2256 αὑτήν.
337 2220 462 2254 Ἐγένετο
477 2219 506 2246 δὲ
522 2218 603 2254 φόϐος
619 2219 665 2245 ἐπὶ
678 2218 783 2249 πάντας
795 2218 858 2249 τοὺς
879 2217 959 2250 ὄντας
978 2218 1006 2245 ἐν

1041 291 1161 323 domine,
1182 290 1266 325 probe
1282 289 1359 327 illum
1377 286 1445 325 [iter]
1462 289 1524 315 novi
1542 297 1548 314 :
1565 295 1635 322 saepe
1651 287 1724 314 enim
1742 288 1832 323 ipsum

1041 337 1176 369 videbam,
1195 343 1258 363 cum
1281 335 1376 362 urbem
1396 335 1494 366 obiret,
1522 338 1548 361 et
1565 341 1660 361 omnes
1675 333 1752 360 urbis
1770 341 1834 368 ege-

1043 391 1094 411 nos
1114 382 1253 414 inviseret,
1270 389 1302 409 ac
1316 381 1404 409 viduis
1420 380 1584 415 pupillisque
1608 380 1743 415 quidquid
1765 387 1834 414 opus

1042 433 1116 456 esset
1131 428 1336 463 suppeditaret;
1362 426 1429 461 quin
1456 430 1483 453 et
1500 434 1549 461 ego
1574 426 1674 453 misera
1691 433 1738 460 per
1753 433 1834 452 cura-

1045 480 1130 502 torem
1143 475 1204 509 ejus
1218 474 1315 508 stipem
1332 473 1366 501 ab
1382 480 1415 500 eo
1430 472 1552 508 quotidie
1566 472 1669 506 accepi.
1690 471 1754 498 Eam
1771 478 1835 498 vero

1044 527 1154 548 rursum
1182 520 1350 555 interrogant
1377 528 1384 547 :
1408 519 1442 545 At
1457 519 1529 546 enim
1550 521 1590 550 tu,
1609 518 1719 548 mulier,
1746 517 1835 544 virum

1045 566 1119 593 hunc
1138 572 1286 600 congressu
1312 564 1436 600 corporis
1453 571 1506 591 una
1530 567 1620 590 tecum
1639 562 1724 589 fuisse
1745 559 1837 589 nosti?

1046 611 1095 639 Hic
1108 611 1153 638 illa
1168 611 1202 638 ab
1214 611 1271 638 imo
1283 614 1394 645 pectore
1413 609 1555 644 suspirans
1575 616 1607 635 ac
1625 609 1779 643 lacrymans
1794 607 1838 634 in-

1046 657 1120 693 genti
1132 665 1199 685 voce
1214 656 1341 685 clamavit
1358 665 1364 683 :
1384 655 1457 684 Vivit
1474 655 1608 683 Dominus
1624 655 1768 686 virtutum,
1787 654 1838 681 ho-

1046 703 1147 731 minem
1161 710 1213 738 ego
1229 703 1313 734 hunc,
1327 702 1389 737 quis
1408 702 1452 735 sit,
1470 705 1606 736 quatenus
1625 708 1733 728 mecum
1755 700 1840 728 fuisse

1047 753 1096 773 vos
1109 745 1229 778 dixistis,
1247 753 1302 773 non
1315 746 1386 778 vidi;
1402 753 1497 773 verum
1524 745 1642 772 Sabinus
1657 749 1684 772 et
1706 745 1839 776 Crescen-

1048 791 1140 825 tinus,
1162 792 1209 827 qui
1225 796 1288 819 ante
1304 799 1354 820 vos
1370 797 1476 825 astant,
1495 792 1532 819 illi
1551 792 1603 827 ipsi
1619 800 1664 820 me
1687 796 1718 820 ut
1734 792 1839 828 justum

1050 839 1123 866 hunc
1139 846 1298 866 accusarem
1320 839 1470 873 adegerunt
1487 847 1494 866 :
1516 840 1659 874 pecuniam
1679 840 1752 867 enim
1773 840 1840 867 mihi

1049 884 1116 912 satis
1130 885 1259 919 grandem
1279 884 1388 921 dedere,
1405 892 1472 920 quo,
1492 889 1521 912 ut
1533 885 1600 917 dixi,
1618 893 1680 912 eum
1695 886 1842 920 redargue-

1049 936 1107 956 rem
1125 929 1192 964 (94),
1218 928 1349 963 iujustum
1371 936 1437 957 ausa
1456 928 1572 960 facinus.
1593 934 1622 957 ut
1639 937 1682 957 me
1699 930 1842 957 hominum

1049 975 1164 1002 istorum
1179 975 1310 1010 iniquitas
1323 975 1350 1001 in
1367 974 1491 1002 fraudem
1506 975 1602 1003 illexit.
1617 975 1652 1002 At
1669 976 1773 1003 crimen
1790 976 1842 1003 hoc

1051 1028 1140 1048 meum
1168 1020 1301 1048 Dominus
1330 1021 1401 1048 Deus
1430 1021 1488 1056 pari
1514 1021 1566 1049 illis
1592 1029 1673 1056 poena
1702 1022 1841 1057 rependet.

1049 1066 1118 1094 Nam
1134 1075 1184 1103 ego
1202 1067 1311 1102 quidem
1338 1068 1478 1095 biennium
1502 1072 1528 1094 et
1550 1075 1659 1095 menses
1681 1075 1728 1095 sex
1749 1075 1764 1094 a
1789 1068 1842 1094 dac-

1050 1121 1132 1140 mone
1147 1114 1302 1140 excruciata:
1321 1121 1391 1140 sum.
1418 1112 1465 1141 His
1477 1113 1558 1141 dictis
1575 1121 1636 1141 cum
1651 1118 1726 1141 stans
1747 1114 1842 1142 oculos

1051 1159 1263 1186 circumtulisset
1278 1159 1313 1186 ad
1329 1165 1424 1186 omnes
1437 1159 1593 1193 episcopos,
1611 1159 1692 1193 paulo
1709 1163 1770 1194 post
1781 1166 1844 1186 san-

1051 1209 1124 1232 ctum
1142 1203 1301 1239 Gregorium
1315 1205 1496 1240 contemplata
1515 1205 1635 1240 agnovit,
1652 1209 1733 1240 atque
1748 1212 1846 1234 accur-

1051 1257 1116 1277 rens
1132 1250 1165 1276 ad
1181 1251 1261 1284 pedes
1276 1250 1346 1285 ejus,
1362 1250 1456 1278 multis
1473 1258 1535 1278 cum
1556 1251 1684 1286 lacrymis
1699 1255 1726 1278 et
1746 1259 1844 1285 magno

1052 1295 1136 1322 animi
1148 1295 1241 1323 dolore
1257 1297 1298 1323 sic
1309 1303 1371 1323 eum
1387 1300 1430 1323 est
1445 1296 1563 1324 allocuta
1579 1292 1725 1324 :Misereat
1738 1301 1763 1324 te
1779 1299 1842 1331 mei,

1053 1348 1069 1368 ο
1092 1341 1139 1368 Dei
1156 1349 1245 1373 serve,
1272 1349 1304 1369 ac
1329 1342 1461 1376 iniustum
1487 1342 1666 1377 iniquumque
1686 1343 1842 1376 consilium,

1053 1388 1126 1422 quod
1143 1388 1169 1415 in
1185 1393 1211 1416 te
1225 1388 1417 1422 suscepi,mihi
1427 1387 1529 1415 infelici
1546 1392 1573 1415 et
1584 1388 1698 1423 abiecta:
1710 1389 1843 1416 remittas.

1056 1434 1127 1462 Vivit
1143 1435 1274 1462 Dominus
1286 1435 1359 1462 Deus
1377 1442 1465 1467 meus,
1482 1442 1496 1461 a
1520 1434 1634 1469 pedibus
1648 1442 1699 1469 ego
1720 1435 1773 1462 tuis
1790 1443 1845 1462 nou

1054 1486 1118 1509 ante
1132 1481 1289 1512 abscedam,
1306 1489 1388 1516 quam
1405 1481 1472 1508 mihi
1491 1480 1585 1516 ﬂagitii
1602 1481 1653 1508 mei
1670 1482 1776 1508 veniam
1789 1489 1804 1508 a
1821 1486 1847 1509 te

1054 1526 1146 1553 datam
1181 1526 1334 1554 renuntias.
1358 1526 1545 1558 Quamobrem
1580 1534 1614 1553 ne
1646 1526 1847 1555 animadvertas

1056 1577 1124 1597 neve
1135 1569 1302 1602 memineris,
1315 1570 1396 1596 Pater
1406 1574 1510 1602 sancte,
1522 1578 1582 1605 qua:
1594 1578 1609 1597 a
1618 1578 1662 1598 me
1673 1571 1742 1599 mala
1751 1578 1847 1600 contra

1059 1621 1083 1642 te
1100 1615 1219 1642 admissa
1234 1615 1298 1642 siut.

1094 1716 1199 1744 LXXV.
1219 1714 1282 1744 Haec
1305 1718 1342 1744 illi
1365 1718 1447 1745 etiam
1479 1723 1560 1752 atque
1577 1719 1659 1746 etiam
1687 1719 1848 1747 edisserentl

1057 1761 1096 1788 sic
1110 1761 1228 1796 denique
1241 1766 1352 1789 sanctus
1369 1763 1408 1789 vir
1424 1763 1563 1797 respondit
1578 1771 1584 1789 :
1607 1762 1748 1795 Nostrum,
1761 1771 1777 1790 ο
1790 1771 1850 1791 mu-
1866 1758 1869 1761 ’

1057 1807 1116 1840 lier,
1134 1815 1188 1835 non
1206 1812 1257 1840 est,
1275 1808 1346 1835 sicut
1362 1813 1390 1835 tu
1419 1814 1508 1843 putus,
1533 1809 1689 1836 renuntiare
1712 1809 1785 1844 quod
1802 1817 1850 1837 cu—

1057 1854 1111 1887 pis,
1127 1854 1173 1880 sed
1189 1854 1236 1881 Dei
1256 1854 1340 1882 unius
1355 1854 1440 1881 nostri
1457 1854 1623 1889 indulgentis
1638 1862 1669 1882 ac
1682 1855 1848 1882 miserentis.

1057 1898 1117 1934 Ipse
1133 1899 1205 1926 enim
1223 1899 1378 1926 animorum
1395 1904 1553 1927 nostrorum
1568 1899 1680 1927 vulnera
1695 1905 1785 1933 sanat,
1800 1901 1847 1935 qui

1057 1945 1227 1974 voluntarios
1241 1952 1291 1979 pro
1314 1945 1393 1972 nobis
1413 1945 1498 1972 subiit
1514 1945 1664 1978 cruciatus,
1688 1951 1713 1973 et
1736 1946 1849 1973 humani

1058 1990 1176 2025 generis,
1194 1990 1267 2025 quod
1289 1991 1408 2018 condidit
1429 1991 1499 2018 idem
1520 1997 1603 2026 atque
1619 1992 1717 2025 induit,
1735 1992 1848 2021 aﬁ‘ectus

1058 2037 1142 2064 novit.
1163 2036 1298 2064 Cat-terum
1313 2037 1359 2064 det
1382 2037 1438 2071 ipse
1455 2037 1545 2070 nobis,
1562 2045 1578 2064 ο
1599 2038 1707 2070 mulier,
1728 2039 1848 2071 veniam,

1058 2089 1139 2116 quam
1154 2082 1254 2117 singuli
1281 2083 1409 2117 petimus,
1427 2091 1531 2118 nosque
1547 2083 1580 2111 ab
1597 2084 1672 2111 omni
1692 2083 1753 2111 labe
1769 2092 1850 2111 mun-

1058 2127 1228 2163 det;quippe
1240 2128 1298 2163 ipse
1309 2133 1361 2161 est,
1375 2129 1421 2163 qui
1439 2129 1508 2156 tollit
1521 2133 1632 2164 peccata
1647 2129 1753 2156 mundi.
1769 2129 1852 2157 Eam.

1058 2181 1111 2209 que
1125 2178 1220 2201 tenens
1232 2175 1371 2202 excitavit.
1388 2174 1490 2204 Omnes
1501 2182 1575 2208 vero,
1591 2175 1638 2210 qui
1653 2175 1681 2203 in
1696 2179 1792 2203 sancta
1806 2175 1851 2203 illa

1060 2219 1164 2254 synodo
1189 2224 1276 2252 erant,
1301 2221 1383 2247 timor
1400 2221 1480 2255 cepit,
1509 2221 1615 2256 fuitque
1642 2221 1764 2248 omnium
1786 2229 1850 2253 vox,

214 2268 248 2300 τῇ
261 2250 327 2302 ἁγίᾳ
346 2250 449 2300 συνόδῳ
463 2250 566 2300 ἐκείνῃ,
582 2264 653 2291 ὥστε
673 2264 763 2298 λέγειν
784 2264 890 2295 πάντας
902 2272 909 2279 ·
925 2264 1002 2290 Εὐλο-

1061 2250 1115 2292 Deo
1140 2266 1234 2294 laudes
1253 2250 1491 2301 tribuendam-qui
1517 2250 1596 2294 talein
1625 2267 1678 2295 sibi
1695 2267 1851 2302 operarium

214 2312 299 2346 γητος
315 2313 328 2338 ὁ
341 2312 406 2343 Θεὸς
421 2312 475 2338 τῶν
494 2310 607 2345 πατρῶν
624 2310 713 2346 ήμῶν,
729 2304 782 2337 ὂτί
792 2310 912 2336 τοιοῦτον
925 2309 1007 2344 ἐργά-

215 2367 265 2392 την
281 2357 372 2392 ἐαυτῷ
391 2358 405 2383 ὁ
422 2357 488 2388 Θεδς
507 2355 692 2391 ἐφανέρωσεν,
709 2356 757 2382 καὶ
773 2355 908 2388 ἀνέδειξεν
927 2357 956 2382 ἐν
969 2355 1008 2390 τῷ

215 2404 313 2438 κόσμῳ
329 2404 358 2429 ἐν
372 2404 434 2434 ταῖς
454 2402 583 2437 ἐσχάταις
597 2401 717 2437 ἡμέραις
729 2401 854 2433 ταύταις.
873 2401 966 2428 Ταῦτα
980 2401 1008 2427 δὲ

216 2450 307 2477 αὐτῶν
324 2449 468 2480 εἰπόντων,
484 2449 653 2483 ἀπεκίνησαν
668 2448 716 2475 καὶ
728 2447 850 2484 ἀπῆλθον
867 2449 896 2474 ἐν
912 2449 945 2484 τῇ
961 2449 1009 2475 ἐκ·

215 2495 329 2531 κλησὶᾳ,
344 2495 392 2522 καὶ
412 2494 461 2529 τὴν
478 2493 552 2521 θείαν
566 2493 776 2525 ἐπιτελέσαντες
802 2495 1007 2529 μυσταγωγίαν,

215 2543 264 2569 καὶ
277 2540 476 2576 μεταλαόόντες
489 2540 537 2567 τοῦ
553 2540 688 2576 ἀχράντου
704 2539 829 2575 σώματος
845 2539 891 2566 τοῦ
906 2540 1009 2576 Κυρίου

216 2587 296 2622 ἡμῶν
316 2586 405 2622 Ἰησοῦ
418 2586 548 2621 Χριστοῦ,
564 2586 666 2621 ἔφαγον
682 2586 764 2621 ἄρτον
780 2587 809 2613 ἐν
822 2584 948 2622 τραπέζῃ
962 2586 1009 2613 ἰοὖ

216 2634 296 2659 πάπα
313 2632 342 2658 ἐν
360 2633 393 2667 τῇ
406 2631 499 2666 ἡμέρᾳ
511 2631 604 2667 ἐκείνῃ
619 2631 645 2657 οἵ
656 2639 685 2658 τε
700 2630 845 2657 ἐπίσκοποι
860 2631 911 2665 τῆς
932 2631 1011 2658 Ἀνα-

216 2678 309 2713 τολῆς,
325 2678 372 2704 καὶ
388 2678 403 2704 ὁ
423 2677 585 2711 σπαθάριος,
600 2677 646 2703 καὶ
662 2677 676 2702 ὁ
693 2676 770 2711 ἆγιος
786 2676 947 2712 Γρηγόριος,
965 2677 1012 2703 καὶ

216 2724 233 2750 ὁ
241 2722 428 2758 χαρτοφύλαξ.
443 2719 497 2748 Ἦν
508 2722 535 2748 δὲ
546 2723 560 2748 ό
569 2722 647 2755 ἆγιος
658 2721 810 2757 Γρηγόριος
820 2721 895 2758 ἄρτῳ
908 2722 1011 2757 βραχυ-

217 2770 291 2801 τάτῳ
309 2768 492 2805 ἀρκούμενος,
509 2767 555 2794 καὶ
569 2767 697 2803 λαχάνοις
717 2767 781 2795 ἄνευ
800 2767 902 2796 ἐλαίου.
925 2768 1012 2795 Ἐκεῖ-

218 2815 265 2843 θεν
286 2815 316 2842 δὲ
339 2813 495 2848 ἐξελθόντες
522 2813 632 2849 ἔμειναν
660 2813 809 2850 ἀμφότεροι
832 2814 862 2841 ἐν
881 2814 920 2849 τῷ
942 2814 1011 2850 ἅμα,

252 2904 310 2941 (95)
324 2905 392 2934 Cod.
410 2906 435 2938 Ι,
450 2906 504 2939 ἵνα,
521 2905 559 2936 ὡς
574 2902 660 2936 sirm,
673 2903 837 2937 καταπλέξω
848 2903 940 2932 αὐτόν.

403 2961 542 2992 ΡΔτιιοῐι.
565 2960 623 2991 Gn.
648 2958 788 2992 XCVIII.

1058 2311 1235 2346 prodidisset,
1258 2320 1377 2348 eumque
1390 2313 1520 2340 extremis
1534 2313 1589 2340 illis
1603 2313 1699 2340 diebus
1714 2313 1775 2340 orbi
1791 2321 1851 2340 mae

1059 2356 1226 2385 nil'estasset.
1243 2357 1367 2393 Dumque
1383 2358 1440 2385 haec
1458 2357 1590 2388 dicerent.
1604 2358 1744 2386 discedere
1759 2365 1851 2393 (ωρο-

1060 2406 1135 2433 runt,
1166 2407 1248 2438 atque
1268 2403 1295 2429 in
1318 2404 1450 2438 templum
1473 2403 1589 2439 ingressi
1617 2411 1694 2432 sacra
1720 2404 1849 2439 mysteria

1060 2455 1188 2483 peregere
1202 2453 1228 2476 et
1242 2449 1417 2477 immaculato
1429 2457 1544 2485 corpore
1564 2449 1669 2477 Domini
1686 2450 1772 2478 nostri
1785 2449 1852 2478 Jesu

1060 2494 1283 2522 Christi:refccti
1309 2501 1384 2522 sunt.
1402 2495 1502 2523 Eodem
1520 2496 1564 2524 die
1578 2497 1699 2531 pontifex
1714 2498 1852 2525 maximus

1061 2539 1205 2574 episcopos
1230 2538 1364 2571 Orientis,
1384 2540 1566 2574 spatliarium,
1590 2545 1716 2568 sanctum
1751 2540 1854 2575 Grego‘

1063 2585 1132 2612 rium
1157 2589 1184 2612 et
1210 2585 1449 2621 cbartophylacem
1473 2587 1600 2613 convivio
1616 2586 1746 2622 accepit:
1769 2594 1856 2621 quau-

1063 2639 1142 2667 quam
1167 2635 1280 2659 sanctus
1304 2631 1454 2667 Gregorius
1475 2632 1575 2668 exiguo
1596 2639 1665 2667 pane
1688 2637 1715 2659 et
1734 2632 1857 2659 oleribus

1063 2677 1122 2704 sine
1138 2676 1198 2704 oleo
1214 2671 1360 2704 contentus
1381 2676 1442 2704 fuit.
1464 2676 1529 2704 lude
1543 2678 1657 2712 egressi,
1675 2685 1800 2705 mansere
1816 2677 1856 2705 si-

1063 2723 1119 2750 mul
1150 2723 1220 2757 apud
1248 2715 1567 2757 episcopos‘Gregorius
1593 2727 1620 2749 et
1646 2722 1802 2756 spatharius
1830 2727 1858 2752 et

1063 2763 1263 2805 cbartophylax
1283 2777 1292 2797 :
1315 2776 1346 2796 ac
1363 2767 1455 2805 [mn]
1477 2772 1583 2796 noctem
1609 2772 1694 2794 totam
1719 2768 1858 2798 insomnes

1064 2814 1211 2842 traduxere
1233 2813 1344 2850 singulL
1363 2821 1432 2850 quos
1455 2813 1520 2846 dixi,
1540 2812 1710 2840 admirantes
1723 2817 1778 2840 tam
1799 2813 1858 2849 epi-

1617 2953 1658 2985 22
