2083 3155
225 167 278 199 687

718 167 958 208 S.‘GREGORII
984 177 1240 209 AGRIGENTINI
1256 176 1344 209 VITA

1799 171 1852 203 688

225 231 285 251 sum
302 222 352 250 hoc
366 221 500 250 dederunt
514 233 520 251 :
537 224 564 251 Si
579 233 640 253 cum
658 227 701 254 his
716 232 744 254 ιιι
759 237 866 263 quoque
882 231 960 264 petis,
978 239 1011 257 ne

1071 239 1111 258 ποι
1127 230 1175 257 σὺν
1191 230 1229 265 τῷ
1242 231 1319 266 πάπᾳ
1334 230 1485 265 ἐδάκρυσαν
1500 229 1547 257 καὶ
1560 227 1650 256 εἶπον·
1665 229 1694 255 Εἰ
1707 227 1787 260 αὑτὸς
1803 229 1852 255 σὺν

225 268 289 302 quid
307 268 455 302 patiantur,
469 269 602 305 nihiljam
620 272 652 298 ad
668 280 717 299 nos
729 275 853 308 pertinet.
869 275 935 302 Nam
951 277 1013 302 illud

225 313 334 346 thItIt-m
354 321 415 341 vere
429 315 560 349 scriptum
577 322 628 348 est.
652 319 759 346 Domini
775 321 857 347 unius
884 321 1013 348 ultionem

224 369 294 388 esse.
326 361 409 396 Igitur
427 362 497 397 jussi
514 362 615 390 milites
626 363 764 392 dimittere
780 373 837 398 eos,
854 375 908 401 quo
920 375 1015 394 rursus

219 407 319 434 codem
335 415 431 435 omnes
452 409 640 436 convenirent.
663 409 769 437 Accidit
788 419 865 443 vero,
880 412 944 438 dum
962 419 1015 438 uno

223 451 251 478 in
267 453 326 480 loco
339 461 434 480 omnes
450 458 550 485 essent,
570 459 599 480 ut
623 455 741 489 procella
763 457 910 491 improviso
924 465 1016 484 erum-

223 503 307 532 paret,
323 503 350 526 ct
374 499 451 527 locus
468 500 523 532 ille,
547 501 574 527 in
595 509 650 536 quo
671 507 845 531 accusatores
867 508 954 537 erant,
970 504 1016 531 ob-

224 551 391 573 scuraretur.
405 546 506 574 Ventus
520 554 601 581 porro
616 556 631 575 e
644 553 715 576 terra
726 549 800 581 exiit,
813 554 840 577 et
850 550 918 577 adeo
930 550 1013 577 densa

225 591 314 626 caligo
329 599 424 620 omnes
441 593 517 625 texit,
533 599 563 621 ut
590 598 661 621 terra
690 595 842 628 dehiscere,
867 603 970 630 eosque
986 595 1014 622 in

224 637 383 671 voraginem
403 638 546 673 abreptura
563 646 623 667 esse
637 639 777 666 videretur
800 650 806 666 :
823 648 909 675 quare
923 641 1014 668 omnis

223 690 334 717 quoque
357 684 477 718 synodus
491 689 638 717 commota,
656 685 772 713 sublatis
792 686 825 713 ad
843 686 942 714 coelum
961 694 1016 714 ma-

225 729 306 756 nibus
318 729 489 756 inclamavit:
503 730 622 761 Domine,
635 732 768 759 miserere.
779 732 814 759 At
825 732 864 759 rei
874 733 963 759 exitus
973 733 1015 760 ltic

225 774 287 801 Ittit.
309 774 392 802 Paulo
408 780 468 810 post
484 776 582 811 caligo,
603 784 663 811 quae
677 777 730 804 illis
747 777 918 809 incubuerat,
933 778 1015 805 dissi-

225 826 286 855 pata
302 827 352 852 cst,
369 826 396 848 at
419 822 508 848 vultus
527 829 622 849 eorum
650 823 788 857 nigrantes
809 829 1013 857 apparuerunt;

226 868 408 900 quorumdam
422 875 486 895 vero
497 872 552 895 tota
568 867 653 896 facies
663 869 777 896 omnino
789 869 928 904 nigruerat
938 869 992 903 (99)
1006 878 1013 895 :

227 913 320 939 Sabini
338 913 364 939 in
384 914 479 947 primis
493 919 520 941 ct
533 914 701 942 Crescentini
728 915 898 950 aliorumque
913 916 1013 942 multo-

226 967 298 990 rum,
313 959 412 994 qttibus
441 966 569 995 prattcrea
589 962 659 988 labia
680 969 789 996 quoque
815 962 882 989 adeo
906 963 1015 990 diducta

227 1010 302 1037 sunt,
321 1007 407 1033 nt.vix
424 1014 454 1032 ea
471 1011 572 1034 tantum
595 1007 729 1034 adducere
749 1012 869 1042 possent,
884 1012 1015 1042 quantutn

227 1051 258 1076 all
274 1051 441 1084 loquendum
461 1060 529 1087 optts
545 1058 628 1080 esset.
648 1053 750 1080 Ultimo
768 1054 817 1080 hoc
829 1054 953 1089 prodigio
973 1054 1016 1080 di-

225 1097 288 1123 vina
306 1098 332 1124 in
348 1102 524 1126 accusatores
538 1099 578 1126 ira
597 1099 764 1134 conquievit.
789 1100 879 1133 Quare
897 1100 1018 1135 synodus

224 1144 355 1170 universa
369 1144 495 1171 clamavit
521 1153 528 1172 :
550 1144 627 1172 Nunc
649 1145 767 1180 denique
788 1146 920 1173 Dominus
945 1146 1018 1173 chri-

227 1195 299 1216 stum
323 1189 361 1224 (l)
384 1197 463 1217 suum
486 1198 619 1224 servasse,
643 1198 715 1218 nunc
729 1199 743 1218 e
757 1191 827 1218 coelo
850 1195 945 1218 sancto
968 1199 1018 1218 suo

228 1241 323 1269 preces
338 1234 398 1269 ejus
420 1235 576 1263 exaudiissc
597 1236 672 1263 visus
686 1240 738 1263 est.
752 1235 865 1272 Magnus
889 1236 1019 1264 Domintts

227 1287 330 1313 noster,
345 1286 372 1308 et
385 1289 483 1316 magna
502 1282 589 1309 virtus
602 1283 676 1316 ejus;
701 1287 728 1310 et
747 1291 798 1310 nun
815 1287 856 1310 est
874 1283 1020 1317 investiga-

229 1325 267 1352 tio
281 1326 388 1352 consilii
403 1326 473 1361 ejus.
498 1326 568 1354 Vere
585 1334 701 1362 magnus
712 1332 738 1354 et
762 1328 906 1356 laudabilis
927 1328 1018 1361 nimis,

226 1375 256 1398 ct
274 1371 470 1406 magnitudinis
499 1372 560 1407 ejus
584 1381 638 1400 non
657 1377 699 1400 est
725 1373 796 1401 ﬁnis.
814 1373 885 1400 Bene
908 1374 1021 1401 Domino

229 1417 354 1444 dicamus
378 1417 433 1444 Deo
450 1422 555 1449 nostro,
581 1418 626 1452 qui
650 1419 744 1445 omnia
768 1419 895 1446 utilitatis
921 1425 1021 1447 nostra:

228 1470 312 1489 causa
328 1462 409 1496 facit;
431 1462 489 1497 ipse
503 1463 576 1490 enim
596 1464 686 1491 noscit
699 1464 745 1499 qui
763 1472 826 1492 eum
844 1470 947 1498 amant,
961 1466 1022 1499 qui—

230 1516 283 1543 que
299 1508 430 1536 voluntati
455 1509 514 1544 ejus
534 1509 732 1544 obsequuntur.
758 1518 789 1538 ac
815 1515 905 1538 servat
919 1519 977 1543 eos,
996 1516 1021 1539 et

1066 275 1158 306 αὐτοῖς
1182 275 1268 306 αἰτεῖς
1292 275 1341 310 τὴν
1363 275 1497 302 ἀπάθειαν
1513 275 1610 305 αὐτῶν,
1629 275 1708 309 ἡμεῖς
1737 274 1852 308 πρᾶγμα

1065 320 1114 346 οὐκ
1136 319 1233 355 ἔχομεν
1247 328 1254 334 ·
1272 319 1350 346 τοῦτο
1363 320 1416 354 γὰρ
1437 318 1543 355 ἀληθῶς
1558 319 1723 353 γέγραπται,
1746 318 1787 344 ὅτι
1804 318 1851 344 τού

1066 366 1169 401 Κυρίου
1184 366 1200 400 ἡ
1213 365 1353 399 ἐκδίκησις
1367 367 1458 399 μόνον.
1473 365 1528 391 Καὶ
1539 364 1681 390 ἐκέλευσεν
1692 363 1790 394 αὐτοὺς
1801 364 1852 396 ἀφ-

1068 410 1135 436 ιέναι
1154 410 1218 441 τοὺς
1241 409 1419 446 στρατιώτας.
1437 410 1485 436 καὶ
1508 409 1588 435 πάλιν
1606 408 1695 442 ἐν-τῷ
1711 409 1770 443 ἅμα
1792 415 1854 434 συν-

1066 455 1243 490 αθροισοῆναι
1256 456 1388 488 ἅπαντας.
1409 455 1530 490 Ἐγένετο
1541 455 1569 481 δὲ
1582 455 1610 480 ἐν
1622 454 1661 489 τῷ
1673 454 1771 485 αὐτοὺς
1781 452 1852 481 εἶναι

1066 501 1095 526 ὲν
1120 501 1160 527 ἐνὶ
1182 501 1269 535 τόπῳ,
1288 501 1399 535 γέγονεν
1423 501 1522 536 αἴφνης
1550 500 1649 534 λαίλαψ
1667 500 1782 536 avitum,
1805 500 1853 526 xui.

1066 547 1212 574 ὲσκότασεν
1229 547 1244 572 ὁ
1259 547 1349 579 τόπος,
1370 548 1399 574 ὲν
1415 544 1437 581 ᾧ
1457 548 1565 574 ἵσταντο
1582 548 1607 573 οἱ
1621 547 1770 582 κατήγοροι
1783 555 1789 562 υ
1805 546 1853 572 xui.

1068 593 1122 619 ἰδοὺ
1136 593 1234 627 ἄνεμος
1247 593 1357 627 ἐξῆλθεν
1370 593 1401 619 ὲκ
1413 594 1462 628 τῆς
1473 593 1536 628 γῆς,
1551 593 1598 620 xui.
1609 593 1744 628 ἐκάλυψεν
1756 593 1853 624 αὐτοὺς

1067 639 1171 670 πάντας
1185 639 1285 674 γνόφος
1299 639 1432 671 σκοτινὺς,
1449 639 1519 666 ὥστε
1543 639 1646 671 πάντας
1665 639 1764 673 λέγειν,
1779 639 1819 665 ὅτι
1837 640 1852 673 ἡ

1067 685 1103 720 γῆ
1117 685 1212 720 ἔχανεν
1226 685 1274 712 καὶ
1288 685 1418 712 κατέπιεν
1433 685 1543 718 αὐτούς.
1561 686 1615 712 Kai.
1630 686 1705 712 πᾶσα
1717 686 1734 720 ἡ
1747 684 1854 716 σύνοδος

1067 733 1106 763 εις
1121 731 1169 758 τὸν
1181 731 1296 767 οὐρανὸν
1314 731 1364 763 τὰς
1380 733 1474 766 χεῖρας
1490 732 1606 767 ἄραντες
1620 731 1746 766 ἔκραζον,
1761 731 1854 763 λέγον-

1065 787 1110 809 τες
1123 778 1163 804 τό·
1173 778 1261 811 Κύριε
1271 777 1410 811 ἐλέησον.
1421 778 1475 804 Kal.
1487 777 1517 804 τὸ
1527 778 1558 813 δὴ
1572 777 1669 812 πέρας,
1691 777 1750 812 μετ’
1764 776 1854 810 ὀλίγον

1066 822 1204 856 διεσχίσθη
1223 823 1237 848 ό
1258 822 1356 856 γνόφος
1377 821 1516 848 ἑπάνωθεν
1527 821 1634 848 αὐτῶν·
1649 821 1694 847 xui
1715 819 1854 854 ἐφάνησαν

1067 869 1100 896 τὰ
1119 869 1252 901 πρόσωπα
1271 868 1361 895 αὐτῶν
1383 867 1607 903 μεμελανωμένα,
1623 867 1676 894 τῶν
1691 867 1720 893 δὲ
1733 867 1780 893 καὶ
1794 866 1854 892 ὁλό-

1066 915 1154 950 κληρα
1164 915 1198 941 τὰ
1207 914 1341 949 πρόσωπα
1349 915 1438 940 αὐτῶν
1451 914 1673 948 ὲμελανώϐησαν.
1688 914 1802 940 Σαϐίνου
1814 912 1853 942 δὲ,

1065 963 1112 988 καὶ
1127 961 1342 996 Κρησκεντίνου.
1368 961 1415 987 xui.
1430 960 1532 996 ἐτέρων
1547 959 1652 987 πολλῶν
1673 960 1704 986 οὺ
1723 959 1802 994 μόνον
1821 959 1854 985 τὰ

1067 1007 1200 1042 πρόσωπα
1220 1007 1310 1033 αὐτῶν
1329 1005 1549 1042 ἐμελανὼθησαν,
1565 1005 1634 1033 ἀλλὰ
1656 1005 1704 1032 xui.
1724 1005 1758 1031 τὰ
1777 1004 1852 1039 χείλη

1067 1054 1157 1080 αὐτῶν
1183 1052 1401 1088 κατηνέχθησαν,
1423 1052 1493 1079 ὥστε
1516 1052 1592 1087 μόλις
1608 1052 1707 1084 αὐτοὺς
1725 1051 1854 1078 δύνασθαι

1068 1099 1246 1134 περισφίγξαι
1259 1099 1328 1125 αὐτὰ
1343 1099 1385 1130 εἰς
1396 1098 1426 1125 τὸ
1439 1098 1565 1133 λαλῆσαι,
1581 1098 1682 1125 Τούτου
1696 1098 1724 1125 δὲ
1740 1098 1852 1132 γενομὲ-

1068 1153 1113 1170 νου
1135 1144 1182 1170 τοῦ
1203 1143 1317 1179 σημείου
1341 1144 1483 1179 ἐτελειώθη
1503 1144 1572 1179 ὀργὴ
1591 1145 1630 1175 εἰς
1652 1145 1715 1175 τοὺς
1736 1143 1854 1178 κατηγό-

1071 1199 1143 1225 ρους.
1160 1189 1295 1225 Ἔκραξεν
1309 1190 1384 1216 πᾶσα
1398 1191 1414 1224 ἡ
1430 1189 1537 1221 σύνοδος
1552 1189 1668 1223 λέγουσα
1678 1198 1684 1205 ·
1701 1189 1758 1216 Νῦν
1772 1190 1855 1224 ἐγκλή-

1069 1242 1167 1269 καμεν,
1181 1234 1223 1260 ὅτι
1248 1234 1349 1260 ἔσωσεν
1370 1233 1472 1268 Κύριος
1495 1234 1541 1260 τὸν
1562 1235 1672 1269 χριστὸν
1693 1234 1785 1265 αὑτοῦ,
1808 1235 1855 1261 xui.

1070 1278 1222 1313 ἐπήκουσεν
1248 1277 1332 1305 αὐτοῦ
1348 1278 1378 1310 ἐξ
1394 1278 1508 1312 οὐρανοῦ
1525 1279 1601 1313 ἁγίου
1618 1279 1711 1307 αὐτοῦ.
1732 1279 1826 1313 Μέγας
1841 1280 1855 1306 ὁ

1070 1322 1173 1357 Κύριος
1189 1323 1278 1358 ἡμῶν,
1299 1323 1346 1350 καὶ
1368 1324 1470 1359 μεγάλη
1488 1325 1505 1358 ἡ
1527 1325 1604 1358 ἰσχὺς
1621 1325 1721 1351 αὐτοῦ’
1741 1325 1786 1351 xui
1805 1325 1855 1352 οὒκ

1071 1367 1144 1394 ἐστιν
1157 1367 1329 1404 ὲξερεύνησις
1345 1369 1394 1402 τῆς
1405 1369 1563 1403 φρονήσεως
1576 1369 1657 1395 αὑτοῦ
1669 1378 1676 1385 ’
1690 1369 1796 1404 ἀληθῶς
1811 1370 1857 1403 μέ-

1071 1423 1122 1448 γας
1132 1414 1181 1440 καὶ
1192 1414 1298 1445 αἰνετός
1310 1413 1422 1448 σφόδρα,
1435 1415 1482 1440 xai
1496 1414 1546 1447 τῆς
1563 1414 1761 1449 μεγαλωσύνης
1772 1414 1855 1441 αὑτοῦ

1071 1461 1121 1487 οὐκ
1136 1460 1210 1486 ἐστιν
1227 1459 1323 1495 πέρας.
1339 1459 1490 1494 Εὐλογητὸς
1508 1460 1611 1497 Κύριος
1625 1461 1639 1486 ὁ
1654 1460 1721 1492 Θεὸς
1741 1460 1821 1495 ἡμῶν
1842 1463 1856 1488 ό

1073 1505 1160 1532 πάντα
1177 1505 1244 1540 πρὸς
1269 1504 1299 1530 τὸ
1320 1504 1459 1539 συμφέρον
1478 1504 1671 1540 ἐργαζόμενος.
1697 1505 1783 1537 Αὐτὸς
1801 1506 1857 1541 γὰρ

230 1556 264 1581 dc
281 1555 452 1582 inimicorum
470 1563 551 1583 manu
575 1560 656 1591 atque
680 1563 712 1583 ex
735 1557 809 1584 omni
825 1557 970 1584 afﬂictione
987 1558 1020 1584 li-

1072 1553 1200 1585 γινώσκει
1212 1550 1276 1582 τοὺς
1290 1551 1454 1585 ἀγαπῶντας
1465 1551 1557 1582 αὑτὸν,
1576 1552 1623 1579 καὶ
1636 1551 1699 1583 τοὺς
1714 1552 1856 1583 ποιοῦντας

233 1602 317 1628 Iterat.
334 1601 393 1636 Ipse
407 1601 541 1636 justitiam
560 1602 693 1636 impertit,
712 1603 771 1637 ipse
796 1603 925 1638 mysteria
951 1611 1022 1631 reve-

232 1646 281 1678 lat,
301 1647 360 1681 ipse
377 1647 564 1675 metuentibus
580 1655 642 1674 eum
670 1648 785 1675 salutem
801 1648 896 1681 affert;
915 1657 1022 1684 semper

230 1692 305 1719 enim
322 1700 405 1726 prope
428 1697 470 1720 est
498 1693 689 1721 invocantibus
707 1701 769 1720 eum
798 1694 823 1720 in
852 1695 975 1727 veritate,
994 1700 1020 1723 et

227 1746 278 1764 eos
295 1737 369 1774 [xcv]
391 1739 515 1766 celeriter
531 1739 683 1770 ulciscitur,
708 1741 779 1774 quod
806 1741 864 1768 sine
885 1741 1022 1768 intermis—

233 1785 310 1811 sione
324 1785 443 1812 clamant
457 1785 489 1812 ad
505 1792 566 1812 cum
584 1785 628 1812 die
643 1793 674 1812 ac
690 1791 778 1813 nocte.

270 1905 411 1934 LXXVIII.
430 1908 518 1942 Atque
535 1908 576 1936 his
590 1909 712 1943 prolatis,
741 1917 882 1937 accessere
900 1910 933 1936 ad
948 1916 1020 1941 cum,

231 1958 261 1979 ct
285 1953 317 1980 ad
337 1953 418 1987 pedes
442 1954 577 1988 provoluti
607 1955 760 1982 dixerunt:
785 1954 884 1981 Preces
913 1955 1021 1986 adhibe,

235 1999 315 2025 Pater
334 2004 438 2032 sancte,
458 2007 507 2034 pro
524 1999 613 2032 nobis,
632 2000 675 2034 qui
704 2008 775 2027 unus
794 2001 925 2027 extremis
950 2001 1023 2028 hisce

237 2045 404 2078 temporibus
419 2044 526 2071 invicta:
553 2045 690 2079 patientiae
714 2045 803 2072 virum
835 2050 860 2073 te
878 2046 980 2080 prodis,
996 2050 1023 2073 et

237 2089 337 2116 Christi
356 2097 387 2116 ac
402 2089 601 2124 discipulorum
619 2090 680 2124 ejus
699 2090 866 2118 imitatorem
883 2100 890 2118 :
921 2098 980 2126 age,
998 2095 1024 2118 te

238 2135 425 2168 obsecramus,
441 2135 569 2169 precibus
583 2142 634 2163 nos
650 2136 705 2162 tuis
722 2135 790 2162 habe
801 2137 1022 2164 commendatos.

237 2181 284 2207 Ille
298 2188 362 2207 vero
380 2180 455 2207 humi
472 2185 635 2214 prostratus.
652 2181 735 2216 pedes
753 2181 923 2216 singulorum
942 2189 1024 2209 oscu-

237 2227 355 2259 labatur,
374 2233 416 2258 ac,
443 2225 508 2258 Vos,
536 2226 636 2259 aiebat,
663 2226 796 2261 ignoscite
822 2227 900 2259 mihi,
929 2227 1023 2254 Patres

237 2273 344 2299 sancti:
361 2280 412 2307 ego
428 2273 499 2300 enim
524 2280 584 2299 sum
604 2273 721 2304 vermis,
741 2276 768 2300 et
782 2280 836 2300 non
864 2273 956 2306 homo,
975 2281 1024 2307 op-

239 2323 378 2358 probrium
395 2322 535 2349 hominum
561 2325 587 2349 et
612 2321 729 2355 abjectio
747 2322 879 2349 omnium.
898 2321 952 2349 Vos
975 2329 1025 2357 po-

233 2371 292 2396 tius
308 2369 468 2397 tenuitatem
487 2375 574 2395 meam
595 2368 722 2403 precibus
740 2368 839 2396 vestris
863 2372 1024 2395 sustentate.

237 2415 351 2449 Jamque
377 2421 473 2442 omnes
501 2417 597 2441 sancto
622 2413 698 2440 illum
725 2413 820 2441 osculo
846 2413 1025 2441 salutabant:

237 2463 338 2497 quippe
353 2465 408 2488 tota
424 2469 456 2488 ex
471 2460 537 2488 urbe
555 2460 607 2487 viri
633 2459 797 2494 feminaeque
821 2467 883 2487 cum
903 2459 1027 2487 lactenti-

239 2510 288 2536 hus
320 2508 412 2543 pueris
448 2511 642 2539 convenerant,
676 2510 872 2534 accusatorum
904 2505 1027 2539 prodigio

238 2554 319 2581 exciti
336 2561 343 2580 :
359 2557 386 2580 et.
403 2558 455 2579 ora'
467 2559 560 2579 eorum
577 2551 711 2586 nigrantia
731 2549 914 2585 obstupefacti
935 2549 1025 2576 intue—

239 2601 349 2628 bantur.
378 2597 497 2626 Rursum
521 2596 621 2624 deiude
644 2595 765 2631 episcopi
794 2595 827 2622 ad
859 2595 938 2623 sedes
963 2602 1027 2622 suas

276 2668 331 2703 (99)
354 2667 452 2700 Quidni
472 2666 680 2703 Agrigentinum
718 2665 837 2703 aliquem
851 2685 859 2697 ,
886 2672 1025 2703 amomum

241 2699 391 2733 hominem.
411 2703 524 2729 Leontio
541 2699 640 2728 nostro
656 2700 832 2734 imposuisse,
850 2704 877 2726 et
899 2699 1025 2726 fabellam

243 2740 312 2766 hanc
329 2738 485 2765 venditasse
504 2736 714 2764 existimemus?
730 2735 869 2770 Agrigenti
896 2734 1026 2770 fortasse,

243 2779 268 2800 ut
288 2773 326 2805 III,
352 2773 461 2800 familiae
488 2772 592 2806 aliquot
615 2779 646 2798 ex
663 2769 765 2809 Africa
782 2775 911 2809 extorres
935 2769 1026 2809 sedem

243 2810 374 2841 Inerant;
393 2816 424 2835 ex
441 2804 670 2842 iisqne'prognati
689 2806 766 2842 fusca
782 2804 860 2842 facie,
877 2805 961 2842 labris
977 2804 1027 2842 itn-

241 2839 501 2878 Inodicis’parente‘s
517 2839 680 2878 atqueiavos
698 2840 861 2867 referebant.
880 2839 941 2878 _Il_os
967 2839 1024 2874 pla-

244 2887 296 2906 nus
312 2879 365 2911 ille,
378 2875 419 2904 ἰιι
435 2878 533 2905 coloris
553 2882 580 2904 ct
595 2876 689 2904 forma:
706 2883 817 2903 causam
841 2875 976 2907 redderet,
993 2882 1026 2901 ex

1071 1596 1101 1622 τὸ
1117 1595 1224 1631 Θέλημα
1240 1596 1333 1626 αὐτοῦ.
1349 1595 1396 1622 καὶ
1412 1595 1493 1627 σώζει
1505 1596 1614 1627 αὐτοὺς.
1632 1597 1680 1623 καὶ
1695 1596 1788 1632 ῥύεται
1806 1597 1856 1623 αὺ-

1071 1641 1133 1672 τοῦς
1147 1642 1179 1667 ὲκ
1190 1641 1280 1676 χειρὸς
1292 1641 1400 1676 ἐχθρῶν
1414 1640 1505 1667 αὐτῶν
1521 1641 1567 1668 καὶ
1581 1641 1614 1668 ὲκ
1627 1642 1716 1676 πάσης
1730 1641 1856 1676 θλίψεως.

1071 1685 1156 1717 Αὐτὸς
1179 1686 1287 1716 δικαιοῖ,
1317 1687 1398 1717 αὐτὸς
1423 1688 1611 1714 ἀποκαλύπτει
1637 1688 1784 1721 μυστήρια,
1810 1687 1858 1713 καὶ

1072 1733 1145 1758 ποιεῖ
1159 1732 1296 1768 σωτηρίαν
1306 1734 1365 1764 τοῖς
1383 1732 1564 1769 φοϐουμένοις
1579 1733 1671 1760 αὐτόν.
1693 1732 1791 1766 Ἐγγὺς
1803 1732 1857 1766 γάρ

1071 1779 1146 1805 ἐστιν
1159 1778 1274 1805 πάντοτε
1292 1779 1347 1810 τοῖς
1360 1779 1585 1814 ἐπικαλουμένοις
1597 1779 1678 1806 αὐτον
1693 1779 1721 1805 ὲν
1735 1778 1857 1813 ἀληθείᾳ,

1072 1826 1120 1851 xui.
1134 1825 1183 1860 τὴν
1200 1825 1340 1860 ἐκδίκησιν
1353 1825 1442 1852 αὐτῶν
1464 1826 1536 1852 ποιεῖ
1551 1826 1581 1852 ἐν
1596 1825 1684 1860 τάχει,
1697 1825 1739 1851 ὅτι
1753 1824 1858 1852 ἀνενδὸ-

1072 1877 1127 1898 τως
1139 1868 1221 1903 βοῶσι
1234 1869 1303 1904 πρὸς
1318 1869 1397 1896 αὑτὸν
1413 1870 1520 1904 ἡμέρας
1532 1870 1578 1896 xui.
1590 1869 1699 1901 νυκτός.

1108 1913 1171 1940 OH’.
1189 1913 1245 1939 Kal
1269 1914 1354 1940 ταῦτα
1378 1914 1467 1940 αὐτῶν
1489 1914 1636 1947 εἰπόντων,
1665 1913 1860 1949 προσελθόντες

1073 1958 1187 1986 ἔπιπτον
1206 1959 1282 1994 παρὰ
1304 1961 1368 1990 τοὺς
1392 1960 1473 1992 πόδας
1499 1960 1595 1990 αὐτοῦ,
1613 1959 1757 1994 λέγοντες’
1778 1957 1860 1992 mea:

1074 2005 1143 2040 ὑπὲρ
1154 2005 1244 2040 ἡμῶν,
1258 2005 1346 2040 Πάτερ
1363 2005 1434 2038 ἆγιε.
1448 2006 1488 2032 ὅτι
1504 2007 1533 2032 ὲν
1545 2007 1605 2036 ταῖς
1619 2005 1736 2040 ἡμέραις
1749 2005 1860 2036 ταύταις

1073 2053 1133 2083 ταῖς
1150 2051 1276 2085 ἐσχάταις
1302 2051 1334 2077 σὺ
1354 2051 1434 2084 μόνος
1450 2051 1576 2086 ὲδείχθης
1592 2051 1712 2087 ἐργάτης
1726 2050 1777 2085 τῆς
1793 2051 1860 2077 ὑπο-

1076 2097 1170 2131 μονῆς,
1183 2098 1229 2123 καὶ
1243 2096 1336 2128 δοῦλος
1348 2097 1468 2130 Χριστοῦ
1485 2097 1533 2124 xui.
1549 2098 1603 2123 τῶν
1623 2096 1752 2130 μαθητῶν
1767 2094 1860 2122 αὐτοῦ.

1075 2140 1294 2175 Παρακαλοῦμεν
1306 2141 1334 2167 δέ
1346 2150 1386 2172 σε,
1401 2140 1481 2176 εὔχου
1495 2141 1565 2176 ὑπὲρ
1580 2140 1668 2175 ἡμῶν,
1681 2140 1770 2175 εὔχου.
1792 2140 1820 2166 Ὀ
1833 2140 1861 2166 δὲ

1075 2186 1166 2214 πεσὼν
1183 2187 1229 2212 ἐπὶ
1244 2187 1389 2221 πρόσωπον
1405 2186 1498 2218 αὐτοῦ,
1512 2186 1715 2221 προσεκύνησεν
1729 2185 1788 2216 ἐνὸς
1801 2185 1862 2211 ἐκα-

1077 2241 1139 2259 στου
1161 2232 1250 2259 αὐτῶν
1266 2233 1328 2264 τοὺς
1346 2232 1440 2265 πόδας,
1456 2232 1544 2266 λέγων
1555 2239 1562 2247 ⁸
1588 2230 1788 2266 Συγχωρήσατὲ
1807 2239 1862 2264 μοι,

1077 2279 1183 2312 Πάτρες
1200 2279 1273 2312 ἅγιοι
1285 2285 1291 2292 ·
1311 2277 1366 2311 ἐγὼ
1388 2277 1443 2311 γάρ
1463 2278 1522 2312 ειμι
1545 2277 1664 2312 σκώληξ,
1689 2277 1736 2303 καὶ¹
1750 2276 1800 2315 οὐκ
1817 2276 1862 2303 ἂν.

1077 2323 1195 2358 θρωπος,
1208 2323 1311 2354 ὄνειδος
1325 2322 1478 2357 ἀνθρώπων
1496 2323 1543 2349 xui
1556 2322 1725 2357 ὲξουθένημα
1737 2321 1845 2348 πάντων
1854 2328 1860 2336 ·

1077 2369 1154 2395 αὐτοὶ
1174 2369 1272 2403 μᾶλλον
1291 2367 1403 2403 εὔχεσθε
1428 2367 1498 2403 ὑπὲρ
1521 2367 1573 2403 τῆς
1589 2367 1659 2402 ὲμῆς
1676 2367 1860 2402 μετριότητος.

1083 2414 1255 2441 Ἦσπάσαντο
1266 2414 1293 2440 δὲ
1307 2414 1386 2440 αὐτὸν
1399 2413 1498 2445 πάντες
1510 2413 1549 2447 τῷ
1563 2413 1632 2448 ἁγίῳ
1647 2412 1791 2447 φιλήματι.
1808 2412 1857 2438 lli-

1078 2470 1111 2487 σα
1129 2460 1182 2495 γὰρ
1194 2461 1211 2495 ὴ
1227 2460 1304 2491 πόλις
1317 2458 1350 2494 ἦν
1363 2459 1580 2494 συνηθροισμένη
1594 2458 1698 2492 ἀνδρῶν
1710 2466 1739 2483 τε
1754 2457 1802 2484 xui.
1819 2466 1860 2490 γιι

1077 2506 1187 2539 ναικῶν,
1203 2505 1249 2532 xui.
1266 2505 1319 2536 ’ἐως
1331 2504 1430 2540 μικροῦ
1444 2504 1609 2539 θηλάζοντος
1630 2504 1675 2529 ἐπὶ
1689 2502 1728 2537 τῷ
1741 2505 1866 2536 γεγονότι

1078 2551 1184 2587 σημείῳ
1202 2542 1242 2583 εἰς
1263 2551 1326 2583 τοὺς
1346 2550 1526 2585 κατηγόρους.
1545 2549 1599 2576 Καὶ
1623 2546 1692 2584 ἦσαν
1710 2548 1867 2583 Θαυμάζον-

1077 2597 1177 2630 τες,ὼς
1192 2597 1327 2632 ἐθεώρουν
1341 2596 1558 2632 μεμελανωμένα
1571 2595 1662 2634 αὐτῶν
1675 2595 1709 2621 τὰ
1720 2594 1865 2630 πρόσωπα.

1078 2673 1172 2692 eorum
1186 2672 1284 2699 genere
1303 2671 1364 2699 esse
1386 2663 1465 2699 dixit,
1489 2661 1535 2696 qui
1560 2659 1722 2699 Gregorium
1741 2662 1866 2699 nostrum

1078 2695 1264 2731 accusasSent,
1285 2707 1318 2726 ac
1341 2698 1422 2725 simul
1449 2695 1585 2724 ostentum
1607 2695 1676 2731 istud
1688 2698 1868 2731 commentus

1077 2739 1130 2764 est.
1158 2735 1230 2768 quod
1257 2729 1339 2760 homo
1357 2733 1470 2768 minimc
1494 2731 1597 2768 malus._
1613 2735 1640 2757 et.
1663 2729 1790 2768 historiae
1809 2735 1868 2768 sure

1079 2763 1258 2805 producenda;
1272 2773 1353 2802 atque
1364 2767 1494 2805 ornandae
1517 2765 1645 2800 cupidus.
1661 2764 1743 2791 facile
1761 2763 1868 2795 hausit,

1080 2802 1163 2837 utque
1176 2804 1311 2836 audierat,
1327 2802 1462 2839 exposuit.
1678 2834 1684 2839 _

1117 2835 1154 2875 (ί)
1168 2840 1205 2866 Es
1221 2839 1288 2873 psal.
1310 2835 1368 2869 xu,
1380 2838 1412 2870 7;
1429 2841 1455 2863 et
1474 2844 1507 2863 ex
1524 2835 1584 2863 aliis
1599 2835 1726 2869 carptim.
