2083 3155
222 127 271 160 691

718 131 749 161 S.
766 130 954 162 GREGORII
974 133 1229 164 AGRIGENTINI
1251 134 1351 166 VITA.

1798 135 1852 167 692

223 183 279 212 Dio
293 188 432 217 acceptam
450 185 648 220 areessivisset,
667 195 753 222 eaque
771 189 796 216 in
820 191 954 225 synodum
973 192 1012 219 in-

1065 192 1198 226 φιλόθεον.
1229 193 1283 220 Καὶ
1305 193 1516 228 προσκυνήσασα
1538 192 1586 220 καὶ
1611 193 1730 221 λαϐοῦσα
1755 195 1850 231 εὐχὴν,

223 230 348 256 traducta
364 230 505 256 adorasset
526 237 620 258 omnes
636 239 667 258 ac
682 232 733 259 sibi
753 232 820 259 bene
837 235 1010 268 precantibus

221 268 379 305 annuisset,
407 275 449 302 his
473 275 516 302 ille
531 276 622 303 verbis
650 285 709 304 eam
735 282 775 305 est
791 278 913 307 amittis:
936 279 1011 307 llanc

223 319 270 346 tibi
287 320 413 354 puellam,
427 319 536 347 domina
562 327 659 353 mater,
672 324 847 355 commendo,
869 330 899 351 ut
914 325 1011 358 animae

221 365 310 399 ipsius
336 373 428 392 curam
455 374 545 400 geras,
574 373 689 402 eamque
717 367 742 394 in
770 368 813 395 die
828 368 947 400 Domini,
964 370 1009 404 qui

221 411 373 437 mercedem
386 411 500 439 daturus
515 416 565 444 est,
585 412 787 440 immaculatam
804 415 943 441 restituas.
960 415 1009 442 Cui

220 456 266 483 illa
281 465 288 483 :
306 456 361 490 Sic,
384 457 483 492 inquit,
499 457 618 489 domine,
635 458 690 491 tiat,
710 459 747 485 uti
769 459 858 497 jubes.
878 460 917 487 Ac
942 460 1011 487 bene

221 501 259 528 illi
274 503 450 536 precantibus
464 504 581 536 cunctis,
598 504 714 538 puellam
727 505 880 533 diacouissa
897 507 1010 541 accepit,

221 553 303 582 atque
322 544 358 574 in'
373 549 569 576 monasterium
590 549 703 577 deduxit
722 553 729 576 :'
752 550 794 577 ubi
813 558 900 577 annos
917 551 1010 586 viginti

221 592 292 620 duos
305 593 393 628 exegit
412 587 540 621 moribus
551 595 728 622 emendandis
742 600 769 622 et
783 596 881 623 erratis
898 597 1011 631 expian-

222 639 264 666 dis
280 633 384 666 intenta
403 648 409 666 :
427 647 459 667 ac
481 640 628 667 multarum
645 641 796 675 palmarum
817 642 912 668 victrix
928 649 1012 670 occu-

221 684 291 711 buit.
532 687 545 697 '

257 729 364 758 LXXX.
398 731 465 758 Cum
495 731 551 766 jaui
579 732 646 759 bora
667 730 747 760 esset
771 741 859 765 nona,
890 735 1011 769 pontifex

222 779 359 805 maximus
387 783 511 806 sanetum
530 778 691 814 Gregorium
711 780 837 808 hortatus
854 785 906 814 est,
920 784 949 807 ut
970 781 1006 808 di-

222 825 284 850 vina
304 825 434 859 mysteria
452 829 593 860 perageret
617 825 666 860 tl).
694 825 754 858 Quo
775 830 897 861 tempore
916 826 1010 863 [xcvn]

223 869 342 896 Orientis
362 869 481 904 episcopi
495 870 595 904 aliique
616 878 631 896 e
645 869 753 905 'synodo
769 870 901 904 Spiritum
920 871 1012 904 gratia:

222 915 350 942 viderunt
372 920 466 942 sancto
490 916 548 943 viro
564 916 835 951 superimmiuentem
849 925 856 947 ;
872 916 945 951 quod
959 916 1012 944 illis

224 960 378 988 sanctitatis
392 961 452 995 ejus
463 969 602 989 summum
617 965 807 996 argumentum
823 961 893 988 fuit:
911 969 972 989 nam
986 967 1013 989 et

223 1007 276 1042 ipsi
295 1007 348 1034 Deo
371 1007 517 1035 admodum
535 1008 638 1043 accepti
657 1012 745 1040 erant,
778 1008 921 1042 sanctique
952 1007 1012 1042 Spi-

224 1054 293 1079 ritus
323 1053 478 1087 participes.
504 1052 540 1080 Ut
556 1061 621 1080 vero
645 1057 770 1081 sanctum
798 1052 904 1080 Domini
926 1053 1012 1080 nostri

222 1097 286 1125 Jt'Sll
297 1098 402 1128 Christi
414 1106 513 1133 corpus
529 1107 560 1126 ac
575 1099 722 1133 pretiosum
740 1100 900 1134 sanguinem
912 1107 927 1127 e
942 1099 1012 1127 beati

223 1143 346 1178 Gregorii
376 1145 501 1171 manibus
525 1148 703 1179 acceperunt,
732 1145 823 1172 cibum
852 1145 949 1172 deinde
979 1145 1012 1172 ad

223 1189 360 1224 pontiticis
383 1190 494 1216 maximi
515 1197 638 1216 mensam
667 1198 820 1225 sumpsere,
836 1195 893 1217 tum
914 1191 1012 1226 quietis

223 1242 306 1261 causa
336 1235 458 1269 episcopi
485 1234 610 1261 eumdem
638 1242 733 1262 omnes
750 1235 776 1262 in
803 1235 891 1262 locum
911 1235 1011 1263 reversi

223 1283 298 1307 sunt.
316 1278 429 1306 Noctem
448 1284 538 1306 tamen
555 1284 640 1307 totum
658 1288 745 1315 usque
760 1280 792 1307 ad
809 1281 895 1308 lucem
917 1281 1012 1316 vigila-

224 1332 297 1360 runt,
315 1328 347 1354 de
365 1327 503 1355 communi
521 1327 608 1354 salute
630 1335 662 1354 ae
678 1328 710 1354 de.
726 1328 783 1354 utili
799 1328 908 1363 pietatis
923 1329 1013 1356 studio

224 1371 401 1399 disserentes.
413 1371 507 1398 Primo
525 1376 615 1398 autem
630 1372 751 1399 diluculo
769 1371 929 1407 Gregorium
945 1380 1013 1407 pon-

224 1415 290 1442 tifex
304 1416 441 1442 maximus
453 1416 606 1449 arcessivit,
618 1416 730 1443 ethunc
740 1424 802 1444 cum
814 1425 845 1444 eo
859 1425 1011 1444 sermonem

225 1462 320 1489 habuit
334 1471 340 1488 :
352 1462 434 1495 Audi,
451 1461 499 1495 iiii,
516 1470 650 1496 exponam
669 1463 741 1488 enim
759 1463 806 1489 tibi
824 1463 899 1490 urbis
915 1469 1013 1490 nostra:

225 1509 419 1542 calamitatem,
447 1517 530 1544 quam
551 1509 643 1544 utique
660 1514 771 1544 propter
795 1510 895 1544 ﬂagitia
921 1514 1014 1538 nostra

224 1556 371 1590 contigisse
389 1555 487 1583 l'ateor.
518 1555 620 1583 Trabes
639 1555 764 1591 quaedam
789 1564 836 1591 per
848 1555 947 1584 ﬂumen
966 1558 1015 1584 ad~

225 1601 395 1629 vehebantur
418 1602 451 1629 ad
481 1601 596 1630 Sanctos
620 1602 775 1637 Apostolos.
793 1602 839 1630 Ha:
865 1603 892 1630 in
919 1603 1013 1630 urbem

225 1652 416 1688 pervenerant,
433 1655 494 1675 cum
513 1648 603 1675 medio
620 1648 646 1674 in
664 1648 776 1675 ﬂumine
794 1652 922 1683 tanquam
939 1656 1014 1676 com-

226 1697 311 1727 pactae
330 1697 376 1720 aut
401 1693 474 1720 ferro
493 1693 553 1720 ﬁxae
569 1694 760 1721 constiterunt.
778 1693 872 1729 itaque
890 1694 1013 1722 clausum

226 1738 253 1764 in
270 1738 364 1765 urbem
378 1737 481 1765 aditum
497 1738 640 1772 habemus,
658 1743 687 1766 ut
702 1746 790 1774 neque
806 1739 909 1774 ingredi
928 1748 1015 1776 neque

226 1784 317 1818 egredi
335 1783 441 1818 navigia
462 1784 586 1818 possint;
604 1791 635 1811 ea
655 1791 698 1811 res
713 1784 786 1811 cives
802 1785 949 1819 plurimum
965 1794 1014 1813 an-

226 1830 264 1863 git
283 1838 289 1856 :
307 1837 368 1856 nam
395 1837 465 1864 saepe
486 1837 585 1857 manus
609 1830 790 1862 admovimus,
817 1839 867 1858 nec
890 1839 938 1858 eas
951 1839 1014 1866 per-

226 1875 335 1902 trahere
351 1883 470 1909 unquam
492 1876 642 1910 potuimus.
662 1875 807 1903 Enimvero
821 1877 951 1912 quoniam
969 1877 1014 1904 hic

225 1927 275 1947 \‘os
291 1921 368 1954 estis,
387 1920 503 1948 obsecro
526 1928 585 1954 vos,
604 1926 634 1948 ut
658 1929 691 1949 co
716 1929 803 1956 usque
826 1923 954 1950 accedere
981 1931 1014 1950 ne

226 1967 393 2002 gravemini;
421 1974 500 2000 spero
526 1966 599 1994 enim
627 1966 694 1999 fore,
722 1973 756 2005 ut_
771 1966 904 1995 Dominus
920 1975 1015 2003 preces

226 2017 331 2040 vestras
347 2013 484 2039 exaudiat.
505 2012 555 2039 Cui
572 2013 718 2048 Gregorius
734 2014 901 2048 respondens
919 2023 925 2040 :
950 2013 1014 2041 0m-

226 2058 302 2090 nino,
315 2057 415 2091 inquit,
431 2061 460 2083 ut
471 2057 563 2092 jubes.
589 2065 688 2092 parens
714 2063 808 2085 noster
831 2059 1012 2086 sanctissime.

227 2102 340 2137 Signum
356 2103 438 2137 igitur
455 2102 545 2130 tabula
562 2103 620 2130 dari
636 2102 758 2138 pontifex
773 2104 909 2131 maximus
920 2104 1012 2138 jussit,

226 2174 293 2196 tam.
318 2169 359 2206 in
375 2170 477 2205 synodo
504 2170 576 2197 enim
607 2170 730 2206 Romana
759 2171 810 2198 sub
837 2171 1012 2206 Symmacho,
1030 2180 1052 2206 ο

227 2213 299 2242 anno
312 2204 364 2242 499
379 2206 496 2242 decretis
512 2206 679 2242 subscripsit
695 2204 864 2242 Marcianus
879 2207 1014 2242 presbyter

228 2239 298 2276 tituli
319 2239 423 2276 Sanctae
447 2239 572 2276 Ca’eilire,
603 2245 633 2276 ut
659 2240 757 2267 deinde
777 2241 804 2267 iu
831 2239 935 2276 synodo
957 2239 1012 2269 sub

227 2275 358 2308 Gregorio
381 2275 478 2309 Magno
497 2275 588 2301 Victor
603 2275 709 2302 Sancta:
724 2275 851 2303 Caecilia};
866 2276 902 2303 De
919 2285 1014 2304 mona-

228 2309 312 2337 sterio
337 2318 388 2345 ego
419 2315 523 2336 tantum
542 2310 677 2338 atiirmare
694 2318 817 2345 possum.
847 2319 940 2338 revera
959 2312 1014 2340 illic

228 2350 291 2372 ante
310 2345 451 2372 Paschalis
466 2345 477 2372 l
493 2350 598 2372 aetatem
618 2345 702 2372 finisse
718 2347 758 2372 vel
777 2347 896 2373 virorum
914 2347 954 2373 vel
976 2348 1014 2374 fe-

227 2380 363 2407 minarum
381 2389 387 2407 :
403 2381 504 2407 indicat
528 2380 600 2407 enim
616 2381 673 2414 ipse
690 2381 716 2407 in
737 2381 852 2415 epistola
871 2381 909 2408 De
925 2382 1014 2408 inven-

228 2416 296 2442 tione
309 2416 481 2449 reliquiarum
495 2420 594 2442 sancta:
605 2414 721 2442 chiliaz
735 2414 817 2450 (apud
833 2416 914 2443 liard.
931 2417 1012 2444 Conc.

229 2456 247 2476 t.
261 2449 306 2482 IV,
317 2459 343 2484 p.
358 2450 448 2485 l225).
464 2451 517 2477 Sed
529 2456 619 2477 tamen
635 2451 707 2477 haud
721 2451 799 2478 faeile
811 2455 934 2485 apparet,
948 2453 1014 2479 viri-

229 2494 262 2513 με
277 2494 312 2512 an
324 2486 431 2521 [ciuium
445 2490 526 2512 antea
543 2486 704 2518 incolerent,
715 2494 747 2513 ac
760 2494 825 2512 num
840 2488 896 2520 ipse
909 2489 1013 2521 primus

230 2521 302 2548 viros
332 2520 480 2554 induxerit,
497 2529 530 2547 an
551 2525 657 2548 veteres
674 2521 778 2548 incolas
796 2520 948 2548 retinuerit.
968 2523 1013 2550 Sic

228 2556 311 2588 enim,
329 2560 471 2590 postquam
486 2557 519 2583 dc
535 2556 635 2588 templo
651 2564 665 2582 a
682 2564 710 2583 se
726 2556 851 2583 restituto
865 2556 944 2588 dixit,
962 2566 1013 2584 ea:-

229 2595 284 2618 tera
298 2591 465 2626 qumibidem
482 2591 594 2625 perfecit
609 2596 719 2618 enarrat
737 2600 743 2618 :
761 2591 895 2626 Ibiquead
908 2591 1012 2618 laudem

228 2627 362 2653 Creatoris
382 2626 532 2653 instaurata
559 2626 718 2653 monasterio
743 2627 878 2653 beatorum
901 2627 1013 2654 Δηώ-ειν

228 2662 342 2695 apostoli
365 2666 390 2688 et
405 2661 524 2696 Gregorii
539 2662 696 2695 confessori»
708 2681 715 2692 ,
734 2669 831 2688 necnon
847 2662 873 2688 in
889 2662 1012 2688 honorem

229 2702 380 2723 mnctarum
394 2697 525 2731 virginum
536 2701 562 2723 et
576 2701 722 2730 martyrum
733 2697 842 2731 Agat/iw
851 2701 876 2723 et
886 2697 1010 2729 Cmrilia’,

228 2731 300 2765 infra
316 2731 458 2759 Ecclesium
475 2733 501 2758 in
516 2732 583 2760 loco.
601 2733 645 2766 qui
662 2732 762 2758 dicitur
777 2732 861 2758 Collis
877 2732 1010 2766 jacentis:

228 2767 255 2792 iu
270 2775 320 2801 quo
337 2767 524 2794 monac/torum
552 2767 607 2794 Deo
621 2767 788 2794 servientium
816 2769 1012 2802 congregationi

228 2803 349 2828 unanimi
374 2803 553 2829 constituimus
578 2810 625 2837 pro
640 2803 801 2837 quotidiani:
822 2803 962 2834 hiatibus,
986 2809 1011 2829 et

227 2843 274 2867 pro
299 2837 415 2865 subsidio
436 2841 460 2865 ct
487 2837 658 2865 luminarium
673 2838 879 2872 continuatione,
897 2846 940 2864 seu
960 2838 1012 2864 uti—

1063 236 1127 271 ἕστη
1141 237 1295 272 ἔμπροσθεν
1308 238 1359 273 τῆς
1374 239 1483 266 συνόδου
1495 247 1501 252 ·
1516 239 1564 266 καὶ
1578 238 1653 273 λέγει
1675 240 1782 275 αὑτῇ-ὸ
1796 242 1850 269 πά-

1064 290 1117 313 πας
1126 289 1132 295 ·
1145 281 1254 316 Ταύτην
1271 291 1312 309 σοι
1325 282 1374 317 τὴν
1386 284 1469 311 παῖδα
1482 283 1664 320 παρατίθημι,
1677 284 1750 319 κυρὰ
1759 285 1850 321 ἅμμα,

1064 325 1107 351 ἵνα
1134 325 1303 362 ἐπιμελής-ης
1327 327 1377 362 τῆς
1406 327 1496 363 ψυχῆς
1524 328 1621 362 αὐτῆς,
1649 328 1697 354 καὶ¹
1721 329 1851 364 παραδῷς

1063 369 1178 396 ἄσπιλον
1190 371 1220 396 ὲν
1232 373 1265 406 τῇ
1277 371 1369 407 ἡμέρᾳ
1383 372 1430 398 τοῦ
1442 372 1556 408 Κυρίου,
1571 372 1620 399 καὶ
1631 374 1697 408 παρ’
1709 373 1792 402 αὑτοῦ
1805 375 1851 401 τὸν

1065 413 1159 448 μισθὸν
1174 414 1299 450 κομίσῃς.
1315 416 1350 441 Ἠ
1364 416 1392 442 δὲ
1409 414 1495 442 εἷπεν-
1512 416 1629 449 Γένοιτο,
1645 416 1733 451 κύριε,
1749 417 1787 450 ὡς
1803 427 1850 445 κε-

1064 459 1160 492 λεύεις.
1182 461 1236 487 Καὶ
1259 461 1368 488 πάντων
1386 462 1453 498 αὐτῇ
1473 462 1677 498 ἑπευξαμένων,
1695 464 1851 498 παρέλαὸεν

1063 506 1147 541 αὐτὴν
1171 506 1187 541 ἡ
1202 506 1334 539 διάκονος,
1352 507 1400 534 καὶ
1419 506 1482 534 ἄπιε
1497 509 1526 534 ἐν
1543 508 1581 544 τῷ
1599 501 1774 546 μοναστηρίῳ
1791 511 1850 546 μετ’

1062 552 1162 587 αὑτῆς”
1181 552 1293 579 κάκεῖσε
1308 552 1443 588 διέτριψεν
1457 553 1504 590 ἔτη
1521 553 1607 582 εἴκοσι
1621 555 1668 582 δύο
1680 556 1709 583 ὲν
1722 556 1851 592 μετανοίᾳ

1063 597 1108 623 καὶ
1122 597 1322 633 ἐξομολογήσει,
1342 598 1388 625 καὶ
1408 598 1518 633 ἀγῶνας
1539 600 1654 633 πολλοὺς
1674 601 1848 638 ὲνδειξαμένη

1062 643 1136 670 ὲτελε
1141 644 1189 679 ύτη
1193 653 1237 671 σεν
1242 665 1248 672 .

1097 732 1138 758 ιιι.
1157 733 1212 768 Τῆς
1227 733 1342 769 ἐννάτης
1356 734 1384 761 δὲ
1399 735 1552 770 φθασάσης,
1571 736 1759 772 προετρέψατο
1772 737 1786 764 ὸ
1798 737 1851 764 πά-

1063 786 1116 808 πας
1143 777 1188 805 τὺν
1219 779 1353 813 μακάριον
1379 779 1530 816 Γρηγόριον
1553 773 1600 808 τοῦ
1620 781 1779 820 ἐπιτελέσαι
1801 783 1851 818 τὴν

1063 821 1138 848 θείαν
1158 823 1362 858 μυσταγωγίαν.
1379 824 1411 850 Οἱ
1428 824 1456 850 δὲ
1476 825 1524 860 τῆς
1540 825 1686 860 Ἀνατολῆς
1706 826 1850 854 ἐπίσκοποι

1028 861 1048 888 Β
1061 867 1111 901 ,καὶ
1124 866 1199 894 ἄλλοι
1214 869 1246 894 ὲκ
1261 868 1309 903 τῆς
1325 869 1433 896 συνόδου
1451 869 1599 897 ἐθεάσαντο
1615 871 1723 906 πνεῦμα
1737 872 1786 907 τῆς
1799 873 1847 907 χά-

1066 923 1138 949 ριτος
1163 916 1380 951 κατασκηνῶσαν
1395 917 1440 943 τὸν
1456 917 1544 952 ἅγιον,
1561 919 1608 945 καὶ
1625 919 1851 955 ὲπληροφορήοη-

1065 967 1115 986 σαν
1130 961 1169 990 είς
1188 960 1270 986 αὐτόν
1284 969 1291 977 ·
1305 959 1376 996 ἦσαν
1400 961 1453 998 γὰρ
1473 963 1550 989 αὐτοὶ
1564 963 1712 998 ἠξιωμένοι
1728 965 1850 1000 χάριτος.

1064 1005 1111 1031 καὶ
1124 1006 1282 1041 Πνεῦματος
1299 1007 1378 1041 ἁγίου
1399 1008 1570 1043 μετέχοντες.
1587 1010 1811 1045 Κοινωνήσαντες
1822 1010 1851 1037 δὲ

1064 1050 1110 1077 τοῦ
1123 1051 1202 1086 ἁγίου
1217 1051 1344 1087 σώματος
1363 1053 1469 1080 καὶτοῦ
1492 1054 1583 1088 τιμίου
1603 1055 1720 1090 αἳματος
1735 1054 1781 1082 τοῦ
1795 1056 1851 1082 Κυ-

1065 1096 1123 1133 ρίου
1141 1097 1221 1133 ἡμῶν
1241 1097 1326 1133 ἰησοῦ
1343 1098 1462 1134 Χριστοῦ
1478 1099 1521 1126 διὰ
1535 1099 1635 1135 χειρῶν
1652 1099 1698 1127 τοῦ
1715 1101 1851 1136 μακαρίου

1065 1143 1226 1178 Γρηγορίου,
1244 1143 1346 1178 ἔφαγον
1360 1144 1442 1180 ἄρτον
1457 1145 1486 1171 ὲν
1507 1147 1540 1180 τῇ
1557 1146 1683 1183 τραπέζῃ
1697 1146 1746 1173 τοῦ
1761 1148 1851 1179 πάπα,

1064 1188 1110 1214 καὶ
1127 1188 1313 1223 ἐκοιμήθησαν
1335 1189 1363 1215 ὲν
1385 1189 1424 1225 τῷ
1450 1189 1508 1224 ἅμα
1528 1191 1552 1216 οἱ
1573 1191 1728 1218 ἐπίσκοποι.
1757 1192 1852 1218 Πᾶσαν

1063 1231 1091 1258 δὲ
1105 1232 1155 1268 τὴν
1168 1233 1252 1260 νύκτα
1268 1234 1365 1261 ἄῐιπνοι
1379 1234 1533 1262 διετέλεσαν
1546 1236 1599 1268 ἕως
1613 1237 1714 1272 ὄρθρου
1728 1237 1852 1271 διαλεγό-

1065 1287 1142 1312 μενοι
1157 1280 1221 1314 περὶ
1241 1281 1379 1316 σωτηρίας
1394 1281 1428 1307 τὰ
1457 1282 1627 1308 συντείνοντα
1647 1284 1686 1314 εἰς
1706 1282 1851 1318 ὠφέλειαν.

1065 1324 1175 1360 Πρωῖας
1199 1325 1227 1351 δὲ
1261 1327 1411 1362 γενομένης
1441 1328 1702 1362 προσκαλεσάμενος
1720 1330 1734 1355 ό
1758 1329 1852 1360 πάπας

1065 1371 1109 1398 τὸν
1138 1371 1306 1407 Γρηγόριον,
1323 1372 1396 1406 λέγει
1411 1373 1485 1408 αὐτῷ
1496 1381 1502 1386 ·
1521 1374 1666 1407 Ἄκουσον,
1679 1375 1790 1405 τέκνον,
1807 1375 1854 1401 καὶ

1064 1417 1233 1453 διηγήσομαί
1249 1426 1291 1444 σοι
1310 1418 1340 1444 τδ
1362 1419 1469 1454 συμϐὰν
1483 1420 1549 1454 ἡμῖν
1564 1417 1646 1456 ἐν’τῇ
1663 1420 1740 1447 πόλει
1755 1421 1853 1456 ταύτῃ.

1066 1462 1207 1489 καὶτοῦτο
1229 1462 1301 1497 λέγω
1319 1463 1362 1490 διὰ
1384 1463 1434 1496 τὰς
1451 1465 1589 1501 ἡμετέρας
1611 1466 1761 1502 ἁμαρτίας.
1781 1465 1854 1492 Ξύλα

1028 1504 1049 1532 C
1066 1508 1242 1543 ἀνεφάνησαν
1265 1508 1446 1544 είσερχόμενα
1468 1509 1514 1536 διὰ
1530 1510 1576 1536 τοῦ
1595 1510 1718 1546 ποταμοῦ
1736 1513 1776 1543 εἰς
1791 1512 1852 1543 τοὺς

1071 1553 1180 1587 ’Δγίους
1204 1552 1383 1584 Ἀποστόλους
1394 1562 1400 1568 ·
1416 1554 1462 1580 καὶ
1473 1553 1649 1581 εἰσελθόντων
1659 1551 1760 1588 αὐτῶν,
1775 1555 1854 1590 ἑστη-

1066 1609 1116 1626 σαν
1132 1600 1214 1634 μέσον
1228 1599 1274 1626 τοῦ
1290 1599 1414 1636 ποταμοῦ
1438 1600 1476 1631 ὡς
1493 1600 1647 1635 πεπηγότα,
1663 1600 1679 1637 ἢ
1693 1601 1730 1632 ὡς
1747 1601 1799 1627 ὑπὸ
1814 1609 1854 1627 σι·

1064 1645 1148 1681 δήρου
1163 1646 1366 1679 ἀσφαλιοοέντα
1379 1653 1385 1659 ⁸
1400 1646 1446 1672 καὶ
1470 1646 1654 1681 κεκράτηνται
1669 1646 1715 1673 ὑπ’
1733 1647 1824 1674 αὐτῶν
1837 1648 1854 1681 ἡ

1065 1691 1167 1722 εἴσοδος
1177 1691 1226 1727 τῆς
1240 1692 1342 1723 πόλεως
1355 1691 1402 1717 καὶ
1422 1693 1439 1727 ἡ
1459 1691 1512 1718 τῶν
1524 1691 1633 1724 πλοίων,
1651 1692 1697 1718 καὶ
1715 1691 1777 1718 οὗτε
1794 1693 1850 1718 εἰσ-

1066 1736 1193 1772 έρχονται
1205 1737 1238 1763 τὰ
1252 1737 1342 1769 πλοῖα,
1356 1736 1418 1764 οὔτε
1432 1737 1586 1773 ἐξέρχονται
1597 1746 1604 1752 ·
1620 1737 1667 1763 καὶ¹
1682 1737 1755 1764 ἔστιν
1769 1738 1853 1773 πολλὴ

1065 1781 1153 1816 Ολίψις
1168 1783 1196 1808 ὲν
1212 1784 1244 1817 τῇ
1256 1782 1333 1808 πόλει
1358 1782 1450 1808 ἕνεκεν
1469 1782 1576 1809 τούτου.
1592 1782 1727 1815 Πολλάκις
1741 1783 1796 1817 γὰρ
1810 1781 1853 1808 δο-

1065 1828 1234 1862 κιμάσαντες
1246 1827 1297 1854 οὐκ
1315 1827 1466 1862 ἰσχύσαμεν
1484 1828 1598 1855 ἑλκύσαι
1623 1827 1702 1854 αὑτά.
1723 1827 1792 1853 Ἀλλ’
1807 1825 1853 1853 οὖν

1064 1874 1149 1900 ὄντων
1177 1873 1254 1908 ὑμῶν
1281 1873 1416 1904 ἐνταῦθα,
1432 1873 1584 1908 παρακαλῶ
1610 1873 1758 1907 σκυλοῆναι
1780 1873 1854 1906 ὑμᾶς

1065 1920 1117 1950 ἕως
1146 1920 1236 1946 ἐκεῖσε
1251 1940 1258 1953 ,
1276 1920 1323 1945 καὶ
1347 1919 1391 1945 διὰ
1409 1919 1461 1945 τῶν
1478 1919 1567 1954 εὐχῶν
1580 1919 1657 1953 ὑμῶν
1670 1919 1853 1945 ἐπακούσεται

1065 1965 1142 2000 ὑμῶν
1154 1966 1167 1991 6
1182 1964 1294 2000 Κύριος,
1317 1965 1345 1991 '0
1358 1965 1386 1991 at
1401 1964 1560 2000 ἀποκριθεὶς
1579 1962 1656 1991 εἶπεν
1668 1971 1674 1978 ·
1692 1965 1735 1995 Ὧς
1748 1963 1854 1990 κελεύει

1066 2012 1082 2046 ή
1099 2011 1146 2037 τοῦ
1161 2010 1250 2037 κοινοῦ
1264 2009 1342 2045 ἡμῶν
1360 2010 1466 2046 Πατρὸς
1482 2009 1632 2045 ἁγιωσύνη.
1657 2009 1815 2036 Ἐκέλευσεν
1825 2009 1853 2035 δὲ

1066 2058 1081 2082 ό
1101 2057 1195 2087 πάπας
1217 2055 1382 2090 κρουσθῆναι
1400 2055 1429 2082 τὸ
1447 2055 1534 2087 ξύλον,
1555 2057 1601 2081 καὶ
1623 2054 1852 2090 συναθροισοῆναι

1066 2103 1157 2130 πᾶσαν
1167 2102 1217 2137 τὴν
1234 2102 1313 2128 πόλιν
1326 2102 1373 2128 καὶ
1392 2101 1427 2128 τὰ
1441 2102 1620 2137 μοναστὴρια,
1637 2101 1684 2128 καὶ
1702 2101 1790 2127 πάντα
1808 2100 1853 2126 τὸν

1067 2171 1142 2198 litate
1155 2175 1180 2197 et
1191 2169 1325 2205 stipendio
1338 2170 1526 2196 monac/torum
1540 2169 1586 2195 diu
1601 2172 1729 2205 noctuque
1742 2167 1853 2205 Domino

1066 2206 1122 2233 Deo
1136 2203 1235 2238 nostra
1249 2206 1384 2232 devotione
1398 2205 1487 2232 debita
1506 2204 1696 2239 persolvendis.
1714 2203 1853 2230 Pertinent

1066 2246 1156 2268 autem
1170 2242 1226 2268 haec
1242 2241 1275 2267 ad
1288 2248 1389 2268 annum
1402 2240 1464 2266 82l.

1102 2276 1140 2311 (4)
1157 2276 1263 2313 Similia
1278 2284 1306 2303 se
1318 2275 1479 2313 praestitisse
1490 2274 1638 2313 Gregorius
1657 2273 1841 2313 Magnuscuu

1066 2309 1157 2338 Leone
1183 2311 1312 2345 episeopo
1335 2309 1492 2341 Catanensi,
1518 2309 1685 2345 scripsit_ad
1713 2309 1845 2345 .tuslinnu

1066 2343 1208 2381 praetorem
1225 2343 1336 2378 Siciliae,
1354 2349 1496 2379 postquam
1512 2351 1609 2381 nempe
1621 2343 1742 2381 >Romam
1757 2343 1844 2369 coden

1065 2378 1120 2416 quo
1141 2385 1234 2408 noster
1249 2378 1370 2414 tempore
1389 2385 1513 2416 vocatus,
1533 2386 1562 2406 se
1578 2380 1604 2416 in
1617 2378 1723 2412 judicio
1742 2385 1841 2411 purgas

1066 2414 1106 2443 set.
1119 2425 1126 2444 :
1141 2415 1272 2448 Quoniam
1285 2416 1377 2450 igitur,
1396 2414 1495 2450 inquit,
1515 2414 1637 2447 qmedam
1658 2419 1750 2440 contra
1765 2419 1848 2450 ancor-

1065 2451 1154 2478 dotale
1181 2448 1344 2485 propositum
1366 2449 1398 2476 de
1419 2449 1504 2476 Leone
1535 2450 1618 2483 fratre
1649 2452 1674 2486 et
1704 2448 1847 2481 cuepircupt

1066 2492 1156 2513 nostro
1172 2486 1280 2512 sinister
1297 2493 1388 2512 rumor
1401 2490 1558 2518 asperserat,
1574 2485 1662 2510 utrum
1679 2491 1737 2510 ιψηι
1755 2485 1850 2511 essent,

1064 2522 1188 2548 districta
1211 2521 1312 2548 diutius
1339 2520 1447 2555 fecimus
1469 2519 1640 2556 inquisitione
1662 2518 1797 2556 pert/uiri;
1814 2521 1853 2556 ,ει

1065 2556 1165 2583 nullum
1181 2557 1208 2583 in
1226 2564 1256 2582 eo
1274 2556 1305 2583 de
1321 2553 1366 2586 iis,
1389 2563 1447 2589 quae
1466 2553 1538 2581 dicta
1555 2554 1671 2588 fuerant,
1690 2553 1793 2587 culpam
1811 2553 1852 2577 in-

1065 2592 1192 2618 venimus.
1211 2591 1263 2618 Sed
1278 2599 1310 2618 ne
1327 2591 1389 2627 quid
1405 2590 1537 2617 uideretur
1550 2590 1687 2627 omissum,
1697 2593 1748 2627 aut
1763 2591 1852 2627 nostra

1063 2627 1190 2661 potuisset
1205 2627 1314 2652 dubium
1327 2623 1400 2662 cordi
1420 2633 1564 2662 remanere,
1579 2624 1613 2650 ad
1634 2624 1702 2662 beati
1720 2623 1854 2662 [fanisfa-

1065 2656 1244 2689 cratissimum
1260 2669 1353 2695 corpus
1373 2661 1495 2687 dixtricta
1511 2668 1569 2686 eum
1594 2667 1627 2686 ex
1652 2658 1798 2695 abundanti
1813 2656 1854 2689 [6‘-

1065 2699 1147 2724 cimus
1162 2694 1329 2723 sacramenta
1344 2695 1468 2732 praebere.
1487 2695 1588 2732 Quibus
1603 2694 1740 2732 precati/is,
1758 2699 1852 2731 magna

1064 2741 1156 2759 sumus
1176 2729 1352 2759 exsultatione
1379 2731 1472 2770 gavisi,
1485 2730 1564 2770 quod
1579 2729 1853 2770 Imju'smodil'ea'peri-

1065 2772 1151 2794 mento
1183 2768 1333 2795 innocentia
1368 2762 1424 2800 eius
1450 2762 1585 2793 eridentcr
1610 2762 1704 2792 enituit
1732 2762 1790 2797 (lib.
1820 2767 1852 2794 ll,

1064 2803 1144 2837 epist.
1159 2803 1215 2837 55).
