2083 3155
255 138 307 170 ε95

255 192 306 220 bus
336 191 406 222 ait:
439 191 580 227 Accedite?
602 200 634 220 ac
677 192 768 221 trabes
802 194 961 228 pertrahite.

254 248 318 267 vero
353 239 435 266 simul
463 243 546 274 atque
576 243 750 266 accurrentes
793 239 916 266 trabibus
944 247 1041 267 manus

255 285 398 319 injccere,
439 283 514 310 illico
560 283 651 310 trabes
692 290 724 310 ex
765 291 836 318 aqua
870 284 1041 315 extrahunt,

252 335 335 364 atque
361 329 390 355 in
412 333 511 356 terram
530 328 678 356 adducunt.
719 328 788 356 Tum
820 337 866 356 eas
896 334 1042 358 tractantes

252 375 457 409 inscriptionem
482 375 549 409 ipsis
566 375 684 402 additam
703 375 866 408 inveniunt,
892 384 952 410 quae
973 376 1042 403 indi-

253 425 338 451 caret,
358 420 479 455 quinque
495 428 529 447 ex
556 420 610 446 illis
626 421 659 447 ad
676 425 802 447 sanctum
821 421 970 456 principem
991 421 1040 449 Pe-

251 471 337 498 trum,
355 466 477 500 quinque
499 466 531 492 ad
550 473 598 493 vas
609 466 754 493 electionis
768 465 881 494 Paulum
894 468 1038 501 pertinere.

251 512 355 539 Interea
372 511 494 546 pontifex
512 512 647 539 maximus
661 517 686 539 el
713 512 833 548 episcopi
850 521 946 541 onmes
959 518 1040 549 atque

252 559 397 585 universus
420 558 549 592 populus,
571 559 616 592 qni
647 558 763 594 prodigii
789 563 954 593 spectatores
980 560 1036 588 fue-

253 609 322 637 rant,
339 610 449 639 stupore
462 604 579 639 perculsi
593 604 721 632 aiebant:
735 604 781 632 Nae
798 605 842 633 hic
859 607 926 633 alter
938 606 1040 641 Grego-

250 651 309 677 rius
326 650 549 686 Thanmaturgus
566 655 619 683 est,
639 651 718 678 lcrris
732 651 813 679 hodie
827 659 842 678 e
864 652 933 679 cmlo
952 653 1040 680 reddi-

252 701 305 723 lus.

286 742 420 770 LXXXII.
438 743 485 771 llis
501 743 594 770 Romae
612 744 727 778 peractis
743 764 750 776 ,
775 752 836 772 cum
867 753 964 780 magna
979 753 1038 772 om-

251 787 325 815 nium
341 788 434 816 latitia
452 789 560 821 fuisset,
578 790 610 816 ad
626 797 691 817 suas
720 790 829 817 demum
847 791 925 818 sedes
951 790 1038 827 [xctx]

250 833 350 868 singuli
378 834 529 862 redierunt.
551 833 708 863 Marcianus
722 843 788 863 vero
818 837 953 871 negotiis,
979 845 1039 872 qua:

750 140 780 171 S.
801 140 988 171 GREGORII
1007 141 1263 172 AGRIGENTINI
1292 141 1391 172 VITA.

1001 192 1040 220 llli
1057 196 1079 222 Α
1096 194 1210 228 μαντίου
1232 195 1328 226 αὑτοῦ,
1345 195 1393 221 καὶ
1415 194 1491 228 λέγει
1505 195 1564 226 τοῖς
1578 194 1753 230 παρεστῶσιν
1765 203 1772 211 ·
1791 195 1884 230 Ἐγγε-

1834 143 1886 175 696

1096 248 1160 266 σατε
1178 241 1225 266 καὶ
1238 240 1372 267 ἐλκύσατε
1387 241 1420 268 τὰ
1433 240 1508 273 ξύλα.
1523 241 1554 268 Οἱ
1573 240 1602 267 δὲ
1616 241 1812 277 προσελθόντες
1821 242 1884 269 ἐϐα-

1095 285 1140 311 λον
1159 286 1208 317 τὰς
1222 287 1318 322 χεῖρας
1337 287 1384 313 ἐπὶ
1409 287 1443 314 τὰ
1462 286 1529 318 ξύλα
1541 308 1549 320 ,
1564 287 1611 314 καὶ
1630 288 1699 323 αὐτῇ
1713 289 1745 322 τῇ
1759 288 1818 323 ὥρᾳ
1836 290 1882 314 ὲκ-

1097 330 1259 365 σττάσθησαν
1276 331 1310 358 τὰ
1321 330 1389 363 ξύλα
1401 331 1433 357 ὲκ
1449 330 1496 357 τοῦ
1513 331 1618 364 ὕδατος,
1634 331 1679 357 κα)
1695 331 1797 366 ἔσυραν
1813 331 1882 358 αὐτὰ

1094 377 1134 407 εἰς
1150 377 1199 411 τὴν
1211 376 1263 410 γῆν
1274 385 1281 392 ·
1297 377 1345 403 καὶ
1359 377 1573 412 ψηλαφήσαντες
1591 377 1662 404 αὐτὰ
1679 374 1760 412 εὖρον
1777 377 1882 403 ἐπικει-

1095 421 1179 456 μένην
1195 421 1290 453 αὑτοῖς
1306 422 1476 457 ἐπιγραφὴν,
1488 421 1522 448 τὰ
1545 421 1594 456 μὲν
1622 422 1706 447 πέντε
1726 420 1774 447 τοῦ
1802 422 1881 455 ἁγίου

1094 468 1142 493 καὶ
1157 467 1309 502 κορυφαίου
1321 467 1435 503 Πέτρου,
1446 467 1479 493 τὰ
1490 467 1518 494 δὲ
1531 467 1599 495 ἄλλα
1612 467 1696 493 πέντε
1704 466 1752 493 τοῦ
1767 467 1881 498 σκεύους

1093 513 1142 547 τῆς
1160 511 1278 546 ἐκλογῆς
1290 511 1410 539 Παύλου.
1432 511 1505 538 Ἰδὼν
1528 512 1557 538 δὲ
1576 512 1590 537 6
1611 512 1704 542 πάπας
1719 511 1765 537 καὶ
1779 511 1803 537 οί
1820 511 1881 536 ἐπί-

1093 566 1191 584 σκοποι
1206 558 1306 589 πάντες
1320 556 1367 584 καὶ
1384 557 1437 588 πᾶς
1453 557 1467 582 6
1481 557 1545 588 λαὸς
1559 557 1608 591 τῆς
1630 556 1737 587 πόλεως
1755 555 1785 582 τὸ
1805 555 1882 588 γενό-

1097 612 1177 639 μενον
1196 604 1310 638 σημεῖον
1323 604 1369 630 ἐπὶ
1382 603 1417 629 τὰ
1434 603 1511 636 ξύλα,
1529 603 1723 638 ἐξεπλάγησαν
1735 602 1862 637 λέγοντες
1872 610 1879 617 ⁸

1103 648 1222 684 ’Λληθῶς
1239 647 1322 680 οὗτος
1338 649 1466 684 δεύτερος
1475 649 1625 685 Γρηγόριος
1639 650 1654 676 6
1667 649 1881 684 Θαυματουργὸς

1094 695 1216 730 ἀνεφάνη
1236 696 1282 722 ὲπὶ
1297 695 1348 729 τῆς
1364 695 1417 730 γῆς
1437 696 1568 731 σήμερον.

1130 742 1194 768 IlB'.
1216 742 1326 768 Τούτων
1341 741 1368 768 δὲ
1381 742 1494 769 πάντων
1506 742 1662 778 γενομένων
1674 742 1703 768 ὲν
1717 741 1820 776 Ῥώμῃ,
1835 742 1881 768 καὶ

1095 788 1183 822 χαρᾶς
1213 787 1405 823 πληρωθέντες
1419 807 1428 820 ,
1444 788 1565 822 ἀπῆλθον
1588 788 1703 819 ἕκαστος
1726 789 1755 814 ὲν
1776 784 1880 822 ᾦῆσαν

1094 833 1239 868 διάγοντες
1254 834 1342 869 τόπῳ.
1361 833 1455 860 Πάντα
1472 833 1500 860 δὲ
1516 834 1633 869 ποιήσας
1647 835 1660 861 6
1676 834 1835 869 Μαρκιανὸς
1846 834 1879 861 τὰ

250 878 301 912 ipsi
329 879 469 913 piissimus
498 880 647 914 imperator
674 887 768 909 noster
794 882 993 915 mandaverat,
1012 883 1035 910 in

1095 879 1308 915 προσταχθέντα
1328 879 1404 915 αὑτῷ
1420 880 1495 914 παρὰ
1518 879 1566 906 τοῦ
1589 880 1786 906 εὐσεσεστάτου
1801 879 1878 914 ἡμῶν

250 923 318 950 urbe
341 923 493 955 confectis,
516 929 699 952 commeatum
723 934 737 952 a
763 926 891 960 pontifice
916 927 1037 955 maximo

249 969 336 1003 petiit,
365 973 393 996 ut
418 969 469 997 sibi
501 970 773 1006 Constantinopolim
808 972 900 1000 redire
923 973 1035 1001 liceret:

248 1023 366 1050 rumque
387 1023 420 1043 eo
448 1016 570 1052 episcopi
592 1024 703 1052 quoque
723 1022 749 1045 et
773 1018 908 1047 diacontts
931 1019 1038 1047 charto-

248 1061 348 1096 phylax
363 1062 474 1096 petiere.
491 1061 598 1095 Quibus
610 1061 734 1089 Pontifex
752 1064 912 1092 maximus;
930 1063 1037 1093 Paulis-

247 1115 295 1141 per
309 1108 390 1134 etiam
408 1112 465 1134 tum
481 1116 529 1136 vos
547 1116 650 1141 moror,
667 1109 762 1137 Patres
790 1118 898 1143 omnes,
923 1111 986 1138 dum
1003 1112 1036 1139 de

248 1154 336 1180 sancti
354 1152 479 1188 Gregorii
499 1154 582 1182 rebus
603 1156 791 1191 transigamus
805 1165 811 1182 :
824 1157 966 1191 jussitque
992 1165 1037 1193 sy~

246 1199 347 1226 nodum
365 1200 425 1235 cogi
440 1200 467 1227 in
481 1201 612 1236 templum
633 1202 720 1229 sancti
747 1202 874 1237 beatique
896 1203 1012 1238 apostoli
1027 1213 1033 1231 :

247 1251 327 1280 atque
345 1246 400 1273 illic
415 1253 477 1274 cum
494 1247 592 1274 iterum
605 1248 802 1280 consedissent,
817 1248 925 1277 Siculos
940 1257 1035 1278 omnes

248 1299 279 1318 ne
302 1291 426 1320 tribunos
453 1296 480 1320 et
502 1294 646 1321 arehontes
666 1294 862 1327 adduxerunt,
889 1303 991 1330 eosque
1010 1301 1036 1323 et

245 1336 367 1369 pontifex
385 1337 520 1364 maximus
541 1341 566 1364 et
590 1338 708 1373 episcopi
738 1339 778 1366 sic
801 1339 912 1367 allocuti
954 1344 1034 1367 sunt:

247 1381 317 1409 Ecce
335 1382 414 1409 Pater
427 1386 517 1410 vester
531 1391 563 1410 ac
576 1384 724 1419 magister:
746 1384 811 1411 huic
831 1385 933 1412 addicti
959 1392 1035 1412 reve-

246 1428 361 1455 rentiam
388 1432 469 1463 atque
494 1437 614 1457 amorem
641 1429 778 1457 exhibete.
810 1429 923 1463 Nostis,
952 1439 1034 1466 quam

243 1475 336 1509 justus
351 1473 387 1501 sit
402 1475 483 1508 Dens,
502 1479 585 1510 utque
600 1475 722 1511 singulos
746 1483 795 1510 pro
818 1476 924 1504 meritis
942 1484 1034 1504 remu-

246 1525 365 1547 neretur.
380 1519 487 1552 Quibus
503 1520 540 1547 illi
553 1520 748 1554 respondentes
762 1529 769 1548 :
796 1520 877 1553 Bene,
891 1522 1029 1556 inquiunt,

246 1566 300 1592 Deo
311 1565 439 1598 dicimus,
450 1566 496 1600 qui
509 1565 595 1592 virum
610 1565 687 1593 nobis
699 1565 894 1601 deditjustum,
907 1571 931 1593 et
944 1567 1030 1600 pium,

246 1614 273 1637 et
287 1610 454 1645 religiosum,
465 1610 524 1645 ejus
539 1611 723 1638 voluntatibus
732 1611 937 1646 obsequentem,
953 1617 1034 1647 atque

246 1654 404 1682 hominibus
427 1655 673 1688 demonstrantem,
689 1664 771 1690 quam
798 1662 891 1684 sancte
914 1666 945 1684 ac
962 1659 1034 1692 puri-

248 1707 288 1728 ter
305 1709 406 1728 numen
422 1701 482 1736 ejus
497 1703 622 1735 vemrari
647 1706 782 1737 oporteat.
806 1703 870 1730 Post
895 1711 955 1738 qua:
972 1712 1034 1731 sur-

247 1755 313 1782 gens
326 1751 435 1776 sanctus
453 1748 600 1783 Gregorius
614 1749 733 1784 pontiliei
745 1749 864 1777 maximo
880 1755 1034 1784 sanctmque

248 1794 350 1830 synodo
365 1795 533 1829 postulatum
551 1803 630 1822 suum
643 1796 784 1831 proposuit
798 1796 839 1823 his
855 1796 946 1823 verbis
959 1806 965 1822 ε
980 1795 1034 1824 Vos

246 1848 306 1875 ego,
324 1841 418 1868 Patres
433 1842 530 1875 sancti,
561 1849 638 1878 rogo,
667 1847 698 1869 ut
729 1850 791 1877 quae
817 1843 955 1878 Agrigenti
976 1848 1035 1871 erat

246 1886 344 1914 domus
358 1887 530 1921 pontiﬁcalis.
548 1895 607 1915 eam
623 1888 718 1919 everti.
734 1893 761 1915 et
781 1888 835 1916 alio
853 1889 879 1916 in
894 1889 954 1916 loco
973 1890 1035 1917 tedi-

246 1931 321 1958 iicari
339 1931 477 1966 jnbeatis:
505 1940 536 1960 ac
565 1933 649 1961 simul
672 1933 839 1961 catholicum
858 1935 989 1969 templum
1019 1943 1033 1962 a

246 1978 305 2005 Solo
315 1978 394 2005 condi
409 1979 507 2006 velitis.
519 1979 585 2006 Nam
602 1979 721 2007 Leueius
733 1979 778 2007 hic
793 1980 939 2008 haereticus
949 1981 1035 2008 altare

245 2024 397 2056 subvertit,
419 2029 445 2050 et
459 2032 519 2058 qua:
532 2024 559 2050 in
579 2031 612 2052 eo
627 2025 775 2052 recondita:
798 2030 888 2057 erant,
906 2026 1034 2060 reliquias

245 2075 355 2097 sanctas
373 2070 399 2096 in
415 2069 582 2104 profundum
600 2070 728 2104 proiecit.
746 2071 785 2098 Ad
809 2071 866 2098 haec
889 2071 1011 2106 synodus
1027 2081 1032 2098 :

247 2115 302 2142 Hoc
317 2123 436 2150 quoque.
455 2116 554 2150 inquit,
571 2116 728 2148 sancimus,
752 2120 782 2143 ut
800 2118 1033 2151 quemadmodum

246 2161 325 2195 petis,
340 2162 378 2188 sic
391 2161 482 2189 facere
498 2162 588 2189 liccat.
606 2162 691 2190 Deum
706 2162 779 2190 enim
797 2167 888 2191 tecum
908 2171 969 2192 esse
987 2172 1035 2191 no-

1095 925 1231 960 βασιλέως
1248 925 1276 951 ἐν
1295 926 1328 960 τῇ
1347 924 1547 960 πόλει,ᾔτησεν
1557 924 1603 951 τὸν
1615 924 1692 958 ἆγιον
1705 924 1803 951 πάπαν
1815 925 1880 951 ἁπο-

1088 971 1202 1006 κινῆσαι
1220 971 1271 997 καὶ
1293 972 1464 1007 ἀναδραμεῖν
1485 972 1585 1003 αὐτοὺς
1604 971 1633 997 ὲν
1657 972 1879 998 Κωνσταντινου-

1090 1018 1178 1044 πόλει.
1188 1017 1306 1052 Ὁμοίως
1315 1017 1361 1043 καὶ
1373 1018 1397 1044 οἱ
1407 1017 1562 1049 ἐπίσκοποι,
1575 1018 1622 1044 καὶ
1633 1018 1646 1043 6
1657 1017 1791 1050 διάκονος,
1805 1017 1852 1043 καὶ
1864 1018 1878 1043 6

1090 1062 1275 1098 χαρτοφύλαξ.
1293 1062 1322 1088 '0
1334 1062 1362 1088 δὲ
1372 1062 1464 1094 πάπας
1478 1062 1572 1096 ἔλεγεν
1582 1063 1687 1095 αὐτοῖς·
1704 1063 1876 1096 Ἐκδέξασθε,

1096 1109 1202 1143 Πάτρες
1230 1109 1348 1140 πάντες,
1365 1102 1417 1134 καῖ
1431 1108 1570 1144 ὀρίσωμεν
1591 1099 1625 1135 τά
1645 1109 1716 1135 κατὰ
1732 1109 1778 1136 τὸν
1799 1109 1878 1144 ἅγιον

1093 1154 1260 1189 Γρηγίριον.
1281 1153 1440 1180 Ἐκέλευσεν
1456 1153 1484 1180 δὲ
1497 1154 1510 1180 ὁ
1534 1154 1628 1186 πάπας
1644 1154 1810 1189 καθεσθῆναι
1829 1154 1878 1190 τὴν

1094 1199 1201 1226 σύνοδον
1227 1200 1256 1226 ὲν
1271 1199 1310 1234 τῷ
1329 1199 1385 1234 ναῷ
1408 1198 1455 1226 τοῦ
1472 1199 1549 1231 ἁγίου
1570 1200 1616 1226 καὶ
1636 1199 1772 1234 μακαρίου
1795 1199 1877 1224 Ἀπιο-

1093 1245 1198 1272 στόλου.
1219 1246 1340 1272 Κάκείσε
1360 1245 1441 1272 πάλιν
1465 1245 1629 1276 καθίσαντες
1654 1245 1758 1280 ἤγαγον
1774 1245 1878 1275 πάντας

1096 1292 1158 1323 τοὺς
1175 1292 1312 1325 Σικελοὺς,
1330 1292 1393 1324 τοὺς
1405 1292 1564 1327 τριϐούνους
1591 1292 1638 1318 καὶ
1656 1291 1718 1323 τοὺς
1734 1290 1878 1326 ἄρχοντας,

1094 1338 1141 1364 καὶ
1153 1338 1281 1372 λέγουσιν
1294 1337 1388 1368 αὐτοῖς
1402 1338 1416 1363 6
1432 1337 1531 1369 πάπας*
1543 1338 1584 1364 (αὶ
1594 1338 1619 1364 ot
1631 1337 1792 1364 ἐπίσκοποι·
1812 1336 1877 1363 Ἰδοὺ

1088 1384 1102 1410 6
1127 1384 1221 1420 Πατὴρ
1244 1383 1322 1417 ὑμῶν
1345 1385 1392 1410 καὶ
1420 1383 1581 1414 διδάσκαΛος
1595 1405 1602 1416 ,
1618 1383 1780 1410 δουλεύσατε
1803 1382 1878 1417 αὺτῷ

1088 1430 1166 1465 φόϐῳ
1180 1430 1226 1457 καὶ
1243 1430 1319 1465 πόθῳ
1331 1437 1337 1444 ·
1354 1430 1443 1456 οἴδατε
1459 1429 1491 1456 τὸ
1507 1429 1567 1461 πῶς
1579 1430 1592 1455 6
1606 1429 1672 1461 Θεός
1682 1430 1758 1455 ἐστιν
1773 1428 1878 1460 δίκαιος

1089 1478 1137 1504 καὶ
1149 1476 1337 1504 ἀνταποδίδων
1359 1476 1468 1511 ἑκάστῳ
1492 1474 1562 1502 κατὰ
1587 1474 1621 1501 τὰ
1640 1475 1709 1511 ἔργα
1733 1473 1828 1501 αὐτοῦ.
1845 1473 1878 1500 οι

1087 1524 1115 1550 δὲ
1141 1523 1326 1558 ἀπεκρίναντο
1348 1523 1458 1554 αὐτοῖς·
1473 1520 1646 1556 Εὺλογοῦμεν
1671 1520 1717 1546 τὸν
1741 1520 1810 1546 Θεὸν
1832 1519 1878 1545 τὸν

1091 1569 1170 1596 δόντα
1185 1570 1251 1604 ἡμῖν
1263 1568 1347 1603 ἄνδρα
1358 1567 1475 1599 δίκαιον,
1493 1567 1540 1593 καὶ
1554 1565 1666 1599 εὐσεϐῆ,
1679 1564 1725 1591 καλ.
1740 1564 1877 1598 φιλόθεον,

1091 1614 1219 1641 ποιοῦντα
1236 1614 1268 1640 τὰ
1282 1613 1426 1648 θελήματα
1445 1611 1538 1644 αὐτοῦ,
1562 1612 1610 1638 καὶ
1626 1611 1753 1644 δείξαντα
1767 1610 1816 1645 τὴν
1829 1609 1877 1635 τοῦ

1092 1661 1188 1695 ἀνδρὸς
1200 1660 1369 1695 ὰκηλίδωτον
1380 1659 1426 1684 καὶ
1436 1657 1561 1693 καθαρὰν
1572 1657 1639 1692 πρὸς
1650 1656 1730 1683 αὑτὸν
1737 1654 1875 1689 λατρείαν.

1081 1707 1184 1734 ⁵Ταῦτα
1201 1707 1227 1734 δὲ
1244 1707 1334 1733 αὐτῶν
1354 1705 1500 1737 εἰπόντων,
1514 1703 1634 1735 ἀναστὰς
1648 1704 1662 1729 ὁ
1678 1703 1754 1737 ἅγιος
1772 1700 1878 1736 Γρηγο-

1092 1761 1148 1789 ριος
1160 1753 1279 1788 ᾐτήσατο
1296 1751 1342 1778 τὸν
1354 1751 1448 1778 πάπαν
1470 1751 1518 1777 καὶ
1533 1750 1582 1785 τὴν
1599 1749 1682 1784 ἁγίαν
1696 1748 1820 1778 σύνοδον,
1835 1746 1878 1772 λέ-

1091 1807 1148 1833 γων
1163 1808 1169 1814 ·
1186 1799 1295 1833 Πάτρες
1308 1798 1399 1834 ἅγιοι,
1414 1796 1483 1824 αἰτῶ
1503 1796 1577 1831 ὑμᾶς
1600 1793 1728 1822 κελεῦσαί
1748 1801 1792 1828 μοι
1813 1790 1877 1827 ἆραι

1090 1845 1120 1871 τὸ
1137 1843 1384 1876 ἐπισκοπεῖον,καὶ
1400 1844 1429 1869 ὲν
1443 1842 1529 1877 ἑτέρῳ
1543 1841 1618 1876 τόπῳ
1630 1842 1659 1867 ἐν
1675 1841 1707 1875 τῇ
1722 1839 1798 1865 πόλει
1813 1838 1878 1864 αὐτὸ

1090 1889 1303 1925 ἀνοικοδομῆσαι
1316 1897 1322 1903 ·
1344 1888 1445 1924 ὁμοίως
1461 1887 1507 1914 καὶ
1519 1885 1670 1920 καθολικὴν
1685 1884 1833 1919 ἐκκλησίαν
1846 1884 1878 1909 ἐκ

1090 1935 1154 1966 νέας
1183 1933 1358 1968 καθιδρῦσαι,
1381 1932 1477 1966 ἐπειδὴ
1495 1933 1508 1958 6
1526 1930 1641 1962 Λεύκιος
1663 1926 1750 1961 οὗτος,
1774 1929 1877 1963 αἱρετι-

1089 1981 1137 2012 κὸς
1153 1980 1200 2011 ὢν,
1215 1978 1386 2014 κατέστρεψε
1397 1977 1428 2004 τὸ
1440 1977 1648 2011 θυσιαστήριον,
1659 1975 1707 2002 καὶ
1717 1974 1751 2001 τὰ
1763 1973 1876 2000 ἀποκεί-

1091 2035 1160 2061 μενα
1169 2027 1198 2052 ἐν
1216 2025 1292 2060 αὐτῷ
1308 2024 1374 2059 am
1388 2023 1505 2058 λείψανα
1521 2022 1660 2048 ἐϐύθισεν.
1675 2021 1708 2047 Ἢ
1723 2020 1751 2046 δὲ
1769 2019 1877 2050 σύνοδος

1090 2071 1157 2107 πρὸς
1184 2072 1266 2098 αὑτὸν
1298 2069 1471 2104 ἀπεκρίνατο
1484 2078 1491 2084 ·
1509 2068 1565 2096 Καὶ
1577 2067 1657 2094 τοῦτο
1667 2066 1807 2102 ὁρίζομεν,
1822 2065 1876 2096 ἵνα,

1089 2118 1126 2150 ὼς
1148 2119 1251 2154 ᾐτήσω,
1271 2116 1318 2144 καὶ
1334 2115 1415 2143 τοῦτο
1434 2115 1550 2150 ποιήσῃς
1564 2122 1572 2130 ·
1588 2113 1700 2148 οἴδαμεν
1725 2111 1789 2145 γὰρ,
1807 2111 1848 2137 ὅτι
1863 2111 1877 2136 6

1088 2165 1156 2196 Θεός
1171 2164 1244 2190 ἐστιν
1259 2161 1332 2198 μετὰ
1341 2161 1400 2195 σοῦ,
1415 2161 1462 2188 καὶ
1475 2161 1555 2191 αὐτὸς
1569 2168 1611 2186 σοι
1631 2159 1759 2193 συνεργεῖ
1773 2159 1813 2188 εὶς
1824 2158 1878 2183 πᾶν

245 2207 347 2239 \imus,
362 2211 388 2235 et
403 2215 480 2242 opem
496 2208 542 2235 tibi
565 2210 598 2235 ad
613 2209 705 2236 omnia
732 2214 892 2243 praesentem
924 2210 1030 2238 afferre.

1090 2210 1182 2246 ἔργον.
1204 2209 1258 2236 Καὶ
1276 2209 1341 2244 περὶ
1364 2207 1444 2234 τοῦτο
1470 2206 1589 2241 ἔγραψεν
1613 2205 1687 2240 αὐτῷ
1714 2204 1813 2235 τίτλον,
1834 2203 1877 2229 ἵνα

246 2252 315 2282 Tum
331 2253 491 2288 rescriptum
510 2254 534 2281 ei
563 2254 657 2281 datum
683 2259 734 2287 cst,
751 2259 781 2282 ut
799 2255 832 2282 de
861 2264 892 2282 ea
917 2264 945 2283 re
961 2257 1033 2291 quod

245 2300 291 2326 nni
306 2299 357 2326 sibi
376 2299 507 2334 placeret.
532 2304 652 2328 statuere
669 2306 771 2335 posset.
798 2301 950 2329 Constituit
973 2310 1036 2329 vero

245 2351 358 2373 sanctus
383 2345 531 2380 Gregorius
552 2367 558 2378 ,
585 2352 616 2374 ut
646 2347 751 2382 Euplus
778 2348 991 2376 archidiaconus
1010 2353 1037 2376 ct

247 2392 377 2420 Erasmus
406 2391 557 2420 Ecclesiarn
582 2393 623 2427 pie
647 2393 894 2425 administrarent.
926 2399 955 2422 ut
979 2395 1035 2428 jam

247 2447 339 2467 sucum
359 2444 541 2467 assueverant
567 2439 616 2474 (6).
640 2440 691 2473 Qui
716 2440 827 2467 demum
849 2449 911 2468 cum
936 2442 1036 2476 populo

247 2486 333 2518 omni,
361 2485 450 2513 fausta
478 2486 690 2520 apprecantibus
716 2485 875 2520 episcopis,
906 2487 1034 2520 dimissi,

246 2533 339 2560 animo
355 2532 408 2559 laeti
424 2540 456 2560 ac
472 2532 526 2560 Deo
542 2533 648 2559 laudem
668 2532 810 2559 reddentes
827 2532 962 2560 abierunt.

281 2611 318 2645 (6)
334 2610 413 2637 Circa
431 2610 487 2646 haec
505 2616 639 2645 tempora,
661 2618 723 2637 cum
749 2610 918 2646 meminisset
933 2610 1035 2646 Grch—

245 2648 303 2673 iins
319 2645 443 2678 Magnus,
463 2645 579 2672 delatam
602 2654 616 2672 ιι
638 2653 666 2673 se
682 2645 812 2680 episeopo
831 2645 964 2674 Triocala:
985 2645 1033 2673 (-n-

247 2689 304 2708 rant
316 2681 444 2708 Ecclesiae
460 2681 640 2715 Agrigentini!)
657 2689 707 2714 pro
724 2685 859 2714 potestate
876 2682 1033 2715 inviscndm,

246 2717 404 2750 videretque
426 2716 548 2750 Gregorii
580 2717 664 2743 nostri
692 2717 808 2743 reditum
833 2716 868 2742 ob
889 2717 940 2743 iter
963 2717 1035 2744 Con-

247 2751 522 2786 stantinopolitanum
548 2751 650 2778 differri
678 2751 704 2777 in
736 2759 836 2778 annum
860 2753 1031 2786 proximum;

248 2787 447 2813 consulendum
463 2786 500 2813 illi
517 2786 595 2813 duxit
608 2806 614 2816 ,
638 2794 671 2813 ne
689 2786 797 2813 labores
818 2787 890 2814 illius
908 2788 966 2814 sine
980 2788 1032 2814 ulla

247 2822 370 2848 mercede
394 2825 493 2848 essent.
519 2821 610 2855 Itaque
639 2822 687 2848 has
706 2822 793 2848 eidem
815 2822 918 2849 lillet‘ns
940 2823 1031 2848 misit:

248 2855 379 2889 Quoniam
394 2857 564 2891 Agrigentini;
579 2855 698 2884 Ecclesia
719 2866 734 2883 ιι
755 2857 827 2884 nobis
854 2858 1031 2892 fraternitati.»

1089 2256 1127 2286 ὡς
1141 2255 1180 2281 ἔνι
1196 2255 1311 2290 ἀρεστὸν
1323 2252 1399 2287 αὑτῷ
1414 2253 1442 2278 ἐν
1459 2251 1620 2287 ὀφθαλμοῖς,
1637 2249 1750 2284 ποιήσῃ.
1765 2248 1877 2283 Ὦρισεν

1087 2301 1115 2328 δὲ
1132 2302 1146 2327 6
1163 2301 1240 2334 ᾶγιος
1257 2299 1406 2335 Γρηγόριος
1423 2298 1470 2324 τὸν
1496 2297 1688 2332 ἀρχιδιάκονον
1710 2293 1815 2322 Εὖπλον
1829 2294 1875 2320 καὶ

1089 2346 1231 2381 Ἔρασμον
1247 2345 1358 2370 διοικεῖν
1387 2343 1436 2378 τὴν
1463 2342 1615 2377 ἐκκλησίαν
1639 2339 1770 2371 εὐσεϐῶς,
1785 2337 1876 2368 καθὼς

1087 2391 1163 2419 αὐτοὶ
1177 2390 1251 2425 αὐτῷ
1268 2388 1528 2425 παρηκολούθησαν.
1553 2386 1751 2420 Ἑπευξάμενοι
1763 2385 1791 2410 δὲ
1807 2384 1869 2410 πάν-

1086 2447 1131 2470 τες
1143 2439 1167 2465 οἱ
1182 2437 1329 2463 ἐπίσκοποι
1344 2435 1401 2466 τοῖς
1418 2433 1553 2464 διακόνοις
1570 2432 1615 2458 καὶ
1625 2432 1663 2466 τῷ
1677 2431 1734 2466 λαῷ
1744 2430 1876 2457 ἀπέστει-

1085 2484 1134 2510 λαν
1149 2483 1246 2513 αὐτοὺς
1260 2482 1289 2508 ἐν
1306 2480 1401 2516 εἰρήνῃ
1415 2479 1560 2515 χαίροντες
1590 2479 1638 2504 καὶ
1654 2476 1815 2510 δοξάζοντες
1829 2475 1875 2501 τὸν

1085 2529 1160 2556 Θεόν.

1087 2613 1137 2635 tua:
1158 2606 1316 2634 uisitationis
1331 2614 1402 2632 cura:
1421 2605 1562 2632 contulisse
1585 2608 1642 2635 cst,
1661 2601 1796 2628 laboribus
1820 2600 1872 2626 tuis

1086 2643 1234 2678 aliquidem
1249 2650 1279 2668 ea
1292 2636 1751 2678 utilerprospeximus_consuiendum
1767 2644 1775 2662 :
1792 2643 1872 2675 prop-

1087 2675 1155 2705 terea
1173 2677 1337 2704 Maximiano
1353 2676 1430 2711 fratri
1448 2680 1471 2712 et
1489 2675 1748 2712 cqepistypq‘npstro
1761 2678 1873 2712 scripst—

1087 2722 1154 2745 mus,
1169 2719 1196 2739 ut
1214 2717 1320 2747 quarta,
1341 2708 1420 2746 quam
1440 2710 1557 2747 ejusdem
1578 2708 1703 2747 Ecclesiae
1726 2708 1875 2747 episcopum

1086 2742 1226 2783 oportebat
1248 2742 1411 2783 acciperepa
1421 2742 1643 2783 rdi’eﬁvisilationis
1658 2747 1742 2783 tum,”
1753 2742 1873 2783 pel'qlno-l

1086 2776 1165 2820 uis/[ua
1187 2776 1318 2820 ﬂoream
1340 2781 1543 2820 solliitiludi‘nom
1565 2779 1693 2813 gesseris,
1712 2777 1759 2803 tibi
1783 2776 1875 2802 debeat

1085 2816 1307 2855 applicuriJ‘Lil).
1326 2826 1351 2851 ν,
1366 2817 1445 2851 epist.
1465 2816 1518 2850 12.)
