2083 3155
223 115 278 148 ’103

723 115 753 145 S.
773 114 963 146 GREGORII
987 115 1243 147 AGRIGENTINI
1270 115 1368 146 VITA.

1810 112 1863 146 '10l

221 174 278 199 teat
296 170 505 206 quadragenarii
524 171 619 206 jejunii
639 177 776 207 tempore,
801 176 829 198 et
843 177 946 199 sanctae
965 171 1016 199 Βιθ-
1033 198 1035 202 ,

1089 172 1267 208 [ληρωθείσης
1283 172 1312 199 δὲ
1332 172 1384 206 τῆς
1406 171 1488 206 ἁγίας
1508 164 1748 206 Τεσσαρακοστῆς,
1767 171 1865 206 ἑορτα-

228 217 407 244 surrectionis
423 217 528 244 Domini
541 218 627 244 nostri
641 217 708 246 Jesu
725 217 827 244 Christi
843 217 1017 246 solemnibus

228 262 385 293 celebratis,
405 262 620 297 rogavithcatus
639 263 680 290 vir
701 263 897 298 imperatorem
924 262 1018 298 Augu-

228 315 311 342 stum,
327 314 357 336 ut
372 310 462 336 locum
480 309 530 337 sibi
551 309 690 344 Agrigenti
712 309 745 336 ad
763 317 862 336 novum
888 306 1018 343 templum

228 357 256 380 et
270 354 384 380 domum
412 354 597 388 pontiticalem
626 354 816 381 aediﬁcandam
841 354 1018 381 concederet:

230 404 312 433 atque
328 400 398 427 hanc
412 400 572 434 petitionem
592 401 620 427 in
643 401 733 427 libello
749 400 865 435 supplici
882 400 1018 434 exposuit,

230 455 311 482 quem
326 447 511 475 amicissimus
534 447 586 481 ipsi
598 447 754 474 Marcianus
769 447 927 481 spatharius
943 447 1021 473 obtu-

231 494 271 521 lit.
291 493 358 520 Eum
373 494 522 527 imperator
534 498 591 520 uta
609 492 749 520 Marciano
768 492 899 519 traditum
916 492 1021 526 accepit

233 546 265 564 ar
286 539 367 572 legit,
396 537 476 564 valde
496 537 603 564 laetatus
626 542 678 568 est,
702 538 755 564 Deo
775 538 883 564 laudem
909 538 1021 570 tribuit,

233 582 305 616 quod
321 581 401 608 talem
420 582 459 608 illi
481 581 602 608 animum
628 582 789 608 addidisset.
815 581 884 608 Tutn
906 582 1023 609 sanctis-

235 628 306 654 simo
321 627 527 662 archiepiscopo
552 628 660 658 accito,
690 628 811 654 lihellunt
839 628 862 654 ei
893 628 1022 660 ostendit,

234 681 315 707 quem
338 681 384 708 per
399 673 568 701 Marcianum
586 680 745 708 acceperat:
759 674 804 701 ille
820 681 886 700 vero
902 679 931 700 ιιι
949 674 1024 709 legit,

234 727 288 746 non
305 719 396 746 minus
416 719 568 746 admiratus
595 722 637 746 cst
658 727 718 753 qua:
744 718 770 745 itt
796 727 826 745 ea
851 720 981 753 petitione
1010 727 1024 745 a

235 764 367 799 Gregorio
378 764 596 799 exponebantur.
610 765 643 791 At
659 765 808 799 imperator
823 765 938 792 mandat
955 765 1026 792 Mar-

235 811 326 843 ciano,
345 815 508 838 utsanctum
524 811 685 846 Gregorium
705 819 720 837 e
739 811 831 837 Sancti
852 812 938 846 Sergii
966 820 1026 838 Illo-

236 857 368 887 nasterio.
385 857 430 884 ubi
450 858 620 888 versabatur,
635 863 767 883 arcessat.
784 856 834 889 Qui
856 863 885 883 ut
905 857 930 883 in
951 857 1026 891 pala—

237 903 304 929 tium
322 902 404 933 venit,
422 906 450 929 et
469 902 664 937 imperatorem
693 907 732 929 ter
751 911 838 936 usque
862 907 960 930 terram
981 911 1027 929 re-

237 953 348 975 neralus
359 952 410 979 est,
427 949 547 975 surrexit
562 956 576 974 e
590 948 688 975 throno
712 949 873 982 imperator,
891 956 974 980 seque.
990 948 1027 974 illi

238 994 424 1021 inelinaritac
441 1001 539 1021 manus
565 993 626 1028 ejus
646 994 786 1020 osculatus
810 998 862 1023 est,
883 994 964 1020 etiam
989 999 1030 1020 at—

237 1047 291 1073 que
306 1039 386 1066 etiam
405 1046 515 1072 rogans,
533 1042 563 1065 ιιι
579 1039 630 1066 sibi
650 1039 753 1065 homini
767 1047 882 1073 nequatn
902 1039 1044 1073 precibus

239 1092 317 1119 opem
335 1085 429 1112 ferret.
446 1085 497 1111 Cui
519 1084 669 1119 Gregorius
684 1084 716 1110 ad
730 1084 810 1118 pedes
832 1085 987 1118 pret-idvns,
1004 1089 1031 1111 et

238 1137 300 1156 cum
321 1129 452 1164 Iacrymis
467 1129 608 1155 clamans:
625 1128 706 1161 Quid,
724 1128 823 1163 inquit,
847 1137 926 1156 servo
941 1129 1030 1156 fecisti

239 1179 296 1205 tuo,
313 1175 415 1209 optime
429 1175 563 1208 Auguste,
577 1178 616 1205 tu,
632 1173 755 1207 inquam.
772 1173 818 1208 qui
835 1174 928 1200 orbem
947 1179 1032 1200 terra-

240 1229 300 1248 rum
325 1221 368 1254 pie
389 1228 461 1247 nunc
486 1219 682 1247 administras?
704 1221 738 1246 de
759 1228 814 1254 qtto
831 1221 913 1247 etiam
938 1220 979 1247 vel
1007 1225 1032 1247 lc

240 1275 331 1293 coram
348 1266 498 1300 praedicare
513 1265 620 1292 attdebo
635 1273 694 1299 quae
713 1266 783 1292 Deus
810 1273 908 1300 magna
922 1271 947 1292 et
961 1274 1031 1301 prte-

241 1313 315 1339 t:lara
331 1313 377 1339 tibi
394 1312 522 1344 contulit,
537 1319 569 1338 ex
587 1318 643 1346 quo
665 1315 794 1345 tanquam
818 1311 845 1338 in
870 1311 953 1338 tutela
973 1311 1033 1346 ejus

241 1365 352 1390 regnas,
367 1365 428 1383 eutn
447 1356 553 1383 videam
575 1355 719 1382 Dominum
746 1360 869 1382 nostrum
892 1356 1033 1383 Christum

241 1403 274 1430 ad
293 1403 368 1438 regni
390 1403 470 1430 vestri
489 1402 689 1438 religiosissimi
712 1401 795 1428 robur
814 1403 944 1429 tuendum
964 1412 1034 1438 qtto-

243 1449 308 1475 tidie
325 1449 485 1484 advigilare.

1070 225 1167 249 σαντες
1178 217 1227 252 τὴν
1239 216 1320 250 ἁγίαν
1329 216 1375 243 καὶ
1383 216 1515 251 λαμπρὰν
1529 216 1580 248 τῆς
1600 215 1865 250 Ἀναστάσεωςὴμέ-

1071 271 1121 297 ραν
1140 261 1186 288 τοῦ
1211 261 1315 297 Κυρίου
1334 260 1413 296 ἡμῶν
1440 260 1527 296 Ἰησοῦ
1549 261 1680 296 Χριστοῦ,
1700 261 1761 295 ᾔτει
1776 262 1791 287 ὁ
1810 270 1864 296 μα-

1071 307 1166 343 κάριος
1189 307 1258 342 μετά
1274 306 1373 333 ’ταῦτα
1385 306 1430 333 τδν
1460 306 1600 332 θειότατον
1631 306 1745 340 βασιλέα
1772 306 1866 333 δοῦναι

1071 353 1147 388 αὐτῷ
1162 362 1188 379 τι
1207 353 1291 388 μέρος
1305 354 1334 379 ὲν
1348 354 1382 388 τῇ
1402 352 1481 379 πόλει
1504 352 1552 379 τοῦ
1573 352 1782 387 ἀνοικοδομῆσαι
1801 351 1866 378 ναὸν

1071 399 1166 433 ἕτερον
1182 399 1230 425 καὶ
1243 400 1431 426 ὲπισκοπεῖον.
1447 398 1534 424 Τοῦτο
1551 398 1579 424 δὲ
1591 398 1730 434 ἀνήγαγεν
1745 398 1789 424 διὰ
1804 398 1867 424 ίδιο-

1072 445 1164 479 χείρου
1179 444 1261 470 αὑτοῦ
1272 444 1397 479 δεητικὸν
1411 445 1425 471 6
1441 444 1518 478 ἅγιος
1533 444 1683 479 Γρηγόριος
1692 443 1736 470 διὰ
1750 443 1798 470 τοῦ
1809 443 1868 478 φιλ-

1073 491 1155 517 τάτου
1173 490 1258 517 αὑτοῦ
1281 489 1444 526 Μαρκιανοῦ
1460 490 1508 516 τοῦ
1530 489 1697 524 σπαθαρῑου.
1715 489 1868 524 Δεξάμενος

1073 537 1102 563 δὲ
1113 537 1127 563 ὁ
1141 536 1269 571 βασιλεὺς
1285 536 1334 571 τὴν
1352 535 1527 571 πεμφθεῖσαν
1540 535 1615 571 αὐτῷ
1638 536 1732 571 δέησιν
1751 536 1797 562 διὰ
1812 544 1870 570 χει-

1077 581 1122 616 ρὸς
1154 580 1201 607 τοῦ
1226 580 1405 615 Μαρκιανοῦ,
1427 581 1475 607 καὶ
1500 579 1604 615 ταύτην
1640 581 1792 613 ἀναγνοὺς,
1808 579 1869 607 λίαν

1075 625 1160 661 ἐχάρη
1175 625 1217 651 ἐπ’
1232 626 1302 660 αὐτῇ
1311 625 1433 658 δοξάζων
1447 625 1494 652 τὸν
1511 625 1578 651 Θεὸν
1591 625 1638 651 τὸν
1651 625 1731 651 δόντα
1740 624 1870 658 τοιαύτην

1076 672 1155 707 χάριν
1169 672 1208 706 τῷ
1224 671 1316 706 ἀνδρί*
1337 672 1384 698 καὶ
1409 671 1670 706 προσκαλεσάμενος
1685 671 1731 697 τὴν
1748 670 1867 704 ἁγιώτα-

1077 728 1122 745 τον
1144 719 1360 753 ἀρχιεπίσκοπον
1375 720 1389 745 6
1406 718 1544 753 βασιλεὺς,
1571 718 1712 750 ὑπέδειξεν
1733 717 1808 752 αὑτῷ
1821 717 1870 752 τὴν

1078 766 1277 792 ἀποσταλεῖσαν
1293 765 1384 799 δέησιν
1401 765 1445 791 διὰ
1464 764 1511 790 τοῦ
1528 764 1700 800 Μαρκιανοῦ.
1724 764 1872 797 Ἀναγνοὺς

1078 811 1106 837 δὲ
1119 811 1223 845 ταύτην
1235 811 1250 837 ὁ
1265 811 1484 846 ἀρχιεπίσκοπος
1499 810 1569 837 πάνυ
1590 810 1748 845 ἐθαύμασεν
1762 810 1809 835 καὶ
1824 810 1873 835 αὐ-

1079 857 1124 888 τὸς
1139 857 1209 891 μετὰ
1223 856 1270 883 τοῦ
1284 856 1416 891 βασιλέως
1429 857 1470 887 είς
1484 856 1535 890 τὴν
1548 855 1655 882 ἔκοεσιν
1669 856 1718 889 τῆς
1740 856 1805 889 παρ’
1824 854 1873 880 αὑ·

1080 902 1127 928 τοῦ
1157 902 1319 937 ἐκτεθείστῖς
1333 902 1407 937 αὐτῷ
1416 902 1545 937 δεήσεως.
1561 901 1618 928 Καὶ
1647 900 1813 931 ἀποστείλας
1829 899 1875 926 τὸν

1081 949 1243 983 Μαρκιανὺν
1259 949 1272 974 6
1291 948 1430 982 βασιλεὺς,
1445 948 1549 982 ἢγαγεν
1564 946 1610 973 τὸν
1623 946 1702 980 ἇγιον
1725 946 1875 981 Γρηγὸριον

1081 995 1114 1020 ὲκ
1130 994 1177 1020 τοῦ
1203 993 1386 1029 μοναστηρίου
1414 993 1461 1020 τοῦ
1483 993 1575 1026 ’Λγίου
1605 993 1738 1027 Σεργίου,
1753 993 1782 1018 ἐν
1798 990 1820 1024 ᾧ
1841 989 1876 1026 ἦν

1082 1040 1236 1075 ἡσυχάζων.
1258 1039 1430 1070 ’Δνελθόντος
1445 1038 1473 1064 δὲ
1488 1039 1535 1065 τοῦ
1545 1038 1622 1072 ἁγίου
1638 1038 1666 1064 ὲν
1689 1038 1728 1072 τῷ
1740 1037 1875 1072 παλατίῳ,

1083 1086 1292 1121 προσεκύνησεν
1317 1085 1356 1120 τῷ
1376 1085 1484 1120 βασιλεῖ
1504 1085 1595 1120 τρίτον
1617 1084 1663 1110 ἐπὶ
1679 1083 1728 1118 τὴν
1742 1083 1811 1117 γῆν·
1829 1084 1877 1110 καὶ

1084 1131 1202 1163 ἀναστὰς
1225 1132 1239 1158 6
1265 1131 1390 1166 βασιλεὺς
1412 1131 1466 1158 ἀπὸ
1488 1130 1536 1157 τοῦ
1559 1130 1654 1165 θρόνου
1673 1129 1877 1165 προσεκύνησεν

1084 1177 1169 1212 αὐτῷ,
1184 1177 1232 1203 καὶ
1258 1177 1441 1212 κατεφίλησεν
1454 1176 1537 1203 αὐτοῦ
1559 1175 1608 1207 τὰς
1626 1177 1732 1210 χεῖρας,
1748 1181 1877 1208 παρακα-

1084 1222 1138 1248 λῶν
1153 1223 1233 1249 αὑτὸν
1250 1224 1297 1249 καὶ
1307 1223 1396 1257 λέγων
1407 1230 1413 1237 ·
1431 1218 1515 1260 Εῦξαι
1540 1221 1611 1256 ὑπὲρ
1635 1220 1703 1256 ἐμοῦ
1720 1219 1766 1246 τοῦ
1788 1220 1879 1253 ἁμαρ-

1085 1268 1183 1294 τωλοῦ.
1206 1268 1235 1294 Ὀ
1247 1268 1276 1294 δὲ
1292 1268 1384 1295 πεσὼν
1400 1269 1476 1304 παρὰ
1490 1267 1553 1299 τοὺς
1569 1267 1652 1298 πόδας
1673 1266 1720 1292 τοῦ
1733 1265 1878 1301 βασιλέως,

1089 1314 1158 1349 μετὰ
1173 1314 1299 1348 δακρύων
1314 1314 1413 1349 ὲῦόησε
1428 1321 1435 1328 '
1447 1314 1479 1339 Ὢ
1496 1312 1633 1347 φιλάγαθε
1646 1312 1776 1343 δέσποτα,
1793 1311 1818 1336 τὶ
1831 1317 1880 1336 πε-

1088 1361 1204 1395 ποίηκας
1221 1361 1259 1396 τῷ
1287 1360 1325 1396 σῷ
1340 1361 1448 1396 οἰκέτῃ,
1464 1362 1477 1387 6
1501 1361 1550 1395 τὴν
1566 1359 1730 1394 οἰκουμένην
1757 1356 1881 1388 εὐσεϐῶς

1088 1407 1196 1434 διοικῶν
1218 1409 1339 1443 σήμερον
1356 1416 1362 1440 ;
1379 1407 1436 1433 ἀλλ’
1451 1407 1526 1442 ὅμως
1549 1400 1691 1441 τολμήσω
1710 1402 1882 1439 φθέγξασθαι

1093 1452 1124 1478 τὰ
1141 1453 1273 1487 μεγαλεῖα
1287 1453 1334 1480 τοῦ
1351 1453 1419 1480 Θεοῦ
1438 1450 1555 1480 ἐνώπιόν
1574 1461 1622 1479 σου
1641 1451 1819 1487 διηγούμενος
1831 1450 1881 1477 ὅσα

245 1497 374 1532 ἐποῖησέν
389 1506 440 1528 σοιν
464 1496 511 1522 καὶ
536 1496 585 1532 τὴν
605 1495 707 1530 πολλὴν
726 1493 944 1528 συγκατάδασινι
958 1496 975 1522 ἆ
992 1503 1038 1522 και
1058 1499 1114 1535 ὁρῶ
1133 1500 1215 1535 ἐντῷ
1233 1500 1377 1536 σεὸασμίῳ
1410 1509 1456 1526 σου
1490 1499 1602 1535 κράτει,
1620 1500 1748 1535 δεόμενος
1773 1496 1821 1525 τοῦ
1834 1498 1883 1524 Δε-

247 1545 346 1571 σπὸτου
362 1544 441 1578 ἡμῶν
456 1544 578 1578 Χριστοῦ
595 1543 642 1570 τοῦ
665 1544 709 1570 ἀεὶ
722 1543 876 1579 ἐφορῶντος
895 1544 926 1570 τὺ
937 1545 1039 1588 κράτος
1059 1547 1110 1582 τῆς
1123 1547 1254 1580 εὐσεϐοῦς
1269 1547 1345 1584 ὑμῶν
1364 1547 1512 1583 βασιλείας.

283 1588 437 1617 LXXXVII.
454 1589 514 1616 liter
529 1597 561 1616 eo
573 1595 806 1616 commemorante
817 1611 823 1621 ,
847 1591 968 1625 suSrepit
983 1591 1035 1617 im-
1052 1597 1072 1625 ε

248 1639 358 1669 perator
376 1643 382 1660 :
401 1634 535 1666 Quoniam
561 1634 652 1661 libello
678 1639 725 1661 tuo
746 1643 761 1660 tt
784 1635 863 1661 nobis
881 1635 1037 1669 postulasti,

249 1684 280 1706 ut
295 1680 407 1706 domum
426 1680 609 1713 pontiﬁcalem
626 1680 674 1707 tibi
686 1685 792 1707 mutare
809 1681 900 1712 liceat,
917 1681 971 1712 die,
989 1682 1040 1708 I’a-

251 1729 302 1756 ter,
317 1733 377 1760 qum
398 1731 424 1753 te
442 1726 510 1752 ratio
537 1733 630 1759 qmeve
647 1734 731 1753 causa
758 1726 885 1760 impulit,
913 1731 943 1752 ut
959 1728 1010 1753 hoc
1025 1735 1039 1753 a

248 1772 330 1799 nobis
349 1772 522 1806 postulares?
536 1771 583 1798 Ille
598 1780 664 1798 vero
682 1772 733 1798 hoc
749 1772 905 1806 imperatori
932 1780 1042 1806 respon-

252 1826 312 1846 sum
328 1818 422 1844 dedit:
443 1817 559 1845 Leneius
584 1818 694 1852 quidam
723 1818 868 1845 haereticus
889 1818 1041 1852 presbyter,

251 1866 298 1900 qui
316 1865 457 1892 Laodiceae
472 1866 636 1900 promeritus
652 1865 752 1896 Inerat,
770 1869 799 1890 ut
816 1873 830 1891 a
847 1869 940 1891 sancta
960 1872 1043 1899 syno-

252 1911 288 1938 do
305 1911 478 1938 anathemate
496 1912 671 1945 plecteretur,
685 1919 717 1938 ex
744 1919 775 1938 ea
795 1911 916 1945 regione,
931 1910 1043 1936 domine

254 1958 411 1993 imperator,
430 1958 560 1992 profugit,
577 1962 660 1991 atque
685 1957 720 1984 ad
736 1964 802 1984 oras
819 1956 921 1984 Sicilia
947 1956 1044 1990 appul-

253 2011 312 2035 su.~',
329 2004 355 2030 in
377 2003 472 2030 urbem
490 2010 613 2030 nostram
630 2003 750 2035 detenit,
767 2003 861 2037 ibique
876 2002 984 2037 hospite
1003 2002 1044 2028 itt-

257 2054 338 2075 \‘enlo
353 2049 471 2076 delituit.
486 2049 545 2081 Quo
561 2054 650 2075 autetn
678 2053 803 2083 tempore
827 2053 890 2076 tuus
911 2047 978 2083 [Cir]
995 2054 1044 2082 ego

256 2101 352 2121 set-rus
369 2095 402 2120 ab
416 2094 626 2120 accusatoribus
642 2094 711 2120 meis
727 2093 841 2120 Romam
852 2094 884 2120 ad
901 2095 1046 2121 sanctiss-

257 2148 332 2166 tnunt
355 2139 509 2174 pontitieetn
531 2140 680 2167 maximum
699 2140 800 2167 missus
815 2148 875 2167 sutn
889 2160 896 2172 ,
918 2149 979 2168 etim
996 2142 1045 2168 ad-

257 2185 373 2211 versarii
392 2185 432 2211 illi
453 2185 506 2211 mei
526 2185 552 2211 in
567 2185 716 2219 pontilieali
731 2185 794 2212 sede
809 2193 856 2219 pro
869 2193 912 2212 me
926 2186 1046 2214 colloca-

259 2236 336 2261 runt.
352 2235 382 2258 ut
397 2231 420 2257 is
441 2230 495 2257 illic
511 2231 657 2264 episcopus
680 2235 764 2257 esset.
781 2230 867 2257 Porro
892 2232 979 2259 altare
1003 2232 1048 2259 hic

1127 1594 1188 1620 IIZ'.
1204 1593 1296 1620 Ταῦτα
1315 1595 1344 1620 δὲ
1359 1594 1441 1620 αὑτοῦ
1469 1593 1604 1625 ειπόντος,
1622 1592 1699 1627 λέγει
1719 1591 1794 1626 αὺτῷ
1806 1591 1820 1617 ὁ
1836 1589 1884 1625 βα-

1094 1640 1185 1671 σιλεύς
1196 1648 1202 1654 ·
1227 1640 1337 1675 Ἐπειδὴ
1355 1640 1528 1676 περι-ᾔτησας
1547 1640 1621 1673 ἡμᾶς
1633 1639 1678 1665 διὰ
1695 1638 1746 1673 τῆς
1761 1638 1810 1672 σῆς
1821 1636 1886 1672 δεή-

1095 1695 1162 1717 σεως
1178 1686 1209 1712 τὸ
1222 1686 1376 1718 ὑπαλλάξαι
1387 1687 1417 1712 τὸ
1436 1688 1627 1717 ὲπισκοπεῖον,
1640 1685 1681 1716 τίς
1695 1685 1709 1711 ὁ
1723 1684 1823 1719 τρόπος
1836 1681 1884 1709 καὶ

1094 1732 1165 1763 τίνος
1178 1732 1270 1758 ἕνεκεν
1284 1732 1316 1758 δι’
1337 1729 1374 1758 ὧν
1388 1732 1469 1758 τοῦτο
1495 1733 1568 1759 αἰτεῖ
1581 1731 1656 1766 ἡμᾶς
1671 1731 1687 1765 ή
1701 1730 1733 1765 σὴ
1750 1728 1886 1765 μακαριό-

1095 1785 1164 1812 τηςς
1187 1778 1214 1804 '0
1230 1778 1258 1804 δὲ
1282 1778 1448 1813 ἀπεκρίνατο
1468 1778 1507 1813 τῷ
1533 1777 1638 1813 βασιλεῖ
1649 1785 1656 1792 ⁸
1672 1776 1794 1803 Δέσποτα
1806 1775 1886 1801 αὐτο-

1097 1823 1210 1858 κράτορ,
1228 1823 1342 1854 Λεύκιός
1354 1832 1397 1855 τις
1411 1824 1552 1858 αἱρετικὸς
1568 1821 1753 1858 πρεσϐύτερος
1762 1820 1887 1855 ἀνάθεμα

1097 1868 1185 1902 ἑαυτῷ
1203 1868 1417 1904 κληρωσάμενος
1441 1870 1473 1895 ὲκ
1498 1869 1547 1903 τῆς
1570 1869 1598 1894 ὲν
1627 1867 1775 1902 Λαοδικείᾳ
1801 1866 1885 1898 ἁγίας

1099 1914 1223 1945 συνόδου,
1240 1915 1374 1948 ἐξέφυγεν
1391 1915 1424 1941 ὲκ
1446 1914 1501 1940 τῶν
1520 1915 1622 1945 ἐκεῖσε,
1641 1914 1689 1940 καὶ
1712 1911 1846 1947 κατῆλθεν
1858 1911 1888 1937 ὲν

1097 1961 1153 1990 τοῖς
1171 1960 1267 1994 μέρεσι
1280 1960 1330 1994 τῆς
1355 1959 1497 1991 Σικελίας,
1516 1961 1562 1986 καὶ
1584 1959 1754 1994 κατήντησεν
1771 1959 1804 1993 τῇ
1826 1956 1886 1982 καθ’

1099 2006 1172 2041 ἡμᾶς
1189 2006 1265 2032 πόλει
1277 2015 1284 2021 ·
1301 2006 1348 2032 καὶ
1372 2005 1532 2040 κατεκρύϐη
1556 2005 1584 2031 ἓν
1601 2013 1654 2030 τινι
1673 2003 1819 2039 ἀνθρώπῳ.
1843 2002 1888 2028 Ἐν

1098 2052 1153 2086 ὅσῳ
1166 2051 1193 2077 δὲ
1210 2051 1349 2085 ἀπεστάλη
1366 2052 1380 2077 6
1397 2052 1442 2082 σὸς
1458 2051 1551 2082 δοῦλος
1566 2051 1598 2076 ὲκ
1613 2050 1668 2076 τῶν
1679 2047 1888 2083 κατηγορησάν-

1099 2107 1152 2124 των
1167 2098 1239 2132 ἡμᾶς
1253 2099 1282 2123 ἐν
1304 2099 1335 2132 τῇ
1357 2097 1451 2132 Ῥώμῃ
1463 2097 1532 2132 πρὸς
1544 2097 1591 2123 τὸν
1609 2095 1763 2129 ἁγιώτατον
1782 2094 1888 2125 πάπαν,

1100 2142 1216 2178 ἔστησαν
1229 2142 1310 2168 αὑτὸν
1322 2142 1346 2168 οἰ
1363 2141 1502 2177 ἄνθρωποι
1511 2142 1612 2167 ἐκεῖνοι
1626 2142 1655 2167 ὲν
1669 2139 1708 2174 τῷ
1720 2138 1890 2172 ὲπισκοπείῳ

1100 2187 1160 2214 ἀντὶ
1172 2187 1250 2222 ἐμοῦ,
1266 2187 1423 2222 βουλόμενοι
1435 2187 1516 2214 αὑτὸν
1528 2187 1621 2213 αὐτόθι
1639 2185 1709 2213 εἶναι
1727 2186 1889 2212 ἐπίσκοπον.

1103 2235 1258 2262 Κατέλυσεν
1271 2235 1300 2261 δὲ
1316 2235 1347 2261 τὸ
1359 2235 1553 2269 θυσιαστήριον
1575 2235 1607 2260 ὲκ
1628 2233 1727 2264 ποδῶν,
1745 2233 1792 2259 καὶ
1814 2233 1848 2258 τὰ
1862 2233 1892 2257 ὲν

259 2277 358 2304 evertit
372 2286 385 2303 a
400 2277 470 2309 solo,
486 2282 511 2303 et
526 2284 587 2311 quae
611 2276 638 2302 in
655 2284 687 2302 eo
703 2277 882 2311 quiescebant
904 2285 989 2304 sacra:
1007 2285 1034 2305 re

1102 2281 1176 2315 αὐτῷ
1191 2280 1257 2314 ἅγια
1271 2280 1386 2315 λείψανα
1398 2280 1571 2314 ἀποκείμενα
1593 2279 1661 2314 πυρὶ
1687 2278 1737 2312 μὲν
1758 2277 1891 2311 ὲΰουλήθη

260 2323 362 2358 liqui2e,
376 2331 438 2350 cutn
456 2323 517 2358 igne
529 2322 691 2350 comburere
704 2323 844 2355 voluisset,
856 2332 906 2351 nec
915 2332 962 2351 eas
980 2324 1050 2359 ignis

259 2370 428 2401 absumeret,
447 2374 529 2396 noctu
555 2369 640 2399 misit.
666 2369 711 2402 qui
734 2369 760 2395 in
782 2370 865 2396 maris
884 2370 1048 2404 profundum

260 2418 427 2451 projiceret;
444 2416 536 2450 itaque
552 2415 603 2442 IIIKP
617 2415 748 2442 hactenus
761 2416 862 2442 latent:
878 2420 933 2442 tum
950 2425 1049 2443 norum

261 2464 346 2490 altare
364 2461 519 2488 :editicavit.
539 2460 644 2488 Interea
659 2461 779 2495 episcopi
804 2461 858 2488 duo
872 2461 941 2488 alter
957 2461 1052 2489 Seleu-

261 2509 310 2536 ciae
324 2508 396 2542 (10),
421 2508 490 2535 alter
509 2507 600 2542 ntagni
618 2507 716 2540 Ponti,
737 2515 799 2535 cum
824 2513 926 2534 sanctae
952 2508 1050 2544 synodi

262 2557 329 2591 (ll),
346 2563 407 2590 qua:
420 2555 498 2589 jussu
518 2558 565 2581 tuo
578 2558 673 2581 coacta
702 2558 762 2586 est,
794 2554 929 2581 setttetttia
956 2556 983 2581 itt
1000 2563 1050 2582 ex-

302 2646 354 2677 uti)
371 2645 400 2672 ιιι
418 2650 533 2680 utroque
545 2645 608 2672 cod.
625 2645 707 2672 Basil.
723 2645 773 2679 τῆς
787 2644 916 2676 Λευχίας.

301 2683 356 2714 tit)
371 2680 438 2707 'l‘ant
457 2681 515 2708 haec
536 2681 626 2715 ignota
641 2700 648 2711 ,
679 2688 760 2714 quam
787 2688 848 2715 qtne
873 2680 1002 2715 superius
1019 2681 1052 2708 tle

267 2715 367 2742 Leueio
379 2724 410 2743 ae
424 2715 456 2742 de
465 2715 570 2750 synodo
582 2715 734 2743 Itaodieena
747 2720 895 2742 narrantur
908 2725 915 2741 :
931 2724 1050 2750 eumque

267 2759 320 2777 non
338 2759 390 2778 una
405 2751 470 2778 urbs
486 2751 607 2778 Seleucia
622 2772 629 2782 .
652 2750 699 2778 sed
717 2750 873 2784 quindecim
893 2751 988 2777 saltem
1006 2758 1052 2777 en-

286 2787 409 2813 notnint-s
424 2786 533 2816 fuerint,
560 2794 592 2813 ne
609 2786 674 2812 illud
690 2785 798 2819 quidem
816 2786 909 2819 liquet.
925 2794 1004 2818 I{nam
1019 2795 1051 2813 ex

286 2795 409 2813 llOInllll'S
424 2795 533 2816 ιιιειίιιι,
560 2795 592 2813 110
609 2795 674 2812 111111⁷1
690 2795 798 2819 1111108111
816 2795 909 2819 11111161.
925 2795 1004 2818 ιμιίιιη
1019 2795 1047 2812 CX

267 2795 311 2848 fus
326 2819 455 2849 Leontius
475 2821 595 2849 indicate
611 2821 743 2852 voluerit;
762 2821 814 2848 nisi
839 2821 911 2855 qttod
928 2821 961 2847 ab
982 2822 1047 2848 Lao-

1102 2326 1276 2353 κατακαῦσαι
1291 2326 1360 2353 αὑτά
1370 2333 1377 2340 '
1388 2325 1436 2352 τοῦ
1450 2325 1478 2352 δὲ
1492 2325 1578 2361 πυρὸς
1587 2324 1677 2351 αὐτῶν
1692 2323 1729 2358 μὴ
1739 2323 1891 2357 ἁψαμένου,

1103 2373 1266 2404 ἀποστείλας
1280 2374 1308 2399 ὲν
1324 2373 1403 2399 νυκτὶ
1423 2373 1535 2408 ἔρριψεν
1557 2372 1627 2398 αὐτὰ
1649 2373 1678 2398 ὲν
1698 2370 1738 2406 τῷ
1755 2370 1830 2405 βυΟῷ
1843 2370 1894 2404 τῆς

1104 2419 1252 2453 θαλάσσης,
1270 2419 1317 2445 καὶ
1329 2419 1451 2454 ἀπῆλθον
1468 2418 1520 2450 ἓως
1535 2418 1585 2452 τῆς
1598 2418 1719 2453 σήμερον
1732 2425 1738 2433 ·
1757 2417 1801 2443 καὶ
1819 2417 1894 2442 ἀνοι-

1106 2465 1257 2500 κοδόμησεν
1269 2465 1330 2492 νέον
1348 2464 1555 2500 θυσιαστήριον.
1576 2464 1787 2499 Ἐξορισθέντων
1801 2463 1829 2489 δὲ
1841 2463 1895 2487 τῶν

1105 2510 1151 2536 δύο
1166 2510 1324 2536 ἐπισκόπων
1337 2511 1387 2545 τῆς
1410 2510 1573 2541 Σελευκείας
1599 2509 1646 2535 καὶ
1664 2509 1712 2535 τοῦ
1734 2508 1836 2535 Πόντου
1848 2506 1895 2533 τοῦ

1108 2556 1227 2592 μεγάλου
1246 2556 1298 2582 ὑπὸ
1312 2557 1361 2592 τῆς
1372 2556 1453 2590 ἁγίας
1466 2556 1576 2583 συνόδου
1588 2555 1638 2590 τῆς
1662 2554 1896 2590 συγκροτηθείσης

1106 2644 1188 2671 dicem
1201 2643 1316 2674 finibus,
1332 2643 1418 2670 multo
1433 2643 1526 2670 minus
1542 2651 1624 2678 quam
1646 2648 1760 2674 crete-rte,
1777 2642 1897 2678 distabat

1105 2679 1228 2706 Seleucia
1247 2678 1365 2710 Pisidiae,
1391 2679 1453 2712 quis
1468 2687 1532 2706 vero
1551 2679 1594 2705 ille
1618 2679 1708 2713 magni
1741 2677 1822 2704 Ponti
1839 2677 1897 2711 epi-

1110 2715 1231 2748 scopus?
1245 2713 1313 2740 Num
1335 2714 1557 2748 archiepiscopus
1569 2713 1750 2741 Neocaesarete
1773 2713 1898 2748 designa-

1108 2747 1224 2783 tut-{qui
1242 2750 1412 2782 metropolita
1429 2747 1487 2776 erat
1504 2747 1650 2783 provincim
1671 2748 1750 2775 Ponti
1772 2747 1900 2783 Polemo-

1110 2782 1202 2811 n~aei?
1222 2793 1255 2810 an
1286 2783 1418 2811 Leontius
1449 2782 1511 2819 ipse?
1537 2784 1701 2818 igtmrabat,
1733 2782 1800 2818 quid
1829 2782 1898 2809 scri-

1106 2820 1203 2846 heret?
