2083 3155
255 220 310 251 '207

759 215 789 245 S.
808 213 997 246 GREGORII
1023 212 1281 242 AGRIGENTINI
1302 212 1401 243 VITA.

1842 209 1857 238 7
1861 203 1895 238 03

256 284 335 303 Sacra
351 274 450 309 templa
472 260 610 306 lustravit,
628 277 654 300 et
676 280 708 300 ea
727 273 904 300 sanctissimo
922 271 1047 307 pontiﬁce

1105 269 1215 296 Ἰουλίου
1253 270 1347 305 μηνός.
1375 270 1495 296 Κάκείσε
1524 269 1681 304 διαδραμὼν
1708 270 1771 301 τοὺς
1799 270 1893 305 ἁγίους

255 321 376 348 maximo
387 320 486 347 faustis
499 319 638 347 ominibus
652 327 805 354 magnaque
817 320 908 346 laetitia
919 324 1048 353 acceptus

255 373 307 394 est.
325 366 450 399 Quocum
466 366 561 401 viginti
577 366 636 393 dies
651 366 746 393 Romze
762 370 897 399 versatus,
913 370 973 401 post
987 374 1047 393 mu-

255 418 302 440 tua
318 421 382 446 erga
399 413 474 439 illum
491 417 518 439 et
536 416 662 439 sanctum
682 411 804 439 Marcum
820 412 973 447 fratresque
993 420 1050 438 ont-

255 466 304 486 ncs
328 458 429 490 ofﬁcia,
454 466 467 484 a
486 458 614 493 pontiﬁce
635 458 757 485 maximo
781 459 898 493 benigne
918 458 1048 486 dimissus

254 511 306 538 est,
324 511 353 533 ut
368 506 401 532 ad
414 506 505 533 sedem
523 513 601 533 suam
622 505 851 540 proﬁcisceretur,
870 505 970 533 additis
987 513 1047 532 mu-

255 551 368 578 ncribus
397 550 569 585 insignibus,
599 554 626 577 et
653 550 722 577 facta
748 554 881 585 potestate
907 551 1046 578 cvortendi

255 598 353 629 altare,
376 598 450 631 quod
470 596 591 626 Leucius
613 597 760 625 liaareticus
780 597 929 625 aediﬁcarat
943 606 951 624 ;
967 598 1047 632 cujus

255 651 364 678 quoque
387 643 483 670 tuendi
506 651 582 678 ergo,
605 643 750 678 ipsiusque
779 644 872 677 templi
894 643 1046 671 aadilicandi

255 695 338 715 causa
362 688 495 724 Angelum
518 694 544 716 et
573 689 735 716 Palumbum
759 689 891 717 diaconos
912 690 1046 723 quosdam

254 734 316 769 pios
338 742 400 762 cum
425 742 458 762 eo
475 734 559 762 misit.
574 734 646 762 Urbe
662 735 745 770 igitur
767 735 862 763 relicta
882 736 908 762 in
925 735 1046 763 Siciliam

256 781 386 815 appulsi,
415 781 592 816 Agrigentum
619 781 708 816 ipsum
732 787 917 816 pervenerunt
935 789 961 808 Iv
984 782 1047 809 ldus

257 825 431 860 Septembres
449 825 515 861 (15).
539 826 631 854 Voluit
654 832 745 854 autem
769 826 852 858 Deus,
868 827 916 862 qui
940 835 1048 862 semper

255 871 327 898 beati
345 871 394 898 viri
413 871 496 899 rebus
513 872 709 906 prospiciebat.
729 873 756 900 in
771 872 883 900 [luvium
901 881 951 901 eos
966 881 1047 908 atque

255 917 283 945 in
297 917 472 950 suburbium,
493 917 567 952 quod
585 917 743 952 Emporium
763 918 858 946 dicunt
873 919 941 954 (16),
956 919 1046 947 invehi

256 963 324 990 hora
342 962 394 990 diei
411 963 490 989 tertia
505 972 511 990 :
528 964 574 998 qui
587 963 647 991 dies
664 963 813 992 Sabbatum
834 969 903 992 erat.
921 964 1002 992 Forte
1015 973 1049 992 eo

255 1016 369 1038 venerat
386 1011 598 1038 archidiaconus
620 1011 725 1046 negotii
745 1012 837 1039 nescio
858 1011 938 1046 cujus
953 1019 1047 1042 causa.

254 1062 283 1086 et
296 1057 323 1085 in
341 1059 512 1086 monasterio
525 1058 651 1094 degebat.
664 1057 714 1086 Hic
729 1067 790 1086 cum
812 1059 949 1094 navigium
965 1058 1050 1086 offen-

255 1103 342 1130 disset
376 1103 403 1130 in
438 1103 550 1130 ﬂuvium
582 1104 757 1138 ingrediens,
788 1103 897 1131 obviam
922 1104 1049 1132 celeriter

255 1157 419 1185 progressus
447 1154 504 1180 est,
531 1154 561 1176 ut
584 1154 682 1176 nautas
707 1150 896 1184 interrogaret.
925 1147 978 1176 Sed
1003 1150 1058 1189 ubi_

256 1194 369 1230 propior
390 1192 463 1226 fuit,
486 1194 560 1221 ridet
584 1194 730 1222 diaconum
754 1193 922 1222 Platonicum
948 1202 1047 1230 aquam

255 1239 328 1266 beati
356 1239 407 1265 viri
436 1238 564 1266 manibus
587 1239 777 1267 inlundentem
803 1244 833 1266 ut
856 1239 959 1267 lavaret
977 1249 984 1267 :
1001 1240 1047 1273 qui

255 1285 384 1319 deincrps
409 1292 425 1312 e
451 1286 513 1312 navi
538 1285 566 1312 in
591 1286 679 1321 ripam
705 1293 768 1313 cum
792 1286 900 1314 caeteris
922 1285 1049 1313 omnibus

255 1330 406 1358 descendit.

292 1461 350 1491 XC.
379 1463 506 1491 Accurrit
531 1471 595 1490 vero
621 1463 853 1496 archidiaconus,
876 1468 903 1491 et
922 1463 991 1491 ﬂens
1014 1464 1048 1492 ad

257 1510 318 1545 ejus
338 1511 420 1545 pedes
443 1509 611 1544 procubuit,
639 1510 753 1545 pulchre
779 1511 922 1539 advenisse
945 1511 1048 1539 bonum

259 1555 328 1591 [ενι]
341 1562 491 1590 pastorem,
509 1556 647 1591 inquiens,
661 1557 708 1592 qui
726 1564 778 1592 pro
791 1565 871 1592 grege
892 1564 943 1584 suo
964 1557 1047 1585 multa

259 1608 357 1635 passus
376 1606 461 1628 esset.
480 1600 564 1634 Quem
582 1602 627 1629 ille
642 1603 851 1637 apprehendens
867 1603 1009 1635 excitavit,
1022 1607 1049 1630 et
1062 1612 1083 1641 ε

258 1645 292 1672 de
307 1645 384 1672 urbis
403 1646 600 1680 tranquillitate
614 1646 801 1682 interrogavit,
823 1647 857 1676 de
870 1647 999 1679 tribuitis,
1014 1647 1047 1675 de

258 1692 371 1726 populo.
394 1691 513 1726 denique
536 1691 571 1719 de
587 1693 746 1726 parentibus
768 1701 879 1728 quoque
904 1694 972 1722 suis.
994 1695 1047 1721 Ar-

258 1737 416 1764 chidiaconi
439 1743 529 1765 autem
551 1746 714 1773 responsum
733 1739 794 1772 luit,
816 1740 901 1768 Deum
920 1741 1048 1775 precibus

258 1782 319 1816 eius
337 1783 473 1818 placatum
496 1791 590 1818 pacem
612 1785 742 1811 omnibus
766 1785 890 1812 stabilem
916 1785 1046 1821 largitum

257 1833 329 1853 esse.
346 1826 414 1853 Tum
433 1827 582 1862 Gregorius
598 1837 603 1853 :
623 1827 706 1860 Vade,
733 1828 831 1862 inquit,
854 1829 903 1860 lili,
920 1834 945 1855 et
962 1837 1047 1863 popu-

259 1870 314 1898 lum
336 1871 415 1899 nobis
433 1873 627 1899 eharissimum
645 1873 678 1900 de
692 1873 810 1900 adventu
831 1879 926 1900 nostro
947 1871 1048 1902 certio-

259 1924 316 1943 rem
333 1916 427 1944 facito.
447 1917 667 1945 Archidiaeonus
688 1919 814 1946 celeriter
833 1919 860 1946 in
886 1920 983 1947 urbem
1005 1928 1047 1947 re-

261 1970 359 1990 versus
378 1963 515 1990 nuntiavit
537 1963 688 1998 edixitque,
703 1964 845 1992 dontinum
864 1969 890 1992 et
908 1970 1046 2000 parentem

258 2008 398 2042 public-un
419 2008 576 2042 advenisse,
593 2014 676 2044 atque
696 2010 723 2036 in
742 2011 874 2038 suburbio
894 2019 965 2039 esse.
986 2012 1046 2039 Jam

258 2062 322 2080 \cro
336 2055 433 2081 nuntio
445 2060 568 2090 accepto,
582 2056 684 2083 tribuni
700 2060 784 2094 atque
798 2057 944 2084 arellontcs
958 2058 1044 2090 urbis,

258 2101 308 2126 viri
327 2105 354 2127 et
377 2102 508 2129 mulieres
528 2110 590 2130 cum
607 2102 729 2137 parvulis
752 2104 818 2138 ipsis
833 2105 889 2132 Deo
907 2106 1001 2133 laudes
1019 2111 1046 2133 et

257 2146 359 2178 gratias
373 2146 497 2177 reddere,
512 2149 582 2182 quod
597 2149 672 2184 digni
686 2149 719 2176 ab
731 2157 765 2176 co
779 2150 864 2177 habiti
883 2155 987 2184 essent,
999 2153 1045 2186 qui

257 2191 291 2217 de
306 2191 386 2218 beato
405 2197 515 2226 pastore
532 2201 583 2221 suo
601 2195 698 2221 nuntia
718 2199 772 2222 tam
789 2195 858 2222 bona
876 2198 1043 2232 acuipercnt.

256 2236 354 2263 Clerus
370 2238 486 2265 subinde
501 2239 590 2267 omnis
607 2248 670 2267 cum
687 2242 767 2269 thure
788 2247 815 2270 et
835 2244 933 2276 cereis,
946 2249 974 2271 et
997 2252 1045 2278 po-

1100 316 1211 347 τόπους.
1230 317 1277 342 καὶ
1291 315 1514 350 προσευξάμενος
1528 315 1601 351 αὐτῴ
1626 318 1639 343 ό
1664 317 1816 350 ἁγιώτατος
1839 320 1892 346 πα-

1101 370 1154 393 πας
1172 362 1242 396 μετὰ
1256 361 1343 396 χαρᾶς
1360 361 1494 396 μεγάλης,
1513 361 1557 387 καὶ
1584 363 1699 396 ποιήσας
1726 363 1785 397 μετ’
1811 364 1892 390 αὑτοῦ

1099 407 1129 433 ὲν
1149 406 1242 442 Ῥώμῃ
1258 408 1365 442 ἡμέρας
1391 407 1489 438 εἴκοσι,
1514 407 1708 442 ἀσπασάμενος
1735 408 1816 435 αὑτὸν
1844 409 1893 435 καὶ

1101 453 1204 484 πάντας
1219 454 1283 484 τοὺς
1302 453 1434 486 ἀδελφοὺς
1446 453 1552 479 καὶτὸν
1572 452 1651 486 ἅγιον
1679 454 1802 489 Μάρκον,
1831 454 1893 486 δοὺς

1099 499 1173 534 αὺτῷ
1195 499 1209 525 6
1226 499 1321 530 πὰπας
1339 499 1415 534 δῶρα
1435 499 1508 531 ἄξια,
1533 499 1580 525 καὶ
1603 499 1787 533 ἐπευξάμενος
1806 500 1891 534 αὐτῷ.

1100 544 1237 572 ἀπέλυσεν
1251 545 1331 571 αὐτὸν
1346 545 1376 571 ἐν
1387 545 1486 580 εἰρήνῃ
1502 545 1667 580 πορευθῆναι
1688 546 1728 576 εἰς
1743 545 1788 571 τὸν
1811 546 1893 571 τόπον

1101 592 1195 624 αὑτοῦ,
1210 591 1271 623 δοὺς
1287 590 1361 626 αὐτῷ
1386 591 1512 622 ἐξουσίαν
1538 591 1726 626 καταστρέψαι
1753 591 1783 618 τὸ
1803 591 1894 618 θυσια-

1101 637 1224 672 στήριον,
1242 637 1256 663 ὃ
1270 637 1448 672 ᾠκοδόμησεν
1460 636 1574 669 Λεύκιος
1603 637 1617 663 6
1642 637 1779 671 αἱρετικός
1793 645 1799 651 ·
1831 637 1893 668 δοὺς

1100 683 1174 718 αὐτῷ
1187 684 1200 709 6
1213 684 1308 715 πάπας
1335 683 1381 709 ἐπὶ
1402 683 1431 710 τὸ
1446 683 1579 711 διασῶσαι
1597 683 1679 710 αὐτὸν
1699 683 1830 716 ’Ἄγγελον
1847 684 1895 710 καὶ

1101 729 1262 763 Παλοῦμὸον
1276 729 1418 759 διακόνους
1432 728 1509 760 τινὰς
1521 729 1644 760 εὐλαϐεῖς
1655 729 1708 760 ἓως
1719 726 1749 756 οἶδ’
1759 729 1806 755 τὸν
1818 730 1892 761 ναὸν,

1099 775 1128 801 ὃν
1156 775 1267 810 ᾔτησεν,
1294 775 1506 810 ἀνοικοδομῆσῃ.
1545 774 1724 807 Ἐεελθόντων
1750 775 1778 801 δὲ
1803 775 1893 802 αὐτῶν

1099 821 1154 848 ἀπὸ
1179 822 1299 857 Ῥώμης,
1318 821 1469 848 κατέλαϐον
1486 822 1514 848 ἐν
1531 821 1642 857 Σικελίᾳ
1669 821 1698 847 ὲν
1725 822 1759 856 τῇ
1793 822 1893 856 Ἀκρα-

1100 867 1233 901 γαντίνων
1254 867 1329 893 πόλει
1344 868 1377 902 τῇ
1395 867 1496 902 δεκάτῃ
1517 866 1564 894 τοῦ
1588 867 1776 902 Σεπτεμὸρίου
1798 867 1895 902 μηνός.

1100 913 1238 948 Θελήματι
1260 913 1289 940 δὲ
1320 913 1368 940 τοῦ
1393 913 1437 939 ἀεὶ
1463 912 1595 945 σώζοντος
1623 913 1670 939 καὶ
1697 913 1893 948 συνεργοῦντος

1100 959 1174 994 αὐτῷ
1188 959 1255 986 Θεοῦ
1275 959 1400 995 είσῆλθον
1428 960 1469 990 είς
1486 959 1533 986 τὸν
1561 959 1683 994 ποταμὸν
1705 959 1747 990 είς
1773 959 1804 985 τὸ
1827 960 1893 994 περὶ

1100 1006 1178 1033 πόλιν
1204 1007 1235 1032 τὸ
1258 1006 1405 1040 λεγόμενον
1443 1005 1591 1040 Ἐμπόριον
1621 1005 1696 1040 ὥραν
1719 1006 1815 1041 τρίτην
1842 1005 1893 1040 τῆς

1100 1051 1217 1087 ἡμέρας.
1236 1048 1290 1077 Ἦν
1318 1051 1346 1077 δὲ
1375 1050 1517 1077 Σάδὸατον
1542 1050 1586 1077 ὅτε
1611 1050 1703 1076 ἐκεῖσε
1729 1048 1890 1076 κατέλαὸον.

1100 1097 1177 1124 Κατὰ
1189 1097 1341 1133 συγκυρίαν
1355 1094 1388 1132 ἦν
1402 1097 1493 1123 ἐκεῖσε
1503 1098 1518 1123 ὁ
1531 1096 1721 1131 ἅρχιδιάκονος
1738 1095 1782 1122 διὰ
1796 1095 1892 1131 χρείαν

1099 1143 1161 1170 τινὰ
1178 1144 1208 1169 ἐν
1220 1142 1259 1178 τῷ
1275 1143 1461 1178 μοναστηρίῳ.
1477 1143 1533 1169 Καὶ
1548 1142 1637 1177 εὑρὼν
1651 1142 1681 1168 τὸ
1698 1141 1791 1168 πλοῖον
1805 1141 1892 1168 εἰσελο

1099 1189 1145 1215 θὺν
1156 1190 1196 1220 είς
1209 1189 1254 1216 τὸν
1267 1188 1402 1223 ποταμὸν,
1417 1188 1539 1223 δρομέως
1548 1188 1612 1215 ᾶπιε
1626 1188 1716 1214 ἐκεῖσε
1730 1187 1892 1223 βουλόμενος

1099 1235 1198 1266 αὐτοὺς
1208 1234 1393 1270 ἐπερωτῆσαι.
1404 1233 1522 1269 Πλησίον
1530 1233 1557 1260 δὲ
1568 1234 1713 1268 γενόμενος
1724 1233 1771 1260 τοῦ
1786 1233 1890 1266 πλοίου,

1099 1280 1150 1316 ὁρᾷ
1163 1280 1209 1306 τὸν
1225 1279 1350 1307 διάκονον
1376 1279 1549 1306 Πλατωνικὸν
1572 1279 1726 1306 ἐπιδιδόντα
1757 1278 1829 1314 ὕδωρ
1852 1279 1892 1310 εἰς

1099 1326 1149 1357 τὰς
1161 1326 1261 1360 χεῖρας·
1269 1324 1317 1351 τοῦ
1335 1325 1473 1359 μακαρίου
1489 1325 1530 1356 είς
1544 1324 1574 1351 τὸ
1590 1323 1729 1359 νίψασθαι.
1748 1321 1815 1350 Εἶτα
1832 1323 1891 1358 μετ’

1099 1371 1170 1398 αὐτὰ
1188 1370 1322 1406 κατῆλθεν
1337 1371 1369 1397 ὲκ
1381 1370 1428 1397 τοῦ
1452 1370 1557 1402 πλοίου,
1576 1371 1623 1397 καὶ
1653 1370 1752 1401 πάντες
1780 1370 1805 1396 οἱ
1832 1370 1892 1404 μετ’

1098 1417 1192 1445 αὐτοῦ.

1135 1466 1170 1497 ιιι.
1197 1463 1315 1499 Δραμὼν
1338 1463 1367 1489 δὲ
1382 1463 1396 1489 6
1409 1462 1601 1498 ἀρχιδιάκονος
1624 1463 1721 1489 ἔπεσεν
1738 1461 1814 1497 παρὰ
1828 1462 1892 1494 τοὺς

1100 1509 1185 1542 πόδας
1211 1509 1259 1535 τοῦ
1285 1510 1421 1544 μακαρίου
1451 1509 1551 1536 κλαίων
1581 1509 1628 1535 καὶ
1654 1509 1741 1543 λέγων
1758 1516 1765 1524 ⁸
1795 1508 1892 1539 Καλῶς

1101 1555 1270 1591 παρεγένετο
1282 1556 1296 1582 6
1310 1555 1412 1591 ποιμὴν
1425 1556 1439 1581 6
1454 1555 1549 1587 καλὸς,
1562 1556 1576 1581 6
1591 1554 1677 1581 πολλὰ
1691 1554 1810 1590 ἀθλήσας
1821 1554 1892 1589 ὑπὲρ

1099 1600 1146 1628 τοῦ
1164 1601 1231 1628 ἰδίου
1245 1601 1385 1636 ποιμνίου.
1405 1601 1435 1627 '0
1453 1600 1480 1626 δὲ
1499 1600 1639 1635 κρατήσας
1661 1600 1771 1634 ἧγειρεν
1801 1599 1891 1632 αὑτὸν,

1103 1647 1149 1673 καὶ
1173 1645 1316 1682 ἠρώτησεν
1338 1645 1420 1673 αὑτὸν
1439 1646 1473 1672 τὰ
1498 1645 1566 1680 πρὸς
1580 1646 1693 1681 εἰρήνην
1707 1646 1757 1679 τῆς
1776 1645 1891 1677 πόλεως,

1103 1693 1150 1719 καὶ
1166 1693 1230 1728 περὶ
1246 1692 1302 1719 τῶν
1315 1692 1475 1727 τριϐούνων,
1495 1692 1543 1718 καὶ
1560 1692 1623 1726 περὶ
1637 1691 1682 1718 τοῦ
1696 1691 1762 1718 λαοῦ
1779 1699 1786 1706 ⁶
1801 1691 1892 1717 λοιπὸν

1101 1737 1130 1764 δὲ
1147 1738 1194 1764 καὶ
1208 1738 1272 1773 περὶ
1288 1737 1342 1764 τῶν
1370 1737 1472 1771 γονέων
1501 1737 1593 1765 αὑτοῦ.
1627 1737 1801 1772 Ἀποκριθεὶς
1826 1736 1854 1762 δὲ
1877 1737 1892 1762 ό

1101 1783 1292 1819 ἀρχιδιάκονος
1304 1783 1378 1816 λέγει
1394 1782 1470 1817 αὑτῷ
1483 1793 1489 1799 ·
1502 1783 1541 1809 Δι’
1554 1783 1640 1818 εὐχῶν
1655 1791 1713 1813 σου,
1729 1783 1790 1816 ἆγιε
1802 1783 1892 1818 Πάτερ

1100 1830 1169 1861 ὅσιε,
1187 1830 1271 1856 πᾶσιν
1297 1829 1311 1855 6
1336 1828 1402 1859 Θεὸς
1428 1829 1542 1864 εἰρήνην
1570 1828 1703 1864 σταθερὰν
1726 1829 1892 1864 ἐδωρήσατο.

1102 1872 1185 1901 Εἶπεν
1198 1874 1226 1901 δὲ
1243 1874 1319 1909 αὐτῷ
1336 1875 1350 1900 ὁ
1364 1874 1515 1909 Γρηγόριος
1530 1881 1536 1887 ·
1556 1873 1683 1906 Ἅπελϐε,
1709 1874 1815 1904 τέκνον,
1839 1874 1892 1900 ἀπ-

1101 1919 1228 1953 άγγειλον
1240 1919 1280 1954 τῷ
1297 1919 1416 1954 φιλτάτῳ
1433 1919 1511 1954 ἡμῶν
1522 1919 1579 1954 λαῷ
1591 1919 1639 1954 τὴν
1665 1919 1716 1954 τῆς
1741 1919 1819 1954 ἡμῶν
1843 1928 1892 1953 με-

1100 1965 1241 1999 τριότητος
1252 1965 1415 1999 παρουσίαν.
1437 1965 1566 1999 Δρομέως
1580 1964 1608 1990 δὲ
1630 1963 1750 1991 ἀνελθὼν
1777 1965 1790 1991 6
1813 1965 1892 1999 ἀρχι-

1099 2009 1222 2040 διάκονος
1237 2009 1405 2044 ἀπήγγειλεν
1425 2011 1465 2041 εἰς
1484 2010 1534 2045 τὴν
1550 2009 1628 2036 πόλιν
1643 2009 1832 2045 διηγούμενος,
1850 2011 1890 2036 in

1101 2055 1183 2082 Ἢκει
1200 2056 1214 2081 6
1231 2055 1325 2090 κύριος
1344 2055 1422 2090 ἡμῶν
1436 2056 1484 2082 καὶ
1503 2055 1591 2087 κοινὸς
1604 2056 1699 2091 Πατὴρ
1712 2056 1792 2091 ἡμῶν
1808 2057 1836 2082 ὲν
1851 2056 1889 2091 τῷ

1100 2102 1266 2137 περιπολέῳ.
1294 2101 1474 2133 Ἀκούσαντες
1487 2101 1515 2128 δὲ
1531 2102 1555 2128 οἱ
1573 2102 1623 2136 τῆς
1638 2101 1743 2133 πόλεως
1753 2101 1889 2137 τριῧοῧωί

1099 2157 1128 2175 τε
1145 2148 1192 2174 καὶ
1205 2147 1457 2184 ἅρχοντες,¹ἆνδρες
1475 2156 1505 2174 τε
1535 2149 1582 2174 καὶ
1613 2150 1742 2182 γυναῖκες
1763 2149 1811 2175 καὶ
1838 2149 1890 2180 ἕως

1102 2193 1202 2230 μικροῦ
1231 2193 1404 2228 θηλάζοντος,
1430 2193 1555 2226 ἐδόξαζον
1583 2194 1630 2220 καὶ
1653 2194 1831 2230 εὑχαρίστουν
1851 2193 1890 2229 τῷ

1100 2240 1160 2275 Θεῷ
1173 2240 1212 2276 τῷ
1224 2240 1371 2273 ἀξιώσαντι
1386 2240 1483 2271 αὐτοὺς
1493 2240 1623 2274 τοιαύτην
1637 2240 1768 2274 ἀγγελίαν
1783 2240 1889 2275 ἀγαθὴν

257 2283 340 2317 polus
357 2284 513 2316 universus,
530 2292 651 2320 quantus
664 2295 761 2322 nempe
777 2289 803 2315 in
821 2293 877 2316 tota
897 2290 964 2317 urbe
974 2296 1043 2323 erat,

1099 2287 1226 2319 δέξασθαι
1242 2287 1308 2323 περὶ
1323 2286 1371 2313 τοῦ
1394 2287 1530 2322 μακαρίου
1552 2286 1642 2313 αὐτῶν
1667 2287 1806 2322 ποιμένος.
1836 2287 1889 2312 Καὶ

256 2329 366 2355 obviam
383 2335 479 2357 sancto
490 2330 623 2366 Gregorio
642 2333 780 2366 exierunt,
796 2342 882 2369 usque
898 2335 930 2362 ad
950 2343 1045 2363 mona-

256 2375 383 2405 sterium,
402 2382 456 2408 quo
477 2376 520 2403 ille
540 2377 637 2404 relicto
658 2378 765 2414 navigio
786 2385 970 2408 concesserat.
995 2382 1044 2414 lbi,

255 2427 319 2447 cum
337 2421 454 2448 invicem
475 2423 674 2455 occurrissent.
689 2425 879 2454 obsecratione
895 2427 966 2454 facta
981 2435 1045 2455 eon-

255 2467 396 2495 sederunt.

293 2598 360 2626 XCI.
382 2602 441 2628 Jam
468 2608 533 2628 vero
556 2601 611 2634 ille,
628 2602 716 2629 salute
740 2603 841 2637 popqu
859 2603 932 2632 dicta
953 2605 1044 2638 parvis

255 2645 430 2680 magnisque,
458 2647 655 2674 monasterium
682 2648 809 2682 reliquit,
837 2653 863 2676 et
887 2650 920 2677 ad
948 2650 1043 2678 urbem

290 2735 455 2774 (15)____lVihil
486 2737 578 2774 verius
609 2745 624 2764 ιι
659 2737 774 2765 Leontio
802 2739 934 2774 scriptum
968 2746 1010 2768 est
1035 2750 1042 2768 τ

254 2778 327 2808 anno
342 2770 405 2802 595.
423 2779 489 2808 quo_
503 2771 652 2808 Gregorius
678 2770 966 2808 Agrigentum'rediit,
985 2776 1043 2803 dies

255 2807 381 2842 decimus
404 2806 506 2834 mensis
535 2806 707 2842 Septembris
731 2806 882 2836 sabbatum
904 2806 965 2837 fuit.
980 2811 1044 2838 .Pa-

255 2841 321 2880 ςτηιιδι
337 2841 412 2880 enim
438 2846 531 2869 actum
551 2841 578 2880 ni
603 2843 676 2870 Non.
703 2844 821 2880 Apriles.
838 2845 999 2873 Pentecoste
1016 2855 1040 2874 ιιι

254 2874 315 2902 Ral.
331 2875 428 2903 lunias
445 2886 452 2903 :
468 2882 495 2903 et
517 2885 532 2904 a
555 2878 716 2907 Pentecoste
729 2874 899 2907 ‘Dominicns
914 2881 972 2907 dies
995 2889 1040 2908 xv:

255 2911 405 2939 babbatum
425 2916 590 2941 consecutus
611 2919 664 2948 est,
680 2914 714 2942 de
732 2922 787 2950 quo
811 2915 932 2950 loquitur
956 2915 1041 2944 Leon-

1098 2333 1209 2368 ἐξῆλθεν
1226 2333 1280 2364 πᾶς
1295 2333 1309 2358 6
1329 2332 1430 2368 κλῆρος
1448 2333 1517 2368 μετὰ
1529 2332 1709 2369 θυμιαμάτων
1724 2334 1771 2360 καὶ
1784 2334 1887 2369 κηρῶν,

1097 2379 1145 2405 καὶ
1166 2380 1219 2410 πᾶς
1239 2379 1253 2405 6
1267 2378 1341 2412 λαὸς,
1362 2378 1464 2414 πλῆθος
1479 2378 1558 2412 πολὺ,
1572 2380 1631 2406 ὅσοι
1645 2377 1714 2415 ἦσαν
1725 2380 1753 2406 ὲν
1764 2381 1797 2416 τῇ
1812 2380 1888 2406 πόλει

1096 2425 1135 2455 εἰς
1163 2425 1328 2460 συνάντησιν
1351 2425 1444 2452 αὑτοῦ.
1468 2426 1555 2458 Αὐτὸς
1575 2426 1603 2452 δὲ
1622 2425 1760 2453 κατελθὼν
1773 2427 1826 2453 ἀπὸ
1840 2427 1886 2453 τοῦ

1096 2470 1201 2502 πλοίου,
1213 2470 1276 2496 ᾶπιε
1291 2469 1321 2496 ἐν
1334 2469 1373 2505 τῷ
1390 2471 1564 2506 μοναστηρίῳ
1576 2479 1583 2485 ·
1602 2471 1647 2497 καὶ
1670 2472 1887 2506 συναντήσαντες

1096 2516 1231 2551 ἀλλήλοις,
1263 2517 1310 2543 καὶ
1336 2516 1490 2552 εὐξάμενοι,
1509 2518 1578 2552 μετὰ
1604 2518 1656 2552 τὴν
1685 2517 1768 2552 εὐχὴν
1791 2518 1888 2544 ἐκαθέ-

1096 2563 1209 2598 σθησαν.

1132 2608 1193 2640 L_A’.
1219 2607 1273 2634 Καὶ
1289 2607 1484 2642 ἀσπασάμενος
1495 2609 1558 2640 τοὺς
1572 2608 1696 2640 ἅπαντας
1709 2609 1755 2636 καὶ
1766 2609 1812 2636 τὸν
1824 2608 1886 2637 λαδν

1098 2654 1215 2689 μικρούς
1242 2663 1271 2680 τε
1292 2654 1339 2680 καῖ
1355 2653 1491 2690 μεγάλους
1507 2653 1618 2689 ἐξῆλθεν
1633 2655 1664 2681 ὲκ
1684 2654 1731 2681 τοῦ
1749 2663 1885 2690 μοναστηο

1097 2745 1162 2777 tius,
1181 2743 1332 2779 inciditque
1345 2745 1373 2772 in
1392 2745 1463 2772 diem
1478 2753 1508 2772 ιιι
1531 2739 1594 2772 ante
1608 2744 1686 2774 ldus.
1699 2746 1756 2772 sive
1771 2746 1885 2773 undeci-

1096 2788 1169 2821 mum
1187 2781 1290 2808 mensis
1309 2779 1488 2816 Septembris,
1510 2785 1537 2807 ut
1553 2787 1586 2807 ex
1600 2779 1787 2809 Maurinorum
1805 2783 1884 2809 tabu-

1094 2815 1128 2843 lis
1145 2821 1264 2843 constat.
1347 2815 1353 2816 ί

1093 2851 1274 2913 Cod.
1291 2851 1318 2883 l,
1334 2852 1372 2883 είς
1388 2850 1417 2877 7'6
1431 2850 1590 2886 περιπόλιον
1609 2853 1640 2880 τὸ
1655 2852 1802 2888 λεγόμενον
1819 2852 1884 2889 Ἐμ-

1106 2894 1197 2921 εοριον.
