2083 3155
223 205 276 239 717
954 205 1130 236 ANNALIS.
1207 180 1209 183 ’
1799 202 1852 236 718

227 263 326 294 currit
341 262 512 302 episcopus
527 262 769 302 Agrigentinus.
796 262 909 292 Arrisit
926 262 985 292 hoc
1000 262 1104 302 plane.
1125 264 1318 302 'l‘emporum
1341 261 1427 302 enim
1452 261 1591 292 rationes
1609 261 1756 300 prteclare
1773 270 1853 292 ron-

228 300 399 333 venieba'nt
416 313 423 332 :
441 300 472 332 id
494 300 599 333 tamen
610 300 718 332 'uuum
739 302 817 331 satis
842 309 913 332 esse
937 300 1255 336 nou’videbaturput
1281 301 1372 330 illum
1398 300 1504 338 ipsum
1527 309 1598 331 esse
1622 305 1849 337 statueremus,

225 341 318 380 cujus
337 341 431 371 vitam
447 341 601 371 Leontius
618 340 795 379 posteritati
813 340 1007 370 tradidisset.
1024 340 1177 380 Epistolis
1191 340 1258 370 illis
1276 339 1436 380 perlectis,
1460 343 1642 373 accusatum
1658 341 1849 378 Gregorium

225 378 471 419 Agrigentinum
487 380 572 418 apud
589 378 770 419 pentiticem
787 380 1024 419 maximum,rut
1042 379 1196 419 Leontius
1216 383 1331 414 narrat,
1349 378 1442 419 _c|are
1465 382 1560 419 atque
1578 379 1746 419 perspicue
1767 380 1850 409 didi-

225 417 325 449 cimus
344 429 352 448 :
369 419 400 450 id
418 427 494 450 vero
508 417 685 449 alacriores
701 418 786 453 fecit,
814 423 844 448 et
866 419 903 448 ad
927 418 1052 456 reliqua
1068 418 1290 455 investiganda
1308 417 1530 448 vehementius
1549 417 1702 448 incitavit.
1722 418 1850 448 inveni-

227 466 298 488 mus
313 462 430 492 autem.
449 458 719 495 qnemadmodum
735 466 751 487 a
769 457 902 487 Leontio
919 458 1067 487 traditum
1084 461 1143 491 est,
1160 458 1291 487 Romam
1308 465 1381 486 enm
1397 457 1434 487 ad
1454 464 1580 487 Causam
1595 457 1762 487 dicendam
1779 465 1850 495 pro-

224 496 341 527 fectum
359 505 430 565 ejsvse
448 496 602 566 (33,3)1mc
616 497 733 527 accitos
756 505 772 527 e
790 496 899 527 Sicilia
914 499 1114 527 accusatores
1133 496 1208 536 (32),
1229 500 1259 526 et
1275 496 1398 534 judicio
1418 500 1554 534 peracto,
1574 495 1614 526 ad
1631 496 1739 526 sedem
1756 496 1849 526 illum

225 544 316 566 suam
333 544 364 566 re
388 544 467 566 lisse
549 558 556 566 .

225 544 316 566 suam
333 535 467 566 rediisse
483 535 556 566 (33).

286 544 316 565 m
333 544 346 564 r
368 536 410 565 d'i
433 545 467 565 se
517 537 524 546 ί
549 558 556 566 .

263 544 364 604 ἓωπὲ
381 545 448 605 litigo
464 536 645 614 rgg)prope
661 574 900 614 conﬁcerervisa
925 578 1011 609 sunt,
1030 577 1063 604 ut
1078 582 1140 604 non
1166 574 1264 604 alium
1277 574 1341 613 jam
1361 570 1553 614 Gregorium
1577 581 1592 602 a
1611 573 1744 614 Leontio
1760 575 1849 614 (lesi-

225 614 315 652 gnari
340 612 558 644 censeremus.
585 612 661 644 Nam
678 622 754 644 casu
774 613 905 652 quidem
932 614 1118 652 contingere
1135 614 1188 643 vix
1214 612 1308 652 posse
1336 613 1537 651 putabamus,
1563 616 1596 642 ut
1625 612 1766 651 episcopi
1785 614 1849 644 duo

226 651 370 692 ejusdem
389 653 492 689 urbis,
511 653 623 683 eodem
640 653 732 683 ambo
757 651 886 683 numine
907 651 1119 692 exstitissent,
1146 652 1201 691 qui
1228 659 1258 682 et
1277 652 1414 682 accusati
1436 656 1466 682 et
1490 652 1621 681 Romam
1644 651 1850 690 injudicium

227 692 326 721 vocati
343 697 461 728 essent,
482 697 512 722 et
529 692 561 722 in
578 691 689 722 urbem
706 700 794 722 suam
816 691 1017 729 postliminio
1033 691 1218 722 rediissent.

263 731 320 761 ΙΙΙ.
343 731 491 761 Restabat
513 737 629 767 tamen,
647 735 681 761 ut
699 739 735 761 ea
762 731 1045 769 perpenderemus,
1071 738 1143 769 qum
1165 730 1252 760 aliud
1272 738 1386 766 aevum,
1401 728 1461 759 alia
1480 729 1613 769 omnino
1634 732 1773 768 tempora
1802 731 1849 761 si-

225 778 322 809 gnare
337 769 499 806 videntur,
515 778 610 809 quam
627 779 675 804 ea.
693 768 813 809 quibus
830 777 887 809 nos
904 768 1137 809 totamALeohtii
1153 769 1317 799 historiam
1333 768 1638 809 circumscribimus.
1652 769 1848 809 [cxn]Ejus-

227 807 311 838 modi
331 814 406 838 sunt
430 807 604 847 appellatio
628 807 757 839 Macarii
782 807 1352 847 archiepiscopiHierosolymorum,
1380 807 1435 846 qui
1460 807 1541 837 ultra
1567 816 1685 837 annum
1707 808 1764 838 57h
1787 818 1850 840 non

227 847 324 884 vixit;
340 846 498 878 Eustathii
518 847 751 887 archiepiscopi
769 846 1034 887 Antiochimhqui
1050 855 1169 887 annum
1201 848 1259 877 338
1274 847 1416 887 attigisse
1433 854 1497 876 non
1514 851 1658 887 putatur;
1675 847 1848 878 Justiniaui

226 887 310 926 Aug.
332 886 388 925 qui
405 887 543 917 decessit
567 885 749 926 anno565;
767 886 882 925 Sergii,
900 885 1095 926 Cyri,’Pauli
1120 885 1353 922 haereticorum,
1375 893 1512 925 quorum
1533 885 1653 923 primus
1678 887 1783 926 dictus
1801 892 1849 918 est

225 925 489 963 archiepiscopus
513 925 888 964 Coustantinopolilanus
913 933 997 955 anno
1021 925 1091 955 610.
1108 925 1186 955 lnde
1212 926 1297 955 enim
1324 929 1405 955 natae
1426 925 1653 964 controversia;
1675 925 1738 956 illic
1761 931 1847 962 sunt,

226 971 305 1003 quas
321 964 475 1001 diximus,
492 969 522 994 et
538 963 661 1003 gemina
678 969 746 995 orta
761 965 800 995 de
815 964 963 1002 Gregorii
978 967 1068 995 aelate
1080 964 1249 994 sententia.
1267 965 1345 995 Cum
1359 964 1424 994 haec
1439 968 1544 994 autem
1560 963 1644 994 inter
1656 973 1690 994 se
1708 973 1848 1003 pugnare

225 1002 394 1038 constaret,
412 1004 498 1041 quod
516 1002 657 1042 aquales
671 1004 794 1039 ﬁerent,
811 1003 867 1043 qui
885 1003 978 1042 longe
994 1003 1131 1043 diversis
1148 1003 1347 1042 temporibus
1363 1003 1572 1036 exstiterunt;
1590 1002 1775 1043 suspicandi
1793 1014 1850 1035 an-

224 1049 291 1072 sam
306 1042 481 1080 praebuere,
495 1041 649 1073 mendosa
660 1051 730 1073 esse
741 1041 952 1081 exemplaria,
963 1050 1034 1081 quae
1047 1042 1085 1072 ad
1099 1050 1156 1072 nos
1173 1041 1398 1080 pervenerunt,
1411 1050 1475 1072 non
1491 1041 1612 1072 Leontii
1624 1041 1776 1079 auctoris,
1792 1045 1848 1074 sed

226 1081 338 1113 scribae
355 1081 472 1111 veteris
497 1081 594 1111 stulta
615 1082 753 1120 quadam
776 1081 948 1120 imperitia,
973 1082 1027 1120 qui
1057 1082 1186 1111 nomina
1209 1082 1369 1112 addiderit
1387 1090 1510 1116 eorum,
1534 1089 1615 1119 quos
1640 1081 1772 1120 quidem
1791 1083 1850 1113 ali—

225 1122 353 1158 quando
362 1120 463 1150 fuisse
478 1121 584 1156 sciret,
601 1125 632 1150 at
646 1129 785 1160 quorum
799 1129 901 1151 navum
916 1121 1007 1160 plane
1023 1120 1195 1160 ignoraret.
1213 1120 1310 1150 Auxit
1323 1120 1699 1159 suspicionempodext’to
1713 1120 1848 1152 Basilia-

226 1166 355 1194 norum,
372 1160 406 1189 in
422 1167 566 1199 quo,pro
580 1159 777 1196 Justiniano,
790 1160 955 1199 luxti-num
966 1159 1047 1189 cieri
1061 1159 1201 1199 vidimus
1218 1168 1225 1189 :
1242 1160 1331 1190 auxit
1343 1164 1374 1190 et
1388 1159 1773 1199 SimeonrMetaphrastes,
1791 1162 1848 1199 qui

225 1200 409 1237 quanquam
432 1197 485 1228 res
501 1197 517 1228 a
534 1199 669 1230 Leontio
689 1202 829 1229 narratas
853 1198 973 1236 recepit
995 1197 1152 1237 singulas,
1178 1199 1308 1229 nomina
1325 1204 1429 1229 tamen
1445 1198 1618 1228 Justiniani
1644 1202 1674 1228 et
1693 1197 1848 1231 Eustalhii

224 1244 290 1267 non
306 1236 424 1277 habet:
442 1241 508 1267 tum
526 1246 565 1268 ne
587 1238 668 1268 illud
685 1238 817 1277 quidem
835 1245 946 1275 parum
964 1236 1068 1268 valere
1088 1237 1253 1274 duximus,
1276 1238 1361 1277 quod
1384 1238 1417 1267 in
1434 1236 1584 1277 omnibus
1609 1238 1847 1276 exemplaribus

225 1280 257 1305 et
272 1276 414 1316 episcopi
427 1276 742 1314 Cartliaginiensis’et
756 1276 990 1316 archiepiscopi
1007 1276 1350 1316 Constantinopolitani
1367 1281 1398 1307 et
1415 1276 1572 1316 pontiﬁcis
1587 1277 1714 1306 maximi
1731 1286 1848 1310 nomen

227 1315 427 1355 reticet-etur,
448 1316 481 1345 in
497 1325 561 1346 uno
577 1320 683 1348 autem
701 1324 740 1346 ne
759 1324 876 1346 nomen
889 1316 1020 1355 quidem
1037 1319 1174 1346 exstaret
1192 1315 1352 1346 Theodori
1368 1315 1470 1350 illius,
1490 1315 1546 1354 qui
1568 1316 1713 1353 Gregorii
1734 1318 1847 1348 deces—

227 1361 281 1383 sor
305 1354 406 1385 i'uisse
431 1355 558 1386 dicitur.
579 1358 641 1387 Cur
661 1355 749 1385 enim
769 1355 835 1385 haec
859 1355 977 1393 potius,
999 1362 1095 1393 quam
1116 1355 1171 1384 illa
1197 1354 1450 1393 praetermisisset
1476 1354 1651 1384 Leontius?
1673 1357 1847 1393 praesertim

226 1401 298 1422 cum
316 1393 430 1424 incolae
444 1395 586 1426 Romano
602 1403 719 1425 nomen
739 1393 849 1424 saltem
878 1393 1036 1431 pontiﬁcis
1057 1393 1187 1423 maximi
1204 1393 1348 1432 ignotum
1373 1402 1443 1424 esse
1462 1401 1526 1423 non
1554 1397 1672 1431 posset.
1689 1395 1773 1424 Nihil
1796 1397 1849 1426 de-

227 1439 313 1462 mum
331 1431 466 1463 alienam
490 1441 620 1465 manum
639 1435 727 1464 olere
743 1433 845 1471 magis
860 1433 965 1463 visum
989 1436 1048 1468 est,
1066 1441 1159 1471 quam
1176 1431 1284 1467 trium,
1302 1434 1357 1471 qui
1374 1436 1602 1466 memorantur.
1625 1432 1846 1465 haereticorum

227 1472 355 1513 nomina
375 1482 383 1501 :
400 1472 521 1513 quippe
536 1474 594 1513 qui
614 1481 652 1504 eo
669 1476 810 1513 tempore
828 1471 968 1513 damnati
993 1477 1082 1513 sunt,
1098 1479 1162 1510 quo
1179 1472 1332 1513 Le0nti_us
1348 1473 1458 1513 Itomze
1473 1471 1670 1513 versabatur,
1688 1481 1746 1513 nec
1768 1474 1848 1504 Con-

225 1510 575 1552 stantinopolisolun'i,
600 1513 656 1542 sed
679 1510 787 1543 Romae
812 1511 901 1552 prius
924 1511 1061 1542 damnati
1085 1518 1102 1540 a
1124 1515 1250 1541 centum
1268 1510 1381 1550 viginti
1405 1510 1550 1550 quinque
1573 1511 1746 1550 episcopis,
1765 1521 1847 1552 quos

225 1549 347 1587 Agatho
361 1549 507 1588 pontifex
530 1552 687 1582 maximus
704 1551 737 1580 in
752 1549 924 1581 consilium
942 1554 1116 1580 vocaverat.

265 1589 338 1629 Haec
352 1590 458 1620 omnia
477 1596 579 1629 prope
593 1591 654 1621 vim
670 1589 858 1624 adhibuere,
877 1597 936 1619 nec
956 1589 1076 1620 invitos
1091 1589 1123 1619 in
1140 1597 1209 1619 eam
1225 1588 1418 1629 sententiam
1435 1589 1648 1625 adduxerunt,
1669 1593 1702 1629 ut
1719 1591 1849 1622 nomina

225 1627 353 1666 prepria
372 1636 390 1658 a
406 1627 546 1660 Leontio'
555 1629 683 1669 singula
709 1629 918 1669 praetermissa
936 1628 1096 1669 consulto,
1112 1636 1148 1658 ac
1164 1628 1340 1669 legentium
1359 1628 1622 1669 interpretationi
1644 1628 1754 1659 relicta
1774 1638 1848 1660 cen-

225 1674 369 1710 seremus
387 1677 395 1697 :
413 1675 485 1697 cum
504 1672 589 1710 esset
606 1667 840 1710 étiamﬂ'silentii
852 1667 956 1710 hujus
967 1667 1056 1710 _satis
1076 1675 1111 1710 ea
1126 1667 1431 1710 p_roba_bilis_causa,
1453 1675 1493 1697 ne
1509 1667 1642 1710 prolatis
1660 1673 1848 1710 cancrorum

227 1705 424 1746 nominibus,
441 1714 556 1738 nomen
579 1708 655 1738 item
672 1707 785 1737 eﬂ'erre
809 1705 946 1746 deberet,
962 1706 1108 1746 Gregorii
1125 1705 1244 1745 Magni,
1266 1707 1360 1746 cujus
1384 1705 1556 1746 memoriae,
1578 1715 1673 1745 quam
1691 1707 1760 1746 ipse
1775 1708 1848 1738 cha-

226 1752 291 1774 ram
311 1744 454 1782 haberet,
472 1747 578 1777 minus
590 1746 698 1777 favere
714 1745 846 1776 historia
866 1744 1044 1776 videbatur.
1066 1744 1545 1784 ltaque’pronuntiandum'jam
1561 1744 1726 1782 duximus,
1754 1755 1846 1777 ineu-

225 1783 322 1813 dosos
345 1792 418 1814 esse
442 1785 581 1823 codices,
603 1790 634 1816 et
653 1785 818 1815 historiam
838 1785 945 1814 ascitis
966 1784 1152 1814 nominibus
1178 1783 1384 1823 deformatam
1401 1793 1408 1812 :
1424 1784 1549 1822 quibus.
1564 1792 1680 1823 nempe
1700 1785 1847 1822 sublatis,

225 1825 337 1853 caetera
352 1827 510 1861 constare,
531 1828 560 1855 et
574 1822 723 1855 veterum
740 1823 955 1854 monumentis
972 1823 1166 1861 respondere
1179 1822 1359 1852 videantur.

266 1861 317 1891 IV.
339 1863 510 1904 Accessere
525 1869 631 1904 autem
648 1872 687 1904 ex
704 1863 773 1901 ipso
791 1862 937 1900 Gregorii
952 1862 1051 1892 nostri
1069 1862 1302 1904 Commentario
1317 1864 1503 1904 argumenta
1520 1869 1582 1904 non
1601 1864 1847 1904 contemnenda,

225 1908 298 1941 quae
309 1909 421 1941 aevum
433 1901 502 1941 ejus
518 1903 558 1932 ad
568 1902 678 1933 δωευιί
696 1899 727 1932 vi
750 1899 908 1939 postrema
929 1905 1069 1941 tempora
1090 1905 1120 1930 et
1145 1900 1184 1930 ad
1202 1899 1330 1930 initium
1347 1909 1390 1930 vii
1410 1899 1613 1941 referendum
1633 1909 1695 1941 non
1720 1903 1850 1933 minori-

225 1939 286 1969 bus
310 1939 630 1973 iudiciis‘declarent.
650 1941 793 1972 Primum
820 1940 906 1970 enim
932 1940 1073 1970 Mauritii
1092 1941 1172 1977 Aug.
1199 1942 1320 1969 aetatem
1336 1943 1485 1977 tanquam
1504 1939 1566 1969 sibi
1583 1940 1758 1976 proximam
1784 1950 1847 1971 non

226 1978 360 2009 obscure
376 1986 613 2018 commemorat,
626 1980 708 2011 tristi
722 1980 791 2018 ejus
804 1979 894 2009 exitu
910 1987 966 2017 per
979 1978 1127 2018 ambages
1144 1978 1284 2008 indicato
1297 1977 1370 2018 (34).
1390 1979 1452 2008 Nec
1474 1978 1580 2008 minus
1597 1981 1745 2016 tanquam
1763 1984 1847 2009 tent—

228 2025 340 2054 iorum
367 2026 501 2059 suorum
526 2019 676 2059 Eutychii
706 2017 850 2049 haeresim
875 2017 914 2059 de
940 2017 1174 2059 resurrectione
1197 2025 1369 2059 corporum
1392 2018 1560 2059 designare
1587 2017 1724 2059 videtur,
1753 2027 1848 2057 quam

227 2065 342 2097 nempe
358 2058 532 2097 Gregorius
554 2055 688 2097 Magnus
716 2056 917 2097 compressit,
933 2065 1006 2097 cum
1027 2056 1484 2097 diaconus_Constantinopoti
1507 2055 1749 2097 apocrisiarium
1763 2055 1848 2096 Vage-

228 2066 342 2125 itemge
358 2066 532 2097 υτθεοτιιιε
554 2066 688 2097 Magnus
716 2066 917 2095 compressu,
933 2066 1006 2087 cum
1027 2066 1181 2087 diaconus
1208 2066 1484 2094 LOHStllnllIIOPOII
1507 2066 1749 2094 apocrismrlurn
1771 2067 1848 2096 age-

228 2096 298 2135 ret(
320 2096 361 2135 5).
382 2096 455 2127 Alio
472 2097 504 2128 in
524 2097 594 2128 loco
605 2105 749 2128 arcanam
771 2096 916 2136 Procopii
933 2095 1099 2136 historiam
1116 2095 1349 2136 quadamtenus
1364 2095 1519 2134 attingere
1539 2095 1659 2136 dixeris
1677 2095 1736 2135 (36)
1755 2107 1850 2136 :qum

228 2140 298 2174 rost
312 2136 488 2166 Justiniani
503 2145 684 2170 excessum,
700 2136 750 2167 vel
766 2135 870 2174 potius
886 2135 1005 2165 Justini
1020 2134 1176 2171 Junioris,
1194 2142 1290 2173 quem
1307 2134 1362 2165 ille
1378 2142 1596 2164 successorem
1611 2134 1733 2172 habuit,
1750 2134 1849 2167 moi-te

226 2174 259 2203 in
280 2173 382 2205 lucem
403 2175 521 2206 emissa
538 2179 598 2206 est.
615 2177 702 2206 Idem
721 2173 793 2215 cum
820 2182 884 2204 non
901 2174 1000 2215 semel
1017 2175 1175 2215 variarum
1187 2177 1354 2215 sectarum
1373 2174 1540 2215 hmreticos
1555 2174 1731 2215 detestatur
1754 2180 1849 2215 atque

226 2217 387 2255 coarguat,
404 2223 570 2255 nunquam
585 2213 872 2255 Monotheletarum
886 2213 1080 2255 mentionem
1100 2212 1221 2252 injecit,
1233 2214 1289 2251 qui
1306 2221 1420 2255 nempe
1431 2221 1448 2242 a
1461 2212 1550 2243 sexta
1571 2214 1697 2255 synodo
1711 2219 1779 2252 pust
1795 2212 1852 2245 εἰει-

227 2261 304 2283 num
323 2254 381 2284 680
397 2253 537 2285 damnati
553 2258 639 2284 sunt.
656 2255 695 2283 At
709 2253 978 2292 contracivitates
995 2257 1183 2283 autonomas
1199 2253 1344 2290 agnoscit
1360 2253 1433 2292 (3‘7),
1451 2260 1625 2290 earumque
1642 2253 1796 2284 clamores
1815 2255 1849 2285 in

226 2293 410 2331 exemplum
428 2293 571 2330 adducit,
597 2301 677 2332 quas
691 2296 795 2322 tamen
819 2291 851 2321 in
877 2291 997 2328 Sicilia,
1020 2293 1138 2332 saeculo
1154 2301 1197 2322 vn
1217 2291 1372 2332 vertente,
1390 2292 1619 2332 saracernoruiu
1645 2300 1730 2322 arma
1746 2293 1850 2332 isilcre

225 2328 411 2369 coegerunt.
437 2328 720 2367 Cretera-demum,
737 2339 940 2370 quaecunque
962 2331 1137 2370 Gregorius
1157 2335 1265 2361 noster
1285 2330 1422 2369 attingit,
1438 2331 1595 2370 indicium
1613 2338 1678 2368 prae
1693 2340 1726 2361 sc
1742 2328 1850 2363 ferunt

226 2371 365 2411 inuitum.
382 2380 448 2410 quo
463 2372 538 2411 quis
553 2371 591 2401 ad
614 2379 688 2401 eum
707 2379 731 2411 e_
742 2369 822 2404 loco,
839 2378 936 2409 quem
954 2369 1139 2411 tribuimus,
1155 2369 1372 2411 amovendum
1385 2369 1477 2411 abuti
1491 2369 1601 2411 possit.
1703 2409 1720 2411 Η
1750 2380 1753 2386 ι

266 2409 301 2439 V.
324 2407 496 2449 Hisigitur
519 2409 763 2445 animadversis,
781 2417 837 2447 pro
850 2407 1015 2447 comperto
1038 2409 1206 2444 habemus,
1224 2409 1347 2449 Leontii
1366 2407 1532 2449 historiam
1557 2409 1594 2449 ad
1613 2409 1769 2440 saeculi’tu
1790 2418 1849 2440 ex-

226 2451 336 2488 trema,
356 2452 387 2479 et
402 2446 512 2480 saeculi
528 2458 568 2478 vu
583 2449 674 2479 initia
688 2446 860 2488 pertinere,
879 2449 910 2478 iii
926 2446 1027 2486 eaque
1044 2449 1139 2478 vitam
1159 2447 1248 2488 prodi
1266 2447 1411 2485 Gregorii
1430 2446 1531 2488 illius,
1545 2447 1584 2488 de
1595 2456 1666 2488 quo
1682 2449 1713 2478 in
1731 2449 1850 2487 episto-

224 2485 265 2516 lis
279 2488 426 2527 Gregorii
442 2489 549 2527 Magni
567 2485 761 2527 mentio‘est.
778 2486 810 2527 in
826 2495 889 2525 qua
903 2485 1034 2526 quidem
1054 2487 1213 2517 sententia
1234 2487 1387 2527 Barouius
1406 2487 1501 2516 etiam
1514 2486 1574 2527 iuit
1590 2486 1665 2526 (38),
1682 2485 1852 2527 auctorita-

224 2530 288 2566 tem
309 2525 439 2566 secutus
462 2525 670 2566 eiﬁstolarum
693 2526 838 2566 ejusdem
860 2525 1005 2566 Gregorii
1024 2527 1142 2563 Magni.
1163 2527 1261 2563 [cxiii]
1288 2526 1443 2566 Caeterum
1469 2525 1581 2563 opinio
1596 2525 1673 2565 ejus
1686 2526 1759 2566 juie
1783 2528 1847 2558 veri

225 2563 308 2595 haud
325 2565 442 2605 similis
462 2563 631 2596 videbatur
646 2563 796 2605 Cajetano
812 2570 842 2595 et
857 2563 958 2596 Pirro.
980 2567 1057 2596 Nam
1075 2566 1143 2600 ille,
1160 2574 1233 2595 cum
1250 2564 1496 2605 Metaphrasten,
1513 2574 1612 2603 quem
1621 2563 1726 2596 unum
1744 2568 1782 2595 de
1802 2567 1850 2596 liis

225 2603 415 2644 gonsulerat,
434 2613 497 2635 non
513 2603 721 2641 excussisset,
739 2612 790 2634 res
806 2604 887 2635 inter
903 2614 936 2635 se
955 2613 1051 2643 prope
1069 2609 1244 2643 pugnantes
1261 2603 1432 2634 conciliare
1456 2604 1638 2644 nitebatur.:
1655 2604 1775 2644 quippe
1794 2614 1850 2644 qut

224 2642 415 2682 Gregorium
440 2648 582 2674 nostrum
609 2647 639 2674 et
654 2643 780 2683 synodo
799 2644 920 2682 quinta:
941 2642 1126 2674 interfuisse
1152 2647 1300 2682 poneret,
1328 2647 1357 2672 et
1383 2643 1467 2683 apud
1491 2642 1681 2682 Gregorium
1700 2642 1850 2683 Magnum

225 2687 408 2713 accusatum
425 2692 495 2713 esse
512 2682 720 2714 contenderet
736 2694 743 2712 :
761 2690 833 2721 qum
847 2683 873 2713 si
892 2688 1023 2720 starent,
1045 2691 1154 2713 senem
1174 2682 1456 2720 septuagenarium
1480 2683 1583 2721 stupri
1598 2683 1738 2713 delatum
1757 2682 1849 2714 fat-eri

226 2725 397 2758 oporteret.
419 2724 458 2752 At
470 2722 629 2762 ejusmodi
644 2721 828 2752 diﬂicultate
845 2730 1047 2762 nequaquam
1067 2730 1124 2752 nos
1141 2721 1328 2759 premimur,
1347 2730 1419 2752 cum
1436 2730 1473 2751 ex
1490 2726 1596 2752 nostra
1612 2723 1849 2762 computatione

259 2805 316 2850 rari
338 2806 399 2850 με»
419 2815 439 2840 ι,
453 2808 531 2850 epist.
550 2811 601 2850 72;
616 2813 664 2841 lib.
681 2805 706 2847 v',
723 2812 803 2848 epist.
821 2813 865 2840 te.
1100 2812 1157 2850 (in?)
1176 2813 1236 2850 μὴ.
1257 2822 1284 2843 κν
1301 2813 1373 2850 su-

260 2841 316 2882 gg)
337 2841 398 2882 in).
414 2850 454 2874 ιιι,
469 2841 548 2882 epist.
569 2841 613 2875 te.
698 2841 705 2847 '
741 2841 749 2848 ‘
1099 2841 1155 2882 (sai
1176 2848 1235 2875 Lib.
1253 2841 1326 2882 m'."§
1344 2848 1389 2874 26.

257 2877 314 2919 rari
335 2876 395 2919 ira.
413 2885 471 2919 vni,
486 2876 569 2919 ἐνίει.
585 2883 629 2912 ~25.
1099 2876 1155 2918 (‘37)
1176 2883 1235 2912 Lib.
1256 2876 1293 2915 ix;
1308 2876 1326 2919 ς
1337 2884 1364 2910 2.

259 2912 316 2947 (δι)
336 2911 394 2940 Lib.
412 2921 436 2943 v,

1099 2911 1154 2954 (58)
1180 2919 1207 2946 In
1220 2911 1358 2947 adnotfad
1370 2918 1483 2954 Martyr.
1497 2919 1573 2947 Rom.
1589 2928 1625 2948 γη
1639 2920 1695 2947 Κίιι.
1710 2921 1753 2947 Dm
1765 2921 1849 2949 rtttbi‘.
