2055 3153
271 177 321 209 733

842 175 871 206 S.
885 173 1078 205 GREGORII
1105 172 1360 205 AGRIGENTINI

1859 172 1910 204 τοι

271 240 297 261 ct
313 240 373 268 quas
388 232 516 259 errantes'
528 236 603 264 sunt,
622 235 695 263 ortu,
713 237 824 265 occasu,
839 231 965 265 defectu;
982 231 1024 259 vel
1040 231 1063 258 si

1118 230 1172 258 τῶν
1183 230 1328 265 πλανητῶν
1339 239 1345 244 ·
1363 230 1403 257 ἔτι
1422 229 1450 256 δὲ
1474 229 1522 256 καὶ
1538 228 1608 256 κατὰ
1634 227 1682 264 τὴν
1700 228 1754 263 γῆν
1776 228 1822 255 καὶ
1839 238 1910 256 κατα

269 279 335 314 quid
356 278 492 314 ejusmodi
515 278 631 306 interra
654 281 700 305 aut
725 279 752 305 in
770 279 839 306 mari
856 279 1066 314 deprehenderit

270 332 309 354 tot
329 326 399 354 inter
419 325 600 353 animantium
618 332 728 361 genera,
745 330 855 360 tamque
872 326 961 353 varias
983 325 1063 360 plau-

268 377 359 400 tarum
377 370 476 405 stirpes
493 375 521 398 et
547 375 689 407 pratorum
714 371 905 403 amoenitates;
928 370 1014 398 multo
1039 370 1063 397 id

268 422 349 445 antea
372 417 433 450 fuit,
449 420 477 444 et
500 417 568 444 nihil
588 416 702 444 omnino
725 416 874 450 diversum,
893 417 950 444 sive
973 421 1064 444 ortum

268 468 389 498 spectes,
403 463 462 490 sive
478 467 617 496 naturam,
634 463 691 490 sive
706 463 843 495 ordinem,
862 463 921 490 sive
938 467 1041 490 motum
1055 471 1062 495 ;

268 511 372 546 quippe
399 517 444 537 res
469 516 576 542 omnes,
596 509 638 536 vel
651 509 708 544 jam
734 509 879 540 exsistant,
902 509 944 536 vel
964 508 1065 536 futurae

269 556 335 588 sint,
353 556 452 592 divina:
466 555 601 583 voluntati
623 554 845 590 pracscriptisque
866 554 945 582 initio
959 554 1065 590 legibus

269 601 429 629 necessario
452 601 653 635 obsequuntur.
681 598 855 634 Quapropter
883 598 970 627 Oseas
999 606 1063 633 pro—

270 647 351 682 pheta
362 646 539 675 Conditorem
552 646 653 680 ipsum,
667 646 714 681 qui
724 646 888 673 saeculorum
901 650 997 672 auctor
1011 648 1064 677 est,

270 693 397 728 idemque
417 692 609 720 universorum
636 692 812 723 constitutor.
844 692 884 718 sic
908 691 1064 726 loquentem

270 739 395 767 induxit:
408 748 416 764 ι
433 738 490 773 Ego
504 738 637 765 Dominus
653 738 723 765 Deus
738 741 813 771 tuus,
824 737 937 764 ﬁrmans
952 737 1064 769 cadum,

269 790 297 813 et
315 790 414 813 terram
433 785 555 812 condens
573 785 648 820 (52);
667 793 676 811 ι
695 784 797 819 quibus
821 783 914 811 verbis
941 783 1063 810 divinam

271 831 581 867 signiﬁcatpoteutiam,
607 838 667 866 quze
684 830 798 865 provide
814 833 962 864 utrumque
990 829 1065 857 fovet

269 883 352 913 atque
367 877 665 918 tueturnostcnditquc,
692 877 740 912 qui
758 877 858 904 coelum
874 876 909 903 ab
925 876 1002 904 initio
1015 875 1062 903 ﬁr-

270 924 355 952 mavit
374 923 555 958 fundavitque
583 927 695 954 terram,
719 930 767 957 per
792 929 855 949 eum
877 929 950 948 ttunc
980 922 1064 949 etiam

270 977 381 997 manere
393 974 551 1003 utrumque,
564 972 590 994 et
607 975 659 994 una
675 967 734 1002 ejus
761 967 854 994 divina
878 972 959 1001 atque
974 967 1064 994 omni-

270 1016 373 1052 potenti
386 1015 527 1042 voluntate
540 1017 679 1041 constare.
699 1012 772 1039 Nihil
787 1012 868 1047 igitur
884 1012 934 1039 sub
948 1012 1006 1039 sole
1019 1019 1063 1040 rc-

269 1069 347 1094 cens,
365 1061 432 1088 nihil
443 1060 523 1095 plaue
540 1067 640 1087 novum
653 1063 747 1086 natum
763 1062 824 1086 est:
839 1057 1062 1093 quandoquidem

270 1109 416 1146 praesentia
430 1116 508 1142 aeque
522 1111 550 1134 ct
562 1106 653 1134 futura
676 1105 800 1133 eamdem
816 1104 910 1131 omnia
929 1103 1062 1138 originem

270 1161 297 1182 et
317 1159 421 1182 molunt
442 1153 545 1180 habent
569 1160 576 1179 :
607 1151 700 1186 itaque
716 1155 743 1178 et
765 1150 828 1177 εωιὶ
848 1150 908 1176 sine
926 1148 1064 1176 intermis-

270 1200 348 1228 sione
363 1199 478 1234 gloriam
496 1198 543 1225 Dei
567 1202 706 1229 enarraut,
722 1203 754 1224 ac
778 1195 838 1223 dies
863 1195 929 1228 diei,
955 1201 1064 1229 noxque

270 1246 344 1274 nocti
356 1245 501 1273 ell'ectricis
515 1243 691 1280 providteque
705 1243 847 1278 sapientiae.
862 1241 998 1268 infinitam
1015 1248 1063 1276 po-

271 1297 396 1321 testatem
420 1292 556 1323 enuntiat,
576 1290 631 1326 29
656 1297 707 1317 nec
738 1296 802 1316 vero
824 1289 915 1316 minus
939 1293 1012 1315 terra
1037 1292 1064 1314 et

270 1345 346 1366 mare
373 1336 614 1365 terminationibus
643 1336 697 1363 illis
728 1335 787 1362 suis
813 1339 839 1362 et
865 1333 1009 1361 ordinibus
1035 1337 1063 1361 et

270 1385 367 1412 mortis
377 1383 494 1418 vitaeque
508 1381 698 1410 vicissitudine
712 1386 740 1408 et
754 1381 934 1408 concitatiore
946 1384 1022 1407 motu
1036 1384 1063 1406 et

270 1439 376 1459 summa
393 1431 496 1466 quiete,
513 1436 642 1465 tattquant
657 1429 771 1456 vocibus
787 1428 952 1463 quibusdam
970 1426 1063 1454 ineﬂ’a-

270 1478 371 1506 bilibus
392 1478 536 1505 Dominum
562 1484 643 1503 suum
664 1475 804 1502 celebrat:
823 1474 890 1501 nihil
905 1478 933 1501 ut
947 1473 1063 1509 posteri-

270 1525 317 1551 tati
346 1528 449 1551 nostra:
469 1523 595 1550 relictum
625 1521 672 1552 sit.
697 1520 771 1555 quod
798 1527 898 1547 navum
919 1527 950 1546 ac
967 1526 1063 1546 recens

270 1570 356 1598 videri
369 1570 476 1598 debeat.
492 1568 598 1595 Idcirco
610 1567 719 1602 sapiens
740 1566 923 1594 Ecclesiastes
940 1565 1039 1599 adjecit
1055 1575 1060 1592 :

273 1616 357 1644 «Jam
384 1616 436 1644 fuit
462 1617 488 1643 in
507 1615 626 1647 saeculis,
652 1622 713 1649 qua:
738 1613 850 1641 fuerunt
874 1616 938 1640 ante
961 1620 1023 1640 nos.
1051 1621 1061 1638 ι

271 1663 409 1698 Quidquid
425 1662 498 1689 enim
515 1661 670 1688 faciendum
686 1661 732 1692 sit,
749 1659 805 1695 jam
829 1659 932 1687 factum
950 1658 1063 1687 omnino

271 1714 407 1744 repertum
428 1713 479 1740 est,
496 1708 533 1735 ait
546 1706 663 1734 subinde
676 1715 683 1734 :

1116 277 1165 312 τὴν
1191 276 1331 304 θάλασσαν
1355 277 1384 303 έν
1407 277 1463 307 τοῖς
1490 274 1623 306 ποικίλοις
1652 275 1700 301 καὶ
1726 275 1911 306 παντοδαποῖς

1117 323 1197 356 ζώοις
1222 332 1251 349 τε
1275 323 1321 350 καὶ
1351 324 1446 358 φυτοϊς
1475 322 1523 349 καὶ
1550 322 1690 357 λειμῶσι·
1709 322 1789 348 τοῦτο
1817 321 1909 356 πο),λῴ

1117 370 1214 405 πρώην
1229 369 1335 405 ὑπῆρξε
1353 370 1424 397 κατά
1439 369 1474 396 τὰ
1493 369 1564 396 αὐτὰ
1584 368 1631 395 καὶ
1648 367 1780 399 ὡσαύτως
1797 369 1844 394 καὶ
1861 367 1911 403 τὴν

1116 415 1224 450 γένεσιν
1239 415 1367 450 ἐσχηκός,
1379 415 1427 442 καὶ⁸
1437 415 1486 450 τὴν
1501 414 1640 445 οὺσίωσιν,
1651 415 1698 440 καὶ
1711 414 1761 449 τὴν
1775 414 1852 446 τάξιν
1863 413 1911 440 καὶ

1116 462 1233 496 κίνησιν,
1249 462 1359 488 πάντων
1375 460 1414 496 τῷ
1431 461 1496 496 θείῳ
1519 460 1669 495 βουλήματι
1688 460 1736 486 καὶ
1751 459 1910 494 ψηφίσματι

1116 508 1146 535 τὸ
1162 507 1303 542 καταρχὰς
1318 507 1456 534 ὲκτεθέντι
1472 506 1694 542 πειθαρχούντων
1712 506 1910 541 ἀπαραιτήτως

1116 555 1164 581 καὶ
1176 554 1230 580 τῶν
1242 554 1327 580 ὄντων
1342 552 1392 589 ήδη
1411 553 1525 580 καὶτῶν
1541 553 1744 588 γενησομένων.
1760 553 1810 578 Διὰ
1829 551 1910 578 τοῦτό

1117 609 1199 635 φησιν
1219 600 1298 636 Ὠσηὲ
1322 601 1336 627 ὁ
1360 600 1503 635 προφήτης
1525 599 1555 631 ἐξ
1578 599 1661 625 αὑτοῦ
1689 598 1836 633 προσώπου
1860 597 1909 624 τοῦ

1116 647 1260 678 κτίσαντος
1283 647 1346 678 τοὺς
1381 646 1484 677 αίῶνας
1506 645 1553 671 καὶ
1572 645 1608 671 τὰ
1631 645 1720 671 πάντα
1735 644 1910 671 κατασκευά-

1111 687 1228 724 invto;-
1245 703 1254 718 ι
1276 692 1347 726 Ἐγὼ
1359 692 1461 727 Κύριος
1475 693 1488 718 ὁ
1500 691 1566 722 Θεός
1581 699 1639 722 σου,
1657 690 1776 726 στερεῶν
1796 691 1910 726 οὐρανὸν

1116 738 1163 765 καὶ
1177 738 1278 770 κτίζων
1297 740 1366 774 γῆν
1386 747 1395 763 ι
1418 738 1468 773 τὴν
1488 737 1651 771 συνεκτικὴν
1665 738 1710 763 καὶ
1727 737 1910 772 προνοητικὴν

1116 786 1164 812 καὶ
1194 785 1333 820 σωστικὴν
1362 784 1503 819 ἑκατέρων
1535 783 1611 810 θείαν
1639 783 1754 818 δύναμιν
1783 783 1909 810 ἐντεῦθεν

1116 831 1364 866 παραινιττόμενος
1381 831 1429 857 καὶ
1444 830 1563 862 δεικνὺς,
1576 829 1614 861 ὡς
1630 830 1785 865 περεὼσας
1801 830 1847 856 τὸν
1861 829 1908 856 οὐ-

1117 877 1207 912 ρανὸν,
1229 877 1277 903 καὶ
1295 875 1468 911 θεμελιώσας
1482 877 1532 911 τὴν
1553 875 1605 909 γῆν
1621 876 1763 911 καταρχὰς
1774 896 1781 908 ,
1798 877 1845 902 καὶ
1860 876 1909 902 νῦν

1115 922 1206 949 δίδωσι
1232 924 1288 954 τοῖς
1309 923 1475 958 ἀμφοτέροις
1494 922 1567 956 μόνῳ
1589 922 1628 957 τῷ
1651 922 1716 957 θείῳ
1740 923 1789 948 καὶ
1810 931 1911 948 παντο.

1114 969 1226 1003 δυνάμῳ
1250 968 1400 1004 βουλήματι
1424 969 1475 1003 τὴν
1499 968 1632 1004 διαμονὴν
1659 968 1707 994 καὶ
1730 969 1907 1004 συντήρησιν.

1115 1015 1197 1042 Οὐδὲν
1222 1013 1270 1041 οὖν
1294 1015 1450 1050 πρόσφατον
1474 1014 1526 1041 ὑπὸ
1547 1013 1593 1041 τὸν
1614 1014 1700 1050 ἥλιον,
1723 1015 1738 1049 ἢ
1766 1015 1859 1042 καινὸν
1878 1015 1909 1042 τὸ

1116 1061 1226 1087 σύνολον
1245 1061 1351 1095 πέφυκε
1363 1068 1369 1076 ·
1391 1061 1480 1088 πάντα
1503 1060 1557 1096 γὰρ
1574 1060 1608 1087 τὰ
1631 1060 1695 1087 ὄντα
1713 1061 1760 1087 καὶ
1772 1061 1807 1087 τὰ
1825 1069 1909 1097 γενη-

1116 1107 1217 1142 σόμενα
1226 1108 1275 1143 τῆς
1285 1107 1370 1143 αὐτῆς
1386 1107 1494 1142 ἔχονται
1509 1107 1556 1133 καὶ
1570 1107 1715 1141 γενέσεως,
1731 1107 1779 1134 καὶ
1792 1108 1906 1140 τάξεως,

1115 1154 1163 1180 καὶ
1183 1155 1334 1190 κινήσεως·
1354 1154 1401 1180 καὶ
1424 1153 1583 1189 διηγοῦνται
1607 1154 1656 1189 μὲν
1681 1155 1704 1180 ot
1729 1154 1840 1188 οὐρανοὶ
1861 1153 1908 1180 τοῦ

1114 1201 1182 1227 Θεοῦ
1193 1201 1242 1236 τὴν
1254 1201 1333 1234 δόξαν
1352 1201 1511 1233 ἀπαύστως,
1529 1201 1575 1227 καὶ
1594 1200 1686 1236 ἡμέρα
1703 1201 1736 1235 τῇ
1753 1200 1845 1236 ἡμέρᾳ
1861 1201 1910 1227 καὶ

1114 1246 1163 1278 νὺξ
1181 1247 1214 1281 τῇ
1237 1246 1316 1272 νυκτὶ
1337 1246 1491 1280 διαγγέλλει
1512 1246 1562 1281 τῆς
1585 1246 1731 1281 ποιητικῆς
1756 1245 1840 1272 αὑτοῦ
1863 1247 1909 1272 καὶ

1115 1292 1297 1327 προνοητικῆς
1326 1291 1422 1326 σοφίας
1453 1292 1503 1326 τὴν
1526 1292 1640 1325 ἄπειρον
1665 1291 1789 1326 δύναμιν.
1816 1291 1910 1327 Παρα-

1115 1338 1237 1372 πλησίως
1257 1338 1349 1372 μέντοι
1368 1338 1414 1364 καὶ
1428 1339 1444 1372 ἡ
1461 1339 1496 1372 γῆ
1512 1338 1559 1364 καὶ
1576 1338 1592 1372 ἡ
1609 1337 1733 1364 θάλασσα
1753 1338 1813 1368 ταῖς
1829 1337 1909 1368 ίδίαις

1113 1383 1277 1425 ὁροθεσίαις,
1285 1384 1332 1410 καὶ⁵
1340 1383 1445 1416 τάξεσι,
1454 1383 1501 1410 καὶ.
1512 1382 1634 1418 θνήξεσι,
1643 1383 1690 1409 καὶ
1703 1382 1785 1409 πάλιν
1793 1383 1909 1409 ἀναϐιώ-

1115 1438 1183 1463 σεσι,
1199 1431 1244 1456 καὶ
1252 1430 1444 1465 σφοδροτέραις
1455 1430 1588 1464 κινήσεσι,
1603 1429 1650 1456 καὶ
1668 1429 1829 1455 παντελέσιν
1845 1430 1911 1464 ὴρε-

1115 1477 1191 1512 μίαις
1205 1476 1395 1512 διεγνωσμένη
1411 1477 1471 1504 κατ’
1489 1477 1566 1503 οὐδὲν
1588 1474 1671 1511 ἦττον
1694 1476 1835 1511 ἀλαλήτοις
1850 1485 1908 1510 φω-

1114 1524 1172 1554 ναῖς
1190 1523 1305 1558 ἀνυμνεϊ
1318 1523 1364 1549 τὸν
1382 1523 1447 1550 εὔιον
1461 1523 1600 1557 Δεσπότην
1614 1531 1620 1538 ·
1633 1522 1671 1554 ὡς
1687 1523 1754 1557 μηδὲ
1767 1522 1909 1548 ὑπολελεῖ-

1076 1585 1098 1613 c
1115 1568 1182 1602 φθαι
1202 1570 1259 1600 τοῖς
1282 1569 1521 1605 μεταγενεστέρως
1545 1569 1741 1604 γενησομένοις
1761 1569 1854 1596 καινόν
1877 1577 1909 1595 τε

1115 1615 1162 1642 καὶ
1189 1615 1356 1650 πρόσφατον.
1388 1616 1491 1642 Τούτου
1516 1616 1595 1650 χάριν
1624 1617 1763 1650 ἐπήγαγεν
1787 1615 1802 1641 ὸ
1826 1616 1909 1650 σοφὸς

1122 1661 1339 1697 Ἐκκλησιαστής
1352 1670 1359 1677 ·
1380 1671 1389 1686 ι
1407 1661 1476 1696 Ἤδη
1500 1661 1613 1696 γέγονεν
1634 1662 1663 1688 ὲν
1680 1663 1736 1694 τοῖς
1750 1662 1832 1689 αζῶσι
1851 1664 1909 1695 τοῖς

1116 1705 1310 1741 γεγενημένοις
1327 1706 1381 1732 ἀπὸ
1401 1705 1558 1742 ἔμπροσθεν
1585 1706 1670 1741 ἡμῶν.
1690 1715 1699 1732 ι
1725 1707 1782 1733 Πᾶν
1804 1707 1859 1742 γὰρ
1878 1707 1909 1733 τὸ

1115 1752 1296 1786 γενησόμενον
1328 1750 1380 1786 ήδη
1405 1752 1519 1786 γεγονὸς
1547 1751 1662 1787 εὓρηται
1689 1752 1811 1784 πάντως.
1841 1751 1909 1780 Εἷτά

1116 1805 1200 1833 φησιν
1211 1806 1216 1812 ·

1039 1855 1122 1890 §Xll.

307 1915 387 1944 Vsus.
405 1915 448 1942 Η.
464 1913 526 1941 Non
540 1918 585 1941 est
598 1912 725 1940 memoria
738 1912 845 1948 primis,
857 1916 881 1939 et
892 1911 999 1947 quidem
1013 1920 1062 1938 no-

270 1963 396 1995 vissimis,
416 1969 474 1988 cum
492 1961 565 1995 facta
583 1960 694 1995 fuerint,
721 1967 773 1986 non
788 1960 839 1986 erit
853 1959 919 1993 ipsi:
937 1959 1063 1986 memoria

268 2017 328 2037 cum
345 2010 392 2041 eis,
408 2009 454 2043 qui
470 2007 554 2042 futuri
570 2011 632 2034 sunt
647 2007 674 2033 in
690 2006 832 2032 novissimo
850 2005 918 2041 (55).

305 2055 456 2083 Circularis
471 2053 602 2088 temporis
627 2059 727 2080 cursus
747 2052 775 2079 in
802 2051 893 2079 medio
915 2051 956 2078 sui
978 2051 1062 2086 ipsius

270 2101 361 2128 omnia
375 2101 559 2135 complectens
581 2106 614 2126 ac
634 2098 876 2130 circumscribens,
896 2097 976 2132 quasi
1001 2101 1062 2124 rota

269 2147 393 2183 quaedam
419 2150 550 2182 perpetuo
573 2149 633 2172 acta
663 2148 749 2176 motu,
778 2144 819 2171 sic
834 2151 893 2176 eos,
914 2144 961 2178 qui
982 2144 1065 2171 modo

270 2194 352 2222 utiles
369 2198 396 2222 et
410 2193 489 2225 clari,
506 2192 608 2228 quique
625 2191 734 2219 molesti
763 2195 844 2226 atque
863 2191 972 2226 inglotii
991 2196 1064 2223 sunt,

270 2240 439 2272 manifestat,
465 2243 494 2266 ut
507 2246 568 2274 qua:
585 2238 705 2273 primum
729 2237 915 2272 contigerunt,
933 2237 1065 2264 oblivioni

269 2289 333 2316 det:
351 2287 394 2314 vel
418 2285 491 2321 quod
520 2286 640 2312 humana
666 2291 743 2311 mens
768 2283 969 2318 praeteritorum
993 2282 1064 2310 facta

1152 1915 1213 1941 οὐκ
1226 1915 1292 1942 ἔστι
1305 1914 1410 1949 μνήμη
1421 1915 1486 1948 τοῖς
1493 1914 1632 1949 πρώτοις,
1642 1915 1693 1941 καί
1705 1923 1738 1950 γε
1748 1913 1810 1947 τοῖς
1819 1914 1909 1948 ἐσχά-

1114 1968 1177 1992 τοις
1196 1961 1371 1994 γενομένοις
1390 1961 1446 1988 οὐκ
1469 1960 1554 1986 ἕσται
1578 1960 1680 1993 αὐτοῖς
1703 1959 1809 1994 μνήμη
1832 1961 1909 1994 μετὰ

1113 2006 1172 2032 τῶν
1184 2007 1396 2041 γενησομένων
1410 2008 1453 2039 εὶς
1468 2006 1526 2040 τὴν
1542 2006 1689 2040 ἐσχάτην.

1150 2053 1287 2084 Κυκλικὸς
1301 2053 1403 2088 δρόμος
1418 2052 1466 2078 τοῦ
1480 2052 1577 2088 χρόνου
1595 2052 1678 2088 μέσον
1696 2052 1793 2079 ἑαυτοῦ
1817 2052 1908 2079 πάντα

1114 2098 1307 2133 διαλαμϐάνων
1322 2099 1371 2125 καὶ
1386 2098 1579 2133 περιγράφων,
1592 2097 1648 2124 οἷον
1660 2106 1702 2129 τις
1712 2098 1809 2133 τροχὸς
1820 2098 1909 2125 ἄπαυ-

1117 2153 1180 2170 στον
1205 2145 1275 2179 ἔχων
1297 2145 1347 2180 τὴν
1373 2145 1481 2180 κίνησιν
1503 2145 1532 2170 ὲν
1558 2145 1592 2179 τῇ
1615 2143 1768 2179 φανερώσει
1785 2144 1841 2170 τῶν
1861 2143 1908 2170 νῦν

1116 2190 1243 2227 χρηστῷν
1268 2190 1316 2216 καὶ
1340 2189 1465 2222 ἐνδόξων,
1491 2190 1508 2225 ἢ
1530 2190 1663 2224 λυπηρῶν
1690 2191 1736 2216 καὶ
1753 2189 1856 2221 ἀδόξων
1875 2191 1924 2225 τῇ.

1116 2236 1185 2271 λήθῃ
1201 2237 1233 2262 τὰ
1247 2236 1343 2271 πρώην
1359 2234 1558 2270 παρέπεμψεν
1574 2235 1590 2269 ἦ
1607 2235 1646 2266 ὡς
1663 2235 1796 2269 μηδαμῶς
1815 2235 1908 2268 ἀξιούα

1117 2290 1166 2316 οης
1181 2282 1231 2317 τῆς
1245 2282 1420 2316 ἀνθρωπίνης
1435 2281 1556 2312 διανοίας
1576 2282 1606 2306 ἐν
1620 2283 1677 2312 τοῖς
1695 2281 1780 2313 ἀξίοις
1797 2282 1909 2316 μνήμης

269 2339 399 2369 tanquam
419 2339 502 2368 prava
517 2336 545 2359 et
563 2330 646 2362 mala,
662 2329 737 2357 inter
751 2336 796 2362 ea,
814 2337 876 2364 qua:
891 2336 1063 2356 commemo-

1115 2329 1218 2355 τιθέναι
1235 2328 1289 2355 τῶν
1307 2328 1512 2364 παρῳχηκότων
1527 2327 1579 2363 τὴν
1597 2327 1698 2363 πρᾶξιν
1711 2328 1749 2359 ὡς
1766 2328 1909 2363 μοχθηρὰν

270 2380 376 2408 ratione
387 2379 469 2413 digna
485 2381 567 2409 sunt,
577 2383 721 2404 recensere
736 2383 768 2403 ac
783 2383 885 2410 ponere
900 2375 968 2402 nolit
981 2384 988 2409 ;
1004 2375 1062 2403 sive

269 2426 342 2461 quod
370 2431 441 2459 aegre
467 2430 575 2455 eorum,
602 2429 664 2456 qua:
690 2420 868 2451 transierunt,
900 2421 1060 2447 memoriam

270 2471 431 2499 consociare
448 2477 510 2497 cum
527 2467 707 2503 praesentibus
724 2467 818 2502 possit.
833 2465 936 2493 Verum
955 2473 1009 2493 non
1025 2467 1062 2494 ita

270 2517 403 2545 memoria
422 2522 518 2544 eorum
544 2514 743 2544 intermoritur,
761 2512 808 2547 qui
835 2512 964 2539 virtutem
987 2511 1063 2539 omni

270 2564 361 2592 studio
379 2561 498 2597 amplexi
519 2560 558 2587 sic
579 2560 612 2587 ad
627 2566 765 2586 summum
786 2558 899 2592 iustitiae
926 2558 1065 2592 fastigium

271 2616 430 2644 pervenere,
451 2612 482 2635 ut
506 2607 605 2634 idonea
628 2605 692 2632 vita:
710 2605 876 2631 documenta
891 2608 919 2631 et
933 2604 1066 2631 salutaria

270 2662 372 2686 sanctae
397 2654 581 2683 institutionis
596 2652 721 2687 exempla
750 2650 902 2685 posteritati
928 2650 1067 2684 relinque-

271 2708 341 2731 rent.
370 2702 426 2730 Soli
442 2701 515 2729 enim
543 2700 669 2728 laborum
687 2705 800 2726 suorum
819 2697 930 2725 uberem
945 2696 1064 2724 fructum

271 2754 416 2785 ceperunt,
433 2749 533 2776 bonam
561 2747 666 2775 scilicet
681 2745 842 2773 memoriam
862 2754 868 2772 :
884 2744 1064 2778 quemadmo-

272 2797 337 2824 dum
355 2796 489 2831 scriptum
516 2799 580 2822 est:
615 2802 624 2818 ι
646 2792 777 2820 Memoria
803 2791 870 2827 justi
887 2798 950 2818 cum
976 2790 1065 2817 laudi-

309 2863 366 2898 (52)
381 2862 450 2890 Osce
460 2871 522 2893 χιιι,
535 2862 561 2893 4,
575 2869 635 2897 qum
650 2867 739 2898 tamen
750 2861 853 2898 desunt
862 2860 888 2886 in
900 2860 943 2898 ed.
957 2859 1064 2898 Corupl.

379 2898 451 2926 LXX
467 2895 603 2925 habent;
622 2898 678 2923 Οὐκ
695 2897 770 2923 ἔσται
785 2896 873 2922 αὐτῶν
886 2895 991 2930 μνήμη.
1007 2895 1065 2922 Cuc-

1116 2375 1164 2401 καὶ
1178 2375 1302 2410 φαύλην·
1327 2375 1342 2410 ἤ
1359 2375 1397 2406 ὡς
1412 2375 1462 2401 οὐκ
1477 2375 1680 2410 ἐφικνουμένης
1699 2375 1770 2409 μετά
1792 2375 1846 2401 τῶν
1867 2377 1908 2400 ἐνι

1116 2420 1243 2447 εστώτων
1273 2420 1536 2456 συμπαρακατὲχειν
1563 2420 1610 2446 καὶ
1639 2419 1689 2454 τὴν
1715 2420 1828 2455 μνήμην
1856 2421 1909 2446 τῶν

1117 2466 1354 2502 παρεληλυθότων.
1376 2467 1449 2501 Πλὴν
1465 2467 1514 2500 τῆς
1530 2466 1642 2501 μνήμης
1664 2467 1719 2492 τῶν
1741 2466 1791 2501 τὴν
1808 2467 1910 2502 ἀρετὴν

1116 2511 1214 2543 όλικῶς
1234 2511 1424 2547 ἁσκησάντων,
1450 2513 1497 2538 καὶ
1520 2512 1588 2547 πρὸς
1611 2512 1641 2538 τὸ
1662 2513 1713 2547 τῆς
1733 2512 1908 2546 δικαιοσύνης

1115 2559 1200 2593 ἀκρον
1212 2559 1389 2594 ἀφικομένων
1400 2567 1405 2573 ”
1417 2560 1464 2585 καὶ
1479 2560 1689 2594 προγράμματα
1703 2559 1846 2594 πρακτικὰ
1862 2561 1909 2585 καὶ

1115 2605 1329 2640 παραδείγματα
1355 2605 1503 2640 ψυχωφελῆ
1527 2605 1574 2631 καὶ
1599 2607 1721 2640 σωτήρια
1746 2605 1802 2636 τοῖς
1823 2613 1907 2639 μετα-

1114 2652 1286 2688 γενεστέροις
1314 2652 1530 2679 καταλιπόντων.
1561 2649 1642 2678 Οὗτοι
1676 2652 1730 2686 γὰρ
1758 2652 1835 2686 μόνοι
1864 2652 1910 2678 καὶ

1118 2699 1279 2734 περίσσειαν
1293 2699 1372 2734 ἔσχον
1383 2700 1411 2725 ὲν
1427 2699 1509 2725 παντὶ
1523 2699 1616 2734 μόχθῳ
1628 2698 1728 2731 αὐτῶν,
1742 2698 1791 2734 τὴν
1804 2698 1908 2732 ἀγαθὴν

1117 2745 1218 2780 δηλαδὴ
1247 2746 1374 2780 μνήμην·
1399 2744 1489 2776 καθὼς,
1516 2745 1688 2779 γέγραπταιθ
1714 2753 1724 2769 ι
1742 2745 1846 2779 Μνήμη
1869 2744 1909 2770 δι-

1119 2791 1196 2818 καίου
1214 2792 1272 2826 μετ’
1285 2791 1436 2826 ὲγκωμίου·
1453 2800 1462 2816 ι
1480 2791 1527 2817 καὶ
1539 2790 1631 2820 πάλιν.
1650 2800 1658 2816 ι
1677 2791 1722 2821 Et;
1737 2790 1910 2824 μνημόσυνον

1119 2864 1208 2895 terum
1226 2864 1253 2886 ct
1268 2859 1451 2895 Hieronymus
1467 2859 1558 2890 αὐτοῖς
1570 2859 1669 2895 alicubi
1683 2858 1780 2895 legisse
1791 2858 1906 2890 videtur,

1119 2899 1149 2922 ut
1166 2894 1290 2923 Nobilius
1305 2894 1453 2922 adnotavit.
1470 2894 1626 2930 Ulympiod.
1642 2894 1682 2925 είς
1696 2896 1730 2919 τα
1743 2894 1856 2927 ἔσχατα.
