2055 3153
133 180 187 213 ’185

688 181 729 211 IN
746 179 1038 211 ECCLESIASTEN.
1056 192 1086 196 —
1106 178 1180 208 LIB.
1196 178 1220 208 Ιο

1690 212 1692 217 π
1721 175 1774 207 786

132 237 242 263 αἰώνιον
257 235 333 262 ἔσται
349 235 468 267 δίκαιος⁵
487 245 495 261 ι
517 235 541 262 ο¹ί
562 236 609 262 καὶ
623 235 707 266 ζῶσιν
723 235 763 266 εις
779 234 825 261 τὸν
839 234 926 260 αἰῶνα

979 235 1030 260 bus
1049 232 1116 267 (54),
1137 242 1146 258 ι
1163 237 1191 259 et
1215 239 1325 259 rursum
1347 239 1354 259 :
1373 243 1381 257 ι
1399 232 1426 259 ln
1448 231 1579 259 memoria
1598 235 1699 258 aeterna
1724 232 1776 258 erit

132 282 204 308 κατὰ
219 281 250 308 τὸ
267 281 475 316 γεγραμμένον,
490 291 499 307 ι
513 281 617 308 Δίκαιοι
632 281 671 312 είς
686 281 732 307 τὸν
748 280 835 307 αἰῶνα
847 279 926 312 ζῶσι,

130 328 180 354 καὶ
202 327 232 354 ἐν
254 326 343 362 καιρῷ
366 328 441 354 ἐστιν
464 328 478 353 ὁ
501 327 597 361 μισθὸς
623 326 722 358 αὐτῶν,
739 335 748 352 ι
773 325 823 355 τὰς
840 325 927 360 ὑπερ-

130 374 276 409 ουρανίους
297 374 345 400 καὶ
370 373 447 405 θείας
468 373 647 408 ἀνταμείψεις
672 372 768 407 μισθὸν
788 370 821 398 ἐ’κ
847 379 927 406 μετα-

132 420 220 455 φορᾶς
240 419 295 446 τῶν
315 421 344 446 ἐν
368 420 522 455 ἀνθρώποις
538 419 734 455 ἐργαζομένων
752 418 928 454 ὀνομασάσης

130 469 180 504 τῆς
193 468 271 501 Θείας
285 468 408 505 Γραφῆς.
423 467 492 496 Εἶτά
508 477 591 504 φησιν
606 469 619 495 ὁ
633 465 853 502 Ἐκκλησιαστής
863 473 871 480 ·

982 277 1114 312 justus";
1129 287 1137 304 ι
1152 277 1198 312 qui
1215 277 1297 305 etiam
1326 278 1352 304 in
1368 280 1500 305 saeculum
1521 277 1627 310 vivunt,
1646 281 1675 304 ut
1691 277 1777 304 tradi-

979 329 1036 350 tum
1053 323 1169 360 legimus
1186 333 1191 350 :
1214 324 1304 351 «Justi
1318 325 1344 350 in
1360 325 1491 351 saeculum
1509 324 1613 356 vivunt,
1626 328 1654 351 et
1666 324 1692 350 in
1707 328 1776 350 tem-

978 377 1044 405 pore
1057 375 1099 397 est
1112 377 1217 397 merces
1229 369 1444 405 ipsm'um(55):r
1457 370 1549 397 divina
1565 371 1666 405 quippe
1680 370 1776 397 cmlcs-

978 417 1046 443 tium
1061 418 1175 452 praemia
1193 417 1279 444 sacris
1297 417 1322 443 in
1340 416 1450 443 Litteris
1469 423 1574 444 meroes
1592 416 1772 450 appellantur,

979 463 1139 497 metaphora
1162 462 1197 489 ab
1217 462 1309 496 operis
1337 466 1457 496 sumpta.
1480 469 1542 496 quae
1561 461 1632 496 apud
1651 461 1776 489 homines

976 513 1181 535 exercerentur.
1202 508 1284 535 Addit
1301 508 1399 536 deinde
1424 507 1603 535 Ecclesiastes
1620 516 1626 534 :

897 561 911 597 ς
929 561 1000 590 xm.

173 629 337 664 Ἐγενόμην
352 628 504 662 βασιλεὺς
522 627 558 654 ἐν
574 627 695 663 Ἰσραὴλ
715 626 765 654 ἐπὶ
781 625 928 659 Ἰερουσα-

131 673 207 708 λὴμ,
228 674 277 700 καὶ
292 673 390 701 ἔδωκα
407 673 465 707 τὴν
481 673 610 708 καρδίαν
623 682 684 708 μου
698 672 751 700 τοῦ
766 670 928 705 ἑκζητῆσαι

132 720 180 746 καὶ
201 719 254 746 τοῦ
277 720 529 754 κατασκέψασθαι
543 720 578 746 ἐν
592 718 630 753 τῇ
651 719 744 753 σοφίᾳ
767 718 833 752 περὶ
853 718 927 744 πάν-

133 774 192 792 των
205 765 265 792 τῶν
280 766 447 800 γινομένων
461 766 521 793 ὑπὸ
538 766 593 793 τὸν
607 766 748 800 οὐρανόν.

175 812 378 847 ’Λπολαμῆἀνει
410 813 458 839 καὶ
485 813 582 845 πάλιν,
613 813 661 840 καὶ
686 812 849 848 προστίθησι
878 813 928 845 τὰς

132 858 293 893 ὀνομασίας,
309 856 353 890 αῖς
371 860 509 894 ἐχρήσατο
525 859 572 886 καὶ
588 860 738 894 καταρχὰς,
754 860 801 886 καί
818 868 900 894 φησιν
914 861 928 886 ὁ

139 905 356 940 Ἐκκλησιαατής
367 913 374 920 ⁶
388 915 396 930 ι
409 906 559 941 Ἐγενόμην
573 906 701 941 βασιλεὺς
714 907 743 932 ἐν
761 907 868 942 Ἰσραὴλ
881 907 927 933 ἐπὶ

139 951 344 986 Ἰερουσαλήμ.)
361 952 433 987 Πρὸς
449 952 478 978 ὃν
493 954 551 988 ἐρεῖ
563 961 605 984 τις
618 953 669 979 οὐκ
683 953 855 984 ἁπεικὸτως’
872 954 927 980 Καὶ

131 998 173 1027 τίς
190 1007 219 1025 σε
235 999 405 1034 κατέστησεν
424 999 660 1035 Ἐκκλησιαστὴν;
679 1000 720 1026 ὅτι
739 1001 787 1035 μὲν
803 999 858 1035 γὰρ
876 1000 926 1032 βα-

132 1044 226 1076 σιλεὺς
246 1045 291 1071 ἐπὶ
311 1045 420 1081 Ἰσραὴλ
443 1046 472 1071 ἐν
493 1045 674 1080 Ἰερουσαλὴμ
697 1046 832 1080 γέγονας,
847 1046 927 1072 τοῦτο

130 1093 188 1122 τοῖς
215 1092 282 1118 πᾶσι
310 1091 467 1126 καταφανές
479 1100 486 1107 ’
513 1092 614 1127 κλῆρον
632 1092 686 1128 γὰρ
702 1092 829 1127 πατρῷον
846 1093 926 1127 ἔσχες

131 1137 181 1172 τὴν
197 1138 226 1164 ἐν
247 1138 429 1174 Ἰερουσαλὴμ
449 1138 606 1174 βασιλείαν·
626 1139 676 1166 οὐκ
697 1139 738 1166 ἔτι
760 1139 788 1166 δὲ
810 1139 857 1165 καὶ
874 1148 926 1166 πα-

129 1185 222 1219 τρῴαν
236 1185 423 1219 κληρονομίαν
447 1185 563 1219 εἴληφας
583 1185 613 1212 τὸ
634 1175 852 1220 ἱΕιικληιι-ιαστὴς
872 1186 924 1212 ὑπ-

130 1229 238 1265 άρχειν.
257 1231 319 1262 Πῶς
335 1229 383 1257 οὖν
401 1231 548 1266 ὠνόμασας
570 1231 667 1258 ἐαυτὸν
689 1232 922 1267 Ἐκκλησιαστήν;

136 1278 435 1313 ’Δλλ’ὰποκριθήσεται
445 1278 545 1305 θᾶττον
559 1279 617 1305 ἀντ’
633 1278 717 1305 αὑτοῦ
732 1279 782 1313 τῆς
795 1279 924 1313 ἀληθείας

127 1323 142 1350 ὸ
153 1321 244 1357 λόγος,
257 1325 303 1349 καὶ
313 1324 438 1359 φήσειεν,
449 1324 514 1358 ὼςή
529 1323 590 1350 θεία
605 1324 700 1358 Σοφία,
711 1324 775 1360 παρ’
787 1322 821 1360 ἧς
834 1325 924 1351 ἐκεκί-

129 1376 196 1404 νητο
211 1369 424 1405 καθυπογράψαι
441 1369 488 1396 καὶ
500 1369 672 1405 διορίσασθαι
685 1369 740 1396 τῶν
755 1370 863 1404 φαύλως
877 1371 924 1396 καὶ

131 1415 280 1450 μοχθηρῶς
304 1409 544 1450 πεπολιτευμένων
567 1416 720 1451 ἀνθρώπων
733 1416 783 1448 τὰς
809 1416 924 1451 ματαιό-

127 1469 214 1496 τητας
231 1462 278 1487 καὶ
294 1461 528 1497 πονηροπραξίας,
551 1463 598 1489 καὶ
618 1463 712 1497 μέντοι
730 1462 780 1495 τὴν
805 1462 922 1489 διακονί-

1018 624 1073 660 30
1085 624 1167 653 Vens.
1180 625 1222 652 12.
1233 625 1287 653 Fui
1302 626 1383 653 rexin
1395 625 1482 653 Israel
1492 633 1570 660 super
1577 625 1738 657 Jerusalem,
1752 633 1775 652 et

982 668 1043 696 dedi
1059 678 1104 696 cor
1117 679 1203 698 meum
1216 671 1251 698 ad
1268 672 1454 706 inquirendum
1473 675 1496 698 el
1510 671 1731 698 considerandum
1748 673 1775 698 in

982 716 1112 750 rapientia
1127 718 1159 744 de
1173 717 1303 751 omnibus,
1323 726 1382 753 quae
1396 717 1463 753 ﬁunt
1479 717 1526 744 sub
1542 717 1605 745 mla
1622 717 1689 753 (56).

945 830 965 857 Β
1017 815 1141 844 Resumit
1166 816 1258 844 denuo
1276 816 1371 848 etiam.
1401 816 1508 851 sibique
1525 818 1638 851 apponit
1656 819 1776 852 appella-

980 862 1077 893 tiones,
1090 862 1190 896 quibus
1200 866 1227 889 et
1239 862 1316 889 initio
1331 869 1396 889 usus
1405 865 1458 894 est,
1470 862 1563 897 aitque
1575 862 1754 891 Ecclesiastes
1767 874 1774 891 :

981 917 990 933 ι
1009 907 1059 935 Fui
1077 915 1122 935 rex
1150 908 1176 935 in
1202 908 1286 936 Israel
1311 915 1394 942 super
1415 907 1578 936 Jerusalem.
1598 917 1607 934 ι
1624 908 1674 936 Cui
1702 910 1775 937 haud

979 955 1070 989 inepte
1084 953 1146 989 q‘uis
1163 954 1263 982 dixerit
1281 953 1403 990 :Ecquis
1422 959 1448 982 te
1468 954 1650 982 Ecclesiasten
1672 957 1776 983 consti-

980 1000 1133 1027 tuit?nam
1152 1005 1178 1028 te
1207 1000 1316 1035 quidem
1343 1008 1435 1036 regem
1466 1001 1547 1028 lsrael
1567 1001 1593 1028 in
1621 1000 1774 1029 Jerusalem

978 1046 1075 1079 fuisse,
1094 1051 1188 1074 notum
1203 1047 1228 1075 id
1243 1047 1386 1077 omnibus;
1412 1051 1555 1081 paternum
1576 1047 1648 1074 enim
1663 1047 1775 1075 Jerusa-

978 1093 1029 1120 lem
1045 1101 1159 1127 regnum
1180 1093 1227 1120 tibi
1244 1093 1404 1121 haereditate
1423 1093 1536 1121 obvenit
1552 1103 1558 1121 :
1580 1098 1607 1120 at
1621 1101 1674 1121 non
1691 1095 1773 1122 etiam

975 1143 1091 1173 paterno
1103 1139 1148 1166 tibi
1160 1139 1221 1174 jure
1234 1139 1328 1166 datum
1341 1143 1394 1173 est,
1407 1144 1436 1167 nt
1447 1139 1626 1167 Ecclesiastes
1640 1140 1772 1168 dicerere.

976 1184 1028 1218 Qui
1046 1192 1111 1220 ergo
1127 1185 1173 1212 tibi
1186 1192 1287 1213 nomen
1303 1185 1475 1213 Ecclesiasten
1488 1186 1666 1220 imposuisti?
1679 1194 1772 1213 verum

975 1230 1062 1266 ipsius
1080 1231 1140 1258 loco
1156 1231 1299 1259 oraculum
1317 1233 1441 1259 veritatis
1454 1232 1592 1267 extemplo
1609 1240 1772 1266 responsum

974 1274 1060 1307 dabit,
1082 1283 1114 1302 ac
1128 1275 1254 1302 dixerit:
1275 1275 1400 1304 Divinam
1416 1276 1597 1311 Sapientiam,
1621 1277 1701 1312 cujus
1729 1278 1774 1304 ille

975 1320 1095 1355 impulsu
1118 1321 1338 1349 facinorosorum
1358 1323 1500 1349 hominum
1521 1323 1658 1350 vanitates
1674 1329 1701 1350 et
1722 1323 1773 1350 im-

974 1368 1060 1402 proba
1072 1368 1143 1395 facta
1158 1369 1314 1397 describere
1329 1377 1360 1396 ac
1373 1369 1486 1396 delinire
1498 1377 1644 1404 aggressus
1658 1374 1709 1401 est.
1723 1378 1772 1397 nec

973 1414 1067 1442 minus
1093 1420 1256 1450 perpetuum
1279 1420 1362 1451 atque
1392 1416 1565 1444 immutabile
1590 1424 1683 1444 rerum
1712 1424 1773 1444 om-

974 1461 1061 1493 nium,
1078 1469 1139 1497 quae
1154 1467 1219 1490 sunt
1244 1470 1360 1498 quaeque
1383 1458 1530 1495 visuntur,‘
1550 1463 1719 1498 obsequium
1739 1471 1773 1491 ac

127 1505 230 1538 ζουσαν
249 1496 390 1543 ὑποταγὴν
406 1496 596 1542 ἀπαραίτητον
617 1496 664 1534 καὶ
679 1508 790 1542 θητείαν
805 1509 921 1535 ἑκάστου

978 1507 1159 1541 famulatum;
1185 1513 1268 1543 atque
1296 1509 1379 1541 idem,
1398 1513 1534 1544 quotquot
1550 1509 1710 1536 universum
1729 1517 1774 1536 or-

127 1554 182 1580 τῶν
208 1553 293 1579 ὅντων
319 1554 367 1580 καὶ
393 1554 581 1589 φαινομένων⁶
601 1554 648 1580 καὶ
670 1554 733 1586 τοὺς
758 1554 811 1581 ἀνὰ
833 1555 924 1581 πᾶσαν

127 1600 180 1634 τὴν
197 1599 250 1625 ὑπὸ
264 1599 310 1625 τὸν
325 1600 441 1634 οὐρανὸν
453 1600 626 1636 συναγείρειν
639 1599 706 1635 πρὸς
720 1600 769 1635 τὴν
784 1599 840 1626 τῶν
852 1600 925 1626 ίδίων

129 1644 264 1679 ῥημάτων
280 1645 424 1680 ἀκρόασιν,
440 1645 487 1671 καὶ
502 1645 549 1671 τοῦ
570 1644 787 1680 Ἐκκλησιαστοῦ
803 1644 853 1680 τὴν
865 1645 925 1671 dvo-

131 1691 237 1725 μασίαν
255 1691 329 1726 αὖτῷ
345 1692 493 1727 παρέσχεν,
510 1692 549 1724 ὡς
563 1692 671 1727 ἀξίωμα
688 1692 782 1719 καινὸν
801 1693 847 1718 καὶ
869 1693 927 1727 μεῖ-

131 1736 178 1768 ζον
193 1737 243 1771 τῆς
258 1737 406 1771 βατιλείας.
428 1737 554 1769 Βασιλεῖς
571 1737 620 1772 μὲν
634 1737 690 1773 γὰρ
711 1738 758 1764 καὶ
773 1738 826 1773 πρὸ
843 1737 926 1764 αὐτοῦ

130 1782 226 1808 πολλοὶ
245 1783 450 1817 διεγνώσθησαν
468 1784 520 1811 ἀνὰ
546 1783 636 1810 πάντα
653 1784 686 1811 τὰ
705 1784 787 1819 ἔθνη,
809 1783 870 1819 μεθ’
889 1781 927 1810 ὧν

132 1828 184 1855 κάν
196 1829 237 1864 τῷ
261 1829 371 1866 Ἰσραὴλ
385 1830 432 1856 ἐπὶ
454 1829 644 1866 Ἰερουσαλήμ.
666 1830 884 1867 Ἐκκλησιαστὴς
898 1825 927 1858 δέ

130 1875 220 1907 οὺδεὶς
234 1875 388 1911 ἐγνωρίσθη
403 1875 433 1902 τδ
451 1875 574 1909 σύνολον,
591 1875 653 1902 οὺδέ
670 1876 721 1910 τῆς
738 1876 782 1910 ὑφ’
797 1876 874 1911 ἥλιον
888 1877 927 1902 δι-

130 1921 276 1952 δασκαλος.
301 1922 405 1948 Οὐκοῦν
441 1922 496 1957 ἄρα
518 1922 561 1949 διὰ
585 1922 637 1957 τῆς
661 1923 822 1957 καινοτέρας
849 1922 927 1955 ἀξίας

133 1967 180 1993 καὶ
198 1967 388 2002 προσηγορίας
412 1966 630 2002 ἀξιολογωτέραν
655 1966 702 1993 καὶ
723 1967 926 2002 πιστικωτέραν

131 2011 210 2047 ᾠήθη
240 2012 340 2047 δράσαι
369 2013 426 2045 τοῖς
456 2012 659 2047 ἐντευξομένοις
690 2012 741 2048 τὴν
776 2012 845 2039 ίδίαν
871 2013 927 2039 είσ-

133 2058 244 2092 ήγησιν.
621 2063 626 2067 ”

175 2104 245 2130 Ἀλλ’
271 2105 424 2132 ἀνακόπτει
440 2105 523 2132 πάλιν
544 2104 671 2132 ἐντεῦθεν
695 2105 789 2141 ἕτερος
815 2106 928 2142 ἀπορῶν

133 2149 229 2185 λόγος,
246 2151 294 2178 καὶ
312 2151 441 2185 φάσκωνη
456 2151 512 2179 Καὶ
535 2152 568 2189 εἰ,
579 2153 673 2179 καινὸν
693 2152 774 2184 αὐτὸς
792 2152 878 2187 δνομα
896 2153 927 2179 τὸ

139 2196 358 2232 Ἐκκλησιαστὴς
373 2197 479 2232 εἴληφε,
492 2197 552 2229 πῶς
567 2206 649 2232 φησιν
666 2198 742 2225 οὐδὲν
757 2198 926 2233 πρόσφατον,

132 2240 208 2268 οὐδὲν
223 2241 316 2268 καινὸν
330 2242 383 2268 ὑπὸ
391 2242 437 2269 τὸν
447 2242 541 2277 ἦλιον;
561 2243 638 2277 Ἔχει
651 2242 679 2269 δὲ
691 2244 771 2270 τοῦτο
792 2244 927 2279 σύντομον

134 2288 247 2314 αὐτόθεν
257 2289 308 2323 τὴν
318 2288 395 2315 λύσιν
406 2297 412 2304 ·
427 2289 457 2315 οὐ
472 2289 526 2324 γὰρ
538 2290 603 2324 περὶ
619 2290 822 2325 προαιρετικῶν
843 2299 927 2318 σπου-

135 2333 283 2369 δασμάτων
307 2335 323 2369 ἦ
345 2335 493 2370 γνωμικῶν
519 2337 736 2371 προτερημάτων
757 2336 788 2363 τὸ
817 2346 826 2363 ι
840 2339 927 2373 πρόσ-

137 2387 220 2413 φατον
237 2389 246 2405 ι
272 2379 288 2414 ἢ
304 2379 333 2406 τὸ
351 2390 361 2406 ‹
384 2381 478 2407 καινὸν
493 2390 503 2407 ι
525 2381 628 2415 ἔφασκε
646 2381 760 2417 πρώην·
777 2383 847 2410 ἀλλὰ
864 2384 928 2419 περὶ

136 2425 190 2452 τῶν
206 2425 332 2459 φυσικῶν
345 2428 481 2461 κινήσεων
496 2428 542 2454 καὶ
551 2428 817 2464 παρακολουθήσεων
831 2430 886 2456 τῶν
898 2432 928 2457 ὲν

136 2471 193 2502 τοῖς
205 2470 266 2497 οὖσι
283 2471 491 2506 θεωρουμένων,
505 2472 535 2498 ἐν
548 2469 589 2504 οἷς
603 2473 653 2500 οὐκ
671 2473 744 2500 ἐστιν
760 2475 850 2509 εὑρεῖν
868 2476 929 2503 ἐπί-

136 2525 214 2543 τασιν
231 2516 248 2551 ἧ
272 2517 443 2552 προσθήκην,
468 2518 484 2554 ἢ
510 2518 624 2553 μείωσιν
647 2519 694 2546 καὶ
719 2520 874 2555 ἀφαίρεσιν.
896 2522 929 2548 Τί

136 2559 184 2589 οὗν
201 2571 302 2598 φησιν;
323 2572 333 2589 ι
352 2563 461 2589 Ἔδωκα
475 2563 525 2598 τὴν
546 2563 661 2598 καρδίαν
676 2571 727 2598 μου
744 2564 791 2590 τοῦ
809 2565 929 2601 ἐκζητῆ-

139 2615 182 2634 σαι
207 2608 256 2634 καὶ
279 2608 326 2635 τοῦ
347 2609 591 2643 κατασκέψασθαι’
613 2619 623 2635 ι
645 2609 767 2645 δηλονότι
797 2612 930 2646 σχολάσαι

139 2654 206 2689 πρός
222 2662 284 2681 τινα
304 2655 399 2690 καιρὸν
413 2655 482 2690 πρὸς
494 2655 613 2690 θεωρίαν
627 2655 680 2682 τῶν
696 2656 781 2684 ὄντων
792 2666 798 2673 ·
815 2659 861 2684 καὶ
879 2667 930 2686 κα-

172 2708 194 2724 ¹¹¹
208 2708 283 2737 Psal.
298 2716 341 2736 cxr
356 2729 363 2741 ,
383 2711 410 2737 7.

173 2766 230 2808 (ὄρ)
249 2766 371 2808 Prov.‘x,
391 2767 423 2802 ’ῖς
436 2767 488 2808 sed
503 2767 573 2802 apud
589 2766 660 2794 LXX
676 2768 809 2802 invenies,
827 2771 929 2808 Μνήμη

139 2802 250 2828 δικαίων
263 2802 321 2835 μετ’
335 2802 491 2836 ἐγκωμίων.

175 2837 230 2871 (55)
248 2836 315 2872 Sap.
343 2845 369 2868 ν,
396 2837 439 2863 16.
462 2836 559 2864 Verum
587 2837 658 2865 LXX
675 2839 798 2867 habent:
821 2841 875 2868 Καὶ
899 2843 927 2869 ἐν

140 2872 233 2907 Κυρίῳ
248 2872 262 2898 ὁ
282 2872 376 2906 μισθὸς
396 2872 497 2903 αὐτῶν,
523 2874 753 2906 quemadmodum
779 2876 805 2902 in
822 2876 927 2905 Latinis

139 2912 180 2935 Cal,
195 2916 201 2933 :
216 2907 251 2935 Et
262 2907 493 2942 apud‘Dominunt
510 2913 548 2935 est
567 2916 663 2936 merces
685 2918 785 2943 eorm",
806 2916 832 2939 ct
847 2918 875 2940 ut
889 2914 927 2940 iu-

976 1554 1067 1581 dinem
1099 1560 1234 1583 terrarum
1267 1556 1403 1589 incolunt,
1429 1563 1526 1583 omnes
1555 1555 1587 1582 ad
1617 1562 1772 1583 sermonem

977 1600 1037 1635 ejus
1053 1601 1220 1628 audiendum
1237 1609 1390 1629 convocare
1405 1611 1412 1629 :
1429 1609 1501 1633 eam,
1519 1601 1643 1636 inquam,
1664 1602 1774 1636 sapien-

979 1646 1044 1673 tiam
1059 1654 1157 1674 nomen
1173 1647 1237 1675 huic
1252 1647 1362 1675 dedisse
1378 1647 1561 1679 Ecclesiastes,
1576 1654 1674 1674 novam
1689 1646 1772 1674 veluti

977 1692 1150 1728 dignitatem,
1167 1698 1250 1728 atque
1265 1701 1350 1729 regno
1366 1694 1514 1728 potiorem.
1532 1692 1598 1721 Nam
1615 1700 1693 1728 reges
1713 1693 1774 1728 qui-

978 1738 1039 1766 dem
1056 1739 1098 1766 vel
1116 1743 1180 1766 ante
1193 1739 1281 1774 ipsum
1300 1739 1380 1766 multi
1404 1747 1453 1774 per
1471 1746 1567 1766 omnes
1585 1739 1710 1766 nationes
1729 1738 1773 1765 in-

978 1785 1148 1818 claruerunt,
1175 1792 1244 1820 quos
1268 1785 1340 1812 inter
1354 1789 1382 1812 et
1398 1785 1443 1819 qui
1461 1792 1509 1812 rex
1527 1784 1610 1812 lsrael
1630 1791 1712 1819 super
1727 1783 1773 1810 .le-

978 1831 1109 1857 rusalem.
1125 1831 1159 1857 At
1175 1838 1265 1865 neque
1281 1829 1464 1860 Ecclesiastes
1483 1830 1630 1865 quisquam
1647 1829 1771 1859 omnino.

979 1882 1067 1909 neque
1081 1874 1155 1902 orbis
1170 1879 1305 1902 terrarum
1322 1874 1452 1909 magister
1464 1882 1581 1908 usquam
1596 1873 1706 1902 auditus
1719 1878 1771 1901 est.

979 1920 1071 1954 Quare
1087 1921 1172 1948 ascita
1190 1928 1268 1947 novre
1291 1920 1433 1955 dignitatis
1450 1920 1633 1955 appellatione
1647 1919 1774 1947 luculen-

979 1972 1034 1994 tam
1061 1967 1148 2000 magis
1171 1967 1371 1994 institutionem
1390 1974 1482 1997 suam.
1499 1967 1642 2002 magisque
1658 1966 1692 1994 ad
1711 1973 1773 2001 prr-

979 2012 1150 2040 suadendum
1164 2011 1290 2039 idoneam
1306 2011 1363 2039 lore
1379 2012 1554 2040 existimavit.

1014 2100 1149 2128 Cancrum
1178 2099 1244 2136 alia~
1261 2100 1325 2128 hine
1348 2108 1460 2128 rursum
1477 2100 1622 2128 dubitandi
1649 2100 1774 2127 exoritur

980 2153 1077 2176 causa,
1102 2145 1281 2180 rogandique.
1300 2152 1363 2172 cum
1382 2153 1483 2172 novum
1511 2145 1692 2173 Ecclesiastes
1716 2146 1774 2180 ipse

981 2199 1079 2220 nomen
1096 2191 1216 2224 duxerit,
1229 2199 1348 2226 quonam
1367 2196 1446 2226 pacto
1462 2191 1614 2222 allirmarit.
1630 2192 1696 2219 nihil
1713 2199 1775 2219 esse

982 2245 1088 2270 recens,
1105 2238 1174 2264 nihil
1198 2237 1249 2265 sub
1274 2237 1331 2265 sole
1351 2238 1474 2264 norum?
1501 2243 1529 2264 at
1547 2239 1598 2264 hoc
1616 2237 1724 2264 brevem
1741 2246 1774 2264 ex

980 2285 1076 2312 eodem
1100 2284 1161 2311 loco
1177 2278 1341 2311 solutionem
1358 2283 1449 2310 habet.
1465 2283 1559 2318 Neque
1574 2284 1646 2311 enim
1669 2284 1712 2310 ille
1729 2291 1775 2310 su-

980 2331 1073 2366 perius
1088 2331 1121 2358 de
1133 2329 1296 2357 voluntariis
1310 2329 1410 2357 studiis
1423 2335 1470 2357 aut
1485 2330 1518 2357 de
1533 2330 1634 2357 mentis
1645 2338 1773 2365 progres-

981 2377 1057 2405 sibus
1073 2385 1162 2404 recens
1180 2382 1206 2403 et
1220 2384 1314 2403 novum
1334 2376 1493 2411 usurpavit;
1513 2376 1559 2403 sed
1581 2376 1614 2403 ad
1636 2377 1774 2403 naturales

982 2425 1039 2451 haec
1054 2423 1147 2451 retulit
1162 2427 1254 2450 motus
1268 2427 1295 2449 et
1309 2423 1501 2450 successiones
1524 2430 1631 2455 eorum,
1648 2431 1709 2457 qua:
1724 2430 1773 2450 ex-

981 2473 1054 2498 stant
1069 2475 1151 2504 atque
1172 2473 1331 2504 spectantur
1347 2477 1354 2495 :
1373 2468 1400 2495 in
1415 2468 1516 2503 quibus
1535 2476 1585 2496 nec
1612 2469 1774 2496 incrementi

981 2515 1129 2550 quidquam
1153 2518 1200 2542 aut
1220 2513 1397 2547 decrementi,
1418 2521 1469 2541 nec
1490 2514 1562 2548 quod
1581 2513 1703 2541 additum
1729 2519 1776 2541 aut

981 2562 1103 2589 ablatum
1122 2561 1168 2594 sit,
1182 2560 1308 2590 invenire
1329 2560 1380 2596 31
1400 2560 1489 2587 liceat.
1512 2559 1571 2587 Jam
1597 2561 1662 2596 quid
1683 2559 1777 2588 addit?

985 2618 994 2634 ι
1013 2607 1078 2635 Dedi
1099 2615 1148 2634 cor
1164 2615 1255 2634 meum
1277 2606 1311 2634 ad
1333 2606 1527 2642 inquirendum
1550 2611 1577 2634 et
1599 2606 1776 2634 considerati:

981 2655 1065 2687 dum;
1084 2664 1093 2680 ι
1110 2654 1136 2682 id
1153 2658 1194 2682 est
1209 2661 1302 2681 rerum
1318 2653 1545 2688 contemplationi
1563 2653 1720 2688 aliquandiu
1734 2655 1776 2681 iu~

945 2168 966 2196 D

983 2769 1024 2796 l‘ra
1043 2769 1127 2796 habes
1140 2769 1187 2796 lib.
1208 2769 1267 2804 n,§
1288 2769 1315 2804 7.

1019 2804 1076 2837 (56)
1099 2804 1152 2832 Sed
1173 2805 1243 2839 apud
1258 2803 1346 2835 LXX.
1368 2804 1475 2831 initium
1499 2804 1559 2838 ejus
1577 2804 1683 2831 articuli
1708 2808 1750 2830 est
1768 2813 1773 2830 :

987 2839 1285 2875 ἘγὼἘκκλησιαστὴς
1296 2839 1430 2874 ἐγενόμην
1438 2839 1565 2874 βασιλεὺς
1575 2840 1620 2865 ἐπὶ
1629 2839 1736 2874 Ἰσραὴλ

983 2875 1175 2918 ξίερουσαλήμ.
1197 2875 1304 2910 ()lymp.
1329 2875 1460 2906 Βασιλεὺς
1476 2875 1586 2911 Ἰσραὴλ
1595 2876 1623 2902 ἐν
1641 2875 1774 2910 Ἱεροκα-

983 2918 1014 2944 Λη
1020 2918 1050 2944 μ.
