2055 3153
235 144 289 177 823

808 146 837 177 S.
852 148 1042 179 GBEGOIUI
1069 149 1324 179 AGRIGENTl-‘(l

1826 147 1879 180 824

236 200 364 232 atl'ectns,
381 199 408 226 in
427 200 531 234 peccati
549 200 665 236 caligine
681 202 800 230 insanit?
819 204 966 230 Enimvero
987 212 1030 231 εον

1087 205 1234 240 ἀμαρτίαςς
1249 206 1318 237 Τοὺς
1330 195 1474 237 ’τοιούτους
1486 205 1533 232 οὖν
1547 203 1697 240 λογισμοὺς
1717 203 1765 230 καὶ
1781 204 1878 237 λόγους

237 247 315 280 piens
335 246 532 278 Ecclesiastes,
559 255 615 281 quo
640 249 777 276 maturius
803 250 1028 278 ratiocinationes

236 301 330 320 eorum
359 300 560 328 sermonesque
592 295 731 323 inhiberet
761 301 843 331 atque
872 297 1027 328 relelleret.

236 346 318 372 quos,
338 344 369 366 ut
392 339 451 374 ipse
469 339 497 366 itt
513 345 601 367 semet
617 341 765 375 expressit,
788 342 851 368 talia
868 343 1030 376 opinatnros

238 385 358 418 videbat,
375 385 457 412 verba
484 386 529 412 illa
555 392 745 421 usurpantes:
768 396 776 412 ι
796 387 830 414 Ει
852 387 908 414 dixi
932 395 983 422 ego
1001 388 1028 414 in

237 429 319 457 corde
333 437 410 457 meo:
424 429 503 458 Sicut
514 435 629 458 eventus
641 431 717 458 stulti
734 431 771 458 ita
783 435 810 458 et
822 431 888 458 mihi
904 432 1028 459 eveniet:

236 480 264 502 et
283 480 313 503 ut
337 475 402 510 quid
429 477 539 511 sapiens
566 476 655 504 factus
681 484 742 504 sum
762 485 812 511 ego
827 477 838 503 ?
854 486 863 502 ι
895 476 977 504 simul
1001 481 1031 504 υι

237 527 331 556 aperte
348 522 517 555 ostenderet,
537 530 567 550 se
593 527 689 549 contra
707 522 749 549 l'as
772 530 805 550 ae
823 528 926 550 temere
950 523 1030 550 locu-

238 571 308 601 tum,
326 567 429 602 a‘djecit
446 568 574 602 protinus
590 576 596 593 :
614 577 623 594 ι
641 567 719 595 Tunc
734 569 906 596 abundanter
922 569 1031 596 locutus

239 621 301 641 sum
321 622 372 648 ego
396 614 423 641 in
439 614 522 641 corde
538 622 609 641 meo.
630 624 638 639 ι
658 613 746 647 Tunc,
771 615 880 649 inquit;
905 615 1031 650 quando-

239 659 323 687 nam?
334 659 374 686 Eo
387 667 486 694 nempe
503 664 636 694 tempore,
650 667 705 694 quo
724 660 792 687 tales
807 660 834 687 in
849 661 1031 694 cogitationes

239 705 362 739 devenit,
381 705 504 734 interiori
529 713 658 733 sermone
679 706 827 741 superﬂua,
843 714 923 738 vana.
947 715 962 734 a
984 715 1032 735 ve-

240 753 324 780 ritate
339 753 429 780 aliena
453 760 546 780 secum
571 753 629 788 ipse
646 753 794 781 meditatus
811 758 893 789 atque
910 753 1030 781 locutus.

240 796 274 824 Et
289 805 344 832 quo
364 797 524 833 hujusmodi
546 798 730 833 cogitationes
750 799 890 834 insignius
912 804 1028 830 notaret,

240 843 358 878 subjecit
373 843 465 871 statim
482 852 488 869 :
508 853 517 868 ι
538 843 672 877 Quoniam
690 844 792 872 stultus
811 852 843 872 ex
862 845 1031 872 abundantia

240 888 379 922 loquitur;
400 892 428 915 et.
445 889 498 916 hoc
513 888 578 915 item
595 888 704 916 vanitas
720 888 788 924 (84).
807 898 816 914 ι

275 933 304 961 Si
322 941 388 969 ergo
403 935 517 962 stultum
533 942 595 963 esse
611 935 784 970 pronuntiat,
799 935 846 970 qui
859 934 924 962 talia
940 935 1031 962 animo

239 979 342 1013 volvat,
360 984 388 1007 et
407 980 556 1008 vanitatem
575 985 654 1008 vocat
675 980 730 1016 56
754 980 930 1008 tetnerarium
949 981 1031 1008 istutn

239 1027 421 1062 cogitatorum
449 1035 541 1056 rerum
567 1032 685 1060 motum,
717 1027 804 1062 liquet
830 1027 898 1062 jam,
916 1035 949 1055 co
975 1028 1034 1055 hzec

240 1073 334 1101 animo
350 1073 385 1101 ab
400 1081 433 1101 eo
457 1074 576 1109 prolata,
594 1078 623 1101 ut
638 1074 763 1109 vulgares
787 1074 849 1101 illas
871 1078 897 1101 et
921 1074 1032 1101 insanas

241 1118 437 1154 plerarumque
460 1120 602 1147 hominum
623 1119 817 1146 altercationes
835 1122 1032 1153 compesceret.

242 1163 498 1199 lnterpretationem
529 1173 594 1193 vero
626 1169 748 1193 nostram
781 1165 816 1192 iis
843 1165 942 1197 etiam,
975 1172 1035 1199 qum

242 1211 367 1247 proxime
381 1217 544 1248 sequuntur,
561 1211 718 1243 conlirmat,
735 1218 798 1238 cum
816 1209 907 1238 dicat:

1082 252 1306 288 προαναστέλλων
1321 253 1367 278 καὶ
1379 250 1629 287 προανασκευάζων
1639 251 1652 277 ό
1663 251 1746 286 σοφὸς
1762 249 1878 284 Ἐκκλη-

1082 298 1196 334 atate-ri];
1224 299 1254 330 ἐξ
1279 298 1362 324 αὑτοῦ
1387 297 1534 333 προσώπου
1555 297 1608 324 τῶν
1627 296 1662 323 τὰ
1681 295 1795 322 τοιαῦτα
1813 296 1879 330 pe).-

1081 343 1180 369 λόντων
1198 342 1402 378 ὑπολαμϐάνειν
1426 343 1474 369 καὶ
1492 342 1582 376 λέγειν
1598 350 1605 357 ⁸
1625 351 1634 368 t
1658 341 1712 368 Καὶ
1726 338 1804 367 εἷπον
1822 339 1877 374 ἐγὼ

1081 390 1109 415 ὲν
1123 388 1221 424 καρδίᾳ
1246 397 1309 424 μου,
1332 389 1376 420 Ὡς
1391 388 1552 423 συνάντημα
1567 387 1613 414 τοῦ
1637 387 1766 421 ἄφρονος,
1783 387 1830 413 καί
1844 395 1878 420 γε

1082 435 1144 469 ἐμοὶ
1171 435 1386 470 συναντήσεται·
1407 433 1455 460 καὶ
1470 434 1515 460 ἵνα
1531 433 1557 459 τί
1579 432 1752 467 ὲσοφισάμην
1775 432 1845 466 syth;
1865 442 1874 458 ι

1082 480 1129 507 καὶ
1150 479 1257 510 δεικνὺς
1277 479 1412 514 ἐναργῶς,
1432 479 1469 510 ὡς
1483 479 1586 509 ἀδίκως
1599 478 1651 513 ἐφη
1666 477 1746 504 τοῦτο
1763 477 1810 504 καὶ
1824 486 1878 504 πα-

1084 525 1217 561 ραλόγως,
1230 525 1340 560 ἀμέσως
1357 526 1492 560 ἐπήγαγε·
1507 533 1516 550 ι
1528 524 1595 550 Τότε
1612 524 1743 559 περισσὸν
1759 523 1878 558 ἐλάλησα

1082 569 1138 604 ἐγὼ
1154 571 1183 597 ἐν
1203 570 1302 605 καρδίᾳ
1321 578 1384 604 μου.
1405 579 1414 596 ι
1431 569 1509 602 Τότε,
1523 569 1604 601 πότε;
1618 568 1745 604 Δηλονότι
1767 568 1827 593 καθ’
1848 568 1878 594 ὃν

1083 614 1179 650 καιρὸν
1190 615 1229 645 εἰς
1242 614 1291 646 τὰς
1303 613 1431 645 τοιαύτας
1443 611 1509 649 ἦλθε
1523 613 1726 648 διενθυμὴσεις,
1736 612 1775 647 τῷ
1788 612 1878 638 ἐνδια-

1083 661 1153 696 θέτῳ
1174 660 1246 695 λόγῳ
1272 660 1306 686 τὰ
1336 659 1453 695 περιττὰ
1477 659 1524 686 καὶ
1552 659 1665 694 μάταια,
1679 658 1727 685 καὶ
1741 657 1877 692 μηδεμίαν

1082 707 1213 742 ἀληθείας
1244 706 1340 742 ἔχοντα
1357 705 1472 741 δύναμιν
1496 704 1663 740 ἐνθυμηθεὶς
1683 703 1731 730 καὶ
1746 703 1876 738 λαλήσας.

1089 752 1340 787 Ἐκφαντικώτερον
1354 751 1382 778 δὲ
1394 751 1530 778 καθιστῶν
1542 750 1587 777 τδν
1598 750 1682 785 ψόγον
1690 749 1743 775 τῶν
1751 748 1880 775 τοιούτων

1084 799 1298 834 ἐνθυμημάτων,
1314 798 1426 832 ἀμέσως
1445 798 1588 832 ἐπήγαγε’
1610 805 1619 821 ι
1640 795 1713 822 Aio-rt
1729 794 1824 830 ἄφρων
1846 795 1878 821 ὲκ

1084 844 1302 881 περισσεύματος
1317 843 1393 870 λαλεῖ
1406 852 1412 859 ·
1427 843 1473 870 καί
1489 851 1520 878 γε
1533 841 1614 869 τοῦτο
1630 841 1791 877 ματαιότης.
1813 849 1822 865 ι

1119 935 1151 962 Εἰ
1167 934 1258 961 τοίνυν
1278 934 1384 970 ἄφρονα
1406 933 1452 960 τὸν
1478 931 1696 967 διενθυμηίὶέντα
1713 930 1748 957 τὰ
1765 929 1880 956 τοιαῦτα

1084 980 1296 1016 προσαγορεύει,
1320 979 1368 1006 καὶ
1391 979 1561 1014 ματαιότητα
1583 979 1663 1004 καλεῖ
1681 977 1729 1012 τὴν
1746 977 1799 1003 τῶν
1817 984 1881 1010 νοη-

1084 1027 1185 1053 θέντων
1200 1026 1357 1062 παράλογον
1372 1026 1489 1060 κίνησιν,
1503 1024 1647 1060 πρόδηλον,
1662 1023 1699 1055 ὡς
1713 1029 1879 1058 προαναςει-

1087 1072 1176 1108 ράζων
1196 1072 1249 1098 τῶν
1277 1071 1381 1098 πολλῶν
1403 1071 1450 1098 καὶ
1477 1070 1594 1106 χυδαίων
1617 1070 1664 1096 καὶ
1692 1067 1881 1104 παραπλήγων

1088 1117 1240 1152 ἀνθρώπων
1255 1117 1305 1148 τὰς
1322 1116 1498 1152 ἀντιρρήσεις
1514 1115 1601 1143 ταῦτα
1616 1115 1741 1148 προεῖπε.
1764 1112 1880 1139 Πιστοῦ-

1089 1172 1133 1190 ται
1157 1163 1186 1190 δὲ
1210 1163 1262 1189 κάν
1286 1163 1342 1194 τοῖς
1358 1163 1468 1198 ἀμέσως
1500 1161 1644 1195 ἑπομένοις
1667 1160 1716 1196 τὴν
1742 1158 1880 1194 ἡμετέραν

1090 1209 1204 1245 ἐκδοχὴν
1219 1209 1290 1236 οὕτω
1302 1209 1398 1243 φάσκω
1405 1217 1430 1237 ν.

1019 1267 1033 1302 §
1050 1266 1105 1294 vn.

278 1325 361 1352 Vens.
382 1325 425 1352 Ιϐ.
447 1325 517 1358 Quia
532 1334 584 1352 non
607 1330 645 1353 est
672 1325 799 1352 memoria
827 1325 955 1359 sapienti:
977 1333 1037 1351 cum

242 1369 324 1396 stulto
341 1370 368 1395 in
388 1373 526 1403 (talentum,
552 1378 581 1397 eo
610 1370 679 1405 quod
700 1370 779 1404 jam.
810 1370 900 1396 diebus
920 1377 1038 1403 superve-

244 1415 386 1450 nientibus,
409 1415 499 1442 omnia
520 1415 616 1443 oblivio
639 1417 764 1450 operuit:
780 1421 804 1442 et
828 1415 958 1451 quomodo
983 1424 1038 1443 mo-

245 1462 330 1487 rietur
344 1461 449 1496 sapiens
465 1469 524 1488 cum
543 1461 627 1488 stulto
643 1461 720 1496 (85)?

281 1507 344 1533 "me
359 1507 433 1534 enim
451 1507 479 1533 in
495 1506 589 1534 verbis
607 1506 743 1534 sententia
758 1506 826 1534 latet
840 1516 847 1534 :
865 1506 937 1533 Bene
951 1514 1036 1541 appo—
1050 1519 1071 1547 ρ

245 1552 354 1585 siteque
383 1550 439 1578 dixi
458 1559 465 1577 :
485 1559 495 1576 ι
515 1550 652 1584 Quoniam
681 1551 783 1578 stultus
810 1558 843 1578 ex
868 1551 1036 1578 abundantia

247 1595 380 1630 loquitur,
396 1595 490 1622 ethoc
505 1595 569 1630 item
587 1596 710 1628 vanitas;
733 1605 742 1622 ι
763 1601 866 1624 temere
886 1596 958 1623 enim
980 1591 1038 1623 oin-

246 1641 312 1668 nino
337 1645 419 1676 atque
445 1641 609 1679 insipienter
636 1642 663 1669 in
689 1641 825 1677 ejusmodi
856 1642 1037 1677 cogitationes

246 1685 314 1718 abit,
331 1685 417 1714 falsas
430 1691 456 1714 et
472 1686 618 1719 ahsurdas,
630 1691 661 1714 ut
677 1694 762 1714 unum
779 1687 962 1722 eumdemque
977 1695 1038 1715 esse

247 1737 353 1760 statuat
368 1732 500 1767 sapientis
516 1737 543 1760 et
559 1733 635 1760 stulti
652 1738 795 1762 eventum.
815 1733 955 1769 Sapientis
971 1742 1038 1762 sane

247 1778 381 1806 memoria
402 1786 465 1806 cum
485 1779 557 1814 apud
573 1779 693 1814 :equales
707 1779 769 1814 jure
783 1781 904 1815 quodam
929 1781 1038 1808 virttttis

247 1823 438 1859 bonorumque
464 1825 619 1852 studiorum
646 1825 755 1860 proprio
783 1825 952 1855 immortalis
977 1830 1036 1858 est,

247 1873 303 1896 tum
320 1877 384 1898 vero
403 1874 531 1898 aeternam
554 1871 627 1903 apud
649 1875 774 1905 posteros
798 1871 920 1898 nominla
953 1870 1059 1898 elari-'

247 1920 329 1943 tatem
347 1916 438 1944 habet.
454 1916 521 1943 Nam
538 1926 546 1940 ε
559 1916 690 1944 Memoria
705 1917 772 1951 justi
790 1924 853 1944 cum
868 1917 1007 1949 laudibus,
1026 1925 1036 1943 ι

248 1961 446 1996 sapientissimi
464 1961 570 1989 oraculi
588 1961 691 1989 dictum
707 1966 747 1989 est
764 1961 840 1998 (86);
872 1967 901 1989 ut
917 1962 983 1989 illud
1000 1962 1039 1989 al-

249 2012 337 2034 terum
356 2016 362 2034 :
381 2016 391 2032 ς
409 2005 481 2034 Justi
500 2007 527 2034 in
544 2012 680 2034 :eternnm
697 2008 803 2039 vivunt,
820 2012 847 2035 et
870 2008 896 2034 in
921 2007 1038 2035 Domino

247 2059 354 2079 merces
381 2059 476 2080 eorum
493 2052 534 2086 ³⁸ς
554 2062 563 2079 ι
590 2053 655 2080 item
683 2053 750 2080 illud
776 2063 782 2081 :
812 2063 821 2079 ε
852 2053 880 2080 In
905 2053 1038 2081 memoria

247 2102 348 2125 reterna
364 2098 417 2125 erit
428 2097 521 2133 jttstus
534 2098 572 2132 ³ος
591 2108 600 2124 ι
619 2098 710 2126 ethoc
727 2107 838 2134 quoque
855 2109 861 2127 :
879 2109 888 2125 ι
905 2100 998 2127 Gloria
1013 2105 1040 2128 et

247 2143 350 2170 ilititize
367 2144 395 2171 in
412 2145 495 2171 domo
520 2145 596 2179 ejus,
626 2150 652 2172 et
672 2145 779 2180 jnstitia
809 2146 869 2180 ejus
894 2151 987 2173 manet
1011 2147 1038 2173 in

248 2189 380 2217 smculum
398 2190 492 2218 saeculi
507 2191 545 2223 ³⁸;
568 2200 576 2215 ι
595 2191 660 2218 item
679 2192 731 2218 hoc
748 2200 756 2218 :
772 2201 781 2216 ‹
799 2192 944 2226 Dispersit,
964 2192 1039 2220 dedit

1124 1325 1188 1352 ’Ὁτι
1201 1325 1256 1352 οὐκ
1269 1325 1333 1352 ἔστι
1343 1325 1447 1360 μνήμη
1461 1324 1514 1352 τοῦ
1526 1323 1625 1358 σοφοῦ
1634 1322 1710 1358 μετὰ
1724 1321 1777 1349 τοῦ
1791 1321 1882 1356 ἄφρο-

1087 1380 1139 1405 νος
1154 1374 1197 1404 εὶς
1217 1373 1272 1398 τ‹¹·ν
1287 1371 1389 1402 αἰῶνα,
1405 1372 1507 1398 καθότι
1519 1371 1578 1405 ἤδη
1595 1370 1660 1402 ταῖς
1674 1369 1799 1403 ἡμέραις
1817 1367 1881 1399 ταῖς

1087 1418 1302 1452 ἐπερχομέναις
1312 1418 1347 1444 τὰ
1357 1417 1456 1445 πάντα
1468 1417 1625 1449 ἐπελήσθη
1637 1424 1644 1430 ·
1660 1415 1709 1442 καὶ
1724 1413 1791 1447 ’πῶς
1805 1413 1880 1440 ἀπο-

1087 1463 1220 1490 θανεῖται
1239 1464 1256 1490 ὁ
1270 1462 1367 1497 σορὸς
1378 1463 1454 1497 μετὰ
1470 1462 1524 1489 τοῦ
1543 1461 1690 1496 ἁρρονοςξ

1124 1510 1274 1543 Movet/auxi
1299 1510 1354 1544 γάρ
1374 1517 1458 1543 φησι·
1487 1508 1586 1539 Καλῶς
1613 1507 1661 1534 καὶ
1686 1506 1882 1542 προσηκόντως

1088 1552 1173 1581 εἷπον·
1188 1565 1197 1580 ε
1216 1555 1288 1581 Διότι
1304 1555 1398 1590 ἄφρων
1410 1556 1443 1581 ὲκ
1451 1554 1670 1590 περισσεύματος
1685 1553 1771 1583 λαλεῖ.
1783 1553 1823 1579 ὅτι
1835 1551 1882 1578 καί

1089 1610 1120 1635 γε
1134 1600 1213 1627 τοῦτο
1227 1601 1378 1635 ματαιότης
1390 1609 1396 1615 ·
1412 1610 1422 1626 ι
1438 1601 1476 1636 τῷ
1491 1600 1548 1626 ὄντι
1558 1600 1613 1635 γὰρ
1627 1599 1716 1634 μάτην
1730 1599 1778 1625 καὶ
1793 1607 1883 1633 παρα-

1089 1647 1194 1681 φρόνως
1211 1644 1276 1682 ἦλθε
1297 1646 1366 1681 πρὸς
1384 1646 1435 1677 τὰς
1449 1646 1579 1676 τοιαύτας
1597 1645 1762 1680 ἐνθυμήσεις
1774 1643 1883 1678 ψευδεῑς

1089 1692 1136 1718 καὶ
1150 1691 1325 1726 παραλόγους
1340 1690 1390 1722 τὰς
1405 1690 1549 1724 λεγούσας,
1559 1690 1597 1721 ὠς
1611 1689 1640 1715 ἓν
1661 1690 1719 1715 ἐπι
1731 1687 1780 1713 τοῦ
1798 1686 1882 1720 σοφοῦ

1088 1737 1119 1764 τὸ
1137 1738 1294 1772 συνάντημα
1313 1738 1361 1763 καὶ
1374 1737 1420 1762 τοῦ
1432 1737 1559 1771 ἄφρονος.
1573 1735 1628 1762 Καὶ
1641 1735 1694 1770 μὴν
1703 1734 1720 1769 ἡ
1735 1733 1783 1760 τοῦ
1797 1732 1881 1766 σοφοῦ

1091 1785 1185 1819 μνήμη
1208 1783 1253 1809 διὰ
1270 1783 1324 1809 τῶν
1340 1783 1558 1818 προτερημάτων
1577 1781 1626 1816 τῆς
1640 1780 1743 1816 ἀρετῆς
1758 1780 1805 1806 καὶ
1827 1778 1882 1804 τῶν

1090 1828 1199 1862 ἀγαθῶν
1216 1828 1443 1863 σπουδασμάτων,
1463 1827 1509 1853 ὲπί
1523 1835 1552 1852 τε
1569 1827 1625 1857 τοῖς
1636 1825 1678 1859 ἐφ’
1695 1825 1761 1860 ἡμῖν
1778 1823 1881 1850 ἀθανα-

1089 1875 1134 1905 τός
1161 1875 1237 1906 ἐστι,
1265 1873 1312 1900 καὶ
1345 1873 1550 1905 διαιωνίζουσαν
1581 1871 1640 1906 ἔχει
1665 1871 1716 1905 τὴν
1743 1869 1880 1896 ὠχλειαν.

1093 1928 1102 1944 ε
1131 1919 1235 1954 Μνήμη
1265 1919 1319 1954 γὰρ
1348 1918 1454 1945 δικαίου
1485 1918 1544 1953 μετ’
1583 1915 1747 1951 ὲγκωμίου,
1775 1924 1784 1940 ι
1814 1914 1882 1949 φησί

1089 1973 1141 1992 που
1155 1965 1186 1992 τὺ
1202 1965 1358 1999 σοφώτατον
1379 1965 1486 1998 λόγιον·
1507 1963 1555 1990 καὶ
1574 1963 1672 1990 πάλιν·
1696 1970 1705 1987 ι
1722 1962 1828 1988 Δίκαιοι
1843 1961 1884 1992 εἰς

1088 2011 1134 2038 τὸν
1146 2011 1232 2038 αἰῶνα
1243 2011 1322 2042 ζῶσι.
1338 2011 1386 2038 καὶ
1402 2011 1432 2037 ἐν
1447 2010 1541 2045 Κυρίῳ
1552 2010 1566 2035 ὁ
1578 2009 1674 2044 μισθὸς
1685 2007 1776 2034 αὐτῶν
1788 2015 1795 2022 ·
1810 2016 1819 2032 ι
1835 2007 1884 2037 καὶ

1088 2058 1173 2084 ⁸πάλιν
1190 2065 1196 2072 ’
1219 2066 1229 2083 ι
1250 2058 1298 2088 Εἰς
1318 2056 1491 2093 μνημόσυνον
1504 2055 1614 2082 αἰώνιον
1637 2054 1715 2080 ἔσται
1728 2053 1848 2084 δίκαιος·
1871 2062 1880 2078 ι

1090 2103 1137 2130 καὶ
1153 2103 1244 2136 πάλιν,
1263 2113 1272 2128 ι
1287 2103 1356 2136 Δόξα
1370 2103 1417 2130 καὶ
1431 2102 1546 2134 πλοῦτος
1562 2102 1591 2128 ἐν
1603 2101 1642 2136 τῷ
1654 2101 1722 2136 οἴκῳ
1733 2099 1828 2131 αὑτοῦ,
1838 2100 1884 2125 καὶ

1089 2150 1106 2184 ἡ
1122 2149 1281 2184 δικαιοσύνη
1288 2148 1372 2176 αὐτοῦ
1387 2148 1463 2184 μένει
1476 2149 1517 2179 εἰς
1525 2148 1572 2174 τὸν
1583 2147 1671 2174 αἰῶνα
1680 2147 1728 2173 τοῦ
1741 2146 1839 2177 αἰῶνος
1849 2154 1856 2160 ·
1871 2155 1881 2171 ι

1091 2193 1139 2220 καὶ
1150 2193 1241 2226 πάλιν,
1261 2203 1270 2219 ι
1301 2193 1480 2228 Ἐσκόρπισεν
1490 2212 1498 2224 ,
1518 2192 1602 2218 ἔδωκε
1614 2193 1671 2223 τοῖς
1683 2191 1810 2226 πένησιν,
1819 2190 1836 2225 ἡ
1845 2190 1885 2218 6t-

248 2236 429 2270 pauperibus,
447 2236 558 2272 justitia
578 2236 637 2272 ejus
654 2242 746 2265 manet
766 2238 792 2265 in
811 2239 942 2266 saeculum
956 2239 988 2266 ³⁷.
1009 2249 1018 2265 ι

1090 2240 1220 2276 καιοσύνη
1232 2239 1315 2267 αὑτοῦ
1332 2240 1410 2275 μένει
1424 2240 1464 2270 εἰς
1480 2238 1527 2265 τὸν
1546 2238 1643 2265 αἰῶνα.
1657 2247 1667 2264 ι

300 2342 323 2357 ³⁵
344 2343 410 2377 Sap.
430 2350 457 2375 ν,
481 2342 523 2370 16.
582 2342 604 2358 ³³
623 2341 695 2369 Psal.
718 2349 762 2369 cxi
778 2362 785 2373 .
804 2343 832 2372 'l.

283 2403 340 2438 (εδ)
356 2402 441 2438 Multa
455 2401 548 2429 multis
563 2401 590 2428 in
606 2400 675 2438 locis
693 2402 727 2428 ab
741 2401 1035 2438 Ecclesiasteprolcrri

247 2436 414 2474 ex'persona
428 2437 577 2474 hominum
598 2436 779 2474 perditorum,
794 2436 842 2474 qui
860 2437 928 2462 nihil
947 2437 980 2463 de
995 2437 1037 2464 fu-

249 2471 310 2500 tura
324 2473 379 2500 vita
400 2473 536 2503 laborant,
557 2471 681 2506 apposite
703 2471 851 2498 admodum
871 2476 899 2497 et
923 2479 1038 2505 magnus

248 2507 397 2543 Gregorius
412 2507 554 2543 adnotavit
567 2516 574 2534 ι
589 2506 763 2543 cujusvcrha
776 2507 1040 2543 semelascripsissc

249 2541 322 2571 haud
343 2542 440 2570 inutile
456 2542 538 2569 fuerit
556 2550 562 2569 :
583 2551 592 2568 ί
610 2541 659 2568 ilic
676 2542 760 2575 igitur
781 2541 849 2567 liber
863 2541 975 2573 idcirco,
997 2543 1039 2568 in-

249 2578 320 2613 quit,
332 2577 517 2606 Concionator
528 2578 637 2609 dicitur,
650 2577 715 2610 quia
730 2576 858 2603 Salomon
875 2577 901 2603 in
916 2585 949 2603 eo
962 2577 1039 2613 quasi

249 2612 443 2641 tumultuantis
462 2614 547 2639 turbae
562 2613 683 2646 suscepit
703 2619 829 2642 sensum,
844 2616 873 2638 ιιι
888 2619 918 2638 ea
934 2619 982 2646 pur
996 2612 1036 2638 in-

248 2648 427 2685 quisitionem
455 2647 761 2685 dicatpquaLl‘ortasse
787 2648 1036 2685 permutationem

248 2681 376 2720 iinperita
386 2691 469 2720 mens
485 2684 596 2710 sentiat.
613 2681 681 2709 Nam
706 2686 773 2720 qnot
791 2682 941 2720 sententias
960 2682 1038 2716 quasi

249 2717 299 2754 per
317 2719 522 2754 inquisitionem
541 2723 640 2754 movet,
657 2717 743 2754 quasi
755 2722 795 2744 tot
811 2718 839 2744 in
857 2725 885 2744 sc
907 2725 1038 2751 personas

249 2753 420 2782 diversorum
439 2754 563 2788 suscipit.
590 2753 642 2780 Sed
667 2753 847 2780 concionator
865 2759 947 2779 verax
966 2754 1039 2779 Velut

250 2794 363 2817 extensa
380 2797 461 2816 ntanu
476 2789 599 2816 omnium
618 2787 862 2818 llllllliilllS‘Sedal,
888 2794 989 2822 eosque
1003 2788 1037 2815 ad

251 2832 335 2852 unam
361 2824 523 2852 sententiam
544 2829 664 2854 revocat.
688 2831 750 2850 eum
777 2824 803 2850 in
830 2823 952 2857 ejusdem
975 2823 1036 2850 libri

250 2860 368 2888 termino
383 2859 422 2890 ait
436 2868 442 2888 :
458 2859 550 2890 Finem
567 2859 690 2898 luquemli
711 2867 799 2887 omnes
818 2858 920 2894 puriter
939 2858 1037 2885 audia-

897 2342 920 2357 “
940 2341 1004 2369 ibin.
1026 2343 1051 2370 3.

1110 2343 1130 2359 ’⁷
1151 2343 1218 2370 ibid.
1238 2343 1265 2370 9.

1092 2411 1149 2430 mus
1165 2411 1173 2430 :
1192 2402 1276 2429 Deum
1293 2403 1367 2435 time,
1383 2407 1407 2429 et
1422 2401 1550 2428 mandata
1569 2401 1627 2435 ejus
1644 2399 1763 2433 observa,
1781 2399 1830 2427 hoc
1845 2407 1884 2429 cat

1091 2439 1161 2465 enim
1177 2439 1261 2465 omnis
1277 2438 1364 2464 homo.
1383 2437 1412 2464 Si
1437 2437 1508 2464 enim
1534 2436 1561 2463 in
1581 2436 1650 2463 libro
1665 2435 1761 2462 eodem
1779 2442 1829 2469 per
1842 2435 1885 2462 lo-

1091 2474 1229 2500 cntionem
1245 2480 1324 2499 suam
1338 2473 1486 2500 multorum
1499 2478 1632 2506 personas
1645 2478 1698 2497 non
1714 2475 1884 2506 susceperat,

1091 2516 1141 2536 our
1163 2508 1198 2536 ad
1219 2507 1392 2548 audiendum“
1409 2505 1539 2548 loquendi
1563 2506 1758 2548 (inemnsccu'nli
1780 2505 1886 2548 pariter

1092 2551 1189 2583 omnes
1206 2543 1392 2583 admonebat}
1407 2540 1458 2576 Qui
1485 2541 1621 2583 igitur__in
1646 2540 1707 2583 line
1725 2541 1786 2583 libri
1806 2541 1884 2582 dicit.

1095 2578 1190 2606 Omnes
1206 2579 1308 2612 pariter
1327 2579 1482 2609 audianmo,
1499 2576 1558 2612 ipse
1572 2576 1621 2612 tibi
1645 2576 1724 2603 testis
1745 2579 1798 2608 est,
1820 2577 1885 2610 quia

1093 2615 1120 2641 in
1139 2622 1169 2642 se
1187 2611 1336 2641 multorum
1356 2620 1489 2648 persorras
1510 2611 1682 2648 'snscipiens,
1706 2611 1785 2646 quasi
1809 2612 1886 2639 solus

1092 2649 1200 2677 locutus
1217 2656 1270 2676 non
1291 2653 1342 2676 est.
1357 2647 1370 2674 3
1389 2648 1477 2681 (Dial.
1495 2648 1543 2674 lih.
1564 2655 1600 2675 tv.
1619 2654 1644 2673 ο.
1659 2647 1699 2679 4.)

1127 2685 1183 2719 (85)
1201 2684 1286 2719 Leges
1303 2683 1374 2718 apud
1391 2683 1475 2719 LXX.
1495 2683 1590 2709 καθότι
1607 2682 1657 2718 1ήδη
1677 2681 1706 2708 αι
1723 2681 1887 2717 ήμέραιὲρ-

1089 2718 1251 2755 χόμεναιῖτὰ
1263 2719 1353 2746 πάντα
1362 2718 1559 2755 indigena...

1126 2752 1182 2791 (86)
1200 2754 1333 2791 Prov._e._
1345 2763 1372 2786 χ,
1394 2763 1421 2781 n.
1443 2752 1656 2791 'I._Apud
1675 2753 1807 2791 scriptum
1830 2758 1883 2791 est2

1089 2787 1231 2818 ut'ad'lib.
1249 2798 1268 2823 ι,
1287 2789 1300 2825 §
1319 2789 1337 2817 6
1355 2789 1560 2822 annotavimus,
1575 2788 1678 2823 Μνήμη
1696 2788 1810 2816 δικαίων
1823 2787 1884 2823 μετ’

1089 2825 1246 2851 ἐγκωμίων.

1089 2826 1246 2861 ἐγκωμίων.
