2055 3153
173 143 224 176 Sil

706 146 748 178 IN
768 144 1058 180 ECCLESIASTEN.
1075 162 1108 168 —
1122 145 1195 180 LIB.
1215 147 1273 181 ῐΙΙ.

1754 154 1806 188 Si?

171 198 333 234 ἁξιωθῶμεν
347 198 377 225 ἐν
389 198 464 234 αὖτῷ
474 198 585 235 Χριστῷ
595 198 635 234 τῷ
643 198 739 234 Κυρίῳ
752 200 842 235 ἡμῶν,
857 196 879 234 ᾧ
894 201 910 234 ή
923 200 964 227 δό-

1017 209 1126 229 mamus
1140 211 1146 229 :
1163 210 1219 237 quo
1233 207 1261 230 et
1275 202 1410 231 caelorum
1431 208 1546 239 regnum
1562 212 1610 240 per
1623 206 1711 241 ipsum
1727 208 1808 236 Chri-

171 246 204 278 ξα
223 245 270 272 καὶ
293 244 323 271 τὸ
348 244 450 280 κράτος
472 245 521 272 σὺν
535 244 575 280 τῷ
590 245 793 280 παντοκράτορι
810 246 900 281 "arpi
917 247 964 273 καὶ

170 290 210 325 τῷ
226 290 354 325 παναγίῳ
368 291 415 317 καὶ
431 290 526 325 ἀγαθῷ
548 291 595 317 καὶ
610 289 736 326 ζωοποιῷ
755 291 895 326 Πνεύματι
917 291 964 319 νῦν

171 337 217 364 καὶ
230 337 274 364 ἀεὶ
290 338 336 364 καὶ
351 337 390 368 εἰς
405 337 470 369 τοὺς
487 336 588 369 αἰῶνας
603 336 658 364 τῶν
671 337 788 365 αἰώνων.
811 338 908 373 Ἀμήν.

1019 252 1092 275 stum
1118 247 1266 275 Dominum
1283 252 1406 276 nostrum
1430 249 1628 284 adipiscamur.
1651 252 1701 279 Cui
1721 254 1806 288 gtom

1017 298 1044 321 et
1070 293 1216 328 imperium
1244 301 1307 320 cum
1337 294 1418 321 Patre
1444 294 1633 330 omnipotente
1659 301 1686 324 et
1712 304 1809 324 saurtu

1019 337 1147 372 bonoque
1169 344 1204 364 ac
1217 337 1280 364 vitae
1301 342 1414 364 auctore
1439 337 1545 373 Spiritu
1561 347 1634 368 nunc
1652 345 1680 368 et
1700 349 1809 377 semper

1016 386 1043 408 et
1058 382 1085 408 in
1102 381 1202 408 saecula
1218 382 1393 409 saeculorum.
1411 383 1508 411 Amen.

788 566 973 610 ΛΟΓΟΣ
990 567 1201 609 ΤΡΙΤΟΣ.

737 741 911 788 unua
962 741 1243 811 TERTIUS.

967 863 1000 873 -ά

957 922 1011 958 ξι.

1293 895 1317 913 ιη
1341 891 1347 914 ἑ

210 978 276 1011 τοῖς
300 977 396 1005 πᾶσιν
417 979 434 1004 ὀ
460 977 582 1012 χρόνος,
601 976 650 1003 καὶ
676 977 778 1011 καιρὸς
808 976 848 1009 τῷ
877 978 964 1004 παντὶ

1053 976 1110 1012 es
1128 975 1191 1004 CAP.
1214 970 1264 1007 ΙΙΙ,
1282 969 1365 1003 Vnus.
1391 976 1415 1002 Ι.
1438 975 1566 1002 Omnibus
1585 980 1687 1010 ιευῳυε
1711 982 1759 1010 ρει,
1784 983 1808 1005 ct

173 1025 320 1059 πράγματι
334 1024 394 1052 ὑπὸ
407 1024 461 1051 τὸν
472 1024 612 1058 οὐρανόν.

208 1071 248 1098 Τὰ
262 1071 326 1106 περ)⁸
339 1070 389 1105 τῆς
404 1070 514 1104 φύσεως
527 1070 582 1096 τῶν
599 1071 683 1097 όντων
696 1071 732 1102 ὡς
744 1071 799 1098 ἀπὸ
817 1071 916 1106 μέρους
927 1071 964 1098 δι-

119 1123 122 1125 ’
172 1116 300 1150 σξελθὼν,
315 1114 371 1143 οἷον
389 1116 454 1151 περ)⁴
475 1116 526 1151 τῆς
549 1116 693 1152 ἀνθρώπου
712 1116 904 1152 παρελεύσεως
919 1118 967 1144 xai.

173 1163 311 1197 γνώσεως,
328 1162 391 1198 περὶ
404 1163 453 1196 τῆς
463 1162 669 1198 διαιωνιζούσης
679 1163 816 1198 ἑδραστῆς
825 1163 888 1199 γῆς,
902 1164 966 1198 περὶ

172 1210 221 1244 τῆς
231 1209 347 1244 ἡλιακῆς
357 1209 443 1242 φορᾶς
453 1208 498 1234 καὶ
510 1208 571 1244 κινή
577 1216 656 1240 σεως,
671 1209 735 1243 περὶ
747 1210 908 1244 χειμάρρων
920 1210 966 1236 καὶ

172 1253 303 1289 ποταμῶν
321 1254 368 1279 καὶ
385 1252 533 1288 θαλάσσης,
549 1253 596 1279 καὶ
611 1253 768 1288 διαγγείλας
790 1255 839 1290 τὴν
863 1255 965 1281 ὑποτα-

170 1299 224 1334 γὴν
237 1299 284 1325 καὶ
299 1298 412 1333 θητείαν
429 1298 484 1324 τῶν
504 1298 662 1332 κτισμάτων
682 1299 750 1333 πρὸς
764 1298 810 1326 τὸν
826 1299 892 1326 ἴδιον
907 1300 966 1326 κτί-

172 1353 238 1380 στην
249 1345 296 1371 καὶ
306 1344 421 1379 ποιητὴν
432 1345 628 1379 ἀπαραιτήτως
639 1345 837 1380 ἐνεργουμένην
849 1345 965 1374 πάντοτε

171 1391 218 1418 καὶ
232 1392 304 1418 κατὰ
321 1391 413 1425 φύσιν,
427 1391 474 1417 καὶ
495 1391 587 1426 μέντοι
604 1391 652 1417 καὶ
667 1392 737 1418 κατὰ
754 1393 872 1428 φυσικὴν
888 1393 967 1419 ἔναν-

169 1435 266 1462 τίωσιν
275 1442 282 1450 ’
297 1433 358 1461 εἶτα
368 1435 532 1470 διαλαλήσας
546 1435 675 1470 περὶτῶν
689 1437 966 1471 παρακολουθούντων

171 1482 219 1508 καὶ
244 1481 449 1516 συμϐαινόντων
470 1482 526 1512 τοῖς
546 1481 700 1516 φιληδόνοις
724 1482 890 1518 ἀνθρώποις,
918 1483 965 1510 καὶ

170 1527 375 1564 περισπασμῶν
394 1527 540 1562 μοχθηρῶν
555 1526 584 1560 ἐξ
599 1527 738 1560 ἀϐουλίας,
755 1529 803 1555 καὶ
825 1529 879 1555 τῶν
896 1538 966 1563 φαυ-

170 1574 292 1608 λοτήτων
303 1564 351 1600 καὶ
366 1573 577 1608 κακοπραγιῶν,
594 1573 659 1608 περὶ
670 1571 708 1600 ὧν
723 1574 769 1601 καὶ
782 1572 856 1606 εἶπε,
876 1583 887 1601 ‹
903 1576 965 1601 Μα-

168 1620 280 1654 ταιότης
302 1619 503 1654 ματαιοτήτων,
527 1619 561 1645 τὰ
585 1619 674 1646 πάντα
700 1620 868 1655 ματαιότης·
885 1630 894 1646 ι
918 1621 966 1648 καὶ

169 1666 325 1699 καταγνοὺς
341 1665 390 1692 καὶ
407 1664 663 1700 καταμεμψάμενος
683 1665 738 1691 τῶν
759 1666 788 1692 ἐν
808 1666 964 1702 εὐφροσύνῃ

168 1712 218 1738 καὶ
233 1711 331 1745 γέλωτι
346 1710 395 1746 ζῇν
409 1710 457 1746 τὴν
476 1710 544 1737 ίδίαν
555 1701 699 1745 *ἀφιέντων
714 1711 838 1747 καρδίαν,
854 1701 901 1739 καὶ
915 1712 963 1739 τοῦ

169 1757 414 1793 συναθροισθέντος
428 1756 522 1788 αὐτοῖς
533 1755 650 1783 πλούτου
664 1756 700 1783 τὰ
715 1757 773 1791 εἴδη
789 1758 836 1783 καὶ
848 1756 897 1789 τὰς
910 1758 964 1784 ὀνο-

171 1803 273 1838 μασίας
290 1803 386 1835 εἰπὼν;
399 1803 446 1829 καὶ
457 1802 636 1837 στηλιτεῦσας
653 1803 700 1829 καὶ
717 1802 905 1838 θριαμϐεύσας
917 1803 964 1830 καὶ

169 1849 258 1876 ταῦτα
287 1849 378 1876 πάντα
402 1849 573 1884 ματαιότητι).
594 1849 712 1880 καλέσας
737 1850 784 1875 καὶ
801 1849 964 1884 προαίρεσιν

169 1895 340 1929 πνεύματος,
361 1895 406 1921 καὶ
431 1894 475 1920 διὰ
496 1894 576 1920 τοῦτο
591 1893 692 1928 μᾶλλον
711 1893 842 1929 ὑπερθεὶς
856 1894 905 1930 τὴν
923 1903 965 1920 σο-

169 1941 235 1974 φίαν
251 1941 299 1976 τῆς
311 1939 470 1976 ἀφροσύνης
481 1940 530 1967 οὐκ
541 1941 715 1975 ἀσυγκρίτως
726 1938 809 1967 οὖσαν
820 1940 964 1975 κρείττονα

169 1988 217 2014 καὶ
233 1987 353 2014 νικῶσαν
366 1986 481 2022 ἔχουσαν
496 1987 586 2022 ψῆφον
599 1987 645 2013 ἐπὶ
656 1988 724 2014 πᾶσι
736 1988 793 2018 τοῖς
806 1987 964 2022 κρατίστοις

167 2033 270 2068 δηλαδὴ
299 2033 348 2059 καὶ
373 2033 533 2068 βελτίστοις,
553 2033 620 2067 ὅσην
639 2032 695 2068 ἔχει
715 2033 745 2060 τὸ
768 2033 826 2067 φῶς
846 2033 914 2068 πρὸς
933 2033 964 2059 τὸ

170 2078 287 2109 σκότος·
317 2078 465 2105 κάντεῦθεν
491 2078 540 2114 τὴν
565 2078 633 2105 ἰδίαν
657 2078 771 2112 καρδίαν
795 2078 964 2113 ἐπιστρέψας

169 2125 240 2160 πρὸς
269 2123 305 2151 τὰ
330 2124 438 2160 βελτίω,
465 2124 512 2151 καὶ
544 2125 642 2156 πείσας
671 2123 857 2157 ἀποτάξασθαι
882 2123 964 2150 παντὶ⁵

170 2171 302 2207 μοχθηρῷ
320 2171 413 2206 μόχθῳ
429 2171 476 2199 καὶ
491 2173 523 2206 τῇ
540 2171 617 2207 φιλίᾳ
633 2171 679 2197 τοῦ
697 2171 817 2206 κόσμου·
836 2170 883 2197 νῦν
905 2171 962 2197 δια-

167 2216 303 2251 λαμσάνει
327 2217 393 2251 περὶ
414 2217 460 2244 τοῦ
483 2217 580 2253 χρόνου
603 2216 651 2243 τοῦ
678 2216 766 2243 ταῦτα
784 2216 872 2243 πάντα
889 2224 964 2251 περι-

167 2263 278 2297 έχοντος
300 2263 348 2289 καὶ
371 2263 541 2298 συνέχοντος,
560 2263 607 2290 καί
630 2271 707 2297 φησι,
729 2272 738 2287 ι
758 2262 819 2294 Τοῖς
843 2264 925 2289 πᾶσιν
949 2263 963 2289 ὁ

167 2310 265 2345 χρόνος
286 2310 333 2336 καὶ
355 2304 452 2345 καιρὸς
473 2310 512 2346 τῷ
529 2311 611 2338 παντὶ
624 2311 768 2346 πράγματι
788 2310 840 2337 ὑπὸ
855 2310 900 2337 τὸν
918 2311 962 2336 οὑ-

168 2355 260 2389 ρανόν.
275 2366 284 2381 ι

209 2401 292 2428 Ἀλλᾶ
306 2402 351 2428 τὸν
375 2402 424 2436 μὲν
441 2402 536 2437 χρόνον
555 2402 592 2434 ὡς
611 2403 794 2436 γενικώτατον
819 2407 865 2431 καὶ
884 2413 960 2439 περι-

168 2446 353 2474 εχτικώτατον
369 2448 417 2474 καὶ
435 2447 490 2473 τῶν
512 2447 635 2481 φυσικῶν
654 2448 827 2483 πραγμάτων
842 2449 888 2475 καὶ
905 2450 960 2476 τῶν

168 2493 240 2520 κατὰ
254 2493 390 2528 σύμϐασιν
403 2493 616 2528 συμπιπτόντων
628 2501 634 2508 ·
650 2493 697 2520 καὶ
723 2494 815 2528 μέντοι
835 2495 882 2521 καὶ
905 2495 960 2522 τῶν

168 2539 283 2575 καιρῶν,
295 2537 335 2571 οἷς
347 2539 394 2566 καὶ
406 2540 445 2571 ὡς
457 2539 540 2566 εἴδεσι
554 2538 600 2566 τοῦ
615 2539 711 2575 χρόνον
728 2539 858 2575 δευτέραν
872 2540 958 2573 τάξιν,

169 2585 239 2611 κατὰ
253 2585 302 2620 τὴν
316 2584 392 2611 θέσιν
404 2584 458 2611 τῶν
470 2583 611 2619 ὀνομάτων
622 2584 765 2619 ἀπένειμε,
784 2584 822 2619 τῷ
839 2584 911 2619 λόγῳ
923 2584 962 2610 διο

170 2630 261 2657 έλαῦε.
278 2630 312 2656 Et
323 2639 349 2656 τι
363 2630 413 2666 μὲν
429 2630 483 2665 γὰρ
497 2629 604 2665 καιρὸς,
618 2629 697 2656 τοῦτο
711 2630 758 2656 καὶ
779 2629 874 2665 χρόνος
887 2637 892 2643 ·
910 2628 964 2655 ὦσ-

169 2685 233 2711 πιρ-
246 2676 274 2702 ετ
293 2666 320 2702 τι
343 2676 392 2711 μὲν
407 2675 561 2712 ἄνθρωπος,
591 2676 671 2702 τοῦτο
694 2677 742 2703 καὶ
763 2675 832 2708 ζῶον
844 2684 851 2692 ·
874 2675 924 2701 οὐκ
940 2675 967 2702 ετ

168 2730 195 2749 τι
218 2721 247 2748 δὲ
275 2721 383 2757 χρόνος,
406 2721 487 2748 τοῦτο
510 2721 558 2748 καὶ
580 2722 692 2757 καιρός*
711 2721 806 2756 ὥσπερ
821 2721 877 2747 οὐδ’
896 2721 923 2747 εῐ
937 2729 964 2747 τι

170 2768 249 2801 ζῶον,
272 2768 352 2795 τοῦτο
373 2768 418 2795 καὶ
435 2768 590 2804 ἄνθρωπος.
606 2768 709 2804 Χρόνος
726 2768 775 2804 μὲν
792 2767 845 2803 γάρ
860 2768 918 2794 ian
935 2766 965 2793 τὸ

206 2856 244 2889 (ι)
259 2855 366 2891 Olymp.
382 2855 435 2882 ὑπὸ
453 2856 499 2882 τὸν
513 2855 598 2891 ἥλιον.

333 2903 468 2932 ΡΑτηοιγ.
493 2903 551 2932 Gn.
565 2902 698 2932 XCVI”.

1019 1022 1207 1056 tempestivitas
1223 1022 1294 1048 omni
1309 1022 1345 1048 rei
1361 1021 1407 1048 sub
1423 1022 1487 1048 creto
1500 1022 1548 1057 (4).

1053 1068 1204 1102 Postquam
1228 1068 1262 1094 de
1291 1075 1383 1094 rerum
1409 1073 1506 1095 natura
1535 1068 1614 1103 quasi
1644 1077 1694 1104 per
1717 1077 1808 1104 partes

1017 1113 1161 1146 disseruit,
1184 1114 1314 1141 nimirum
1337 1113 1371 1141 de
1392 1113 1512 1141 hominis
1528 1115 1644 1142 transitu
1665 1120 1694 1142 et
1713 1118 1807 1152 cogni-

1019 1159 1102 1191 tione.
1121 1159 1154 1186 de
1174 1163 1306 1193 perpetua
1328 1164 1407 1187 terra:
1423 1159 1583 1192 stabilitate.
1596 1160 1629 1188 de
1643 1163 1725 1189 solari
1743 1171 1808 1197 gym
1851 1187 1854 1189 .

1017 1209 1100 1240 atque
1127 1210 1214 1237 motu,
1240 1205 1275 1232 de
1296 1205 1466 1233 torrentibus
1489 1210 1517 1233 et
1541 1205 1634 1235 ﬂuviis
1656 1212 1685 1235 et
1711 1210 1780 1237 mari
1801 1218 1807 1236 :

1018 1255 1076 1278 tum
1096 1258 1187 1278 rerum
1203 1251 1380 1279 conditarum
1401 1251 1565 1287 obsequium
1588 1253 1654 1280 illud
1675 1258 1701 1280 et
1719 1254 1808 1282 lamu-

1018 1297 1104 1324 latum
1121 1297 1286 1331 enuntiavit,
1307 1305 1388 1332 quem
1411 1298 1518 1326 auctori
1542 1306 1575 1326 ac
1595 1300 1731 1327 conditori
1756 1310 1809 1328 suo

1017 1343 1242 1372 constantissime
1268 1348 1295 1371 ct
1318 1345 1351 1372 ad
1386 1349 1491 1371 natura:
1517 1345 1627 1372 modum
1657 1351 1684 1373 et
1711 1353 1809 1381 praetor

1018 1389 1105 1424 ipsam
1120 1397 1232 1424 quoque
1247 1394 1374 1417 naturam
1391 1397 1500 1425 semper
1514 1391 1645 1419 exhibent
1659 1401 1665 1418 :
1685 1399 1717 1420 ac
1731 1399 1808 1427 post--

1017 1443 1100 1471 quam
1114 1436 1197 1463 verba
1212 1435 1246 1462 de
1263 1435 1297 1463 iis
1315 1435 1391 1467 fecit.
1413 1443 1475 1470 qua:
1496 1436 1667 1471 voluptarios
1683 1438 1808 1466 hominrs

1017 1482 1188 1509 comitantur
1212 1489 1245 1509 ac
1269 1486 1495 1516 consequuntur.
1522 1482 1612 1517 deque
1636 1484 1768 1518 improbis
1781 1493 1809 1512 rt

1018 1532 1122 1556 temere
1137 1529 1273 1563 susceptis
1289 1527 1517 1556 contentionibus
1535 1536 1566 1556 ac
1584 1529 1727 1564 flagitiosis
1745 1539 1808 1566 pra-

1016 1575 1114 1609 visque
1127 1574 1218 1606 ractis,
1236 1575 1270 1602 de
1278 1574 1379 1609 quibus
1397 1574 1479 1602 etiam
1495 1575 1563 1602 dixit
1579 1582 1586 1601 :
1604 1584 1613 1600 ι
1633 1572 1746 1603 Vauitas
1762 1585 1808 1603 vn-

1017 1620 1134 1648 uitatum
1151 1625 1179 1648 et
1194 1620 1287 1647 omnia
1304 1620 1428 1653 vanitas;
1447 1629 1457 1646 ι
1475 1628 1507 1647 ac
1520 1620 1618 1648 deinde
1633 1629 1681 1649 eos
1694 1622 1809 1648 damnu-

978 1658 1000 1687 (ἶ
1018 1665 1055 1693 vit
1075 1670 1102 1693 et
1117 1666 1301 1700 reprehendit,
1324 1666 1371 1700 qui
1395 1666 1518 1693 animum
1542 1666 1576 1693 ad
1601 1667 1682 1693 vitam
1714 1668 1807 1695 ltetilin

1015 1711 1130 1745 risuque
1157 1711 1307 1745 jucundam
1337 1711 1563 1745 transtulerunt;
1599 1713 1808 1748 designatisquu

1016 1757 1194 1789 divitiarum,
1223 1765 1293 1792 quas
1322 1756 1360 1784 illi
1395 1765 1578 1792 congessere,
1607 1761 1752 1792 generibus
1774 1769 1806 1786 :n:

1016 1804 1186 1837 nominibus,
1205 1811 1284 1832 suam
1298 1803 1401 1838 cuique
1416 1804 1454 1831 rei
1471 1808 1562 1831 notam
1584 1804 1695 1836 inussit.
1712 1809 1805 1841 quasi-

1015 1857 1068 1884 que
1086 1849 1259 1884 triumphans
1282 1849 1432 1876 vanitatem
1453 1849 1544 1876 omnia
1560 1854 1587 1876 et
1601 1851 1714 1885 spiritus
1735 1860 1806 1885 prm-

1015 1895 1203 1929 sumptioncm
1229 1893 1396 1929 appellavit:
1413 1894 1542 1928 idemque
1556 1894 1718 1928 sapientiam
1740 1904 1803 1930 pro-

1015 1945 1107 1975 pterea
1138 1939 1362 1976 magniﬁcentius
1389 1939 1504 1970 extulit.
1534 1947 1650 1974 eamque
1682 1941 1804 1968 stultitiae

1015 1986 1217 2021 quodammodo
1242 1989 1431 2020 comparatam
1458 1985 1538 2020 longe
1553 1985 1696 2017 excellere.
1723 1991 1805 2020 atque

1016 2033 1042 2058 in
1073 2031 1118 2064 iis,
1146 2038 1208 2066 quae
1235 2030 1448 2066 praeclarissima
1473 2034 1500 2057 et
1526 2030 1629 2065 optima
1658 2031 1804 2064 habentur,

1015 2078 1086 2105 lucis
1101 2079 1190 2105 instar
1204 2085 1259 2112 prae
1273 2075 1393 2104 tenebris
1410 2075 1503 2103 omnia
1520 2083 1651 2110 superare
1665 2077 1783 2105 ostendit
1799 2090 1804 2104 ;

1015 2131 1047 2151 ac
1072 2123 1191 2158 denique
1220 2123 1314 2150 animo
1342 2121 1375 2149 ad
1399 2121 1512 2148 meliora
1540 2129 1684 2154 converso,
1710 2129 1806 2149 omnes

1014 2169 1140 2197 hortatus
1160 2173 1211 2202 est,
1227 2173 1259 2196 ut
1276 2167 1364 2196 labori
1381 2168 1480 2202 cuique
1501 2172 1669 2203 praepostero
1683 2172 1711 2196 et
1725 2177 1805 2197 mttn~

1014 2216 1093 2243 dante
1121 2214 1250 2242 amicitiae
1276 2213 1449 2246 renuntient;
1474 2214 1508 2240 de
1525 2217 1646 2249 tempore
1666 2215 1721 2249 jam
1748 2220 1803 2243 scr;

1015 2269 1126 2289 monem
1142 2261 1272 2292 instituit,
1293 2267 1348 2295 quo
1366 2259 1425 2287 haec
1446 2260 1539 2286 omnia
1555 2260 1697 2295 complexa
1716 2262 1805 2288 conti-

1014 2312 1126 2340 nentur,
1156 2312 1237 2342 atque
1264 2306 1302 2333 ait
1330 2315 1336 2332 :
1369 2314 1378 2331 ι
1398 2305 1532 2333 Omnibus
1556 2310 1664 2340 tempus
1691 2311 1751 2337 cst,
1778 2312 1806 2333 (ιι

1015 2354 1214 2389 tempestivitas
1230 2352 1304 2380 omni
1321 2353 1359 2380 rei
1376 2352 1427 2379 sub
1443 2352 1525 2379 cmlo.
1545 2361 1555 2378 ›

1051 2400 1107 2436 39
1119 2400 1152 2427 At
1166 2404 1274 2433 tempus
1289 2398 1325 2425 ita
1342 2398 1425 2425 verbo
1443 2397 1569 2424 distinxit
1583 2398 1661 2432 quasi
1678 2398 1716 2429 id,
1731 2400 1803 2433 quod

1014 2446 1165 2481 generatim
1190 2445 1299 2479 lateque
1324 2452 1368 2471 res
1391 2443 1722 2479 omncs‘c0mprehendit,
1748 2449 1803 2472 tam

1015 2500 1062 2520 cas
1075 2500 1135 2527 qua:
1158 2496 1254 2518 natura
1273 2490 1350 2523 ﬁunt,
1367 2497 1450 2525 quam
1471 2497 1519 2517 eas
1539 2497 1601 2525 qute
1616 2495 1715 2517 eventu
1738 2499 1804 2518 con~

1016 2538 1148 2573 tingunt:
1169 2541 1251 2572 atque
1270 2537 1340 2564 adeo
1365 2536 1439 2571 ipsas
1459 2536 1543 2562 etiam
1565 2536 1802 2570 lempeslivilatt's.

1015 2583 1117 2618 quibus
1143 2587 1181 2615 et,
1205 2586 1335 2616 tanquam
1365 2580 1461 2608 formis
1487 2581 1574 2615 ipsius
1598 2582 1746 2616 temporis,
1772 2587 1803 2608 ut

1014 2637 1046 2657 ex
1061 2629 1205 2656 nominum
1225 2627 1407 2656 collocatione
1422 2633 1545 2662 apparet.
1564 2627 1687 2655 ordinem
1705 2635 1804 2655 secun-

1016 2675 1080 2702 dum
1097 2674 1232 2701 attribuit.
1249 2674 1316 2701 Nam
1329 2673 1401 2708 quod
1418 2673 1616 2711 tempestivitas
1631 2673 1676 2704 sit,
1696 2678 1805 2708 tempus

1014 2721 1096 2748 etiam
1123 2725 1175 2753 est,
1203 2721 1434 2756 quemadmodum
1463 2720 1534 2754 quod
1561 2720 1653 2750 homo,
1680 2719 1750 2746 idem
1777 2725 1804 2746 et

1016 2766 1117 2793 animai
1135 2776 1141 2793 :
1164 2769 1190 2793 at
1207 2771 1261 2793 non
1275 2766 1349 2800 quod
1373 2766 1408 2792 sit
1430 2770 1472 2792 lca
1486 2773 1547 2800 pus,
1567 2765 1636 2792 idem
1654 2767 1680 2792 et
1699 2768 1804 2800 tempo-

1602 2895 1641 2928 27
