2055 3153
267 132 317 166 είἹ

837 130 867 160 S.
883 128 1073 161 GREGORII
1091 129 1349 162 AGRIGENTINI

1847 131 1900 163 848

266 189 328 216 tur!
349 187 463 221 jamque
485 183 634 220 intelligas,
662 183 708 220 qui
735 184 769 213 ad
793 185 941 221 imaginem
965 186 1013 214 Dei
1030 191 1052 215 cl

1108 187 1176 214 Θεοῦ
1190 188 1237 215 καὶ
1254 187 1386 223 ὁμοίωσιν
1403 187 1532 222 γεγονὼς,
1551 187 1598 215 καὶ
1614 187 1703 224 ψυχὴν
1725 186 1816 223 λαχὼν
1833 188 1900 215 αὗτ-

266 233 476 262 similitudinem
501 231 641 264 conditus,
668 231 792 259 animum
820 233 926 260 arbitrii
944 240 1057 268 compo-

267 286 320 308 tem
345 284 444 306 nactus
462 285 513 312 es,
533 281 667 312 quantum
687 278 796 306 auctori
819 283 867 306 tuo
887 286 938 314 pro
963 279 1056 306 collati

266 325 378 353 honoris
392 325 520 360 portione
533 323 634 352 debeas
647 323 811 359 obsequium
826 331 859 351 ac
874 323 1054 352 famulatum!

264 372 331 399 Nam
349 371 372 399 si
386 371 480 398 omnia
499 377 576 398 suam
593 378 608 397 a
623 369 773 398 Conditore
790 370 850 406 ipso
866 371 1057 406 opportunita-

265 424 319 446 tem
340 417 439 446 sortita
461 422 537 449 sunt,
562 416 658 452 quidni
678 416 785 445 tribuas
801 421 830 444 tu
851 425 962 453 quoque
976 425 1056 453 sepa-

264 468 354 491 ratum
379 463 491 498 aliquod
522 463 653 498 temporis
676 463 730 498 72
745 462 920 490 intervallum
949 464 1054 491 auctori

265 515 323 542 tuo,
343 515 373 537 ut
399 510 533 537 meditere
558 513 585 536 et
608 517 741 544 agnoscas
761 509 850 544 ipsum
873 517 934 537 esse
959 509 1054 542 Deum,

263 561 347 590 atque
363 555 432 582 adeo
458 559 488 582 ut
514 555 656 589 praeceptis
680 555 740 589 ejus
756 559 851 582 sancte
874 555 1054 590 obtemperes,

263 603 291 626 et
312 602 386 626 recte
403 597 483 625 l'actis
507 598 541 625 ad
563 598 694 626 bonitatis
713 599 773 634 ejus
796 599 958 634 dignitatem
976 608 1056 628 acce-

263 644 336 672 das?
359 652 422 671 cum
446 649 471 672 te
492 648 588 672 contra
614 652 721 672 summa
744 646 883 673 temeritas
904 646 1010 674 caeteris
1028 646 1054 673 in

264 690 348 717 rebus
365 694 392 717 et
416 697 430 717 a
448 694 554 717 naturae
574 690 703 724 operibus
720 691 896 719 aberrantem
921 696 948 718 et
969 699 983 718 a
1008 700 1055 719 vo-

263 735 392 764 luntariis
411 735 556 763 hominum
578 736 677 764 studiis
693 741 880 765 transversum
903 743 977 773 agat.
993 738 1056 767 llazc

265 781 406 813 nimirum,
430 788 492 815 quae
518 780 590 808 dicta
613 785 688 813 sunt,
710 782 764 810 nisi
789 783 898 817 sapiens
920 783 1055 812 Ecclesia-

265 831 322 854 stes
342 826 369 853 in
386 826 441 853 illis
455 826 546 854 verbis
561 831 721 861 spectasset,
738 827 841 855 frustra
855 829 933 863 plane
948 837 980 857 ac
995 830 1055 858 sine

265 879 349 899 causa
379 879 411 898 ea
438 872 608 906 protulisset,
635 880 696 907 qua:
720 880 817 901 omnes
845 878 958 902 norunt.
984 875 1053 902 Cum

265 925 329 950 vero
348 922 376 945 et
399 918 490 952 partui
511 922 539 946 et
555 919 638 946 morti
659 926 737 946 suam
759 927 820 947 esse
834 920 931 948 horam
953 921 1055 949 consti-

264 968 349 992 tutam
367 972 447 992 nemo
470 964 623 993 viventium
642 965 760 1001 ignoret,
783 966 817 994 ad
833 966 1052 1002 objurgationem

263 1019 377 1044 eorutn,
404 1011 451 1046 qui
478 1018 588 1046 semper
615 1011 642 1038 in
672 1011 778 1047 peccati
804 1013 933 1042 sordibus
954 1013 1054 1042 misere

263 1062 418 1089 versantur,
440 1057 577 1092 ejusmodi
596 1058 677 1086 dictis
692 1066 759 1087 usus
778 1063 831 1087 cst.

298 1102 460 1137 Quanquam
483 1103 635 1138 elegantior
658 1111 754 1132 eorum
780 1105 928 1134 verborum
954 1114 1053 1135 sensus

254 1154 290 1176 -cl
305 1149 419 1183 mystice
433 1153 560 1184 sumptus
572 1150 634 1177 talis
647 1154 706 1177 est:
724 1150 934 1186 Tempestivitas
947 1157 989 1180 est
1003 1160 1053 1181 sua

261 1195 354 1222 timori
387 1194 444 1228 Dei,
473 1199 604 1230 tanquam
628 1195 657 1222 in
689 1200 777 1229 utero,
805 1196 831 1223 in
849 1202 940 1225 mente
959 1197 1053 1225 conci-

262 1239 373 1275 piendo,
399 1240 596 1275 pariendisque
618 1245 693 1269 recte
713 1240 795 1269 factis
816 1242 938 1270 divinam
961 1243 1052 1271 chari-

263 1290 346 1314 Iatem
357 1294 412 1320 pra:
421 1294 450 1314 se
463 1286 874 1322 ferentibus:quemadmodum
893 1287 977 1316 Isaias
991 1296 1053 1324 pro-

262 1330 342 1365 pltcta
358 1330 428 1358 dixit
447 1339 454 1358 :
479 1340 488 1357 ι
507 1331 578 1364 Quia
601 1331 628 1358 in
650 1335 729 1358 utero
749 1332 927 1367 concepimus
944 1338 971 1361 et
988 1342 1051 1369 par-

263 1376 412 1403 turivimus
428 1381 510 1412 atque
533 1377 679 1412 genuimus
694 1377 821 1413 spiritum
846 1379 953 1412 salutis,
970 1387 1051 1414 quem

262 1425 431 1459 gestavimus
455 1431 538 1459 super
559 1428 661 1451 terram
674 1424 749 1460 (ll);
769 1434 778 1451 ι
798 1432 831 1453 ac
847 1422 963 1453 subinde
989 1434 1051 1453 cor-

261 1471 339 1505 poris
366 1470 535 1506 protervitati
561 1474 714 1506 opportune
739 1471 938 1504 interimendae,
964 1479 1051 1499 mem-

263 1517 374 1552 brisque
391 1516 443 1549 bis,
464 1517 566 1552 quibus
580 1517 747 1551 premimur,
767 1517 973 1552 perdomandis.
997 1518 1051 1545 Sua

262 1563 327 1589 item
345 1563 537 1597 opportunitas
553 1567 605 1596 est,
627 1566 657 1590 ut
674 1563 832 1598 quicunque
847 1563 911 1590 recti
929 1563 1052 1591 honesti-

262 1616 316 1643 que
331 1609 424 1636 studio
437 1613 556 1642 tenetur,
572 1608 652 1643 quasi
672 1609 699 1636 in
715 1614 804 1644 prato,
821 1614 896 1637 serat
914 1610 940 1637 in
959 1610 1051 1637 animo

262 1662 313 1682 suo
332 1654 487 1689 plantarum
505 1654 592 1681 instar
607 1654 753 1689 praeclaras
769 1662 893 1690 quaSque
907 1660 934 1682 et
949 1655 1051 1684 virtute

263 1704 425 1734 praestantes
450 1701 574 1727 actiones
593 1709 599 1727 :
618 1704 644 1727 et
669 1708 719 1728 sua
745 1700 812 1728 item
834 1701 1051 1736 ,tempestivitate

262 1750 476 1773 consentaneam
489 1746 535 1773 his
548 1745 668 1780 quietem
685 1746 816 1781 assignet,
834 1754 985 1782 earumque
997 1747 1050 1774 vim

262 1798 288 1820 ιιι
311 1797 440 1820 conatum
464 1792 662 1820 convenienter
685 1791 842 1824 imminuat.
863 1793 942 1828 quasi
965 1794 1051 1821 otium

262 1845 367 1866 natura:
390 1838 546 1873 impertitus
560 1847 568 1866 :
584 1845 647 1866 eum
671 1846 752 1866 secus
776 1839 798 1866 si
827 1840 883 1872 Iiat,
905 1840 933 1867 in
954 1840 1052 1868 volun-

263 1886 332 1913 taria
360 1885 419 1920 ipsa
449 1885 513 1912 boni
543 1885 714 1921 appetitione
739 1885 870 1913 humanae
898 1886 971 1914 vires
1005 1887 1051 1914 diu

264 1930 436 1958 contentioni
455 1938 534 1965 pares
550 1938 612 1958 esse
633 1938 686 1958 non
711 1931 827 1965 possint.
850 1931 890 1958 lta
906 1939 956 1959 nos
976 1931 1051 1966 ejus-

261 1976 335 2004 modi
350 1975 432 2003 cﬁ‘ata
442 1976 644 2003 consideranda
656 1976 828 2009 censuimus,
838 1981 868 2003 ut
880 1981 906 2003 et
917 1977 1050 2004 naturalis

260 2022 327 2048 ordo
343 2025 371 2049 et
390 2021 505 2056 mystica
532 2022 603 2048 ratio
628 2021 743 2048 ferebat.
772 2020 861 2054 Quam
886 2021 1050 2056 interpreta-

261 2069 363 2094 tionem
381 2075 413 2094 ea
430 2074 541 2102 quoque
560 2066 703 2101 adjuvant,
728 2075 789 2102 qua:
808 2072 983 2103 sequuntur;
1003 2068 1051 2095 ad-

260 2115 296 2140 uit
315 2113 399 2146 enim,
417 2117 497 2148 atque
512 2113 569 2141 ait:

1108 233 1240 266 εξούσιον,
1255 233 1353 269 ἡλίκην
1369 233 1487 268 ὀφείλεις
1505 233 1578 268 ἔχειν
1599 233 1671 260 κατὰ
1686 233 1735 268 τὴν
1752 233 1900 267 ἀναλογίαν

1107 279 1157 314 τῆς
1169 278 1317 314 δεδομένης
1331 287 1372 306 σοι
1385 279 1468 314 τιμῆς
1487 278 1536 314 τὴν
1556 278 1624 313 πρὸς
1636 277 1681 305 τὸν
1700 278 1764 305 ἴδιον
1782 278 1900 314 ποιητὴν

1108 323 1248 358 ὑποταγὴν
1269 323 1317 350 καὶ
1338 323 1459 358 θητείαν.
1481 323 1513 350 Εἰ
1530 323 1584 358 γὰρ
1599 323 1689 350 πάντα
1700 322 1746 349 τὸν
1761 322 1826 350 ῑδιοί
1843 322 1900 357 ἔχει

1107 369 1215 405 καιρὸν,
1231 369 1261 396 ὃν
1277 370 1291 396 6
1303 369 1476 405 Δημιουργδς
1487 369 1579 400 αὐτοῖς
1592 369 1802 404 ἀπεκλήρωσενς
1816 369 1847 395 οὐ
1861 368 1900 395 δί-

1107 415 1160 446 δως
1184 415 1216 442 σὺ
1239 414 1278 449 τῷ
1303 415 1402 449 ποιητῇ
1425 415 1472 440 σού
1498 423 1559 441 τινα
1584 414 1681 449 καιρὸν
1707 414 1900 450 ἀφωρισμένον

1107 459 1176 494 πρὸς
1201 459 1232 486 τὸ
1256 459 1385 494 σχολάσαι
1407 460 1455 486 καὶ
1477 459 1589 494 γνῶναι,
1614 460 1655 486 ὅτι
1674 459 1731 486 ἐστι
1754 459 1831 492 Θεὸς,
1852 460 1902 486 καὶ

1107 506 1178 534 κατὰ
1204 505 1235 532 τδ
1257 505 1404 534 ἀκόλουθον
1428 506 1477 538 τὰς
1503 507 1613 538 ἐντολὰς
1637 506 1720 533 αὐτοῦ
1743 507 1899 540 φυλάττειν,

1107 552 1255 579 κάντεῦθεν
1273 551 1514 587 προσοικειοῦσθαι
1537 554 1571 588 τῇ
1585 552 1648 588 δόξῃ
1667 552 1717 587 τῆς
1730 553 1901 588 ἀγαθότητος

1106 597 1190 625 αὑτοῦ
1203 597 1248 625 διὰ
1262 598 1415 625 σπουδαίων
1429 598 1573 634 πράξεων;
1587 599 1654 626 ἀλλὰ
1668 599 1769 634 χείρων
1785 599 1831 625 καὶ
1844 598 1901 625 τῶν

1107 643 1230 679 φυσικῶν
1249 644 1395 680 ἐνεργειῶν
1417 645 1465 670 καὶ
1485 644 1540 671 τῶν
1555 645 1703 679 γνωμικῶν
1718 645 1901 680 ἐπιτηδευμά-

1106 699 1160 717 των
1176 690 1205 716 ἐν
1219 691 1277 722 τοῖς
1293 690 1382 722 ἄλλοις
1398 691 1513 726 εὑρίσκῃ
1536 690 1581 717 διὰ
1594 691 1694 726 πολλὴν
1710 691 1850 718 ἀϐουλίαν.
1869 691 1900 717 El

1108 735 1146 772 μὴ
1160 737 1213 772 γὰρ
1225 736 1389 763 ἀποϐλέπων
1402 736 1471 771 πρὸς
1483 737 1528 763 τὸν
1539 735 1660 762 τοιοῦτον
1673 736 1774 762 σκοπὸν
1789 737 1803 762 6
1818 736 1900 771 σοφὸς

1113 782 1330 818 Ἐκκλησιαστὴς
1350 781 1411 809 εἷπε
1433 782 1467 809 τὰ
1482 782 1624 818 εἰρημένα,
1647 782 1736 817 μάτην
1751 782 1837 808 ταῦτα
1853 782 1901 809 γαὶ

1108 830 1244 865 περιττῶς
1259 827 1346 862 εἶπεν,
1362 829 1431 864 ὅπερ
1444 828 1564 860 ἅπαντες
1581 829 1666 855 ἴσασι.
1690 828 1744 854 Καὶ
1758 828 1804 854 τον
1819 828 1898 854 τόκον

1109 876 1163 909 γὰρ
1194 875 1240 902 καὶ
1270 875 1385 902 θάνατον
1411 874 1498 906 οὐδεὶς
1521 875 1614 908 ἀγνοεῖ
1635 874 1689 900 τῶν
1707 875 1900 909 μετασχόντων

1108 921 1154 948 τοῦ
1169 921 1238 957 βίου,
1255 921 1350 956 καιρὸν
1361 921 1426 948 ἴδιον
1444 921 1516 956 ἔχειν
1527 929 1532 935 ·
1545 920 1614 948 ἀλλὰ
1630 920 1698 955 πρὸς
1715 920 1827 955 ἔλεγχον
1845 920 1899 946 τιῗιν

1107 967 1151 994 ἀεὶ
1181 968 1213 1002 τῇ
1242 966 1359 1002 δυσωδίᾳ
1395 966 1447 1001 τῆς
1476 966 1614 1002 ἁμαρτίας
1645 965 1898 1000 ὲγκαλινδουμέιιων

1107 1012 1218 1046 ἀθλίως,
1236 1013 1372 1048 ἐχρήσατο
1388 1013 1443 1044 τοῖς
1458 1012 1588 1044 τοιούτοις
1605 1013 1707 1047 ῥητοῖς.

1148 1102 1177 1129 '0
1196 1103 1288 1138 μέντοι
1303 1101 1516 1138 γλαφυρώτερος
1539 1102 1601 1134 νοῦς
1623 1103 1670 1130 καὶ
1689 1102 1897 1138 λαμϐανόμενος

1106 1148 1287 1182 ἀναγωγικῶς
1309 1148 1363 1174 τῶν
1385 1148 1539 1183 είρημένων
1557 1148 1678 1179 τοιοῦτός
1693 1149 1770 1174 ἐστι·
1793 1148 1897 1182 Καιρὸ;

1105 1195 1179 1220 ἔστιν
1199 1194 1265 1225 ίδιος
1287 1193 1333 1220 τοῦ
1361 1193 1502 1220 συλλαϐεῖν
1528 1194 1557 1220 ὲν
1582 1194 1692 1229 γαστρὶ,
1717 1193 1837 1228 δηλονότι
1863 1195 1895 1228 τῇ

1105 1241 1199 1276 νοητῇ,
1214 1240 1295 1274 φόϐον
1309 1240 1388 1271 Θεοῦ,
1402 1240 1450 1267 καὶ
1465 1241 1554 1267 τεκεῖν
1568 1241 1682 1277 πράξεις
1698 1241 1807 1274 ἀγάπης
1821 1240 1898 1271 θείας

1107 1287 1289 1322 σημαντικὰς,
1321 1286 1414 1318 καθώς
1440 1295 1524 1322 φησιν
1551 1288 1565 1313 6
1596 1288 1739 1322 προφήτης
1762 1287 1896 1318 ’Πταῖαςο

1109 1341 1118 1358 ι
1133 1332 1194 1358 Ὅτι
1210 1332 1238 1358 ἐν
1255 1332 1356 1368 γαστρὶ
1369 1332 1504 1367 ἐλάϐομεν
1522 1333 1567 1359 καὶ
1581 1333 1752 1368 ὼδινήσαμεν
1773 1332 1820 1359 καὶ
1836 1332 1898 1359 ὲτέ-

1106 1386 1190 1413 κομεν
1219 1378 1328 1413 πνεῦμα
1354 1379 1503 1414 σωτηρίας,
1531 1378 1545 1405 ὃ
1576 1380 1733 1414 ἐκυήσαμεν
1765 1379 1812 1405 ἐπὶ
1845 1378 1896 1413 τῆς

1105 1423 1158 1459 γῆς
1171 1432 1177 1439 ·
1197 1433 1207 1448 ι
1225 1423 1372 1451 κάντεῦθεν
1386 1423 1540 1455 ἀκολούθως
1553 1424 1581 1450 ἐν
1598 1423 1656 1458 ίδίῳ
1671 1423 1758 1458 καιρῷ
1774 1423 1898 1450 θανατῶ-

1106 1478 1151 1496 σαι
1167 1469 1197 1496 τὸ
1215 1469 1343 1505 φρόνημα
1361 1470 1411 1504 τῆς
1429 1469 1540 1504 σαρκὸς,
1556 1469 1604 1503 καὶ
1620 1469 1758 1505 νεκρῶσαι
1777 1470 1811 1496 τὰ
1827 1470 1898 1505 μέλη

1105 1515 1140 1542 τά
1155 1515 1201 1540 ἐπὶ
1215 1516 1263 1550 τῆς
1277 1515 1338 1549 γῆς.
1355 1515 1459 1550 Καιρός
1477 1515 1551 1541 ἐστιν
1566 1515 1630 1546 ἴδιος
1683 1516 1735 1547 τᾶς
1752 1516 1766 1541 ὀ
1782 1515 1878 1544 ωιλόκα
1889 1531 1898 1536 -

1106 1561 1151 1587 λον
1167 1561 1214 1586 καὶ
1230 1560 1377 1587 σπουδαίαν
1391 1560 1460 1596 ἔχων
1474 1561 1633 1596 προαίρεσιν
1652 1562 1764 1595 φυτεύει
1783 1561 1823 1596 τῷ
1840 1561 1894 1588 λει-

1107 1605 1176 1640 μῶνι
1192 1605 1241 1640 τῆς
1256 1605 1368 1640 καρδίας
1384 1605 1418 1632 τὰ
1429 1606 1587 1632 παντοῖαπὰ
1605 1605 1677 1638 φυτά
1691 1606 1744 1632 τῶν
1759 1600 1820 1633 κατ’
1834 1606 1900 1641 ἁρε-

1104 1651 1154 1687 τὴν
1170 1651 1460 1686 παραλαμϐανομένων
1484 1652 1724 1686 κατορθωμάτων·
1742 1652 1790 1679 καὶ
1816 1653 1899 1679 πάλιν

1105 1698 1134 1724 ὲν
1155 1698 1212 1733 ίδίῳ
1232 1697 1322 1733 καιρῷ
1344 1697 1452 1733 τίθησιν
1477 1697 1521 1724 ἐπ’
1536 1698 1628 1730 αὐτοῖς
1656 1698 1705 1734 τὴν
1729 1699 1899 1734 κατάλληλον

1105 1743 1223 1776 παῦλαν,
1235 1744 1282 1770 καὶ
1294 1743 1342 1778 τὴν
1358 1743 1432 1777 σφῶν
1450 1743 1568 1770 ἐκτίλλει
1580 1744 1741 1779 προσφόρως
1756 1745 1899 1779 ἐνέργειαν

1106 1789 1153 1816 καὶ
1181 1789 1290 1825 πρᾶξιν,
1306 1789 1345 1820 ὡς
1363 1789 1518 1816 ἀνάπαυσιν
1542 1791 1574 1825 τῇ
1591 1789 1671 1824 φύσει
1692 1790 1790 1822 διδοὺς,
1808 1791 1852 1817 διὰ
1868 1791 1899 1817 τὸ

1109 1836 1240 1871 μηδαμῶς
1264 1835 1368 1870 ίσχύειν
1395 1835 1574 1863 συντετάσθαι
1601 1837 1661 1868 ταῖς
1690 1839 1898 1873 προαιρετικαῖς

1106 1881 1174 1916 πρὸς
1200 1881 1231 1908 τὺ
1257 1880 1359 1915 ἀγαθὸν
1383 1881 1494 1916 ἐφέσεσι
1526 1882 1572 1908 καὶ
1603 1881 1775 1917 βουλήσεσιν.
1802 1881 1898 1913 Οὖτιιις

1105 1928 1186 1963 ἡμεῖς
1196 1927 1230 1954 τὰ
1239 1927 1361 1962 παρόντα
1374 1927 1444 1963 ῥητὰ
1455 1927 1574 1954 νοεῖσθαι
1588 1927 1678 1959 καλῶς
1693 1928 1789 1962 omn,
1795 1937 1831 1962 φα
1835 1936 1897 1962 μεν,

1104 1973 1225 2010 δηλονότι
1250 1974 1298 2000 καὶ
1322 1973 1392 2000 κατά
1422 1974 1540 2008 φυσικὴν
1569 1974 1730 2000 ἀκολουθίαν
1755 1974 1801 2000 καὶ
1827 1975 1898 2001 κατὰ

1104 2020 1150 2046 τὸν
1178 2019 1326 2054 ἀναγωγῆς
1350 2019 1440 2053 λόγον.
1469 2019 1644 2054 Παρεμπεδοί
1671 2019 1699 2045 δὲ
1723 2018 1771 2055 τὴν
1797 2020 1898 2055 ἡμετέ-

1106 2075 1154 2100 ραν
1185 2065 1297 2100 ἐκδοχὴν
1319 2065 1364 2092 διὰ
1390 2066 1444 2092 τῶν
1467 2065 1626 2101 ἑπομένων
1645 2066 1744 2100 ἐπάγει
1771 2067 1824 2102 γὰρ
1850 2067 1897 2093 καί

1105 2121 1182 2149 φησι·

1056 2217 1124 2253 §ltl.

297 2279 380 2306 Vens.
402 2279 446 2305 50.
467 2279 671 2314 Tempestivitu:
696 2282 842 2314 occidenJi,
865 2287 890 2309 et
917 2285 1045 2319 tempesti-

1137 2287 1246 2321 Καιρὸς
1274 2287 1328 2314 τοῦ
1357 2286 1543 2320 ἀποκτεῖναι,
1571 2286 1621 2313 καί
1651 2285 1755 2320 καιρὸς
1775 2285 1828 2312 τ’υῦ
1854 2286 1897 2312 iu"-

258 2325 324 2351 u‘tas
340 2325 464 2353 sanandi.

294 2371 362 2399 Nam
384 2372 406 2400 si
429 2373 514 2400 alium
529 2373 673 2402 occidendi
693 2375 768 2402 nulla
787 2383 908 2410 unquam
922 2381 964 2404 est
980 2381 1049 2404 tem-

260 2419 413 2453 pestivitas,
431 2420 504 2454 quod
522 2421 659 2448 actionem
677 2421 814 2456 ejusmodi
831 2422 904 2450 Deus
920 2423 1047 2456 vetuerit,

257 2474 281 2491 ac,
306 2465 438 2493 detestari
453 2466 571 2502 quisque
588 2472 615 2494 et
631 2468 722 2495 odisse
739 2468 852 2501 debeat;
878 2469 963 2504 liquet
976 2469 1046 2504 jam,

258 2510 310 2546 '73
327 2511 361 2538 ab
379 2512 438 2552 ipso
454 2512 579 2548 sapiente
600 2512 769 2541 Ecclesiaste
787 2521 883 2541 ansam
906 2514 951 2542 hic
968 2515 1048 2542 nobis

259 2558 372 2591 pimlicri
403 2559 581 2594 mystiearum
613 2560 898 2594 commentationum,
926 2569 989 2589 cum
1021 2566 1049 2590 et

256 2604 402 2632 occidendi
432 2596 674 2640 Ietnpestivitatem
711 2614 773 2634 esse
810 2606 877 2634 dicit
901 2616 907 2634 :
933 2615 1049 2642 eamque

256 2658 336 2683 esse,
360 2651 387 2678 in
406 2658 460 2686 qua
481 2652 528 2686 qui
553 2652 636 2680 vitam
662 2661 743 2688 agere
767 2653 937 2688 spiritualem
957 2653 1047 2689 cupit,

258 2696 386 2725 obscenis
412 2697 611 2732 cupiditatibus
634 2698 783 2734 pravisque
811 2699 981 2734 voluptatum
1004 2698 1046 2726 af-

1104 2333 1228 2359 σασθαι.

1138 2377 1171 2404 Ει
1185 2376 1240 2412 γὰρ
1251 2376 1339 2408 οὐδεὶς
1356 2376 1451 2412 καιρὸς
1471 2376 1594 2411 πέφυκεν
1609 2376 1764 2412 ἐπιτήδειος
1780 2375 1849 2411 πρὸς
1867 2375 1898 2401 τὸ

1102 2422 1263 2449 ἀποκτεῖναί
1276 2431 1346 2453 τινα,
1361 2422 1412 2457 τῆς
1425 2422 1554 2457 τοιαύτης
1567 2421 1693 2457 πράξεως
1705 2421 1898 2456 ἀπηγορευμέ-

1100 2477 1149 2504 νης
1164 2467 1267 2500 θεόθεν,
1280 2468 1327 2494 καὶ
1340 2469 1424 2495 πᾶσιν
1436 2469 1608 2499 ἀπευκταίας
1621 2467 1668 2493 καὶ
1687 2467 1836 2502 στυγητῆς,
1854 2467 1898 2493 εὖ·

1097 2514 1188 2550 δηλον,
1202 2513 1240 2545 ὡς
1257 2513 1438 2548 ἀναγωγικῶς
1454 2513 1564 2540 δίδωσιν
1579 2514 1647 2549 ἡμῖν
1664 2513 1766 2540 ἐννοεῖν
1781 2513 1795 2539 ὁ
1813 2512 1896 2546 σοφὸς

1103 2559 1320 2595 Ἐκκλησιαστὴς
1335 2560 1381 2586 τοῦ
1399 2561 1560 2587 ἀποκτεῖναι
1573 2559 1619 2586 τὸν
1635 2559 1742 2594 καιρὸν,
1757 2560 1787 2586 ὲν
1803 2555 1825 2593 ᾧ
1842 2560 1896 2590 πᾶς

1096 2606 1111 2632 6
1127 2605 1177 2641 ζῇν
1193 2605 1292 2633 ἐθέλων
1311 2606 1516 2641 πνευματικῶς,
1536 2606 1569 2633 τὰ
1587 2605 1707 2642 σαρκικά
1729 2605 1895 2640 φρονήματα

1097 2652 1145 2679 καὶ
1167 2653 1216 2684 τὰς
1233 2653 1393 2687 φιληδόνους
1409 2654 1457 2689 τῆς
1473 2653 1610 2688 ἁμαρτίας
1629 2652 1794 2684 ἀποκτείνας
1816 2653 1895 2687 κινή-

1100 2706 1168 2731 σεις,
1182 2698 1316 2734 λαμϐάνει
1332 2700 1487 2735 πρόσφορον
1511 2699 1608 2735 καιρὸν
1631 2698 1760 2726 ίάσασθαι
1781 2697 1815 2725 τὰ
1829 2706 1895 2724 συν-

293 2808 316 2839 (ι
327 2809 349 2851 ί)
367 2807 441 2851 Isaiae
454 2816 528 2840 xxvi,
544 2809 587 2851 178,
599 2809 646 2837 sed
661 2809 732 2851 apud
747 2809 817 2836 LXX
835 2809 998 2844 legimus....
1010 2810 1052 2837 Σω

1105 2809 1152 2842 ita;
1169 2818 1226 2843 σου,
1236 2810 1248 2836 ὅ
1260 2810 1434 2846 ἐποιήσαμεν
1449 2810 1496 2837 ἐπὶ
1506 2809 1554 2846 τῆς
1570 2811 1631 2846 γῆς.
1645 2810 1741 2838 Latina
1752 2816 1819 2837 vero
1833 2816 1892 2836 ma-

197 2834 203 2839 '
255 2834 300 2877 es;
313 2834 398 2871 (nam
409 2834 576 2879 ingressa:
