2055 3153
173 161 229 196 913

716 166 755 197 IN
772 156 1107 196 ECCLESIASTEN.—-
1130 165 1201 194 LIB.
1222 166 1270 195 1r.

1758 159 1810 192 9th

171 219 236 249 τοὺς
261 215 435 253 ἀμφοτέρους
462 217 604 254 παριστῶν
629 219 793 253 φιλοκάλους
807 221 854 251 καὶ
870 221 968 256 φιλαν-

1027 218 1121 254 ‘nopiae
1146 223 1299 254 opportune
1328 219 1501 255 benigneque
1528 217 1695 253 opitulantrs
1718 215 1814 251 :quod

173 263 301 298 θρώπους
318 263 364 290 καὶ
389 264 560 299 συμπαθεῖς,
576 265 623 292 καὶ
648 265 693 292 διὰ
705 265 786 292 τοῦτο
812 266 969 301 κιχρῶντας

172 309 220 336 κει).
233 309 412 344 διανέμοντας
423 309 456 337 τὰ
477 310 549 338 κατὰ
562 310 658 346 χρείαν
672 312 729 343 τοῖς
738 311 841 338 ὲνδεέσι
858 311 905 343 καὶ
918 312 969 337 πέ-

172 363 268 390 νησιν·
293 355 342 383 ἆτε
366 356 397 391 δὴ
419 356 488 391 πρὸς
513 356 564 392 τὴν
588 357 740 392 μέλλουσαν
768 357 969 393 δικαιοκρισῖαν

173 400 398 434 ἀποϐλέποντας,
425 402 472 428 καὶ
490 401 541 437 τὴν
560 402 635 438 παρὰ
660 402 730 430 Θεοῦ
754 403 969 439 μισθαποδοσίαν

173 446 346 478 ἐλπίζοντας.
366 447 452 474 Τοῦτο
470 447 525 483 γὰρ
539 448 681 483 ἐσήμανεν
695 447 781 479 εἰπών
794 457 801 464 ·
823 446 888 480 «Οἷς
911 449 970 476 ὲστι

175 492 272 527 μισθὸς
287 493 388 526 ἀγαθὸς
406 494 434 520 ὲν
452 494 544 529 μόχθῳ
560 494 660 521 αὐτῶν.
680 504 690 520 )
708 493 747 521 Οὐ
764 494 818 530 γὰρ
835 494 873 526 ὡς
884 496 898 522 ὀ
912 503 972 529 φει-

174 538 258 570 δωλὸς
278 539 382 570 ἐκεῖνος
400 539 488 575 πέρας
511 540 561 567 οὐκ
580 540 786 572 ἑπιτιθεὶςτοίς
804 540 903 568 ἑαυτοῦ
923 541 970 576 μό-

175 585 251 626 χθοις
265 586 312 613 καὶ
325 587 418 618 πόνοις
432 587 500 622 πρὸς
514 586 554 622 τῷ
567 587 648 622 μόνον
667 587 796 619 ὲπαύξειν
818 587 865 614 καὶ
879 596 970 622 παρα-

174 633 273 659 τείνειν
288 632 334 659 τὺν
348 631 475 666 πλοῦτον,
491 633 538 659 καὶ
553 632 687 668 μηδαμῶς
698 633 755 664 τοῖς
768 632 869 659 ὲνδεέσι
883 632 971 659 διανέ-

178 687 236 714 μων
261 679 296 705 τὰ
325 679 396 714 πρὸς
421 679 608 715 αὐτάρκειαν·
628 678 676 705 ἅτε
696 677 728 714 δὴ
743 678 793 714 τὴν
806 679 971 714 προαίρεσιν

176 725 328 760 ἀκόρεστον
345 724 415 759 ἔχων
440 725 509 760 πρὸς
529 724 656 758 πλοῦτον,
671 725 719 752 καὶ
746 724 868 760 μηδό).ως
889 725 972 760 ἐμπι-

177 770 331 806 πλαμένην,
341 770 428 803 οὕτως
443 770 473 797 οὗ
484 779 516 805 γε
533 771 743 807 καθυπογράφει
759 771 806 797 καὶ
820 771 884 803 τοὺς
901 780 972 806 παρ-

176 815 255 847 όντας
269 815 316 842 δύο
332 815 528 851 φιλοπλούτους
543 816 590 842 καὶ
611 816 779 851 μισοκάλους
804 816 851 842 καὶ
872 810 971 850 φειδῶ-

1023 269 1129 293 rectum
1145 265 1212 293 illud
1229 265 1364 300 judicium
1382 266 1515 301 cogitent,
1529 263 1603 299 quod
1622 263 1745 290 futurum
1763 267 1814 294 estl

1022 315 1049 338 et
1065 310 1176 346 praemia
1202 315 1323 346 sperem,
1343 318 1404 346 quae
1424 318 1438 337 a
1459 310 1513 337 Dco
1529 307 1717 336 distribueuda
1740 311 1815 334 sunt.

1023 356 1092 384 Nam
1116 357 1169 384 hoc
1196 357 1261 383 item
1286 356 1464 391 signiﬁcavit,
1486 363 1549 383 cum
1573 354 1663 381 dixit:
1684 363 1693 379 ι
1709 352 1816 386 Quibus

1022 407 1065 430 est
1082 411 1187 431 merces
1212 403 1285 430 bona
1310 402 1337 429 in
1353 402 1445 430 labore
1463 409 1524 430 suo.
1541 410 1550 427 ι
1570 400 1662 435 Neque
1684 399 1759 427 enim
1787 404 1817 425 ut

1024 449 1154 479 sordidus
1170 450 1226 482 ille,
1240 448 1289 484 qui
1308 449 1420 476 modum
1438 447 1541 475 laboris
1563 454 1595 474 ac
1611 444 1818 481 defatigationis

1025 504 1134 524 omnem
1156 497 1275 532 ignorat,
1300 501 1330 524 ut
1354 503 1421 530 opes
1443 498 1543 529 augeat
1567 501 1599 520 ac
1618 491 1749 527 proferat,
1768 498 1818 518 nec

1025 542 1175 578 quidquam
1191 543 1346 577 egentibus,
1362 541 1435 576 quod
1457 540 1525 568 satis
1544 532 1589 571 sit,
1615 538 1757 573 clargitur,
1775 538 1819 564 in-

1025 589 1145 617 satiabili
1171 596 1282 624 semper
1299 589 1404 620 animo,
1432 594 1482 615 nec
1500 593 1624 621 unquam
1649 583 1756 611 divitiis
1773 585 1820 610 sa-

1026 639 1099 667 turo,
1116 635 1157 663 sic
1179 639 1207 662 et
1228 635 1283 662 duo
1298 635 1341 663 isti
1360 633 1555 661 describuntur
1572 630 1696 667 pecunia:
1715 633 1820 656 amato-

1026 688 1088 714 res,
1114 680 1226 708 virtutis
1255 681 1359 714 hostes,
1391 680 1484 711 avari,
1511 677 1635 709 sordidi;
1664 679 1693 702 at
1722 678 1819 702 contra

1025 726 1220 755 misericordes
1246 727 1350 755 scilicet
1372 731 1455 761 atque
1484 723 1630 751 unanimes
1654 729 1742 749 :nam
1769 720 1821 747 hoc

1024 776 1127 807 aperte,
1145 777 1175 799 ut
1187 773 1245 808 jam
1261 772 1394 804 diximus,
1416 771 1461 798 illa
1487 769 1644 805 signiﬁcant
1660 777 1666 795 :
1686 776 1696 793 ι
1714 766 1821 800 Quibus

1025 823 1066 845 est
1082 826 1189 846 merces
1203 820 1276 846 bona
1293 819 1321 846 in
1337 818 1431 845 labore
1447 824 1509 844 suo.
1526 826 1535 842 ι

172 851 253 894 ξλούςξ
275 862 334 889 ἀλλ’
369 861 488 898 ἔμπαλιν
523 862 672 897 ἐλεήμονας
706 861 828 897 δηλονότι
843 863 891 889 καὶ
908 862 1073 897 συμπαθεῖς.
1089 865 1175 892 Τοῦτο
1190 865 1245 900 γὰρ
1259 865 1426 900 παρίστησιν
1448 860 1571 898 ἐναργῶς
1594 860 1706 895 φάσκων
1722 867 1729 874 ·
1750 868 1759 884 ι
1773 855 1820 889 Οἷς

177 907 235 934 ἐςτι
253 906 348 942 μισθὸς
371 907 474 941 ἀγαθὸς
492 908 523 933 ἐν
536 907 628 942 μόχθῳ
646 906 746 940 αὐτῶν,
766 916 774 932 ι
791 907 829 938 ὡς
846 907 970 945 ἐφθημεν
989 909 1125 942 εἰπόντες.

213 953 311 980 Καίτοι
329 961 360 987 γε
378 954 424 980 καὶ
440 953 520 988 μόνος
535 953 548 979 ό
565 950 605 985 εἷς
629 953 732 987 ἀγαθὸς
752 954 799 980 καὶ
816 953 972 989 φιλάνθρω-

1059 956 1196 985 Caeterum
1222 956 1274 984 etsi
1302 956 1344 985 vel
1366 963 1439 984 unus
1464 959 1588 985 tantum,
1613 959 1694 987 quem
1717 951 1819 978 bonum

177 1006 227 1029 πος
257 998 481 1033 παρειλημμένος
507 997 619 1033 βελτίων
651 992 811 1031 εὑρίσκεται
838 997 887 1024 τοῦ
914 998 974 1031 ἑνὸς

176 1044 359 1079 ἀσυμπαθοῦς
383 1044 506 1079 δηλονότι
535 1044 584 1070 καὶ
606 1044 750 1078 φειδωλοῦ,
767 1044 856 1071 καὶτὸ
871 1045 974 1078 ἀμετά-

176 1090 252 1118 δοτον
277 1090 327 1125 τῆς
354 1090 544 1125 προαιρέσεως
567 1090 676 1126 ἔχοντος
689 1099 696 1106 ·
717 1091 787 1125 πλὴν
804 1091 872 1118 ἀλλὰ
894 1091 974 1126 γὰρό

178 1137 259 1172 σοφὸς
278 1137 497 1172 Ἐκκλησιαστὴς
516 1137 562 1163 δύο
586 1137 798 1172 παραλαμϐάνει
812 1137 974 1172 φιλοκάλους

177 1182 225 1209 καὶ
255 1182 418 1218 συμπαθεῖς,
433 1182 464 1208 τὸ
495 1183 695 1218 ἀναντίρρητον
706 1184 739 1219 τῇ
763 1183 906 1219 συγκρίσει
920 1183 974 1210 τῶν

179 1230 254 1257 ιδίων
285 1231 371 1266 λόγων
402 1230 529 1258 ἐντεῦθεν
553 1230 787 1262 κατασκευάζων,
804 1230 845 1256 ὅτι
875 1229 972 1264 φησίν

180 1286 190 1302 ι
214 1276 276 1303 Ἐὰν
290 1277 422 1308 πέσωσιν,
436 1277 450 1302 ό
471 1273 512 1308 εἷς
525 1266 617 1311 ἐγερεῖ
640 1276 686 1303 τὸν
704 1276 819 1310 μέτοχον
843 1274 936 1302 αὐτοὶ
961 1284 969 1299 ι

185 1321 229 1354 Ὠς
250 1321 390 1349 εὺολίσθου
405 1322 455 1357 τῆς
475 1321 652 1356 ἀνθρωπίνης
678 1320 866 1356 προαιρέσεως
878 1319 973 1354 οὔσης,

180 1369 227 1395 καὶ
242 1369 291 1404 τὴν
314 1369 495 1403 ἑτοιμοτάτην
510 1367 578 1403 πρὸς
597 1367 632 1394 τὰ
646 1367 736 1402 φαῦλα
752 1367 839 1402 ῥοπὴν
860 1367 974 1402 ἐχούσης

181 1415 293 1450 μᾶλλον,
310 1415 326 1450 ἢ
347 1415 416 1450 πρὸς
433 1415 482 1450 τὴν
499 1414 606 1450 αἵρεσιν
627 1413 681 1440 τῶν
697 1413 808 1447 ἀγαθῶν
828 1414 874 1440 καὶ
891 1421 985 1440 σπου--

178 1461 274 1494 διίων,
290 1461 319 1487 ὲν
339 1462 373 1496 τῇ
395 1459 576 1496 παρεγκλίσει
597 1459 645 1486 καὶ
665 1461 845 1495 παρεκτροπῇ
861 1460 893 1494 τῇ
906 1459 975 1493 πρὸς

182 1508 217 1535 τὰ
239 1508 334 1543 χείρω,
350 1507 464 1542 θάτερον
482 1506 534 1533 ὑπὸ
559 1506 674 1541 θατέρου
691 1505 815 1541 δεδέχθαι
839 1506 888 1540 τὴν
901 1505 976 1541 διόρ-

180 1553 264 1579 θωσιν
288 1551 336 1578 καὶ
357 1551 499 1587 βελτίωσιν
516 1552 713 1586 αἰνιττόμενος.
726 1550 780 1577 Τοῦ
791 1551 846 1586 γὰρ
861 1551 919 1583 ἑνὸς
936 1551 976 1582 είς

179 1598 197 1625 ἃ
211 1597 250 1634 μὴ
266 1597 346 1633 θέμις
370 1596 629 1632 κατολισθήσαντος,
647 1597 694 1622 καὶ
711 1595 845 1632 μηδαμῶς
866 1597 974 1631 ἔχοντος

178 1644 274 1679 ἕτερον
292 1644 338 1670 τὸν
355 1643 575 1678 διαναστήσαντα
592 1643 685 1676 αὐτὸν,
700 1643 748 1668 καὶ
771 1643 841 1677 πρὸς
857 1642 906 1677 τὴν
920 1642 974 1669 τῶν

180 1690 348 1726 κρειττόνων
363 1690 532 1717 κατάστασιν
550 1689 732 1723 ἐπανάξοντα,
750 1690 825 1724 μένει
852 1689 943 1724 σαφῶς
956 1690 973 1724 ἡ

181 1736 288 1767 πτῶσις
303 1737 350 1763 καὶ
364 1736 556 1771 κατολίσθησις
572 1736 588 1770 ἡ
604 1735 671 1769 πρὸς
688 1736 736 1770 τὴν
756 1735 894 1770 ἁμαρτίαν
906 1736 975 1771 ἁμε-

179 1783 316 1818 ταὸλητος
333 1782 381 1810 καὶ
397 1782 535 1813 παντελῶς
550 1782 724 1817 ἀδιόρθωτος.
739 1782 788 1808 Διὰ
802 1781 882 1808 τοῦτο
894 1781 976 1816 φησὶν

181 1830 210 1855 ἐν
233 1830 290 1860 τοῖς
320 1827 499 1862 Εὑαγγελίοις
516 1828 530 1854 ὀ
554 1826 673 1862 Κύριος·
695 1836 704 1852 ι
724 1827 811 1853 Ὅπου
829 1827 884 1852 εἰσὶ
896 1825 975 1861 δύοῆ

180 1876 257 1912 τρεῖς
286 1874 451 1910 συνηγμένοι
475 1875 503 1900 ὲν
526 1873 565 1909 τῷ
588 1873 648 1909 ἐμῷ
665 1873 789 1908 ὀνόματι,
803 1873 861 1899 ἐκεῖ
873 1873 930 1907 εἰμι
946 1873 977 1899 ὲν

184 1922 259 1956 μέσῳ
273 1920 364 1947 αὐτῶν
374 1928 380 1935 ·
402 1929 411 1946 ι
427 1920 475 1954 τὴν
489 1919 680 1955 ὁμοφροσύνην
698 1921 745 1946 καὶ
761 1919 913 1955 σύμπνοιαν
927 1920 977 1956 τὴν

184 1964 229 1995 ἐπ’
243 1966 340 2001 ἀγαθῷ
352 1966 406 1993 τῶν
425 1965 471 1992 δύο
489 1966 537 1992 καὶ
547 1965 631 2002 τριῶν
649 1967 793 2002 κρείττονα
813 1967 860 1993 καὶ
881 1975 977 2002 προτι-

184 2013 312 2048 μωτέραν
335 2011 382 2038 τοῦ
405 2012 464 2043 ἑνὸς
480 2013 527 2039 καὶ
542 2012 622 2047 μόνου
651 2013 744 2046 σαφῶς
771 2013 977 2048 εἰσηγούμενος.

183 2058 215 2085 Εἰ
232 2059 286 2094 γὰρ
308 2059 338 2085 τὸ
357 2058 468 2085 ἔλαττον
481 2058 583 2092 ἀγαθὸν
608 2058 808 2093 κατασεμνύνει
833 2060 882 2094 τῆς
909 2059 977 2094 ἁλη-

183 2105 261 2136 θείας
286 2105 300 2131 ό
330 2104 420 2138 λόγος,
448 2103 539 2138 πολλῷ
563 2103 665 2137 μᾶλλον
692 2104 723 2130 τὸ
751 2103 858 2139 μεῖζον·
884 2103 979 2139 ὥσπερ

183 2152 304 2187 ἔμπαλιν
322 2153 346 2178 ει
361 2151 392 2178 τὺ
408 2152 496 2187 βραχὺ
513 2151 599 2178 κακὸν
619 2150 667 2178 καὶ
680 2150 781 2185 φαῦλον
794 2152 904 2186 ἡγεῖται
916 2159 980 2178 στυ-

183 2199 267 2234 τητὺν
282 2199 331 2225 καὶ
341 2198 469 2232 φευκτὸν,
485 2197 576 2233 πολλῴ
592 2198 692 2233 μᾶλλον
707 2197 738 2224 τὸ
754 2197 855 2224 πλεῖον.
863 2199 894 2225 Ὃ
911 2206 981 2234 παρ-

183 2244 320 2281 εμπεδῶν,
335 2245 401 2279 φησὶ
423 2245 470 2272 καὶ
487 2245 501 2270 ό
527 2244 607 2278 σοφὸς
633 2243 846 2279 Ἐκκλησιαστής
861 2252 867 2258 ·
890 2253 900 2269 ι
927 2245 980 2271 Καί

1024 1003 1230 1037 humanumque
1254 1010 1315 1030 esse
1338 1005 1455 1034 constet,
1481 1000 1578 1027 melior
1601 998 1689 1025 altero
1715 996 1821 1024 ittvcni-

1025 1054 1088 1080 tur,
1117 1049 1164 1083 qui
1189 1053 1216 1077 et
1246 1047 1427 1076 humanitatis
1456 1053 1555 1081 expers
1586 1045 1641 1075 sit.
1673 1047 1700 1070 et
1735 1042 1821 1069 arari-

1024 1094 1068 1122 tiaa
1082 1095 1149 1122 vitio
1160 1102 1193 1122 ac
1203 1095 1353 1130 cupiditate
1366 1093 1490 1125 laboret;
1507 1092 1587 1119 binos
1600 1095 1691 1118 tamen
1709 1088 1819 1124 sapiens

1024 1140 1208 1169 Ecclesiastes
1227 1141 1346 1168 assumit
1364 1140 1496 1167 honestos
1518 1137 1591 1165 viros
1608 1140 1636 1164 et
1654 1135 1819 1166 unanimi-5;

1025 1191 1107 1221 atque
1127 1193 1240 1214 omnem
1254 1186 1311 1221 jam
1332 1193 1347 1212 a
1363 1185 1510 1212 verborum
1536 1190 1649 1211 suorum
1674 1188 1820 1216 compara—

1027 1233 1101 1261 tione
1116 1233 1365 1261 contradictionem
1381 1232 1463 1264 tollit,
1476 1226 1542 1259 cum
1559 1231 1633 1258 dicat
1649 1238 1655 1257 :
1677 1239 1685 1255 ι
1702 1228 1731 1255 Si
1750 1228 1820 1255 ceri-

1026 1279 1128 1313 derint,
1151 1286 1224 1306 unus
1247 1279 1335 1313 eriget
1356 1277 1517 1313 participem
1542 1284 1622 1303 suum
1641 1285 1647 1302 :
1669 1284 1677 1300 »
1698 1274 1766 1301 illud
1784 1274 1820 1301 si-

1026 1325 1171 1361 gniﬁcans,
1189 1331 1251 1352 cum
1266 1324 1421 1351 humanum
1443 1322 1587 1350 arbitrium
1605 1320 1685 1349 facile
1701 1319 1821 1352 labatur,

1025 1375 1052 1398 et
1063 1371 1148 1398 multo
1162 1370 1284 1405 paratius
1294 1371 1326 1397 ad
1344 1370 1427 1402 mala,
1439 1376 1521 1404 qttam
1535 1367 1567 1395 ad
1584 1368 1719 1395 bonarum
1737 1366 1821 1393 bone-

1029 1422 1190 1452 starumque
1205 1424 1298 1444 rerum
1312 1416 1476 1444 electionem
1498 1415 1544 1447 sit,
1561 1414 1587 1441 in
1604 1411 1776 1441 declinandis
1790 1419 1822 1438 ac

1026 1463 1189 1499 cﬁ‘ugiendi‘s
1208 1463 1253 1497 iis,
1274 1471 1336 1498 qua:
1355 1463 1493 1491 deteriora
1516 1465 1592 1494 sunt,
1617 1461 1734 1489 alterum
1751 1460 1820 1487 alte-

1027 1509 1085 1536 rius
1099 1509 1216 1537 consilio
1237 1514 1264 1537 et
1282 1517 1334 1545 ope
1353 1509 1457 1545 juravi.
1471 1507 1539 1535 Nam
1557 1508 1579 1536 si
1599 1508 1667 1535 alter
1682 1507 1709 1534 in
1726 1506 1820 1533 illicita

1026 1555 1183 1591 prolapsus,
1202 1563 1338 1591 nusquam
1352 1555 1467 1583 alterum
1485 1555 1614 1590 reperiat,
1629 1562 1644 1581 a
1660 1561 1715 1589 quo
1730 1553 1820 1588 eriga-

1028 1604 1089 1632 tur,
1124 1605 1151 1628 et
1181 1600 1208 1628 iu
1249 1601 1389 1629 meliorem
1426 1592 1488 1628 vita:
1521 1600 1623 1627 statum
1661 1602 1820 1629 revocetur,

1027 1647 1202 1675 manifestum
1241 1652 1298 1680 est,
1329 1655 1424 1675 casum
1464 1647 1525 1682 ejus
1562 1651 1589 1673 et
1624 1644 1821 1680 prolapsiorrcm

1027 1695 1053 1721 in
1073 1699 1215 1729 peceatum
1237 1701 1349 1721 manere
1385 1693 1522 1726 eamdem,
1548 1700 1599 1720 nec
1622 1691 1722 1719 mutari
1743 1690 1823 1725 quid-

1026 1748 1108 1776 quam
1129 1746 1176 1768 aut
1207 1739 1320 1776 corrigi.
1346 1738 1494 1775 Propterea
1522 1739 1589 1766 dicit
1616 1739 1642 1765 iu
1668 1737 1823 1772 Evangeliis

1028 1787 1179 1815 Dominus:
1199 1796 1208 1812 ι
1225 1787 1274 1815 Ubi
1298 1791 1363 1814 sunt
1380 1786 1436 1813 duo
1461 1791 1508 1813 aut
1533 1790 1588 1813 tres
1617 1784 1772 1818 eOngregati
1797 1784 1822 1810 in

1027 1834 1138 1862 nomine
1161 1840 1234 1865 meo,
1257 1833 1293 1860 ibi
1313 1840 1372 1860 sum
1400 1832 1427 1859 in
1454 1831 1545 1859 medio
1560 1839 1656 1858 eorum
1669 1830 1702 1856 ⁸⁸.
1723 1839 1731 1855 ι
1753 1829 1825 1855 Con-

1029 1879 1149 1908 cordiam
1180 1878 1472 1914 conspirationemque
1501 1876 1581 1911 117
1611 1875 1684 1904 circa
1722 1875 1824 1901 bonum

1030 1926 1110 1961 longe
1141 1925 1276 1960 potiorem
1314 1923 1589 1960 pmstantiorcmque
1623 1921 1739 1948 duormn
1778 1919 1825 1945 aut

1030 1971 1113 2000 tritttn
1140 1977 1212 2003 esse,
1243 1977 1325 2005 quam
1350 1969 1433 1997 unius
1459 1973 1576 2000 tantum,
1601 1965 1747 1994 manifesto
1773 1963 1825 1992 nos

1029 2018 1157 2046 edocens.
1176 2017 1205 2044 Si
1220 2017 1294 2045 enint
1317 2016 1350 2044 ab
1366 2015 1477 2043 oraculo
1493 2014 1618 2042 veritatis
1633 2013 1708 2041 bono
1724 2011 1825 2039 minori

1029 2065 1091 2092 laus
1106 2063 1249 2096 tribuitur,
1266 2063 1355 2090 multo
1369 2062 1457 2097 magis
1471 2061 1568 2094 majori
1583 2069 1590 2087 ε
1609 2066 1637 2087 ut
1656 2067 1671 2087 e
1686 2057 1826 2086 contrario

1031 2111 1053 2138 si
1067 2110 1125 2137 leve
1150 2109 1261 2144 aliquod
1287 2109 1388 2136 malum
1412 2112 1438 2135 et
1461 2111 1602 2142 peccatqu
1627 2106 1690 2133 odio
1708 2105 1826 2140 fugaque

1031 2156 1145 2191 dignum
1171 2155 1290 2182 babeatu
1299 2161 1321 2186 r,
1343 2153 1429 2181 multo
1455 2153 1541 2188 magis
1556 2150 1629 2186 quod
1648 2150 1759 2186 gratius
1779 2148 1826 2176 sit.’

1032 2202 1120 2237 Atque
1137 2201 1202 2228 illud
1220 2201 1309 2236 ipsum
1324 2200 1492 2228 conﬁrmans
1507 2199 1545 2226 ait
1560 2203 1587 2226 et
1607 2197 1717 2233 sapiens
1731 2196 1827 2223 Eccle-

1032 2248 1131 2275 siastes
1150 2257 1156 2274 :
1173 2256 1183 2272 ι
1197 2246 1230 2274 Et
1244 2246 1354 2281 quidem
1371 2246 1394 2273 si
1412 2245 1550 2273 dormiant
1571 2245 1636 2277 duo,
1653 2244 1735 2271 etiam
1752 2241 1827 2270 calor

183 2301 215 2326 γε
230 2292 279 2318 ἐὰν
295 2290 448 2326 κοιμηθῶσι
476 2290 534 2322 δύο,
557 2290 604 2316 καὶ
619 2289 709 2325 θέρμη
722 2291 814 2322 αὐτοῖς
825 2298 832 2305 ·
849 2290 897 2316 καὶ
908 2291 922 2317 ό
939 2287 975 2322 εἷς

1033 2294 1102 2327 illis;
1126 2297 1151 2320 et
1179 2300 1251 2320 unus
1274 2292 1413 2327 quomodo
1435 2291 1628 2326 caleﬁet(82)?
1645 2299 1653 2315 ι
1679 2289 1825 2317 Certamen

184 2338 244 2370 πῶς
267 2338 426 2374 θερμανθῇς
454 2346 463 2363 ι
482 2336 539 2372 Τὴν
560 2336 677 2371 ἅμιλλαν
703 2337 750 2363 καὶ
772 2336 817 2364 τὸν
833 2336 979 2372 ὲρεθισμὸν

184 2386 316 2420 ἐκατέρου
333 2385 400 2420 πρὸς
421 2383 551 2418 ἑκάτερον
577 2383 627 2417 τὴν
652 2383 698 2408 ἐπὶ
727 2384 787 2414 ταῖς
818 2383 979 2414 σπουδαίαις

184 2432 318 2468 πράξεσιν
345 2430 471 2457 ἐντεῦθεν
496 2429 676 2464 παραδηλῶν·
693 2428 785 2460 καθὼς
801 2426 878 2459 οὗτος
899 2429 981 2461 αὐτὸς

183 2477 211 2501 ὲν
229 2477 261 2510 τῇ
278 2475 361 2510 βίϐλῳ
373 2475 427 2501 τῶν
444 2473 604 2510 Παροιμιῶν
624 2473 738 2508 ἐμπεδοῖ
762 2473 890 2508 φάσκων·
907 2484 915 2499 ι
936 2474 981 2500 Σί-

219 2531 242 2548 ⁸⁸
261 2531 356 2559 Matth.
371 2539 448 2564 xvttt,
463 2531 508 2558 20.

223 2587 279 2623 (82)
301 2583 364 2615 Huic
382 2588 596 2623 Chrysostomus
613 2588 646 2616 de
661 2592 755 2615 mutua
772 2587 843 2615 inter
855 2587 981 2616 licinines

187 2623 321 2650 cbaritate
336 2623 452 2656 accepit,
469 2631 530 2657 qua:
543 2623 658 2650 invicem
674 2628 700 2650 et
711 2624 876 2658 voluptatem
893 2623 980 2657 aﬁ‘ert,

187 2664 215 2685 et
238 2659 311 2685 vires
337 2663 427 2692 auget.
456 2658 502 2686 Sic
525 2659 596 2686 enim
626 2658 797 2686 Ecclesiastee
821 2660 982 2686 auctoritate

187 2701 256 2721 usus
268 2698 310 2720 est
322 2701 329 2720 :
348 2694 403 2719 Καὶ
419 2693 513 2729 ἕτερος
525 2694 736 2729 αἰνιγματωδῶς
749 2694 937 2728 αἰνιττόμενος
952 2694 982 2720 τὸ

188 2728 301 2764 ἰσχυρὸν
314 2729 397 2755 αὑτοῦ
413 2728 504 2763 λέγει·
529 2728 797 2764 Ἐὰννκοιμηθῶσιν
812 2731 838 2756 οἱ
851 2729 917 2761 δύο,
932 2729 981 2756 καὶ

187 2764 280 2798 θέρμη
305 2764 424 2797 αὐτοῖς,
441 2765 491 2791 καὶ
519 2764 552 2791 τὸ
571 2765 722 2798 σπαρτίοις
738 2766 769 2791 τὸ
793 2764 930 2799 ἕντριτον
946 2766 981 2792 οὺ

188 2799 266 2834 ταχὺ
280 2799 536 2834 ἀπορῤαγήσαται.
559 2800 614 2835 Kal
633 2800 687 2835 γὰρ
701 2801 749 2826 καὶ
763 2800 812 2835 τὴν
827 2801 924 2835 ἡδονὴν
938 2801 981 2826 ὲν-

189 2835 277 2870 ·ιαζιθα
296 2836 344 2861 καὶ
358 2835 407 2870 τὴν
422 2835 500 2870 ἰσχὺν
515 2834 687 2863 memmi:
699 2855 706 2866 ,
726 2836 774 2862 καὶ
790 2834 924 2870 ἐμιράνει,
941 2837 981 2862 ὅτι

190 2869 238 2896 καὶ
255 2870 422 2905 ἡσυχάζουσι
435 2869 519 2906 πολλὴ
536 2870 611 2897 ἔσται
633 2871 649 2906 ἡ
666 2871 763 2906 ἡδονὴ,
781 2871 828 2897 καὶ
841 2871 982 2907 ἐνεργοῦσι

1034 2340 1097 2368 inde
1123 2340 1381 2374 contentionemque
1398 2339 1542 2366 declarans
1566 2337 1679 2365 alterius
1700 2340 1764 2364 cum‘
1786 2334 1826 2362 al?

1034 2391 1093 2414 tero
1110 2386 1182 2414 circa
1209 2386 1336 2413 virtutem
1353 2394 1359 2412 :
1375 2385 1606 2420 quemadmodum
1622 2383 1649 2410 in
1667 2383 1737 2410 libro
1761 2383 1825 2409 Pro-

1033 2433 1187 2461 verbiorum
1199 2433 1257 2468 ipse
1265 2433 1335 2460 idem
1343 2432 1471 2465 asseruit,
1479 2440 1541 2459 cum
1552 2432 1588 2458 ait
1598 2440 1619 2457 :4
1632 2424 1745 2458 Ferrum
1754 2428 1826 2457 ferro

1032 2481 1173 2508 exacuitur
1185 2500 1192 2512 ,
1223 2483 1250 2508 et
1275 2480 1357 2507 homo
1370 2479 1478 2507 exacuit
1494 2479 1591 2506 facient
1609 2478 1722 2505 alterius
1747 2478 1802 2512 (85)
1818 2487 1825 2508 ;

1033 2591 1120 2626 πολλὴ
1130 2592 1147 2626 ἡ
1163 2591 1250 2626 ἰσχύς.
1260 2591 1288 2618 Id
1300 2596 1342 2619 est
1352 2601 1357 2618 :
1369 2591 1402 2618 Et
1415 2591 1484 2618 alius
1496 2591 1563 2618 vires
1579 2591 1638 2625 ejus
1654 2598 1700 2624 per
1713 2590 1826 2626 (vuig/ma

1033 2625 1272 2662 sigrti/iciuts,dicit
1285 2635 1293 2654 :
1308 2627 1336 2654 Si
1348 2627 1403 2654 duo
1412 2626 1586 2657 dormierint,
1598 2626 1673 2652 calor
1684 2625 1737 2662 erit.
1749 2625 1825 2659 ipsis,

1033 2658 1067 2689 etv
1083 2658 1222 2690 funiculus
1240 2663 1336 2697 triplex
1358 2670 1413 2690 non
1433 2662 1512 2689 facile
1528 2666 1681 2696 rumpetur.
1710 2658 1781 2697 Nam
1804 2666 1827 2687 et

1033 2697 1195 2732 voluptatem
1206 2698 1248 2724 hic
1260 2696 1373 2724 ostendit
1387 2704 1410 2725 et
1424 2698 1502 2729 vires,
1518 2701 1541 2723 et
1559 2705 1683 2731 magnam
1696 2696 1826 2732 quiescen-

1033 2731 1104 2760 tibus
1126 2733 1298 2767 voluptatem,
1317 2741 1428 2768 magnus
1443 2732 1615 2768 operantibus
1631 2733 1697 2759 vires
1712 2731 1768 2768 [ore
1781 2731 1827 2758 de-

1033 2768 1129 2804 clarat.
1141 2766 1256 2804 {Espos
1276 2769 1302 2796 in
1319 2766 1388 2804 psal.
1405 2776 1519 2804 cxxsttt,
1533 2767 1691 2804 n.7l,Atom.
1715 2766 1759 2804 Υ.)

1069 2803 1127 2838 (85)
1140 2802 1220 2831 Prov.
1239 2802 1328 2836 xxv",
1340 2805 1382 2831 l7.
1403 2804 1437 2831 At
1453 2803 1523 2830 LXX
1538 2802 1670 2831 habent...
1682 2802 1828 2838 πρόςωπον

1035 2839 1154 2873 ἑταίρην.
