2055 3153
133 166 184 198 957

667 171 708 200 IN
725 171 1016 201 ECCLESIASTEN.
1036 185 1072 189 -
1089 173 1162 202 LIB.
1181 174 1213 203 V.

1707 169 1760 200 958

134 230 212 254 raro,
231 221 325 254 οὕτως
340 222 388 248 καὶ
402 222 631 256 παρελεύσεται.
646 225 699 251 Καὶ
720 225 764 257 τίς
787 225 806 258 ὴ
824 231 924 258 περισ-

985 233 1019 251 tes
1031 226 1085 252 dies
1098 226 1154 260 ejus
1167 227 1193 253 in
1207 227 1318 253 tenebris
1329 232 1352 254 et
1369 228 1395 253 in
1407 227 1478 253 luctu
1489 230 1513 252 et
1525 223 1663 251 irm‘uudia
1677 224 1762 250 multa

132 269 202 295 σιτία
216 268 320 299 αὐτοῦ,
335 266 355 303 ᾖ
372 269 480 302 μοχθεῖ
499 271 542 301 εἰς
563 270 692 304 ἁνεμον;
710 271 760 297 καί
779 279 811 305 τε
829 270 925 298 πᾶσαι

133 317 163 343 αἱ
184 315 293 349 ἡμέραι
309 315 403 342 αὐτοῦ
417 315 451 341 ἐν
472 315 576 342 σκότει
589 317 638 343 καί
658 317 692 343 ἐν
711 316 812 343 πένθει
828 317 877 343 καὶ
891 316 926 342 ὲν

134 360 217 396 θυμῷ
233 359 339 392 πολλῷ
356 360 405 388 καὶ
427 361 577 394 ἀρῤωστίςι
595 361 643 388 καὶ
669 363 760 396 χόλῳ.

170 407 226 441 Τὴν
251 406 426 441 ἀνθρωπίνην
448 407 663 442 παραφροσύνην
687 408 733 434 καὶ
754 407 924 440 δυσϐουλίαν,

135 450 168 477 δι’
186 449 221 486 ἦς
236 451 261 476 ot
279 451 390 483 πλείους
405 451 473 486 πρὸς
487 451 505 478 ἃ
521 451 558 487 μὴ
577 451 657 486 θέμις
674 453 863 487 ἐκτρέπονται,
879 452 927 479 καὶ¹

138 497 256 531 μόχθους
282 497 437 532 μοχθηροὺς
460 498 646 532 ἀναδέχονται,
673 498 721 524 καὶ
739 498 841 528 κόπους
863 499 927 524 ἀνα-

135 543 220 569 τλὼσι
239 542 379 574 παντελῶς
394 544 552 578 ἀνονήτους,
568 544 615 570 καὶ
636 544 820 579 τληπαθοῦσιν
837 545 927 578 ἀσυμ-

137 588 229 622 φόρως
253 588 300 614 καὶ
322 588 457 623 περιττῶς
482 588 550 623 πρὸς
577 588 705 622 οὐδεμίαν
728 589 927 620 ἀποόλέποντες

137 633 317 666 λυσιτέλειαν,
335 634 494 669 ἀρρωστίαν
518 634 578 670 ἤτοι
595 635 672 660 νόσον
686 634 775 669 ψυχῆς
793 635 927 669 προσαγό-

139 687 246 714 ρευσεν.
267 678 373 713 ᾭσπερ
397 678 452 713 γὰρ
474 678 504 704 τὸ
529 679 610 713 σῶμα
633 679 662 705 τὸ
679 679 851 714 ἀνθρώπινον
875 679 928 705 ἀπό

136 733 209 756 ⁴τινος
220 724 375 759 ὑπερϐολῆς
390 724 406 759 ἦ
424 724 569 758 ἐλλείψεως
584 724 638 751 τῶν
652 725 840 751 συνιστώντων
853 724 928 760 αὐτῷ

137 770 234 805 χυμῶν
250 769 378 804 χαλεποῖς
395 770 557 805 περιπίπτει
570 771 719 805 νοσήμασι,
731 772 778 797 καὶ
792 771 836 797 διὰ
850 771 928 797 τοῦτο

138 817 270 851 κέχρηται
293 817 444 852 τηνικαῦτα
459 817 505 842 καὶ
520 818 634 851 τροφαῖς
651 817 848 851 ἀκαταλλήλως
858 825 864 832 ⁵
881 817 928 844 ἅτε

137 862 170 896 δὴ
198 862 248 893 τὰς
274 863 401 897 συνήθεις
427 862 474 888 καὶ
501 862 651 894 λυσιτελεῖς
677 864 782 898 τροφὰς
807 864 851 890 διὰ
879 864 928 898 τὴν

139 908 292 942 μεταϐολὴν
308 908 359 942 τῆς
385 908 505 942 φυσικῆς
523 908 606 940 ἕξεως
621 909 721 943 ἥκιστα
736 909 926 944 προσιέμενον,

138 953 287 979 κάντεῦθεν
310 953 459 988 προσαύξει
490 953 591 987 μᾶλλον
619 953 665 979 καὶ
688 954 852 988 προστίθησι
879 954 928 985 τάς

139 998 229 1029 αἰτίας
245 998 299 1024 τῶν
314 999 478 1032 νοσημάτων
489 1005 495 1012 '
521 998 593 1024 οὕτω
609 999 655 1024 καὶ
673 998 746 1033 ψυχὴ
771 1007 929 1034 παρεκτρα-

138 1045 222 1071 mica.
237 1044 284 1070 καὶ
302 1045 495 1079 παραρῤυεῖσα
517 1045 571 1071 τῶν
587 1045 794 1078 καθεστηκυιῶν
809 1044 927 1079 φρενῶν,

137 1089 262 1120 ἀδούλως
280 1089 396 1123 πράττει
411 1089 491 1116 τοῦτο
507 1090 616 1115 κάκεῖνο
633 1089 702 1124 πρὸς
718 1089 794 1115 οὐδὲν
810 1089 929 1116 ἀποϐλέ-

137 1142 228 1160 πουσα
241 1134 317 1165 τέλος
333 1134 505 1169 ὀνησιφόρον.
531 1134 562 1160 ΕΞ
576 1134 641 1169 γὰρ,
661 1135 754 1168 φησὶν,
770 1134 929 1169 ἀποθησαυ-

139 1180 244 1215 ρίζεται
264 1180 313 1215 μὲν
333 1180 347 1205 (ι
364 1179 479 1211 πλοῦτος
495 1180 548 1206 ὑπὸ
564 1179 612 1205 τοῦ
635 1179 861 1215 συναθροίσαντος
879 1180 928 1206 αὑ-

138 1226 202 1257 τὸν,
229 1226 274 1252 διὰ
301 1226 406 1261 μυρίων
435 1226 542 1261 μόχθων
567 1227 613 1252 καὶ
637 1226 730 1253 κόπων
754 1227 800 1252 καὶ
827 1226 930 1261 πολλῆς

138 1271 297 1306 φειδωλίας,
314 1272 472 1307 εὑρίσκεται
490 1272 518 1298 δὲ
532 1272 731 1306 ταμιευόμενος
746 1271 877 1303 πολλάκις
891 1272 930 1303 εἱς

138 1316 262 1344 κάκωσιν
276 1316 323 1342 τοῦ
338 1316 522 1350 φυλάσσοντος
539 1316 656 1350 (κακίαν
669 1316 724 1350 γὰρ
743 1317 792 1351 τὴν
808 1317 930 1343 κάκωσιν

138 1362 282 1398 προδήλως
297 1361 450 1396 ὠνόμασεν)
462 1369 468 1375 ·
485 1359 544 1388 εἶτα
561 1361 716 1397 πειρασμοῦ
727 1370 800 1393 τινος
810 1362 931 1396 συμϐάν-

138 1417 196 1440 τος,
212 1408 338 1438 ἀπώλετο
351 1407 498 1442 δεξάμενος
513 1407 562 1442 τὴν
579 1408 620 1438 είς
631 1407 729 1439 ἄλλους
745 1409 930 1442 μετάπτωσιν,

140 1455 188 1481 καὶ
211 1454 315 1488 γυμνὸν
331 1453 378 1480 τὸν
398 1453 569 1489 κεκτημένον
593 1453 752 1480 καταλιπὼν
775 1454 822 1480 καὶ
842 1454 932 1488 πάσης

141 1499 365 1533 ἀπεστερημένον
381 1497 568 1532 παραμυθίας.
586 1498 621 1524 ’Ὴ
635 1498 689 1532 γὰρ
705 1497 812 1524 ἐκείνου
831 1498 932 1533 φοορη-

142 1545 234 1575 θέντος
257 1545 306 1570 καὶ
331 1545 584 1580 συκοφαντηθέντος
608 1544 651 1571 διὰ
677 1544 723 1571 τὸν
741 1544 866 1576 πλοῦτον,
885 1545 932 1570 καὶ

141 1591 192 1624 τὴν
207 1590 325 1625 ἐσχάτην
336 1590 473 1625 τιμωρίαν
488 1589 713 1624 κατακριθέντος,
730 1589 866 1625 ἐδημεύθη
886 1590 933 1616 καὶ

141 1637 199 1666 τοίς
224 1634 375 1669 βασιλικοῖς
392 1635 524 1670 ἐνεϐλήθη
544 1634 681 1670 ταμιείοις
697 1634 711 1661 ὁ
725 1633 835 1667 προσὼν
857 1634 933 1669 αὑτῴ

143 1680 258 1712 πλοῦτος
269 1688 276 1695 ·
291 1681 308 1716 ἦ
324 1680 462 1716 πειρατῶν
476 1681 522 1707 καὶ
535 1680 642 1716 λῃστῶν
658 1680 762 1714 ἐφόδοις
776 1680 823 1707 καὶ¹
837 1681 934 1715 λεηλα-

145 1727 217 1758 σίαις
230 1727 444 1761 κατηντηκότος,
461 1726 507 1752 καὶ
523 1726 665 1760 γεγονότος
688 1726 704 1761 ἢ
727 1725 808 1760 ἔργου
830 1726 934 1761 αἰχμῆς

143 1772 161 1807 ἢ
176 1771 296 1798 Θανάτου
314 1771 500 1806 φευκτοτέρας
515 1771 669 1806 ἀπαγωγῆς
685 1771 731 1797 καὶ¹
751 1771 881 1802 δουλείας,
895 1771 934 1806 τῷ

145 1817 282 1851 συμϐάντι
299 1817 445 1852 πειρασμῷ
464 1818 511 1844 καὶ
525 1819 557 1853 τῇ
573 1817 688 1853 τοιαύτῃ
703 1817 830 1852 συμφορᾷ
845 1817 891 1843 καὶ
904 1816 934 1843 τὸ

144 1862 192 1888 τοῦ
207 1862 325 1889 πλούτου
343 1863 468 1889 πλεῖστον
493 1862 647 1896 συναπῆλθε
670 1862 717 1888 καὶ
743 1862 934 1897 συμμετῆλθεν

146 1909 186 1938 εἰς
199 1908 249 1938 τὰς
265 1908 377 1935 ἐκείνων
395 1909 498 1943 χεῖρας,
513 1907 591 1942 Τάχα
602 1908 630 1934 δὲ
644 1908 690 1934 καὶ
702 1907 773 1934 κατά
790 1916 850 1934 τινα
866 1908 935 1942 σύμ-

147 1952 226 1978 6ασιν
240 1954 382 1986 γεγονότος
395 1953 562 1988 ἐμπρησμοῦ
576 1973 583 1985 ,
605 1953 666 1979 κατ’
690 1953 765 1979 οὐδὲν
780 1951 861 1988 ἦττον
883 1954 936 1980 ἀπ-

147 1998 232 2024 ώλετο
246 1998 457 2034 συμφλεχθεὶςῆ
472 1998 608 2033 συληθεὶς,
627 1999 674 2025 καὶ
690 1999 704 2024 ὁ
718 1998 832 2030 πλοῦτος
850 2007 936 2032 πεφυ-

146 2043 283 2078 λαγμένος
305 2044 346 2075 είς
363 2043 484 2071 κάκωσιν
504 2044 551 2071 καὶ
578 2043 668 2078 θλίψιν
690 2043 737 2069 τοῦ
763 2043 936 2078 κτησαμένου

147 2090 195 2116 καὶ
206 2090 315 2124 ἔχοντος
330 2089 400 2116 κατὰ
415 2090 464 2124 τὴν
482 2090 650 2125 ἀρρωστίαν,
664 2090 697 2124 ἣν
711 2086 789 2116 εἶπεν
805 2089 867 2116 ἰδεῖν
884 2089 937 2116 ὑπὸ

146 2136 192 2162 τὸν
205 2136 281 2170 ἥλιον
295 2137 309 2162 ὁ
323 2135 403 2169 σοφὸς
422 2135 651 2171 Ἑκκλησιαστής.

184 2183 216 2208 Εἰ
229 2182 258 2209 δὲ
270 2182 317 2208 καὶ
331 2181 414 2218 μηδὲν
429 2181 550 2216 συμϐαίη
563 2181 695 2213 τοιοῦτον,
706 2181 764 2208 ἀλλ’
774 2181 848 2208 ἔστιν
863 2181 938 2216 αὐτῷ

975 277 999 298 et
1016 273 1141 308 languore
1154 280 1178 301 et
1192 275 1295 301 insania
1311 274 1378 309 (‘27).

1091 356 1103 364 κ

1013 406 1167 434 Humanam
1183 406 1369 441 insipientiam
1382 410 1595 441 perversumque
1606 401 1761 432 consilium,

977 461 1093 488 quorum
1119 461 1202 481 causa
1227 453 1350 488 plerique
1376 452 1409 478 ad
1434 450 1528 478 illicita
1554 451 1761 477 convertuntur,

977 498 1136 533 laboresque
1152 498 1285 532 pessimos
1308 496 1472 530 suscipiunt,
1497 501 1524 521 et
1545 492 1686 520 molestias
1702 498 1763 517 om-

978 544 1044 571 nino
1059 544 1170 571 inutiles
1188 543 1315 574 tolerant,
1334 549 1451 576 cumque
1466 541 1572 568 nullum
1593 539 1672 572 plane
1687 544 1765 563 com-

978 590 1089 617 modum
1113 593 1247 624 spectent,
1269 588 1386 615 inaniter
1404 595 1435 614 ac
1450 592 1618 620 supervacue
1633 581 1765 608 afﬂictan-

979 640 1032 668 tur,
1065 636 1223 670 languorem
1251 635 1308 661 sive
1345 634 1427 661 animi
1457 631 1582 659 morbum
1610 627 1763 662 appellavit.

978 681 1212 714 Quemadmodum
1237 681 1309 707 enim
1330 687 1431 713 corpus
1457 678 1608 704 humanum
1625 682 1656 700 ex
1670 674 1766 699 humo-

979 733 1050 755 rum,
1066 725 1112 759 qui
1128 725 1153 750 in
1170 731 1202 750 eo
1218 724 1321 755 insunt,
1338 729 1454 750 excessu
1470 720 1588 755 quodam
1604 718 1645 745 vel
1659 716 1765 744 defertu

979 771 1006 798 in
1027 770 1151 796 diiliciles
1172 768 1266 795 incidit
1282 767 1404 797 morbos.
1422 771 1502 800 alque
1517 764 1551 791 ob
1572 771 1620 790 eos
1638 762 1766 790 alimenta

979 816 1084 851 appetit
1111 815 1222 841 minime
1243 814 1357 846 idonea;
1375 812 1447 847 quod
1464 817 1561 844 nempe
1580 812 1725 836 consuetos
1741 810 1768 832 ct

979 862 1060 889 utiles
1071 860 1149 887 cibos
1161 859 1264 886 aﬂ‘ecla:
1277 858 1442 886 valetudinis
1453 855 1641 884 imbecillitate
1655 852 1767 880 minime

979 907 1108 939 admittit,
1134 911 1215 940 atque
1240 905 1307 932 adeo
1323 909 1404 939 auget
1429 903 1516 935 magis
1533 909 1565 928 ac
1591 906 1676 927 novas
1693 897 1768 926 addit

981 953 1137 980 morborum
1164 959 1263 979 causas
1288 960 1295 977 :
1325 951 1366 978 sic
1393 956 1420 976 et
1445 949 1554 976 animus
1581 952 1767 974 transversum

979 1005 1068 1030 actus,
1098 998 1143 1024 ubi
1172 998 1299 1024 stabilem
1329 996 1435 1024 consilii
1461 994 1616 1022 [it'tnitatem
1634 991 1766 1022 amiserit,

980 1050 1081 1072 tenuere
1101 1045 1151 1071 huc
1170 1048 1196 1070 et
1221 1043 1287 1070 illud
1313 1042 1478 1077 aggreditur,
1509 1046 1597 1074 neque
1624 1037 1768 1064 utilitatem

980 1092 1063 1119 ullam
1079 1090 1247 1125 propositam
1268 1089 1358 1115 habet.
1374 1087 1440 1114 Nam
1458 1087 1481 1113 si
1498 1093 1574 1120 opes,
1596 1081 1694 1117 inquit,
1711 1090 1769 1108 ma-

980 1137 1041 1172 gnis
1059 1136 1120 1171 ejus
1138 1135 1277 1162 laboribus
1301 1134 1347 1168 qui
1372 1133 1504 1167 congerit,
1522 1136 1548 1158 et
1563 1130 1662 1158 sudore
1683 1127 1770 1155 multo

980 1191 1012 1210 ac
1026 1181 1195 1217 parcimonia
1213 1184 1406 1214 comparantur
1422 1188 1429 1206 :
1453 1185 1524 1212 saepe
1540 1177 1620 1204 etiam
1635 1176 1661 1202 iu
1678 1179 1770 1201 custo-

979 1229 1022 1256 dis
1038 1227 1185 1262 perniciem
1214 1226 1340 1261 seposita:
1358 1225 1548 1259 reperiuntur;
1578 1222 1675 1248 malum
1698 1220 1768 1248 enim

981 1274 1124 1301 manifesto
1147 1281 1196 1308 pro
1221 1273 1335 1307 pernicie
1353 1271 1514 1306 usurpavit:
1534 1274 1590 1296 tum
1622 1268 1771 1295 tentatione

981 1320 1072 1354 aliqua
1095 1319 1198 1352 oblata,
1227 1321 1336 1352 repente
1358 1316 1526 1350 dispereunt,
1550 1313 1726 1341 transmissm'
1736 1310 1770 1338 ad

982 1366 1060 1397 alios,
1077 1371 1194 1398 eumque
1220 1363 1248 1389 in
1265 1363 1344 1396 cujus
1366 1361 1503 1395 mancipio
1522 1363 1610 1392 erant,
1626 1358 1729 1386 nudqu
1743 1361 1771 1384 et

982 1411 1057 1439 omni
1076 1411 1173 1438 solatio
1197 1409 1321 1436 orbatum
1352 1408 1519 1442 relinquunt.
1544 1405 1599 1432 Aut
1621 1404 1705 1435 enim,
1725 1403 1771 1429 illo

983 1458 1018 1485 ob
1033 1458 1105 1491 ipsas
1119 1457 1228 1484 divitias
1242 1456 1430 1483 circumvento
1441 1459 1467 1481 et
1482 1452 1627 1480 calumniis
1639 1457 1772 1486 oppresso

984 1503 1133 1538 capitisque
1153 1502 1293 1533 damnato,
1316 1504 1449 1535 quantum
1475 1498 1592 1525 habebat
1610 1504 1690 1531 opum
1707 1502 1772 1530 pro~

946 1567 967 1595 ο
985 1549 1122 1580 scribitur,
1139 1552 1166 1575 et
1185 1548 1275 1583 regios
1292 1547 1318 1574 in
1343 1547 1423 1574 ﬁscos
1447 1544 1564 1572 infertur
1581 1552 1588 1570 :
1616 1547 1664 1569 aut
1676 1542 1770 1568 eodem

984 1594 1011 1621 in
1038 1595 1186 1628 piratarum
1210 1591 1324 1619 insidias
1349 1596 1386 1618 et"
1404 1590 1561 1626 praedonum
1588 1587 1772 1615 incursi‘onem

984 1640 1120 1674 prolapso,
1135 1646 1168 1666 ac
1184 1638 1211 1664 in
1229 1645 1318 1672 pugna
1334 1637 1436 1670 occiso,
1449 1637 1502 1669 vel,
1529 1634 1608 1670 146
1627 1632 1699 1668 quod
1718 1632 1773 1666 (28)

985 1690 1073 1713 morte
1099 1685 1219 1712 deterius
1249 1689 1308 1717 est,
1334 1684 1361 1710 in
1390 1683 1549 1711 servitutem
1579 1680 1713 1710 abducto,
1746 1678 1774 1705 iu

985 1732 1044 1766 ipso
1073 1731 1195 1766 periculo
1221 1736 1248 1758 et
1277 1730 1432 1758 calamitate
1455 1735 1517 1763 pars
1544 1733 1626 1761 opum
1655 1725 1775 1752 maxima

985 1775 1161 1810 disperditur,
1179 1779 1205 1802 et
1229 1775 1256 1802 in
1282 1775 1390 1801 illorum
1421 1772 1545 1808 pervenit
1572 1778 1681 1798 manus.
1707 1769 1776 1797 For-

987 1826 1060 1848 tasse
1086 1821 1168 1848 etiam
1195 1828 1260 1847 casu
1289 1820 1381 1854 aliquo
1406 1822 1502 1846 exorto
1531 1816 1668 1848 incendio,
1690 1815 1776 1842 nihilo

987 1867 1076 1895 secius
1093 1870 1205 1901 pereunt
1222 1866 1263 1892 vel
1280 1866 1340 1900 igne
1359 1865 1510 1897 absumpta:
1522 1862 1563 1888 vel
1577 1861 1689 1894 direpta:
1705 1859 1775 1886 divi-

987 1913 1040 1944 tize,
1068 1918 1238 1946 quzecunque
1262 1916 1375 1937 servata:
1401 1909 1508 1935 fuerant
1537 1907 1564 1933 in
1584 1904 1731 1940 perniciem
1749 1908 1776 1930 et

986 1957 1138 1985 crueiatum
1157 1955 1229 1990 ejus,
1253 1955 1300 1990 qui
1326 1953 1457 1989 possedit,
1482 1956 1509 1979 et
1523 1959 1556 1978 eo
1582 1951 1712 1985 languore
1728 1950 1774 1976 ha-

988 2003 1057 2034 buit.
1076 2010 1158 2037 quem
1176 2001 1286 2038 sapiens
1301 2000 1480 2028 Ecclesiastes
1498 1997 1549 2025 sub
1564 1996 1621 2024 sole
1634 2004 1663 2024 se
1676 1995 1776 2023 vidisse

988 2047 1141 2075 alﬁrmavit.

1026 2179 1102 2212 Quod
1120 2178 1142 2205 si
1163 2178 1229 2204 nihil
1250 2177 1302 2204 tale
1317 2167 1471 2211 contigerit,
1492 2180 1519 2203 et
1537 2178 1650 2202 servata:
1666 2174 1777 2202 domino

148 2228 360 2262 πεφυλαγμένος
385 2228 400 2253 ὀ
414 2227 530 2259 πλοῦτος
551 2228 607 2258 τοῖς
624 2227 669 2253 ὑπ’
695 2227 777 2253 αὑτοῦ
799 2228 932 2262 γεννηθεῖ-

991 2229 1119 2252 maneant
1137 2231 1213 2258 opes,
1232 2230 1300 2257 quas
1324 2223 1415 2249 liberis
1435 2222 1604 2256 posterisque
1627 2221 1732 2253 tradat;
1750 2219 1777 2246 hi

149 2283 202 2307 σιν,
225 2274 340 2306 ἕκαστος
356 2274 385 2301 δὲ
411 2274 465 2301 τῶν
487 2273 674 2308 γεννηθέντων
695 2274 799 2309 γυμνὸς
821 2273 937 2300 εἴσεισιν

186 2353 243 2388 (27)
263 2354 342 2388 Apud
366 2353 437 2380 LXX
461 2353 576 2388 legimus
598 2373 604 2380 .
628 2374 634 2380 .
658 2373 663 2380 .
692 2353 739 2379 καὶ
759 2352 911 2388 ἀπολεῖται,
925 2354 939 2379 ὁ

150 2387 266 2424 πλοῦτος
281 2387 384 2424 ἐκεῖνος
399 2389 427 2414 ὲν
445 2387 630 2424 περισπασμῷ
646 2387 825 2424 πονηρῷ.....ᾼ.
848 2387 939 2419 καθὼς

149 2423 262 2459 ἐξῆλθεν
288 2423 342 2459 ἀπὸ
363 2422 489 2459 γαστρὸς
507 2423 610 2459 μητρὸς
633 2422 722 2450 αὐτοῦ
739 2422 852 2459 γυμνὸς,
869 2424 938 2459 ,ἐπι-

150 2432 262 2457 εςηωεν
288 2432 342 2450 απο
363 2432 431 2457 γαστ
450 2432 480 2455 ος
507 2432 610 2459 μητρος
633 2432 715 2450 αυτου
739 2432 852 2457 γυμνος,
878 2432 938 2448 επι-

150 2457 262 2494 στρέψει
283 2457 330 2494 τοῦ
347 2432 525 2494 πορευεῆναι,
541 2458 663 2494 ὠςνῆκει,
687 2459 735 2494 καί.
751 2457 827 2494 οὐδὲν
849 2458 880 2494 ου
894 2457 940 2492 λήο

148 2492 230 2528 ψεται
247 2494 276 2519 ὲν
299 2492 390 2528 μόχθῳ
408 2492 559 2520 acroi"...
578 2493 684 2527 Olymp.
705 2492 819 2528 πλοῦτον
837 2492 939 2526 φυλασ-

151 2525 318 2563 σόμενονγτῷ
333 2525 398 2563 παρ’
417 2528 491 2563 αὐτῷ
510 2528 551 2559 εἰς
568 2525 667 2554 κακίαν
680 2527 831 2563 αὑτοῦ.

186 2563 242 2596 (‘28)
263 2562 328 2594 Cur,
356 2562 481 2597 inquies,
491 2563 648 2590 servitutem
668 2568 756 2589 morte
778 2562 939 2589 deteriorem

150 2597 235 2624 dicit?
249 2605 311 2624 eum
324 2605 372 2625 nec
383 2598 438 2624 vita
449 2603 550 2630 careat,
564 2602 591 2624 et
603 2597 736 2624 libertatis
747 2604 853 2631 quoque
864 2604 938 2630 spem

152 2639 232 2659 servo
256 2633 375 2667 aliquam
397 2633 543 2667 relinquat.
563 2632 632 2659 Nota
658 2632 767 2667 quidem
789 2632 832 2658 illa
858 2631 940 2658 Tullii

150 2666 446 2702 cohortatio’tPhilipp.
474 2666 515 2700 iu,
535 2667 578 2699 Μ)
595 2677 601 2694 :
622 2676 631 2692 ι
650 2666 727 2700 Quod
748 2667 769 2694 si
782 2667 848 2700 jam,
867 2667 940 2700 quod

150 2702 189 2729 dii
208 2709 289 2729 omen
302 2706 435 2734 avertant,
452 2702 536 2730 fatum
556 2707 708 2730 extremum
724 2701 878 2737 reipublicae
893 2709 940 2728 ve-

152 2737 214 2764 nit:
233 2737 307 2771 quod
330 2737 493 2772 gladiatores
514 2737 618 2764 nobiles
642 2737 755 2769 faciunt,
775 2741 804 2764 ut
829 2737 941 2763 honeste

151 2772 327 2804 decumbant,
345 2771 477 2799 faciamus
491 2781 552 2803 nos,
569 2772 704 2806 principes
715 2771 789 2798 orbis
807 2776 940 2798 terrarum

152 2808 347 2841 gentiumque.
375 2813 405 2833 ut
435 2815 496 2834 cum
526 2807 656 2841 dignitate
683 2807 774 2840 potius
800 2806 939 2839 cadamus,

151 2849 235 2876 quam
252 2850 314 2869 cum
331 2841 478 2876 ignominia
497 2843 658 2869 serviamus.
676 2841 748 2868 Nihil
769 2846 809 2868 est
825 2841 942 2869 detesta-

154 2876 237 2909 bilius
260 2877 402 2911 dedeeorc,
420 2877 486 2904 nihil
511 2878 609 2905 t'tcdius
627 2877 757 2905 servitute
777 2885 783 2904 :
805 2876 838 2904 ad
860 2877 941 2907 decus

992 2276 1082 2298 tamen
1097 2270 1195 2304 singuli
1208 2275 1234 2296 et
1247 2268 1312 2295 nudi
1329 2268 1355 2294 in
1376 2268 1458 2294 vitam
1473 2267 1597 2298 veniunt,
1612 2271 1638 2293 et
1652 2266 1716 2293 nudi
1730 2265 1779 2292 ab-

991 2355 1017 2378 et
1031 2349 1183 2376 libertatem
1202 2347 1256 2373 nati
1279 2353 1374 2372 sumus
1391 2355 1397 2372 :
1415 2350 1461 2371 aut
1485 2345 1541 2371 hzec
1564 2350 1713 2372 teneamus.
1732 2349 1779 2370 :Iut

991 2393 1052 2412 cum
1077 2383 1209 2417 dignitate
1232 2382 1390 2408 moriamur.
1414 2389 1423 2404 ι
1444 2379 1497 2406 Sed
1516 2380 1571 2417 ista
1596 2388 1628 2417 es
1656 2379 1778 2417 ltonnaua

991 2413 1144 2453 disciplina,
1168 2421 1195 2453 et
1220 2416 1339 2453 oratorio
1363 2415 1579 2453 moreprolata.
1607 2413 1663 2453 [loc
1690 2415 1780 2447 potius

991 2450 1151 2489 designabat
1174 2451 1331 2485 Gregorius,
1358 2451 1516 2477 servitutem
1541 2450 1605 2489 cila_
1621 2450 1665 2476 illa
1692 2455 1779 2489 morte

991 2485 1151 2517 deteriorem
1168 2495 1238 2517 esse,
1261 2493 1313 2520 qua
1329 2490 1481 2519 pugnantes
1500 2485 1688 2512 occumbunt:
1706 2485 1779 2518 quod

993 2525 1019 2551 in
1046 2523 1204 2551 servitutem
1223 2519 1346 2548 adductis
1369 2520 1404 2547 ad
1434 2521 1607 2547 dominorum
1635 2519 1780 2546 arbitrium

991 2559 1136 2586 vivendum
1162 2556 1364 2584 moriendumve
1383 2560 1464 2587 esset,
1486 2555 1533 2589 qui
1560 2555 1611 2581 sibi
1635 2554 1661 2581 iu
1686 2562 1780 2581 servos

992 2594 1059 2621 nihil
1075 2601 1128 2620 nou
1148 2592 1228 2618 licere
1242 2593 1382 2618 ducerent.
1401 2590 1463 2617 Haec
1479 2590 1551 2617 enim
1568 2595 1624 2616 tum
1642 2595 1699 2616 erat
1715 2598 1781 2616 cou-

991 2629 1058 2656 ditio
1075 2635 1215 2655 servorum
1232 2636 1238 2653 :
1258 2636 1267 2652 ι
1288 2626 1365 2660 Apud
1387 2633 1482 2652 outncs
1505 2633 1629 2660 paruaque
1645 2631 1748 2659 gentes,
1769 2635 1778 2650 ι

991 2664 1029 2691 ait
1043 2664 1124 2690 Caius
1141 2662 1184 2697 (L.
1202 2670 1210 2689 ι
1228 2663 1257 2693 ll,
1273 2662 1311 2687 De
1322 2661 1363 2688 his
1380 2662 1428 2697 qui
1442 2661 1483 2687 sui
1495 2660 1536 2697 uel
1550 2660 1586 2688 al.
1602 2660 1682 2697 jur.)A,
1699 2669 1706 2684 ι
1720 2660 1780 2686 aui-

992 2695 1162 2726 madvertere
1185 2704 1342 2730 pessumus,
1357 2696 1476 2723 dominis
1493 2696 1518 2722 in
1535 2704 1628 2722 servos
1652 2695 1712 2721 Viue
1734 2704 1781 2722 uc-

992 2735 1085 2768 cisque
1103 2736 1261 2767 potestatem
1275 2731 1370 2768 fuisse.
1391 2741 1400 2756 ›
1420 2731 1509 2768 Quare
1520 2732 1565 2765 qui
1578 2731 1606 2768 in
1619 2731 1779 2768 prmdonum

992 2766 1130 2796 venissent
1154 2775 1262 2797 manus,
1278 2766 1356 2793 bonis
1379 2767 1507 2793 omnibus
1531 2766 1651 2797 amissis,
1669 2773 1779 2791 usuram

992 2812 1100 2839 quoque
1117 2803 1185 2830 lueis
1199 2802 1279 2839 inulla
1294 2802 1446 2839 praestituta
1458 2801 1502 2828 die
1515 2801 1605 2839 datam
1619 2801 1657 2839 in_
1667 2801 1739 2827 luctu
1755 2805 1781 2826 ct

993 2836 1108 2867 uicerorc
1120 2838 1262 2871 capiebant
1274 2846 1280 2863 :
1293 2836 1364 2870 quod
1381 2837 1444 2864 vitae
1460 2844 1546 2871 genus
1563 2837 1616 2864 cita
1632 2836 1675 2863 illa
1694 2840 1780 2862 morte

990 2875 1051 2908 jure
1069 2875 1177 2909 gravius
1193 2873 1341 2900 videbatur.
