2038 3155
164 149 215 182 363

700 159 741 190 ΙΝ
764 157 1056 190 ECCLESIASTEN.
1087 172 1121 177 -
1140 160 1212 189 ΠΒ·
1229 161 1263 191 V.

1745 163 1800 194 970

165 213 234 248 φῶς.
252 213 338 240 Τοῦτο
353 212 406 249 γὰρ
424 214 561 250 ἐσήμανεν
575 214 670 247 εἰπὼν,
692 225 701 241 ι
719 217 773 243 Καὶ
787 216 870 252 πολλή
884 217 954 243 ἐστιν

1010 217 1125 244 multum
1140 222 1180 244 est
1194 225 1275 252 super
1297 218 1446 250 hominem,
1467 227 1476 244 ι
1497 226 1558 254 quae
1578 220 1728 252 declarant,
1745 230 1799 249 non

165 259 213 286 ἐπὶ
228 259 274 286 τὸν
297 259 453 295 ἄνθρωπον,
474 270 483 286 ι
500 261 587 296 δηλῶν
603 262 640 293 ὡς
659 262 719 297 οὐχὶ
734 263 835 294 πάντες
851 262 957 298 ἄνθρω-

165 313 211 331 ποι
226 305 276 340 τὴν
299 305 431 341 τοιαύτην
447 306 539 342 ἔχουσι
555 308 678 342 πονηρὰν
695 308 782 335 νόσον.
807 308 868 334 Εἰσὶ
889 308 954 344 γὰρ,

164 351 220 377 εἰσὶ
241 351 287 378 καί
311 360 384 383 τινες
408 353 432 378 οἱ
456 354 506 388 τῆς
527 353 717 387 προσπαθείας
740 353 795 380 τῶν
815 353 956 389 παρόντων

165 396 280 428 ἑαυτοὺς
293 398 493 433 ὑπεράραντες,
505 399 553 425 καὶ
561 399 607 425 τὸν
616 400 760 436 ἁκτήμονα
777 400 956 435 προελόμενοι

165 443 233 478 βίον,
249 444 297 470 ἃτε
315 444 347 479 δὴ
363 445 407 472 καὶ
430 444 461 471 τὸ
477 445 630 480 πολίτευμα
646 446 753 481 ἔχοντες
770 447 800 472 ἐν
819 447 954 481 οὐρανοῖς,

165 491 212 516 καὶ
230 491 268 525 μὴ
293 491 375 524 μόνον
398 491 429 517 ἐκ
445 491 492 518 τοῦ
519 493 739 527 περισσεύματος
760 493 816 519 τῶν
830 493 956 520 ὁπωσοῦν

164 537 257 568 αὐτοῖς
270 537 420 571 δεδομένων
433 537 485 564 ὑπὸ
506 539 556 572 τῆς
570 538 644 570 θείας
659 539 798 573 προνοίας,
819 540 890 568 ἀλλὰ
901 541 956 567 κάκ

163 580 210 607 τοῦ
225 581 416 616 ὑστερήματος
430 582 574 614 κοινωνοὺς
586 582 772 617 λαμϐάνοντες
780 583 843 614 τοὺς
857 582 956 614 ἐνδεεῖς

164 627 211 653 καὶ
227 626 361 662 πτωχούς.
384 626 436 652 Τὸν
451 627 534 653 πολὺν
548 626 595 654 οὖν
611 628 755 664 ἄνθρωπον
769 628 955 663 αἰνιττόμενος

164 672 260 707 ἔφησε,
281 681 290 697 ι
315 673 372 699 Καὶ
386 672 471 708 πολλή
488 674 562 699 ἐστιν
584 674 630 699 ἐπί
652 673 698 700 τὸν
712 673 865 709 ἄνθρωπον.
884 683 893 700 ι
911 674 956 700 El—

164 717 223 744 πὼν
236 717 276 748 δὲ,
301 726 311 742 ι
335 716 427 752 Ἀνὴρ,
496 717 577 744 δώσει
593 718 668 753 αὐτῷ
686 719 752 750 Θεὸς
775 718 892 745 πλοῦτον
909 719 956 745 καὶ

163 760 322 797 ὖπὰρχοντα
346 763 393 789 καὶ
416 762 505 796 δόξαν,
526 773 534 789 ι
562 763 712 796 δείκνυσιν,
733 764 773 796 ὡς
795 767 883 792 πάντα
906 765 955 800 τῆς

162 805 240 841 θείας
262 809 427 846 ἐξήρτηνται
451 810 591 845 προνοίας,
607 811 654 837 καὶ
672 812 760 838 πάντα
778 811 870 838 θεόθεν
887 821 956 848 πρυ-

115 852 118 854 ’
161 856 322 883 τανεύονται
342 858 400 888 τοῖς
414 855 581 892 ἀνθρώποις,
601 857 654 883 κᾶν
668 856 782 883 πλοῦτον
796 858 888 893 εἴπῃς,
903 857 954 884 κᾶν

1011 269 1107 290 omnes
1122 263 1247 290 homines
1263 264 1309 291 tali
1320 265 1415 292 morbo
1427 265 1540 293 allectos
1554 273 1623 293 esse.
1637 265 1706 293 Sunt
1717 268 1798 298 enim,

1010 311 1074 334 sunt.
1088 312 1115 335 et
1130 309 1252 342 quidam,
1266 309 1312 344 qui
1327 309 1462 344 superatis
1474 311 1647 345 praesentium
1665 311 1799 340 honorutn

1011 354 1158 386 illecebris,
1178 359 1204 381 et
1231 363 1348 389 paupere
1360 356 1414 382 vita
1442 361 1602 391 prmoptata,
1623 361 1753 392 tanquam
1772 359 1799 385 in

1011 398 1088 426 callis
1103 407 1189 427 avum
1205 404 1324 434 agentes,
1342 408 1394 427 non
1410 401 1497 428 solum
1515 402 1542 428 in
1557 410 1663 433 eorum,
1674 411 1734 438 quae
1748 403 1798 431 sibi

1011 451 1025 471 a
1050 444 1142 472 divina
1165 446 1335 480 providentia
1363 447 1613 483 quomodocunque
1640 449 1717 484 153
1735 451 1796 478 data

1010 494 1085 522 sunt,
1107 491 1154 517 sed
1173 491 1198 517 in
1226 493 1447 519 communionem
1475 493 1597 520 demensi
1619 501 1729 529 quoque
1754 496 1796 522 sui

1009 543 1109 569 egenos
1129 542 1155 563 et
1174 538 1313 565 mendicos
1324 538 1469 572 accipiunt.
1488 537 1634 574 Plerosque
1651 540 1733 575 igitur
1747 541 1798 567 ho-

1010 582 1115 608 minum
1134 582 1279 617 designans
1309 583 1398 610 dixit:
1420 593 1428 608 ι
1454 584 1486 610 Et
1512 585 1626 611 multum
1649 591 1692 612 est
1717 594 1799 621 super

1010 628 1173 656 hominem.)
1185 627 1231 655 [lla
1247 637 1312 656 vero
1325 630 1491 664 subjiciens:
1507 639 1516 655 ι
1531 629 1586 662 Vir,
1600 631 1643 658 cui
1659 632 1733 659 dabit
1748 633 1797 667 ipsi

1010 673 1080 700 Deus
1094 674 1203 701 divitias
1219 679 1245 702 et
1260 675 1439 702 substantiam
1456 681 1484 703 et
1499 676 1625 711 glori-am,
1643 686 1651 701 ι
1668 679 1797 710 ostendit,

1009 719 1099 745 omnia
1121 727 1135 746 a
1154 719 1245 746 divina
1272 720 1446 747 Providentia
1471 721 1598 755 appendi,
1623 727 1649 748 et
1667 722 1799 750 divinitus

1009 764 1117 800 singula
1133 764 1290 792 hominibus
1306 765 1499 797 administrari,
1522 767 1580 794 sive
1601 767 1710 796 divitias
1723 769 1798 795 dixe-

1009 810 1058 842 ris,
1075 811 1132 838 sive
1151 818 1278 845 agrorum
1293 811 1492 846 possessiones,
1514 813 1571 840 sive
1584 814 1673 841 vincta
1699 822 1798 849 magno

1009 862 1133 887 numero,
1152 856 1209 883 sive
1229 856 1411 889 dominatum,
1429 857 1485 884 sive
1510 857 1636 892 gloriam,
1659 859 1796 890 universa.

163 902 260 936 κτῆσιν
276 902 415 937 ἀρουρῶν,
439 902 490 928 κᾶν
508 901 678 936 ἀμπελώνων
704 902 820 938 μυρίων,
836 903 889 929 κᾶν
909 903 954 928 δυ-

1007 899 1130 934 inquam,
1148 900 1329 935 omnipotenti
1355 901 1401 927 Dei
1420 901 1524 935 judicio
1541 907 1568 929 et
1590 903 1729 931 voluntate
1749 913 1798 939 ap-

162 947 290 973 ναστείαν
308 947 354 973 καὶ
368 946 457 979 δόξαν,
474 947 563 973 πάντα
577 947 625 981 τῆς
641 948 861 983 ἀπειροδυνὰμου
876 949 954 984 ἐξήρ-

161 1001 258 1027 τηνται
274 992 350 1023 θείας
373 992 491 1027 κρίσεως
517 993 564 1020 καὶ
581 993 689 1028 βουλῆς,
713 995 760 1020 καὶ
781 994 842 1020 καθ’
857 994 904 1026 οὓς
921 995 954 1020 ἂν

161 1035 216 1064 οἶδε
242 1038 361 1073 τρόπους
380 1038 524 1073 χριμάτων
539 1039 752 1074 ἁκαταλήπτους
772 1040 839 1074 ἡμῖν
862 1039 953 1072 ὄντας,

161 1081 201 1115 οἷς
218 1084 269 1119 μὲν
285 1083 403 1116 δίδωσιν,
423 1081 463 1115 οἷς
480 1084 508 1111 δὲ
523 1082 660 1120 οὐδαμῶς.

198 1151 265 1180 Εἶτα
280 1154 437 1189 λαμϐάνων,
447 1155 541 1189 φησὶν,
559 1155 591 1181 ἐκ
607 1154 673 1181 Θεοῦ
689 1155 738 1190 τὴν
750 1155 891 1190 δαψίλειαν
899 1157 953 1183 τῶν

161 1200 317 1234 εἰρημένων
329 1200 379 1226 καὶ
394 1200 576 1227 πολυτέλειαν
591 1201 748 1236 ἅνθρωπος,
767 1202 816 1228 καὶ
827 1202 877 1237 τὴν
903 1203 963 1238 μέν’

162 1244 262 1272 ἑαυτοῦ
277 1245 366 1281 ψυχὴν
382 1246 532 1280 ἐμπιπλῶν
551 1247 605 1273 τῶν
623 1247 696 1273 ίδίων
709 1247 864 1282 ἐπιθυμιῶν
881 1249 954 1275 ἁπα-

162 1292 228 1323 σῶν,
243 1293 274 1319 οὐ
290 1293 426 1328 διανέμων
447 1294 475 1321 δὲ
493 1294 540 1321 καὶ
557 1294 647 1326 διδοὺς
664 1296 721 1325 τοῖς
747 1295 886 1330 δεομένοις
907 1295 954 1322 καὶ

163 1340 289 1373 πένησιν,
304 1339 462 1374 εὑρίσκεται
476 1340 570 1374 σαφῶς
586 1342 600 1367 ὁ
620 1342 743 1372 τοιοῦτος
773 1341 810 1372 ὼς
827 1341 953 1376 οὐδαμῶς

163 1383 330 1416 tacueram;
345 1384 399 1410 τῶν
415 1385 567 1420 δεδομένων
597 1386 671 1420 αὐτῷ
686 1385 778 1412 θεόθεν
798 1396 807 1411 ‹
829 1387 897 1421 πρδς
923 1386 954 1412 τὸ

163 1433 262 1464 φαγεῖν
289 1431 318 1463 ἐξ
335 1431 437 1458 αὐτῶν.
459 1441 468 1457 ι
486 1431 524 1458 Δι’
543 1432 576 1466 ἣν
593 1432 705 1463 αὶτίαν;
724 1432 797 1465 Ὅτι,
814 1433 908 1467 φησιν,
925 1434 953 1460 αἱ

163 1475 214 1509 μὲν
230 1475 377 1510 ἐπιθυμίαι
394 1477 546 1512 παρῆλθον,
558 1477 606 1503 καὶ
621 1477 676 1502 τῶν
690 1478 829 1512 σαρκικῶν
852 1478 953 1514 ἡδονῶν

162 1521 300 1556 ἠφανίσθη
316 1521 347 1548 τὸ
361 1521 475 1556 πλῆθος,
497 1523 579 1554 αὐτὸς
592 1523 621 1549 δὲ
635 1523 709 1558 λιμῷ
725 1523 877 1559 τακήσεται
904 1533 954 1559 χα-

1006 946 1103 980 pendi,
1130 954 1248 981 eumque
1275 948 1426 974 secundum
1455 948 1563 975 consilii
1592 949 1635 976 sui
1663 950 1795 982 rationes,

1005 999 1074 1026 quas
1091 992 1150 1026 ipse
1171 992 1256 1022 novit.
1274 1000 1323 1019 nos
1348 993 1516 1027 ignoramus,
1540 994 1599 1022 aliis
1620 995 1729 1029 quidem
1747 998 1798 1024 tri»

1006 1037 1099 1070 buere,
1113 1038 1175 1064 aliis
1190 1046 1243 1065 non
1260 1039 1389 1066 tribuere.

1040 1143 1100 1176 3am
1130 1156 1194 1176 vero
1216 1155 1278 1176 cum
1306 1149 1406 1182 homo,
1430 1150 1533 1185 inquit,
1560 1151 1710 1185 bonorum,
1736 1160 1791 1188 qum

1006 1195 1207 1226 recensuimus,
1224 1196 1330 1230 copiam
1348 1201 1374 1222 et
1391 1197 1551 1224 varietatem
1568 1198 1685 1232 accipiat
1700 1207 1714 1224 a
1730 1198 1794 1229 Duo.

1006 1241 1029 1268 si
1047 1241 1141 1268 animo
1163 1249 1224 1273 suo,
1245 1249 1306 1276 qum
1330 1243 1440 1276 appetit,
1462 1244 1552 1270 omnia
1579 1244 1619 1270 sic
1645 1244 1795 1279 indulgeat,

1006 1286 1074 1314 nihil
1094 1292 1123 1314 ut
1144 1288 1238 1322 egenis
1253 1292 1280 1314 et
1294 1289 1461 1323 pauperibus
1475 1289 1621 1316 distribuat
1643 1295 1724 1325 atque
1743 1291 1795 1317 inin

1006 1335 1156 1369 partiatur;
1179 1335 1202 1362 is
1220 1335 1343 1369 profecto
1361 1340 1494 1370 potestate
1514 1343 1580 1363 usus
1599 1337 1670 1363 nulla
1689 1337 1796 1364 videtur

1005 1381 1033 1408 in
1051 1381 1096 1413 iis,
1115 1388 1175 1415 qua:
1190 1381 1228 1408 illi
1249 1389 1264 1408 a
1283 1381 1338 1408 Deo
1352 1382 1414 1408 data
1433 1386 1498 1409 sunt
1522 1393 1531 1407 ι
1548 1382 1580 1408 ad
1596 1383 1794 1410 comedendum

1005 1434 1038 1454 ex
1053 1426 1131 1461 ipsis.
1151 1435 1160 1451 ι
1183 1426 1269 1459 Quam
1287 1426 1322 1453 ob
1335 1426 1557 1459 causam?Quia,
1574 1427 1672 1462 inquit,
1689 1428 1796 1455 deside-

1006 1474 1045 1500 ria
1069 1473 1268 1508 praeterierunt,
1291 1477 1318 1500 et
1340 1473 1508 1507 voluptatum
1534 1474 1659 1508 corporis
1685 1475 1796 1502 evanuit

1005 1519 1168 1550 multitudo;
1185 1518 1243 1553 ipse
1258 1526 1334 1551 vero,
1347 1526 1410 1546 cum
1429 1517 1550 1545 futuram
1565 1519 1684 1554 attigerit
1700 1520 1794 1552 vitam,

162 1567 239 1602 λεπῷ
254 1568 326 1594 κατὰ
341 1568 389 1602 τὴν
409 1567 560 1603 μέλλουσαν
582 1568 666 1603 ζωὴν,
688 1568 822 1604 μηδαμῶς
850 1569 953 1605 ἀποθη-

1006 1565 1074 1592 dura
1095 1564 1167 1592 fame
1184 1564 1370 1594 contabcseet,
1388 1564 1470 1591 nullis
1491 1564 1545 1591 illic
1564 1565 1701 1592 thesauris
1720 1566 1796 1592 beni-

163 1612 298 1647 σαυρὶσας
314 1613 404 1639 ἐκεῖσε
419 1613 463 1638 διὰ
485 1614 534 1648 τῆς
552 1614 726 1648 μεταδόσεως
752 1615 808 1640 τῶν
829 1615 954 1650 πενήτων

161 1657 196 1684 τὰ
217 1658 268 1692 τῆς
283 1659 394 1684 αἰωνίου
406 1659 455 1685 καὶ
462 1659 672 1695 διαιωνιζούσης
684 1660 833 1697 διατροφῆς
854 1669 860 1676 ·
878 1660 954 1694 ξένος

161 1702 216 1737 γὰρ
235 1702 305 1738 ἀνὴρ
320 1703 413 1739 ἕτερος
435 1703 627 1739 διαδεξάμενος
652 1705 737 1732 αὑτοῦ
762 1706 808 1732 τὸν
824 1706 951 1737 πλοῦτον,

161 1750 267 1781 ἐκεῖνος
286 1750 404 1784 φάγεται
419 1750 468 1776 καὶ
483 1751 673 1777 καταναλὼσει
690 1751 780 1778 πάντα
793 1752 854 1782 ταῖς
869 1751 952 1778 αὑτοῦ

136 1797 142 1801 “
162 1797 309 1830 σαρκικαῖς
325 1796 434 1831 ἡδοναῖς
457 1797 505 1823 καὶ
536 1797 653 1831 πράξεσι
681 1797 811 1828 κιναίδοις
845 1805 875 1823 τε
906 1797 953 1823 καὶ

163 1842 327 1877 μοχθηραῖς.
346 1842 431 1868 Τοῦτο
458 1843 487 1869 δὲ
508 1842 677 1877 σημαντικὸν
707 1842 756 1877 τῆς
776 1842 864 1877 ἄκρας
895 1842 954 1868 ἐστὶ

162 1885 347 1923 ματαιθξητος
362 1889 411 1914 καὶ
435 1888 484 1922 τῆς
503 1888 627 1923 πονηρᾶς
645 1888 805 1923 ἀρρωστίας
830 1888 881 1923 τῆς
907 1897 954 1914 κα-

161 1933 318 1968 τασχούσης
335 1934 398 1964 τοὺς
414 1933 562 1968 λογισμοὺς
574 1933 669 1965 αὑτοῦ,
685 1934 732 1959 καὶ
744 1933 954 1969 καθελκυσάσης

160 1980 201 2011 εἰς
213 1980 277 2016 ᾆδον
293 1980 430 2015 πέταυρον
455 1980 501 2006 καὶ
527 1979 643 2006 θανάτου
663 1978 777 2013 φθοράν.
810 1979 896 2005 Τοῦτο
912 1980 951 2012 δὲ,

160 2024 242 2058 φησι,
263 2023 293 2049 τὸ
312 2021 382 2055 εἶδος
398 2024 448 2058 τῆς
479 2024 661 2058 ματαιότητος
692 2024 740 2050 καὶ
756 2024 805 2058 τῆς
830 2025 953 2059 πονηρᾶς

160 2069 329 2105 ἀρρωστίας,
342 2069 403 2103 οὐχὶ
416 2070 496 2103 μόνον
514 2069 569 2094 τῶν
595 2070 699 2103 βραχὺν
728 2069 784 2103 βίον
804 2069 951 2104 λαχόντων,

161 2115 210 2140 καὶ
225 2114 276 2145 τὰς
290 2115 396 2149 ἡμέρας
410 2115 458 2148 τῆς
479 2113 552 2148 ζωῆς
569 2115 725 2149 ἐσχηκότων
751 2115 847 2148 ὀλίγας
865 2115 951 2148 ἐστὶν,

160 2159 230 2187 eam
247 2160 295 2185 καὶ
312 2159 539 2194 παραταθήσεται
551 2160 601 2194 τῆς
615 2159 687 2194 ζωῆς
703 2160 784 2187 αὑτοῦ
802 2161 832 2186 τὺ
851 2161 952 2196 μέτρον

159 2206 201 2237 είς
219 2205 267 2241 ἐτη
296 2205 392 2238 πολλὰ,
418 2206 471 2231 κᾶν
487 2205 725 2241 πληθυνοήσονται
757 2207 806 2241 τῆς
834 2207 952 2234 ἐνταῦθα

162 2251 310 2287 παροικίας
327 2252 354 2277 αἱ
372 2252 477 2286 ἡμέραι
488 2251 543 2278 τῶν
555 2251 624 2277 ἐτῶν
650 2252 734 2277 αὑτοῦ
755 2252 815 2278 καθ’
836 2252 954 2287 ὑπερϐο-
969 2241 990 2268 D

159 2295 221 2332 λὴν,
235 2297 412 2333 ἀποστερήσῃ
431 2297 460 2323 δέ
474 2296 524 2331 τῆς
538 2297 567 2322 ἐν
583 2296 781 2332 ἐλεημοσΰνσις
797 2298 842 2324 καὶ
863 2298 954 2324 διανο-

161 2345 228 2378 pati;
253 2343 309 2369 τῶν
323 2343 448 2378 πενήτων
465 2342 753 2378 παραλαμϐανομένης
771 2343 954 2378 ἀγαθωσύνης

159 2389 209 2424 τὴν
227 2389 296 2415 ίδίαν
314 2388 414 2424 ψυχὴν,
428 2389 477 2424 τὴν
500 2388 562 2422 ἴσην
585 2390 631 2414 καὶ
653 2388 702 2423 τὴν
730 2388 815 2423 αὐτὴν
838 2388 953 2423 εὑρεθή-

162 2443 240 2462 σεται
262 2435 431 2469 ματαιότητι
457 2434 504 2460 καὶ
523 2434 646 2468 πονηρὰν
676 2433 832 2468 ἀρρωστίαν
855 2434 952 2468 ἐπιφε-

161 2481 276 2515 ρόμενος
290 2488 297 2494 ·
311 2480 342 2506 οὐ
355 2480 409 2514 γὰρ
423 2481 550 2514 συνῆκεν,
564 2479 603 2505 ὃτι
619 2478 714 2512 θνητός
730 2479 799 2510 ἐστι,
815 2479 862 2504 καὶ
887 2479 954 2505 πάν-

160 2534 214 2556 τως
231 2525 461 2559 ἀποῤῥαγήσεται
484 2525 533 2559 τῆς
552 2524 692 2559 παρούσης
725 2523 809 2557 ζωῆς,
825 2523 872 2549 καὶ
899 2523 953 2549 τῶν

161 2572 236 2598 ἰδίων
257 2571 407 2606 κτημάτων
435 2571 482 2596 καὶ
501 2570 652 2605 χρημάτων
679 2568 755 2595 ἄλλοι
786 2568 953 2600 διαδέξονται

160 2619 210 2652 τὴν
230 2617 381 2644 ἀπόλαυσιν
394 2637 401 2649 ,
418 2615 551 2647 πολλάκις
566 2616 642 2646 ὅντες
659 2615 706 2641 καὶ
725 2615 881 2648 δυσμενεῖς,
916 2613 954 2644 ὡς

163 2664 231 2699 μηδὲ
249 2663 393 2699 φροντίσαι
416 2663 466 2697 τῆς
492 2661 686 2697 προσηκούσης
715 2660 812 2695 ἐκείνῳ
843 2660 952 2694 ταφῆς”

159 2711 231 2738 ἀλλὰ
248 2710 466 2746 παρεωραμένον
474 2710 637 2736 καταλιπεῖν
647 2708 694 2734 καὶ
710 2706 852 2738 παντελῶς
867 2707 954 2740 ἀπρο-

160 2757 269 2792 νόητον.

196 2823 284 2851 Τοῦτο
298 2823 326 2850 δὲ
345 2823 451 2855 πολλοῖς
469 2822 598 2854 πολλάκις
631 2822 816 2857 συμϐέϐηκεν,
847 2821 896 2847 οὐκ
924 2821 952 2846 ὲν

160 2872 222 2902 ταῖς
239 2869 455 2904 παρῳχημέναις
470 2870 576 2903 γενεαῖς
595 2869 687 2903 μόνον,
699 2867 767 2894 ἀλλὰ
784 2868 835 2893 κὰν
844 2868 875 2902 τῇ
890 2866 951 2893 καθ’

259 2915 400 2945 ΡΑτιιοι.
420 2915 477 2944 GR.
502 2913 639 2944 XCVIII.

1006 1611 1108 1646 gnitate
1122 1618 1185 1646 erga
1202 1618 1337 1645 pauperes
1355 1611 1530 1644 comparatis,
1549 1611 1621 1637 unde
1636 1615 1737 1638 aeterna
1756 1612 1796 1639 illi

1005 1663 1031 1684 et
1046 1662 1174 1691 perpetua
1199 1657 1328 1684 alimenta
1350 1657 1569 1691 Suppediteutur.
1588 1657 1635 1683 Vir
1650 1658 1723 1684 enim
1746 1665 1795 1684 ex-

1005 1707 1100 1730 ternus
1115 1703 1183 1730 alter
1203 1704 1229 1729 in
1248 1703 1307 1737 ejus
1321 1711 1386 1737 opes
1401 1703 1538 1735 succedet,
1555 1703 1600 1737 qui
1614 1703 1677 1730 edat
1690 1704 1793 1734 omnia.

1005 1753 1032 1775 et
1045 1749 1168 1783 corporis
1189 1748 1375 1782 voluptatibus
1397 1756 1429 1775 ac
1451 1749 1584 1782 pudendis
1608 1749 1795 1784 improbisque

1005 1795 1087 1821 rebus
1103 1793 1261 1827 impendens
1277 1793 1413 1820 absumat.
1436 1793 1462 1820 Id
1484 1801 1565 1828 porro
1588 1801 1703 1822 summa:
1717 1796 1795 1822 vani-

1005 1840 1069 1867 tatis
1089 1839 1220 1866 indicium
1241 1844 1283 1865 est
1302 1843 1329 1866 et
1345 1839 1457 1872 pessimi
1481 1839 1632 1873 languoris.
1649 1839 1694 1873 qui
1719 1847 1795 1866 nien-

1006 1890 1059 1912 tem
1073 1885 1132 1919 ejus
1149 1884 1342 1918 rationemque
1357 1884 1512 1918 occupavit.
1528 1885 1629 1918 quique
1645 1885 1671 1910 in
1693 1884 1793 1912 inferni

1005 1932 1118 1966 laqueos
1133 1935 1159 1958 et
1184 1931 1211 1956 in
1231 1929 1328 1957 mortis
1341 1930 1490 1964 perniciem
1507 1929 1599 1956 traxit.
1617 1929 1706 1964 Atque
1724 1931 1792 1960 haec.

1005 1977 1103 2011 inquit,
1118 1974 1247 2002 vanitatis
1266 1978 1293 2001 et
1315 1974 1426 2009 pessimi
1445 1974 1585 2010 languoris
1611 1975 1716 2009 species
1738 1982 1792 2002 non

1004 2029 1099 2050 eorum
1117 2022 1205 2049 solum
1228 2026 1279 2054 est,
1297 2022 1344 2056 qui
1368 2021 1476 2049 brevem
1493 2020 1565 2047 nacti
1581 2020 1674 2052 vitam,
1689 2027 1794 2055 paucos

1004 2068 1052 2095 ἱενὶ
1070 2067 1128 2094 dies
1144 2067 1278 2099 habuere;
1293 2066 1339 2093 sed
1357 2065 1407 2093 etsi
1419 2065 1587 2100 producatur
1598 2065 1659 2092 vita:
1673 2066 1793 2092 hominis

1005 2121 1134 2141 mensura
1154 2113 1181 2140 in
1201 2120 1287 2139 annos
1303 2113 1405 2147 plures,
1424 2116 1451 2139 et
1467 2111 1526 2139 dies
1543 2119 1676 2138 annorum
1691 2113 1752 2146 ejus
1767 2117 1795 2138 et

1004 2160 1143 2188 terrestris
1164 2160 1246 2194 hujus
1272 2159 1448 2187 habitationis
1472 2159 1498 2185 in
1515 2158 1681 2185 itnmensum
1698 2158 1794 2185 multi-

1004 2208 1160 2242 plicentur,
1184 2207 1321 2241 siquidem
1344 2205 1464 2232 animam
1488 2205 1546 2240 ipse
1567 2212 1646 2232 suam
1673 2205 1795 2232 bonitate

1007 2253 1150 2284 fraudarit,
1166 2260 1248 2286 quam
1266 2251 1453 2279 misericordia
1467 2255 1493 2277 et
1507 2250 1631 2285 largitate
1644 2258 1706 2285 erga
1727 2259 1793 2285 pau-

1005 2305 1083 2333 peres
1100 2303 1260 2331 comparare
1283 2296 1334 2323 sibi
1347 2300 1454 2330 posset,
1476 2295 1535 2329 pari
1555 2295 1649 2330 utique
1666 2296 1794 2323 vanitatis

1005 2342 1171 2378 pessimique
1193 2341 1332 2375 languoris
1358 2341 1452 2367 morbo
1472 2341 1597 2367 laborare
1621 2345 1723 2375 perget.
1740 2339 1794 2367 Ne-

1005 2396 1058 2422 que
1081 2388 1154 2414 enim
1178 2387 1320 2413 mortalem
1346 2393 1375 2412 se
1398 2393 1459 2412 esse
1485 2386 1511 2411 in
1533 2385 1655 2411 animum
1677 2386 1793 2416 induxit,

1005 2441 1089 2468 seque
1112 2441 1145 2460 ex
1177 2432 1229 2459 hac
1253 2432 1308 2458 vita
1334 2431 1458 2457 avulsum
1486 2430 1539 2462 iri;
1571 2438 1614 2457 res
1641 2438 1704 2457 vero
1730 2439 1794 2458 suus

1005 2485 1156 2512 omnesque
1171 2485 1236 2511 opes
1255 2477 1287 2504 ad
1309 2476 1387 2507 alios,
1409 2483 1481 2510 saepe
1504 2481 1530 2502 et.
1548 2476 1640 2503 hostes
1663 2477 1795 2504 transitu-

1004 2532 1060 2555 ras.
1083 2524 1129 2558 qui
1158 2523 1198 2550 sic
1222 2523 1302 2549 bonis
1322 2523 1381 2556 ejus
1403 2521 1540 2553 fruantur,
1570 2526 1598 2548 ut
1620 2529 1655 2548 ne
1678 2522 1795 2556 dejusto

1004 2570 1114 2605 quidem
1132 2569 1218 2604 ipsius
1236 2568 1315 2603 154
1328 2568 1454 2602 sepulcro
1469 2575 1534 2594 cura
1550 2573 1689 2602 suscepta.
1704 2569 1795 2604 negle-

1005 2621 1080 2643 ctum
1099 2616 1189 2651 plane,
1211 2620 1294 2650 atque
1312 2614 1459 2648 inglorium
1487 2615 1664 2649 ignotumque
1680 2614 1796 2642 derelin-

1004 2667 1099 2698 quant.

1040 2818 1117 2852 Quod
1140 2818 1232 2845 multis
1250 2817 1371 2852 profecto
1394 2823 1466 2851 smpe
1489 2815 1612 2851 contigit.
1637 2823 1686 2843 nec
1705 2821 1796 2844 trans-

1005 2865 1072 2891 artis
1091 2868 1197 2892 tantum
1215 2863 1351 2895 aetatibus,
1368 2862 1414 2889 sed
1432 2862 1513 2889 etiam
1536 2865 1640 2892 nostra.
1656 2866 1685 2888 ut
1701 2869 1795 2890 omnes

1594 2906 1630 2937 31
