2038 3155
176 207 227 241 977

715 207 757 241 ΙΝ
781 206 1070 240 ECCLESIAS’I‘EN.
1090 223 1123 227 ——
1143 211 1217 240 Lill.
1234 211 1281 242 VI.

1758 214 1809 244 978

177 271 232 294 σως
248 261 376 295 διέξεισιν
390 259 475 287 εἰπών
491 269 497 274 ³
514 269 523 285 ‹
551 260 666 295 una?»
698 263 792 297 ὅραμα
821 263 970 297 ὀφθαλμῶν

1031 264 1096 290 inus
1118 263 1158 291 sic
1180 265 1326 292 edisserit:
1343 274 1351 290 ι
1369 264 1470 292 Bonum
1496 271 1538 293 est
1566 271 1692 300 aspectus
1716 268 1810 294 oculo-

182 309 249 344 ῠπὲρ
265 307 450 343 πορευόμενον
469 307 554 342 ψυχῇ,
578 307 624 333 καί
648 316 681 341 γε
710 308 791 334 τοῦτο
819 309 970 343 ματαιότης

181 354 228 381 καὶ
239 353 400 388 προαίρεσις
419 353 574 387 πνεύματος
592 362 598 368 ·
614 364 622 379 ι
634 355 684 387 τὴν
701 355 730 380 ὲν
745 354 837 380 ἐλπίσι
851 355 900 389 τῆς
911 354 972 389 μελ-

180 397 281 434 λούσης
302 399 374 431 ζωῆς
391 399 542 433 πρόϐλεψιν
557 399 611 425 τῶν
631 400 732 433 νοερῶν
755 399 907 434 ὀφθαλμῶν
927 400 971 426 ἑν-

180 444 276 472 τεῦθεν
296 445 554 479 παραινιττόμενος,
571 445 633 471 καθ’
653 445 685 480 ἣν
701 445 747 471 καὶ
765 445 835 476 πρὸς
848 446 880 480 ἣν
904 445 973 470 πάν-

180 499 251 522 τες(
271 490 295 516 οἰ
316 489 346 521 ἐξ
366 490 464 521 αἰῶνος
491 489 538 516 τὸν
553 489 657 525 Κύριον
674 490 883 525 ὑπομείναντες,
903 500 912 515 ι
943 491 972 516 ὲν

183 536 364 571 πολυτρόποις
391 535 555 570 κακουχίαις
571 536 618 561 καὶ
647 536 753 570 θλίψεσι
783 535 914 570 διήνυσαν
941 535 972 562 τὸ

184 581 290 608 στάδιον
305 581 355 615 τῆς
386 580 528 615 παρούσης
545 579 619 614 ζωῆς
636 589 642 595 ’
662 580 687 607 οἳ
713 580 760 607 καὶ
778 580 901 615 βελτίους
926 580 972 606 εὑ-

183 627 302 662 ρέθησαν
316 625 451 660 ἀριδήλως
467 625 521 652 τῶν
537 625 733 660 πορευομένων
757 626 785 651 ὲν
795 626 855 656 ταῖς
873 625 972 660 ὁρμαῖς

183 671 236 698 τῶν
265 671 391 706 ψυχικῶν
420 670 510 697 αὐτῶν
534 670 716 705 βουλημάτων
749 670 818 704 πρὸς
844 670 913 704 μόνα
939 670 973 696 τὰ

184 717 305 752 παρόντα
332 717 380 743 καὶ
413 717 582 751 φθειρόμενα
609 716 778 752 κεχηνότες,
810 716 858 742 καὶ
890 715 973 750 μηδε-

185 763 249 798 μίαν
275 763 394 798 όπτικὴν
421 763 591 797 κτησάμενοι
619 761 674 788 τῶν
698 761 799 796 νοερῶν
824 760 973 796 ὀφθαλμῶν

182 808 297 842 δύναμιν
323 808 369 834 διὰ
395 807 515 838 πίστεως
544 807 615 842 πρὸς
654 806 704 842 τὴν
736 807 791 833 τῶν
826 806 973 841 ἐλπιζομέ-

183 862 236 880 νων
264 853 375 887 ἀγαθῶν
404 853 576 888 πραγμάτων
603 852 772 879 ὑπόστασιν·
788 852 846 878 ἀλλ’
873 850 917 878 οἷα
941 851 974 887 δὴ

182 900 294 935 ψυχικοὶ
314 899 351 935 μὴ
363 899 509 934 δεξαμένοι
521 899 556 925 τὰ
570 898 618 925 τοῦ
634 898 802 933 πνεύματος,
820 899 881 930 ταῖς
910 898 973 932 βιω-

183 947 276 977 τικαῖς
293 946 341 972 καὶ
357 946 504 980 κοσμικαῖς
521 944 641 979 τύρϐαις
658 945 706 971 καὶ
720 944 838 979 τέρψεσι
856 944 903 970 καὶ
923 944 974 979 ῥακ-
991 943 1010 970 Β

185 991 302 1021 στώναις
324 990 401 1026 παρὰ
419 991 509 1017 πάντα
529 990 574 1016 τὸν
592 989 697 1016 ἑαυτῶν
713 989 770 1024 βίον
786 989 886 1020 ἀθλίως
910 988 975 1023 ἔζη-

186 1044 246 1069 σαν,
263 1037 292 1062 ὲν
308 1034 473 1070 ματαιότητι
485 1034 733 1064 καταναλώσαντες
747 1034 778 1060 τὸ
793 1033 899 1068 δολιχὸν
925 1031 974 1059 τοῦ

185 1083 284 1118 χρόνον
309 1082 460 1118 διάστημα.
477 1081 564 1108 Τοῦτο
583 1081 638 1117 γὰρ
660 1081 876 1116 αἰνιττόμενοςό
895 1080 977 1114 σοφὸς

193 1128 411 1164 Ἐκκλησιαστὴς
426 1125 505 1159 αὖθίς
520 1135 601 1163 φησι,
623 1137 632 1152 ι
650 1126 704 1153 Καί
719 1135 750 1160 γε
767 1125 847 1152 τοῦτο
862 1125 978 1160 ματαιό-

186 1179 235 1206 της
247 1171 294 1197 καὶ
311 1171 472 1206 προαίρεσις
490 1170 658 1206 πνεύματος.
679 1179 689 1196 ι
712 1166 762 1196 Ὧν
785 1170 867 1205 ἡμεῖς
895 1170 980 1203 ἐκφυ-

187 1215 281 1248 γόντες
295 1214 345 1250 τὴν
367 1214 555 1250 μίμησιν,τὴν
577 1214 788 1250 προϐλεπτικὴν
805 1214 860 1241 τῶν
877 1213 980 1249 νοερῶν

187 1260 334 1296 ὀφθαλμῶν
348 1260 427 1296 ἡμῶν
445 1261 606 1296 όξυδερκίαν
627 1261 773 1287 κατέναντι
800 1260 851 1294 τῆς
867 1259 981 1295 μελλού-

190 1315 240 1342 σης
255 1307 327 1341 ζωῆς
345 1307 543 1342 ἀνατείνωμεν,
560 1307 628 1342 πρὸς
643 1307 674 1333 τὸ
693 1307 821 1342 βραϐεῖον
844 1306 894 1340 τῆς
923 1305 980 1332 ἄνω

189 1351 313 1387 κλήσεως
326 1352 373 1378 τοῦ
387 1351 455 1378 Θεοῦ
472 1352 664 1387 πορευόμενοι,
679 1352 728 1379 καὶ
755 1352 818 1383 τοὺς
845 1351 979 1386 πτωχοὺς

188 1398 373 1433 οἰκτείροντες
391 1397 437 1424 καὶ
453 1398 604 1434 κιχρῶντες
624 1399 681 1429 τοῖς
699 1398 826 1433 πένησιν,
859 1398 909 1432 ὅση
933 1396 980 1424 δύ-

190 1452 282 1478 ναμις,
303 1443 347 1470 ἵνα
361 1443 586 1476 πολλαπλασίους
606 1444 811 1479 ἀντιδεξώμεθα
827 1443 981 1479 Χριστόθεν

189 1490 240 1522 τὰς
265 1490 386 1525 ἀμοιϐάς
404 1499 412 1506 ο
433 1499 443 1516 ι
471 1490 500 1517 Ὀ
528 1491 583 1526 γὰρ
614 1490 698 1517 ἐλεῶν
725 1490 833 1525 πτωχὸν
864 1489 981 1522 δανείζει

189 1534 260 1569 Θεῷ,
276 1544 285 1560 ι
303 1535 370 1570 φησί
386 1544 437 1561 που
451 1535 481 1561 τὸ
495 1535 585 1569 λόγιον
601 1535 651 1568 τῆς
673 1535 749 1567 θείας
776 1535 890 1570 Γραφῆς
907 1543 914 1551 ο
935 1534 981 1560 καὶ

189 1581 239 1615 τὴν
251 1581 306 1607 τῶν
319 1581 441 1616 οὐρανῶν
457 1581 596 1616 βασιλείαν
610 1582 852 1616 κληρονομήσομεν
867 1582 895 1607 ἐν
907 1579 982 1614 αὺτῷ

1026 316 1085 334 rum
1109 316 1191 342 super
1210 309 1395 336 ambulantem
1419 310 1521 343 anima,
1543 310 1594 337 hoc
1608 311 1691 337 etiam
1705 312 1812 340 vanitas

1024 360 1051 380 et
1079 354 1256 388 prtesumptio
1285 355 1412 389 spiritus;
1430 365 1439 380 ι
1468 361 1642 390 prospectum
1670 357 1712 384 his
1737 357 1811 384 desi‘

1026 406 1113 434 gnans
1136 399 1297 433 spiritalium
1323 400 1476 432 oculorum,
1497 401 1562 428 dum
1584 400 1703 429 futuram
1727 402 1810 429 vitam

1025 451 1178 478 speramus,
1203 449 1314 478 propter
1338 452 1419 479 quam
1442 450 1469 472 ct
1494 447 1527 472 ad
1543 454 1623 481 quam
1640 454 1746 479 omnes,
1764 447 1810 481 qui

1029 497 1038 513 (
1053 495 1067 514 a
1083 488 1182 515 szL-culo
1200 488 1343 515 Dominum
1365 490 1520 517 sustinuere
1531 491 1564 522 ",
1584 500 1593 515 ι
1614 498 1661 524 per
1674 498 1812 518 aerumnas

1027 534 1125 560 mullus
1141 538 1223 568 atque
1238 534 1379 569 angustias
1397 536 1538 569 praesentis
1554 536 1615 563 vitae
1632 537 1748 563 stadium
1763 537 1813 564 ab—

1027 582 1167 609 solverunt
1183 581 1240 617 (45)
1259 590 1265 608 :
1283 581 1329 616 qui
1343 585 1370 608 et
1386 581 1588 616 praestantiores
1600 581 1659 608 sine
1672 581 1755 608 dubio
1773 581 1814 608 in-

1027 628 1101 655 venti
1117 632 1192 659 sunt,
1210 635 1292 662 quam
1315 628 1344 660 ii,
1356 627 1403 661 qui
1423 628 1554 662 appetitui
1572 632 1598 654 et
1620 627 1814 662 cupiditatibus

1027 674 1084 701 suis
1106 677 1239 708 perpetuo
1257 673 1439 708 indulgentes,
1465 680 1496 700 ac
1513 673 1655 707 praesentia
1675 673 1763 700 solum
1788 677 1816 699 ct

1027 720 1130 747 caduca
1152 719 1302 750 inhiantes,
1323 725 1380 746 tum
1406 719 1479 745 nulla
1502 719 1605 753 praediti
1628 718 1756 746 facultate
1780 718 1816 745 ad

1027 766 1173 793 videndum
1194 765 1363 800 spiritalibus
1384 765 1472 792 oculis
1499 772 1546 799 per
1571 765 1649 792 ﬁdem
1674 773 1738 792 vera
1758 764 1814 797 illa,

1027 819 1088 846 quae
1103 819 1248 845 speramus
1262 811 1344 843 bona,
1358 810 1405 837 sed
1420 810 1502 837 veluti
1520 811 1598 845 plane
1612 810 1744 838 animales
1755 818 1816 845 qua!

1028 860 1143 895 spiritus
1176 864 1250 889 sunt,
1282 858 1394 885 minime
1424 859 1570 894 perceptis,
1596 859 1678 885 vitam
1706 866 1815 885 omnem

1028 913 1107 934 suam
1122 906 1147 932 in
1170 905 1330 940 quotidiano
1351 904 1444 931 mundi
1466 905 1584 930 tumultu
1602 908 1684 938 atque
1699 904 1725 930 in
1741 905 1816 931 volu-

1025 952 1148 986 ptatibus
1172 956 1199 978 et
1227 951 1340 978 desidiis
1372 950 1472 978 misere
1492 954 1659 985 exrgerunl,
1686 949 1816 977 diuturno

1025 997 1160 1031 temporis
1173 996 1259 1031 spatio
1275 996 1301 1023 in
1315 995 1434 1023 vanitate
1448 999 1621 1030 consumpto.
1638 994 1705 1021 Nam
1721 995 1772 1022 hoc
1788 999 1818 1021 ut

1027 1042 1206 1077 signiﬁcaret,
1221 1042 1329 1076 sapiens
1344 1041 1525 1068 Ecclesiastcs
1543 1041 1642 1068 iterum
1656 1040 1694 1067 ait
1709 1049 1715 1066 ε
1734 1049 1742 1065 ‹
1760 1039 1817 1066 Hoc

1027 1088 1110 1116 etiam
1137 1088 1244 1115 vanitas
1270 1091 1297 1114 et
1322 1087 1499 1121 praeumplio
1517 1086 1640 1121 spiritus.
1659 1095 1669 1112 ι
1693 1085 1816 1119 Quorum

1030 1142 1080 1162 nos
1091 1134 1271 1162 imitationem
1284 1133 1413 1166 aversati,
1425 1133 1609 1167 perspicacem
1622 1133 1720 1159 mentis
1732 1132 1818 1159 acicm

1029 1185 1056 1208 et
1080 1184 1164 1207 totam
1197 1179 1362 1214 spiritalium
1388 1179 1530 1206 oculorum
1556 1179 1611 1205 vim
1636 1178 1669 1205 ad
1698 1177 1818 1205 futuram

1029 1227 1113 1254 vitam
1144 1226 1329 1257 intendamus,
1357 1224 1478 1252 victoria
1503 1225 1664 1259 praemium,
1690 1223 1723 1251 ad
1747 1223 1820 1258 quod

1031 1271 1103 1299 Deus
1123 1278 1173 1299 nOs
1188 1275 1276 1304 vocat,
1292 1275 1426 1306 petentes,
1449 1275 1476 1298 et
1496 1274 1628 1305 quantum
1644 1269 1759 1305 quisque
1772 1277 1821 1304 po-

1032 1323 1094 1350 test,
1109 1317 1299 1345 miscricordia
1313 1321 1341 1344 et
1353 1316 1480 1352 largitate
1495 1316 1628 1343 mendicis
1643 1320 1724 1350 atque
1739 1323 1820 1351 egen-

1031 1364 1103 1392 tibus
1126 1363 1294 1398 opitulantcs
1309 1372 1317 1390 :
1334 1370 1389 1397 quo
1409 1362 1594 1397 amplissimas
1611 1370 1626 1389 a
1645 1362 1756 1389 Christo
1777 1369 1820 1388 rr-

1031 1410 1237 1437 munerationes
1253 1408 1420 1436 referamus:
1439 1417 1448 1433 ι
1464 1408 1515 1441 Qui
1530 1409 1603 1435 enim
1621 1407 1747 1442 pauperis
1767 1407 1820 1433 mi-

1031 1459 1157 1487 seretur,
1185 1453 1326 1481 feneralur
1355 1453 1411 1480 Deo
1422 1453 1461 1485 ³³,
1481 1462 1489 1478 ι
1520 1457 1550 1480 ut
1578 1456 1619 1480 est
1649 1453 1675 1479 in
1701 1451 1821 1479 oraculis

1030 1501 1184 1528 divinarum
1198 1498 1363 1526 Litterarum
1379 1508 1385 1526 :
1399 1502 1427 1525 et
1441 1499 1518 1533 regni
1541 1497 1661 1526 cceleslis
1677 1497 1820 1524 haeredita-

1032 1548 1084 1570 tem
1108 1544 1239 1570 adeamus
1265 1550 1328 1570 cum
1357 1542 1416 1576 ipso
1443 1542 1551 1570 Christo
1569 1542 1624 1569 Deo
1649 1546 1756 1574 nostro,
1777 1541 1822 1569 cui

1034 1588 1118 1623 gloria
1131 1592 1157 1615 et
1170 1588 1315 1622 imperium
1329 1595 1391 1614 cum
1403 1587 1590 1622 omnipotente
1601 1586 1680 1613 Patre
1690 1591 1717 1614 et
1728 1589 1824 1612 sancto

190 1626 304 1661 Χριστῷ
318 1626 358 1661 τῷ
380 1626 440 1662 θεῷ
456 1627 548 1662 ἡμῶν,
563 1624 585 1661 ᾧ
599 1628 615 1661 ἡ
630 1627 694 1660 δόξα
709 1627 757 1653 καὶ
769 1626 800 1652 τὸ
817 1626 918 1661 κράτος
934 1625 980 1651 σὺν

1036 1633 1163 1668 bonoque
1184 1641 1216 1660 ac
1233 1633 1294 1660 vitae
1313 1637 1426 1660 auctore
1446 1619 1550 1667 Spiritu
1572 1640 1646 1660 nunc
1670 1637 1697 1660 et
1717 1639 1825 1667 semper

190 1672 228 1706 τῷ
249 1673 454 1708 παντοκράτορι
469 1673 557 1708 Πατρί
576 1673 624 1700 καὶ
639 1673 679 1708 τῷ
700 1672 827 1707 παναγίῳ
845 1672 891 1698 καὶ
911 1672 981 1704 ἀγα-

191 1718 230 1752 θῷ
244 1717 291 1745 καὶ
305 1717 428 1753 ζωοποιῷ
444 1719 586 1754 Πνεύματι
603 1718 650 1745 νῦν
663 1719 711 1746 καὶ
731 1718 774 1746 ἀεὶ
797 1718 844 1744 καὶ
857 1718 898 1748 εἰς
919 1716 983 1748 τοὺς

191 1763 294 1795 αἰῶνας
311 1763 365 1790 τῶν
377 1763 496 1792 αἰώνων.
517 1764 616 1799 ’Δμήν.

1037 1683 1063 1706 et
1080 1679 1108 1706 in
1124 1678 1223 1707 smcula
1242 1678 1418 1706 saeculorum.
1436 1678 1544 1706 Amen..

805 1953 989 1998 ΛΟΓΟΣ
1007 1953 1208 1996 ΕΚΤΟΣ-

775 2087 952 2131 LIBER
990 2084 1239 2131 SEXTUS.

986 2194 1021 2202 .-

989 2255 1040 2291 ξι.

232 2315 273 2343 Εἴ
284 2323 310 2342 τι
322 2314 450 2349 ἐγένετο,
468 2313 527 2348 ἤδη
547 2313 690 2347 κέκληται
707 2313 802 2348 ὄνομα
813 2315 917 2346 αὑτοῦ,
935 2315 980 2342 καὶ

1076 2316 1156 2351 159
1171 2314 1255 2342 Vsus.
1283 2314 1325 2342 10.
1348 2313 1378 2341 Si
1403 2314 1466 2349 quid
1482 2312 1552 2348 fuit,
1569 2311 1628 2346 jam
1649 2315 1769 2337 vocatum
1792 2317 1831 2335 est

196 2359 332 2395 ἐγνώσθη
358 2359 375 2386 ὅ
399 2360 485 2386 ἐστιν
510 2358 677 2392 ἄνθρωπος,
697 2360 746 2386 καὶ
768 2360 804 2386 οὐ
823 2360 991 2393 δυνήσεται

196 2406 249 2433 τοῦ
268 2405 405 2440 κριθῆναι
414 2404 489 2440 μετὰ
509 2405 562 2432 τοῦ
578 2405 773 2439 ὶσχιφοτέρου
794 2405 870 2440 ὑπὲρ
883 2407 989 2439 αὑτὸν,

196 2451 241 2478 ὅτι
265 2451 324 2478 εἰσί
339 2451 424 2484 λόγοι
437 2451 545 2477 πολλοὶ
577 2451 784 2484 πληθύνοντες
795 2451 989 2485 ματαιότητα.

233 2496 461 2532 Καθυπογράψας
476 2496 524 2522 καὶ
543 2496 716 2531 κωμῳδήσας
744 2496 790 2522 τὸν
817 2496 989 2532 ἀνελεήμονα

198 2542 244 2569 καὶ
261 2542 391 2577 φειδωλὸν
417 2541 547 2568 πλούσιον
568 2541 746 2573 παντοδαπῶς
774 2542 821 2568 καὶ
849 2543 990 2575 ποικίλως,

199 2590 245 2614 καὶ
261 2588 356 2623 μέντοι
375 2588 422 2614 τὸν
437 2588 622 2623 πορευόμενον
637 2588 731 2620 ἁπλῶς
748 2590 808 2620 ταῖς
823 2589 922 2625 ὁρμαῖς
937 2589 992 2617 τῶν

197 2634 322 2669 ψυχικῶν
351 2634 538 2670 βουλημάτων,
553 2634 601 2661 καὶ
635 2634 769 2670 μηδαμῶς
810 2635 992 2670 στοιχειοῦντα.

234 2693 340 2723 “Psal.
353 2702 427 2730 xxvr,
441 2694 484 2724 14.
518 2694 541 2710 ³³
553 2693 635 2722 Prov.
655 2702 709 2727 xu,
728 2694 772 2721 17.

238 2762 293 2798 (45)
311 2761 506 2798 Symmachum
519 2761 786 2798 sinedubi‘onoster
802 2760 989 2798 hiesequitur,

199 2795 301 2833 quippe
319 2795 378 2824 haec
391 2798 435 2824 ille
446 2797 486 2824 sic
499 2797 615 2833 reddidit
629 2805 639 2833 _:
656 2796 764 2822 Βέλτιον
778 2795 956 2833 προθλέπειν,
973 2795 990 2829 ἢ

199 2831 302 2860 ὂόεύειν
315 2833 498 2868 compactis,
509 2832 538 2859 Id
552 2836 603 2868 est,
622 2831 746 2868 l’rwstatr
755 2832 900 2864 providere,
913 2838 992 2868 quam

200 2868 337 2895 nmbuIare
363 2864 440 2902 prout
469 2864 543 2902 libet,
561 2867 627 2902 rsive
647 2867 887 2902 secundumvana
903 2864 992 2902 animi

202 2903 348 2931 desideria.
363 2900 428 2930 Nam
444 2901 516 2937 ψυχὴ
531 2901 613 2930 etiam
626 2906 667 2931 est
679 2901 711 2929 τὸ
725 2900 942 2937 ἐπιθυμητικόν·
963 2904 992 2927 ιιι

1040 2370 1133 2390 nomen
1150 2362 1217 2396 ejus,
1232 2366 1257 2388 et
1279 2360 1412 2395 cognitum
1431 2359 1550 2395 quodest
1569 2358 1658 2389 homo,
1671 2362 1695 2384 et
1715 2363 1765 2383 non
1787 2363 1830 2390 po-

1041 2408 1102 2435 terit
1126 2405 1281 2433 contendere
1306 2413 1365 2432 cum
1383 2404 1493 2439 fortiore
1519 2411 1596 2438 super
1617 2411 1655 2434 se,
1683 2402 1746 2436 quia
1770 2404 1831 2427 sunt

1042 2453 1119 2481 verba
1132 2453 1217 2480 multa
1235 2451 1443 2486 multiplicantia
1458 2450 1602 2477 vanitatem
1616 2448 1683 2484 (46).

1078 2498 1166 2525 Divite
1183 2498 1251 2533 jam,
1274 2498 1320 2532 qui
1346 2500 1373 2524 et
1396 2496 1593 2523 immisericors
1610 2495 1647 2522 sit
1667 2498 1694 2522 et
1720 2499 1831 2523 avarus,

1052 2543 1227 2572 omnifariam
1245 2542 1392 2577 multisque
1407 2541 1496 2568 modis
1512 2540 1650 2575 descripto
1670 2547 1702 2566 ac
1729 2541 1833 2571 notato,

1044 2596 1096 2616 nec
1114 2589 1205 2615 minus
1230 2595 1274 2621 eo,
1299 2587 1346 2622 qui
1364 2594 1417 2614 non
1437 2586 1520 2613 alium
1536 2586 1598 2613 vitae
1621 2585 1716 2612 ducem
1741 2583 1832 2616 habet,

1047 2642 1129 2670 quam
1152 2633 1302 2669 appetitum
1318 2632 1505 2667 animalesque
1528 2630 1701 2666 cupiditates,
1716 2637 1748 2657 ac
1765 2628 1834 2656 nihil

1046 2767 1107 2788 cum
1123 2760 1160 2787 ait
1176 2759 1319 2787 Psalmista
1338 2762 1460 2787 sanctus.
1475 2757 1520 2792 Μὴ
1532 2755 1661 2792 παραδῷς
1680 2762 1714 2789 με
1729 2754 1769 2792 εἰς
1784 2753 1836 2792 ψο-

1046 2796 1096 2831 χὰς
1111 2795 1257 2822 θλιϐόντων
1275 2803 1308 2829 με
1321 2802 1329 2809 ⁸
1347 2794 1372 2820 id
1391 2797 1442 2831 cs_t,
1462 2791 1500 2831 Ne
1514 2789 1656 2831 tradideris
1678 2798 1717 2816 me
1732 2790 1759 2816 tu
1776 2789 1836 2816 ani-

1047 2824 1103 2857 ἷῖιαέ
1121 2824 1309 2857 ινίἰηιίαιιιὶιὶιη
1327 2836 1375 2855 me.
1395 2827 1482 2863 (Psal.
1496 2835 1559 2863 xtvr
1575 2846 1582 2859 ,
1603 2824 1659 2861 ἰοὶ.)

1082 2865 1138 2902 (46)
1159 2865 1237 2901 Apud
1251 2863 1323 2891 LXX
1333 2884 1340 2891 .
1351 2884 1357 2892 .
1371 2860 1454 2891 ..καὶ
1468 2863 1498 2889 οὐ
1509 2862 1654 2897 δυνήσεται
1668 2860 1807 2896 κριθῆναι.
