2038 3155
223 177 277 208 979

770 177 801 207 S.
827 177 1017 207 GREGORH
1038 178 1295 209 AGRlGENTINI

1787 175 1859 210 ’980

219 234 253 262 de
275 241 381 261 morum
404 240 519 261 suorum
535 233 726 261 emendatione
749 233 889 268 animique
905 235 1011 261 cultura

1064 235 1110 260 καὶ
1135 234 1303 270 ῥυθμίζοντα
1320 235 1369 270 τὴν
1389 233 1462 270 ζωὴν
1473 235 1535 266 ταῖς
1550 236 1751 270 πνευματικαῖς
1776 244 1860 262 κατα-

220 280 343 313 laborat;
361 280 460 307 transit
478 287 552 307 nunc
570 279 603 305 ad
621 278 736 305 alterum
762 284 966 313 argumentum,
983 279 1010 306 in

219 333 308 360 coque
330 331 454 353 versatur
479 330 562 360 atque
578 324 626 357 ait,
654 324 722 350 nihil
746 324 774 351 in
800 324 845 357 iis,
860 332 921 358 quze
939 324 1011 351 facta

220 376 294 404 sunt,
309 371 433 398 relictum
449 379 575 406 usquam.
596 370 669 405 quod
685 371 745 398 sine
759 369 941 404 appellatione
956 370 1010 397 sit:

220 422 249 444 et
270 417 404 452 quidquid
423 416 525 444 factum
549 417 587 444 sit
612 422 659 444 aut
683 423 745 444 esse
769 415 892 450 coeperit,
917 420 1011 449 aptum

221 471 321 490 nomen
340 464 535 498 propriumque
550 461 714 489 vocabulum
737 461 895 496 accepisse:
912 461 1013 495 quippe

221 510 313 536 omnia
332 516 421 535 rerum
437 508 568 535 Conditor
582 513 645 535 ante
660 507 749 540 novit,
767 511 794 534 et
806 507 927 534 futurum
943 506 1013 534 scie-

221 555 279 586 bat,
293 559 322 581 ut
335 555 461 582 homines
475 554 674 587 dividerentur,
686 557 713 580 et
728 553 854 587 pluribus
874 553 1013 588 variisque

223 601 377 636 linguarum
407 608 439 628 ac
465 600 644 628 dialectorum
670 599 831 626 diﬂ'erentiis
857 599 1012 635 distingue—

221 651 326 674 rentur.
350 647 444 681 Itaque
455 647 497 673 vel
508 647 532 673 si
546 646 609 680 quis
625 654 682 673 rem
704 646 823 680 aliquam
839 653 888 681 pro
903 646 1012 681 lingua-

222 698 284 717 rum
305 698 336 717 ac
359 690 540 717 dialectorum
566 690 726 717 discrimine
749 690 828 717 aliter
851 691 1013 725 direrseque

221 735 402 762 denominare
424 738 559 767 conetur;
585 742 639 761 non
669 735 730 762 ideo
758 735 845 769 ipsam
872 742 925 762 non
952 742 1013 762 esse

222 782 363 814 eamdem,
390 786 438 808 aut
457 789 512 808 non
538 781 618 808 talem
643 789 756 809 manere
779 785 862 816 atque
882 781 1012 816 agnosci,

222 827 312 862 qualis
329 835 344 854 a
356 827 506 855 Conditore
518 827 589 854 facta
604 831 645 855 est
662 837 668 853 :
686 832 715 854 ut
735 827 888 861 subjectum
902 828 1012 862 quidem

221 874 312 908 ipsum
346 873 576 908 appellationibus
605 873 798 900 denominetur
819 873 960 907 pluribus,
985 878 1013 900 at

223 918 407 952 immutabile,
417 919 452 946 ob
465 918 644 946 dialectorum
660 918 821 946 varietatem
834 918 902 945 nihil
918 919 1012 951 variet,

221 969 248 991 et
264 971 319 991 una
330 964 390 998 ejus
401 963 551 998 eademque
563 968 662 990 natura
675 963 720 996 sit,
738 971 799 998 qua:
812 963 922 990 nomina
936 963 1014 998 plura

221 1016 249 1038 et
263 1011 395 1039 vocabula
413 1011 508 1038 multis
533 1017 549 1037 e
568 1010 670 1045 linguis
692 1010 765 1037 inter
788 1017 818 1037 se
834 1010 951 1038 diversis
965 1010 1014 1038 ad-

221 1058 323 1089 mittat,
343 1058 376 1085 ad
405 1065 462 1085 rem
485 1064 569 1084 unam
598 1056 796 1092 designandam
822 1056 1012 1092 pertinentia:

221 1105 452 1138 quemadmodum
471 1104 499 1131 in
518 1111 587 1132 auro
600 1108 627 1131 et
642 1103 669 1130 in
690 1103 752 1138 igne
774 1107 856 1137 atque
871 1102 898 1130 in
913 1103 1013 1130 simili-

220 1151 273 1178 bus
296 1151 390 1178 videre
406 1151 467 1178 licet
482 1150 549 1186 (47).
570 1149 627 1178 Nec
649 1157 724 1182 vero,
747 1149 770 1177 si
785 1149 849 1184 quis
870 1148 1012 1176 hominum

223 1197 302 1233 160
313 1197 416 1232 aliquid
433 1205 540 1230 eorum,
550 1204 611 1232 quze
626 1196 697 1224 facta
708 1200 783 1229 sunt,
804 1195 942 1223 contrario
962 1203 1014 1222 no-

220 1243 296 1270 mine
318 1243 454 1278 appellare
473 1243 582 1275 audeat,
603 1242 706 1269 idcirco
722 1249 804 1276 quam
826 1241 957 1269 Conditor
979 1241 1014 1269 ab

222 1289 329 1324 origine
353 1288 450 1316 indidit
475 1288 712 1315 nomenclaturam
730 1292 837 1314 mutare
860 1287 884 1314 is
904 1288 1012 1322 possit,

223 1340 353 1369 tanquam
366 1334 389 1361 si
405 1334 503 1361 melius
521 1334 626 1368 aliquid
640 1333 831 1368 excogitasset.
846 1332 925 1360 Novit
940 1333 1013 1360 enim

221 1380 366 1412 Conditor,
378 1387 459 1415 quam
471 1380 565 1415 gloriae
576 1379 699 1413 avidum,
714 1387 796 1414 quam
811 1379 1012 1407 contentiosum

222 1425 324 1452 animal
351 1425 433 1452 homo
462 1425 571 1452 futurus
598 1428 671 1456 erat,
699 1428 726 1451 et
754 1428 886 1459 quantum
907 1429 1014 1452 certare

223 1471 294 1498 inter
310 1479 339 1498 se
363 1471 499 1498 debebant
522 1471 556 1498 de
573 1469 732 1497 inventione
752 1470 894 1497 nominum
919 1478 1014 1497 recen-

222 1514 336 1541 tiorum.
362 1514 397 1541 At
415 1524 424 1540 ‹
439 1514 499 1541 Non
524 1514 634 1549 poterit,
645 1514 746 1548 inquit,
771 1513 936 1541 contendere
950 1523 1013 1542 cum

1064 281 1176 308 στάσεσι
1191 290 1199 297 ”
1218 282 1266 308 νῦν
1282 282 1326 316 ἐφ’
1345 281 1444 316 ἑτέραν
1458 280 1589 307 ὑπόθεσιν
1609 280 1715 315 μέτεισι
1732 286 1779 308 και
1799 282 1858 308 δια-

1063 328 1182 354 τείνεται
1207 329 1255 354 καί
1270 337 1348 364 φησι,
1369 328 1453 363 μηδὲν
1472 328 1501 354 ἐν
1522 328 1580 359 τοῖς
1612 328 1752 362 γεγονόσιν
1773 329 1858 355 ἀκατ-

1062 374 1215 408 ονόμαστον
1243 374 1357 408 ὲαθῆναι
1371 375 1402 400 τὸ
1413 373 1525 401 σύνολον
1537 379 1545 387 ⁸
1562 373 1632 401 ἀλλὰ
1646 374 1712 406 πᾶν,
1725 374 1738 399 a
1749 374 1858 408 γέγονε,

1063 421 1110 446 καὶ
1125 420 1195 456 πρὸς
1209 421 1239 447 τὸ
1254 419 1324 448 εἶναι
1338 420 1543 456 παρήχθη,τὴν
1561 420 1718 456 πρόσφορον
1732 421 1779 447 καὶ
1793 430 1858 447 κατα

1063 466 1180 500 άλληλον
1195 466 1289 493 λασεῖν
1302 467 1451 502 ὀνομασίαν
1465 467 1513 493 καὶ
1525 466 1622 501 κλῆσιν
1636 475 1643 482 ·
1661 467 1700 499 ὡς
1715 475 1858 502 προεγνω-

1063 512 1143 544 κότος
1168 512 1216 539 τοῦ
1234 512 1386 544 Κτίσαντος
1411 512 1446 538 τὰ
1462 512 1553 539 πάντα
1569 512 1617 538 καὶ
1646 512 1692 539 τὸν
1704 513 1859 548 ἄνθρωπον,

1063 557 1102 588 ὡς
1124 557 1329 593 διαιρεθήσεται
1356 557 1404 584 καὶ
1431 557 1631 593 μερισθήσεται
1663 558 1777 593 μυρίαις
1810 559 1858 586 καὶ

1064 604 1202 636 ποικίλαις
1219 604 1351 639 γλωσσῶν
1369 604 1420 631 καὶ
1443 604 1596 631 διαλέκτων
1619 604 1775 640 διαφοραῖς.
1803 604 1859 631 Καὶ

1063 650 1109 676 διὰ
1131 650 1212 677 τοῦτο
1228 650 1279 676 κᾶν
1300 649 1447 685 πειραθείη
1471 658 1514 681 τις
1535 650 1584 676 καὶ
1611 649 1667 676 τῶν
1686 650 1858 685 πραγμάτων

1063 695 1182 722 ἕκαστον
1205 696 1407 731 κατονομάζειν
1430 695 1546 727 ἀλλοίως
1577 696 1625 722 καὶ
1650 696 1779 730 ὲτεροίως
1806 704 1857 722 κα-

1064 741 1098 767 τὰ
1119 742 1169 777 τὴν
1185 741 1317 776 γλωσσῶν
1352 742 1398 768 καὶ
1425 741 1574 768 διαλέκτων
1603 742 1757 776 διαφοράν’
1788 741 1858 777 πλὴν

1064 787 1133 813 ἀλλὰ
1175 787 1230 822 γὰρ
1261 784 1333 813 εῖναι
1367 787 1416 814 καὶ
1447 786 1587 822 διαμένειν
1612 788 1658 813 καὶ
1695 787 1858 821 διεγνῶσθαι

1064 833 1095 858 τὺ
1106 833 1224 868 πρᾶγμα
1235 832 1366 865 τοιοῦτον,
1380 830 1436 860 οἷον
1452 833 1499 859 καὶ
1513 832 1610 866 γέγονε
1630 832 1706 868 παρὰ
1719 832 1766 859 τοῦ
1779 834 1860 868 Ποιή-

1068 887 1167 910 σαντος
1183 887 1189 893 ·
1210 880 1248 910 ὡς
1265 879 1297 905 τὸ
1313 879 1380 906 αὐτὸ
1406 879 1593 913 ὑποκείμενον
1607 878 1790 913 ὀνομάζεσθαι
1808 879 1857 914 μὲν

1067 924 1180 959 μυρίαις
1194 924 1405 959 προσηγορίαις,
1436 924 1475 958 μὴ
1502 923 1727 951 συναλλοιοῦσθαι
1755 924 1784 950 δὲ
1811 924 1858 951 καὶ

1066 968 1329 1002 συνεξαλλάττεσθαι
1347 970 1408 1001 ταῖς
1418 969 1474 996 τῶν
1490 969 1641 996 διαλέκτων
1655 970 1798 1006 ἑτερότησι
1811 970 1858 996 καὶ

1064 1016 1223 1051 διαφοραῖς’
1241 1015 1300 1043 ἀλλ’
1322 1014 1392 1042 εἷναι
1407 1015 1456 1051 μὲν
1471 1015 1555 1043 αὐτοῦ
1573 1017 1622 1052 τὴν
1634 1016 1716 1050 φύσιν
1733 1016 1799 1051 μίαν
1809 1016 1859 1043 καὶ

1064 1062 1114 1097 τὴν
1131 1062 1228 1097 αὐτὴν,
1252 1061 1353 1093 πολλὰς
1371 1061 1457 1089 δὲκαὶ
1484 1062 1630 1097 διαφόρους
1660 1061 1789 1097 δέχεσθαι
1808 1062 1857 1094 τὰς

1065 1109 1141 1144 παρὰ
1151 1109 1206 1135 τῶν
1223 1108 1330 1135 πολλῶν
1347 1109 1396 1134 καὶ
1414 1108 1554 1143 διαφόρων
1569 1108 1702 1143 γλωσσῶν
1724 1116 1858 1143 προσηγο-

1065 1155 1127 1191 ρίας
1151 1155 1199 1182 καὶ
1214 1155 1327 1190 κλήσεις
1346 1155 1414 1189 πρὸς
1434 1154 1464 1180 τὺ
1480 1154 1547 1181 αὐτὸ
1573 1154 1776 1190 σημαινόμενον
1792 1163 1856 1180 συν-

1066 1201 1170 1232 ιούσας,
1184 1202 1222 1232 ὡς
1238 1201 1283 1227 ἐπὶ
1303 1200 1351 1226 τοῦ
1365 1199 1466 1235 χρυσοῦ
1488 1199 1534 1226 καὶ
1546 1199 1594 1226 τοῦ
1627 1199 1715 1235 πυρὸς
1731 1200 1777 1226 καὶ
1802 1199 1858 1226 τῶν

1065 1247 1268 1283 παραπλησίων
1283 1246 1374 1284 ῥᾴδιόν
1388 1247 1445 1272 ἐστι
1460 1246 1592 1273 κατιδεῖν.
1609 1246 1664 1272 Καὶ
1690 1245 1741 1272 κᾶν
1758 1246 1856 1281 πειρά-

1065 1293 1138 1319 σοιτὸ
1153 1301 1195 1323 τις
1208 1291 1361 1327 ἀνθρώπων
1378 1292 1563 1326 ἀντονομάται
1583 1299 1609 1318 τι
1622 1291 1677 1317 τῶν
1691 1291 1856 1325 γεγονότων,

1064 1337 1166 1372 ἥκιστα
1188 1338 1335 1373 δυνήσεται
1367 1338 1535 1373 μεταῆαλεῖν
1560 1337 1610 1372 τὴν
1636 1337 1759 1372 ἀρχῆθεν
1782 1337 1858 1372 αὺτῷ

1064 1383 1140 1418 παρὰ
1153 1383 1200 1410 τοῦ
1223 1383 1397 1419 Δημιουργοῦ
1412 1383 1560 1418 δεδομένην
1568 1382 1729 1418 ὀνομασίαν,
1746 1383 1784 1414 ὡς
1797 1383 1858 1417 βέλ-

1063 1430 1122 1456 τιόν
1136 1439 1162 1456 τι
1175 1430 1256 1464 δῆθεν
1271 1428 1432 1465 ἐπινοήσας.
1447 1429 1539 1463 Ἔγνω
1558 1429 1614 1464 γὰρ
1643 1430 1657 1456 ὁ
1672 1429 1858 1464 Δημιο-λργός,

1063 1475 1101 1507 ὡς
1119 1476 1256 1510 φιλόδοξον
1271 1477 1318 1502 καὶ
1332 1475 1487 1509 φιλόνεικον
1501 1475 1570 1507 ζῶον
1583 1476 1597 1501 ὁ
1611 1474 1754 1510 ἄνθρωπος
1767 1474 1858 1507 ἔσται,

1065 1522 1112 1548 καὶ
1124 1522 1226 1558 πολλὴν
1243 1522 1363 1558 ἅμιλλαν
1377 1522 1469 1556 ἕξουσι
1486 1522 1555 1557 πρὸς
1574 1521 1709 1555 ἀλλήλους
1723 1522 1769 1547 ἐπὶ
1795 1530 1858 1548 και-

223 1560 337 1587 ἱοιιίοιιο
355 1567 438 1594 super
458 1567 497 1590 se,
515 1567 525 1584 ι
550 1558 575 1585 id
593 1562 651 1590 est,
669 1566 843 1593 nequaquam
870 1559 893 1586 is
912 1559 1013 1593 poterit

1065 1569 1182 1604 νοτέρων
1193 1569 1335 1603 ὀνομάτων
1349 1569 1505 1604 εὑρέσεσιν.
1529 1568 1601 1594 Ἀλλ’
1615 1578 1624 1593 ι
1637 1568 1697 1594 οὐδὲ
1712 1568 1859 1602 δυνήσεται

223 1605 355 1632 certando
385 1612 449 1631 cum
481 1604 687 1639 sapientissimo
716 1608 798 1638 atque
826 1604 1015 1639 omnipotente

224 1658 316 1676 rerum
333 1649 457 1676 omnium
469 1648 620 1675 Conditore
632 1648 730 1675 melius
746 1648 896 1683 quidquam
913 1653 1015 1676 extun-

223 1695 288 1722 dere
300 1699 328 1722 et
342 1694 429 1729 magis
451 1693 687 1721 accommodatum
706 1702 713 1720 :
732 1693 778 1720 sed
794 1702 878 1720 unum
893 1694 1015 1728 proiecto

224 1740 292 1767 illud
312 1731 407 1766 multis
432 1739 605 1773 diversisque
629 1741 657 1765 in
679 1739 855 1766 sermonibus
877 1740 1014 1766 variarum

223 1786 315 1813 omnis
331 1785 440 1820 generis
462 1785 672 1817 cogitationum,
693 1784 740 1819 qui
764 1785 815 1812 hoc
832 1785 947 1816 faciunt,
970 1793 1016 1813 as-

224 1832 313 1859 secuti
327 1831 483 1862 videantur,
502 1835 532 1858 ut
547 1831 696 1858 vanitatem
713 1838 790 1858 suam
807 1837 936 1865 augeant,
951 1837 978 1859 et
999 1840 1013 1859 a

223 1877 338 1905 Veritate
359 1885 391 1904 ac
414 1881 511 1904 natura
535 1883 628 1904 rerum
645 1877 880 1912 aberrentzquod
903 1879 1014 1913 sapiens

223 1923 404 1951 Ecclesiastes
433 1923 602 1955 declaravit,
633 1930 697 1950 cum
720 1923 811 1950 dixit:
831 1933 840 1948 ε
856 1922 927 1956 Quia
950 1931 1015 1951 sunt

223 1969 304 1997 verba
324 1969 410 1998 multa
427 1968 640 2004 Inultiplicantia
654 1967 815 1996 vanitatem.
834 1978 843 1994 ι
866 1961 868 1963 ’

258 2067 326 2093 Dnm
341 2066 414 2093 enim
435 2064 512 2091 multi
529 2065 601 2091 inter
617 2071 646 2091 se
669 2063 849 2095 contendunt,
865 2068 892 2090 et
908 2063 1014 2098 linguas

222 2112 341 2146 litigiosa
363 2111 548 2145 disputatione
568 2114 723 2141 exacuunt,
748 2113 779 2136 ut
804 2109 1013 2143 appellationem

223 2158 343 2192 aliquam
364 2155 453 2191 magis
479 2163 576 2182 novam
602 2155 745 2190 imponant
769 2155 863 2186 rebus,
889 2156 1015 2191 sequitur

222 2201 390 2233 necessario,
408 2206 437 2228 ut
459 2209 477 2228 al
499 2201 673 2228 convenienti
696 2200 811 2228 veritate
826 2201 1010 2233 deﬂectentes,

223 2248 277 2274 \im
293 2254 417 2283 magnam
443 2247 574 2274 inducant
592 2245 724 2273 falsarum
749 2246 911 2281 opinionum
928 2254 1012 2274 vano-
1028 2236 1050 2263 Ῑ)

222 2302 340 2329 rumque
365 2297 595 2325 commentorum,
615 2296 640 2319 et
656 2293 684 2319 in
711 2298 853 2326 peccatum
874 2294 1016 2327 prolaban-

223 2345 277 2367 tur.
300 2339 380 2372 Quod
406 2338 554 2373 designans
579 2342 754 2365 externorum
770 2346 880 2374 quoque
894 2340 1015 2375 philoso-

222 2386 338 2420 phorum
367 2385 495 2420 princeps
528 2384 568 2410 sic
596 2383 635 2410 ait
663 2392 669 2410 :
695 2393 704 2408 ι
725 2382 844 2412 Dclinirc
869 2390 961 2413 autem
989 2390 1019 2414 et

220 2434 333 2464 peccata
353 2433 471 2465 oportet,
494 2436 556 2463 qum
575 2428 601 2455 in
622 2428 800 2464 problematis
819 2430 1014 2464 admittuntur,

219 2482 247 2503 et
274 2476 382 2512 gemina
410 2479 492 2507 sunt;
509 2482 572 2502 cum
600 2482 697 2509 nempe
713 2475 777 2510 quis
799 2477 931 2505 mentitur
947 2487 953 2506 :
967 2479 1011 2506 vel

219 2529 282 2549 cum
315 2529 330 2548 τι
359 2525 470 2556 recepto
500 2520 635 2548 vocabulo
656 2521 796 2550 discedit:
813 2527 868 2550 tam
895 2525 969 2552 enim
993 2525 1011 2552 ii

220 2571 347 2602 peccant,
373 2567 420 2602 qui
446 2567 618 2594 mentiuntur
636 2572 682 2594 :et
699 2568 772 2603 quod
797 2577 851 2597 non
877 2575 928 2603 est,
952 2578 1013 2600 esse

256 2686 314 2720 (47)
332 2685 424 2713 Placet
437 2685 560 2712 Amamze
573 2684 762 2722 interpretatio
777 2694 783 2711 ί
800 2695 810 2711 ‹
827 2685 1016 2722 Quodcunque

219 2727 272 2753 (st,
290 2722 347 2754 jam
360 2725 487 2748 vocatum
506 2724 549 2747 est
563 2727 663 2757 nomen
683 2719 759 2757 ejus,
776 2726 802 2749 et
818 2727 927 2749 constat
941 2719 1014 2757 quod

220 2757 257 2793 sit
278 2757 374 2793 homo.
397 2760 425 2782 et
448 2762 502 2782 non
521 2755 810 2793 poterit‘contendere
826 2764 888 2793 cum
907 2755 957 2790 eo;
968 2759 1015 2793 qui

220 2791 318 2818 iortior
334 2796 376 2818 est
394 2799 441 2823 se;
462 2800 472 2816 ι
493 2798 577 2826 quam
593 2790 710 2826 subinde
726 2791 766 2819 sic
777 2792 906 2826 explicat.
927 2801 935 2818 ι
951 2790 1014 2821 van

221 2826 367 2853 ostendere
384 2827 534 2853 vanitatem
554 2825 674 2852 hominis
689 2826 723 2853 ab
738 2827 796 2861 ipsa
812 2825 953 2856 notatione
967 2837 1013 2855 vo-

224 2862 273 2888 cis.
292 2861 331 2887 Ac
346 2861 485 2895 praemittit
496 2860 709 2896 generaleqnid,
726 2860 858 2896 quidquid
869 2867 912 2889 est
928 2864 953 2890 in
968 2872 1012 2891 re.

225 2904 286 2924 rum
315 2901 421 2930 natura,
454 2897 533 2923 habet
557 2903 637 2923 suum
663 2904 773 2930 nomen,
790 2902 816 2924 et
833 2898 942 2932 quidem
961 2899 1012 2927 tale

1066 1615 1144 1650 φησι,
1159 1615 1206 1642 τοῦ
1228 1615 1358 1650 κριθῆναι
1377 1614 1447 1650 μετὰ
1462 1615 1510 1641 τοῦ
1526 1615 1706 1650 ἰσχυροτέρου
1731 1613 1802 1649 ὑπὲρ
1813 1614 1860 1640 αὐ-

1064 1661 1122 1692 τὸν,
1141 1671 1150 1686 ι
1167 1661 1305 1693 τουτέστι,
1321 1661 1447 1697 οὐδαμῶς
1460 1660 1599 1696 ἐξισχύσει
1615 1660 1653 1695 τῷ
1667 1660 1799 1694 πανσόφῳ
1811 1660 1859 1685 καὶ

1066 1707 1216 1733 πανσοενεῐ
1244 1707 1411 1742 Δημιουργῷ
1431 1707 1487 1734 τῶν
1512 1707 1641 1735 ἁπάντων
1668 1705 1859 1740 ἁμιλλώμενος

1065 1751 1177 1786 ἄμεινόν
1194 1761 1220 1778 τι
1236 1753 1332 1787 νοῆσαι
1345 1753 1392 1778 καλΙ
1412 1753 1639 1788 προσφιλέστερον
1651 1761 1658 1767 ·
1676 1752 1733 1778 ἀλλ’
1750 1752 1859 1786 ἢμόνον

1065 1800 1094 1825 ὲν
1109 1799 1165 1830 τοῖς
1181 1799 1290 1830 πολλοῖς
1306 1799 1353 1825 καὶ
1367 1798 1508 1833 διαφόροις
1536 1798 1627 1833 λόγοις
1644 1798 1698 1824 τῶν
1725 1797 1859 1824 ποικίλων

1065 1844 1112 1870 καὶ
1127 1843 1309 1870 παντοδαπῶν
1326 1845 1482 1879 νοημάτων,
1500 1845 1526 1870 οἱ
1553 1843 1635 1870 τοῦτο
1658 1844 1778 1879 δρῶντες
1805 1852 1858 1876 μα-

1064 1889 1195 1922 eat/mnta.
1234 1888 1421 1922 πληθύνοντες
1445 1887 1654 1923 εὑρεθήσονται,
1688 1882 1857 1922 καταψευδό-

1065 1942 1141 1967 μενοι
1149 1934 1198 1968 τῆς
1210 1933 1340 1968 ἀληθείας
1351 1934 1398 1960 καὶ
1410 1934 1461 1968 τῆς
1475 1933 1584 1968 φύσεως
1595 1933 1650 1959 τῶν
1665 1933 1853 1968 πραγμάτων·

1064 1979 1132 2013 ὅπερ
1145 1978 1248 2012 όσοφίις
1263 1978 1400 2013 ἐδήλωσεν
1416 1978 1634 2014 Ἐκκλησιαστὴς
1647 1977 1732 2004 εἰπών
1745 1986 1752 1993 ·
1768 1987 1778 2003 ι
1795 1978 1858 2004 ’Ότι

1064 2023 1118 2049 είσὶ
1133 2023 1207 2056 λόγοι
1226 2023 1321 2050 πολλοὶ
1336 2023 1521 2058 πληθύνοντες
1537 2023 1720 2058 ματαιότητα.
1743 2033 1752 2048 ι

1100 2069 1211 2096 Πολλῶν
1225 2069 1280 2105 γὰρ
1293 2069 1492 2105 ἁμιλλωμένων
1505 2069 1633 2104 ἀλλήλοις
1648 2069 1696 2095 καὶ
1706 2069 1756 2101 τὰς
1769 2068 1858 2103 γλώτ-

1064 2124 1115 2148 τας
1132 2115 1280 2151 ἐριστικῶς
1296 2115 1515 2151 παραθηγόντων
1531 2115 1601 2150 πρὸς
1617 2114 1762 2150 ἐξεύρεσιν
1791 2123 1857 2141 και-

1065 2161 1180 2196 νοτέρας
1195 2161 1268 2192 τινὸς
1288 2160 1437 2196 ὀνομασίας
1463 2160 1511 2187 ἐπὶ
1534 2161 1591 2191 τοῖς
1618 2160 1790 2195 πράγμασιν,
1825 2160 1856 2192 ἐξ

1066 2206 1191 2240 ἀνάγκης
1211 2205 1310 2232 ἕπεται
1325 2207 1375 2240 τῆς
1391 2205 1550 2240 προσφυοῦς
1564 2204 1694 2240 ἀληθείας
1708 2204 1857 2239 παρεγκλί-

1065 2252 1168 2279 νόντων
1187 2251 1296 2286 ψευδῶν
1314 2251 1476 2287 ὐπολήψεων
1504 2251 1551 2277 καὶ
1566 2250 1771 2286 ματαιολογιῶν
1791 2259 1857 2277 συν-

1066 2296 1143 2330 άγειν
1171 2296 1271 2327 αὐτοὺς
1306 2296 1352 2322 τὸν
1378 2295 1474 2331 ἐσμὸν,
1503 2296 1552 2322 καὶ
1576 2295 1794 2323 κατολισθαίνειν
1815 2297 1857 2328 εἰς

1065 2341 1207 2377 ἁμαρτίαν
1218 2350 1225 2356 ·
1238 2342 1307 2377 ὅπερ
1324 2341 1468 2377 σημαίνων
1483 2341 1530 2369 καὶ
1557 2341 1613 2368 τῶν
1637 2341 1755 2378 θύραθεν
1779 2343 1857 2376 φιλο-

1066 2387 1157 2420 σόφων
1171 2388 1184 2414 ὁ
1198 2388 1347 2423 κορυφαῖος
1358 2385 1430 2413 οὕτω
1445 2386 1513 2422 φησί
1523 2394 1531 2402 “
1546 2396 1556 2413 σ
1570 2386 1747 2423 Διορίσασθαι
1769 2387 1798 2414 δὲ
1816 2387 1859 2414 δεῖ

1065 2433 1177 2465 καὶτὰς
1195 2433 1334 2469 ἁμαρτίας
1348 2433 1398 2466 τὰς
1411 2435 1440 2460 ιν
1456 2433 1515 2465 τοῖς
1533 2433 1737 2470 προϐλήμασιν,
1758 2434 1800 2460 ὅτι
1823 2435 1859 2460 εί-

1067 2480 1094 2507 σὶ
1109 2481 1209 2513 διτταὶ,
1227 2481 1244 2516 ἦ
1260 2481 1299 2516 τῷ
1310 2481 1470 2516 ψεύδεσθαι,
1489 2481 1505 2516 ἢ
1521 2481 1559 2517 τῷ
1588 2480 1772 2516 παραϐαίνειν
1799 2489 1858 2506 κει-

1068 2526 1153 2562 μένην
1168 2526 1251 2559 λέξιν.
1267 2527 1302 2554 Οἵ
1311 2535 1339 2553 τε
1354 2526 1409 2562 γὰρ
1424 2527 1588 2562 ψευδόμενοι
1607 2527 1656 2553 καὶ
1671 2526 1702 2553 τὸ
1714 2526 1752 2562 μὴ
1769 2526 1857 2561 ὑπάρ-

1063 2581 1112 2609 χον
1131 2573 1268 2609 ὑπάρχειν
1280 2574 1333 2600 τινὶ
1347 2573 1474 2608 λέγοντες
1484 2572 1687 2608 ἁμαρτάνουσι,
1700 2571 1748 2598 καὶ
1759 2571 1784 2597 οί
1800 2573 1859 2603 τοῖς

1067 2697 1180 2722 nomen,
1197 2692 1269 2725 quod
1286 2692 1347 2726 ejus
1362 2696 1487 2718 naturam
1505 2691 1645 2726 exprimit.
1661 2690 1701 2718 Ac
1712 2691 1775 2718 talia
1793 2698 1858 2718 sunt

1066 2727 1177 2753 nomina
1195 2726 1327 2754 llebraiea
1344 2727 1439 2755 bestiis
1456 2731 1483 2754 et
1501 2727 1582 2754 rebus
1601 2726 1717 2759 singulis
1733 2726 1767 2753 ab
1784 2727 1859 2753 Ada-

1065 2768 1110 2788 mo
1130 2762 1260 2789 instinctu
1289 2762 1334 2789 Dei
1358 2762 1454 2789 indita.
1477 2761 1558 2795 (Cen.
1575 2769 1604 2794 ιι,
1625 2761 1680 2795 l9.)
1714 2760 1742 2788 Si
1764 2761 1857 2788 omnia

1065 2797 1122 2824 suis
1139 2797 1253 2825 vocibus
1272 2802 1336 2825 sunt
1350 2797 1490 2831 insignita.
1511 2797 1594 2824 etiam
1614 2797 1696 2823 homo
1710 2804 1789 2823 suam
1805 2796 1858 2822 lia-

1064 2832 1138 2859 bebit
1149 2840 1156 2864 ;
1168 2832 1224 2866 jam
1238 2837 1332 2860 notum
1349 2837 1391 2860 est
1412 2833 1477 2860 illud
1495 2839 1592 2859 lionten
1614 2839 1675 2859 esse
1694 2836 1771 2863 mn,
1786 2831 1857 2866 quod

1063 2867 1096 2894 sit
1109 2875 1139 2894 ea:
1156 2867 1222 2901 luto,
1240 2873 1264 2895 et
1281 2876 1332 2895 non
1349 2867 1429 2901 Deus,
1446 2867 1483 2896 ait
1498 2867 1609 2895 Salomo
1624 2866 1713 2894 Jarlii.
1731 2876 1739 2892 I
