2038 3155
214 154 266 185 983

765 158 796 188 S.
818 159 1007 190 GREGORII
1039 162 1297 195 AGRIGENTINI

1795 167 1847 200 984

213 220 271 239 suae
289 212 435 246 splendore
448 217 562 240 ornatus
576 213 724 247 incederet,
739 215 767 242 in
786 216 911 244 ultimam
932 218 1003 245 reci-

1065 222 1097 253 :l;
1112 222 1161 257 τὴν
1179 223 1298 259 ἐσχάτην
1323 224 1433 257 ἀδοξίαν
1449 224 1610 259 παρερρύη,
1634 225 1681 252 καὶ
1695 226 1847 259 καταγέλα-

214 258 253 286 dit
271 258 460 294 ignominiam,
479 266 511 287 ac
526 259 644 288 ludibrio
663 268 724 289 esse
738 263 820 297 coepit
836 268 862 290 et
878 265 1006 292 omnibus

213 304 241 331 in
265 304 383 332 miseriis
402 307 518 333 versari.
541 306 618 339 Quod
639 307 661 335 si
682 315 787 341 eorum,
808 317 868 344 quae
885 310 935 337 sibi
953 311 1006 337 im-

215 350 352 384 pendent,
377 347 445 378 nihil
468 353 631 387 prwnoscit,
657 361 709 381 nec
733 362 795 389 qua:
818 360 946 384 secutura
971 357 1007 385 sit

214 397 361 425 conversio
377 405 467 425 rerum
488 403 568 434 atque
589 400 668 426 ruina
681 421 687 432 ,
714 401 852 435 quomodo
868 408 1006 430 certamen

217 443 298 471 inibit
319 452 381 471 cum
399 445 532 472 virtutum
560 446 685 478 Domino,
710 447 757 481 qui
774 452 802 474 et
821 456 912 476 rerum
933 450 1007 477 exsi—

216 492 347 519 stcntium
373 496 487 520 naturas
512 493 658 527 produxit,
683 498 710 521 et
732 495 801 523 scite
824 496 865 524 his
891 502 1007 532 apteque

218 538 329 564 nomina
347 538 501 572 imposuit?

253 582 353 610 Notato
379 584 461 618 igitur
479 584 688 620 improhatoque
713 587 793 614 etiam
813 589 870 621 illo,
891 589 935 624 qui
960 597 1007 617 su-

219 629 312 663 perbia
333 631 420 657 elatus
443 631 538 663 multa.
565 632 598 659 ad
614 633 785 661 conditarum
807 642 899 662 rerum
922 636 1008 663 deno-

218 675 385 704 minationes
403 677 501 704 melius
522 677 625 712 aliquid
648 679 821 707 comminisci
840 681 892 707 sibi
913 681 1006 709 videa-

217 723 264 747 tur
275 741 283 753 ,
302 722 374 756 quod
393 721 527 756 reliquum
544 727 594 756 est,
616 723 743 752 hortatur
757 730 838 760 atque
854 727 961 759 suadet,
977 731 1008 754 ut

219 767 342 795 honestis
377 773 506 803 recteque
542 769 621 798 factis
657 775 762 805 partam
799 773 1006 808 appellationem

219 813 307 847 pluris
323 814 501 848 aestimemus,
528 820 696 851 argutasque
719 823 746 844 ct
770 818 843 845 leves
865 819 898 846 de
923 827 1008 847 novo-

220 866 281 885 rum
311 859 453 886 nominum
482 861 702 894 inventionibus,
728 870 789 895 quae
814 863 896 890 rebus
922 864 1008 898 magis

219 905 403 937 conveniant,-
412 906 600 935 cavillationes
616 908 805 943 relinquamus
820 919 827 936 :
847 918 929 937 unam
944 919 1009 938 vero

219 952 302 984 hanc,
329 955 358 978 ut
381 951 469 986 decet,
490 960 583 980 curam
606 954 807 989 suscipiendam
832 956 1007 989 arbitremur,

222 1002 251 1024 ut
271 999 385 1025 honesta
401 998 464 1026 vitae
483 999 590 1026 ratione
611 999 678 1027 illud
698 1001 778 1028 nobis
799 1009 897 1028 nomen
921 1003 1008 1037 adipi-

220 1051 340 1078 scamur,
366 1043 440 1079 quod
463 1045 614 1073 laudabiles
629 1053 661 1073 ac
676 1046 770 1074 beatos
791 1045 881 1075 facere
898 1051 987 1084 potest
999 1057 1009 1084 ;_

220 1095 259 1116 all
275 1096 348 1117 enim
366 1099 372 1116 ἒ

1059 276 1122 300 στος
1132 268 1211 304 ὤφθη
1227 270 1273 297 καὶ
1289 270 1378 306 πάσης
1396 270 1555 306 ἀθλιότητος
1568 271 1686 306 πλήρης.
1703 271 1734 298 Et
1749 272 1778 298 δὲ
1796 281 1847 308 μη-

1057 314 1102 341 δὲν
1118 316 1173 342 τῶν
1189 316 1331 352 ἑπομένων
1347 317 1421 352 αὐτῷ
1436 316 1621 352 προγινώσκει
1644 318 1692 344 καὶ
1707 318 1848 353 συμϐησο-

1059 361 1149 396 μένων
1165 362 1234 397 πρὸς
1249 362 1298 397 τὴν
1314 362 1361 388 ἐπὶ
1373 362 1406 388 τὰ
1422 362 1507 398 χείρω
1528 362 1681 398 μεταϐολὴν
1696 364 1746 390 καὶ
1762 363 1847 398 μετά-

1058 415 1173 439 πτωσιν,
1201 408 1260 439 πῶς
1282 407 1498 443 ἁμιλληθήσεται
1521 408 1561 443 τῷ
1580 409 1675 444 Κυρίῳ
1693 409 1746 436 τῶν
1768 410 1848 442 δυνᾷ-

1060 461 1143 486 μεων,
1160 453 1200 488 τῷ
1216 453 1325 484 καὶτὰς
1339 453 1434 487 φύσεις
1451 454 1602 488 παράγοντι
1615 453 1668 480 τῶν
1683 456 1846 488 γεγονότων,

1058 499 1106 526 καὶ
1116 499 1251 526 τεθεικότι
1267 499 1314 526 καὶ
1328 499 1377 531 τὰς
1390 499 1465 534 σφῶν
1475 499 1625 534 ὀνομασίας
1637 501 1786 535 προσφυῶς
1800 501 1847 528 καὶ

1058 545 1238 579 προσφόρως;

1094 590 1273 625 Κωμῳδήσας
1290 588 1336 617 οὖν
1351 591 1397 618 καὶ
1415 591 1549 626 φαυλίσας
1562 592 1609 617 καὶ
1624 591 1668 617 τὸν
1686 591 1730 618 διὰ
1746 591 1847 627 πολλὴν

1058 635 1211 670 ὑπεροψίαν
1226 636 1349 669 οἰόμενον
1373 636 1477 670 βέλτιόν
1500 645 1527 663 τι
1548 638 1608 667 ταῖς
1623 636 1678 663 τῶν
1693 637 1848 671 γεγονότων

1057 681 1221 716 ὀνομασίαις
1246 682 1379 713 ἐπινοεῖν,
1403 683 1555 717 είσηγεῖται
1583 682 1677 710 λοιπὸν
1703 683 1752 710 κα)⁴
1777 692 1846 719 παρ-

1058 727 1146 763 ὲγγυᾷ
1171 727 1220 763 τὴν
1233 728 1278 754 διὰ
1293 727 1348 754 τῶν
1364 727 1492 762 πράξεων
1505 728 1559 754 τῶν
1572 728 1685 762 ἀγαθῶν
1698 728 1745 755 καὶ
1763 736 1848 755 σπου-

1059 773 1141 800 δαίων
1155 774 1343 809 προσηγορίαν
1360 775 1426 809 περὶ
1447 774 1545 800 πολλοῦ
1562 774 1711 807 ποιεῖσθαι,
1732 775 1780 801 καὶ
1798 774 1849 806 τὰς

1061 821 1110 855 μὲν
1125 821 1285 856 ἐρεσχελίας
1300 821 1347 847 καὶ
1364 821 1465 855 λέσχας
1485 820 1536 852 τὰς
1550 822 1578 847 ὲν
1594 822 1653 852 ταῖς
1675 821 1849 855 καινοτέραις

1061 867 1218 901 ὲξευρέσεσι
1249 866 1304 893 τῶν
1336 866 1478 901 ὀνομάτων
1501 866 1556 893 τῶν
1583 867 1611 892 ὲν
1639 867 1696 898 τοῖς
1723 867 1849 900 γεγονόσι

1060 912 1221 939 καταλιπεῖν
1231 920 1238 928 ο
1255 913 1322 947 μίαν
1336 912 1365 938 δὲ
1380 913 1484 948 ταύτην
1509 912 1637 948 φροντίδα
1654 913 1849 948 προσηκόντως

1058 959 1204 986 ἀναλαόεῖν
1213 958 1261 985 τοῦ
1276 959 1321 985 διὰ
1332 958 1386 985 τῶν
1396 959 1549 986 σπουδαίων
1561 958 1688 993 πράξεων
1700 959 1849 994 ὀνομασίαν

1059 1003 1150 1038 ἑαυτῷ
1168 1002 1401 1038 περιποιήσασθαι
1425 1003 1455 1029 τὸ
1477 1002 1620 1030 ἐπαινετὸν
1642 1001 1691 1028 καὶ
1714 1002 1849 1038 μακάριον

1059 1049 1235 1085 κεκτημένην
1244 1057 1250 1064 ·
1265 1048 1333 1084 φησὶ
1347 1047 1401 1085 γάρ
1413 1056 1420 1063 ·

997 1153 1012 1189 §
1030 1154 1075 1181 1n.

256 1209 321 1236 Cnet
341 1217 390 1237 vn.
407 1209 492 1237 Vsus.
511 1209 535 1236 1.
559 1210 659 1237 Bonum
671 1216 709 1237 est
722 1219 815 1238 nanwn
833 1220 910 1247 super
926 1213 1012 1240 oleum

221 1254 340 1286 bonum,
374 1258 399 1282 et
433 1255 488 1282 dies
519 1255 612 1282 mortis
650 1263 729 1290 super
762 1255 831 1284 diem
864 1258 1012 1285 nativitatis

220 1300 277 1334 qui
291 1300 358 1335 (50).

258 1345 315 1373 Olei
335 1347 476 1382 proprium
496 1353 537 1376 est
561 1350 716 1377 exhilarare
730 1358 762 1378 ac
777 1350 872 1383 lenire,
889 1355 916 1378 et
932 1351 1010 1379 dolo-

221 1392 312 1425 ribus,
326 1393 374 1427 qui
386 1401 418 1421 ex
436 1394 620 1429 intequalitate
637 1395 727 1431 aliqua
743 1397 901 1430 obveniant,
921 1397 1010 1424 homi-

223 1445 289 1465 num
308 1442 434 1466 naturam
450 1440 566 1468 liberare
584 1450 591 1467 :
608 1441 660 1468 olei
682 1442 784 1476 utique,
806 1442 878 1477 quod
898 1447 1011 1470 externo

222 1485 303 1518 plane
325 1490 418 1512 careat
438 1486 515 1519 vitio,
542 1494 593 1513 nec
616 1487 651 1514 ob
668 1492 828 1515 vetustatem
851 1488 1010 1521 productio-

224 1536 342 1563 nemque
359 1530 500 1564 temporis,
526 1531 678 1558 naturalem
702 1531 886 1558 sinceritatem
907 1533 1012 1567 purita-

225 1580 335 1608 lemque
358 1574 500 1608 qualitatis
524 1582 581 1602 sua:
605 1576 742 1610 propriam
770 1576 936 1609 immularit,
965 1582 1013 1605 aut

1103 1211 1230 1247 Ἀγαθὸν
1241 1212 1336 1246 ὄνομα
1350 1209 1427 1244 ὑπὲρ
1439 1209 1543 1236 ἔλαιον
1556 1209 1680 1244 ἀγαθόν·
1692 1208 1741 1235 καὶ
1755 1209 1852 1243 ἡμέρα

1061 1257 1194 1286 θανάτου
1213 1257 1290 1291 ὑπὲρ
1308 1256 1422 1291 ἡμέραν
1442 1256 1613 1291 γεννήσεως
1629 1254 1733 1281 αὑτοῦ.

1097 1346 1134 1372 Τὸ
1148 1346 1238 1372 ἔλαιον
1255 1344 1392 1380 ίλαρύνειν
1404 1344 1510 1378 πέφυκε
1524 1343 1572 1369 καὶ
1586 1342 1792 1378 προσημεροῦν,
1803 1342 1851 1369 καὶ

1063 1391 1116 1418 τῶν
1141 1389 1396 1426 παρεμπιπτουσῶν
1413 1388 1570 1424 ἀχθηδόνων
1593 1387 1626 1414 ἐκ
1650 1396 1722 1419 τινος
1738 1388 1851 1422 ἀνωμα-

1062 1436 1124 1467 λίας
1139 1436 1189 1471 τὴν
1212 1434 1294 1470 φύσιν
1309 1434 1363 1462 τῶν
1388 1433 1541 1468 ἀνθρώπων
1567 1432 1743 1468 ἐλευθεροῦν·
1761 1431 1852 1458 ἔλαιον

1063 1481 1163 1516 δηλαδὴ
1179 1481 1209 1507 τὸ
1223 1480 1313 1513 πάσης
1325 1479 1537 1514 ἀπηλλαγμένον
1552 1477 1650 1509 κακίας
1670 1478 1720 1511 τῆς
1731 1476 1832 1510 ἔξωθεν
1842 1485 1849 1492 ·

1063 1528 1110 1554 xcti.
1124 1528 1188 1562 μήθ’
1205 1526 1257 1553 ὑπὸ
1271 1525 1453 1560 παλαιότητος
1467 1525 1514 1551 καὶ
1527 1524 1658 1559 χρονικῆς
1672 1523 1852 1559 παρατάσεως

1064 1573 1259 1608 παρεκτραπὲν
1272 1572 1321 1607 τῆς
1336 1570 1408 1598 κατὰ
1435 1569 1485 1605 τὴν
1503 1569 1571 1595 ἰδίαν
1587 1569 1719 1603 ποιότητα
1734 1567 1854 1601 φυσικῆς

226 1619 318 1654 aliqua
335 1619 479 1647 deterioris
501 1621 680 1655 permistioue
695 1626 854 1657 corruptum
875 1622 1012 1650 vitiatum-

1065 1617 1240 1653 είλικρινείας
1256 1617 1302 1644 καὶ
1320 1616 1524 1652 καθαρότητος,
1546 1613 1611 1650 μήθ’
1630 1613 1683 1640 ὑπό
1696 1621 1768 1644 τινος
1791 1614 1852 1639 επι-

226 1674 278 1698 qne
296 1665 331 1692 sit
346 1674 353 1698 ;
375 1666 504 1700 quodque
518 1671 545 1694 et
561 1667 672 1694 odorem
693 1673 784 1695 servet
800 1676 891 1701 suum,
910 1673 937 1696 et
950 1677 1014 1704 pro-

227 1713 313 1746 priam
338 1720 490 1747 puramque
514 1713 541 1740 in
567 1713 626 1747 ipso
647 1718 728 1748 gustu
755 1715 915 1742 suavitatem
938 1715 1015 1743 exhi-

229 1759 301 1786 beat.
326 1758 473 1786 Enimvero
498 1759 655 1794 hujusmodi
678 1760 749 1792 oleo,
777 1762 848 1796 quod
873 1761 906 1788 ad
926 1762 1015 1789 excel-

226 1805 317 1831 lentiae
335 1804 560 1838 significationem
585 1806 685 1833 bonum
709 1813 893 1842 nuncupatur,
918 1808 1016 1836 melius

227 1851 315 1878 multo
334 1857 417 1885 atque
433 1853 609 1886 praestantius
625 1852 702 1888 163
719 1853 820 1880 bonum
839 1861 939 1880 nomen
963 1858 1014 1886 est,

227 1897 300 1930 quod
320 1904 354 1923 ex
369 1901 442 1924 recte
463 1896 543 1925 factis
572 1901 653 1932 atque
667 1906 700 1925 cx
714 1899 823 1931 virtute,
839 1903 968 1933 tanquam
983 1907 1017 1926 ex

228 1943 306 1975 oleis,
322 1943 486 1977 exprimitur
500 1952 531 1971 ac
543 1949 699 1979 generatur.
711 1944 778 1971 Nam
793 1945 884 1972 oleum
895 1945 1016 1980 quidem,

229 1996 293 2015 cum
316 1988 417 2016 eduliis
438 1989 592 2023 inspersum
610 1989 703 2020 fuerit,
725 1997 757 2016 ea
775 1989 834 2017 csui
854 1989 1017 2024 iucundiora

230 2034 297 2061 facit
320 2042 352 2061 ac
380 2035 520 2063 suaviora.
544 2034 604 2068 Quo
637 2035 703 2062 illud
737 2035 848 2062 Davidis
879 2035 1018 2070 propheta:

229 2080 348 2113 pertinet
366 2080 470 2106 dictum
490 2089 496 2106 :
520 2089 529 2106 ε
551 2080 690 2108 Ελιιίιωοι
707 2080 805 2108 faciem
828 2081 854 2107 in
876 2081 936 2108 oleo
945 2081 986 2113 '5;
1006 2089 1016 2105 ι

233 2124 399 2159 pinguei‘acit
414 2133 513 2160 nempe
528 2132 561 2153 ac
580 2125 700 2153 laetificat
717 2126 922 2161 quodammodo
937 2129 1019 2152 natu-

230 2179 301 2203 ram,
320 2171 392 2206 quod
417 2171 542 2198 ciborum
561 2172 690 2199 humores
709 2172 797 2199 diluat
821 2179 854 2199 ae
876 2177 1018 2205 temperet.

232 2218 338 2244 Bonum
363 2222 458 2245 autem
484 2225 596 2251 nomen,
613 2218 686 2252 quod
711 2219 794 2246 arbor
810 2218 894 2245 veluti
912 2217 1021 2245 miscri—

231 2262 333 2290 cordite
352 2267 379 2290 et
402 2263 586 2297 temperantiae
607 2267 634 2290 et
659 2263 796 2298 patientia:
814 2268 841 2291 et
860 2267 1020 2290 mansuetu-

230 2310 317 2342 dinis,
342 2313 426 2344 atque
448 2309 585 2344 pudicitiae
606 2309 688 2337 etiam
711 2317 744 2337 ac
766 2309 929 2345 virginitatis
955 2316 1020 2344 pro-

231 2357 331 2383 ducere
355 2355 424 2383 solet
438 2375 445 2387 ,
467 2363 522 2382 non
547 2363 610 2382 eum
633 2356 733 2387 solum,
753 2355 801 2390 qui
828 2355 942 2389 adeptus
966 2359 1018 2387 est,

233 2400 347 2428 hilarem
375 2399 457 2428 cflicit
473 2406 499 2427 et
520 2400 649 2428 omnibus
673 2391 754 2435 plane
779 2400 943 2432 amabilem;
974 2400 1020 2427 sed

232 2447 315 2474 etiam
332 2447 366 2473 ad
383 2447 451 2474 alios
466 2455 562 2474 omnes
582 2447 660 2475 bona:
680 2447 819 2482 qualitatis
835 2455 892 2474 suae
909 2447 1021 2473 odorem

234 2501 267 2520 ac
284 2493 448 2520 suavitatem
465 2493 602 2526 diﬂundit,
622 2500 655 2520 ac
678 2501 726 2520 eos
748 2493 830 2520 etiam
846 2497 873 2519 et
890 2492 1024 2519 exhilarat

235 2544 262 2567 et
275 2540 442 2575 tranquillat,
458 2539 587 2574 superbis
598 2539 759 2574 acerbisque
772 2539 896 2566 moribus
907 2546 1023 2571 exuens,

237 2591 318 2622 atque
332 2586 483 2613 immitibus
496 2591 523 2613 et
536 2586 715 2614 illiberalibus
726 2586 810 2614 animi
821 2585 1025 2617 affectionibus,

275 2665 296 2681 “
316 2665 389 2693 Psal.
407 2672 465 2698 cm,
481 2663 523 2692 l5.

274 2745 331 2780 (50)
353 2744 391 2771 Ne
419 2743 462 2771 hic
482 2743 595 2780 quidem
609 2746 711 2780 poster
731 2740 848 2780 discedit
872 2747 885 2766 a
902 2738 1027 2779 Symma—

238 2776 301 2812 cho,
319 2776 367 2814 qui
384 2780 414 2814 το
429 2779 530 2812 ἀγαθον
551 2776 698 2814 reddidit}
714 2776 848 2814 συμφέρει
859 2783 866 2790 ·
887 2776 925 2814 ait
941 2776 1024 2814 eninizl

240 2808 356 2850 Τίιίγᾶρ
373 2808 472 2840 aliave
495 2813 645 2848 GUtLLpépEE;
671 2812 737 2850 Quis
751 2808 833 2850 γῆξ-θη
860 2810 941 2850 novit,
963 2808 1026 2850 quid

241 2844 384 2883 expediet?
399 2854 426 2875 at
442 2858 502 2883 qua:
518 2844 670 2883 seqttimtur
686 2856 692 2872 ς
713 2845 746 2872 Et
759 2846 819 2879 [‘rril
836 2854 865 2883 (tt
880 2846 903 2870 in
922 2844 1024 2883 mnhrn,

244 2880 408 2920 ntVulBalis
431 2880 463 2912 ad
485 2885 545 2913 vitae
558 2880 620 2910 dies
638 2883 796 2910 referuntur
812 2890 817 2908 ς
839 2880 956 2907 Numero
972 2880 1027 2905 die-

1067 1663 1159 1699 μιξίας
1185 1663 1309 1698 χείρονος
1334 1660 1555 1697 προσδιαφθαρὲν
1579 1659 1628 1686 καὶ
1659 1658 1852 1694 παραὸλαϐέν·

1065 1710 1133 1736 ἀλλὰ
1148 1709 1280 1741 διασῶζον
1299 1708 1330 1735 τὸ
1345 1707 1446 1738 εὑῶδες
1460 1706 1508 1733 καὶ
1529 1705 1560 1732 τὸ
1574 1705 1623 1740 ἡδὺ
1640 1705 1689 1740 τῆς
1704 1705 1854 1738 γευστικῆς

1066 1756 1210 1790 ποιότητος
1225 1755 1354 1789 ἄκρατον.
1362 1753 1465 1780 Τούτου
1475 1752 1564 1778 τοίνυν
1576 1751 1624 1778 τοῦ
1638 1751 1698 1778 κατ’
1715 1750 1855 1785 ἐξαίρετον

1066 1801 1170 1836 ἀγαθοῦ
1199 1799 1428 1836 παραληφθέντος
1452 1798 1544 1825 ἐλαίου
1570 1796 1660 1831 πολλῷ
1698 1796 1798 1831 μᾶλλον
1825 1795 1856 1822 τὸ

1067 1847 1170 1882 ἀγαθὸν
1181 1848 1267 1882 ὄνομα
1281 1849 1311 1872 τδ
1322 1846 1354 1872 ἐκ
1369 1845 1423 1872 τῶν
1438 1844 1549 1879 ἀγαθῶν
1560 1843 1650 1879 ἔργων
1663 1843 1710 1869 καὶ
1724 1842 1780 1869 τῶν
1795 1841 1856 1868 κατ’

1067 1895 1169 1930 ἀρετὴν
1185 1894 1283 1921 ἐλαίων
1299 1892 1497 1927 ἐκπιεζόμενον
1513 1893 1561 1918 καὶ
1578 1889 1760 1925 γεννώμενον,
1778 1888 1856 1923 ἄμει-

1069 1942 1114 1969 νόν
1128 1943 1186 1968 ἑστι
1202 1941 1250 1967 καὶ
1266 1940 1400 1974 κρεῖττον.
1411 1938 1447 1965 Τὸ
1464 1938 1514 1972 μὲν
1530 1936 1584 1972 γὰρ
1600 1933 1857 1971 προσεπιὸεὸλημέ-

1069 1996 1113 2014 νον
1137 1988 1193 2018 τοῖς
1209 1985 1351 2020 ὲδωδίμοις
1368 1983 1537 2018 ἱλαρωτέραν
1562 1981 1611 2008 καὶ
1628 1978 1858 2015 προσφυεστὲραν

1069 2032 1159 2060 αὐτῶν
1174 2030 1322 2065 καθίστησι
1337 2030 1386 2063 τὴν
1406 2027 1574 2063 μετάληψιν·
1591 2027 1661 2060 ὅπερ
1673 2025 1860 2059 αἰνιττόμενος

1069 2080 1084 2106 ὀ
1101 2077 1247 2113 προφήτης
1264 2075 1347 2102 Δαϐὶδ
1361 2074 1464 2109 ἔφησε⁸
1481 2083 1490 2098 ε
1506 2072 1559 2098 Τοῦ
1577 2070 1702 2106 ίλαρύναι
1714 2070 1860 2105 πρόσωπον

1071 2126 1099 2152 ἐν
1111 2124 1207 2156 ἐλαίῳ·
1227 2132 1236 2148 ›
1250 2122 1352 2148 πιαίνει
1368 2120 1414 2147 καὶ
1425 2117 1619 2154 προσιλαρύνει
1634 2125 1692 2148 πως
1708 2116 1757 2151 τὴν
1767 2115 1860 2150 φύσιν,

1071 2171 1118 2198 ἆτε
1133 2170 1165 2204 δὴ
1180 2169 1244 2200 τοὺς
1261 2167 1366 2202 χυμοὺς
1384 2166 1437 2192 τῶν
1458 2163 1612 2199 βρωμάτων
1627 2162 1694 2197 πρὸς
1709 2161 1739 2187 τὸ
1753 2160 1861 2196 βέλτιον

1072 2215 1219 2244 καθιστῶν.
1246 2214 1283 2240 Τὸ
1301 2213 1330 2240 δὲ
1355 2211 1458 2246 ἀγαθὸν
1480 2210 1567 2245 ὄνομα
1581 2229 1588 2239 ,
1605 2209 1620 2235 ὃ
1636 2208 1733 2243 γεννᾷν
1755 2205 1810 2233 οἵδε
1831 2206 1860 2233 τὸ

1072 2263 1178 2297 δένδρον
1202 2261 1252 2296 τῆς
1275 2259 1462 2294 ὲλεημοσύνης
1478 2256 1527 2283 καὶ
1549 2255 1600 2289 τῆς
1617 2252 1796 2288 σωφροσύνης
1814 2252 1861 2278 καὶ

1072 2311 1121 2344 τῆς
1146 2306 1338 2343 μακροθυμίας
1358 2304 1405 2330 καὶ
1431 2303 1481 2338 τῆς
1505 2301 1669 2336 πραότητος,
1699 2299 1717 2334 ἢ
1742 2298 1789 2325 καὶ

1074 2341 1186 2389 ἁγνείας
1201 2353 1248 2379 καὶ
1270 2350 1432 2385 παρθενίας,
1458 2348 1488 2374 οὺ
1508 2347 1556 2374 τὸν
1572 2345 1670 2381 ἔχοντα
1698 2341 1865 2389 μόνονλαύτδ

1075 2387 1212 2426 δείκνυσιν
1237 2395 1328 2431 ἱλαρὸν
1351 2393 1399 2421 καὶ
1422 2393 1505 2419 πᾶσιν
1533 2391 1704 2425 ἐπέραστον·
1731 2387 1799 2414 ἀλλὰ
1819 2387 1865 2412 καὶ

1073 2445 1141 2480 πρὸς
1167 2443 1264 2474 ἄλλους
1280 2440 1385 2471 πάντας
1400 2440 1498 2474 ἀφίησι
1513 2437 1543 2463 τὸ
1566 2435 1666 2466 εὑῶδες
1694 2432 1796 2480 καὶγτὺ
1816 2432 1866 2466 ἡδὺ

1073 2479 1124 2526 τῆς
1138 2489 1243 2524 ἀγαθῆς
1257 2487 1401 2521 ποιότητος
1414 2505 1423 2518 ,
1438 2484 1487 2510 καὶ
1503 2480 1699 2528 προσιλαρύνει
1716 2479 1763 2528 καὶ
1783 2486 1867 2528 προσ-

1074 2525 1176 2570 ημεροί
1192 2532 1347 2563 κάκείνους,
1359 2531 1409 2557 καὶ
1421 2529 1476 2555 τῶν
1493 2525 1686 2563 ὑπεροπτικῶν
1700 2525 1747 2551 καὶ
1760 2525 1868 2558 πικρῶν

1075 2582 1148 2617 ἠθῶν
1166 2579 1276 2608 καὶτῶν
1288 2577 1480 2613 ἀνελεημόνων
1494 2575 1541 2602 καὶ
1556 2572 1696 2610 φειδωλῶν
1708 2571 1869 2600 διαθέσεων,

1082 2744 1140 2763 rum
1166 2734 1394 2770 peregrinationis
1409 2740 1479 2764 ww,
1508 2735 1532 2758 et
1561 2735 1684 2763 tempore,
1710 2727 1779 2768 quod
1801 2726 1870 2770 uelut

1082 2763 1174 2798 umbro
1192 2763 1320 2805 ρνῶιετὶι.
1344 2763 1555 2805 Ιείὰοτιιεςνετο
1571 2763 1735 2805 nostras‘sic
1749 2763 1869 2805 explica~

1083 2808 1119 2834 \it
1134 2818 1139 2834 :
1159 2799 1232 2833 [θέρη
1247 2806 1317 2832 enim
1333 2805 1388 2830 dies
1404 2803 1517 2829 hominis
1534 2800 1604 2827 Deus
1620 2799 1721 2837 similes
1734 2799 1846 2825 umbra.

1195 2841 1248 2869 Sed
1264 2839 1335 2875 apud
1354 2837 1423 2866 LXX
1439 2838 1611 2866 desideratur
1629 2834 1723 2861 αὐτοῦ.
