2038 3155
190 183 243 215 98')

723 190 763 220 IN
786 192 1073 225 EUCLESIASTEN.
1090 207 1125 213 -
1141 195 1213 224 LIB.
1232 196 1271 226 VI

1769 196 1826 227 986

190 240 238 266 καὶ
253 240 307 266 τῶν
320 241 407 268 ἄλλων
426 242 580 277 ἰδιωμάτων
598 244 647 279 τῆς
671 245 845 283 ἁγριωτέρας
862 249 909 275 καὶ
929 249 971 284 οη-

1032 251 1192 285 εωιρτίεηιιε
1215 251 1279 277 lem
1296 255 1378 285 atque
1401 251 1517 285 agrestis
1537 250 1600 278 vitze
1622 250 1715 284 vitiis,
1740 251 1823 280 simul

191 287 375 322 ριωδεστέρας
391 288 463 323 ζωῆς
479 289 667 324 ἀπαλλάττει,
683 291 728 318 διὰ
742 293 788 326 τῆς
803 293 909 329 ἀγαθῆς
929 296 982 330 φή-

192 340 246 367 μης
262 333 331 367 πρὸς
350 333 398 368 τὴν
418 334 486 361 ἰδίαν
504 335 618 371 ζήτησιν
644 337 690 363 κοιλ¹
708 338 804 373 κτῆσιν
828 341 981 375 προσεφελ-

191 386 317 412 κομενον.

227 424 406 458 Παρεμπεδοῖ
428 426 456 452 δὲ
477 427 527 461 τὴν
551 429 681 464 τοιαύτην
700 430 814 466 ἐκδοχὴν
842 433 944 466 μᾶλλον
966 435 980 460 ὁ

190 469 338 505 Σύμμαχος
359 471 457 506 είπὼν,
482 483 491 498 ‹
509 475 638 508 ’Ἄμεινον
661 476 748 511 ὄνομα
771 478 874 511 ἀγαθὸν
892 480 979 514 μύρου

189 514 316 547 εὐώδους,
335 526 344 542 ›
362 517 470 548 δεικνὺς
486 519 634 553 ἐμφανῶς,
658 521 696 552 ὼς
717 522 749 547 τὸ
773 524 980 555 κατασκευαζό-

191 567 273 594 μενον
296 561 382 596 μύρον
407 563 440 588 ὲκ
463 563 569 590 πολλῶν
591 566 638 591 καὶ
657 565 795 602 διαφόρων
812 569 891 595 εἰδῶν
907 570 979 605 ἀρω-

190 606 314 639 ματικῶν
330 607 361 632 οὐ
377 608 441 640 ’τοὺς
455 608 657 642 πλησιάζοντας
673 612 753 646 μόνον
768 613 912 646 εὐωδιάζει
931 616 978 642 καὶ

188 651 290 685 πληροῖ
301 653 350 686 τῆς
367 653 436 685 ίδίας
452 655 646 690 τερπνότητος,
670 657 738 683 ἀλλὰ
765 660 812 685 καὶ
828 660 895 694 πρὸς
915 661 979 693 τοὺς

183 697 284 732 πόρρω
309 699 493 734 παραπέμπει
518 702 567 736 τῆς
596 703 711 734 εὐωδίας
735 704 784 740 τὴν
808 706 976 741 ὀσφρασίαν·

187 743 259 770 οὕτω
282 745 330 771 καὶ
353 746 546 781 συντιθέμενον
564 748 596 774 ὲκ
612 749 668 775 τῶν
682 751 742 776 κατ’
756 751 858 787 ἀρετὴν
881 753 978 789 tatam.

186 796 240 816 των
256 788 342 824 ὄνομα
363 790 477 824 ἀγαθὸν,
493 790 549 818 οἷον
571 793 690 828 ὀχήματι
705 803 758 821 τινι
775 796 814 831 τῷ
830 796 891 832 ἀέρι
908 788 978 833 χρη-

187 833 322 868 σάμενον,
348 835 394 861 διὰ
415 836 466 871 τῆς
491 838 598 874 ἀγαθῆς
627 840 722 874 φήμης
746 842 794 867 καὶ
819 842 888 877 πρὸς
913 844 976 875 τοὺς

188 879 355 914 πορρωτέρω
378 881 562 917 παραπέμπει
577 883 627 918 τὴν
650 885 781 912 εὐωδίαν
798 887 889 920 καθώς
909 897 976 924 φησι

186 924 235 950 καὶ
252 925 359 958 Παῦλος
378 927 392 952 ὁ
414 927 503 962 μέγας
518 929 685 961 ἀπόστολος·
708 941 717 956 ί
734 933 854 967 Χριστοῦ
878 934 976 961 εὐωδία

185 967 270 1004 ὲσ“μὲν
295 971 324 997 ὲν
338 970 378 1006 τῷ
397 972 457 1006 Θεῷ
482 973 511 999 ἓν
527 975 583 1006 τοῖς
605 975 772 1010 σωζομένοις
795 978 843 1004 καὶ
867 978 897 1005 ἐν
919 981 976 1011 τοῖς

185 1014 385 1051 ἀπολλυμένοις
398 1038 404 1049 ,
420 1014 461 1049 οἷς
476 1018 613 1057 μὲνὸσμὴ
628 1019 703 1056 ζωῆς
723 1023 763 1054 εἰς
788 1023 871 1059 ζωὴν,
889 1022 930 1056 οἷς
947 1025 976 1052 δὲ

184 1061 259 1096 ὀσμὴ
275 1061 392 1090 θανάτου
408 1064 448 1095 εἰς
464 1063 591 1093 θάνατον.
611 1075 620 1091 ι

220 1105 288 1135 Εἶτά
311 1117 395 1143 φησι·
424 1120 432 1135 ι
447 1111 503 1137 Καὶ
522 1111 615 1147 ἡμέρα
639 1113 756 1140 θανάτου
775 1114 846 1151 ὑπὲρ
868 1115 975 1151 ἡμέραν

186 1154 341 1189 γεννήσεως
365 1155 462 1183 αὑτοῦ,
478 1165 487 1181 ι
506 1155 602 1190 Τίνος;
627 1158 733 1194 Δηλαδὴ
757 1159 805 1185 τοῦ
831 1161 974 1188 σπουδαίου

186 1198 234 1224 καὶ
256 1200 316 1225 κατ’
332 1200 433 1236 ἀρετὴν
457 1201 603 1234 διαζῶντος
616 1222 624 1235 ,
641 1203 689 1230 καὶ
711 1205 742 1230 τὸ
765 1204 867 1238 ἀγαθὸν
889 1206 975 1241 ὅνομα

186 1245 446 1277 κατασκευάσαντος
465 1247 554 1282 ἐαυτῷ
571 1249 620 1275 καὶ
634 1249 777 1282 συνθέντος
795 1251 826 1278 ὲκ
842 1252 895 1278 τῶν
916 1261 975 1280 ποι-

185 1288 270 1316 κίλων
291 1290 337 1317 καὶ
351 1292 534 1319 παντοδαπῶν
560 1293 650 1328 ἔργων
663 1296 712 1330 τῆς
727 1296 910 1332 εὑαγγελικῆς
927 1298 974 1325 καὶ

185 1337 376 1370 πνευματικῆς
400 1337 538 1369 πολιτείας
562 1339 609 1365 καὶ
629 1341 836 1373 καταστάσεως.
867 1343 895 1369 '0
920 1343 974 1379 γὰρ

185 1379 302 1412 Θάνατος
315 1380 364 1407 τοῦ
381 1382 505 1408 τοιούτου
520 1383 575 1409 τῶν
595 1384 664 1419 ὑπὲρ
678 1385 781 1421 ἀρετῆς
797 1387 911 1421 ἀγώνων
926 1389 973 1415 καὶ

185 1425 274 1451 πόνων
289 1426 376 1461 πέρας
393 1428 466 1460 ἐστὶ,
482 1428 529 1455 καὶ.
539 1429 584 1456 διὰ
599 1429 681 1456 τοῦτο
697 1431 744 1457 καὶ
760 1432 826 1466 πρὸς
839 1433 869 1459 τὸ
883 1433 973 1467 μακά-

185 1478 243 1505 ριον
255 1470 331 1503 τέλος
343 1472 425 1498 αὐτὸν
439 1473 637 1509 παραπέμπον,
647 1476 815 1511 τιμιωτέραν
828 1477 875 1503 καὶ
886 1485 972 1512 προσ-

184 1514 347 1550 φιλεστέραν
363 1516 484 1543 δείκνυσι
501 1518 552 1553 τῆς
571 1518 699 1554 τελευτῆς
716 1519 765 1555 τὴν
781 1521 904 1556 ἡμέραν,
923 1522 973 1557 τῆς

184 1562 254 1588 κατὰ
274 1564 325 1597 τὴν
349 1563 477 1598 γέννησιν
500 1566 548 1591 καὶ
571 1565 622 1599 τὴν
646 1567 686 1596 εἰς
704 1566 750 1592 τὸν
773 1567 829 1600 βίον
856 1568 972 1602 πάροδον

183 1605 410 1642 παραληφθείοης
433 1608 551 1644 ἡμέρας.
581 1609 688 1644 Ἐκείνη
711 1611 760 1645 μὲν
785 1612 839 1646 γὰρ
866 1613 971 1640 πολλῶν

183 1653 371 1688 πειρατηρίων
394 1655 441 1680 καὶ
460 1655 555 1682 δεινῶν
578 1656 624 1682 καὶ
640 1655 758 1690 θλίψεων
774 1659 821 1684 καὶ
838 1660 971 1694 περιστά-

183 1704 253 1723 σεων
275 1697 434 1732 εὑρίσκεται
457 1699 604 1733 πρόξενος·
621 1701 652 1727 οὑ
675 1701 755 1736 μόνον
777 1702 830 1730 τῶν
846 1704 899 1730 ἀπὸ
917 1705 971 1731 τῶν

184 1741 283 1774 ἔξωθεν
319 1745 596 1780 παρεισκεκριμένων
626 1747 776 1782 συμφορῶν
811 1749 969 1785 ἀδοκήτων,

182 1788 250 1815 ἀλλὰ
264 1789 311 1815 καὶ
326 1790 416 1826 πολλῷ
431 1791 526 1827 πρώην
540 1793 572 1818 ὲκ
586 1792 640 1819 τῶν
661 1794 733 1820 κατὰ
745 1795 794 1829 τὴν
813 1795 894 1829 φύσιν
909 1797 971 1823 εἰω-

182 1833 267 1861 θότων
286 1835 408 1868 γίνεσθαι
425 1838 647 1872 συμπτωμάτων.
666 1839 748 1866 Νόσοι
767 1840 821 1876 γὰρ
838 1842 970 1869 ἀλλεπάλ-

182 1879 257 1914 ληλοι
272 1881 319 1907 καὶ
332 1881 468 1917 διαφόρων
489 1883 537 1910 καὶ
552 1884 683 1911 ποικίλων
705 1885 799 1912 παθῶν
815 1888 970 1915 ἐπαναστά-

182 1935 240 1958 σεις
257 1928 479 1962 περιστοιχοῦσαι
494 1928 544 1964 τὴν
569 1930 743 1965 ἀνθρωπίνην
759 1931 842 1967 ζωὴν,
857 1934 903 1959 καὶ
921 1934 968 1960 τοῦ

181 1971 298 1998 θανάτου
323 1974 507 2009 φευκτοτέραν
529 1974 661 2006 πολλάκις
689 1975 854 2010 ἀπέδειξαν,
878 1978 969 2010 καθὼς

181 2018 330 2045 αἰνίττεται
354 2020 401 2045 καὶ
425 2019 455 2046 τὸ
476 2019 565 2054 λόγιον
586 2022 636 2056 ιιῆς
660 2022 769 2057 γραφῆς
793 2022 840 2049 τοῦ
861 2023 922 2050 Ἰὼϐ
938 2025 969 2051 τὺ

180 2063 303 2096 φάσκονο
327 2073 336 2088 ι
352 2064 411 2090 Ἵνα
423 2065 449 2090 τί
462 2065 516 2099 γὰρ
532 2065 637 2092 δέδοται
656 2067 713 2097 τοῖς
727 2068 755 2093 ὲν
775 2068 875 2104 πικρίᾳ
896 2069 966 2103 φῶς,

179 2108 236 2143 ζωὴ
249 2109 278 2135 δὲ
298 2111 358 2141 ταῖς
380 2110 408 2137 ἐν
423 2110 531 2142 ὀδύναις
561 2111 680 2146 ψυχαῖς;
702 2113 733 2138 Οἳ
750 2113 901 2148 ίμείρονται
919 2116 967 2142 τοῦ

179 2153 313 2187 θανάτου,
325 2155 374 2182 καὶ
390 2156 420 2182 οὐ
434 2157 627 2191 τυγχάνουσιν.
644 2167 653 2183 ι
677 2157 709 2184 Ἡ
729 2158 757 2184 δὲ
770 2158 821 2194 τῆς
837 2160 967 2197 τελευτῆς

179 2199 271 2234 ἡμέρα
287 2201 332 2227 τοῦ
349 2201 494 2228 σπουδαίου
508 2203 556 2229 καὶ
571 2203 632 2229 κατ’
643 2203 744 2239 ἀρετὴν
763 2204 966 2241 διαλάμψαντος

1033 300 1068 327 et,
1088 296 1157 322 bona
1175 296 1246 322 fama
1264 296 1413 330 proposita,
1438 295 1472 322 ad
1489 295 1531 323 sui
1548 296 1637 330 ipsius
1654 297 1823 331 pervestiges

1034 341 1135 368 tionem
1149 347 1232 376 atque
1243 341 1415 375 adeptionem
1432 341 1566 376 perducit.

1067 430 1153 457 Porro
1178 430 1427 464 interpretationem
1456 430 1614 464 hujusmodi
1640 430 1822 465 Symmachus

1031 476 1203 510 potissimum
1230 476 1385 508 conlirmat,
1411 477 1470 516 qui_
1484 477 1522 503 ait
1542 485 1548 502 :
1570 485 1578 501 ι
1597 476 1695 503 Melius
1719 484 1820 504 nomen

1030 521 1132 548 bonum
1146 528 1284 555 unguento
1307 519 1564 556 fragrante(5l-2),t
1574 529 1627 548 non
1639 522 1756 549 obscure
1773 522 1820 549 de-

1030 567 1150 599 clarans,
1169 568 1399 602 quemadmodum
1418 572 1599 602 unguentum,
1615 568 1687 601 quod
1698 575 1712 594 e
1726 568 1819 595 multis

1030 612 1169 646 variisque
1182 613 1312 639 aromatis
1325 612 1508 646 componitur,
1525 620 1579 639 non
1596 612 1700 639 vicinos
1714 617 1818 639 tantum

1029 657 1113 684 odore
1137 658 1275 692 perfundit
1293 665 1325 684 ac
1340 658 1473 685 suavitate
1494 657 1612 692 complet
1636 665 1697 688 sua,
1724 665 1817 684 verum

1029 703 1111 729 etiam
1126 703 1158 729 ad
1179 703 1342 738 longinquos
1366 710 1419 730 non
1446 703 1537 730 minus
1564 707 1668 738 gratam
1693 702 1818 737 fragran-

1029 748 1093 774 tiatn
1116 748 1293 781 transmittit;
1313 749 1353 776 sic
1370 755 1467 774 nomen
1485 748 1600 779 bonum,
1625 748 1698 782 quod
1715 756 1747 775 ex
1764 749 1818 775 vir?

1008 807 1010 809 ι
1030 792 1096 820 tutis
1111 792 1325 827 proprietatibus
1342 796 1462 824 constat,
1481 797 1610 826 tanquam
1628 795 1699 820 aeris
1715 801 1766 827 ope
1783 793 1816 820 ad

1029 838 1182 865 vehendum
1200 843 1292 866 tttatur
1313 839 1384 865 bona
1404 839 1497 873 utique
1516 838 1586 865 fama
1604 840 1636 865 ad
1653 839 1817 866 remotiores

1027 883 1109 910 etiam
1133 882 1286 910 diliundcre
1309 882 1419 909 odorem
1438 890 1529 909 suum.
1549 883 1640 914 Quare
1663 886 1690 909 et
1714 881 1817 908 Paulus

992 917 1012 944 Β
1027 935 1144 964 magnus
1164 928 1311 963 Apostolus
1327 936 1334 955 :
1356 937 1365 954 ι
1386 927 1500 960 Christi,
1519 928 1618 962 inquit,
1639 928 1727 954 bonus
1746 928 1816 954 odor

1028 982 1124 1002 smnus
1149 974 1175 1001 in
1207 973 1261 1001 Deo
1279 974 1307 1000 itt
1328 973 1360 1000 iis
1374 993 1382 1006 ,
1403 973 1449 1008 qui
1469 973 1537 1000 salvi
1563 973 1649 1004 ﬁunt.
1670 977 1698 1000 et
1714 973 1740 999 in
1764 973 1814 1005 iis,

1027 1020 1072 1055 qui
1089 1025 1213 1055 pereunt,
1231 1020 1293 1047 aliis
1307 1020 1416 1054 quidem
1442 1019 1510 1047 odor
1528 1019 1590 1047 vitm
1607 1019 1635 1046 in
1647 1019 1741 1052 vitam,
1754 1019 1816 1046 aliis

1027 1070 1118 1092 autem
1137 1065 1204 1092 odor
1219 1065 1316 1091 mortis
1334 1064 1359 1091 in
1377 1069 1492 1091 mortetn
1510 1065 1576 1099 (55).
1588 1072 1596 1087 ι

1061 1111 1107 1137 Ait
1127 1110 1225 1137 deinde
1242 1110 1419 1137 Ecclesiastes
1434 1120 1441 1137 :
1463 1120 1471 1135 ε
1494 1110 1523 1138 Et
1541 1111 1598 1138 dies
1615 1111 1712 1138 mortis
1733 1118 1815 1145 super

1026 1155 1097 1183 diem
1118 1156 1269 1183 nativitatis
1291 1156 1361 1191 ejus.
1382 1165 1391 1181 ι
1409 1155 1584 1191 Cujusnam?
1601 1156 1683 1183 Probi
1701 1156 1814 1183 omnino

1025 1206 1053 1229 et
1079 1202 1114 1229 ad
1136 1202 1246 1230 virtutis
1271 1210 1394 1230 normam
1423 1203 1549 1236 viventis,
1579 1203 1735 1237 bonumque
1760 1203 1812 1230 sibi

1026 1255 1124 1275 nomen
1146 1248 1247 1283 adepti,
1269 1256 1300 1276 ac
1322 1249 1414 1276 multis
1436 1247 1516 1284 164
1537 1249 1675 1283 variisque
1697 1257 1814 1284 evange-

1025 1294 1084 1322 licaa
1102 1299 1129 1322 et
1146 1295 1298 1329 spiritualis
1311 1295 1494 1322 institutionis
1509 1295 1640 1329 operibus
1658 1295 1811 1329 promeriti.

1025 1340 1113 1375 Hujus
1135 1341 1209 1368 enim
1231 1349 1306 1368 tnors
1330 1346 1521 1376 susceptorum
1545 1349 1594 1376 pro
1611 1341 1710 1368 virtute
1726 1346 1812 1368 certa-

1025 1386 1130 1413 tninum
1149 1387 1330 1421 laborumque
1349 1387 1483 1414 terminus
1500 1391 1548 1416 est.
1565 1387 1684 1421 quicum
1701 1395 1761 1413 eum
1779 1387 1812 1414 ad

1024 1431 1134 1459 beatum
1169 1433 1315 1460 transferat
1353 1434 1455 1464 linetn,
1491 1433 1579 1467 pretio
1608 1439 1689 1467 atque
1719 1440 1813 1461 amore

1025 1476 1138 1512 dignum
1161 1478 1247 1513 magis
1260 1478 1380 1505 ostendit
1401 1478 1499 1505 mortis
1522 1478 1604 1510 diem,
1631 1486 1712 1513 quam
1736 1486 1812 1513 eum,

1023 1523 1070 1558 qui
1094 1524 1193 1558 genitis
1220 1524 1324 1551 aditum
1348 1524 1375 1550 in
1403 1524 1473 1551 hanc
1493 1524 1577 1551 vitam
1602 1523 1729 1558 patefecit
1743 1525 1810 1560 (54).

1024 1567 1090 1595 Nam
1107 1569 1151 1596 ille
1174 1569 1284 1604 quidem
1304 1570 1489 1604 periculorum
1509 1570 1655 1597 multorum
1672 1575 1698 1597 et
1711 1578 1812 1597 mrum-

1023 1622 1120 1640 narum
1154 1619 1180 1641 ct
1206 1614 1332 1642 dolorum
1368 1619 1396 1642 ct
1429 1615 1622 1642 necessitatum
1649 1616 1702 1642 vim
1733 1616 1811 1643 nobis

1022 1660 1158 1694 ingentem
1176 1660 1283 1693 attulit;
1303 1668 1352 1688 nec
1369 1660 1459 1688 solum
1481 1660 1683 1688 calamitatibus
1700 1661 1810 1696 objecit,

1022 1713 1081 1739 qua:
1100 1710 1197 1740 praeter
1219 1706 1376 1740 opinionem
1394 1707 1530 1741 adrcpuut
1555 1707 1738 1738 extrinsecus,
1763 1707 1810 1735 sed

1021 1751 1103 1779 etiam
1118 1752 1229 1778 casibus
1246 1752 1289 1784 iis,
1306 1752 1352 1787 qui
1370 1752 1475 1786 jamdiu
1492 1757 1590 1780 natttra
1608 1753 1729 1780 incidere
1743 1760 1809 1780 con-

1022 1802 1177 1824 sueverunt.
1198 1797 1283 1824 Morbi
1307 1797 1380 1824 enitn
1403 1798 1439 1824 ita
1456 1798 1602 1830 alternam.
1625 1804 1651 1825 ct
1667 1803 1707 1825 tot
1724 1798 1809 1826 animi

1021 1843 1180 1870 aliectioues
1195 1851 1226 1869 ar.
1245 1846 1336 1870 motus
1356 1843 1502 1870 humanam
1523 1844 1648 1870 obsident
1667 1844 1761 1876 vitatu,
1780 1849 1810 1871 ut

1022 1895 1091 1921 saepe
1112 1894 1199 1914 tttorte
1217 1888 1367 1915 tristiorem
1389 1889 1536 1916 ostendant
1556 1898 1562 1915 :
1584 1889 1655 1923 quod
1670 1893 1699 1916 et
1713 1889 1807 1916 divino

1020 1932 1079 1960 Jobi
1094 1934 1206 1960 oraculo
1229 1933 1401 1968 designatur,
1424 1934 1469 1960 ubi
1493 1934 1552 1960 ait:
1575 1943 1583 1959 ι
1601 1934 1691 1966 Quare
1706 1934 1808 1962 misero

1019 1979 1082 2006 data
1100 1983 1142 2006 est
1156 1979 1214 2011 lux,
1229 1984 1255 2006 et
1270 1979 1324 2006 vita
1340 1979 1392 2012 his,
1411 1980 1458 2014 qui
1475 1980 1501 2005 in
1517 1979 1699 2006 amaritudine
1710 1980 1809 2007 animae

1020 2025 1106 2051 sunt?
1132 2024 1178 2059 qui
1198 2028 1358 2059 exspectant
1379 2029 1506 2055 mortem,
1527 2029 1553 2051 et
1577 2032 1631 2051 non
1651 2023 1778 2051 venit”?
1797 2034 1805 2050 ι

1019 2070 1081 2098 Dies
1098 2075 1189 2097 autem
1210 2071 1307 2098 tuortis
1325 2070 1397 2105 eius,
1419 2070 1465 2105 qui
1486 2070 1570 2104 probe
1584 2071 1651 2097 vixit
1668 2075 1694 2097 et
1709 2070 1809 2098 virtute

1018 2117 1126 2149 enituit,
1145 2118 1200 2146 illis
1214 2118 1323 2153 quidem
1341 2119 1472 2146 omnibus
1487 2118 1594 2150 liberat,
1619 2126 1682 2145 cum
1700 2119 1808 2153 pericu-

1017 2163 1106 2190 lorum
1122 2165 1185 2191 vitte
1203 2165 1282 2192 linem
1304 2164 1409 2196 aﬂ'erat,
1431 2169 1458 2191 et
1479 2164 1514 2197 ei,
1534 2165 1580 2199 qui
1597 2164 1698 2192 bonum
1719 2170 1807 2193 certa-

1019 2218 1079 2237 tncn
1096 2210 1220 2242 certavit,
1236 2215 1263 2237 et
1276 2218 1338 2237 cum
1353 2210 1453 2237 virtute
1468 2218 1579 2237 cursum
1593 2212 1806 2243 consummavit,

178 2245 378 2280 ἁπολυτροῢται
402 2247 450 2282 μὲν
468 2247 603 2274 κάκείνων
621 2249 765 2282 ἁπάντων,
792 2251 839 2277 ἆτε
861 2251 893 2287 δὴ
911 2253 966 2280 τῶν

1022 2256 1154 2291 ﬁdemque
1177 2257 1313 2288 servavit,
1345 2256 1490 2283 exordium
1514 2257 1631 2284 adducat
1663 2258 1806 2284 beatorum

179 2291 315 2326 βιωτικῶν
348 2295 536 2330 πειρατηρίων
558 2296 744 2332 ἐπιφερομένη
768 2297 819 2333 τὴν
842 2300 965 2327 παῦλαν

1019 2303 1205 2337 praemiorum,
1222 2306 1249 2328 et
1261 2302 1374 2336 iustitia:
1390 2309 1520 2329 coronam
1537 2302 1699 2336 imponat".

176 2340 265 2388 ἀρχὴν
286 2342 313 2368 δὲ
339 2342 429 2388 δίδωσι
452 2344 491 2378 τῷ
513 2344 603 2377 καλῶς
619 2346 838 2383 ἀγωνισαμένῳ,.
856 2350 904 2376 καὶ
923 2351 967 2377 τὸν
987 2353 1046 2378 κατ’
1079 2353 1180 2388 ἀρετὴν
1213 2351 1389 2379 τελειώσαντι
1404 2351 1514 2386 δρόμον,
1531 2351 1577 2377 καὶ
1589 2349 1638 2385 τὴν
1658 2349 1748 2375 πίστιν
1759 2357 1807 2383 τη-

178 2386 291 2421 ρήσαντι
304 2408 312 2420 ,
335 2387 389 2414 τῶν
407 2389 550 2424 μακαρίων
568 2389 695 2418 ἐπάθλων
719 2392 766 2419 καὶ
781 2394 835 2421 τῶν
858 2396 907 2431 τῆς
925 2386 1103 2434 δικαιοσύνης
1116 2386 1267 2433 στεφάνων.

213 2444 234 2460 ³⁷
252 2443 305 2471 Job
322 2452 364 2478 ιιι,
385 2445 431 2473 20.
469 2445 491 2461 ³⁸
511 2445 533 2472 ll
550 2446 621 2474 Tim.
639 2455 676 2482 tv,
698 2448 724 2474 7.

185 2531 273 2575 (δια)
283 2534 320 2575 ,Μ
335 2536 470 2575 ipsunle}
486 2536 650 2575 Symmacho
662 2539 812 2575 protulerat
823 2539 965 2575 Olympio-

175 2570 259 2596 dorus
277 2571 327 2610 ip.
344 2571 397 2598 644
412 2572 434 2598 Ε.
452 2572 479 2598 in
499 2570 577 2599 Auct.
600 2570 693 2608 Ducl).
713 2574 846 2601 Czcterttm
858 2570 889 2602 ὀι
905 2570 964 2610 ipsa

178 2606 344 2644 vox_o_leum
377 2614 448 2644 sa-pe
478 2614 526 2641 pro
555 2606 695 2641 unguento
721 2614 871 2644 usurpatur
899 2606 964 2638 :'ut

176 2640 365 2677 apudnlsucam
377 2661 385 2673 ,
404 2640 559 2676 Oleorcaput
575 2640 661 2677 meum
678 2651 729 2670 non
747 2640 849 2671 uniisti
860 2645 896 2677 (c.
916 2653 962 2677 ru,

177 2683 202 2710 νε
224 2674 281 2710 66).
299 2677 390 2710 Atque
410 2676 436 2703 id
463 2674 567 2704 Latinis
588 2676 723 2706 familiare
747 2679 798 2706 fuit
816 2688 823 2706 :
851 2674 963 2707 Nemori;

176 2709 262 2748 oleum
277 2709 455 2748 feret'ocius?
476 2711 544 2738 dixit
562 2713 690 2739 Horatius
713 2714 722 2748 (
740 2714 799 2741 Sat.
818 2714 874 2747 νυ,
895 2716 912 2742 Ι.
933 2724 962 2747 ιι,

176 2753 202 2771 v.
220 2745 277 2780 54),
296 2746 330 2773 de
345 2747 404 2773 oleo
421 2747 453 2773 ad
467 2748 623 2774 unctionem
641 2748 668 2774 in
681 2745 787 2776 balneis
801 2758 807 2775 :
832 2754 858 2777 et
869 2745 963 2777 'oleuni

175 2781 325 2817 gratuitum
342 2781 367 2807 in
386 2782 501 2809 thermis
517 2783 611 2809 datum
628 2790 699 2817 saepe
715 2785 844 2812 exhibent
866 2786 963 2812 inscri-

175 2815 284 2854 ptiones
313 2821 448 2854 antiquae,
465 2821 509 2854 rut
538 2818 606 2854 alias
631 2815 823 2847 adnotavimus
843 2821 901 2854 (De
924 2830 961 2848 ss.

319 2852 376 2886 9t),
400 2853 473 2887 quod
489 2852 621 2886 Apuleius
640 2854 727 2881 oleum
749 2851 896 2883 balsanium
914 2864 963 2892 ap-

257 2895 271 2912 Ἰ
287 2905 294 2912 ι

175 2890 294 2919 peltam.

1058 2539 1115 2577 (55)
1134 2540 1154 2577 ll
1171 2541 1203 2567 ad
1218 2541 1292 2577 rCor.
1318 2549 1364 2577 ιιζ
1381 2542 1424 2569 l5.
1446 2543 1475 2570 ln
1492 2543 1615 2577 Vulgatis
1640 2543 1803 2577 legtmus....

1019 2575 1106 2611 ἐσμὲν
1116 2575 1376 2614 τῷλβεῷ..ι...λθιγοίς
1386 2577 1435 2612 μὲν
1453 2578 1524 2614 ὀσμὴ
1540 2575 1654 2604 σανάτου
1668 2575 1712 2610 εἰς
1724 2578 1804 2604 θανα-

1018 2608 1082 2648 τον]
1101 2608 1179 2648 οἶς-δὲ
1195 2608 1265 2648 ὀσμὴ
1282 2612 1354 2647 ζωῆς
1373 2608 1412 2643 είς
1428 2608 1511 2648 ζωήν.

1055 2646 1110 2681 (54)
1133 2646 1210 2672 liunc
1226 2646 1398 2675 Ecclesiastze
1418 2646 1507 2676 locum
1530 2648 1678 2676 Christiani
1698 2654 1803 2676 veteres

1018 2681 1054 2708 ob
1078 2684 1172 2708 oculos
1202 2682 1330 2708 habuisse
1355 2683 1484 2710 videntur
1511 2684 1668 2715 Mazochio,
1692 2685 1803 2717 quando

1019 2717 1162 2743 transitum
1173 2725 1204 2742 cx
1215 2717 1265 2743 hac
1274 2717 1327 2744 vita
1339 2723 1472 2745 vocarunt
1481 2718 1607 2746 Ναιαίιιιη
1619 2723 1664 2744 aut
1674 2718 1803 2746 ΓενέΘλια

1012 2760 1059 2788 seu
1073 2752 1187 2788 l‘svéata
1219 2752 1302 2785 (δρία.
1320 2752 1390 2780 Bibl.
1408 2759 1426 2780 t.
1443 2754 1475 2783 ll,
1492 2762 1509 2788 β
1539 2754 1615 2788 29.4).
1634 2753 1711 2780 Velut
1739 2762 1801 2781 cum

1012 2787 1049 2813 ait
1065 2787 1234 2821 Augustinus
1251 2796 1257 2813 :
1281 2797 1290 2812 ι
1311 2788 1392 2822 Digne
1408 2787 1533 2815 Natalem
1551 2787 1662 2816 istorum
1680 2788 1801 2819 colimus,

1012 2829 1076 2856 quos
1109 2822 1210 2849 beatius
1236 2827 1342 2849 averna:
1366 2824 1426 2850 vita:
1454 2825 1565 2851 mundus
1590 2824 1691 2856 edidit,
1722 2832 1801 2858 quant

1014 2857 1111 2894 agundo
1145 2863 1327 2894 maternorum
1365 2859 1492 2887 viscerum
1531 2865 1623 2894 partus
1658 2857 1764 2892 rﬂ‘utht.
1791 2870 1799 2881 -

1014 2892 1121 2926 (Serm.
1143 2893 1174 2919 Ιυ
1193 2893 1228 2919 De
1244 2892 1348 2917 Silurlic
1373 2894 1383 2917 ὶ
