2038 3155
156 172 208 203 989

693 173 733 204 IN
747 156 1042 206 ECCL‘ESIASTEN,
1058 176 1178 207 —LIB.
1195 177 1244 208 VI.

1742 177 1795 209 930

155 229 297 263 κατάγαγε
312 228 434 265 δάκρυα,
453 238 462 253 ι
481 228 548 264 φησί
572 238 624 256 που
643 230 674 257 τὸ
690 231 783 266 λόγιον
798 233 849 268 τῆς
873 233 947 264 θείας

1001 241 1033 261 ac
1064 234 1229 268 ptenitentia
1261 234 1369 261 veniam
1397 233 1478 269 166
1507 241 1604 262 eorum
1634 234 1793 270 emagitant,

154 275 269 312 Γραφῆς
288 284 295 290 ·
313 275 330 310 ἢ
346 275 402 301 τῶν
418 275 466 301 ἐπὶ
477 276 537 306 ταῖς
555 275 635 307 ίδίαις
651 276 802 312 ἁμαρτίαις
821 278 951 314 θρηνούν-

152 331 219 355 των,
237 323 285 349 καὶ
307 322 352 349 διὰ
372 323 422 357 τῆς
441 322 648 356 ὲξαγορεύσεως
671 324 718 350 καὶ
738 324 788 359 τῆς
802 325 950 359 μετανοίας

152 369 204 405 τὴν
227 368 403 404 συγχώρησιν
418 368 508 394 αὐτῶν
529 367 725 400 ὲξαιτοὺντων’
742 370 800 396 ἀλλ’
818 371 879 405 οὐχὶ
893 370 949 397 τῶν

153 415 201 441 ἐπὶ
223 416 284 445 ταῖς
305 414 464 449 δυστυχίαις
484 413 537 440 τῶν
562 415 722 449 ἐμπορικῶν
744 415 947 450 ὑποθέσεων,ἧ

152 462 214 492 ταῖς
228 460 395 492 ἀποτεύξεσι
410 459 467 486 τῶν
481 460 663 495 ἀνθρωπίνων
686 460 778 495 ἀρχῶν
803 461 851 488 καὶ
870 461 947 489 δυνα-

153 506 252 534 στειῶν
284 506 332 533 καὶ
350 506 446 538 δοξῶν.
468 505 530 532 Τῶν
549 506 604 541 γὰρ
626 506 758 533 τοιούτων
774 507 788 533 ὁ
809 505 884 539 οἶκος
899 508 949 534 οὐκ

152 552 257 586 ἀγαθὸς
269 572 277 584 ,
292 552 345 578 κᾶν
365 552 475 587 πλήρης
489 551 653 587 ὀλοφυρμῶν
667 552 792 588 εὑρεθείη
816 553 864 580 καὶ
887 553 950 579 πέν-

153 597 235 629 θους⁸
251 597 300 624 ᾶτε
313 597 345 632 δὴ
360 597 392 624 τὸ
414 596 512 629 πένθος
528 597 576 624 καὶ
593 597 623 623 τὸ
638 597 738 633 θρῆνος
756 598 807 625 οὐκ
823 599 870 625 ἐπὶ
888 600 949 630 ταῖς

152 643 271 675 ἐννοίαις
293 644 342 670 καὶ
364 645 425 675 ταῖς
439 643 551 678 ἐφέσεσι
571 643 626 670 τῶν
642 645 807 679 κρειττόνων
827 646 875 672 καὶ
894 645 949 672 τῶν

152 687 342 723 ἐλπιζομένων
364 687 475 722 ἀγαθῶν
496 689 526 714 ἑν
546 690 579 724 τῇ
603 688 728 725 βασιλείᾳ
748 689 803 716 τῶν
824 689 949 726 οὐρανῶν

152 734 337 769 ποιουμένων,
362 734 420 761 ἀλλ’
441 734 561 769 ἔμπαλιν
585 736 614 761 ὲν
637 737 671 770 τῇ
697 735 810 770 ζητήσει
827 736 883 762 τῶν
903 737 950 763 ἀν-

152 777 299 813 θρωπίνων
324 779 373 805 καὶ
400 779 577 814 προπκαίρων
601 779 649 806 καὶ
676 780 879 816 φθειρομένων,
901 783 949 808 καὶ

152 823 204 858 τῆς
217 824 358 859 ἁμαρτίας
369 823 406 855 ὡς
419 824 522 850 ἐπίπαν
535 825 698 859 ποιητικῶν.

188 869 275 896 Τοῦτο
298 869 352 904 γὰρ
373 869 487 905 ὲμπεδοῖ
509 869 544 896 δι’
569 867 607 897 ὧν
627 868 706 897 εἶπεν
728 871 857 906 ἀμέσως·
880 872 947 906 φησὶ

1001 289 1175 316 nequaquam
1193 287 1258 308 vero
1271 281 1305 308 ab
1319 280 1352 308 iis
1363 300 1370 313 ,
1389 281 1436 315 qui
1459 281 1493 308 de
1512 280 1625 307 adversa
1641 279 1750 308 fortuna
1767 287 1794 309 ct

1001 327 1134 354 mercium
1161 327 1269 362 jactura
1295 331 1470 361 queruntur,
1506 331 1554 353 aut
1578 327 1612 354 de
1635 327 1793 355 interval-sis

1000 373 1207 408 magistratibus
1218 378 1246 400 et
1256 372 1445 400 dominatione
1456 377 1538 406 atque
1550 372 1636 407 gloria
1650 374 1792 407 subrepta.

1000 418 1103 446 Horum
1120 418 1193 446 enim
1208 419 1307 446 domus
1324 426 1379 445 non
1398 419 1481 451 bona,
1497 419 1680 446 lamentorum
1696 427 1793 454 quam—

999 465 1041 492 vis
1068 465 1147 500 plcna
1171 465 1328 492 inveniatur
1354 469 1435 498 atque
1461 464 1693 499 luctus:quippe
1720 466 1792 500 quod

999 511 1090 538 luetus
1108 511 1153 538 ille
1168 515 1196 538 et
1217 514 1336 537 lamenta
1361 518 1415 537 non
1437 517 1534 537 eorum
1555 514 1629 541 sunt,
1650 510 1697 545 qui
1718 511 1795 545 cogi-

1000 561 1097 584 tentet
1112 556 1270 584 desiderent
1295 556 1403 591 potiora
1417 564 1449 582 ea
1471 555 1554 586 bona,
1575 563 1636 590 quae
1657 556 1684 582 in
1710 556 1797 584 θεείου

999 611 1060 630 rum
1094 610 1178 638 regno
1210 602 1386 637 sperantibus
1417 602 1587 634 obvcniunt,
1617 603 1663 629 sed
1694 610 1793 629 eorum

1000 648 1112 682 potius,
1140 648 1188 682 qui
1216 647 1336 674 humana
1365 650 1493 681 qumruut
1519 650 1547 673 et
1577 648 1739 681 temporaria
1765 655 1793 675 et

999 693 1128 725 caduca,
1165 693 1238 720 unde
1272 693 1407 728 originem
1441 692 1606 726 plerumque
1648 698 1791 727 peccatum

999 738 1084 765 ducit.

1035 867 1102 895 Nam
1121 867 1173 894 hoc
1195 866 1240 894 ille
1258 865 1404 894 conlirmat
1421 865 1466 897 iis,
1484 872 1547 900 quae
1572 869 1699 900 protinus
1725 866 1792 893 sub-

151 916 217 951 γὰρ,
235 925 244 941 ι
271 915 342 942 Καθ’
368 916 410 942 ὅτι
431 915 512 942 τοῦτο
533 916 610 948 τέλος
631 916 734 948 παντὸς
756 917 914 953 ἀνθρώπου.
933 927 942 943 ι

998 915 1082 950 iecit;
1103 913 1141 940 ait
1163 913 1236 940 enim
1256 922 1262 939 :
1284 921 1294 938 ι
1323 911 1363 939 Eo
1387 911 1461 946 quod
1483 911 1529 938 hic
1552 916 1593 938 est
1613 911 1674 939 linis
1698 912 1791 939 omnis

150 961 248 993 Τοῦτο,
275 963 369 993 ποτονς
392 959 430 987 Ἦ
455 961 577 996 δηλονότι
601 961 631 988 τὺ
654 962 785 997 τελευτᾷν
811 963 857 989 καὶ
881 963 946 999 θνή-

151 1014 247 1032 σκειν·
270 1006 313 1039 ἐφ’
335 1002 358 1039 ᾧ
382 1005 429 1031 καὶ
451 1005 500 1040 τὴν
527 1005 646 1041 μελέτην
670 1006 720 1041 τῆς
737 1006 853 1041 καρδίας
873 1006 946 1041 ἔχειν

151 1051 298 1086 ὀφείλομεν
311 1051 442 1083 ἅπαντες,
462 1051 582 1078 θανάτου
598 1051 717 1086 μελέτην
734 1051 781 1078 τὸν
797 1052 863 1078 ἴδιον
882 1052 945 1078 ἑπι-

150 1097 323 1132 δεικνύμενοι
342 1097 399 1132 βίον
410 1105 418 1113 ”
436 1097 452 1132 ἦ
464 1096 495 1123 τὸ
511 1096 730 1131 μεταγινώσκειν
743 1098 791 1123 καὶ
803 1099 945 1132 μετανοεῖν

150 1142 199 1168 καὶ
221 1142 328 1169 κλαίειν
343 1142 390 1170 ἐπὶ
410 1143 470 1174 ταῖς
486 1143 638 1178 ἁμαρτίαις
651 1142 741 1178 ἡμῶν.
758 1142 808 1169 Διά
822 1143 876 1178 γὰρ
891 1143 946 1169 τῶν

151 1187 273 1222 συνεχῶν
295 1188 343 1214 καὶ
366 1187 488 1223 δαψιλῶν
509 1187 648 1222 δακρύων,
668 1187 706 1219 ὡς
731 1188 760 1214 ὲν
774 1187 881 1223 λουτρῷ
900 1189 946 1214 τὸν

151 1233 286 1269 σαρκικδν
297 1233 523 1269 ἁποκαθαίρομεν
541 1233 639 1269 ῥύπον,
654 1233 741 1265 οὕτως
756 1233 946 1269 ἀπολουόμεθα

151 1279 262 1311 καὶτὰς
282 1280 402 1315 ψυχικὰς
417 1279 612 1315 ἀποπλύνομεν
626 1279 738 1315 κηλῖδας
759 1279 804 1306 καὶ
825 1279 946 1314 βεϐηλώ-

154 1333 220 1357 σεις.
246 1325 294 1352 Ἐκ
308 1326 336 1352 δὲ
351 1325 398 1352 τοῦ
417 1327 586 1361 προσφοιτᾷν
607 1326 645 1357 εἰς
663 1325 708 1352 τὸν
720 1323 796 1353 οἷκον
812 1326 859 1352 τοῦ
882 1327 946 1352 πέν-

150 1370 215 1402 θους
251 1370 431 1405 προσγίνεται
465 1370 506 1406 τῷ
534 1369 736 1405 προσφοιτῶντι
771 1370 946 1405 κατανύξεως

149 1416 265 1452 ἀφορμὴ
282 1417 330 1444 καὶ
345 1417 485 1452 πρόφασις
501 1417 649 1452 μετανοίας
660 1437 667 1449 ,
682 1417 725 1451 ἐφ’
740 1414 779 1448 οἷς
800 1418 945 1453 ἐπλημμέ-

149 1462 217 1496 λησε
228 1471 234 1477 ·
252 1462 401 1489 κάντεῦθεν
417 1461 595 1498 παρεκκλίνει
613 1462 663 1496 μὲν
673 1462 730 1489 τῶν
746 1463 888 1498 χειρόνων,
898 1464 946 1490 καὶ

151 1507 357 1544 μεταϐέϐληται
384 1508 453 1542 πρὸς
477 1508 527 1542 τὴν
554 1508 655 1543 πρᾶξιν
679 1508 735 1535 τῶν
761 1509 874 1543 ἀγαθῶν
897 1511 945 1537 καὶ

150 1552 324 1588 κρειττόνων.
344 1553 448 1580 Τούτου
466 1553 546 1589 χάριν
564 1554 690 1588 ἐπήγαγε
703 1561 710 1568 ·

996 961 1116 988 hominis
1126 960 1174 986 ⁸³.»
1186 958 1394 994 Hie,inquit;at
1413 958 1498 993 quis?
1514 957 1644 984 nimirum
1661 965 1790 985 excessus

996 1011 1022 1034 et
1046 1014 1121 1034 mors
1141 1015 1147 1032 :
1165 1006 1192 1032 in
1213 1012 1267 1040 qua
1292 1004 1386 1039 utique
1411 1003 1563 1038 reputanda
1584 1011 1679 1030 cut-am
1704 1002 1789 1029 animi

997 1059 1099 1090 ponere
1122 1052 1266 1081 debemus,
1289 1054 1316 1077 et
1344 1050 1419 1077 hanc
1443 1050 1507 1076 vitm
1523 1053 1625 1076 nostra:
1650 1055 1787 1076 summam

996 1104 1103 1136 putare,
1128 1103 1158 1126 ut
1179 1098 1374 1132 resipiscentes
1395 1096 1581 1123 admissurum
1600 1094 1788 1130 ptenitentiam

997 1154 1122 1183 agamus,
1151 1150 1178 1172 et
1210 1148 1322 1179 peccata
1351 1148 1445 1170 nostra
1473 1142 1622 1177 plot-emus.
1648 1140 1789 1175 Perpetuis

997 1192 1070 1220 enim
1084 1190 1269 1224 uberibusque
1284 1188 1425 1223 lacrymis,
1449 1187 1520 1214 sicut
1536 1186 1563 1213 in
1583 1186 1693 1213 lavacro
1709 1185 1789 1213 findi-

998 1243 1066 1266 tates
1089 1236 1227 1264 abluimus
1243 1235 1377 1270 corporis,
1401 1234 1437 1260 ita
1463 1233 1587 1260 maculas
1611 1233 1710 1260 anima;
1727 1239 1789 1260 sor-

997 1283 1101 1318 dcsque
1117 1281 1296 1316 detergimus.
1314 1279 1433 1306 Adeunti
1455 1287 1536 1314 porro
1560 1279 1673 1306 domum
1697 1278 1785 1316 luctus

997 1329 1026 1357 in
1042 1329 1101 1364 ipso
1121 1334 1235 1355 accessu
1255 1325 1433 1360 resipisccndi
1454 1332 1520 1351 ansa
1536 1325 1673 1359 praebetur
1689 1328 1716 1350 et
1731 1330 1790 1358 pte—

998 1374 1120 1402 nitentim
1135 1373 1245 1400 occasio
1260 1379 1289 1399 se
1299 1371 1379 1398 olfert
1392 1378 1473 1405 super
1491 1370 1535 1401 iis,
1549 1377 1610 1404 qum
1626 1369 1788 1404 deliquerit:

997 1422 1090 1455 itaque
1111 1427 1140 1447 se
1161 1427 1176 1446 a
1196 1418 1285 1446 noxiis
1303 1417 1445 1448 avertitur,
1470 1421 1497 1443 et
1514 1416 1547 1442 ad
1567 1423 1597 1443 ea
1620 1414 1788 1450 praestanda,

997 1475 1059 1502 quae
1086 1467 1157 1494 bona
1181 1471 1213 1492 ac
1240 1464 1349 1499 potiora
1378 1467 1454 1495 sunt,
1484 1461 1647 1489 traducitur.
1674 1460 1730 1488 llac
1754 1460 1789 1488 de

998 1520 1080 1542 causa
1098 1511 1199 1547 adjecit
1218 1521 1224 1538 :

934 1635 997 1671 5v.

185 1702 240 1728 Καὶ
257 1703 273 1728 ὁ
288 1701 344 1731 ζῶν
356 1701 446 1729 δώσει
458 1702 574 1736 ἀγαθὸν
587 1705 631 1736 είς
649 1705 779 1738 καρδίαν
793 1706 900 1733 αὑτοῦ.

186 1748 339 1783 Μονονουχὶ
353 1749 409 1783 γὰρ
435 1757 516 1782 φησιν
530 1757 536 1762 ·
556 1749 641 1776 Ὀταν
664 1751 704 1782 εἰς
730 1750 775 1778 τὸν
799 1749 874 1779 οἶκον
897 1752 945 1780 τοῦ

153 1793 269 1825 πένθους
292 1793 415 1829 πορευθῇ
432 1795 479 1820 καὶ
498 1794 552 1820 τῶν
568 1795 731 1831 ὀλοφυρμῶν
749 1798 797 1823 καὶ
821 1797 946 1825 κοπετῶν

151 1842 165 1867 ὸ
181 1840 234 1872 ζῶν
250 1840 394 1874 ἄνθρωπος
411 1840 518 1877 ἀκούσῃ
540 1842 594 1869 τῶν
619 1843 759 1876 συγγενῶν
783 1845 830 1870 καὶ
849 1844 945 1878 φίλων,

153 1885 397 1920 συνδιατεοήσεται
414 1887 525 1917 πάντως
546 1888 607 1920 ταῖς
625 1889 701 1922 σφῶν
724 1889 878 1922 διαθέσεσι,
900 1890 948 1916 καὶ

152 1931 221 1966 πρὸς
246 1931 386 1966 κλαυθμὸν
410 1932 458 1958 καὶ
483 1932 591 1968 δάκρυα
620 1933 744 1969 κινηθεὶς
772 1935 812 1967 εὶς
840 1935 948 1969 ἀγαθὰς

152 1978 258 2008 ἑννοίας
272 1977 415 2012 προελθεῖν
431 1978 644 2013 παρασκευάσει
661 1979 711 2015 τὴν
729 1979 797 2007 ἰδίαν
810 1980 927 2015 καρδίαν
939 1988 946 1996 ι

153 2024 200 2050 καὶ
217 2024 270 2051 κᾶν
293 2023 434 2064 ἁμαρτίας
448 2024 574 2060 εὑρεθείη
591 2025 763 2061 πεποιηκὼς,
783 2027 947 2062 μετανοήσει

153 2069 265 2100 πάντως
277 2090 284 2101 ,
302 2069 349 2097 καὶ
366 2069 400 2096 δι’
416 2068 625 2105 ὲξαγορεύσεως
652 2071 700 2097 καὶ
714 2071 845 2106 δαψιλοῦς
869 2072 947 2107 ἐλεη-

154 2113 276 2149 μοσύνης
290 2115 340 2150 τὴν
356 2114 535 2150 συγχώρησιν
551 2116 641 2143 αὐτῶν
662 2116 757 2143 λαϐεῖν
774 2117 946 2152 ἐπιζητήσει,

153 2160 241 2194 λέγων
257 2162 327 2195 μετά
340 2159 387 2187 τοῦ
400 2161 544 2196 προφήτου
556 2161 650 2194 Δαὸὶδ,
666 2171 676 2188 ι
692 2162 755 2188 ’Ὀτι
770 2162 818 2197 τὴν
830 2162 947 2197 ἀνομίαν

155 2215 208 2241 μου
241 2207 297 2240 ἐγὼ
332 2207 495 2241 ἀναγγελῶ,
530 2207 578 2235 καὶ
608 2208 769 2243 μεριμνήσω
802 2208 875 2243 ὑπὲρ
897 2208 948 2243 τῆς

154 2253 294 2287 ἁμαρτίας
313 2261 375 2288 μου.
392 2262 402 2278 ι
418 2252 479 2279 Κᾶν
498 2252 656 2286 ὲξοιδαίνων
673 2254 733 2280 ἐστὶ
746 2254 795 2280 καὶ
810 2253 948 2288 φλεγμαί-

154 2307 208 2325 νων
239 2298 289 2333 τὴν
322 2299 454 2334 καρδίαν,
488 2300 537 2326 καὶ
569 2299 780 2335 πεφυσιωμένος
809 2301 874 2333 τοὺς
905 2301 949 2328 λοι

1033 1707 1069 1734 Ει
1083 1707 1129 1741 qui
1144 1706 1217 1736 vivit,
1240 1703 1314 1730 dabit
1331 1703 1430 1729 bonum
1447 1700 1481 1728 ad
1497 1708 1543 1727 car
1558 1708 1647 1727 suum.

1031 1752 1100 1780 Nam
1116 1753 1161 1779 bic
1180 1751 1326 1778 verborum
1349 1749 1448 1775 borum
1475 1753 1574 1774 sensus
1593 1751 1645 1778 est,
1673 1752 1735 1772 cum
1763 1745 1790 1771 in

996 1800 1109 1828 domum
1132 1799 1224 1826 luctus
1247 1797 1342 1824 vivens
1354 1795 1504 1822 etiamnum
1522 1792 1605 1819 homo
1625 1790 1790 1826 pervenerit,

997 1844 1089 1879 ibique
1102 1847 1282 1878 cognatorum
1299 1840 1377 1875 167
1392 1843 1473 1874 atque
1488 1838 1639 1864 amicorum
1653 1836 1732 1863 ﬂetus
1744 1844 1791 1870 ge-

997 1892 1137 1926 mitusque
1152 1888 1282 1920 audierit,
1302 1887 1361 1914 fore
1382 1885 1506 1915 omnino,
1526 1887 1556 1910 ut
1575 1890 1670 1910 corum
1695 1882 1790 1909 induat

997 1935 1120 1970 allectus,
1141 1940 1167 1963 et
1185 1934 1218 1962 ad
1241 1939 1389 1961 maerorem
1411 1939 1444 1958 ac
1465 1930 1600 1964 lacrymas
1622 1933 1788 1959 commotus,

997 1983 1069 2011 seria
1085 1982 1195 2009 tandem
1216 1987 1249 2007 ac
1269 1983 1343 2006 recta
1360 1976 1487 2004 meditari
1509 1975 1631 2002 animum
1653 1974 1763 2000 inducat
1780 1982 1787 2000 :

997 2034 1081 2064 atque
1094 2034 1124 2055 ut
1145 2031 1268 2062 peccata,
1282 2032 1344 2060 qua:
1358 2023 1512 2053 admiserit,
1533 2020 1694 2056 paenitentia
1710 2020 1791 2054 plane

997 2074 1157 2103 detestetur,
1173 2071 1339 2104 veniamque
1357 2075 1452 2095 eorum
1470 2066 1645 2094 confessione
1657 2069 1686 2092 et
1703 2064 1788 2099 largis

997 2119 1111 2153 inopum
1141 2115 1274 2144 subsidiis
1304 2115 1451 2148 impetrare
1478 2111 1644 2143 contendat,
1677 2109 1791 2136 Davidis

997 2164 1137 2200 propheta:
1151 2168 1289 2195 usurpans
1307 2159 1390 2186 verba
1405 2167 1413 2185 :
1434 2167 1443 2183 ι
1465 2156 1600 2190 Quoniam
1615 2156 1788 2190 iniquitatem

998 2217 1086 2237 meam
1111 2216 1161 2244 ego
1190 2206 1373 2237 annuntiabo,
1400 2208 1427 2231 et
1453 2203 1580 2238 cogitabo
1607 2209 1657 2237 pro
1677 2207 1790 2237 peccato

998 2262 1060 2282 meo
1072 2253 1107 2280 “.
1123 2263 1132 2278 ι
1156 2252 1228 2280 ldem
1248 2251 1292 2278 vel
1309 2250 1332 2278 si
1350 2249 1472 2277 tumidus
1491 2249 1526 2276 sit
1540 2253 1566 2275 et
1584 2248 1676 2275 animo
1689 2247 1789 2279 elatus,

999 2300 1183 2336 superbisque
1195 2303 1334 2326 assuetam
1349 2295 1560 2331 cogitationibus
1573 2299 1689 2321 mentem
1702 2297 1790 2327 gelat,

155 2344 273 2378 γισμοὺς
290 2343 328 2378 τῷ
352 2344 434 2371 πάθει
452 2345 501 2380 τῆς
519 2345 727 2380 ὑπερηφανείας
747 2346 860 2382 καὶτῆς
880 2347 947 2374 ἀλα-

1000 2351 1027 2375 et
1049 2347 1122 2374 fastu
1145 2344 1295 2372 insolenter
1318 2350 1348 2370 se
1368 2342 1470 2378 jactet,
1491 2341 1524 2368 ad
1545 2343 1677 2375 pudorem
1695 2345 1726 2365 ac
1741 2338 1789 2365 de-

191 2434 214 2450 “
232 2434 319 2463 Eccle.
336 2444 386 2469 vn,
405 2436 437 2470 _5.
476 2436 499 2452 “
516 2435 589 2463 PSal.
611 2443 705 2464 xxxvn
720 2456 727 2468 ,
748 2435 793 2465 l9.

155 2541 246 2561 eorum
261 2533 427 2568 cohfessione
448 2538 473 2560 et
489 2533 572 2568 largis
596 2533 704 2568 inopum
719 2533 844 2560 subsidii:
866 2534 950 2567 impe-

157 2573 228 2595 trare
251 2569 406 2595 contendat.
438 2578 448 2595 ι
476 2567 646 2596 Εειαυιοιῐϊ
671 2567 848 2604 ὲξαγόρευσις
876 2568 948 2596 indi-

157 2604 230 2631 cium
256 2604 295 2630 rei
315 2611 443 2635 arcanae.
463 2608 494 2631 ut
518 2603 692 2638 grammatici
715 2603 871 2638 explicant,
894 2611 949 2637 quo

157 2638 293 2666 vocabulo
316 2644 423 2667 veteres
437 2640 533 2667 Patres
553 2639 698 2666 salutarem
718 2639 866 2666 criminum
883 2645 949 2665 con-

157 2673 319 2706 fessionem,
339 2681 400 2708 quze
431 2673 568 2702 sacerdoti
599 2678 706 2701 secreto
735 2674 784 2704 lit,
803 2673 948 2708 designare

157 2709 254 2736 soliti:
279 2716 436 2744 quanquam
462 2709 586 2737 eamdem
614 2709 717 2743 passim
752 2708 948 2744 ἐξομολόγησιν

158 2751 268 2779 quoque
295 2745 445 2779 appellant.
471 2744 606 2771 Caeterum
638 2744 703 2779 quia
734 2749 851 2778 utraque
880 2751 946 2779 voce

159 2778 202 2806 usi
224 2778 389 2814 quandoque
411 2779 506 2807 Patres
531 2783 596 2806 sunt
613 2778 652 2814 ad:
669 2779 836 2814 poenitentiae
862 2778 944 2806 etiam

159 2814 401 2849 signiﬁcationem,
418 2822 500 2850 quam
515 2814 571 2841 Deo
586 2814 613 2842 in
627 2813 866 2841 obsecrationibus
881 2821 946 2848 pro-

160 2850 228 2877 fiteri
244 2850 392 2884 testarique
410 2849 561 2882 debemus;
585 2856 636 2876 nec
655 2849 746 2877 minus
766 2851 797 2876 ad
814 2857 944 2876 arcanam

160 2889 186 2912 et
201 2884 347 2920 privatam,
369 2893 450 2920 quam
473 2884 646 2913 manifestam
671 2892 701 2912 ac
718 2884 854 2919 publicam
877 2892 943 2912 con-

1000 2533 1163 2566 fessionem,
1189 2540 1250 2567 quaa
1275 2531 1434 2567 aliquandiu
1459 2530 1486 2557 in
1511 2529 1632 2557 Ecclesia
1656 2528 1791 2567 celebrata

1000 2541 1163 2566 Iessroncm,
1209 2541 1250 2560 uae
1275 2541 1434 2567 allquatturtl
1459 2541 1486 2557 ιιι
1511 2541 1632 2557 nectestu
1656 2541 1791 2556 cercurum

998 2573 1056 2602 est,
1078 2541 1253 2596 indicandam
1270 2575 1278 2594 :
1302 2567 1403 2594 mirutn
1423 2570 1464 2593 est
1486 2568 1618 2602 quantum
1639 2564 1791 2602 allaborrnt

998 2599 1118 2632 hteretici
1136 2608 1247 2632 aetatum
1264 2607 1421 2630 nostrarum
1439 2599 1501 2628 curti
1524 2609 1575 2627 suo
1591 2600 1638 2626 illo
1653 2599 1792 2626 Kenmitxo

998 2644 1026 2667 et
1043 2639 1161 2673 Dallaao,
1187 2643 1218 2666 ut
1240 2638 1352 2666 Patrum
1379 2636 1557 2664 auctoritates
1586 2635 1640 2661 alio
1666 2634 1788 2673 trahant,

998 2681 1049 2702 nec
1062 2675 1145 2702 ullam
1159 2682 1194 2701 ex
1213 2674 1247 2702 iis
1266 2673 1299 2700 ad
1324 2679 1451 2700 arcanam
1473 2678 1596 2706 unquam
1613 2674 1640 2697 et
1657 2673 1789 2706 privatam

997 2710 1200 2737 confessionem
1218 2708 1356 2745 pertinere
1369 2704 1529 2745 concedant:
1551 2705 1577 2732 In
1595 2711 1711 2740 quorum
1726 2704 1791 2745 qui-

1000 2746 1062 2772 dem
1088 2743 1346 2779 manusfquando
1371 2743 1424 2779 alia
1448 2743 1792 2779 contemnunt,Jnaxime

1000 2780 1080 2807 velim
1108 2774 1266 2815 perveniant
1294 2778 1411 2814 egregia:
1430 2776 1537 2815 _Ja_cobi
1573 2774 1788 2815 Scluelfmaelreri

998 2812 1138 2850 epistolae,
1170 2819 1200 2842 ut
1229 2812 1355 2851 quartam
1380 2812 1555 2848 potissitnum
1581 2812 1666 2846 panis
1691 2812 1791 2846 prima:

998 2855 1101 2879 attente
1114 2851 1215 2887 legant.
