  <div class='ocr_page' id='page_1' title='image "/cluster/home/n/w/nwhite01/storage/ocr_20150623/98/njp.32101077772851/575.png"; bbox 0 0 2038 3155; ppageno 0'>
   <div class='ocr_carea' id='block_1_1' title="bbox 240 148 290 181">
    <p class='ocr_par' dir='ltr' id='par_1_1' title="bbox 240 148 290 181">
     <span class='ocr_line' id='line_1_1' title="bbox 240 148 290 181; baseline -0.02 0"><span class='ocrx_word' id='word_1_1' title='bbox 240 148 290 181; x_wconf 82' lang='grc'><strong>991</strong></span> 
     </span>
    </p>
   </div>
   <div class='ocr_carea' id='block_1_2' title="bbox 790 142 1310 185">
    <p class='ocr_par' dir='ltr' id='par_1_2' title="bbox 790 142 1310 185">
     <span class='ocr_line' id='line_1_2' title="bbox 790 142 1310 185; baseline 0.006 -3"><span class='ocrx_word' id='word_1_2' title='bbox 790 154 820 182; x_wconf 90' lang='lat' dir='ltr'><strong>s.</strong></span> <span class='ocrx_word' id='word_1_3' title='bbox 842 155 1029 184; x_wconf 67' lang='lat' dir='ltr'><strong>onmem!</strong></span> <span class='ocrx_word' id='word_1_4' title='bbox 1051 142 1310 185; x_wconf 66' lang='lat' dir='ltr'><strong>AGRICENTtNI</strong></span> 
     </span>
    </p>
   </div>
   <div class='ocr_carea' id='block_1_3' title="bbox 1818 158 1867 190">
    <p class='ocr_par' dir='ltr' id='par_1_3' title="bbox 1818 158 1867 190">
     <span class='ocr_line' id='line_1_3' title="bbox 1818 158 1867 190; baseline 0 -1"><span class='ocrx_word' id='word_1_5' title='bbox 1818 158 1867 190; x_wconf 63' lang='lat'><strong>5‘32</strong></span> 
     </span>
    </p>
   </div>
   <div class='ocr_carea' id='block_1_4' title="bbox 238 203 1037 244">
    <p class='ocr_par' dir='ltr' id='par_1_4' title="bbox 238 203 1023 239">
     <span class='ocr_line' id='line_1_4' title="bbox 238 203 1023 239; baseline 0.006 -9"><span class='ocrx_word' id='word_1_6' title='bbox 238 205 337 231; x_wconf 85' lang='lat' dir='ltr'><strong>missas</strong></span> <span class='ocrx_word' id='word_1_7' title='bbox 354 203 511 232; x_wconf 69' lang='lat' dir='ltr'><strong>affectiones</strong></span> <span class='ocrx_word' id='word_1_8' title='bbox 534 205 717 239; x_wconf 87' lang='lat' dir='ltr'><strong>pertrahetur,</strong></span> <span class='ocrx_word' id='word_1_9' title='bbox 738 206 864 233; x_wconf 78' lang='lat' dir='ltr'><strong>human:c</strong></span> <span class='ocrx_word' id='word_1_10' title='bbox 883 208 945 234; x_wconf 83' lang='lat' dir='ltr'><strong>vit-.e</strong></span> <span class='ocrx_word' id='word_1_11' title='bbox 963 209 1023 235; x_wconf 89' lang='lat' dir='ltr'><strong>bre-</strong></span> 
     </span>
    </p>
   </div>
   <div class='ocr_carea' id='block_1_5' title="bbox 1089 203 1868 244">
    <p class='ocr_par' dir='ltr' id='par_1_5' title="bbox 1089 207 1868 244">
     <span class='ocr_line' id='line_1_5' title="bbox 1089 207 1868 244; baseline 0.003 -10"><span class='ocrx_word' id='word_1_12' title='bbox 1089 209 1184 239; x_wconf 64' lang='grc' dir='ltr'>ζονείας</span> <span class='ocrx_word' id='word_1_13' title='bbox 1194 208 1392 243; x_wconf 78' lang='grc' dir='ltr'>ὲξογκώμενος,</span> <span class='ocrx_word' id='word_1_14' title='bbox 1401 207 1652 243; x_wconf 79' lang='grc' dir='ltr'>ἀνθελκυσθήσεται</span> <span class='ocrx_word' id='word_1_15' title='bbox 1663 208 1732 244; x_wconf 77' lang='grc' dir='ltr'>πρδς</span> <span class='ocrx_word' id='word_1_16' title='bbox 1739 213 1868 243; x_wconf 76' lang='grc' dir='ltr'>ταπεινάς</span> 
     </span>
    </p>
   </div>
   <div class='ocr_carea' id='block_1_6' title="bbox 237 250 1030 285">
    <p class='ocr_par' dir='ltr' id='par_1_6' title="bbox 237 250 1030 285">
     <span class='ocr_line' id='line_1_6' title="bbox 237 250 1030 285; baseline 0.005 -9"><span class='ocrx_word' id='word_1_17' title='bbox 237 251 349 276; x_wconf 72' lang='lat' dir='ltr'><strong>vitalem</strong></span> <span class='ocrx_word' id='word_1_18' title='bbox 376 250 524 284; x_wconf 86' lang='lat' dir='ltr'><strong>reputabit,</strong></span> <span class='ocrx_word' id='word_1_19' title='bbox 550 251 678 285; x_wconf 73' lang='lat' dir='ltr'><strong>praeclara</strong></span> <span class='ocrx_word' id='word_1_20' title='bbox 703 252 855 279; x_wconf 85' lang='lat' dir='ltr'><strong>mutatione</strong></span> <span class='ocrx_word' id='word_1_21' title='bbox 879 253 947 280; x_wconf 85' lang='lat' dir='ltr'><strong>alius</strong></span> <span class='ocrx_word' id='word_1_22' title='bbox 970 261 1030 280; x_wconf 83' lang='lat' dir='ltr'><strong>esse</strong></span> 
     </span>
    </p>
   </div>
   <div class='ocr_carea' id='block_1_7' title="bbox 237 296 1027 332">
    <p class='ocr_par' dir='ltr' id='par_1_7' title="bbox 237 296 1027 332">
     <span class='ocr_line' id='line_1_7' title="bbox 237 296 1027 332; baseline 0.006 -11"><span class='ocrx_word' id='word_1_23' title='bbox 237 296 350 330; x_wconf 82' lang='lat' dir='ltr'><strong>incipiet</strong></span> <span class='ocrx_word' id='word_1_24' title='bbox 372 304 378 321; x_wconf 87' lang='lat'>:</span> <span class='ocrx_word' id='word_1_25' title='bbox 397 296 510 331; x_wconf 84' lang='lat' dir='ltr'><strong>jamque</strong></span> <span class='ocrx_word' id='word_1_26' title='bbox 537 297 643 331; x_wconf 86' lang='lat' dir='ltr'><strong>potiora</strong></span> <span class='ocrx_word' id='word_1_27' title='bbox 669 298 810 332; x_wconf 71' lang='lat' dir='ltr'><strong>amplexus</strong></span> <span class='ocrx_word' id='word_1_28' title='bbox 836 299 966 331; x_wconf 82' lang='lat' dir='ltr'><strong>consilia,</strong></span> <span class='ocrx_word' id='word_1_29' title='bbox 995 299 1027 326; x_wconf 84' lang='lat' dir='ltr'><strong>ad</strong></span> 
     </span>
    </p>
   </div>
   <div class='ocr_carea' id='block_1_8' title="bbox 238 342 1029 377">
    <p class='ocr_par' dir='ltr' id='par_1_8' title="bbox 238 342 1029 377">
     <span class='ocr_line' id='line_1_8' title="bbox 238 342 1029 377; baseline 0.005 -9"><span class='ocrx_word' id='word_1_30' title='bbox 238 342 341 376; x_wconf 86' lang='lat' dir='ltr'><strong>optima</strong></span> <span class='ocrx_word' id='word_1_31' title='bbox 363 350 478 377; x_wconf 71' lang='lat' dir='ltr'><strong>qumque</strong></span> <span class='ocrx_word' id='word_1_32' title='bbox 499 342 621 370; x_wconf 78' lang='lat' dir='ltr'><strong>facinora</strong></span> <span class='ocrx_word' id='word_1_33' title='bbox 643 343 764 370; x_wconf 90' lang='lat' dir='ltr'><strong>animum</strong></span> <span class='ocrx_word' id='word_1_34' title='bbox 787 344 902 376; x_wconf 87' lang='lat' dir='ltr'><strong>referet.</strong></span> <span class='ocrx_word' id='word_1_35' title='bbox 924 353 955 372; x_wconf 84' lang='lat' dir='ltr'><strong>ac</strong></span> <span class='ocrx_word' id='word_1_36' title='bbox 971 345 1029 372; x_wconf 86' lang='lat' dir='ltr'><strong>vias</strong></span> 
     </span>
    </p>
   </div>
   <div class='ocr_carea' id='block_1_9' title="bbox 238 388 1026 424">
    <p class='ocr_par' dir='ltr' id='par_1_9' title="bbox 238 388 1026 424">
     <span class='ocr_line' id='line_1_9' title="bbox 238 388 1026 424; baseline 0.001 -9"><span class='ocrx_word' id='word_1_37' title='bbox 238 388 337 415; x_wconf 83' lang='lat' dir='ltr'><strong>salutis</strong></span> <span class='ocrx_word' id='word_1_38' title='bbox 363 388 450 414; x_wconf 87' lang='lat' dir='ltr'><strong>inibit.</strong></span> <span class='ocrx_word' id='word_1_39' title='bbox 481 388 538 415; x_wconf 84' lang='lat' dir='ltr'><strong>Hoc</strong></span> <span class='ocrx_word' id='word_1_40' title='bbox 562 389 648 423; x_wconf 79' lang='lat' dir='ltr'><strong>igitur</strong></span> <span class='ocrx_word' id='word_1_41' title='bbox 674 389 719 416; x_wconf 81' lang='lat' dir='ltr'><strong>illa</strong></span> <span class='ocrx_word' id='word_1_42' title='bbox 749 389 894 424; x_wconf 81' lang='lat' dir='ltr'><strong>designant</strong></span> <span class='ocrx_word' id='word_1_43' title='bbox 922 390 1026 417; x_wconf 79' lang='lat' dir='ltr'><strong>verba:</strong></span> 
     </span>
    </p>
   </div>
   <div class='ocr_carea' id='block_1_10' title="bbox 242 434 1029 471">
    <p class='ocr_par' dir='ltr' id='par_1_10' title="bbox 242 434 1029 471">
     <span class='ocr_line' id='line_1_10' title="bbox 242 434 1029 471; baseline 0.008 -13"><span class='ocrx_word' id='word_1_44' title='bbox 242 443 252 458; x_wconf 89' lang='lat'><strong>1</strong></span> <span class='ocrx_word' id='word_1_45' title='bbox 275 434 306 461; x_wconf 70' lang='lat' dir='ltr'><strong>lit</strong></span> <span class='ocrx_word' id='word_1_46' title='bbox 325 434 372 468; x_wconf 91' lang='lat' dir='ltr'><strong>qui</strong></span> <span class='ocrx_word' id='word_1_47' title='bbox 391 434 457 460; x_wconf 67' lang='lat' dir='ltr'><strong>vixit</strong></span> <span class='ocrx_word' id='word_1_48' title='bbox 479 434 553 461; x_wconf 84' lang='lat' dir='ltr'><strong>dabit</strong></span> <span class='ocrx_word' id='word_1_49' title='bbox 572 435 674 462; x_wconf 86' lang='lat' dir='ltr'><strong>bonum</strong></span> <span class='ocrx_word' id='word_1_50' title='bbox 692 435 724 462; x_wconf 87' lang='lat' dir='ltr'><strong>ad</strong></span> <span class='ocrx_word' id='word_1_51' title='bbox 749 443 796 462; x_wconf 88' lang='lat' dir='ltr'><strong>cor</strong></span> <span class='ocrx_word' id='word_1_52' title='bbox 814 443 914 469; x_wconf 89' lang='lat' dir='ltr'><strong>suum;</strong></span> <span class='ocrx_word' id='word_1_53' title='bbox 934 446 943 461; x_wconf 81' lang='grc'><strong><em>›</em></strong></span> <span class='ocrx_word' id='word_1_54' title='bbox 966 444 1029 471; x_wconf 91' lang='lat' dir='ltr'><strong>pes-</strong></span> 
     </span>
    </p>
   </div>
   <div class='ocr_carea' id='block_1_11' title="bbox 204 480 1031 515">
    <p class='ocr_par' dir='ltr' id='par_1_11' title="bbox 204 480 1031 515">
     <span class='ocr_line' id='line_1_11' title="bbox 204 480 1031 515; baseline 0.004 -8"><span class='ocrx_word' id='word_1_55' title='bbox 204 496 207 499; x_wconf 92' lang='lat'><strong><em>-</em></strong></span> <span class='ocrx_word' id='word_1_56' title='bbox 240 480 316 508; x_wconf 69' lang='lat' dir='ltr'><strong>simtu</strong></span> <span class='ocrx_word' id='word_1_57' title='bbox 340 480 441 515; x_wconf 92' lang='lat' dir='ltr'><strong>quippe</strong></span> <span class='ocrx_word' id='word_1_58' title='bbox 459 481 520 506; x_wconf 71' lang='lat' dir='ltr'><strong>vita:</strong></span> <span class='ocrx_word' id='word_1_59' title='bbox 536 481 684 513; x_wconf 89' lang='lat' dir='ltr'><strong>damnatio,</strong></span> <span class='ocrx_word' id='word_1_60' title='bbox 706 486 732 508; x_wconf 84' lang='lat' dir='ltr'><strong>et</strong></span> <span class='ocrx_word' id='word_1_61' title='bbox 756 482 917 509; x_wconf 74' lang='lat' dir='ltr'><strong>deliberatio</strong></span> <span class='ocrx_word' id='word_1_62' title='bbox 934 491 1031 510; x_wconf 72' lang='lat' dir='ltr'><strong>susce~</strong></span> 
     </span>
    </p>
   </div>
   <div class='ocr_carea' id='block_1_12' title="bbox 239 526 1029 560">
    <p class='ocr_par' dir='ltr' id='par_1_12' title="bbox 239 526 1029 560">
     <span class='ocr_line' id='line_1_12' title="bbox 239 526 1029 560; baseline 0.006 -9"><span class='ocrx_word' id='word_1_63' title='bbox 239 526 355 560; x_wconf 87' lang='lat' dir='ltr'><strong>ptioque</strong></span> <span class='ocrx_word' id='word_1_64' title='bbox 379 526 502 552; x_wconf 84' lang='lat' dir='ltr'><strong>melioris</strong></span> <span class='ocrx_word' id='word_1_65' title='bbox 518 526 640 553; x_wconf 89' lang='lat' dir='ltr'><strong>animum</strong></span> <span class='ocrx_word' id='word_1_66' title='bbox 659 527 778 554; x_wconf 84' lang='lat' dir='ltr'><strong>hominis</strong></span> <span class='ocrx_word' id='word_1_67' title='bbox 795 528 827 554; x_wconf 87' lang='lat' dir='ltr'><strong>ad</strong></span> <span class='ocrx_word' id='word_1_68' title='bbox 846 529 948 555; x_wconf 80' lang='lat' dir='ltr'><strong>bonum</strong></span> <span class='ocrx_word' id='word_1_69' title='bbox 967 529 1029 556; x_wconf 83' lang='lat' dir='ltr'><strong>bea-</strong></span> 
     </span>
    </p>
   </div>
   <div class='ocr_carea' id='block_1_13' title="bbox 241 571 806 606">
    <p class='ocr_par' dir='ltr' id='par_1_13' title="bbox 241 571 806 606">
     <span class='ocr_line' id='line_1_13' title="bbox 241 571 806 606; baseline 0.005 -9"><span class='ocrx_word' id='word_1_70' title='bbox 241 575 353 606; x_wconf 87' lang='lat' dir='ltr'><strong>tumque</strong></span> <span class='ocrx_word' id='word_1_71' title='bbox 365 571 445 598; x_wconf 79' lang='lat' dir='ltr'><strong>linem</strong></span> <span class='ocrx_word' id='word_1_72' title='bbox 464 571 612 598; x_wconf 77' lang='lat' dir='ltr'><strong>deducunt.</strong></span> <span class='ocrx_word' id='word_1_73' title='bbox 628 572 672 599; x_wconf 83' lang='lat' dir='ltr'><strong>Ait</strong></span> <span class='ocrx_word' id='word_1_74' title='bbox 687 572 806 600; x_wconf 81' lang='lat' dir='ltr'><strong>deinde:</strong></span> 
     </span>
    </p>
   </div>
   <div class='ocr_carea' id='block_1_14' title="bbox 1083 252 1871 292">
    <p class='ocr_par' dir='ltr' id='par_1_14' title="bbox 1083 252 1871 292">
     <span class='ocr_line' id='line_1_14' title="bbox 1083 252 1871 292; baseline 0.008 -14"><span class='ocrx_word' id='word_1_75' title='bbox 1083 252 1218 284; x_wconf 78' lang='grc' dir='ltr'><strong>διαθέσεις</strong></span> <span class='ocrx_word' id='word_1_76' title='bbox 1229 275 1235 286; x_wconf 89' lang='grc'><strong>,</strong></span> <span class='ocrx_word' id='word_1_77' title='bbox 1251 254 1298 279; x_wconf 73' lang='grc' dir='ltr'><strong>καὶ</strong></span> <span class='ocrx_word' id='word_1_78' title='bbox 1313 254 1362 288; x_wconf 73' lang='grc' dir='ltr'>τῆς</span> <span class='ocrx_word' id='word_1_79' title='bbox 1376 253 1550 289; x_wconf 71' lang='grc' dir='ltr'><strong>ἀνθρωπίνης</strong></span> <span class='ocrx_word' id='word_1_80' title='bbox 1566 254 1639 290; x_wconf 80' lang='grc' dir='ltr'>ζωῆς</span> <span class='ocrx_word' id='word_1_81' title='bbox 1659 256 1871 292; x_wconf 63' lang='grc' dir='ltr'>διενθυμηθὴσε-</span> 
     </span>
    </p>
   </div>
   <div class='ocr_carea' id='block_1_15' title="bbox 1082 298 1871 334">
    <p class='ocr_par' dir='ltr' id='par_1_15' title="bbox 1082 298 1871 334">
     <span class='ocr_line' id='line_1_15' title="bbox 1082 298 1871 334; baseline 0.005 -10"><span class='ocrx_word' id='word_1_82' title='bbox 1082 307 1126 324; x_wconf 83' lang='grc' dir='ltr'><strong>ται</strong></span> <span class='ocrx_word' id='word_1_83' title='bbox 1143 298 1172 324; x_wconf 77' lang='grc' dir='ltr'>τὸ</span> <span class='ocrx_word' id='word_1_84' title='bbox 1187 298 1345 333; x_wconf 80' lang='grc' dir='ltr'>ὠκύμορον,</span> <span class='ocrx_word' id='word_1_85' title='bbox 1373 299 1420 325; x_wconf 74' lang='grc' dir='ltr'><strong>καὶ</strong></span> <span class='ocrx_word' id='word_1_86' title='bbox 1435 299 1482 334; x_wconf 82' lang='grc' dir='ltr'>τὴν</span> <span class='ocrx_word' id='word_1_87' title='bbox 1499 299 1585 334; x_wconf 79' lang='grc' dir='ltr'>καλὴν</span> <span class='ocrx_word' id='word_1_88' title='bbox 1600 300 1745 327; x_wconf 80' lang='grc' dir='ltr'>ἀλλοίωσιν</span> <span class='ocrx_word' id='word_1_89' title='bbox 1762 301 1871 329; x_wconf 77' lang='grc' dir='ltr'>ἀλλοιω-</span> 
     </span>
    </p>
   </div>
   <div class='ocr_carea' id='block_1_16' title="bbox 1082 343 1872 381">
    <p class='ocr_par' dir='ltr' id='par_1_16' title="bbox 1082 343 1872 381">
     <span class='ocr_line' id='line_1_16' title="bbox 1082 343 1872 381; baseline 0.006 -11"><span class='ocrx_word' id='word_1_90' title='bbox 1082 343 1211 379; x_wconf 79' lang='grc' dir='ltr'>θήσεται·</span> <span class='ocrx_word' id='word_1_91' title='bbox 1227 345 1275 371; x_wconf 75' lang='grc' dir='ltr'><strong>καὶ</strong></span> <span class='ocrx_word' id='word_1_92' title='bbox 1288 344 1408 379; x_wconf 76' lang='grc' dir='ltr'><strong>βελτίους</strong></span> <span class='ocrx_word' id='word_1_93' title='bbox 1424 345 1568 372; x_wconf 70' lang='grc' dir='ltr'>ἀναλαϐὼν</span> <span class='ocrx_word' id='word_1_94' title='bbox 1583 346 1698 378; x_wconf 72' lang='grc' dir='ltr'>ἑννοίας,</span> <span class='ocrx_word' id='word_1_95' title='bbox 1716 348 1756 379; x_wconf 80' lang='grc' dir='ltr'><strong>είς</strong></span> <span class='ocrx_word' id='word_1_96' title='bbox 1768 348 1872 381; x_wconf 74' lang='grc' dir='ltr'>ἀγαθὰς</span> 
     </span>
    </p>
   </div>
   <div class='ocr_carea' id='block_1_17' title="bbox 1082 390 1873 429">
    <p class='ocr_par' dir='ltr' id='par_1_17' title="bbox 1082 390 1873 429">
     <span class='ocr_line' id='line_1_17' title="bbox 1082 390 1873 429; baseline 0.006 -13"><span class='ocrx_word' id='word_1_97' title='bbox 1082 390 1197 416; x_wconf 78' lang='grc' dir='ltr'>ἐκδώσει</span> <span class='ocrx_word' id='word_1_98' title='bbox 1215 390 1331 425; x_wconf 73' lang='grc' dir='ltr'>πράξεις</span> <span class='ocrx_word' id='word_1_99' title='bbox 1351 391 1401 425; x_wconf 86' lang='grc' dir='ltr'>τὴν</span> <span class='ocrx_word' id='word_1_100' title='bbox 1416 391 1483 417; x_wconf 80' lang='grc' dir='ltr'>ἰδίαν</span> <span class='ocrx_word' id='word_1_101' title='bbox 1500 391 1622 426; x_wconf 76' lang='grc' dir='ltr'>γνώμην,</span> <span class='ocrx_word' id='word_1_102' title='bbox 1647 393 1694 419; x_wconf 74' lang='grc' dir='ltr'><strong>καὶ</strong></span> <span class='ocrx_word' id='word_1_103' title='bbox 1710 394 1873 429; x_wconf 68' lang='grc' dir='ltr'>πορεύσεται</span> 
     </span>
    </p>
   </div>
   <div class='ocr_carea' id='block_1_18' title="bbox 1082 435 1874 474">
    <p class='ocr_par' dir='ltr' id='par_1_18' title="bbox 1082 435 1874 474">
     <span class='ocr_line' id='line_1_18' title="bbox 1082 435 1874 474; baseline 0.009 -14"><span class='ocrx_word' id='word_1_104' title='bbox 1082 435 1130 468; x_wconf 83' lang='grc' dir='ltr'><strong>τῆς</strong></span> <span class='ocrx_word' id='word_1_105' title='bbox 1145 436 1284 470; x_wconf 77' lang='grc' dir='ltr'><strong>σωτηρίας</strong></span> <span class='ocrx_word' id='word_1_106' title='bbox 1297 435 1346 467; x_wconf 80' lang='grc' dir='ltr'><strong>τὰς</strong></span> <span class='ocrx_word' id='word_1_107' title='bbox 1361 436 1483 471; x_wconf 68' lang='grc' dir='ltr'>τρίϐους.</span> <span class='ocrx_word' id='word_1_108' title='bbox 1497 437 1582 463; x_wconf 77' lang='grc' dir='ltr'>Τοῦτο</span> <span class='ocrx_word' id='word_1_109' title='bbox 1596 435 1641 464; x_wconf 81' lang='grc' dir='ltr'><strong>οὖν</strong></span> <span class='ocrx_word' id='word_1_110' title='bbox 1660 447 1737 474; x_wconf 76' lang='grc' dir='ltr'>φησι,</span> <span class='ocrx_word' id='word_1_111' title='bbox 1757 448 1767 464; x_wconf 82' lang='grc'><em>‹</em></span> <span class='ocrx_word' id='word_1_112' title='bbox 1786 440 1841 466; x_wconf 73' lang='grc' dir='ltr'><strong>Καὶ</strong></span> <span class='ocrx_word' id='word_1_113' title='bbox 1860 441 1874 466; x_wconf 86' lang='grc' dir='ltr'><strong>ὸ</strong></span> 
     </span>
    </p>
   </div>
   <div class='ocr_carea' id='block_1_19' title="bbox 1080 479 1875 521">
    <p class='ocr_par' dir='ltr' id='par_1_19' title="bbox 1080 479 1875 521">
     <span class='ocr_line' id='line_1_19' title="bbox 1080 479 1875 521; baseline 0.006 -15"><span class='ocrx_word' id='word_1_114' title='bbox 1080 479 1134 511; x_wconf 82' lang='grc' dir='ltr'><strong>ζῶν</strong></span> <span class='ocrx_word' id='word_1_115' title='bbox 1159 480 1240 507; x_wconf 83' lang='grc' dir='ltr'>δώσει</span> <span class='ocrx_word' id='word_1_116' title='bbox 1264 481 1366 514; x_wconf 67' lang='grc' dir='ltr'>ἀγαθὸν</span> <span class='ocrx_word' id='word_1_117' title='bbox 1392 483 1431 513; x_wconf 84' lang='grc' dir='ltr'>εἰς</span> <span class='ocrx_word' id='word_1_118' title='bbox 1458 483 1573 516; x_wconf 76' lang='grc' dir='ltr'><strong>καρδίαν</strong></span> <span class='ocrx_word' id='word_1_119' title='bbox 1593 483 1685 510; x_wconf 74' lang='grc' dir='ltr'>αὑτοῦ.</span> <span class='ocrx_word' id='word_1_120' title='bbox 1707 494 1718 510; x_wconf 67' lang='grc' dir='ltr'><strong>ι</strong></span> <span class='ocrx_word' id='word_1_121' title='bbox 1743 484 1800 520; x_wconf 84' lang='grc' dir='ltr'>Τῆς</span> <span class='ocrx_word' id='word_1_122' title='bbox 1819 487 1875 521; x_wconf 74' lang='grc' dir='ltr'><strong>γὰρ</strong></span> 
     </span>
    </p>
   </div>
   <div class='ocr_carea' id='block_1_20' title="bbox 1079 526 1872 565">
    <p class='ocr_par' dir='ltr' id='par_1_20' title="bbox 1079 526 1872 565">
     <span class='ocr_line' id='line_1_20' title="bbox 1079 526 1872 565; baseline 0.006 -13"><span class='ocrx_word' id='word_1_123' title='bbox 1079 526 1220 562; x_wconf 83' lang='grc' dir='ltr'>χειρίστης</span> <span class='ocrx_word' id='word_1_124' title='bbox 1237 527 1309 563; x_wconf 78' lang='grc' dir='ltr'>ζωῆς</span> <span class='ocrx_word' id='word_1_125' title='bbox 1328 529 1344 562; x_wconf 83' lang='grc' dir='ltr'><strong>ἠ</strong></span> <span class='ocrx_word' id='word_1_126' title='bbox 1361 528 1599 561; x_wconf 77' lang='grc' dir='ltr'>κατάγνωσις,καὶ</span> <span class='ocrx_word' id='word_1_127' title='bbox 1613 529 1663 562; x_wconf 76' lang='grc' dir='ltr'>τῆς</span> <span class='ocrx_word' id='word_1_128' title='bbox 1676 530 1831 565; x_wconf 76' lang='grc' dir='ltr'>κρείττονος</span> <span class='ocrx_word' id='word_1_129' title='bbox 1844 532 1872 557; x_wconf 71' lang='grc' dir='ltr'>αι</span> 
     </span>
    </p>
   </div>
   <div class='ocr_carea' id='block_1_21' title="bbox 1079 572 1875 610">
    <p class='ocr_par' dir='ltr' id='par_1_21' title="bbox 1079 572 1875 610">
     <span class='ocr_line' id='line_1_21' title="bbox 1079 572 1875 610; baseline 0.008 -12"><span class='ocrx_word' id='word_1_130' title='bbox 1079 572 1271 609; x_wconf 78' lang='grc' dir='ltr'>διενθυμήσεις</span> <span class='ocrx_word' id='word_1_131' title='bbox 1296 575 1344 601; x_wconf 72' lang='grc' dir='ltr'><strong>καὶ</strong></span> <span class='ocrx_word' id='word_1_132' title='bbox 1370 574 1520 610; x_wconf 61' lang='grc' dir='ltr'>ἀναλήψεις</span> <span class='ocrx_word' id='word_1_133' title='bbox 1548 575 1616 610; x_wconf 71' lang='grc' dir='ltr'>πρὸς</span> <span class='ocrx_word' id='word_1_134' title='bbox 1642 576 1672 602; x_wconf 73' lang='grc' dir='ltr'>τὸ</span> <span class='ocrx_word' id='word_1_135' title='bbox 1699 577 1801 610; x_wconf 75' lang='grc' dir='ltr'>ἀγαθὸν</span> <span class='ocrx_word' id='word_1_136' title='bbox 1826 578 1875 604; x_wconf 71' lang='grc' dir='ltr'>καὶ</span> 
     </span>
    </p>
   </div>
   <div class='ocr_carea' id='block_1_22' title="bbox 1082 619 1874 658">
    <p class='ocr_par' dir='ltr' id='par_1_22' title="bbox 1082 619 1874 658">
     <span class='ocr_line' id='line_1_22' title="bbox 1082 619 1874 658; baseline 0.008 -14"><span class='ocrx_word' id='word_1_137' title='bbox 1082 619 1217 653; x_wconf 75' lang='grc' dir='ltr'>μακάριον</span> <span class='ocrx_word' id='word_1_138' title='bbox 1241 620 1317 651; x_wconf 81' lang='grc' dir='ltr'><strong>τέλος</strong></span> <span class='ocrx_word' id='word_1_139' title='bbox 1343 620 1504 654; x_wconf 71' lang='grc' dir='ltr'><strong>ἐφέλκονται</strong></span> <span class='ocrx_word' id='word_1_140' title='bbox 1531 622 1581 656; x_wconf 84' lang='grc' dir='ltr'>τὴν</span> <span class='ocrx_word' id='word_1_141' title='bbox 1606 622 1781 658; x_wconf 75' lang='grc' dir='ltr'><strong>ἀνθρωπίνην</strong></span> <span class='ocrx_word' id='word_1_142' title='bbox 1805 632 1874 658; x_wconf 88' lang='grc' dir='ltr'>καρ-</span> 
     </span>
    </p>
   </div>
   <div class='ocr_carea' id='block_1_23' title="bbox 1080 664 1347 701">
    <p class='ocr_par' dir='ltr' id='par_1_23' title="bbox 1080 664 1347 701">
     <span class='ocr_line' id='line_1_23' title="bbox 1080 664 1347 701; baseline 0.011 -12"><span class='ocrx_word' id='word_1_143' title='bbox 1080 664 1150 691; x_wconf 78' lang='grc' dir='ltr'>δίαν,</span> <span class='ocrx_word' id='word_1_144' title='bbox 1165 664 1230 692; x_wconf 79' lang='grc' dir='ltr'>Εἶτά</span> <span class='ocrx_word' id='word_1_145' title='bbox 1248 674 1329 701; x_wconf 58' lang='grc' dir='ltr'>ςησιν</span> <span class='ocrx_word' id='word_1_146' title='bbox 1340 674 1347 681; x_wconf 88' lang='grc'>·</span> 
     </span>
    </p>
   </div>
   <div class='ocr_carea' id='block_1_24' title="bbox 1011 717 1084 752">
    <p class='ocr_par' dir='ltr' id='par_1_24' title="bbox 1011 717 1084 752">
     <span class='ocr_line' id='line_1_24' title="bbox 1011 717 1084 752; baseline 0.055 -10"><span class='ocrx_word' id='word_1_147' title='bbox 1011 717 1024 752; x_wconf 69' lang='grc' dir='ltr'><strong>ς</strong></span> <span class='ocrx_word' id='word_1_148' title='bbox 1041 717 1084 746; x_wconf 85' lang='grc' dir='ltr'><strong>νῐ.</strong></span> 
     </span>
    </p>
   </div>
   <div class='ocr_carea' id='block_1_25' title="bbox 277 761 1067 798">
    <p class='ocr_par' dir='ltr' id='par_1_25' title="bbox 277 761 1067 798">
     <span class='ocr_line' id='line_1_25' title="bbox 277 761 1067 798; baseline 0.003 -10"><span class='ocrx_word' id='word_1_149' title='bbox 277 761 360 788; x_wconf 73' lang='grc' dir='ltr'>νεκς.</span> <span class='ocrx_word' id='word_1_150' title='bbox 377 762 403 788; x_wconf 66' lang='grc'><strong>4.</strong></span> <span class='ocrx_word' id='word_1_151' title='bbox 421 762 520 788; x_wconf 82' lang='lat' dir='ltr'><strong>Bonum</strong></span> <span class='ocrx_word' id='word_1_152' title='bbox 537 767 574 789; x_wconf 79' lang='lat' dir='ltr'><strong>cst</strong></span> <span class='ocrx_word' id='word_1_153' title='bbox 587 763 626 789; x_wconf 80' lang='lat' dir='ltr'><strong>ira</strong></span> <span class='ocrx_word' id='word_1_154' title='bbox 640 771 717 797; x_wconf 83' lang='lat' dir='ltr'><strong>super</strong></span> <span class='ocrx_word' id='word_1_155' title='bbox 731 764 812 790; x_wconf 70' lang='lat' dir='ltr'><strong>risum</strong></span> <span class='ocrx_word' id='word_1_156' title='bbox 823 763 903 798; x_wconf 80' lang='lat' dir='ltr'><strong>;quia</strong></span> <span class='ocrx_word' id='word_1_157' title='bbox 919 764 945 790; x_wconf 86' lang='lat' dir='ltr'><strong>in</strong></span> <span class='ocrx_word' id='word_1_158' title='bbox 959 763 1028 790; x_wconf 71' lang='lat' dir='ltr'><strong>nulla</strong></span> <span class='ocrx_word' id='word_1_159' title='bbox 1048 767 1067 795; x_wconf 83' lang='grc' dir='ltr'><strong>Β</strong></span> 
     </span>
    </p>
   </div>
   <div class='ocr_carea' id='block_1_26' title="bbox 243 808 580 843">
    <p class='ocr_par' dir='ltr' id='par_1_26' title="bbox 243 808 580 843">
     <span class='ocr_line' id='line_1_26' title="bbox 243 808 580 843; baseline 0.006 -9"><span class='ocrx_word' id='word_1_160' title='bbox 243 808 331 835; x_wconf 65' lang='lat' dir='ltr'><strong>rullus</strong></span> <span class='ocrx_word' id='word_1_161' title='bbox 348 809 391 843; x_wconf 77' lang='lat' dir='ltr'><strong>ﬁet</strong></span> <span class='ocrx_word' id='word_1_162' title='bbox 409 809 504 835; x_wconf 79' lang='lat' dir='ltr'><strong>bonum</strong></span> <span class='ocrx_word' id='word_1_163' title='bbox 526 818 580 836; x_wconf 81' lang='lat' dir='ltr'><strong>cor.</strong></span> 
     </span>
    </p>
   </div>
   <div class='ocr_carea' id='block_1_27' title="bbox 280 852 1030 888">
    <p class='ocr_par' dir='ltr' id='par_1_27' title="bbox 280 852 1030 888">
     <span class='ocr_line' id='line_1_27' title="bbox 280 852 1030 888; baseline 0.001 -10"><span class='ocrx_word' id='word_1_164' title='bbox 280 852 349 879; x_wconf 84' lang='lat' dir='ltr'><strong>Iram</strong></span> <span class='ocrx_word' id='word_1_165' title='bbox 369 853 510 880; x_wconf 88' lang='lat' dir='ltr'><strong>decentem</strong></span> <span class='ocrx_word' id='word_1_166' title='bbox 533 862 563 880; x_wconf 86' lang='lat' dir='ltr'><strong>ac</strong></span> <span class='ocrx_word' id='word_1_167' title='bbox 579 853 683 888; x_wconf 88' lang='lat' dir='ltr'><strong>justam</strong></span> <span class='ocrx_word' id='word_1_168' title='bbox 710 854 783 880; x_wconf 88' lang='lat' dir='ltr'><strong>omtti</strong></span> <span class='ocrx_word' id='word_1_169' title='bbox 807 854 862 880; x_wconf 84' lang='lat' dir='ltr'><strong>risu</strong></span> <span class='ocrx_word' id='word_1_170' title='bbox 891 853 1030 880; x_wconf 80' lang='lat' dir='ltr'><strong>meliorem</strong></span> 
     </span>
    </p>
   </div>
   <div class='ocr_carea' id='block_1_28' title="bbox 242 897 1032 933">
    <p class='ocr_par' dir='ltr' id='par_1_28' title="bbox 242 897 1032 933">
     <span class='ocr_line' id='line_1_28' title="bbox 242 897 1032 933; baseline 0.003 -10"><span class='ocrx_word' id='word_1_171' title='bbox 242 905 303 923; x_wconf 80' lang='lat' dir='ltr'><strong>esse</strong></span> <span class='ocrx_word' id='word_1_172' title='bbox 327 899 495 932; x_wconf 87' lang='lat' dir='ltr'><strong>pronuntiat.</strong></span> <span class='ocrx_word' id='word_1_173' title='bbox 526 897 593 925; x_wconf 81' lang='lat' dir='ltr'><strong>Nam</strong></span> <span class='ocrx_word' id='word_1_174' title='bbox 619 898 720 925; x_wconf 76' lang='lat' dir='ltr'><strong>divinis</strong></span> <span class='ocrx_word' id='word_1_175' title='bbox 741 898 852 933; x_wconf 79' lang='lat' dir='ltr'><strong>quidem</strong></span> <span class='ocrx_word' id='word_1_176' title='bbox 877 899 902 925; x_wconf 94' lang='lat' dir='ltr'><strong>in</strong></span> <span class='ocrx_word' id='word_1_177' title='bbox 922 898 1032 926; x_wconf 88' lang='lat' dir='ltr'><strong>Litteris</strong></span> 
     </span>
    </p>
   </div>
   <div class='ocr_carea' id='block_1_29' title="bbox 244 943 1031 980">
    <p class='ocr_par' dir='ltr' id='par_1_29' title="bbox 244 943 1031 980">
     <span class='ocr_line' id='line_1_29' title="bbox 244 943 1031 980; baseline 0.003 -10"><span class='ocrx_word' id='word_1_178' title='bbox 244 943 333 971; x_wconf 81' lang='lat' dir='ltr'><strong>locum</strong></span> <span class='ocrx_word' id='word_1_179' title='bbox 364 945 483 978; x_wconf 85' lang='lat' dir='ltr'><strong>reperies</strong></span> <span class='ocrx_word' id='word_1_180' title='bbox 510 945 634 975; x_wconf 89' lang='lat' dir='ltr'><strong>nullum.</strong></span> <span class='ocrx_word' id='word_1_181' title='bbox 663 945 707 972; x_wconf 87' lang='lat' dir='ltr'><strong>ubi</strong></span> <span class='ocrx_word' id='word_1_182' title='bbox 737 945 810 972; x_wconf 87' lang='lat' dir='ltr'><strong>risus</strong></span> <span class='ocrx_word' id='word_1_183' title='bbox 835 949 963 980; x_wconf 81' lang='lat' dir='ltr'><strong>tanquam</strong></span> <span class='ocrx_word' id='word_1_184' title='bbox 989 952 1031 972; x_wconf 89' lang='lat' dir='ltr'><strong>res</strong></span> 
     </span>
    </p>
   </div>
   <div class='ocr_carea' id='block_1_30' title="bbox 196 988 1032 1024">
    <p class='ocr_par' dir='ltr' id='par_1_30' title="bbox 196 988 1032 1024">
     <span class='ocr_line' id='line_1_30' title="bbox 196 988 1032 1024; baseline 0.004 -11"><span class='ocrx_word' id='word_1_185' title='bbox 196 1009 202 1013; x_wconf 85' lang='lat'><strong>.</strong></span> <span class='ocrx_word' id='word_1_186' title='bbox 243 988 314 1015; x_wconf 78' lang='lat' dir='ltr'><strong>bona</strong></span> <span class='ocrx_word' id='word_1_187' title='bbox 330 989 550 1022; x_wconf 79' lang='lat' dir='ltr'><strong>commendatus,</strong></span> <span class='ocrx_word' id='word_1_188' title='bbox 575 993 601 1016; x_wconf 88' lang='lat' dir='ltr'><strong>et</strong></span> <span class='ocrx_word' id='word_1_189' title='bbox 616 989 707 1024; x_wconf 87' lang='lat' dir='ltr'><strong>aliqua</strong></span> <span class='ocrx_word' id='word_1_190' title='bbox 729 997 763 1016; x_wconf 78' lang='lat' dir='ltr'><strong>ex</strong></span> <span class='ocrx_word' id='word_1_191' title='bbox 779 997 862 1016; x_wconf 81' lang='lat' dir='ltr'><strong>causa</strong></span> <span class='ocrx_word' id='word_1_192' title='bbox 882 989 1032 1024; x_wconf 81' lang='lat' dir='ltr'><strong>probabilis</strong></span> 
     </span>
    </p>
   </div>
   <div class='ocr_carea' id='block_1_31' title="bbox 243 1034 1033 1071">
    <p class='ocr_par' dir='ltr' id='par_1_31' title="bbox 243 1034 1033 1071">
     <span class='ocr_line' id='line_1_31' title="bbox 243 1034 1033 1071; baseline 0.003 -10"><span class='ocrx_word' id='word_1_193' title='bbox 243 1034 354 1062; x_wconf 84' lang='lat' dir='ltr'><strong>habitus</strong></span> <span class='ocrx_word' id='word_1_194' title='bbox 378 1034 434 1062; x_wconf 87' lang='lat' dir='ltr'><strong>sit:</strong></span> <span class='ocrx_word' id='word_1_195' title='bbox 459 1043 521 1062; x_wconf 90' lang='lat' dir='ltr'><strong>cum</strong></span> <span class='ocrx_word' id='word_1_196' title='bbox 545 1035 585 1062; x_wconf 84' lang='lat' dir='ltr'><strong>ira</strong></span> <span class='ocrx_word' id='word_1_197' title='bbox 601 1043 616 1062; x_wconf 91' lang='lat' dir='ltr'><strong>e</strong></span> <span class='ocrx_word' id='word_1_198' title='bbox 631 1036 781 1068; x_wconf 72' lang='lat' dir='ltr'><strong>contrario,</strong></span> <span class='ocrx_word' id='word_1_199' title='bbox 798 1044 859 1071; x_wconf 64' lang='lat' dir='ltr'><strong>quae</strong></span> <span class='ocrx_word' id='word_1_200' title='bbox 878 1037 983 1069; x_wconf 88' lang='lat' dir='ltr'><strong>deceat,</strong></span> <span class='ocrx_word' id='word_1_201' title='bbox 1006 1040 1033 1064; x_wconf 87' lang='lat' dir='ltr'><strong>et</strong></span> 
     </span>
    </p>
   </div>
   <div class='ocr_carea' id='block_1_32' title="bbox 242 1081 1032 1117">
    <p class='ocr_par' dir='ltr' id='par_1_32' title="bbox 242 1081 1032 1117">
     <span class='ocr_line' id='line_1_32' title="bbox 242 1081 1032 1117; baseline 0.003 -11"><span class='ocrx_word' id='word_1_202' title='bbox 242 1081 395 1115; x_wconf 77' lang='lat' dir='ltr'><strong>indignatio</strong></span> <span class='ocrx_word' id='word_1_203' title='bbox 416 1081 491 1115; x_wconf 81' lang='lat' dir='ltr'><strong>justa</strong></span> <span class='ocrx_word' id='word_1_204' title='bbox 517 1088 550 1107; x_wconf 88' lang='lat' dir='ltr'><strong>ac</strong></span> <span class='ocrx_word' id='word_1_205' title='bbox 576 1081 737 1116; x_wconf 83' lang='lat' dir='ltr'><strong>tempestiva</strong></span> <span class='ocrx_word' id='word_1_206' title='bbox 760 1083 793 1109; x_wconf 85' lang='lat' dir='ltr'><strong>ad</strong></span> <span class='ocrx_word' id='word_1_207' title='bbox 816 1082 1032 1117; x_wconf 83' lang='lat' dir='ltr'><strong>delinquentium</strong></span> 
     </span>
    </p>
   </div>
   <div class='ocr_carea' id='block_1_33' title="bbox 242 1127 1033 1162">
    <p class='ocr_par' dir='ltr' id='par_1_33' title="bbox 242 1127 1033 1162">
     <span class='ocr_line' id='line_1_33' title="bbox 242 1127 1033 1162; baseline 0.001 -9"><span class='ocrx_word' id='word_1_208' title='bbox 242 1127 464 1154; x_wconf 68' lang='lat' dir='ltr'><strong>emendationem</strong></span> <span class='ocrx_word' id='word_1_209' title='bbox 482 1133 510 1154; x_wconf 86' lang='lat' dir='ltr'><strong>et</strong></span> <span class='ocrx_word' id='word_1_210' title='bbox 529 1128 718 1162; x_wconf 85' lang='lat' dir='ltr'><strong>improborum</strong></span> <span class='ocrx_word' id='word_1_211' title='bbox 735 1128 892 1159; x_wconf 87' lang='lat' dir='ltr'><strong>utilitatem,</strong></span> <span class='ocrx_word' id='word_1_212' title='bbox 911 1128 937 1154; x_wconf 92' lang='lat' dir='ltr'><strong>in</strong></span> <span class='ocrx_word' id='word_1_213' title='bbox 954 1127 1033 1155; x_wconf 83' lang='lat' dir='ltr'><strong>laude</strong></span> 
     </span>
    </p>
   </div>
   <div class='ocr_carea' id='block_1_34' title="bbox 242 1173 1032 1209">
    <p class='ocr_par' dir='ltr' id='par_1_34' title="bbox 242 1173 1032 1209">
     <span class='ocr_line' id='line_1_34' title="bbox 242 1173 1032 1209; baseline 0 -9"><span class='ocrx_word' id='word_1_214' title='bbox 242 1177 371 1208; x_wconf 84' lang='lat' dir='ltr'><strong>ponatur,</strong></span> <span class='ocrx_word' id='word_1_215' title='bbox 401 1177 427 1200; x_wconf 84' lang='lat' dir='ltr'><strong>et</strong></span> <span class='ocrx_word' id='word_1_216' title='bbox 451 1181 550 1209; x_wconf 80' lang='lat' dir='ltr'><strong>magno</strong></span> <span class='ocrx_word' id='word_1_217' title='bbox 574 1173 667 1201; x_wconf 83' lang='lat' dir='ltr'><strong>favore</strong></span> <span class='ocrx_word' id='word_1_218' title='bbox 694 1174 855 1201; x_wconf 77' lang='lat' dir='ltr'><strong>celebretur.</strong></span> <span class='ocrx_word' id='word_1_219' title='bbox 887 1173 980 1208; x_wconf 84' lang='lat' dir='ltr'><strong>Itaque</strong></span> <span class='ocrx_word' id='word_1_220' title='bbox 1006 1177 1032 1200; x_wconf 83' lang='lat' dir='ltr'><strong>et</strong></span> 
     </span>
    </p>
   </div>
   <div class='ocr_carea' id='block_1_35' title="bbox 243 1218 1033 1254">
    <p class='ocr_par' dir='ltr' id='par_1_35' title="bbox 243 1218 1033 1254">
     <span class='ocr_line' id='line_1_35' title="bbox 243 1218 1033 1254; baseline 0 -8"><span class='ocrx_word' id='word_1_221' title='bbox 243 1219 298 1246; x_wconf 90' lang='lat' dir='ltr'><strong>Deo</strong></span> <span class='ocrx_word' id='word_1_222' title='bbox 314 1227 384 1254; x_wconf 61' lang='lat' dir='ltr'><strong>smpe</strong></span> <span class='ocrx_word' id='word_1_223' title='bbox 399 1219 439 1246; x_wconf 88' lang='lat' dir='ltr'><strong>ira</strong></span> <span class='ocrx_word' id='word_1_224' title='bbox 456 1219 595 1251; x_wconf 88' lang='lat' dir='ltr'><strong>tribuitur,</strong></span> <span class='ocrx_word' id='word_1_225' title='bbox 612 1224 694 1254; x_wconf 84' lang='lat' dir='ltr'><strong>atque</strong></span> <span class='ocrx_word' id='word_1_226' title='bbox 711 1220 793 1246; x_wconf 89' lang='lat' dir='ltr'><strong>etiam</strong></span> <span class='ocrx_word' id='word_1_227' title='bbox 810 1218 897 1248; x_wconf 91' lang='lat' dir='ltr'><strong>furor.</strong></span> <span class='ocrx_word' id='word_1_228' title='bbox 914 1219 983 1246; x_wconf 86' lang='lat' dir='ltr'><strong>Nam</strong></span> <span class='ocrx_word' id='word_1_229' title='bbox 999 1219 1033 1246; x_wconf 87' lang='lat' dir='ltr'><strong>de</strong></span> 
     </span>
    </p>
   </div>
   <div class='ocr_carea' id='block_1_36' title="bbox 243 1264 1034 1300">
    <p class='ocr_par' dir='ltr' id='par_1_36' title="bbox 243 1264 1034 1300">
     <span class='ocr_line' id='line_1_36' title="bbox 243 1264 1034 1300; baseline 0 -8"><span class='ocrx_word' id='word_1_230' title='bbox 243 1265 371 1300; x_wconf 75' lang='lat' dir='ltr'><strong>gentibus</strong></span> <span class='ocrx_word' id='word_1_231' title='bbox 395 1265 526 1292; x_wconf 78' lang='lat' dir='ltr'><strong>adversus</strong></span> <span class='ocrx_word' id='word_1_232' title='bbox 555 1264 773 1300; x_wconf 81' lang='lat' dir='ltr'><strong>Hierosolymam</strong></span> <span class='ocrx_word' id='word_1_233' title='bbox 796 1265 978 1293; x_wconf 87' lang='lat' dir='ltr'><strong>frementibus</strong></span> <span class='ocrx_word' id='word_1_234' title='bbox 996 1265 1034 1292; x_wconf 88' lang='lat' dir='ltr'><strong>ait</strong></span> 
     </span>
    </p>
   </div>
   <div class='ocr_carea' id='block_1_37' title="bbox 244 1311 1034 1347">
    <p class='ocr_par' dir='ltr' id='par_1_37' title="bbox 244 1311 1034 1347">
     <span class='ocr_line' id='line_1_37' title="bbox 244 1311 1034 1347; baseline 0 -9"><span class='ocrx_word' id='word_1_235' title='bbox 244 1311 316 1339; x_wconf 86' lang='lat' dir='ltr'><strong>Deus</strong></span> <span class='ocrx_word' id='word_1_236' title='bbox 337 1312 457 1339; x_wconf 86' lang='lat' dir='ltr'><strong>universi</strong></span> <span class='ocrx_word' id='word_1_237' title='bbox 473 1321 480 1339; x_wconf 86' lang='lat'><strong>:</strong></span> <span class='ocrx_word' id='word_1_238' title='bbox 500 1322 509 1338; x_wconf 88' lang='lat'><strong>1</strong></span> <span class='ocrx_word' id='word_1_239' title='bbox 527 1311 662 1345; x_wconf 79' lang='lat' dir='ltr'><strong>Quoniam</strong></span> <span class='ocrx_word' id='word_1_240' title='bbox 682 1313 721 1339; x_wconf 89' lang='lat' dir='ltr'><strong>ira</strong></span> <span class='ocrx_word' id='word_1_241' title='bbox 739 1320 836 1347; x_wconf 73' lang='lat' dir='ltr'><strong>magna</strong></span> <span class='ocrx_word' id='word_1_242' title='bbox 859 1320 910 1347; x_wconf 80' lang='lat' dir='ltr'><strong>ego</strong></span> <span class='ocrx_word' id='word_1_243' title='bbox 929 1311 1034 1339; x_wconf 87' lang='lat' dir='ltr'><strong>irascor</strong></span> 
     </span>
    </p>
   </div>
   <div class='ocr_carea' id='block_1_38' title="bbox 244 1358 1031 1393">
    <p class='ocr_par' dir='ltr' id='par_1_38' title="bbox 244 1358 1031 1393">
     <span class='ocr_line' id='line_1_38' title="bbox 244 1358 1031 1393; baseline 0 -8"><span class='ocrx_word' id='word_1_244' title='bbox 244 1365 327 1392; x_wconf 82' lang='lat' dir='ltr'><strong>super</strong></span> <span class='ocrx_word' id='word_1_245' title='bbox 344 1363 448 1393; x_wconf 76' lang='lat' dir='ltr'><strong>gentes,</strong></span> <span class='ocrx_word' id='word_1_246' title='bbox 475 1367 536 1393; x_wconf 75' lang='lat' dir='ltr'><strong>quae</strong></span> <span class='ocrx_word' id='word_1_247' title='bbox 564 1358 784 1393; x_wconf 72' lang='lat' dir='ltr'><strong>superimposita:</strong></span> <span class='ocrx_word' id='word_1_248' title='bbox 809 1362 873 1386; x_wconf 89' lang='lat' dir='ltr'><strong>sunt</strong></span> <span class='ocrx_word' id='word_1_249' title='bbox 897 1358 947 1385; x_wconf 90' lang='lat' dir='ltr'><strong>ei:</strong></span> <span class='ocrx_word' id='word_1_250' title='bbox 968 1365 1031 1392; x_wconf 87' lang='lat' dir='ltr'><strong>pro-</strong></span> 
     </span>
    </p>
   </div>
   <div class='ocr_carea' id='block_1_39' title="bbox 243 1404 1032 1440">
    <p class='ocr_par' dir='ltr' id='par_1_39' title="bbox 243 1404 1032 1440">
     <span class='ocr_line' id='line_1_39' title="bbox 243 1404 1032 1440; baseline 0 -9"><span class='ocrx_word' id='word_1_251' title='bbox 243 1409 337 1440; x_wconf 85' lang='lat' dir='ltr'><strong>pterea</strong></span> <span class='ocrx_word' id='word_1_252' title='bbox 357 1406 429 1439; x_wconf 91' lang='lat' dir='ltr'><strong>quod</strong></span> <span class='ocrx_word' id='word_1_253' title='bbox 454 1413 505 1439; x_wconf 80' lang='lat' dir='ltr'><strong>ego</strong></span> <span class='ocrx_word' id='word_1_254' title='bbox 529 1405 639 1440; x_wconf 87' lang='lat' dir='ltr'><strong>quidem</strong></span> <span class='ocrx_word' id='word_1_255' title='bbox 659 1405 746 1432; x_wconf 89' lang='lat' dir='ltr'><strong>iratus</strong></span> <span class='ocrx_word' id='word_1_256' title='bbox 770 1413 831 1432; x_wconf 87' lang='lat' dir='ltr'><strong>sum</strong></span> <span class='ocrx_word' id='word_1_257' title='bbox 860 1413 967 1440; x_wconf 87' lang='lat' dir='ltr'><strong>parum,</strong></span> <span class='ocrx_word' id='word_1_258' title='bbox 994 1404 1032 1431; x_wconf 94' lang='lat' dir='ltr'><strong>illi</strong></span> 
     </span>
    </p>
   </div>
   <div class='ocr_carea' id='block_1_40' title="bbox 245 1441 1069 1486">
    <p class='ocr_par' dir='ltr' id='par_1_40' title="bbox 245 1441 1069 1486">
     <span class='ocr_line' id='line_1_40' title="bbox 245 1441 1069 1486; baseline 0.001 -9"><span class='ocrx_word' id='word_1_259' title='bbox 245 1458 310 1478; x_wconf 76' lang='lat' dir='ltr'><strong>vero</strong></span> <span class='ocrx_word' id='word_1_260' title='bbox 326 1451 532 1485; x_wconf 86' lang='lat' dir='ltr'><strong>superimpositi</strong></span> <span class='ocrx_word' id='word_1_261' title='bbox 546 1451 662 1478; x_wconf 88' lang='lat' dir='ltr'><strong>multum</strong></span> <span class='ocrx_word' id='word_1_262' title='bbox 679 1451 780 1486; x_wconf 69' lang='lat' dir='ltr'><strong>(56&quot;).i</strong></span> <span class='ocrx_word' id='word_1_263' title='bbox 793 1451 825 1478; x_wconf 82' lang='lat' dir='ltr'><strong>Et</strong></span> <span class='ocrx_word' id='word_1_264' title='bbox 840 1451 919 1486; x_wconf 78' lang='lat' dir='ltr'><strong>longe</strong></span> <span class='ocrx_word' id='word_1_265' title='bbox 933 1454 1012 1477; x_wconf 85' lang='lat' dir='ltr'><strong>antea</strong></span> <span class='ocrx_word' id='word_1_266' title='bbox 1026 1459 1033 1478; x_wconf 83' lang='lat'><strong>:</strong></span> <span class='ocrx_word' id='word_1_267' title='bbox 1049 1441 1069 1472; x_wconf 67' lang='grc' dir='ltr'><strong>θ</strong></span> 
     </span>
    </p>
   </div>
   <div class='ocr_carea' id='block_1_41' title="bbox 249 1494 1035 1530">
    <p class='ocr_par' dir='ltr' id='par_1_41' title="bbox 249 1494 1035 1530">
     <span class='ocr_line' id='line_1_41' title="bbox 249 1494 1035 1530; baseline 0 -9"><span class='ocrx_word' id='word_1_268' title='bbox 249 1504 258 1520; x_wconf 91' lang='lat'><strong>1</strong></span> <span class='ocrx_word' id='word_1_269' title='bbox 278 1496 308 1522; x_wconf 87' lang='lat' dir='ltr'><strong>Et</strong></span> <span class='ocrx_word' id='word_1_270' title='bbox 326 1496 414 1522; x_wconf 86' lang='lat' dir='ltr'><strong>iratus</strong></span> <span class='ocrx_word' id='word_1_271' title='bbox 429 1495 522 1523; x_wconf 84' lang='lat' dir='ltr'><strong>furore</strong></span> <span class='ocrx_word' id='word_1_272' title='bbox 537 1496 667 1522; x_wconf 80' lang='lat' dir='ltr'><strong>Dominus</strong></span> <span class='ocrx_word' id='word_1_273' title='bbox 686 1496 713 1522; x_wconf 91' lang='lat' dir='ltr'><strong>in</strong></span> <span class='ocrx_word' id='word_1_274' title='bbox 729 1495 851 1530; x_wconf 69' lang='lat' dir='ltr'><strong>Moysen,</strong></span> <span class='ocrx_word' id='word_1_275' title='bbox 865 1495 902 1522; x_wconf 85' lang='lat' dir='ltr'><strong>ait</strong></span> <span class='ocrx_word' id='word_1_276' title='bbox 917 1504 922 1521; x_wconf 92' lang='lat'><strong>:</strong></span> <span class='ocrx_word' id='word_1_277' title='bbox 939 1494 1035 1521; x_wconf 84' lang='lat' dir='ltr'><strong>Nonne</strong></span> 
     </span>
    </p>
   </div>
   <div class='ocr_carea' id='block_1_42' title="bbox 245 1539 1036 1574">
    <p class='ocr_par' dir='ltr' id='par_1_42' title="bbox 245 1539 1036 1574">
     <span class='ocr_line' id='line_1_42' title="bbox 245 1539 1036 1574; baseline 0 -8"><span class='ocrx_word' id='word_1_278' title='bbox 245 1547 309 1567; x_wconf 87' lang='lat' dir='ltr'><strong>cccc</strong></span> <span class='ocrx_word' id='word_1_279' title='bbox 322 1539 406 1567; x_wconf 81' lang='lat' dir='ltr'><strong>frater</strong></span> <span class='ocrx_word' id='word_1_280' title='bbox 421 1545 484 1567; x_wconf 87' lang='lat' dir='ltr'><strong>tuus</strong></span> <span class='ocrx_word' id='word_1_281' title='bbox 499 1539 660 1567; x_wconf 67' lang='lat' dir='ltr'><strong>Letites“?</strong></span> <span class='ocrx_word' id='word_1_282' title='bbox 678 1550 687 1565; x_wconf 75' lang='grc' dir='ltr'><strong>ι</strong></span> <span class='ocrx_word' id='word_1_283' title='bbox 709 1540 741 1567; x_wconf 77' lang='lat' dir='ltr'><strong>Et</strong></span> <span class='ocrx_word' id='word_1_284' title='bbox 758 1541 844 1567; x_wconf 86' lang='lat' dir='ltr'><strong>multa</strong></span> <span class='ocrx_word' id='word_1_285' title='bbox 859 1540 911 1566; x_wconf 86' lang='lat' dir='ltr'><strong>alia</strong></span> <span class='ocrx_word' id='word_1_286' title='bbox 938 1539 1036 1574; x_wconf 89' lang='lat' dir='ltr'><strong>hujus-</strong></span> 
     </span>
    </p>
   </div>
   <div class='ocr_carea' id='block_1_43' title="bbox 246 1585 1036 1620">
    <p class='ocr_par' dir='ltr' id='par_1_43' title="bbox 246 1585 1036 1620">
     <span class='ocr_line' id='line_1_43' title="bbox 246 1585 1036 1620; baseline -0.001 -8"><span class='ocrx_word' id='word_1_287' title='bbox 246 1585 321 1612; x_wconf 91' lang='lat' dir='ltr'><strong>modi</strong></span> <span class='ocrx_word' id='word_1_288' title='bbox 333 1585 366 1612; x_wconf 91' lang='lat' dir='ltr'><strong>de</strong></span> <span class='ocrx_word' id='word_1_289' title='bbox 380 1585 435 1612; x_wconf 85' lang='lat' dir='ltr'><strong>Deo</strong></span> <span class='ocrx_word' id='word_1_290' title='bbox 447 1586 510 1620; x_wconf 83' lang='lat' dir='ltr'><strong>quis</strong></span> <span class='ocrx_word' id='word_1_291' title='bbox 523 1585 624 1620; x_wconf 78' lang='lat' dir='ltr'><strong>Deique</strong></span> <span class='ocrx_word' id='word_1_292' title='bbox 638 1585 747 1612; x_wconf 83' lang='lat' dir='ltr'><strong>famulis</strong></span> <span class='ocrx_word' id='word_1_293' title='bbox 759 1586 858 1619; x_wconf 87' lang='lat' dir='ltr'><strong>scripta</strong></span> <span class='ocrx_word' id='word_1_294' title='bbox 872 1585 1036 1620; x_wconf 72' lang='lat' dir='ltr'><strong>168nm:-</strong></span> 
     </span>
    </p>
   </div>
   <div class='ocr_carea' id='block_1_44' title="bbox 247 1631 1035 1666">
    <p class='ocr_par' dir='ltr' id='par_1_44' title="bbox 247 1631 1035 1666">
     <span class='ocr_line' id='line_1_44' title="bbox 247 1631 1035 1666; baseline -0.001 -8"><span class='ocrx_word' id='word_1_295' title='bbox 247 1631 316 1662; x_wconf 86' lang='lat' dir='ltr'><strong>niet.</strong></span> <span class='ocrx_word' id='word_1_296' title='bbox 350 1631 582 1666; x_wconf 81' lang='lat' dir='ltr'><strong>quemadmodum</strong></span> <span class='ocrx_word' id='word_1_297' title='bbox 609 1636 636 1657; x_wconf 89' lang='lat' dir='ltr'><strong>et</strong></span> <span class='ocrx_word' id='word_1_298' title='bbox 661 1631 694 1658; x_wconf 89' lang='lat' dir='ltr'><strong>de</strong></span> <span class='ocrx_word' id='word_1_299' title='bbox 718 1631 809 1666; x_wconf 80' lang='lat' dir='ltr'><strong>Moyse</strong></span> <span class='ocrx_word' id='word_1_300' title='bbox 832 1631 946 1657; x_wconf 83' lang='lat' dir='ltr'><strong>relatum</strong></span> <span class='ocrx_word' id='word_1_301' title='bbox 970 1633 1035 1658; x_wconf 84' lang='lat' dir='ltr'><strong>est:</strong></span> 
     </span>
    </p>
   </div>
   <div class='ocr_carea' id='block_1_45' title="bbox 250 1676 1036 1712">
    <p class='ocr_par' dir='ltr' id='par_1_45' title="bbox 250 1676 1036 1712">
     <span class='ocr_line' id='line_1_45' title="bbox 250 1676 1036 1712; baseline 0 -9"><span class='ocrx_word' id='word_1_302' title='bbox 250 1686 259 1703; x_wconf 85' lang='lat'><strong>1</strong></span> <span class='ocrx_word' id='word_1_303' title='bbox 276 1676 310 1704; x_wconf 87' lang='lat' dir='ltr'><strong>Et</strong></span> <span class='ocrx_word' id='word_1_304' title='bbox 324 1677 408 1704; x_wconf 86' lang='lat' dir='ltr'><strong>iratus</strong></span> <span class='ocrx_word' id='word_1_305' title='bbox 429 1677 618 1712; x_wconf 73' lang='lat' dir='ltr'><strong>indignatione</strong></span> <span class='ocrx_word' id='word_1_306' title='bbox 637 1676 745 1712; x_wconf 82' lang='lat' dir='ltr'><strong>Moyses</strong></span> <span class='ocrx_word' id='word_1_307' title='bbox 761 1677 875 1711; x_wconf 76' lang='lat' dir='ltr'><strong>proiecit</strong></span> <span class='ocrx_word' id='word_1_308' title='bbox 894 1677 928 1704; x_wconf 89' lang='lat' dir='ltr'><strong>de</strong></span> <span class='ocrx_word' id='word_1_309' title='bbox 947 1677 1036 1703; x_wconf 89' lang='lat' dir='ltr'><strong>mani-</strong></span> 
     </span>
    </p>
   </div>
   <div class='ocr_carea' id='block_1_46' title="bbox 247 1723 1037 1757">
    <p class='ocr_par' dir='ltr' id='par_1_46' title="bbox 247 1723 1037 1757">
     <span class='ocr_line' id='line_1_46' title="bbox 247 1723 1037 1757; baseline -0.003 -6"><span class='ocrx_word' id='word_1_310' title='bbox 247 1724 300 1751; x_wconf 74' lang='lat' dir='ltr'><strong>lius</strong></span> <span class='ocrx_word' id='word_1_311' title='bbox 331 1723 388 1750; x_wconf 90' lang='lat' dir='ltr'><strong>suis</strong></span> <span class='ocrx_word' id='word_1_312' title='bbox 418 1724 525 1750; x_wconf 84' lang='lat' dir='ltr'><strong>tabulas</strong></span> <span class='ocrx_word' id='word_1_313' title='bbox 551 1723 667 1756; x_wconf 84' lang='lat' dir='ltr'><strong>ambas,</strong></span> <span class='ocrx_word' id='word_1_314' title='bbox 698 1727 725 1750; x_wconf 88' lang='lat' dir='ltr'><strong>et</strong></span> <span class='ocrx_word' id='word_1_315' title='bbox 751 1723 886 1757; x_wconf 76' lang='lat' dir='ltr'><strong>confregit</strong></span> <span class='ocrx_word' id='word_1_316' title='bbox 915 1730 963 1750; x_wconf 83' lang='lat' dir='ltr'><strong>eas</strong></span> <span class='ocrx_word' id='word_1_317' title='bbox 986 1723 1037 1750; x_wconf 86' lang='lat' dir='ltr'><strong>sub</strong></span> 
     </span>
    </p>
   </div>
   <div class='ocr_carea' id='block_1_47' title="bbox 248 1768 1038 1803">
    <p class='ocr_par' dir='ltr' id='par_1_47' title="bbox 248 1768 1038 1803">
     <span class='ocr_line' id='line_1_47' title="bbox 248 1768 1038 1803; baseline 0.001 -8"><span class='ocrx_word' id='word_1_318' title='bbox 248 1773 341 1796; x_wconf 85' lang='lat' dir='ltr'><strong>monte</strong></span> <span class='ocrx_word' id='word_1_319' title='bbox 353 1769 385 1794; x_wconf 66' lang='grc'><strong>⁵⁸.</strong></span> <span class='ocrx_word' id='word_1_320' title='bbox 399 1778 408 1794; x_wconf 69' lang='grc' dir='ltr'><strong>ι</strong></span> <span class='ocrx_word' id='word_1_321' title='bbox 422 1768 593 1803; x_wconf 77' lang='lat' dir='ltr'><strong>Quapropter</strong></span> <span class='ocrx_word' id='word_1_322' title='bbox 617 1768 764 1803; x_wconf 84' lang='lat' dir='ltr'><strong>optabilior</strong></span> <span class='ocrx_word' id='word_1_323' title='bbox 779 1773 860 1802; x_wconf 86' lang='lat' dir='ltr'><strong>atque</strong></span> <span class='ocrx_word' id='word_1_324' title='bbox 877 1768 968 1795; x_wconf 91' lang='lat' dir='ltr'><strong>utilior</strong></span> <span class='ocrx_word' id='word_1_325' title='bbox 978 1776 1038 1796; x_wconf 86' lang='lat' dir='ltr'><strong>esse</strong></span> 
     </span>
    </p>
   </div>
   <div class='ocr_carea' id='block_1_48' title="bbox 246 1814 1040 1850">
    <p class='ocr_par' dir='ltr' id='par_1_48' title="bbox 246 1814 1040 1850">
     <span class='ocr_line' id='line_1_48' title="bbox 246 1814 1040 1850; baseline -0.001 -8"><span class='ocrx_word' id='word_1_326' title='bbox 246 1815 322 1849; x_wconf 83' lang='lat' dir='ltr'><strong>justa</strong></span> <span class='ocrx_word' id='word_1_327' title='bbox 344 1815 383 1842; x_wconf 83' lang='lat' dir='ltr'><strong>ira</strong></span> <span class='ocrx_word' id='word_1_328' title='bbox 404 1815 522 1846; x_wconf 84' lang='lat' dir='ltr'><strong>videtur,</strong></span> <span class='ocrx_word' id='word_1_329' title='bbox 546 1820 676 1850; x_wconf 88' lang='lat' dir='ltr'><strong>tanquam</strong></span> <span class='ocrx_word' id='word_1_330' title='bbox 699 1814 770 1841; x_wconf 86' lang='lat' dir='ltr'><strong>bona</strong></span> <span class='ocrx_word' id='word_1_331' title='bbox 785 1814 919 1841; x_wconf 83' lang='lat' dir='ltr'><strong>adversus</strong></span> <span class='ocrx_word' id='word_1_332' title='bbox 938 1814 1040 1849; x_wconf 87' lang='lat' dir='ltr'><strong>impro-</strong></span> 
     </span>
    </p>
   </div>
   <div class='ocr_carea' id='block_1_49' title="bbox 248 1860 1040 1896">
    <p class='ocr_par' dir='ltr' id='par_1_49' title="bbox 248 1860 1040 1896">
     <span class='ocr_line' id='line_1_49' title="bbox 248 1860 1040 1896; baseline -0.001 -8"><span class='ocrx_word' id='word_1_333' title='bbox 248 1862 362 1889; x_wconf 85' lang='lat' dir='ltr'><strong>bitatem</strong></span> <span class='ocrx_word' id='word_1_334' title='bbox 381 1867 408 1888; x_wconf 91' lang='lat' dir='ltr'><strong>ct</strong></span> <span class='ocrx_word' id='word_1_335' title='bbox 432 1861 571 1896; x_wconf 88' lang='lat' dir='ltr'><strong>intprobos</strong></span> <span class='ocrx_word' id='word_1_336' title='bbox 595 1860 730 1893; x_wconf 83' lang='lat' dir='ltr'><strong>homines,</strong></span> <span class='ocrx_word' id='word_1_337' title='bbox 752 1868 834 1895; x_wconf 88' lang='lat' dir='ltr'><strong>quam</strong></span> <span class='ocrx_word' id='word_1_338' title='bbox 860 1861 933 1888; x_wconf 89' lang='lat' dir='ltr'><strong>risus</strong></span> <span class='ocrx_word' id='word_1_339' title='bbox 953 1861 1040 1887; x_wconf 92' lang='lat' dir='ltr'><strong>riden-</strong></span> 
     </span>
    </p>
   </div>
   <div class='ocr_carea' id='block_1_50' title="bbox 251 1907 1040 1942">
    <p class='ocr_par' dir='ltr' id='par_1_50' title="bbox 251 1907 1040 1942">
     <span class='ocr_line' id='line_1_50' title="bbox 251 1907 1040 1942; baseline -0.001 -8"><span class='ocrx_word' id='word_1_340' title='bbox 251 1907 330 1939; x_wconf 91' lang='lat' dir='ltr'><strong>tium,</strong></span> <span class='ocrx_word' id='word_1_341' title='bbox 347 1908 372 1934; x_wconf 88' lang='lat' dir='ltr'><strong>id</strong></span> <span class='ocrx_word' id='word_1_342' title='bbox 390 1912 530 1942; x_wconf 80' lang='lat' dir='ltr'><strong>est,quatn</strong></span> <span class='ocrx_word' id='word_1_343' title='bbox 544 1907 651 1934; x_wconf 87' lang='lat' dir='ltr'><strong>incuria</strong></span> <span class='ocrx_word' id='word_1_344' title='bbox 663 1911 690 1934; x_wconf 85' lang='lat' dir='ltr'><strong>et</strong></span> <span class='ocrx_word' id='word_1_345' title='bbox 704 1907 888 1934; x_wconf 78' lang='lat' dir='ltr'><strong>dissimulatio</strong></span> <span class='ocrx_word' id='word_1_346' title='bbox 901 1911 928 1934; x_wconf 88' lang='lat' dir='ltr'><strong>et</strong></span> <span class='ocrx_word' id='word_1_347' title='bbox 942 1907 1040 1934; x_wconf 85' lang='lat' dir='ltr'><strong>lenitas</strong></span> 
     </span>
    </p>
   </div>
   <div class='ocr_carea' id='block_1_51' title="bbox 249 1954 554 1988">
    <p class='ocr_par' dir='ltr' id='par_1_51' title="bbox 249 1954 554 1988">
     <span class='ocr_line' id='line_1_51' title="bbox 249 1954 554 1988; baseline -0.003 -7"><span class='ocrx_word' id='word_1_348' title='bbox 249 1954 363 1981; x_wconf 88' lang='lat' dir='ltr'><strong>minime</strong></span> <span class='ocrx_word' id='word_1_349' title='bbox 381 1954 554 1988; x_wconf 73' lang='lat' dir='ltr'><strong>tcntpesuva.</strong></span> 
     </span>
    </p>
   </div>
   <div class='ocr_carea' id='block_1_52' title="bbox 293 2054 1042 2090">
    <p class='ocr_par' dir='ltr' id='par_1_52' title="bbox 293 2054 1042 2090">
     <span class='ocr_line' id='line_1_52' title="bbox 293 2054 1042 2090; baseline -0.004 -7"><span class='ocrx_word' id='word_1_350' title='bbox 293 2055 417 2089; x_wconf 86' lang='lat' dir='ltr'><strong>Quanam</strong></span> <span class='ocrx_word' id='word_1_351' title='bbox 439 2056 472 2083; x_wconf 88' lang='lat' dir='ltr'><strong>dc</strong></span> <span class='ocrx_word' id='word_1_352' title='bbox 491 2056 596 2084; x_wconf 80' lang='lat' dir='ltr'><strong>causa?</strong></span> <span class='ocrx_word' id='word_1_353' title='bbox 614 2065 622 2081; x_wconf 98' lang='lat'><strong>1</strong></span> <span class='ocrx_word' id='word_1_354' title='bbox 639 2055 720 2088; x_wconf 88' lang='lat' dir='ltr'><strong>Quia,</strong></span> <span class='ocrx_word' id='word_1_355' title='bbox 738 2055 836 2090; x_wconf 84' lang='lat' dir='ltr'><strong>inquit,</strong></span> <span class='ocrx_word' id='word_1_356' title='bbox 855 2055 881 2082; x_wconf 91' lang='lat' dir='ltr'><strong>in</strong></span> <span class='ocrx_word' id='word_1_357' title='bbox 898 2054 969 2082; x_wconf 88' lang='lat' dir='ltr'><strong>tnalo</strong></span> <span class='ocrx_word' id='word_1_358' title='bbox 983 2055 1042 2081; x_wconf 86' lang='lat' dir='ltr'><strong>vul-</strong></span> 
     </span>
    </p>
   </div>
   <div class='ocr_carea' id='block_1_53' title="bbox 1124 768 1877 805">
    <p class='ocr_par' dir='ltr' id='par_1_53' title="bbox 1124 768 1877 805">
     <span class='ocr_line' id='line_1_53' title="bbox 1124 768 1877 805; baseline 0.005 -11"><span class='ocrx_word' id='word_1_359' title='bbox 1124 768 1250 802; x_wconf 63' lang='grc' dir='ltr'>Ἀγαθπν</span> <span class='ocrx_word' id='word_1_360' title='bbox 1280 770 1373 803; x_wconf 73' lang='grc' dir='ltr'><strong>θυμὸς</strong></span> <span class='ocrx_word' id='word_1_361' title='bbox 1396 770 1472 804; x_wconf 77' lang='grc' dir='ltr'><strong>ὑπὲρ</strong></span> <span class='ocrx_word' id='word_1_362' title='bbox 1497 770 1634 805; x_wconf 72' lang='grc' dir='ltr'>γέλωτα·</span> <span class='ocrx_word' id='word_1_363' title='bbox 1664 771 1708 798; x_wconf 80' lang='grc' dir='ltr'>ὅτι</span> <span class='ocrx_word' id='word_1_364' title='bbox 1728 771 1764 798; x_wconf 80' lang='grc' dir='ltr'><strong>ἐν</strong></span> <span class='ocrx_word' id='word_1_365' title='bbox 1784 772 1877 805; x_wconf 78' lang='grc' dir='ltr'>κακίᾳ</span> 
     </span>
    </p>
   </div>
   <div class='ocr_carea' id='block_1_54' title="bbox 1084 813 1638 850">
    <p class='ocr_par' dir='ltr' id='par_1_54' title="bbox 1084 813 1638 850">
     <span class='ocr_line' id='line_1_54' title="bbox 1084 813 1638 850; baseline 0.007 -12"><span class='ocrx_word' id='word_1_366' title='bbox 1084 813 1247 846; x_wconf 75' lang='grc' dir='ltr'><strong>προσώπου</strong></span> <span class='ocrx_word' id='word_1_367' title='bbox 1264 815 1504 849; x_wconf 65' lang='grc' dir='ltr'>ὰγιιθυνθήσεται</span> <span class='ocrx_word' id='word_1_368' title='bbox 1520 815 1638 850; x_wconf 78' lang='grc' dir='ltr'><strong>καρδία.</strong></span> 
     </span>
    </p>
   </div>
   <div class='ocr_carea' id='block_1_55' title="bbox 1120 859 1877 901">
    <p class='ocr_par' dir='ltr' id='par_1_55' title="bbox 1120 859 1877 901">
     <span class='ocr_line' id='line_1_55' title="bbox 1120 859 1877 901; baseline 0.004 -17"><span class='ocrx_word' id='word_1_369' title='bbox 1120 859 1172 886; x_wconf 82' lang='grc' dir='ltr'><strong>Τὸν</strong></span> <span class='ocrx_word' id='word_1_370' title='bbox 1193 860 1367 895; x_wconf 78' lang='grc' dir='ltr'>προσήκοντα.</span> <span class='ocrx_word' id='word_1_371' title='bbox 1390 862 1436 887; x_wconf 77' lang='grc' dir='ltr'><strong>καὶ</strong></span> <span class='ocrx_word' id='word_1_372' title='bbox 1462 861 1566 901; x_wconf 63' lang='grc' dir='ltr'>δίκαιον</span> <span class='ocrx_word' id='word_1_373' title='bbox 1588 861 1674 896; x_wconf 75' lang='grc' dir='ltr'>θυμὸν</span> <span class='ocrx_word' id='word_1_374' title='bbox 1696 861 1877 895; x_wconf 72' lang='grc' dir='ltr'>ἀποφαίνεται</span> 
     </span>
    </p>
   </div>
   <div class='ocr_carea' id='block_1_56' title="bbox 1084 906 1878 943">
    <p class='ocr_par' dir='ltr' id='par_1_56' title="bbox 1084 906 1878 943">
     <span class='ocr_line' id='line_1_56' title="bbox 1084 906 1878 943; baseline 0.003 -11"><span class='ocrx_word' id='word_1_375' title='bbox 1084 906 1229 941; x_wconf 84' lang='grc' dir='ltr'>κρείττονα</span> <span class='ocrx_word' id='word_1_376' title='bbox 1253 908 1354 939; x_wconf 70' lang='grc' dir='ltr'>παντὸς</span> <span class='ocrx_word' id='word_1_377' title='bbox 1371 907 1492 941; x_wconf 80' lang='grc' dir='ltr'><strong>γέλωτος</strong></span> <span class='ocrx_word' id='word_1_378' title='bbox 1513 907 1688 941; x_wconf 80' lang='grc' dir='ltr'><strong>πεφυκέναι·</strong></span> <span class='ocrx_word' id='word_1_379' title='bbox 1713 907 1802 942; x_wconf 88' lang='grc' dir='ltr'><strong>γέλως</strong></span> <span class='ocrx_word' id='word_1_380' title='bbox 1829 909 1878 943; x_wconf 77' lang='grc' dir='ltr'>μὲν</span> 
     </span>
    </p>
   </div>
   <div class='ocr_carea' id='block_1_57' title="bbox 1085 950 1879 987">
    <p class='ocr_par' dir='ltr' id='par_1_57' title="bbox 1085 950 1879 987">
     <span class='ocr_line' id='line_1_57' title="bbox 1085 950 1879 987; baseline 0.001 -11"><span class='ocrx_word' id='word_1_381' title='bbox 1085 950 1139 985; x_wconf 77' lang='grc' dir='ltr'>γὰρ</span> <span class='ocrx_word' id='word_1_382' title='bbox 1158 951 1207 986; x_wconf 89' lang='grc' dir='ltr'><strong>οὺχ</strong></span> <span class='ocrx_word' id='word_1_383' title='bbox 1224 951 1340 987; x_wconf 77' lang='grc' dir='ltr'>εὕρηταί</span> <span class='ocrx_word' id='word_1_384' title='bbox 1362 960 1414 978; x_wconf 85' lang='grc' dir='ltr'><strong>που</strong></span> <span class='ocrx_word' id='word_1_385' title='bbox 1437 951 1513 987; x_wconf 83' lang='grc' dir='ltr'>παρὰ</span> <span class='ocrx_word' id='word_1_386' title='bbox 1528 953 1562 987; x_wconf 85' lang='grc' dir='ltr'>τῇ</span> <span class='ocrx_word' id='word_1_387' title='bbox 1579 951 1640 986; x_wconf 76' lang='grc' dir='ltr'>θεία</span> <span class='ocrx_word' id='word_1_388' title='bbox 1660 952 1757 987; x_wconf 80' lang='grc' dir='ltr'>Γραφῇ</span> <span class='ocrx_word' id='word_1_389' title='bbox 1774 960 1879 987; x_wconf 84' lang='grc' dir='ltr'>μεμαρ-</span> 
     </span>
    </p>
   </div>
   <div class='ocr_carea' id='block_1_58' title="bbox 1084 997 1878 1033">
    <p class='ocr_par' dir='ltr' id='par_1_58' title="bbox 1084 997 1878 1033">
     <span class='ocr_line' id='line_1_58' title="bbox 1084 997 1878 1033; baseline 0.003 -11"><span class='ocrx_word' id='word_1_390' title='bbox 1084 997 1239 1032; x_wconf 85' lang='grc' dir='ltr'>τυρημένος</span> <span class='ocrx_word' id='word_1_391' title='bbox 1250 997 1287 1029; x_wconf 85' lang='grc' dir='ltr'>ὼς</span> <span class='ocrx_word' id='word_1_392' title='bbox 1301 998 1414 1032; x_wconf 81' lang='grc' dir='ltr'>ἀγαθὸν,</span> <span class='ocrx_word' id='word_1_393' title='bbox 1430 998 1447 1033; x_wconf 79' lang='grc' dir='ltr'><strong>ἡ</strong></span> <span class='ocrx_word' id='word_1_394' title='bbox 1460 1006 1533 1028; x_wconf 83' lang='grc' dir='ltr'>τινος</span> <span class='ocrx_word' id='word_1_395' title='bbox 1549 997 1684 1033; x_wconf 83' lang='grc' dir='ltr'><strong>ἀποδοχῆς</strong></span> <span class='ocrx_word' id='word_1_396' title='bbox 1703 997 1878 1033; x_wconf 77' lang='grc' dir='ltr'><strong>ἀξιούμενος·</strong></span> 
     </span>
    </p>
   </div>
   <div class='ocr_carea' id='block_1_59' title="bbox 1085 1042 1879 1080">
    <p class='ocr_par' dir='ltr' id='par_1_59' title="bbox 1085 1042 1879 1080">
     <span class='ocr_line' id='line_1_59' title="bbox 1085 1042 1879 1080; baseline 0.003 -12"><span class='ocrx_word' id='word_1_397' title='bbox 1085 1042 1154 1077; x_wconf 78' lang='grc' dir='ltr'>ὀργὴ</span> <span class='ocrx_word' id='word_1_398' title='bbox 1177 1043 1269 1078; x_wconf 79' lang='grc' dir='ltr'>μέντοι</span> <span class='ocrx_word' id='word_1_399' title='bbox 1295 1043 1440 1078; x_wconf 80' lang='grc' dir='ltr'>πρέπουσα</span> <span class='ocrx_word' id='word_1_400' title='bbox 1462 1043 1511 1070; x_wconf 76' lang='grc' dir='ltr'><strong>καὶ</strong></span> <span class='ocrx_word' id='word_1_401' title='bbox 1533 1043 1620 1078; x_wconf 79' lang='grc' dir='ltr'>θυμὸς</span> <span class='ocrx_word' id='word_1_402' title='bbox 1643 1043 1812 1080; x_wconf 81' lang='grc' dir='ltr'><strong>κατάλληλος</strong></span> <span class='ocrx_word' id='word_1_403' title='bbox 1831 1044 1879 1071; x_wconf 68' lang='grc' dir='ltr'>καὶ</span> 
     </span>
    </p>
   </div>
   <div class='ocr_carea' id='block_1_60' title="bbox 1086 1087 1880 1123">
    <p class='ocr_par' dir='ltr' id='par_1_60' title="bbox 1086 1087 1880 1123">
     <span class='ocr_line' id='line_1_60' title="bbox 1086 1087 1880 1123; baseline 0.003 -10"><span class='ocrx_word' id='word_1_404' title='bbox 1086 1088 1234 1122; x_wconf 80' lang='grc' dir='ltr'><strong>προσήκων</strong></span> <span class='ocrx_word' id='word_1_405' title='bbox 1255 1088 1325 1123; x_wconf 77' lang='grc' dir='ltr'>πρὸς</span> <span class='ocrx_word' id='word_1_406' title='bbox 1343 1087 1487 1123; x_wconf 77' lang='grc' dir='ltr'>διόρθωσιν</span> <span class='ocrx_word' id='word_1_407' title='bbox 1501 1087 1558 1114; x_wconf 87' lang='grc' dir='ltr'>τῶν</span> <span class='ocrx_word' id='word_1_408' title='bbox 1573 1087 1812 1123; x_wconf 82' lang='grc' dir='ltr'>πλημμελούντων</span> <span class='ocrx_word' id='word_1_409' title='bbox 1831 1089 1880 1115; x_wconf 82' lang='grc' dir='ltr'>καὶ</span> 
     </span>
    </p>
   </div>
   <div class='ocr_carea' id='block_1_61' title="bbox 1085 1133 1881 1169">
    <p class='ocr_par' dir='ltr' id='par_1_61' title="bbox 1085 1133 1881 1169">
     <span class='ocr_line' id='line_1_61' title="bbox 1085 1133 1881 1169; baseline 0.003 -10"><span class='ocrx_word' id='word_1_410' title='bbox 1085 1133 1140 1159; x_wconf 85' lang='grc' dir='ltr'><strong>τῶν</strong></span> <span class='ocrx_word' id='word_1_411' title='bbox 1162 1134 1379 1169; x_wconf 80' lang='grc' dir='ltr'>ἁμαρτανόντων</span> <span class='ocrx_word' id='word_1_412' title='bbox 1406 1133 1560 1168; x_wconf 81' lang='grc' dir='ltr'>βελτίωσιν,</span> <span class='ocrx_word' id='word_1_413' title='bbox 1584 1134 1728 1166; x_wconf 83' lang='grc' dir='ltr'>ὲπαινετός</span> <span class='ocrx_word' id='word_1_414' title='bbox 1752 1135 1812 1161; x_wconf 76' lang='grc' dir='ltr'>ἐστι</span> <span class='ocrx_word' id='word_1_415' title='bbox 1831 1135 1881 1161; x_wconf 82' lang='grc' dir='ltr'>καὶ</span> 
     </span>
    </p>
   </div>
   <div class='ocr_carea' id='block_1_62' title="bbox 1088 1179 1880 1215">
    <p class='ocr_par' dir='ltr' id='par_1_62' title="bbox 1088 1179 1880 1215">
     <span class='ocr_line' id='line_1_62' title="bbox 1088 1179 1880 1215; baseline 0.001 -10"><span class='ocrx_word' id='word_1_416' title='bbox 1088 1180 1210 1215; x_wconf 82' lang='grc' dir='ltr'>μεγάλης</span> <span class='ocrx_word' id='word_1_417' title='bbox 1229 1180 1306 1213; x_wconf 78' lang='grc' dir='ltr'>ἄξιος</span> <span class='ocrx_word' id='word_1_418' title='bbox 1328 1181 1478 1215; x_wconf 83' lang='grc' dir='ltr'>εὐφημίας.</span> <span class='ocrx_word' id='word_1_419' title='bbox 1505 1180 1556 1207; x_wconf 88' lang='grc' dir='ltr'><strong>Διὰ</strong></span> <span class='ocrx_word' id='word_1_420' title='bbox 1571 1179 1651 1207; x_wconf 83' lang='grc' dir='ltr'>τοῦτο</span> <span class='ocrx_word' id='word_1_421' title='bbox 1673 1180 1721 1206; x_wconf 75' lang='grc' dir='ltr'>καὶ</span> <span class='ocrx_word' id='word_1_422' title='bbox 1743 1180 1790 1206; x_wconf 77' lang='grc' dir='ltr'><strong>ἐπὶ</strong></span> <span class='ocrx_word' id='word_1_423' title='bbox 1811 1180 1880 1207; x_wconf 79' lang='grc' dir='ltr'>Θεοῦ</span> 
     </span>
    </p>
   </div>
   <div class='ocr_carea' id='block_1_63' title="bbox 1086 1225 1880 1262">
    <p class='ocr_par' dir='ltr' id='par_1_63' title="bbox 1086 1225 1880 1262">
     <span class='ocr_line' id='line_1_63' title="bbox 1086 1225 1880 1262; baseline -0.001 -9"><span class='ocrx_word' id='word_1_424' title='bbox 1086 1226 1256 1260; x_wconf 77' lang='grc' dir='ltr'>λαμϐάνεται</span> <span class='ocrx_word' id='word_1_425' title='bbox 1272 1226 1405 1258; x_wconf 82' lang='grc' dir='ltr'>πολλάκις</span> <span class='ocrx_word' id='word_1_426' title='bbox 1421 1227 1437 1261; x_wconf 84' lang='grc' dir='ltr'><strong>ἠ</strong></span> <span class='ocrx_word' id='word_1_427' title='bbox 1451 1225 1522 1262; x_wconf 80' lang='grc' dir='ltr'>ὀργὴ</span> <span class='ocrx_word' id='word_1_428' title='bbox 1534 1226 1582 1253; x_wconf 72' lang='grc' dir='ltr'>καὶ</span> <span class='ocrx_word' id='word_1_429' title='bbox 1595 1226 1687 1261; x_wconf 84' lang='grc' dir='ltr'>μέντοι</span> <span class='ocrx_word' id='word_1_430' title='bbox 1698 1226 1746 1252; x_wconf 80' lang='grc' dir='ltr'>καὶ</span> <span class='ocrx_word' id='word_1_431' title='bbox 1758 1227 1772 1252; x_wconf 82' lang='grc' dir='ltr'>ὁ</span> <span class='ocrx_word' id='word_1_432' title='bbox 1782 1226 1880 1261; x_wconf 69' lang='grc' dir='ltr'><strong>θυμός⁸</strong></span> 
     </span>
    </p>
   </div>
   <div class='ocr_carea' id='block_1_64' title="bbox 1087 1271 1882 1307">
    <p class='ocr_par' dir='ltr' id='par_1_64' title="bbox 1087 1271 1882 1307">
     <span class='ocr_line' id='line_1_64' title="bbox 1087 1271 1882 1307; baseline 0 -9"><span class='ocrx_word' id='word_1_433' title='bbox 1087 1272 1155 1306; x_wconf 75' lang='grc' dir='ltr'>φησὶ</span> <span class='ocrx_word' id='word_1_434' title='bbox 1170 1271 1223 1306; x_wconf 84' lang='grc' dir='ltr'>γὰρ</span> <span class='ocrx_word' id='word_1_435' title='bbox 1237 1271 1348 1298; x_wconf 75' lang='grc' dir='ltr'>ἐπὶτῶν</span> <span class='ocrx_word' id='word_1_436' title='bbox 1363 1271 1433 1298; x_wconf 64' lang='grc' dir='ltr'>κατὰ</span> <span class='ocrx_word' id='word_1_437' title='bbox 1451 1273 1502 1307; x_wconf 81' lang='grc' dir='ltr'><strong>τῆς</strong></span> <span class='ocrx_word' id='word_1_438' title='bbox 1520 1271 1702 1307; x_wconf 81' lang='grc' dir='ltr'>Ἰερουσαλὴμ</span> <span class='ocrx_word' id='word_1_439' title='bbox 1719 1271 1882 1298; x_wconf 83' lang='grc' dir='ltr'>λυττώντων</span> 
     </span>
    </p>
   </div>
   <div class='ocr_carea' id='block_1_65' title="bbox 1086 1318 1883 1355">
    <p class='ocr_par' dir='ltr' id='par_1_65' title="bbox 1086 1318 1883 1355">
     <span class='ocr_line' id='line_1_65' title="bbox 1086 1318 1883 1355; baseline -0.003 -8"><span class='ocrx_word' id='word_1_440' title='bbox 1086 1320 1170 1347; x_wconf 85' lang='grc' dir='ltr'>ὲθνῶν</span> <span class='ocrx_word' id='word_1_441' title='bbox 1187 1320 1200 1345; x_wconf 80' lang='grc' dir='ltr'>ὁ</span> <span class='ocrx_word' id='word_1_442' title='bbox 1216 1319 1271 1345; x_wconf 84' lang='grc' dir='ltr'>τῶν</span> <span class='ocrx_word' id='word_1_443' title='bbox 1285 1319 1353 1346; x_wconf 79' lang='grc' dir='ltr'>ὅλων</span> <span class='ocrx_word' id='word_1_444' title='bbox 1370 1319 1452 1350; x_wconf 69' lang='grc' dir='ltr'>Θεός*</span> <span class='ocrx_word' id='word_1_445' title='bbox 1477 1329 1486 1345; x_wconf 93' lang='lat'><strong>1</strong></span> <span class='ocrx_word' id='word_1_446' title='bbox 1503 1319 1576 1346; x_wconf 79' lang='grc' dir='ltr'>Διὸτι</span> <span class='ocrx_word' id='word_1_447' title='bbox 1598 1319 1668 1354; x_wconf 81' lang='grc' dir='ltr'>ὀργῇ</span> <span class='ocrx_word' id='word_1_448' title='bbox 1693 1319 1802 1355; x_wconf 82' lang='grc' dir='ltr'>μεγάλῃ</span> <span class='ocrx_word' id='word_1_449' title='bbox 1827 1318 1883 1352; x_wconf 76' lang='grc' dir='ltr'><strong>ἐγὼ</strong></span> 
     </span>
    </p>
   </div>
   <div class='ocr_carea' id='block_1_66' title="bbox 1087 1365 1882 1400">
    <p class='ocr_par' dir='ltr' id='par_1_66' title="bbox 1087 1365 1882 1400">
     <span class='ocr_line' id='line_1_66' title="bbox 1087 1365 1882 1400; baseline -0.001 -8"><span class='ocrx_word' id='word_1_450' title='bbox 1087 1366 1232 1400; x_wconf 82' lang='grc' dir='ltr'>ὀργίζομαι</span> <span class='ocrx_word' id='word_1_451' title='bbox 1257 1365 1304 1392; x_wconf 77' lang='grc' dir='ltr'>ἐπὶ</span> <span class='ocrx_word' id='word_1_452' title='bbox 1327 1365 1362 1392; x_wconf 80' lang='grc' dir='ltr'>τὰ</span> <span class='ocrx_word' id='word_1_453' title='bbox 1387 1365 1451 1400; x_wconf 78' lang='grc' dir='ltr'>ἔθνη</span> <span class='ocrx_word' id='word_1_454' title='bbox 1475 1365 1510 1392; x_wconf 82' lang='grc' dir='ltr'>τὰ</span> <span class='ocrx_word' id='word_1_455' title='bbox 1539 1365 1770 1400; x_wconf 79' lang='grc' dir='ltr'>συνεπιτιθέμενα</span> <span class='ocrx_word' id='word_1_456' title='bbox 1793 1365 1882 1400; x_wconf 64' lang='grc' dir='ltr'>αὐτῇ·</span> 
     </span>
    </p>
   </div>
   <div class='ocr_carea' id='block_1_67' title="bbox 1086 1407 1882 1446">
    <p class='ocr_par' dir='ltr' id='par_1_67' title="bbox 1086 1407 1882 1446">
     <span class='ocr_line' id='line_1_67' title="bbox 1086 1407 1882 1446; baseline -0.004 -7"><span class='ocrx_word' id='word_1_457' title='bbox 1086 1412 1146 1439; x_wconf 80' lang='grc' dir='ltr'>ἀνθ’</span> <span class='ocrx_word' id='word_1_458' title='bbox 1166 1407 1203 1439; x_wconf 86' lang='grc' dir='ltr'>ὤν</span> <span class='ocrx_word' id='word_1_459' title='bbox 1219 1411 1275 1445; x_wconf 76' lang='grc' dir='ltr'><strong>ἐγὼ</strong></span> <span class='ocrx_word' id='word_1_460' title='bbox 1291 1411 1340 1446; x_wconf 81' lang='grc' dir='ltr'><strong>μὲν</strong></span> <span class='ocrx_word' id='word_1_461' title='bbox 1356 1410 1497 1446; x_wconf 80' lang='grc' dir='ltr'><strong>ὠργίσθην</strong></span> <span class='ocrx_word' id='word_1_462' title='bbox 1511 1411 1552 1442; x_wconf 88' lang='grc' dir='ltr'>εἰς</span> <span class='ocrx_word' id='word_1_463' title='bbox 1566 1410 1654 1444; x_wconf 76' lang='grc' dir='ltr'>ὀλίγα,</span> <span class='ocrx_word' id='word_1_464' title='bbox 1672 1411 1750 1437; x_wconf 77' lang='grc' dir='ltr'>αὐτοὶ</span> <span class='ocrx_word' id='word_1_465' title='bbox 1766 1411 1794 1438; x_wconf 79' lang='grc' dir='ltr'><strong>δὲ</strong></span> <span class='ocrx_word' id='word_1_466' title='bbox 1816 1419 1882 1437; x_wconf 81' lang='grc' dir='ltr'>συν-</span> 
     </span>
    </p>
   </div>
   <div class='ocr_carea' id='block_1_68' title="bbox 1087 1456 1884 1492">
    <p class='ocr_par' dir='ltr' id='par_1_68' title="bbox 1087 1456 1884 1492">
     <span class='ocr_line' id='line_1_68' title="bbox 1087 1456 1884 1492; baseline -0.004 -7"><span class='ocrx_word' id='word_1_467' title='bbox 1087 1458 1216 1486; x_wconf 84' lang='grc' dir='ltr'>επέθεντο</span> <span class='ocrx_word' id='word_1_468' title='bbox 1242 1458 1281 1489; x_wconf 83' lang='grc' dir='ltr'><strong>είς</strong></span> <span class='ocrx_word' id='word_1_469' title='bbox 1311 1457 1407 1484; x_wconf 86' lang='grc' dir='ltr'>πολλά.</span> <span class='ocrx_word' id='word_1_470' title='bbox 1430 1466 1439 1483; x_wconf 86' lang='grc'><strong>›</strong></span> <span class='ocrx_word' id='word_1_471' title='bbox 1460 1457 1515 1484; x_wconf 74' lang='grc' dir='ltr'><strong>Καὶ</strong></span> <span class='ocrx_word' id='word_1_472' title='bbox 1537 1457 1629 1492; x_wconf 87' lang='grc' dir='ltr'>πολλῴ</span> <span class='ocrx_word' id='word_1_473' title='bbox 1659 1456 1767 1492; x_wconf 86' lang='grc' dir='ltr'>πρώην,</span> <span class='ocrx_word' id='word_1_474' title='bbox 1794 1465 1803 1482; x_wconf 97' lang='lat'><strong>1</strong></span> <span class='ocrx_word' id='word_1_475' title='bbox 1825 1456 1884 1483; x_wconf 77' lang='lat' dir='ltr'><strong>Kal.</strong></span> 
     </span>
    </p>
   </div>
   <div class='ocr_carea' id='block_1_69' title="bbox 1087 1500 1884 1540">
    <p class='ocr_par' dir='ltr' id='par_1_69' title="bbox 1087 1500 1884 1540">
     <span class='ocr_line' id='line_1_69' title="bbox 1087 1500 1884 1540; baseline -0.001 -10"><span class='ocrx_word' id='word_1_476' title='bbox 1087 1504 1225 1540; x_wconf 76' lang='grc' dir='ltr'>θυμωθεὶς</span> <span class='ocrx_word' id='word_1_477' title='bbox 1237 1504 1305 1539; x_wconf 80' lang='grc' dir='ltr'>ὀργῇ</span> <span class='ocrx_word' id='word_1_478' title='bbox 1322 1503 1425 1539; x_wconf 83' lang='grc' dir='ltr'>Κύριος</span> <span class='ocrx_word' id='word_1_479' title='bbox 1437 1503 1484 1530; x_wconf 75' lang='grc' dir='ltr'>ἐπὶ</span> <span class='ocrx_word' id='word_1_480' title='bbox 1498 1503 1630 1538; x_wconf 82' lang='grc' dir='ltr'>Μωῦσῆν,</span> <span class='ocrx_word' id='word_1_481' title='bbox 1645 1500 1722 1530; x_wconf 72' lang='grc' dir='ltr'>εἶπεν</span> <span class='ocrx_word' id='word_1_482' title='bbox 1732 1511 1740 1519; x_wconf 87' lang='grc'><strong>·</strong></span> <span class='ocrx_word' id='word_1_483' title='bbox 1754 1502 1813 1529; x_wconf 80' lang='grc' dir='ltr'>Οὐκ</span> <span class='ocrx_word' id='word_1_484' title='bbox 1827 1502 1884 1529; x_wconf 69' lang='grc' dir='ltr'>ἰδοὺ</span> 
     </span>
    </p>
   </div>
   <div class='ocr_carea' id='block_1_70' title="bbox 1086 1547 1885 1585">
    <p class='ocr_par' dir='ltr' id='par_1_70' title="bbox 1086 1547 1885 1585">
     <span class='ocr_line' id='line_1_70' title="bbox 1086 1547 1885 1585; baseline -0.005 -7"><span class='ocrx_word' id='word_1_485' title='bbox 1086 1554 1100 1578; x_wconf 83' lang='grc' dir='ltr'>ὁ</span> <span class='ocrx_word' id='word_1_486' title='bbox 1115 1551 1228 1585; x_wconf 80' lang='grc' dir='ltr'>ἀδελφός</span> <span class='ocrx_word' id='word_1_487' title='bbox 1244 1559 1292 1577; x_wconf 89' lang='grc' dir='ltr'><strong>σου</strong></span> <span class='ocrx_word' id='word_1_488' title='bbox 1317 1551 1331 1577; x_wconf 80' lang='grc' dir='ltr'><strong>δ</strong></span> <span class='ocrx_word' id='word_1_489' title='bbox 1351 1550 1486 1584; x_wconf 85' lang='grc' dir='ltr'>Λευΐτης;</span> <span class='ocrx_word' id='word_1_490' title='bbox 1505 1558 1514 1575; x_wconf 77' lang='grc' dir='ltr'><strong>ι</strong></span> <span class='ocrx_word' id='word_1_491' title='bbox 1542 1549 1692 1575; x_wconf 73' lang='grc' dir='ltr'>καὶπολλὰ</span> <span class='ocrx_word' id='word_1_492' title='bbox 1707 1547 1823 1575; x_wconf 80' lang='grc' dir='ltr'>τοιαῦτά</span> <span class='ocrx_word' id='word_1_493' title='bbox 1841 1556 1885 1579; x_wconf 84' lang='grc' dir='ltr'><strong>τις</strong></span> 
     </span>
    </p>
   </div>
   <div class='ocr_carea' id='block_1_71' title="bbox 1087 1592 1886 1633">
    <p class='ocr_par' dir='ltr' id='par_1_71' title="bbox 1087 1592 1886 1633">
     <span class='ocr_line' id='line_1_71' title="bbox 1087 1592 1886 1633; baseline -0.006 -9"><span class='ocrx_word' id='word_1_494' title='bbox 1087 1598 1200 1633; x_wconf 79' lang='grc' dir='ltr'>εὑρήσει</span> <span class='ocrx_word' id='word_1_495' title='bbox 1216 1596 1399 1632; x_wconf 83' lang='grc' dir='ltr'>γεγραμμένα</span> <span class='ocrx_word' id='word_1_496' title='bbox 1422 1595 1487 1631; x_wconf 81' lang='grc' dir='ltr'>περὶ</span> <span class='ocrx_word' id='word_1_497' title='bbox 1509 1594 1577 1621; x_wconf 77' lang='grc' dir='ltr'>Θεοῦ</span> <span class='ocrx_word' id='word_1_498' title='bbox 1601 1595 1648 1622; x_wconf 74' lang='grc' dir='ltr'>καὶ</span> <span class='ocrx_word' id='word_1_499' title='bbox 1672 1594 1726 1620; x_wconf 84' lang='grc' dir='ltr'><strong>τῶν</strong></span> <span class='ocrx_word' id='word_1_500' title='bbox 1744 1593 1792 1620; x_wconf 81' lang='grc' dir='ltr'>τοῦ</span> <span class='ocrx_word' id='word_1_501' title='bbox 1816 1592 1886 1620; x_wconf 80' lang='grc' dir='ltr'>Θεοῦ</span> 
     </span>
    </p>
   </div>
   <div class='ocr_carea' id='block_1_72' title="bbox 1089 1639 1885 1678">
    <p class='ocr_par' dir='ltr' id='par_1_72' title="bbox 1089 1639 1885 1678">
     <span class='ocr_line' id='line_1_72' title="bbox 1089 1639 1885 1678; baseline -0.005 -9"><span class='ocrx_word' id='word_1_502' title='bbox 1089 1643 1278 1678; x_wconf 78' lang='grc' dir='ltr'>θεραπόντων,</span> <span class='ocrx_word' id='word_1_503' title='bbox 1298 1641 1336 1672; x_wconf 85' lang='grc' dir='ltr'>ὡς</span> <span class='ocrx_word' id='word_1_504' title='bbox 1353 1641 1511 1676; x_wconf 80' lang='grc' dir='ltr'>γέγραπται</span> <span class='ocrx_word' id='word_1_505' title='bbox 1525 1641 1573 1667; x_wconf 72' lang='grc' dir='ltr'><strong>καὶ</strong></span> <span class='ocrx_word' id='word_1_506' title='bbox 1586 1640 1651 1675; x_wconf 74' lang='grc' dir='ltr'>περὶ</span> <span class='ocrx_word' id='word_1_507' title='bbox 1666 1639 1714 1666; x_wconf 74' lang='grc' dir='ltr'><strong>τοῦ</strong></span> <span class='ocrx_word' id='word_1_508' title='bbox 1729 1639 1885 1670; x_wconf 77' lang='grc' dir='ltr'>Μωῡσέως’</span> 
     </span>
    </p>
   </div>
   <div class='ocr_carea' id='block_1_73' title="bbox 1092 1683 1886 1722">
    <p class='ocr_par' dir='ltr' id='par_1_73' title="bbox 1092 1683 1886 1722">
     <span class='ocr_line' id='line_1_73' title="bbox 1092 1683 1886 1722; baseline -0.006 -8"><span class='ocrx_word' id='word_1_509' title='bbox 1092 1698 1100 1713; x_wconf 86' lang='lat'><strong>1</strong></span> <span class='ocrx_word' id='word_1_510' title='bbox 1119 1688 1174 1714; x_wconf 73' lang='grc' dir='ltr'>Καὶ</span> <span class='ocrx_word' id='word_1_511' title='bbox 1198 1686 1338 1722; x_wconf 74' lang='grc' dir='ltr'>ὀργισθεὶς</span> <span class='ocrx_word' id='word_1_512' title='bbox 1363 1685 1442 1720; x_wconf 86' lang='grc' dir='ltr'>θυμῷ</span> <span class='ocrx_word' id='word_1_513' title='bbox 1462 1685 1584 1720; x_wconf 78' lang='grc' dir='ltr'><strong>Μωῦσῆς</strong></span> <span class='ocrx_word' id='word_1_514' title='bbox 1608 1685 1721 1720; x_wconf 66' lang='grc' dir='ltr'>ἔρριψεν</span> <span class='ocrx_word' id='word_1_515' title='bbox 1749 1683 1804 1710; x_wconf 75' lang='grc' dir='ltr'><strong>ἀπὸ</strong></span> <span class='ocrx_word' id='word_1_516' title='bbox 1829 1683 1886 1710; x_wconf 80' lang='grc' dir='ltr'><strong>τῶν</strong></span> 
     </span>
    </p>
   </div>
   <div class='ocr_carea' id='block_1_74' title="bbox 1089 1728 1886 1767">
    <p class='ocr_par' dir='ltr' id='par_1_74' title="bbox 1089 1728 1886 1767">
     <span class='ocr_line' id='line_1_74' title="bbox 1089 1728 1886 1767; baseline -0.004 -9"><span class='ocrx_word' id='word_1_517' title='bbox 1089 1731 1188 1767; x_wconf 80' lang='grc' dir='ltr'>χειρῶν</span> <span class='ocrx_word' id='word_1_518' title='bbox 1202 1731 1285 1758; x_wconf 79' lang='grc' dir='ltr'>αὐτοῦ</span> <span class='ocrx_word' id='word_1_519' title='bbox 1301 1730 1350 1762; x_wconf 79' lang='grc' dir='ltr'>τὰς</span> <span class='ocrx_word' id='word_1_520' title='bbox 1361 1730 1408 1757; x_wconf 85' lang='grc' dir='ltr'><strong>δύο</strong></span> <span class='ocrx_word' id='word_1_521' title='bbox 1423 1730 1544 1762; x_wconf 85' lang='grc' dir='ltr'>πλάκας,</span> <span class='ocrx_word' id='word_1_522' title='bbox 1554 1730 1601 1756; x_wconf 73' lang='grc' dir='ltr'><strong>καὶ</strong></span> <span class='ocrx_word' id='word_1_523' title='bbox 1617 1729 1782 1765; x_wconf 77' lang='grc' dir='ltr'>συνέτριψεν</span> <span class='ocrx_word' id='word_1_524' title='bbox 1797 1728 1886 1760; x_wconf 80' lang='grc' dir='ltr'>αὑτάς</span> 
     </span>
    </p>
   </div>
   <div class='ocr_carea' id='block_1_75' title="bbox 1089 1774 1886 1813">
    <p class='ocr_par' dir='ltr' id='par_1_75' title="bbox 1089 1774 1886 1813">
     <span class='ocr_line' id='line_1_75' title="bbox 1089 1774 1886 1813; baseline -0.006 -8"><span class='ocrx_word' id='word_1_525' title='bbox 1089 1780 1128 1810; x_wconf 80' lang='grc' dir='ltr'><strong>είς</strong></span> <span class='ocrx_word' id='word_1_526' title='bbox 1149 1778 1179 1805; x_wconf 80' lang='grc' dir='ltr'>τὸ</span> <span class='ocrx_word' id='word_1_527' title='bbox 1196 1778 1271 1813; x_wconf 72' lang='grc' dir='ltr'>ὅρος.</span> <span class='ocrx_word' id='word_1_528' title='bbox 1291 1787 1301 1803; x_wconf 69' lang='grc' dir='ltr'><strong>ι</strong></span> <span class='ocrx_word' id='word_1_529' title='bbox 1317 1775 1470 1812; x_wconf 78' lang='grc' dir='ltr'>Τοιγαροῦν</span> <span class='ocrx_word' id='word_1_530' title='bbox 1492 1775 1675 1811; x_wconf 71' lang='grc' dir='ltr'>αἱρετώτερος</span> <span class='ocrx_word' id='word_1_531' title='bbox 1700 1775 1817 1810; x_wconf 81' lang='grc' dir='ltr'>εὓρηται</span> <span class='ocrx_word' id='word_1_532' title='bbox 1837 1774 1886 1801; x_wconf 81' lang='grc' dir='ltr'>καὶ</span> 
     </span>
    </p>
   </div>
   <div class='ocr_carea' id='block_1_76' title="bbox 1089 1821 1887 1859">
    <p class='ocr_par' dir='ltr' id='par_1_76' title="bbox 1089 1821 1887 1859">
     <span class='ocr_line' id='line_1_76' title="bbox 1089 1821 1887 1859; baseline -0.006 -8"><span class='ocrx_word' id='word_1_533' title='bbox 1089 1824 1308 1859; x_wconf 78' lang='grc' dir='ltr'>λυσιτελέστερος</span> <span class='ocrx_word' id='word_1_534' title='bbox 1322 1823 1359 1854; x_wconf 85' lang='grc' dir='ltr'>ὼς</span> <span class='ocrx_word' id='word_1_535' title='bbox 1376 1822 1479 1857; x_wconf 75' lang='grc' dir='ltr'>ἀγαθὸς</span> <span class='ocrx_word' id='word_1_536' title='bbox 1492 1824 1506 1849; x_wconf 87' lang='grc' dir='ltr'>ὁ</span> <span class='ocrx_word' id='word_1_537' title='bbox 1524 1822 1673 1858; x_wconf 76' lang='grc' dir='ltr'>προσήκων</span> <span class='ocrx_word' id='word_1_538' title='bbox 1693 1821 1778 1857; x_wconf 69' lang='grc' dir='ltr'>θυμὸς</span> <span class='ocrx_word' id='word_1_539' title='bbox 1789 1821 1803 1847; x_wconf 82' lang='grc' dir='ltr'><strong>ό</strong></span> <span class='ocrx_word' id='word_1_540' title='bbox 1815 1821 1887 1847; x_wconf 74' lang='grc' dir='ltr'>κατὰ</span> 
     </span>
    </p>
   </div>
   <div class='ocr_carea' id='block_1_77' title="bbox 1090 1865 1885 1905">
    <p class='ocr_par' dir='ltr' id='par_1_77' title="bbox 1090 1865 1885 1905">
     <span class='ocr_line' id='line_1_77' title="bbox 1090 1865 1885 1905; baseline -0.005 -9"><span class='ocrx_word' id='word_1_541' title='bbox 1090 1872 1138 1905; x_wconf 75' lang='grc' dir='ltr'>τῆς</span> <span class='ocrx_word' id='word_1_542' title='bbox 1164 1869 1298 1905; x_wconf 80' lang='grc' dir='ltr'>πονηρίας</span> <span class='ocrx_word' id='word_1_543' title='bbox 1319 1868 1368 1896; x_wconf 68' lang='grc' dir='ltr'>καὶ</span> <span class='ocrx_word' id='word_1_544' title='bbox 1395 1869 1449 1895; x_wconf 86' lang='grc' dir='ltr'>τῶν</span> <span class='ocrx_word' id='word_1_545' title='bbox 1474 1867 1704 1903; x_wconf 78' lang='grc' dir='ltr'>πονηρευομὲνων</span> <span class='ocrx_word' id='word_1_546' title='bbox 1729 1865 1885 1902; x_wconf 85' lang='grc' dir='ltr'>ἀνθρώπων</span> 
     </span>
    </p>
   </div>
   <div class='ocr_carea' id='block_1_78' title="bbox 1091 1913 1886 1952">
    <p class='ocr_par' dir='ltr' id='par_1_78' title="bbox 1091 1913 1886 1952">
     <span class='ocr_line' id='line_1_78' title="bbox 1091 1913 1886 1952; baseline -0.006 -9"><span class='ocrx_word' id='word_1_547' title='bbox 1091 1917 1161 1952; x_wconf 77' lang='grc' dir='ltr'>ὑπὲρ</span> <span class='ocrx_word' id='word_1_548' title='bbox 1175 1917 1238 1948; x_wconf 82' lang='grc' dir='ltr'>τοὺς</span> <span class='ocrx_word' id='word_1_549' title='bbox 1261 1916 1384 1950; x_wconf 76' lang='grc' dir='ltr'>γέλωτας</span> <span class='ocrx_word' id='word_1_550' title='bbox 1398 1915 1452 1942; x_wconf 82' lang='grc' dir='ltr'><strong>τῶν</strong></span> <span class='ocrx_word' id='word_1_551' title='bbox 1470 1914 1624 1949; x_wconf 83' lang='grc' dir='ltr'>γελώντων,</span> <span class='ocrx_word' id='word_1_552' title='bbox 1641 1914 1724 1948; x_wconf 74' lang='grc' dir='ltr'>ἤγουν</span> <span class='ocrx_word' id='word_1_553' title='bbox 1744 1913 1815 1948; x_wconf 68' lang='grc' dir='ltr'>ὑπὲρ</span> <span class='ocrx_word' id='word_1_554' title='bbox 1836 1913 1886 1948; x_wconf 82' lang='grc' dir='ltr'>τὴν</span> 
     </span>
    </p>
   </div>
   <div class='ocr_carea' id='block_1_79' title="bbox 1092 1960 1886 1999">
    <p class='ocr_par' dir='ltr' id='par_1_79' title="bbox 1092 1960 1886 1999">
     <span class='ocr_line' id='line_1_79' title="bbox 1092 1960 1886 1999; baseline -0.008 -8"><span class='ocrx_word' id='word_1_555' title='bbox 1092 1964 1191 1999; x_wconf 79' lang='grc' dir='ltr'>ἀνοχὴν</span> <span class='ocrx_word' id='word_1_556' title='bbox 1216 1963 1264 1990; x_wconf 76' lang='grc' dir='ltr'><strong>καὶ</strong></span> <span class='ocrx_word' id='word_1_557' title='bbox 1287 1961 1502 1998; x_wconf 78' lang='grc' dir='ltr'>παρασιώπησιν</span> <span class='ocrx_word' id='word_1_558' title='bbox 1519 1961 1566 1988; x_wconf 81' lang='grc' dir='ltr'><strong>καὶ</strong></span> <span class='ocrx_word' id='word_1_559' title='bbox 1588 1960 1637 1996; x_wconf 85' lang='grc' dir='ltr'>τὴν</span> <span class='ocrx_word' id='word_1_560' title='bbox 1662 1960 1700 1996; x_wconf 78' lang='grc' dir='ltr'><strong>μὴ</strong></span> <span class='ocrx_word' id='word_1_561' title='bbox 1725 1960 1886 1995; x_wconf 78' lang='grc' dir='ltr'>πρέπουσαν</span> 
     </span>
    </p>
   </div>
   <div class='ocr_carea' id='block_1_80' title="bbox 1095 2011 1297 2046">
    <p class='ocr_par' dir='ltr' id='par_1_80' title="bbox 1095 2011 1297 2046">
     <span class='ocr_line' id='line_1_80' title="bbox 1095 2011 1297 2046; baseline -0.005 -8"><span class='ocrx_word' id='word_1_562' title='bbox 1095 2011 1297 2046; x_wconf 81' lang='grc' dir='ltr'>μακροθυμίαν.</span> 
     </span>
    </p>
   </div>
   <div class='ocr_carea' id='block_1_81' title="bbox 1129 2053 1886 2091">
    <p class='ocr_par' dir='ltr' id='par_1_81' title="bbox 1129 2053 1886 2091">
     <span class='ocr_line' id='line_1_81' title="bbox 1129 2053 1886 2091; baseline -0.004 -8"><span class='ocrx_word' id='word_1_563' title='bbox 1129 2057 1161 2083; x_wconf 78' lang='grc' dir='ltr'>Τί</span> <span class='ocrx_word' id='word_1_564' title='bbox 1179 2056 1295 2091; x_wconf 82' lang='grc' dir='ltr'>δήποτε;</span> <span class='ocrx_word' id='word_1_565' title='bbox 1313 2066 1321 2082; x_wconf 93' lang='lat'><strong>1</strong></span> <span class='ocrx_word' id='word_1_566' title='bbox 1340 2056 1410 2088; x_wconf 84' lang='grc' dir='ltr'>Ὀτι,</span> <span class='ocrx_word' id='word_1_567' title='bbox 1424 2064 1434 2081; x_wconf 67' lang='grc' dir='ltr'>θ</span> <span class='ocrx_word' id='word_1_568' title='bbox 1450 2054 1534 2090; x_wconf 74' lang='grc' dir='ltr'>φησὶ,</span> <span class='ocrx_word' id='word_1_569' title='bbox 1554 2064 1562 2080; x_wconf 96' lang='lat'><strong>1</strong></span> <span class='ocrx_word' id='word_1_570' title='bbox 1577 2053 1630 2091; x_wconf 70' lang='grc' dir='ltr'><strong>[ἐν]</strong></span> <span class='ocrx_word' id='word_1_571' title='bbox 1642 2053 1726 2089; x_wconf 79' lang='grc' dir='ltr'>κακίᾳ</span> <span class='ocrx_word' id='word_1_572' title='bbox 1738 2053 1886 2089; x_wconf 76' lang='grc' dir='ltr'>προσώπου</span> 
     </span>
    </p>
   </div>
   <div class='ocr_carea' id='block_1_82' title="bbox 251 2098 1037 2142">
    <p class='ocr_par' dir='ltr' id='par_1_82' title="bbox 251 2102 1037 2129">
     <span class='ocr_line' id='line_1_82' title="bbox 251 2102 1037 2129; baseline -0.003 0"><span class='ocrx_word' id='word_1_573' title='bbox 251 2108 297 2129; x_wconf 89' lang='lat' dir='ltr'><strong>tus</strong></span> <span class='ocrx_word' id='word_1_574' title='bbox 322 2103 366 2129; x_wconf 87' lang='lat' dir='ltr'><strong>fiet</strong></span> <span class='ocrx_word' id='word_1_575' title='bbox 393 2104 494 2129; x_wconf 84' lang='lat' dir='ltr'><strong>homtm</strong></span> <span class='ocrx_word' id='word_1_576' title='bbox 517 2110 575 2129; x_wconf 87' lang='lat' dir='ltr'><strong>cor.</strong></span> <span class='ocrx_word' id='word_1_577' title='bbox 596 2113 605 2128; x_wconf 71' lang='grc' dir='ltr'><strong>ι</strong></span> <span class='ocrx_word' id='word_1_578' title='bbox 633 2102 764 2128; x_wconf 81' lang='lat' dir='ltr'><strong>Severum</strong></span> <span class='ocrx_word' id='word_1_579' title='bbox 788 2102 892 2129; x_wconf 72' lang='lat' dir='ltr'><strong>scilicet</strong></span> <span class='ocrx_word' id='word_1_580' title='bbox 916 2102 1037 2128; x_wconf 89' lang='lat' dir='ltr'><strong>obtutum</strong></span> 
     </span>
    </p>
   </div>
   <div class='ocr_carea' id='block_1_83' title="bbox 1089 2098 1889 2142">
    <p class='ocr_par' dir='ltr' id='par_1_83' title="bbox 1094 2098 1889 2138">
     <span class='ocr_line' id='line_1_83' title="bbox 1094 2098 1889 2138; baseline -0.006 -8"><span class='ocrx_word' id='word_1_581' title='bbox 1094 2102 1314 2138; x_wconf 86' lang='grc' dir='ltr'>ὰγαθυνθήσεται</span> <span class='ocrx_word' id='word_1_582' title='bbox 1340 2101 1449 2136; x_wconf 83' lang='grc' dir='ltr'>καρδία.</span> <span class='ocrx_word' id='word_1_583' title='bbox 1466 2110 1475 2126; x_wconf 78' lang='grc' dir='ltr'><strong>ι</strong></span> <span class='ocrx_word' id='word_1_584' title='bbox 1510 2099 1566 2135; x_wconf 81' lang='grc' dir='ltr'><strong>Τὴν</strong></span> <span class='ocrx_word' id='word_1_585' title='bbox 1592 2099 1646 2135; x_wconf 81' lang='grc' dir='ltr'>γὰρ</span> <span class='ocrx_word' id='word_1_586' title='bbox 1673 2099 1815 2135; x_wconf 67' lang='grc' dir='ltr'>αὐστηρὰν</span> <span class='ocrx_word' id='word_1_587' title='bbox 1839 2098 1889 2126; x_wconf 80' lang='grc' dir='ltr'>καὶ</span> 
     </span>
    </p>
   </div>
   <div class='ocr_carea' id='block_1_84' title="bbox 252 2145 1039 2182">
    <p class='ocr_par' dir='ltr' id='par_1_84' title="bbox 252 2145 1039 2182">
     <span class='ocr_line' id='line_1_84' title="bbox 252 2145 1039 2182; baseline -0.003 -8"><span class='ocrx_word' id='word_1_588' title='bbox 252 2152 280 2174; x_wconf 88' lang='lat' dir='ltr'><strong>et</strong></span> <span class='ocrx_word' id='word_1_589' title='bbox 295 2147 519 2174; x_wconf 80' lang='lat' dir='ltr'><strong>truculentiorem</strong></span> <span class='ocrx_word' id='word_1_590' title='bbox 535 2152 674 2182; x_wconf 74' lang='lat' dir='ltr'><strong>aspectum</strong></span> <span class='ocrx_word' id='word_1_591' title='bbox 690 2147 834 2182; x_wconf 76' lang='lat' dir='ltr'><strong>appellavit</strong></span> <span class='ocrx_word' id='word_1_592' title='bbox 847 2146 956 2173; x_wconf 86' lang='lat' dir='ltr'><strong>malum.</strong></span> <span class='ocrx_word' id='word_1_593' title='bbox 973 2145 994 2172; x_wconf 84' lang='grc' dir='ltr'><strong>Ν</strong></span> <span class='ocrx_word' id='word_1_594' title='bbox 1006 2154 1039 2172; x_wconf 75' lang='lat' dir='ltr'><strong>tm</strong></span> 
     </span>
    </p>
   </div>
   <div class='ocr_carea' id='block_1_85' title="bbox 253 2192 1032 2228">
    <p class='ocr_par' dir='ltr' id='par_1_85' title="bbox 253 2192 1032 2228">
     <span class='ocr_line' id='line_1_85' title="bbox 253 2192 1032 2228; baseline -0.003 -8"><span class='ocrx_word' id='word_1_595' title='bbox 253 2198 280 2220; x_wconf 88' lang='lat' dir='ltr'><strong>et</strong></span> <span class='ocrx_word' id='word_1_596' title='bbox 297 2193 341 2228; x_wconf 86' lang='lat' dir='ltr'><strong>qui</strong></span> <span class='ocrx_word' id='word_1_597' title='bbox 359 2194 385 2219; x_wconf 90' lang='lat' dir='ltr'><strong>in</strong></span> <span class='ocrx_word' id='word_1_598' title='bbox 408 2193 472 2220; x_wconf 90' lang='lat' dir='ltr'><strong>ludo</strong></span> <span class='ocrx_word' id='word_1_599' title='bbox 491 2193 610 2225; x_wconf 81' lang='lat' dir='ltr'><strong>discunt.</strong></span> <span class='ocrx_word' id='word_1_600' title='bbox 635 2193 656 2220; x_wconf 93' lang='lat' dir='ltr'><strong>si</strong></span> <span class='ocrx_word' id='word_1_601' title='bbox 676 2200 784 2227; x_wconf 85' lang='lat' dir='ltr'><strong>semper</strong></span> <span class='ocrx_word' id='word_1_602' title='bbox 801 2192 936 2227; x_wconf 84' lang='lat' dir='ltr'><strong>placidum</strong></span> <span class='ocrx_word' id='word_1_603' title='bbox 961 2192 1032 2226; x_wconf 79' lang='lat' dir='ltr'><strong>magi</strong></span> 
     </span>
    </p>
   </div>
   <div class='ocr_carea' id='block_1_86' title="bbox 254 2239 1044 2274">
    <p class='ocr_par' dir='ltr' id='par_1_86' title="bbox 254 2239 1044 2274">
     <span class='ocr_line' id='line_1_86' title="bbox 254 2239 1044 2274; baseline -0.003 -8"><span class='ocrx_word' id='word_1_604' title='bbox 254 2244 374 2267; x_wconf 83' lang='lat' dir='ltr'><strong>strm&#39;um</strong></span> <span class='ocrx_word' id='word_1_605' title='bbox 392 2240 498 2266; x_wconf 79' lang='lat' dir='ltr'><strong>vultum</strong></span> <span class='ocrx_word' id='word_1_606' title='bbox 519 2240 665 2274; x_wconf 81' lang='lat' dir='ltr'><strong>aspiciant,</strong></span> <span class='ocrx_word' id='word_1_607' title='bbox 689 2239 715 2266; x_wconf 91' lang='lat' dir='ltr'><strong>in</strong></span> <span class='ocrx_word' id='word_1_608' title='bbox 739 2239 882 2273; x_wconf 69' lang='lat' dir='ltr'><strong>pra‘ceptis</strong></span> <span class='ocrx_word' id='word_1_609' title='bbox 901 2239 1044 2265; x_wconf 85' lang='lat' dir='ltr'><strong>addiscen-</strong></span> 
     </span>
    </p>
   </div>
   <div class='ocr_carea' id='block_1_87' title="bbox 253 2283 1045 2321">
    <p class='ocr_par' dir='ltr' id='par_1_87' title="bbox 253 2283 1045 2321">
     <span class='ocr_line' id='line_1_87' title="bbox 253 2283 1045 2321; baseline -0.004 -8"><span class='ocrx_word' id='word_1_610' title='bbox 253 2286 295 2313; x_wconf 91' lang='lat' dir='ltr'><strong>dis</strong></span> <span class='ocrx_word' id='word_1_611' title='bbox 308 2286 488 2321; x_wconf 71' lang='lat' dir='ltr'><strong>negligentius</strong></span> <span class='ocrx_word' id='word_1_612' title='bbox 510 2293 539 2312; x_wconf 86' lang='lat' dir='ltr'><strong>se</strong></span> <span class='ocrx_word' id='word_1_613' title='bbox 553 2289 660 2320; x_wconf 78' lang='lat' dir='ltr'><strong>gerunt,</strong></span> <span class='ocrx_word' id='word_1_614' title='bbox 684 2292 734 2312; x_wconf 88' lang='lat' dir='ltr'><strong>nec</strong></span> <span class='ocrx_word' id='word_1_615' title='bbox 751 2285 783 2311; x_wconf 88' lang='lat' dir='ltr'><strong>de</strong></span> <span class='ocrx_word' id='word_1_616' title='bbox 799 2292 882 2319; x_wconf 81' lang='lat' dir='ltr'><strong>penso</strong></span> <span class='ocrx_word' id='word_1_617' title='bbox 902 2292 951 2311; x_wconf 91' lang='lat' dir='ltr'><strong>suo</strong></span> <span class='ocrx_word' id='word_1_618' title='bbox 967 2283 1045 2318; x_wconf 89' lang='lat' dir='ltr'><strong>quid-</strong></span> 
     </span>
    </p>
   </div>
   <div class='ocr_carea' id='block_1_88' title="bbox 254 2330 1044 2367">
    <p class='ocr_par' dir='ltr' id='par_1_88' title="bbox 254 2330 1044 2367">
     <span class='ocr_line' id='line_1_88' title="bbox 254 2330 1044 2367; baseline -0.003 -9"><span class='ocrx_word' id='word_1_619' title='bbox 254 2340 336 2367; x_wconf 85' lang='lat' dir='ltr'><strong>quam</strong></span> <span class='ocrx_word' id='word_1_620' title='bbox 361 2339 394 2359; x_wconf 87' lang='lat' dir='ltr'><strong>ac</strong></span> <span class='ocrx_word' id='word_1_621' title='bbox 417 2331 562 2366; x_wconf 71' lang='lat' dir='ltr'><strong>prtecipttis</strong></span> <span class='ocrx_word' id='word_1_622' title='bbox 586 2330 832 2358; x_wconf 80' lang='lat' dir='ltr'><strong>exercitationibus</strong></span> <span class='ocrx_word' id='word_1_623' title='bbox 856 2330 991 2356; x_wconf 85' lang='lat' dir='ltr'><strong>laborant.</strong></span> <span class='ocrx_word' id='word_1_624' title='bbox 1009 2330 1044 2356; x_wconf 84' lang='lat' dir='ltr'><strong>At</strong></span> 
     </span>
    </p>
   </div>
   <div class='ocr_carea' id='block_1_89' title="bbox 253 2376 1044 2412">
    <p class='ocr_par' dir='ltr' id='par_1_89' title="bbox 253 2376 1044 2412">
     <span class='ocr_line' id='line_1_89' title="bbox 253 2376 1044 2412; baseline -0.005 -6"><span class='ocrx_word' id='word_1_625' title='bbox 253 2387 316 2406; x_wconf 88' lang='lat' dir='ltr'><strong>cum</strong></span> <span class='ocrx_word' id='word_1_626' title='bbox 333 2379 510 2405; x_wconf 86' lang='lat' dir='ltr'><strong>acerbitatem</strong></span> <span class='ocrx_word' id='word_1_627' title='bbox 527 2377 739 2412; x_wconf 80' lang='lat' dir='ltr'><strong>torvitatemque</strong></span> <span class='ocrx_word' id='word_1_628' title='bbox 761 2377 853 2403; x_wconf 85' lang='lat' dir='ltr'><strong>vultus</strong></span> <span class='ocrx_word' id='word_1_629' title='bbox 879 2376 969 2403; x_wconf 89' lang='lat' dir='ltr'><strong>intuiti</strong></span> <span class='ocrx_word' id='word_1_630' title='bbox 985 2376 1044 2402; x_wconf 86' lang='lat' dir='ltr'><strong>fue-</strong></span> 
     </span>
    </p>
   </div>
   <div class='ocr_carea' id='block_1_90' title="bbox 254 2422 1043 2457">
    <p class='ocr_par' dir='ltr' id='par_1_90' title="bbox 254 2422 1043 2457">
     <span class='ocr_line' id='line_1_90' title="bbox 254 2422 1043 2457; baseline -0.005 -5"><span class='ocrx_word' id='word_1_631' title='bbox 254 2425 321 2457; x_wconf 88' lang='lat' dir='ltr'><strong>rint,</strong></span> <span class='ocrx_word' id='word_1_632' title='bbox 335 2432 453 2452; x_wconf 80' lang='lat' dir='ltr'><strong>excussa</strong></span> <span class='ocrx_word' id='word_1_633' title='bbox 471 2423 579 2450; x_wconf 78' lang='lat' dir='ltr'><strong>remissi</strong></span> <span class='ocrx_word' id='word_1_634' title='bbox 595 2422 679 2449; x_wconf 87' lang='lat' dir='ltr'><strong>animi</strong></span> <span class='ocrx_word' id='word_1_635' title='bbox 697 2430 729 2449; x_wconf 83' lang='lat' dir='ltr'><strong>ac</strong></span> <span class='ocrx_word' id='word_1_636' title='bbox 743 2422 904 2457; x_wconf 77' lang='lat' dir='ltr'><strong>negligentis</strong></span> <span class='ocrx_word' id='word_1_637' title='bbox 919 2422 1043 2456; x_wconf 78' lang='lat' dir='ltr'><strong>segnitie,</strong></span> 
     </span>
    </p>
   </div>
   <div class='ocr_carea' id='block_1_91' title="bbox 225 2468 1047 2503">
    <p class='ocr_par' dir='ltr' id='par_1_91' title="bbox 225 2468 1047 2503">
     <span class='ocr_line' id='line_1_91' title="bbox 225 2468 1047 2503; baseline -0.004 -6"><span class='ocrx_word' id='word_1_638' title='bbox 225 2468 235 2477; x_wconf 80' lang='grc'>¹</span> <span class='ocrx_word' id='word_1_639' title='bbox 254 2471 288 2497; x_wconf 84' lang='lat' dir='ltr'><strong>ad</strong></span> <span class='ocrx_word' id='word_1_640' title='bbox 304 2478 335 2496; x_wconf 81' lang='lat' dir='ltr'><strong>ea</strong></span> <span class='ocrx_word' id='word_1_641' title='bbox 358 2470 480 2497; x_wconf 83' lang='lat' dir='ltr'><strong>studiose</strong></span> <span class='ocrx_word' id='word_1_642' title='bbox 497 2469 652 2500; x_wconf 84' lang='lat' dir='ltr'><strong>rccolenda,</strong></span> <span class='ocrx_word' id='word_1_643' title='bbox 670 2477 731 2503; x_wconf 69' lang='lat' dir='ltr'><strong>qua:</strong></span> <span class='ocrx_word' id='word_1_644' title='bbox 753 2469 779 2495; x_wconf 94' lang='lat' dir='ltr'><strong>in</strong></span> <span class='ocrx_word' id='word_1_645' title='bbox 796 2468 988 2503; x_wconf 66' lang='lat' dir='ltr'><strong>magistrorum</strong></span> <span class='ocrx_word' id='word_1_646' title='bbox 1007 2468 1047 2494; x_wconf 92' lang='lat' dir='ltr'><strong>in-</strong></span> 
     </span>
    </p>
   </div>
   <div class='ocr_carea' id='block_1_92' title="bbox 255 2515 1045 2550">
    <p class='ocr_par' dir='ltr' id='par_1_92' title="bbox 255 2515 1045 2550">
     <span class='ocr_line' id='line_1_92' title="bbox 255 2515 1045 2550; baseline -0.004 -6"><span class='ocrx_word' id='word_1_647' title='bbox 255 2516 445 2544; x_wconf 85' lang='lat' dir='ltr'><strong>stitutionibus</strong></span> <span class='ocrx_word' id='word_1_648' title='bbox 468 2516 610 2550; x_wconf 79' lang='lat' dir='ltr'><strong>proposita</strong></span> <span class='ocrx_word' id='word_1_649' title='bbox 632 2515 743 2546; x_wconf 83' lang='lat' dir='ltr'><strong>habent,</strong></span> <span class='ocrx_word' id='word_1_650' title='bbox 763 2515 883 2541; x_wconf 81' lang='lat' dir='ltr'><strong>alacrius</strong></span> <span class='ocrx_word' id='word_1_651' title='bbox 905 2522 934 2542; x_wconf 86' lang='lat' dir='ltr'><strong>se</strong></span> <span class='ocrx_word' id='word_1_652' title='bbox 950 2516 1045 2542; x_wconf 83' lang='lat' dir='ltr'><strong>confe—</strong></span> 
     </span>
    </p>
   </div>
   <div class='ocr_carea' id='block_1_93' title="bbox 255 2561 1044 2596">
    <p class='ocr_par' dir='ltr' id='par_1_93' title="bbox 255 2561 1044 2596">
     <span class='ocr_line' id='line_1_93' title="bbox 255 2561 1044 2596; baseline -0.003 -6"><span class='ocrx_word' id='word_1_653' title='bbox 255 2568 338 2596; x_wconf 86' lang='lat' dir='ltr'><strong>runt;</strong></span> <span class='ocrx_word' id='word_1_654' title='bbox 360 2562 471 2596; x_wconf 87' lang='lat' dir='ltr'><strong>jamque</strong></span> <span class='ocrx_word' id='word_1_655' title='bbox 489 2562 583 2589; x_wconf 90' lang='lat' dir='ltr'><strong>animo</strong></span> <span class='ocrx_word' id='word_1_656' title='bbox 598 2570 612 2588; x_wconf 86' lang='lat' dir='ltr'><strong>a</strong></span> <span class='ocrx_word' id='word_1_657' title='bbox 632 2562 768 2596; x_wconf 81' lang='lat' dir='ltr'><strong>perversis</strong></span> <span class='ocrx_word' id='word_1_658' title='bbox 791 2561 889 2588; x_wconf 85' lang='lat' dir='ltr'><strong>studiis</strong></span> <span class='ocrx_word' id='word_1_659' title='bbox 907 2567 1044 2593; x_wconf 79' lang='lat' dir='ltr'><strong>revocato,</strong></span> 
     </span>
    </p>
   </div>
   <div class='ocr_carea' id='block_1_94' title="bbox 255 2607 1046 2641">
    <p class='ocr_par' dir='ltr' id='par_1_94' title="bbox 255 2607 1046 2641">
     <span class='ocr_line' id='line_1_94' title="bbox 255 2607 1046 2641; baseline -0.001 -6"><span class='ocrx_word' id='word_1_660' title='bbox 255 2609 355 2635; x_wconf 83' lang='lat' dir='ltr'><strong>bonam</strong></span> <span class='ocrx_word' id='word_1_661' title='bbox 385 2609 447 2634; x_wconf 68' lang='lat' dir='ltr'><strong>vita:</strong></span> <span class='ocrx_word' id='word_1_662' title='bbox 469 2609 603 2634; x_wconf 87' lang='lat' dir='ltr'><strong>rationem</strong></span> <span class='ocrx_word' id='word_1_663' title='bbox 630 2607 788 2641; x_wconf 71' lang='lat' dir='ltr'><strong>praeferunt,</strong></span> <span class='ocrx_word' id='word_1_664' title='bbox 814 2611 841 2633; x_wconf 91' lang='lat' dir='ltr'><strong>et</strong></span> <span class='ocrx_word' id='word_1_665' title='bbox 865 2615 955 2633; x_wconf 72' lang='lat' dir='ltr'><strong>mores</strong></span> <span class='ocrx_word' id='word_1_666' title='bbox 980 2615 1046 2634; x_wconf 82' lang='lat' dir='ltr'><strong>suos</strong></span> 
     </span>
    </p>
   </div>
   <div class='ocr_carea' id='block_1_95' title="bbox 254 2653 1046 2688">
    <p class='ocr_par' dir='ltr' id='par_1_95' title="bbox 254 2653 1046 2688">
     <span class='ocr_line' id='line_1_95' title="bbox 254 2653 1046 2688; baseline -0.001 -7"><span class='ocrx_word' id='word_1_667' title='bbox 254 2655 402 2682; x_wconf 85' lang='lat' dir='ltr'><strong>emendare</strong></span> <span class='ocrx_word' id='word_1_668' title='bbox 422 2654 548 2680; x_wconf 87' lang='lat' dir='ltr'><strong>nituntur</strong></span> <span class='ocrx_word' id='word_1_669' title='bbox 562 2654 629 2688; x_wconf 78' lang='lat'><strong>(57).</strong></span> <span class='ocrx_word' id='word_1_670' title='bbox 653 2653 708 2679; x_wconf 87' lang='lat' dir='ltr'><strong>lloc</strong></span> <span class='ocrx_word' id='word_1_671' title='bbox 731 2653 813 2687; x_wconf 81' lang='lat' dir='ltr'><strong>igitur</strong></span> <span class='ocrx_word' id='word_1_672' title='bbox 832 2656 883 2684; x_wconf 80' lang='lat' dir='ltr'><strong>est,</strong></span> <span class='ocrx_word' id='word_1_673' title='bbox 907 2653 979 2687; x_wconf 85' lang='lat' dir='ltr'><strong>quod</strong></span> <span class='ocrx_word' id='word_1_674' title='bbox 998 2653 1046 2680; x_wconf 80' lang='lat' dir='ltr'><strong>Ec-</strong></span> 
     </span>
    </p>
   </div>
   <div class='ocr_carea' id='block_1_96' title="bbox 291 2709 886 2742">
    <p class='ocr_par' dir='ltr' id='par_1_96' title="bbox 291 2709 886 2742">
     <span class='ocr_line' id='line_1_96' title="bbox 291 2709 886 2742; baseline -0.007 -3"><span class='ocrx_word' id='word_1_675' title='bbox 291 2713 314 2728; x_wconf 74' lang='lat'>&quot;</span> <span class='ocrx_word' id='word_1_676' title='bbox 335 2711 421 2739; x_wconf 78' lang='lat' dir='ltr'><strong>Exod.</strong></span> <span class='ocrx_word' id='word_1_677' title='bbox 444 2718 482 2742; x_wconf 82' lang='grc' dir='ltr'><strong>ιν,</strong></span> <span class='ocrx_word' id='word_1_678' title='bbox 500 2710 543 2738; x_wconf 76' lang='grc' dir='ltr'><strong>Η.</strong></span> <span class='ocrx_word' id='word_1_679' title='bbox 583 2710 605 2725; x_wconf 75' lang='grc'><strong>⁸⁸³</strong></span> <span class='ocrx_word' id='word_1_680' title='bbox 628 2709 714 2737; x_wconf 74' lang='lat' dir='ltr'><strong>Exod.</strong></span> <span class='ocrx_word' id='word_1_681' title='bbox 736 2717 824 2741; x_wconf 66' lang='grc' dir='ltr'>χχχιι,</span> <span class='ocrx_word' id='word_1_682' title='bbox 844 2709 886 2736; x_wconf 79' lang='lat' dir='ltr'><strong>l9.</strong></span> 
     </span>
    </p>
   </div>
   <div class='ocr_carea' id='block_1_97' title="bbox 294 2765 1043 2804">
    <p class='ocr_par' dir='ltr' id='par_1_97' title="bbox 294 2765 1043 2804">
     <span class='ocr_line' id='line_1_97' title="bbox 294 2765 1043 2804; baseline 0.001 -11"><span class='ocrx_word' id='word_1_683' title='bbox 294 2768 362 2804; x_wconf 61' lang='lat'><strong>(50‘)</strong></span> <span class='ocrx_word' id='word_1_684' title='bbox 382 2768 499 2795; x_wconf 81' lang='lat' dir='ltr'><strong>Zachar.</strong></span> <span class='ocrx_word' id='word_1_685' title='bbox 524 2776 550 2800; x_wconf 86' lang='grc' dir='ltr'><strong>ι,</strong></span> <span class='ocrx_word' id='word_1_686' title='bbox 569 2767 620 2804; x_wconf 35' lang='grc' dir='ltr'><strong>1Ξὶε</strong></span> <span class='ocrx_word' id='word_1_687' title='bbox 632 2766 684 2794; x_wconf 85' lang='lat' dir='ltr'><strong>Sed</strong></span> <span class='ocrx_word' id='word_1_688' title='bbox 707 2767 789 2804; x_wconf 40' lang='lat' dir='ltr'><strong>apud.</strong></span> <span class='ocrx_word' id='word_1_689' title='bbox 802 2765 871 2804; x_wconf 61' lang='lat' dir='ltr'><strong>LXX</strong></span> <span class='ocrx_word' id='word_1_690' title='bbox 883 2766 969 2804; x_wconf 58' lang='lat' dir='ltr'><strong>deges</strong></span> <span class='ocrx_word' id='word_1_691' title='bbox 981 2774 987 2791; x_wconf 87' lang='lat'><strong><em>:</em></strong></span> 
     </span>
    </p>
   </div>
   <div class='ocr_carea' id='block_1_98' title="bbox 259 2800 1046 2846">
    <p class='ocr_par' dir='ltr' id='par_1_98' title="bbox 259 2800 1046 2845">
     <span class='ocr_line' id='line_1_98' title="bbox 259 2800 1046 2845; baseline -0.001 -16"><span class='ocrx_word' id='word_1_692' title='bbox 259 2800 336 2845; x_wconf 53' lang='lat' dir='ltr'><strong>adio}</strong></span> <span class='ocrx_word' id='word_1_693' title='bbox 355 2800 386 2830; x_wconf 61' lang='grc' dir='ltr'><strong>’δὲ</strong></span> <span class='ocrx_word' id='word_1_694' title='bbox 402 2804 582 2830; x_wconf 76' lang='grc' dir='ltr'>συνεπέθεντο</span> <span class='ocrx_word' id='word_1_695' title='bbox 600 2803 639 2835; x_wconf 85' lang='grc' dir='ltr'>εἱς</span> <span class='ocrx_word' id='word_1_696' title='bbox 663 2802 746 2828; x_wconf 74' lang='grc' dir='ltr'>κακά.</span> <span class='ocrx_word' id='word_1_697' title='bbox 767 2800 823 2829; x_wconf 78' lang='lat' dir='ltr'><strong>Nec</strong></span> <span class='ocrx_word' id='word_1_698' title='bbox 847 2800 947 2829; x_wconf 77' lang='lat' dir='ltr'><strong>habent</strong></span> <span class='ocrx_word' id='word_1_699' title='bbox 978 2803 1046 2837; x_wconf 68' lang='grc' dir='ltr'>αὐτῇ</span> 
     </span>
    </p>
   </div>
   <div class='ocr_carea' id='block_1_99' title="bbox 260 2843 1045 2908">
    <p class='ocr_par' dir='ltr' id='par_1_99' title="bbox 260 2843 1045 2908">
     <span class='ocr_line' id='line_1_99' title="bbox 260 2843 1045 2908; baseline -0.003 -8"><span class='ocrx_word' id='word_1_700' title='bbox 260 2843 455 2908; x_wconf 52' lang='grc' dir='ltr'><strong>Μιέὅῖίῗίξίίυοίδ</strong></span> <span class='ocrx_word' id='word_1_701' title='bbox 464 2874 522 2903; x_wconf 74' lang='lat' dir='ltr'><strong>htec</strong></span> <span class='ocrx_word' id='word_1_702' title='bbox 533 2874 627 2903; x_wconf 79' lang='lat' dir='ltr'><strong>eadem</strong></span> <span class='ocrx_word' id='word_1_703' title='bbox 640 2871 988 2908; x_wconf 69' lang='lat' dir='ltr'><strong>expresseratOlympiodox</strong></span> <span class='ocrx_word' id='word_1_704' title='bbox 998 2881 1045 2900; x_wconf 85' lang='lat' dir='ltr'><strong>us:</strong></span> 
     </span>
    </p>
   </div>
   <div class='ocr_carea' id='block_1_100' title="bbox 1095 2145 1890 2186">
    <p class='ocr_par' dir='ltr' id='par_1_100' title="bbox 1095 2145 1890 2186">
     <span class='ocr_line' id='line_1_100' title="bbox 1095 2145 1890 2186; baseline -0.008 -10"><span class='ocrx_word' id='word_1_705' title='bbox 1095 2149 1302 2186; x_wconf 82' lang='grc' dir='ltr'>βλοσυρωτέραν</span> <span class='ocrx_word' id='word_1_706' title='bbox 1323 2148 1373 2183; x_wconf 82' lang='grc' dir='ltr'>τῆς</span> <span class='ocrx_word' id='word_1_707' title='bbox 1400 2147 1488 2181; x_wconf 68' lang='grc' dir='ltr'>ὅψεως</span> <span class='ocrx_word' id='word_1_708' title='bbox 1511 2145 1672 2181; x_wconf 75' lang='grc' dir='ltr'>ἐπιφάνειαν</span> <span class='ocrx_word' id='word_1_709' title='bbox 1693 2146 1805 2173; x_wconf 80' lang='grc' dir='ltr'>κακίαν</span> <span class='ocrx_word' id='word_1_710' title='bbox 1821 2145 1890 2171; x_wconf 70' lang='grc' dir='ltr'><strong>ὠνό-</strong></span> 
     </span>
    </p>
   </div>
   <div class='ocr_carea' id='block_1_101' title="bbox 1095 2191 1890 2232">
    <p class='ocr_par' dir='ltr' id='par_1_101' title="bbox 1095 2191 1890 2232">
     <span class='ocr_line' id='line_1_101' title="bbox 1095 2191 1890 2232; baseline -0.008 -9"><span class='ocrx_word' id='word_1_711' title='bbox 1095 2204 1176 2232; x_wconf 88' lang='grc' dir='ltr'>μασε.</span> <span class='ocrx_word' id='word_1_712' title='bbox 1185 2195 1245 2222; x_wconf 82' lang='grc' dir='ltr'>Τῶν</span> <span class='ocrx_word' id='word_1_713' title='bbox 1258 2194 1312 2229; x_wconf 75' lang='grc' dir='ltr'><strong>γὰρ</strong></span> <span class='ocrx_word' id='word_1_714' title='bbox 1326 2193 1497 2220; x_wconf 76' lang='grc' dir='ltr'>διδασκάλων</span> <span class='ocrx_word' id='word_1_715' title='bbox 1510 2193 1534 2219; x_wconf 90' lang='grc' dir='ltr'>οι</span> <span class='ocrx_word' id='word_1_716' title='bbox 1550 2191 1770 2227; x_wconf 79' lang='grc' dir='ltr'>μαθητευὸμενοι</span> <span class='ocrx_word' id='word_1_717' title='bbox 1781 2191 1833 2226; x_wconf 80' lang='grc' dir='ltr'><strong>τὴν</strong></span> <span class='ocrx_word' id='word_1_718' title='bbox 1844 2191 1890 2217; x_wconf 81' lang='grc' dir='ltr'><strong>εὗ-</strong></span> 
     </span>
    </p>
   </div>
   <div class='ocr_carea' id='block_1_102' title="bbox 1095 2236 1889 2277">
    <p class='ocr_par' dir='ltr' id='par_1_102' title="bbox 1095 2236 1889 2277">
     <span class='ocr_line' id='line_1_102' title="bbox 1095 2236 1889 2277; baseline -0.008 -9"><span class='ocrx_word' id='word_1_719' title='bbox 1095 2241 1206 2277; x_wconf 81' lang='grc' dir='ltr'>μένειαν</span> <span class='ocrx_word' id='word_1_720' title='bbox 1229 2240 1273 2266; x_wconf 72' lang='grc' dir='ltr'><strong>ἀεὶ</strong></span> <span class='ocrx_word' id='word_1_721' title='bbox 1294 2239 1486 2273; x_wconf 74' lang='grc' dir='ltr'>καθορῶντες,</span> <span class='ocrx_word' id='word_1_722' title='bbox 1508 2237 1812 2273; x_wconf 69' lang='grc' dir='ltr'>καταφρονητικύτερον</span> <span class='ocrx_word' id='word_1_723' title='bbox 1829 2236 1889 2262; x_wconf 87' lang='grc' dir='ltr'>δια-</span> 
     </span>
    </p>
   </div>
   <div class='ocr_carea' id='block_1_103' title="bbox 1093 2281 1890 2321">
    <p class='ocr_par' dir='ltr' id='par_1_103' title="bbox 1093 2281 1890 2321">
     <span class='ocr_line' id='line_1_103' title="bbox 1093 2281 1890 2321; baseline -0.008 -7"><span class='ocrx_word' id='word_1_724' title='bbox 1093 2287 1212 2314; x_wconf 77' lang='grc' dir='ltr'>τίθενται</span> <span class='ocrx_word' id='word_1_725' title='bbox 1235 2286 1302 2321; x_wconf 71' lang='grc' dir='ltr'>πρὺς</span> <span class='ocrx_word' id='word_1_726' title='bbox 1323 2285 1372 2316; x_wconf 79' lang='grc' dir='ltr'>τὰς</span> <span class='ocrx_word' id='word_1_727' title='bbox 1391 2284 1539 2319; x_wconf 72' lang='grc' dir='ltr'>ἀναλήψεις</span> <span class='ocrx_word' id='word_1_728' title='bbox 1557 2284 1612 2310; x_wconf 87' lang='grc' dir='ltr'>τῶν</span> <span class='ocrx_word' id='word_1_729' title='bbox 1636 2282 1820 2318; x_wconf 83' lang='grc' dir='ltr'>μαθημάτων,</span> <span class='ocrx_word' id='word_1_730' title='bbox 1841 2281 1890 2309; x_wconf 76' lang='grc' dir='ltr'>καὶ</span> 
     </span>
    </p>
   </div>
   <div class='ocr_carea' id='block_1_104' title="bbox 1093 2327 1890 2367">
    <p class='ocr_par' dir='ltr' id='par_1_104' title="bbox 1093 2327 1890 2367">
     <span class='ocr_line' id='line_1_104' title="bbox 1093 2327 1890 2367; baseline -0.006 -9"><span class='ocrx_word' id='word_1_731' title='bbox 1093 2333 1147 2359; x_wconf 84' lang='grc' dir='ltr'>τῶν</span> <span class='ocrx_word' id='word_1_732' title='bbox 1162 2331 1307 2367; x_wconf 78' lang='grc' dir='ltr'>βελτίστων</span> <span class='ocrx_word' id='word_1_733' title='bbox 1322 2330 1469 2365; x_wconf 75' lang='grc' dir='ltr'>διατριϐῶν</span> <span class='ocrx_word' id='word_1_734' title='bbox 1491 2329 1540 2356; x_wconf 73' lang='grc' dir='ltr'><strong>καὶ</strong></span> <span class='ocrx_word' id='word_1_735' title='bbox 1554 2328 1683 2364; x_wconf 75' lang='grc' dir='ltr'>πράξεων</span> <span class='ocrx_word' id='word_1_736' title='bbox 1701 2329 1751 2360; x_wconf 76' lang='grc' dir='ltr'>τὰς</span> <span class='ocrx_word' id='word_1_737' title='bbox 1766 2327 1890 2364; x_wconf 82' lang='grc' dir='ltr'>αἱρέσεις</span> 
     </span>
    </p>
   </div>
   <div class='ocr_carea' id='block_1_105' title="bbox 1095 2374 1890 2410">
    <p class='ocr_par' dir='ltr' id='par_1_105' title="bbox 1095 2374 1890 2410">
     <span class='ocr_line' id='line_1_105' title="bbox 1095 2374 1890 2410; baseline -0.006 -6"><span class='ocrx_word' id='word_1_738' title='bbox 1095 2377 1142 2405; x_wconf 74' lang='grc' dir='ltr'><strong>καὶ</strong></span> <span class='ocrx_word' id='word_1_739' title='bbox 1167 2377 1320 2408; x_wconf 78' lang='grc' dir='ltr'>διαθέσεις’</span> <span class='ocrx_word' id='word_1_740' title='bbox 1349 2376 1414 2402; x_wconf 84' lang='grc' dir='ltr'>ὃταν</span> <span class='ocrx_word' id='word_1_741' title='bbox 1437 2375 1466 2401; x_wconf 77' lang='grc' dir='ltr'>δὲ</span> <span class='ocrx_word' id='word_1_742' title='bbox 1489 2375 1606 2410; x_wconf 81' lang='grc' dir='ltr'>πικρίαν</span> <span class='ocrx_word' id='word_1_743' title='bbox 1630 2374 1678 2402; x_wconf 80' lang='grc' dir='ltr'><strong>καὶ</strong></span> <span class='ocrx_word' id='word_1_744' title='bbox 1703 2374 1890 2410; x_wconf 78' lang='grc' dir='ltr'>βλοσυρότητα</span> 
     </span>
    </p>
   </div>
   <div class='ocr_carea' id='block_1_106' title="bbox 1096 2421 1891 2460">
    <p class='ocr_par' dir='ltr' id='par_1_106' title="bbox 1096 2421 1891 2460">
     <span class='ocr_line' id='line_1_106' title="bbox 1096 2421 1891 2460; baseline -0.004 -10"><span class='ocrx_word' id='word_1_745' title='bbox 1096 2423 1243 2460; x_wconf 84' lang='grc' dir='ltr'>προσώπου</span> <span class='ocrx_word' id='word_1_746' title='bbox 1262 2423 1426 2453; x_wconf 79' lang='grc' dir='ltr'>θεάσωνται,</span> <span class='ocrx_word' id='word_1_747' title='bbox 1446 2422 1497 2456; x_wconf 83' lang='grc' dir='ltr'><strong>τῆς</strong></span> <span class='ocrx_word' id='word_1_748' title='bbox 1511 2421 1715 2457; x_wconf 84' lang='grc' dir='ltr'>διακεχυμένης</span> <span class='ocrx_word' id='word_1_749' title='bbox 1737 2421 1785 2448; x_wconf 71' lang='grc' dir='ltr'>καὶ</span> <span class='ocrx_word' id='word_1_750' title='bbox 1806 2429 1891 2455; x_wconf 83' lang='grc' dir='ltr'>προσ-</span> 
     </span>
    </p>
   </div>
   <div class='ocr_carea' id='block_1_107' title="bbox 1095 2466 1890 2505">
    <p class='ocr_par' dir='ltr' id='par_1_107' title="bbox 1095 2466 1890 2505">
     <span class='ocr_line' id='line_1_107' title="bbox 1095 2466 1890 2505; baseline -0.005 -9"><span class='ocrx_word' id='word_1_751' title='bbox 1095 2469 1273 2505; x_wconf 83' lang='grc' dir='ltr'>ημελημένης</span> <span class='ocrx_word' id='word_1_752' title='bbox 1297 2467 1499 2502; x_wconf 81' lang='grc' dir='ltr'>ὴλευθέρωνται</span> <span class='ocrx_word' id='word_1_753' title='bbox 1525 2467 1640 2502; x_wconf 79' lang='grc' dir='ltr'>γνώμης</span> <span class='ocrx_word' id='word_1_754' title='bbox 1660 2467 1709 2493; x_wconf 76' lang='grc' dir='ltr'>καὶ</span> <span class='ocrx_word' id='word_1_755' title='bbox 1727 2466 1890 2498; x_wconf 80' lang='grc' dir='ltr'>διαθέσεως,</span> 
     </span>
    </p>
   </div>
   <div class='ocr_carea' id='block_1_108' title="bbox 1096 2511 1891 2548">
    <p class='ocr_par' dir='ltr' id='par_1_108' title="bbox 1096 2511 1891 2548">
     <span class='ocr_line' id='line_1_108' title="bbox 1096 2511 1891 2548; baseline -0.006 -6"><span class='ocrx_word' id='word_1_756' title='bbox 1096 2515 1144 2543; x_wconf 80' lang='grc' dir='ltr'>καὶ</span> <span class='ocrx_word' id='word_1_757' title='bbox 1159 2515 1228 2548; x_wconf 79' lang='grc' dir='ltr'>πρὸς</span> <span class='ocrx_word' id='word_1_758' title='bbox 1243 2513 1404 2548; x_wconf 81' lang='grc' dir='ltr'>ἐπιμέλειαν</span> <span class='ocrx_word' id='word_1_759' title='bbox 1420 2512 1467 2539; x_wconf 80' lang='grc' dir='ltr'>καὶ</span> <span class='ocrx_word' id='word_1_760' title='bbox 1485 2513 1604 2547; x_wconf 82' lang='grc' dir='ltr'>σπουδὴν</span> <span class='ocrx_word' id='word_1_761' title='bbox 1623 2513 1674 2548; x_wconf 82' lang='grc' dir='ltr'><strong>τὴν</strong></span> <span class='ocrx_word' id='word_1_762' title='bbox 1691 2511 1738 2538; x_wconf 78' lang='grc' dir='ltr'><strong>ἐπὶ</strong></span> <span class='ocrx_word' id='word_1_763' title='bbox 1751 2511 1806 2543; x_wconf 83' lang='grc' dir='ltr'>τοῖς</span> <span class='ocrx_word' id='word_1_764' title='bbox 1821 2519 1891 2546; x_wconf 82' lang='grc' dir='ltr'>προ-</span> 
     </span>
    </p>
   </div>
   <div class='ocr_carea' id='block_1_109' title="bbox 1096 2556 1890 2597">
    <p class='ocr_par' dir='ltr' id='par_1_109' title="bbox 1096 2556 1890 2597">
     <span class='ocr_line' id='line_1_109' title="bbox 1096 2556 1890 2597; baseline -0.006 -9"><span class='ocrx_word' id='word_1_765' title='bbox 1096 2562 1233 2597; x_wconf 85' lang='grc' dir='ltr'>κειμένοις</span> <span class='ocrx_word' id='word_1_766' title='bbox 1256 2561 1316 2591; x_wconf 83' lang='grc' dir='ltr'>ταῖς</span> <span class='ocrx_word' id='word_1_767' title='bbox 1339 2559 1500 2594; x_wconf 80' lang='grc' dir='ltr'>εἰσηγήσεσι</span> <span class='ocrx_word' id='word_1_768' title='bbox 1523 2558 1578 2585; x_wconf 78' lang='grc' dir='ltr'>τῶν</span> <span class='ocrx_word' id='word_1_769' title='bbox 1597 2557 1780 2593; x_wconf 85' lang='grc' dir='ltr'>προεστώτων</span> <span class='ocrx_word' id='word_1_770' title='bbox 1813 2556 1890 2583; x_wconf 85' lang='grc' dir='ltr'>διαν-</span> 
     </span>
    </p>
   </div>
   <div class='ocr_carea' id='block_1_110' title="bbox 1098 2602 1892 2641">
    <p class='ocr_par' dir='ltr' id='par_1_110' title="bbox 1098 2602 1892 2641">
     <span class='ocr_line' id='line_1_110' title="bbox 1098 2602 1892 2641; baseline -0.008 -7"><span class='ocrx_word' id='word_1_771' title='bbox 1098 2609 1220 2634; x_wconf 85' lang='grc' dir='ltr'>ίστανται</span> <span class='ocrx_word' id='word_1_772' title='bbox 1238 2605 1456 2641; x_wconf 66' lang='grc' dir='ltr'>προθυμότερον,</span> <span class='ocrx_word' id='word_1_773' title='bbox 1473 2605 1520 2631; x_wconf 56' lang='grc' dir='ltr'><strong>κοιλ¹</strong></span> <span class='ocrx_word' id='word_1_774' title='bbox 1534 2602 1589 2631; x_wconf 79' lang='grc' dir='ltr'>τῶν</span> <span class='ocrx_word' id='word_1_775' title='bbox 1601 2604 1729 2639; x_wconf 79' lang='grc' dir='ltr'>πονηρῶν</span> <span class='ocrx_word' id='word_1_776' title='bbox 1744 2603 1892 2638; x_wconf 72' lang='grc' dir='ltr'>ἐπιτηδευ-</span> 
     </span>
    </p>
   </div>
   <div class='ocr_carea' id='block_1_111' title="bbox 1099 2648 1892 2688">
    <p class='ocr_par' dir='ltr' id='par_1_111' title="bbox 1099 2648 1892 2688">
     <span class='ocr_line' id='line_1_111' title="bbox 1099 2648 1892 2688; baseline -0.008 -8"><span class='ocrx_word' id='word_1_777' title='bbox 1099 2654 1190 2688; x_wconf 80' lang='grc' dir='ltr'>μάτων</span> <span class='ocrx_word' id='word_1_778' title='bbox 1215 2651 1436 2687; x_wconf 80' lang='grc' dir='ltr'>ἁπαλλατόμενοι</span> <span class='ocrx_word' id='word_1_779' title='bbox 1451 2671 1458 2684; x_wconf 87' lang='grc'><strong>,</strong></span> <span class='ocrx_word' id='word_1_780' title='bbox 1485 2651 1535 2686; x_wconf 81' lang='grc' dir='ltr'>τὴν</span> <span class='ocrx_word' id='word_1_781' title='bbox 1560 2649 1667 2685; x_wconf 82' lang='grc' dir='ltr'>ἀγαθὴν</span> <span class='ocrx_word' id='word_1_782' title='bbox 1695 2648 1892 2685; x_wconf 82' lang='grc' dir='ltr'>ἀνθαιροῦνται</span> 
     </span>
    </p>
   </div>
   <div class='ocr_carea' id='block_1_112' title="bbox 1106 2763 1891 2801">
    <p class='ocr_par' dir='ltr' id='par_1_112' title="bbox 1106 2763 1891 2801">
     <span class='ocr_line' id='line_1_112' title="bbox 1106 2763 1891 2801; baseline -0.004 -8"><span class='ocrx_word' id='word_1_783' title='bbox 1106 2767 1149 2793; x_wconf 84' lang='grc' dir='ltr'>Ἐν</span> <span class='ocrx_word' id='word_1_784' title='bbox 1168 2766 1221 2801; x_wconf 77' lang='grc' dir='ltr'><strong>γὰρ</strong></span> <span class='ocrx_word' id='word_1_785' title='bbox 1237 2767 1269 2801; x_wconf 79' lang='grc' dir='ltr'>τῇ</span> <span class='ocrx_word' id='word_1_786' title='bbox 1291 2765 1338 2792; x_wconf 74' lang='grc' dir='ltr'>τοῦ</span> <span class='ocrx_word' id='word_1_787' title='bbox 1360 2764 1508 2801; x_wconf 67' lang='grc' dir='ltr'>προσωπου</span> <span class='ocrx_word' id='word_1_788' title='bbox 1523 2764 1670 2801; x_wconf 75' lang='grc' dir='ltr'>αὑστηρῖᾳ,</span> <span class='ocrx_word' id='word_1_789' title='bbox 1687 2765 1720 2800; x_wconf 78' lang='grc' dir='ltr'>ἦν</span> <span class='ocrx_word' id='word_1_790' title='bbox 1734 2764 1765 2801; x_wconf 73' lang='grc' dir='ltr'>δὴ</span> <span class='ocrx_word' id='word_1_791' title='bbox 1782 2763 1891 2801; x_wconf 33' lang='grc' dir='ltr'>’κακίαν</span> 
     </span>
    </p>
   </div>
   <div class='ocr_carea' id='block_1_113' title="bbox 1101 2799 1892 2836">
    <p class='ocr_par' dir='ltr' id='par_1_113' title="bbox 1101 2799 1892 2836">
     <span class='ocr_line' id='line_1_113' title="bbox 1101 2799 1892 2836; baseline -0.004 -9"><span class='ocrx_word' id='word_1_792' title='bbox 1101 2799 1179 2836; x_wconf 48' lang='grc' dir='ltr'>φησὶ,</span> <span class='ocrx_word' id='word_1_793' title='bbox 1195 2799 1275 2832; x_wconf 73' lang='grc' dir='ltr'>αὑτός</span> <span class='ocrx_word' id='word_1_794' title='bbox 1291 2809 1319 2826; x_wconf 80' lang='grc' dir='ltr'><strong>τε</strong></span> <span class='ocrx_word' id='word_1_795' title='bbox 1342 2799 1572 2836; x_wconf 78' lang='grc' dir='ltr'>ἁγαθυνθήσεται,</span> <span class='ocrx_word' id='word_1_796' title='bbox 1583 2799 1719 2836; x_wconf 17' lang='grc' dir='ltr'>,καὶτοῦς</span> <span class='ocrx_word' id='word_1_797' title='bbox 1743 2799 1795 2836; x_wconf 67' lang='grc' dir='ltr'><strong>ὑπὸ</strong></span> <span class='ocrx_word' id='word_1_798' title='bbox 1811 2799 1892 2833; x_wconf 78' lang='grc' dir='ltr'>χεῖρα</span> 
     </span>
    </p>
   </div>
   <div class='ocr_carea' id='block_1_114' title="bbox 1100 2834 1891 2870">
    <p class='ocr_par' dir='ltr' id='par_1_114' title="bbox 1100 2834 1891 2870">
     <span class='ocr_line' id='line_1_114' title="bbox 1100 2834 1891 2870; baseline -0.004 -7"><span class='ocrx_word' id='word_1_799' title='bbox 1100 2834 1217 2870; x_wconf 69' lang='grc' dir='ltr'>ἀγαθοὺς</span> <span class='ocrx_word' id='word_1_800' title='bbox 1234 2835 1433 2870; x_wconf 76' lang='grc' dir='ltr'>ἀπεργάσεται.</span> <span class='ocrx_word' id='word_1_801' title='bbox 1450 2835 1477 2861; x_wconf 66' lang='grc' dir='ltr'><strong>ιιι</strong></span> <span class='ocrx_word' id='word_1_802' title='bbox 1490 2840 1530 2862; x_wconf 85' lang='lat' dir='ltr'><strong>est</strong></span> <span class='ocrx_word' id='word_1_803' title='bbox 1547 2844 1552 2861; x_wconf 85' lang='lat'>:</span> <span class='ocrx_word' id='word_1_804' title='bbox 1574 2834 1627 2868; x_wconf 79' lang='lat' dir='ltr'><strong>Qui</strong></span> <span class='ocrx_word' id='word_1_805' title='bbox 1638 2840 1743 2868; x_wconf 67' lang='lat' dir='ltr'><strong>pra&#39;est.</strong></span> <span class='ocrx_word' id='word_1_806' title='bbox 1760 2835 1817 2861; x_wconf 75' lang='lat' dir='ltr'><strong>sive</strong></span> <span class='ocrx_word' id='word_1_807' title='bbox 1829 2841 1891 2860; x_wconf 77' lang='lat' dir='ltr'><strong>ma-</strong></span> 
     </span>
    </p>
   </div>
   <div class='ocr_carea' id='block_1_115' title="bbox 1102 2870 1891 2907">
    <p class='ocr_par' dir='ltr' id='par_1_115' title="bbox 1102 2870 1891 2907">
     <span class='ocr_line' id='line_1_115' title="bbox 1102 2870 1891 2907; baseline -0.008 -7"><span class='ocrx_word' id='word_1_808' title='bbox 1102 2872 1185 2907; x_wconf 78' lang='lat' dir='ltr'><strong>gister</strong></span> <span class='ocrx_word' id='word_1_809' title='bbox 1202 2872 1258 2900; x_wconf 76' lang='lat' dir='ltr'><strong>sive</strong></span> <span class='ocrx_word' id='word_1_810' title='bbox 1275 2871 1413 2903; x_wconf 83' lang='lat' dir='ltr'><strong>dominus,</strong></span> <span class='ocrx_word' id='word_1_811' title='bbox 1432 2871 1568 2898; x_wconf 74' lang='lat' dir='ltr'><strong>severitate</strong></span> <span class='ocrx_word' id='word_1_812' title='bbox 1588 2870 1684 2902; x_wconf 69' lang='lat' dir='ltr'><strong>rullus,</strong></span> <span class='ocrx_word' id='word_1_813' title='bbox 1707 2877 1784 2904; x_wconf 78' lang='lat' dir='ltr'><strong>quam</strong></span> <span class='ocrx_word' id='word_1_814' title='bbox 1800 2876 1891 2903; x_wconf 71' lang='lat' dir='ltr'><strong>nempe</strong></span> 
     </span>
    </p>
   </div>
  </div>
