  <div class='ocr_page' id='page_1' title='image "/cluster/home/n/w/nwhite01/storage/ocr_20150623/98/njp.32101077772851/579.png"; bbox 0 0 2038 3155; ppageno 0'>
   <div class='ocr_carea' id='block_1_1' title="bbox 241 169 293 200">
    <p class='ocr_par' dir='ltr' id='par_1_1' title="bbox 241 169 293 200">
     <span class='ocr_line' id='line_1_1' title="bbox 241 169 293 200; baseline 0 0"><span class='ocrx_word' id='word_1_1' title='bbox 241 169 293 200; x_wconf 69' lang='lat'><strong>999</strong></span> 
     </span>
    </p>
   </div>
   <div class='ocr_carea' id='block_1_2' title="bbox 796 167 1319 199">
    <p class='ocr_par' dir='ltr' id='par_1_2' title="bbox 796 167 1319 199">
     <span class='ocr_line' id='line_1_2' title="bbox 796 167 1319 199; baseline 0.002 -2"><span class='ocrx_word' id='word_1_2' title='bbox 796 168 826 197; x_wconf 90' lang='lat' dir='ltr'>S.</span> <span class='ocrx_word' id='word_1_3' title='bbox 848 167 1037 198; x_wconf 78' lang='lat' dir='ltr'><strong>GREGORII</strong></span> <span class='ocrx_word' id='word_1_4' title='bbox 1059 168 1319 199; x_wconf 77' lang='lat' dir='ltr'><strong>AGRIGENTINI</strong></span> 
     </span>
    </p>
   </div>
   <div class='ocr_carea' id='block_1_3' title="bbox 1814 167 1881 198">
    <p class='ocr_par' dir='ltr' id='par_1_3' title="bbox 1814 167 1881 198">
     <span class='ocr_line' id='line_1_3' title="bbox 1814 167 1881 198; baseline 0 0"><span class='ocrx_word' id='word_1_5' title='bbox 1814 167 1881 198; x_wconf 66' lang='lat'><strong>1530</strong></span> 
     </span>
    </p>
   </div>
   <div class='ocr_carea' id='block_1_4' title="bbox 240 225 1039 262">
    <p class='ocr_par' dir='ltr' id='par_1_4' title="bbox 240 225 1034 262">
     <span class='ocr_line' id='line_1_4' title="bbox 240 225 1034 262; baseline -0.003 -7"><span class='ocrx_word' id='word_1_6' title='bbox 240 232 353 260; x_wconf 83' lang='lat' dir='ltr'><strong>verant,</strong></span> <span class='ocrx_word' id='word_1_7' title='bbox 369 225 481 262; x_wconf 61' lang='lat' dir='ltr'><strong>praemia</strong></span> <span class='ocrx_word' id='word_1_8' title='bbox 498 225 636 253; x_wconf 84' lang='lat' dir='ltr'><strong>inventuri</strong></span> <span class='ocrx_word' id='word_1_9' title='bbox 653 226 717 254; x_wconf 88' lang='lat' dir='ltr'><strong>sint.</strong></span> <span class='ocrx_word' id='word_1_10' title='bbox 738 226 884 254; x_wconf 85' lang='lat' dir='ltr'><strong>Enimvero</strong></span> <span class='ocrx_word' id='word_1_11' title='bbox 897 226 961 253; x_wconf 87' lang='lat' dir='ltr'><strong>dum</strong></span> <span class='ocrx_word' id='word_1_12' title='bbox 978 227 1034 254; x_wconf 68' lang='lat' dir='ltr'><strong>ha&#39;c</strong></span> 
     </span>
    </p>
   </div>
   <div class='ocr_carea' id='block_1_5' title="bbox 1090 225 1882 262">
    <p class='ocr_par' dir='ltr' id='par_1_5' title="bbox 1090 225 1882 262">
     <span class='ocr_line' id='line_1_5' title="bbox 1090 225 1882 262; baseline -0.003 -10"><span class='ocrx_word' id='word_1_13' title='bbox 1090 226 1277 259; x_wconf 77' lang='grc' dir='ltr'>κακοπαθείας</span> <span class='ocrx_word' id='word_1_14' title='bbox 1294 227 1444 262; x_wconf 84' lang='grc' dir='ltr'>ἀνονήτους</span> <span class='ocrx_word' id='word_1_15' title='bbox 1474 227 1672 262; x_wconf 68' lang='grc' dir='ltr'><strong>ἀνθαιροῦνται</strong></span> <span class='ocrx_word' id='word_1_16' title='bbox 1697 226 1743 252; x_wconf 73' lang='grc' dir='ltr'>καὶ</span> <span class='ocrx_word' id='word_1_17' title='bbox 1768 225 1882 261; x_wconf 77' lang='grc' dir='ltr'>φέρουσι</span> 
     </span>
    </p>
   </div>
   <div class='ocr_carea' id='block_1_6' title="bbox 242 272 1036 309">
    <p class='ocr_par' dir='ltr' id='par_1_6' title="bbox 242 272 1036 309">
     <span class='ocr_line' id='line_1_6' title="bbox 242 272 1036 309; baseline -0.004 -8"><span class='ocrx_word' id='word_1_18' title='bbox 242 274 402 309; x_wconf 72' lang='lat' dir='ltr'><strong>insipientes</strong></span> <span class='ocrx_word' id='word_1_19' title='bbox 415 272 550 307; x_wconf 78' lang='lat' dir='ltr'><strong>garriunt,</strong></span> <span class='ocrx_word' id='word_1_20' title='bbox 572 279 644 307; x_wconf 69' lang='lat' dir='ltr'><strong>srepe</strong></span> <span class='ocrx_word' id='word_1_21' title='bbox 658 272 703 306; x_wconf 90' lang='lat' dir='ltr'><strong>qui</strong></span> <span class='ocrx_word' id='word_1_22' title='bbox 718 272 829 307; x_wconf 81' lang='lat' dir='ltr'><strong>sapiens</strong></span> <span class='ocrx_word' id='word_1_23' title='bbox 844 280 905 300; x_wconf 88' lang='lat' dir='ltr'><strong>esse</strong></span> <span class='ocrx_word' id='word_1_24' title='bbox 918 273 1036 305; x_wconf 80' lang='lat' dir='ltr'><strong>videtur,</strong></span> 
     </span>
    </p>
   </div>
   <div class='ocr_carea' id='block_1_7' title="bbox 241 318 1035 354">
    <p class='ocr_par' dir='ltr' id='par_1_7' title="bbox 241 318 1035 354">
     <span class='ocr_line' id='line_1_7' title="bbox 241 318 1035 354; baseline -0.004 -7"><span class='ocrx_word' id='word_1_25' title='bbox 241 328 304 348; x_wconf 85' lang='lat' dir='ltr'><strong>eum</strong></span> <span class='ocrx_word' id='word_1_26' title='bbox 322 327 353 347; x_wconf 88' lang='lat' dir='ltr'><strong>ea</strong></span> <span class='ocrx_word' id='word_1_27' title='bbox 369 320 465 347; x_wconf 88' lang='lat' dir='ltr'><strong>crebro</strong></span> <span class='ocrx_word' id='word_1_28' title='bbox 481 323 667 354; x_wconf 85' lang='lat' dir='ltr'><strong>perpetuoque</strong></span> <span class='ocrx_word' id='word_1_29' title='bbox 683 319 786 350; x_wconf 77' lang='lat' dir='ltr'><strong>audiat,</strong></span> <span class='ocrx_word' id='word_1_30' title='bbox 808 318 960 352; x_wconf 82' lang='lat' dir='ltr'><strong>despondet</strong></span> <span class='ocrx_word' id='word_1_31' title='bbox 976 318 1035 344; x_wconf 89' lang='lat' dir='ltr'><strong>ani-</strong></span> 
     </span>
    </p>
   </div>
   <div class='ocr_carea' id='block_1_8' title="bbox 243 362 1037 399">
    <p class='ocr_par' dir='ltr' id='par_1_8' title="bbox 243 362 1037 399">
     <span class='ocr_line' id='line_1_8' title="bbox 243 362 1037 399; baseline -0.005 -7"><span class='ocrx_word' id='word_1_32' title='bbox 243 373 329 397; x_wconf 89' lang='lat' dir='ltr'><strong>mum,</strong></span> <span class='ocrx_word' id='word_1_33' title='bbox 343 369 425 399; x_wconf 85' lang='lat' dir='ltr'><strong>atque</strong></span> <span class='ocrx_word' id='word_1_34' title='bbox 441 364 468 391; x_wconf 91' lang='lat' dir='ltr'><strong>in</strong></span> <span class='ocrx_word' id='word_1_35' title='bbox 482 364 591 391; x_wconf 83' lang='lat' dir='ltr'><strong>virtutis</strong></span> <span class='ocrx_word' id='word_1_36' title='bbox 606 364 698 391; x_wconf 88' lang='lat' dir='ltr'><strong>studio</strong></span> <span class='ocrx_word' id='word_1_37' title='bbox 713 367 738 390; x_wconf 91' lang='lat' dir='ltr'><strong>et</strong></span> <span class='ocrx_word' id='word_1_38' title='bbox 750 368 823 390; x_wconf 86' lang='lat' dir='ltr'><strong>recte</strong></span> <span class='ocrx_word' id='word_1_39' title='bbox 840 362 919 390; x_wconf 81' lang='lat' dir='ltr'><strong>factis</strong></span> <span class='ocrx_word' id='word_1_40' title='bbox 934 362 1037 389; x_wconf 85' lang='lat' dir='ltr'><strong>virilem</strong></span> 
     </span>
    </p>
   </div>
   <div class='ocr_carea' id='block_1_9' title="bbox 241 408 1039 444">
    <p class='ocr_par' dir='ltr' id='par_1_9' title="bbox 241 408 1039 444">
     <span class='ocr_line' id='line_1_9' title="bbox 241 408 1039 444; baseline -0.004 -6"><span class='ocrx_word' id='word_1_41' title='bbox 241 411 425 439; x_wconf 86' lang='lat' dir='ltr'><strong>constantiam</strong></span> <span class='ocrx_word' id='word_1_42' title='bbox 447 418 478 437; x_wconf 89' lang='lat' dir='ltr'><strong>ac</strong></span> <span class='ocrx_word' id='word_1_43' title='bbox 504 411 590 437; x_wconf 92' lang='lat' dir='ltr'><strong>rohur</strong></span> <span class='ocrx_word' id='word_1_44' title='bbox 615 410 742 442; x_wconf 88' lang='lat' dir='ltr'><strong>remittit;</strong></span> <span class='ocrx_word' id='word_1_45' title='bbox 771 414 900 444; x_wconf 83' lang='lat' dir='ltr'><strong>tanquam</strong></span> <span class='ocrx_word' id='word_1_46' title='bbox 929 409 976 443; x_wconf 88' lang='lat' dir='ltr'><strong>qui</strong></span> <span class='ocrx_word' id='word_1_47' title='bbox 1003 408 1039 435; x_wconf 90' lang='lat' dir='ltr'><strong>ob</strong></span> 
     </span>
    </p>
   </div>
   <div class='ocr_carea' id='block_1_10' title="bbox 242 455 1039 490">
    <p class='ocr_par' dir='ltr' id='par_1_10' title="bbox 242 455 1039 490">
     <span class='ocr_line' id='line_1_10' title="bbox 242 455 1039 490; baseline -0.004 -6"><span class='ocrx_word' id='word_1_48' title='bbox 242 458 388 485; x_wconf 85' lang='lat' dir='ltr'><strong>stultorum</strong></span> <span class='ocrx_word' id='word_1_49' title='bbox 401 457 583 484; x_wconf 87' lang='lat' dir='ltr'><strong>contumelias</strong></span> <span class='ocrx_word' id='word_1_50' title='bbox 597 456 671 490; x_wconf 77' lang='lat' dir='ltr'><strong>gravi</strong></span> <span class='ocrx_word' id='word_1_51' title='bbox 687 456 802 483; x_wconf 90' lang='lat' dir='ltr'><strong>nimium</strong></span> <span class='ocrx_word' id='word_1_52' title='bbox 818 455 929 482; x_wconf 88' lang='lat' dir='ltr'><strong>tristitia</strong></span> <span class='ocrx_word' id='word_1_53' title='bbox 945 462 976 481; x_wconf 89' lang='lat' dir='ltr'><strong>ac</strong></span> <span class='ocrx_word' id='word_1_54' title='bbox 989 455 1039 481; x_wconf 75' lang='lat' dir='ltr'><strong>do~</strong></span> 
     </span>
    </p>
   </div>
   <div class='ocr_carea' id='block_1_11' title="bbox 243 503 581 539">
    <p class='ocr_par' dir='ltr' id='par_1_11' title="bbox 243 503 581 539">
     <span class='ocr_line' id='line_1_11' title="bbox 243 503 581 539; baseline -0.009 -7"><span class='ocrx_word' id='word_1_55' title='bbox 243 505 302 532; x_wconf 82' lang='lat' dir='ltr'><strong>lore</strong></span> <span class='ocrx_word' id='word_1_56' title='bbox 319 512 467 539; x_wconf 76' lang='lat' dir='ltr'><strong>oppressus</strong></span> <span class='ocrx_word' id='word_1_57' title='bbox 486 503 581 530; x_wconf 77' lang='lat' dir='ltr'><strong>fuerit.</strong></span> 
     </span>
    </p>
   </div>
   <div class='ocr_carea' id='block_1_12' title="bbox 1087 268 1883 307">
    <p class='ocr_par' dir='ltr' id='par_1_12' title="bbox 1087 268 1883 307">
     <span class='ocr_line' id='line_1_12' title="bbox 1087 268 1883 307; baseline -0.003 -10"><span class='ocrx_word' id='word_1_58' title='bbox 1087 272 1232 302; x_wconf 77' lang='grc' dir='ltr'>γενναίως.</span> <span class='ocrx_word' id='word_1_59' title='bbox 1261 271 1290 303; x_wconf 76' lang='grc' dir='ltr'><strong>ἐξ</strong></span> <span class='ocrx_word' id='word_1_60' title='bbox 1317 268 1355 298; x_wconf 79' lang='grc' dir='ltr'><strong>ὧν</strong></span> <span class='ocrx_word' id='word_1_61' title='bbox 1383 272 1461 298; x_wconf 73' lang='grc' dir='ltr'>οὐδὲν</span> <span class='ocrx_word' id='word_1_62' title='bbox 1486 272 1722 307; x_wconf 68' lang='grc' dir='ltr'>ὠφεληθήσονται.</span> <span class='ocrx_word' id='word_1_63' title='bbox 1747 270 1883 305; x_wconf 78' lang='grc' dir='ltr'>μηδεμίαν</span> 
     </span>
    </p>
   </div>
   <div class='ocr_carea' id='block_1_13' title="bbox 1087 314 1883 351">
    <p class='ocr_par' dir='ltr' id='par_1_13' title="bbox 1087 314 1883 351">
     <span class='ocr_line' id='line_1_13' title="bbox 1087 314 1883 351; baseline -0.001 -9"><span class='ocrx_word' id='word_1_64' title='bbox 1087 315 1141 342; x_wconf 83' lang='grc' dir='ltr'>τῶν</span> <span class='ocrx_word' id='word_1_65' title='bbox 1162 315 1352 350; x_wconf 71' lang='grc' dir='ltr'><strong>ἐλπιζομένων</strong></span> <span class='ocrx_word' id='word_1_66' title='bbox 1369 317 1460 347; x_wconf 76' lang='grc' dir='ltr'>αὐτοῖς</span> <span class='ocrx_word' id='word_1_67' title='bbox 1486 316 1639 351; x_wconf 71' lang='grc' dir='ltr'><strong>μελλόντων</strong></span> <span class='ocrx_word' id='word_1_68' title='bbox 1665 316 1778 350; x_wconf 83' lang='grc' dir='ltr'>ἀγαθῶν</span> <span class='ocrx_word' id='word_1_69' title='bbox 1800 314 1883 350; x_wconf 77' lang='grc' dir='ltr'>εὑρή-</span> 
     </span>
    </p>
   </div>
   <div class='ocr_carea' id='block_1_14' title="bbox 1088 361 1880 397">
    <p class='ocr_par' dir='ltr' id='par_1_14' title="bbox 1088 361 1880 397">
     <span class='ocr_line' id='line_1_14' title="bbox 1088 361 1880 397; baseline -0.003 -9"><span class='ocrx_word' id='word_1_70' title='bbox 1088 370 1181 393; x_wconf 81' lang='grc' dir='ltr'>σοντες</span> <span class='ocrx_word' id='word_1_71' title='bbox 1196 362 1327 397; x_wconf 75' lang='grc' dir='ltr'>ἀμοιϐήν.</span> <span class='ocrx_word' id='word_1_72' title='bbox 1344 362 1438 388; x_wconf 79' lang='grc' dir='ltr'>Ταῦτα</span> <span class='ocrx_word' id='word_1_73' title='bbox 1452 362 1480 388; x_wconf 73' lang='grc' dir='ltr'>δὲ</span> <span class='ocrx_word' id='word_1_74' title='bbox 1494 362 1629 396; x_wconf 83' lang='grc' dir='ltr'>λεγόντων</span> <span class='ocrx_word' id='word_1_75' title='bbox 1645 361 1700 388; x_wconf 83' lang='grc' dir='ltr'><strong>τῶν</strong></span> <span class='ocrx_word' id='word_1_76' title='bbox 1714 361 1853 396; x_wconf 64' lang='grc' dir='ltr'>ἀφρόνων,</span> <span class='ocrx_word' id='word_1_77' title='bbox 1866 361 1880 386; x_wconf 83' lang='lat'><em>6</em></span> 
     </span>
    </p>
   </div>
   <div class='ocr_carea' id='block_1_15' title="bbox 1089 406 1878 443">
    <p class='ocr_par' dir='ltr' id='par_1_15' title="bbox 1089 406 1878 443">
     <span class='ocr_line' id='line_1_15' title="bbox 1089 406 1878 443; baseline -0.003 -9"><span class='ocrx_word' id='word_1_78' title='bbox 1089 408 1171 442; x_wconf 60' lang='grc' dir='ltr'>σοφὸς</span> <span class='ocrx_word' id='word_1_79' title='bbox 1187 406 1258 434; x_wconf 71' lang='grc' dir='ltr'>εἶναι</span> <span class='ocrx_word' id='word_1_80' title='bbox 1272 408 1372 440; x_wconf 82' lang='grc' dir='ltr'>δοκῶν,</span> <span class='ocrx_word' id='word_1_81' title='bbox 1390 408 1500 435; x_wconf 75' lang='grc' dir='ltr'>ἀκούων</span> <span class='ocrx_word' id='word_1_82' title='bbox 1517 408 1730 443; x_wconf 81' lang='grc' dir='ltr'>ἀλλεπαλλήλως</span> <span class='ocrx_word' id='word_1_83' title='bbox 1745 408 1792 433; x_wconf 75' lang='grc' dir='ltr'><strong>καὶ</strong></span> <span class='ocrx_word' id='word_1_84' title='bbox 1818 415 1878 433; x_wconf 82' lang='grc' dir='ltr'>συν-</span> 
     </span>
    </p>
   </div>
   <div class='ocr_carea' id='block_1_16' title="bbox 1088 453 1883 489">
    <p class='ocr_par' dir='ltr' id='par_1_16' title="bbox 1088 453 1883 489">
     <span class='ocr_line' id='line_1_16' title="bbox 1088 453 1883 489; baseline -0.003 -8"><span class='ocrx_word' id='word_1_85' title='bbox 1088 454 1171 489; x_wconf 76' lang='grc' dir='ltr'>εχῶς,</span> <span class='ocrx_word' id='word_1_86' title='bbox 1187 455 1289 489; x_wconf 72' lang='grc' dir='ltr'>πάσχει</span> <span class='ocrx_word' id='word_1_87' title='bbox 1312 455 1444 486; x_wconf 79' lang='grc' dir='ltr'><strong>πολλάκις</strong></span> <span class='ocrx_word' id='word_1_88' title='bbox 1462 454 1575 489; x_wconf 80' lang='grc' dir='ltr'>ἀγεννὲς</span> <span class='ocrx_word' id='word_1_89' title='bbox 1586 454 1683 485; x_wconf 83' lang='grc' dir='ltr'>πάθος,</span> <span class='ocrx_word' id='word_1_90' title='bbox 1702 454 1749 480; x_wconf 78' lang='grc' dir='ltr'><strong>καὶ</strong></span> <span class='ocrx_word' id='word_1_91' title='bbox 1770 453 1820 488; x_wconf 82' lang='grc' dir='ltr'>τῆς</span> <span class='ocrx_word' id='word_1_92' title='bbox 1835 454 1883 489; x_wconf 64' lang='lat' dir='ltr'><strong>ap-</strong></span> 
     </span>
    </p>
   </div>
   <div class='ocr_carea' id='block_1_17' title="bbox 1088 500 1882 537">
    <p class='ocr_par' dir='ltr' id='par_1_17' title="bbox 1088 500 1882 537">
     <span class='ocr_line' id='line_1_17' title="bbox 1088 500 1882 537; baseline -0.003 -10"><span class='ocrx_word' id='word_1_93' title='bbox 1088 501 1213 536; x_wconf 75' lang='grc' dir='ltr'>ρενωποῦ</span> <span class='ocrx_word' id='word_1_94' title='bbox 1227 501 1346 537; x_wconf 79' lang='grc' dir='ltr'>καρδίας</span> <span class='ocrx_word' id='word_1_95' title='bbox 1371 502 1423 536; x_wconf 81' lang='grc' dir='ltr'><strong>τὴν</strong></span> <span class='ocrx_word' id='word_1_96' title='bbox 1450 501 1596 528; x_wconf 80' lang='grc' dir='ltr'>συντονίαν</span> <span class='ocrx_word' id='word_1_97' title='bbox 1614 501 1664 536; x_wconf 82' lang='grc' dir='ltr'><strong>τὴν</strong></span> <span class='ocrx_word' id='word_1_98' title='bbox 1680 501 1727 526; x_wconf 73' lang='grc' dir='ltr'><strong>ἐπὶ</strong></span> <span class='ocrx_word' id='word_1_99' title='bbox 1742 501 1799 531; x_wconf 86' lang='grc' dir='ltr'>τοῖς</span> <span class='ocrx_word' id='word_1_100' title='bbox 1812 500 1882 533; x_wconf 81' lang='grc' dir='ltr'>ἁγα-</span> 
     </span>
    </p>
   </div>
   <div class='ocr_carea' id='block_1_18' title="bbox 243 544 1884 583">
    <p class='ocr_par' dir='ltr' id='par_1_18' title="bbox 243 544 1884 583">
     <span class='ocr_line' id='line_1_18' title="bbox 243 544 1884 583; baseline -0.003 -7"><span class='ocrx_word' id='word_1_101' title='bbox 243 551 300 580; x_wconf 85' lang='grc' dir='ltr'>θοῖς</span> <span class='ocrx_word' id='word_1_102' title='bbox 318 551 363 576; x_wconf 70' lang='grc' dir='ltr'><strong>καὶ</strong></span> <span class='ocrx_word' id='word_1_103' title='bbox 376 549 533 579; x_wconf 69' lang='grc' dir='ltr'><strong>σπουδαίοις</strong></span> <span class='ocrx_word' id='word_1_104' title='bbox 550 548 642 583; x_wconf 66' lang='grc' dir='ltr'>ἔργοις</span> <span class='ocrx_word' id='word_1_105' title='bbox 655 547 824 582; x_wconf 59' lang='grc' dir='ltr'>καθυιρίησιν</span> <span class='ocrx_word' id='word_1_106' title='bbox 836 555 842 562; x_wconf 86' lang='grc'><strong>·</strong></span> <span class='ocrx_word' id='word_1_107' title='bbox 867 544 912 573; x_wconf 72' lang='grc' dir='ltr'>οἷα</span> <span class='ocrx_word' id='word_1_108' title='bbox 957 546 990 581; x_wconf 88' lang='grc' dir='ltr'>δὴ</span> <span class='ocrx_word' id='word_1_109' title='bbox 1011 545 1169 581; x_wconf 76' lang='grc' dir='ltr'><strong>πληρωθεὶς</strong></span> <span class='ocrx_word' id='word_1_110' title='bbox 1197 547 1348 582; x_wconf 75' lang='grc' dir='ltr'><strong>ἀχθηδόνος</strong></span> <span class='ocrx_word' id='word_1_111' title='bbox 1383 547 1431 574; x_wconf 77' lang='grc' dir='ltr'>καὶ</span> <span class='ocrx_word' id='word_1_112' title='bbox 1456 546 1546 582; x_wconf 83' lang='grc' dir='ltr'>λύπης</span> <span class='ocrx_word' id='word_1_113' title='bbox 1564 546 1609 573; x_wconf 77' lang='grc' dir='ltr'><strong>ἐπὶ</strong></span> <span class='ocrx_word' id='word_1_114' title='bbox 1627 545 1666 581; x_wconf 81' lang='grc' dir='ltr'>τῷ</span> <span class='ocrx_word' id='word_1_115' title='bbox 1686 545 1741 572; x_wconf 80' lang='grc' dir='ltr'><strong>τῶν</strong></span> <span class='ocrx_word' id='word_1_116' title='bbox 1756 545 1884 581; x_wconf 60' lang='grc' dir='ltr'>ἁςρόνων</span> 
     </span>
    </p>
   </div>
   <div class='ocr_carea' id='block_1_19' title="bbox 242 597 400 632">
    <p class='ocr_par' dir='ltr' id='par_1_19' title="bbox 242 597 400 632">
     <span class='ocr_line' id='line_1_19' title="bbox 242 597 400 632; baseline -0.006 -8"><span class='ocrx_word' id='word_1_117' title='bbox 242 599 285 624; x_wconf 82' lang='grc' dir='ltr'>ὀνε</span> <span class='ocrx_word' id='word_1_118' title='bbox 292 597 400 632; x_wconf 83' lang='grc' dir='ltr'>ιδισμῷ.</span> 
     </span>
    </p>
   </div>
   <div class='ocr_carea' id='block_1_20' title="bbox 279 638 1037 678">
    <p class='ocr_par' dir='ltr' id='par_1_20' title="bbox 279 638 1037 678">
     <span class='ocr_line' id='line_1_20' title="bbox 279 638 1037 678; baseline -0.001 -8"><span class='ocrx_word' id='word_1_119' title='bbox 279 643 348 672; x_wconf 86' lang='lat' dir='ltr'><strong>llinc</strong></span> <span class='ocrx_word' id='word_1_120' title='bbox 377 644 449 672; x_wconf 89' lang='lat' dir='ltr'><strong>enim</strong></span> <span class='ocrx_word' id='word_1_121' title='bbox 471 652 532 671; x_wconf 89' lang='lat' dir='ltr'><strong>eum</strong></span> <span class='ocrx_word' id='word_1_122' title='bbox 547 638 656 671; x_wconf 85' lang='lat' dir='ltr'><strong>&#39;Davide</strong></span> <span class='ocrx_word' id='word_1_123' title='bbox 677 643 810 678; x_wconf 79' lang='lat' dir='ltr'><strong>propheta</strong></span> <span class='ocrx_word' id='word_1_124' title='bbox 834 643 861 670; x_wconf 92' lang='lat' dir='ltr'><strong>in</strong></span> <span class='ocrx_word' id='word_1_125' title='bbox 885 650 933 670; x_wconf 87' lang='lat' dir='ltr'><strong>eos</strong></span> <span class='ocrx_word' id='word_1_126' title='bbox 955 642 1037 669; x_wconf 80' lang='lat' dir='ltr'><strong>etiam</strong></span> 
     </span>
    </p>
   </div>
   <div class='ocr_carea' id='block_1_21' title="bbox 244 689 1038 725">
    <p class='ocr_par' dir='ltr' id='par_1_21' title="bbox 244 689 1038 725">
     <span class='ocr_line' id='line_1_21' title="bbox 244 689 1038 725; baseline -0.004 -8"><span class='ocrx_word' id='word_1_127' title='bbox 244 695 358 724; x_wconf 85' lang='lat' dir='ltr'><strong>questus</strong></span> <span class='ocrx_word' id='word_1_128' title='bbox 371 690 545 725; x_wconf 85' lang='lat' dir='ltr'><strong>prorumpit:</strong></span> <span class='ocrx_word' id='word_1_129' title='bbox 565 699 573 715; x_wconf 75' lang='grc' dir='ltr'><strong>ι</strong></span> <span class='ocrx_word' id='word_1_130' title='bbox 592 689 660 717; x_wconf 79' lang='lat' dir='ltr'><strong>Ecce</strong></span> <span class='ocrx_word' id='word_1_131' title='bbox 678 690 723 716; x_wconf 85' lang='lat' dir='ltr'><strong>isti</strong></span> <span class='ocrx_word' id='word_1_132' title='bbox 743 694 899 724; x_wconf 86' lang='lat' dir='ltr'><strong>peccatores</strong></span> <span class='ocrx_word' id='word_1_133' title='bbox 912 694 938 716; x_wconf 90' lang='lat' dir='ltr'><strong>et</strong></span> <span class='ocrx_word' id='word_1_134' title='bbox 953 689 1038 716; x_wconf 83' lang='lat' dir='ltr'><strong>abun-</strong></span> 
     </span>
    </p>
   </div>
   <div class='ocr_carea' id='block_1_22' title="bbox 245 735 1035 768">
    <p class='ocr_par' dir='ltr' id='par_1_22' title="bbox 245 735 1035 768">
     <span class='ocr_line' id='line_1_22' title="bbox 245 735 1035 768; baseline -0.004 -6"><span class='ocrx_word' id='word_1_135' title='bbox 245 737 341 764; x_wconf 81' lang='lat' dir='ltr'><strong>dantes</strong></span> <span class='ocrx_word' id='word_1_136' title='bbox 353 737 380 762; x_wconf 94' lang='lat' dir='ltr'><strong>in</strong></span> <span class='ocrx_word' id='word_1_137' title='bbox 397 736 526 763; x_wconf 64' lang='lat' dir='ltr'><strong>saeculum</strong></span> <span class='ocrx_word' id='word_1_138' title='bbox 546 735 724 762; x_wconf 89' lang='lat' dir='ltr'><strong>obtinuerunt</strong></span> <span class='ocrx_word' id='word_1_139' title='bbox 739 735 848 763; x_wconf 82' lang='lat' dir='ltr'><strong>divitias</strong></span> <span class='ocrx_word' id='word_1_140' title='bbox 862 736 895 768; x_wconf 70' lang='grc' dir='ltr'><strong>ν’,</strong></span> <span class='ocrx_word' id='word_1_141' title='bbox 914 743 922 760; x_wconf 70' lang='grc' dir='ltr'><strong>ι</strong></span> <span class='ocrx_word' id='word_1_142' title='bbox 940 735 971 762; x_wconf 83' lang='lat' dir='ltr'><strong>Et</strong></span> <span class='ocrx_word' id='word_1_143' title='bbox 983 735 1035 761; x_wconf 77' lang='lat' dir='ltr'><strong>ite-</strong></span> 
     </span>
    </p>
   </div>
   <div class='ocr_carea' id='block_1_23' title="bbox 245 780 1038 817">
    <p class='ocr_par' dir='ltr' id='par_1_23' title="bbox 245 780 1038 817">
     <span class='ocr_line' id='line_1_23' title="bbox 245 780 1038 817; baseline -0.001 -9"><span class='ocrx_word' id='word_1_144' title='bbox 245 790 306 815; x_wconf 80' lang='lat' dir='ltr'><strong>rum</strong></span> <span class='ocrx_word' id='word_1_145' title='bbox 322 791 327 808; x_wconf 91' lang='lat'>:</span> <span class='ocrx_word' id='word_1_146' title='bbox 343 792 352 807; x_wconf 83' lang='grc' dir='ltr'><strong>ι</strong></span> <span class='ocrx_word' id='word_1_147' title='bbox 363 781 412 809; x_wconf 80' lang='lat' dir='ltr'><strong>Mei</strong></span> <span class='ocrx_word' id='word_1_148' title='bbox 424 787 516 808; x_wconf 84' lang='lat' dir='ltr'><strong>autem</strong></span> <span class='ocrx_word' id='word_1_149' title='bbox 531 790 599 816; x_wconf 88' lang='lat' dir='ltr'><strong>pene</strong></span> <span class='ocrx_word' id='word_1_150' title='bbox 613 782 678 808; x_wconf 89' lang='lat' dir='ltr'><strong>moti</strong></span> <span class='ocrx_word' id='word_1_151' title='bbox 695 786 760 808; x_wconf 80' lang='lat' dir='ltr'><strong>sunt</strong></span> <span class='ocrx_word' id='word_1_152' title='bbox 775 781 868 817; x_wconf 81' lang='lat' dir='ltr'><strong>pedes.</strong></span> <span class='ocrx_word' id='word_1_153' title='bbox 881 788 950 816; x_wconf 89' lang='lat' dir='ltr'><strong>pene</strong></span> <span class='ocrx_word' id='word_1_154' title='bbox 959 780 1038 807; x_wconf 66' lang='grc' dir='ltr'><strong>(τιτιιεὶ</strong></span> 
     </span>
    </p>
   </div>
   <div class='ocr_carea' id='block_1_24' title="bbox 245 827 1037 862">
    <p class='ocr_par' dir='ltr' id='par_1_24' title="bbox 245 827 1037 862">
     <span class='ocr_line' id='line_1_24' title="bbox 245 827 1037 862; baseline -0.001 -9"><span class='ocrx_word' id='word_1_155' title='bbox 245 832 310 854; x_wconf 84' lang='lat' dir='ltr'><strong>sunt</strong></span> <span class='ocrx_word' id='word_1_156' title='bbox 329 835 440 861; x_wconf 79' lang='lat' dir='ltr'><strong>gressus</strong></span> <span class='ocrx_word' id='word_1_157' title='bbox 461 827 533 859; x_wconf 87' lang='lat' dir='ltr'><strong>mei;</strong></span> <span class='ocrx_word' id='word_1_158' title='bbox 558 827 623 862; x_wconf 82' lang='lat' dir='ltr'><strong>quia</strong></span> <span class='ocrx_word' id='word_1_159' title='bbox 650 827 735 854; x_wconf 81' lang='lat' dir='ltr'><strong>zelavi</strong></span> <span class='ocrx_word' id='word_1_160' title='bbox 762 835 844 861; x_wconf 79' lang='lat' dir='ltr'><strong>super</strong></span> <span class='ocrx_word' id='word_1_161' title='bbox 864 831 1037 861; x_wconf 83' lang='lat' dir='ltr'><strong>peccatores,</strong></span> 
     </span>
    </p>
   </div>
   <div class='ocr_carea' id='block_1_25' title="bbox 216 866 1036 907">
    <p class='ocr_par' dir='ltr' id='par_1_25' title="bbox 216 866 1036 907">
     <span class='ocr_line' id='line_1_25' title="bbox 216 866 1036 907; baseline -0.001 -8"><span class='ocrx_word' id='word_1_162' title='bbox 216 866 227 877; x_wconf 79' lang='grc'><em>’</em></span> <span class='ocrx_word' id='word_1_163' title='bbox 246 880 340 907; x_wconf 82' lang='lat' dir='ltr'><strong>pacem</strong></span> <span class='ocrx_word' id='word_1_164' title='bbox 352 878 525 907; x_wconf 76' lang='lat' dir='ltr'><strong>peccatorum</strong></span> <span class='ocrx_word' id='word_1_165' title='bbox 538 873 632 899; x_wconf 83' lang='lat' dir='ltr'><strong>videns</strong></span> <span class='ocrx_word' id='word_1_166' title='bbox 644 872 676 899; x_wconf 72' lang='grc'><strong>⁵⁸.</strong></span> <span class='ocrx_word' id='word_1_167' title='bbox 690 882 698 898; x_wconf 79' lang='grc' dir='ltr'><strong>ι</strong></span> <span class='ocrx_word' id='word_1_168' title='bbox 713 873 751 900; x_wconf 81' lang='lat' dir='ltr'><strong>Ac</strong></span> <span class='ocrx_word' id='word_1_169' title='bbox 764 880 874 898; x_wconf 85' lang='lat' dir='ltr'><strong>rursum</strong></span> <span class='ocrx_word' id='word_1_170' title='bbox 887 881 894 898; x_wconf 83' lang='lat'><strong>:</strong></span> <span class='ocrx_word' id='word_1_171' title='bbox 909 882 917 897; x_wconf 79' lang='grc' dir='ltr'><strong>ι</strong></span> <span class='ocrx_word' id='word_1_172' title='bbox 932 871 1036 906; x_wconf 73' lang='lat' dir='ltr'><strong>Usque-</strong></span> 
     </span>
    </p>
   </div>
   <div class='ocr_carea' id='block_1_26' title="bbox 246 917 1040 952">
    <p class='ocr_par' dir='ltr' id='par_1_26' title="bbox 246 917 1040 952">
     <span class='ocr_line' id='line_1_26' title="bbox 246 917 1040 952; baseline 0.001 -9"><span class='ocrx_word' id='word_1_173' title='bbox 246 924 300 951; x_wconf 91' lang='lat' dir='ltr'><strong>quo</strong></span> <span class='ocrx_word' id='word_1_174' title='bbox 316 917 394 951; x_wconf 79' lang='lat'><strong>173</strong></span> <span class='ocrx_word' id='word_1_175' title='bbox 410 922 578 950; x_wconf 86' lang='lat' dir='ltr'><strong>peccatores,</strong></span> <span class='ocrx_word' id='word_1_176' title='bbox 591 917 715 948; x_wconf 86' lang='lat' dir='ltr'><strong>Domine,</strong></span> <span class='ocrx_word' id='word_1_177' title='bbox 727 924 870 952; x_wconf 80' lang='lat' dir='ltr'><strong>usquequo</strong></span> <span class='ocrx_word' id='word_1_178' title='bbox 882 921 1040 951; x_wconf 75' lang='lat' dir='ltr'><strong>peceatores</strong></span> 
     </span>
    </p>
   </div>
   <div class='ocr_carea' id='block_1_27' title="bbox 245 961 1034 996">
    <p class='ocr_par' dir='ltr' id='par_1_27' title="bbox 245 961 1034 996">
     <span class='ocr_line' id='line_1_27' title="bbox 245 961 1034 996; baseline 0.001 -9"><span class='ocrx_word' id='word_1_179' title='bbox 245 961 454 996; x_wconf 82' lang='lat' dir='ltr'><strong>gloriabuntur:</strong></span> <span class='ocrx_word' id='word_1_180' title='bbox 472 961 627 989; x_wconf 71' lang='lat' dir='ltr'><strong>eﬂ‘abuntur</strong></span> <span class='ocrx_word' id='word_1_181' title='bbox 642 967 669 988; x_wconf 92' lang='lat' dir='ltr'><strong>et</strong></span> <span class='ocrx_word' id='word_1_182' title='bbox 685 962 832 996; x_wconf 81' lang='lat' dir='ltr'><strong>loquentur</strong></span> <span class='ocrx_word' id='word_1_183' title='bbox 847 962 1034 996; x_wconf 83' lang='lat' dir='ltr'><strong>iniquitatem,</strong></span> 
     </span>
    </p>
   </div>
   <div class='ocr_carea' id='block_1_28' title="bbox 246 1007 1037 1042">
    <p class='ocr_par' dir='ltr' id='par_1_28' title="bbox 246 1007 1037 1042">
     <span class='ocr_line' id='line_1_28' title="bbox 246 1007 1037 1042; baseline 0 -10"><span class='ocrx_word' id='word_1_184' title='bbox 246 1007 391 1041; x_wconf 88' lang='lat' dir='ltr'><strong>loquentur</strong></span> <span class='ocrx_word' id='word_1_185' title='bbox 413 1014 526 1038; x_wconf 79' lang='lat' dir='ltr'><strong>omnes,</strong></span> <span class='ocrx_word' id='word_1_186' title='bbox 547 1008 594 1042; x_wconf 84' lang='lat' dir='ltr'><strong>qui</strong></span> <span class='ocrx_word' id='word_1_187' title='bbox 618 1012 765 1042; x_wconf 86' lang='lat' dir='ltr'><strong>operantur</strong></span> <span class='ocrx_word' id='word_1_188' title='bbox 788 1007 951 1041; x_wconf 80' lang='lat' dir='ltr'><strong>injustitiam</strong></span> <span class='ocrx_word' id='word_1_189' title='bbox 966 1007 1009 1034; x_wconf 71' lang='grc'><strong>⁸³⁸]</strong></span> <span class='ocrx_word' id='word_1_190' title='bbox 1029 1017 1037 1032; x_wconf 81' lang='grc' dir='ltr'><strong>ι</strong></span> 
     </span>
    </p>
   </div>
   <div class='ocr_carea' id='block_1_29' title="bbox 245 1052 1036 1088">
    <p class='ocr_par' dir='ltr' id='par_1_29' title="bbox 245 1052 1036 1088">
     <span class='ocr_line' id='line_1_29' title="bbox 245 1052 1036 1088; baseline 0.003 -10"><span class='ocrx_word' id='word_1_191' title='bbox 245 1052 334 1086; x_wconf 83' lang='lat' dir='ltr'><strong>Atque</strong></span> <span class='ocrx_word' id='word_1_192' title='bbox 348 1052 431 1078; x_wconf 87' lang='lat' dir='ltr'><strong>etiam</strong></span> <span class='ocrx_word' id='word_1_193' title='bbox 450 1060 512 1079; x_wconf 90' lang='lat' dir='ltr'><strong>cum</strong></span> <span class='ocrx_word' id='word_1_194' title='bbox 528 1052 645 1080; x_wconf 80' lang='lat' dir='ltr'><strong>Jeremia</strong></span> <span class='ocrx_word' id='word_1_195' title='bbox 662 1061 669 1079; x_wconf 90' lang='lat'><strong>:</strong></span> <span class='ocrx_word' id='word_1_196' title='bbox 693 1061 702 1078; x_wconf 72' lang='grc' dir='ltr'><strong>ι</strong></span> <span class='ocrx_word' id='word_1_197' title='bbox 718 1052 809 1086; x_wconf 85' lang='lat' dir='ltr'><strong>Quare</strong></span> <span class='ocrx_word' id='word_1_198' title='bbox 823 1053 866 1079; x_wconf 81' lang='lat' dir='ltr'><strong>via</strong></span> <span class='ocrx_word' id='word_1_199' title='bbox 889 1053 1036 1088; x_wconf 89' lang='lat' dir='ltr'><strong>impiorum</strong></span> 
     </span>
    </p>
   </div>
   <div class='ocr_carea' id='block_1_30' title="bbox 245 1098 1039 1134">
    <p class='ocr_par' dir='ltr' id='par_1_30' title="bbox 245 1098 1039 1134">
     <span class='ocr_line' id='line_1_30' title="bbox 245 1098 1039 1134; baseline 0.003 -10"><span class='ocrx_word' id='word_1_200' title='bbox 245 1104 422 1133; x_wconf 87' lang='lat' dir='ltr'><strong>prosperatur</strong></span> <span class='ocrx_word' id='word_1_201' title='bbox 435 1098 457 1113; x_wconf 81' lang='grc'><strong>⁵⁰</strong></span> <span class='ocrx_word' id='word_1_202' title='bbox 470 1099 481 1125; x_wconf 84' lang='lat'><strong>?</strong></span> <span class='ocrx_word' id='word_1_203' title='bbox 498 1108 507 1124; x_wconf 71' lang='grc' dir='ltr'><strong>ι</strong></span> <span class='ocrx_word' id='word_1_204' title='bbox 521 1103 547 1126; x_wconf 85' lang='lat' dir='ltr'><strong>et</strong></span> <span class='ocrx_word' id='word_1_205' title='bbox 560 1107 621 1125; x_wconf 80' lang='lat' dir='ltr'><strong>cum</strong></span> <span class='ocrx_word' id='word_1_206' title='bbox 638 1099 739 1126; x_wconf 76' lang='lat' dir='ltr'><strong>athleta</strong></span> <span class='ocrx_word' id='word_1_207' title='bbox 761 1099 806 1126; x_wconf 91' lang='lat' dir='ltr'><strong>illo</strong></span> <span class='ocrx_word' id='word_1_208' title='bbox 828 1099 937 1134; x_wconf 83' lang='lat' dir='ltr'><strong>pietatis</strong></span> <span class='ocrx_word' id='word_1_209' title='bbox 947 1099 1017 1127; x_wconf 79' lang='lat' dir='ltr'><strong>Joho</strong></span> <span class='ocrx_word' id='word_1_210' title='bbox 1033 1113 1039 1130; x_wconf 85' lang='grc'>;</span> 
     </span>
    </p>
   </div>
   <div class='ocr_carea' id='block_1_31' title="bbox 247 1143 1034 1179">
    <p class='ocr_par' dir='ltr' id='par_1_31' title="bbox 247 1143 1034 1179">
     <span class='ocr_line' id='line_1_31' title="bbox 247 1143 1034 1179; baseline 0.001 -9"><span class='ocrx_word' id='word_1_211' title='bbox 247 1153 257 1169; x_wconf 74' lang='grc' dir='ltr'><strong>ι</strong></span> <span class='ocrx_word' id='word_1_212' title='bbox 275 1143 534 1171; x_wconf 82' lang='lat' dir='ltr'><strong>Gemcnsdimittam</strong></span> <span class='ocrx_word' id='word_1_213' title='bbox 545 1145 688 1171; x_wconf 80' lang='lat' dir='ltr'><strong>adversum</strong></span> <span class='ocrx_word' id='word_1_214' title='bbox 701 1152 763 1171; x_wconf 88' lang='lat' dir='ltr'><strong>eum</strong></span> <span class='ocrx_word' id='word_1_215' title='bbox 778 1144 917 1179; x_wconf 85' lang='lat' dir='ltr'><strong>eloquium</strong></span> <span class='ocrx_word' id='word_1_216' title='bbox 933 1153 1034 1177; x_wconf 89' lang='lat' dir='ltr'><strong>meum,</strong></span> 
     </span>
    </p>
   </div>
   <div class='ocr_carea' id='block_1_32' title="bbox 247 1189 1040 1224">
    <p class='ocr_par' dir='ltr' id='par_1_32' title="bbox 247 1189 1040 1224">
     <span class='ocr_line' id='line_1_32' title="bbox 247 1189 1040 1224; baseline 0.004 -9"><span class='ocrx_word' id='word_1_217' title='bbox 247 1190 346 1224; x_wconf 85' lang='lat' dir='ltr'><strong>loquar</strong></span> <span class='ocrx_word' id='word_1_218' title='bbox 368 1190 395 1216; x_wconf 93' lang='lat' dir='ltr'><strong>in</strong></span> <span class='ocrx_word' id='word_1_219' title='bbox 411 1190 594 1218; x_wconf 87' lang='lat' dir='ltr'><strong>amaritudine</strong></span> <span class='ocrx_word' id='word_1_220' title='bbox 607 1190 707 1218; x_wconf 61' lang='lat' dir='ltr'><strong>animat</strong></span> <span class='ocrx_word' id='word_1_221' title='bbox 728 1198 811 1221; x_wconf 70' lang='grc' dir='ltr'>ιηριε,</span> <span class='ocrx_word' id='word_1_222' title='bbox 833 1195 860 1218; x_wconf 83' lang='lat' dir='ltr'><strong>et</strong></span> <span class='ocrx_word' id='word_1_223' title='bbox 879 1191 968 1218; x_wconf 83' lang='lat' dir='ltr'><strong>dicam</strong></span> <span class='ocrx_word' id='word_1_224' title='bbox 988 1189 1040 1218; x_wconf 86' lang='lat' dir='ltr'><strong>Do-</strong></span> 
     </span>
    </p>
   </div>
   <div class='ocr_carea' id='block_1_33' title="bbox 246 1235 1041 1271">
    <p class='ocr_par' dir='ltr' id='par_1_33' title="bbox 246 1235 1041 1271">
     <span class='ocr_line' id='line_1_33' title="bbox 246 1235 1041 1271; baseline 0.003 -9"><span class='ocrx_word' id='word_1_225' title='bbox 246 1237 332 1268; x_wconf 87' lang='lat' dir='ltr'><strong>mino,</strong></span> <span class='ocrx_word' id='word_1_226' title='bbox 348 1235 385 1262; x_wconf 77' lang='lat' dir='ltr'><strong>Ne</strong></span> <span class='ocrx_word' id='word_1_227' title='bbox 401 1244 443 1263; x_wconf 89' lang='lat' dir='ltr'><strong>me</strong></span> <span class='ocrx_word' id='word_1_228' title='bbox 458 1236 571 1270; x_wconf 90' lang='lat' dir='ltr'><strong>impium</strong></span> <span class='ocrx_word' id='word_1_229' title='bbox 585 1243 644 1263; x_wconf 80' lang='lat' dir='ltr'><strong>esse</strong></span> <span class='ocrx_word' id='word_1_230' title='bbox 661 1236 776 1267; x_wconf 82' lang='lat' dir='ltr'><strong>doceas;</strong></span> <span class='ocrx_word' id='word_1_231' title='bbox 795 1241 822 1264; x_wconf 91' lang='lat' dir='ltr'><strong>et</strong></span> <span class='ocrx_word' id='word_1_232' title='bbox 843 1244 926 1271; x_wconf 88' lang='lat' dir='ltr'><strong>quare</strong></span> <span class='ocrx_word' id='word_1_233' title='bbox 942 1244 985 1264; x_wconf 92' lang='lat' dir='ltr'><strong>me</strong></span> <span class='ocrx_word' id='word_1_234' title='bbox 1001 1237 1041 1264; x_wconf 81' lang='lat' dir='ltr'><strong>sic</strong></span> 
     </span>
    </p>
   </div>
   <div class='ocr_carea' id='block_1_34' title="bbox 245 1281 1039 1317">
    <p class='ocr_par' dir='ltr' id='par_1_34' title="bbox 245 1281 1039 1317">
     <span class='ocr_line' id='line_1_34' title="bbox 245 1281 1039 1317; baseline 0.003 -10"><span class='ocrx_word' id='word_1_235' title='bbox 245 1281 375 1316; x_wconf 80' lang='lat' dir='ltr'><strong>judirasti</strong></span> <span class='ocrx_word' id='word_1_236' title='bbox 389 1283 399 1308; x_wconf 83' lang='lat'><strong>?</strong></span> <span class='ocrx_word' id='word_1_237' title='bbox 415 1290 449 1308; x_wconf 72' lang='lat' dir='ltr'><strong>an</strong></span> <span class='ocrx_word' id='word_1_238' title='bbox 466 1282 568 1308; x_wconf 87' lang='lat' dir='ltr'><strong>bonum</strong></span> <span class='ocrx_word' id='word_1_239' title='bbox 585 1285 627 1308; x_wconf 85' lang='lat' dir='ltr'><strong>est</strong></span> <span class='ocrx_word' id='word_1_240' title='bbox 641 1281 700 1315; x_wconf 86' lang='lat' dir='ltr'><strong>tibi,</strong></span> <span class='ocrx_word' id='word_1_241' title='bbox 720 1282 743 1308; x_wconf 88' lang='lat' dir='ltr'><strong>si</strong></span> <span class='ocrx_word' id='word_1_242' title='bbox 756 1282 849 1317; x_wconf 86' lang='lat' dir='ltr'><strong>inique</strong></span> <span class='ocrx_word' id='word_1_243' title='bbox 865 1290 963 1317; x_wconf 79' lang='lat' dir='ltr'><strong>egero,</strong></span> <span class='ocrx_word' id='word_1_244' title='bbox 974 1283 1039 1317; x_wconf 83' lang='lat' dir='ltr'><strong>quia</strong></span> 
     </span>
    </p>
   </div>
   <div class='ocr_carea' id='block_1_35' title="bbox 250 1328 1038 1363">
    <p class='ocr_par' dir='ltr' id='par_1_35' title="bbox 250 1328 1038 1363">
     <span class='ocr_line' id='line_1_35' title="bbox 250 1328 1038 1363; baseline 0.003 -9"><span class='ocrx_word' id='word_1_245' title='bbox 250 1328 399 1362; x_wconf 84' lang='lat' dir='ltr'><strong>repudiasti</strong></span> <span class='ocrx_word' id='word_1_246' title='bbox 414 1336 495 1363; x_wconf 83' lang='lat' dir='ltr'><strong>opera</strong></span> <span class='ocrx_word' id='word_1_247' title='bbox 512 1335 642 1355; x_wconf 82' lang='lat' dir='ltr'><strong>manuum</strong></span> <span class='ocrx_word' id='word_1_248' title='bbox 658 1335 779 1355; x_wconf 87' lang='lat' dir='ltr'><strong>mearum</strong></span> <span class='ocrx_word' id='word_1_249' title='bbox 791 1347 799 1359; x_wconf 78' lang='lat'><strong>,</strong></span> <span class='ocrx_word' id='word_1_250' title='bbox 811 1333 837 1355; x_wconf 89' lang='lat' dir='ltr'><strong>et</strong></span> <span class='ocrx_word' id='word_1_251' title='bbox 849 1328 881 1355; x_wconf 87' lang='lat' dir='ltr'><strong>ad</strong></span> <span class='ocrx_word' id='word_1_252' title='bbox 893 1329 1038 1356; x_wconf 86' lang='lat' dir='ltr'><strong>consilium</strong></span> 
     </span>
    </p>
   </div>
   <div class='ocr_carea' id='block_1_36' title="bbox 249 1373 1038 1408">
    <p class='ocr_par' dir='ltr' id='par_1_36' title="bbox 249 1373 1038 1408">
     <span class='ocr_line' id='line_1_36' title="bbox 249 1373 1038 1408; baseline 0.004 -9"><span class='ocrx_word' id='word_1_253' title='bbox 249 1373 394 1407; x_wconf 91' lang='lat' dir='ltr'><strong>impiorum</strong></span> <span class='ocrx_word' id='word_1_254' title='bbox 411 1373 646 1400; x_wconf 78' lang='lat' dir='ltr'><strong>animadvertisti?</strong></span> <span class='ocrx_word' id='word_1_255' title='bbox 667 1381 731 1400; x_wconf 92' lang='lat' dir='ltr'><strong>num</strong></span> <span class='ocrx_word' id='word_1_256' title='bbox 750 1378 780 1400; x_wconf 87' lang='lat' dir='ltr'><strong>ut</strong></span> <span class='ocrx_word' id='word_1_257' title='bbox 803 1374 885 1401; x_wconf 89' lang='lat' dir='ltr'><strong>homo</strong></span> <span class='ocrx_word' id='word_1_258' title='bbox 901 1375 973 1402; x_wconf 68' lang='lat' dir='ltr'><strong>videt</strong></span> <span class='ocrx_word' id='word_1_259' title='bbox 985 1394 992 1408; x_wconf 87' lang='lat'><strong>,</strong></span> <span class='ocrx_word' id='word_1_260' title='bbox 1010 1380 1038 1402; x_wconf 89' lang='lat' dir='ltr'><strong>tu</strong></span> 
     </span>
    </p>
   </div>
   <div class='ocr_carea' id='block_1_37' title="bbox 247 1420 505 1456">
    <p class='ocr_par' dir='ltr' id='par_1_37' title="bbox 247 1420 505 1456">
     <span class='ocr_line' id='line_1_37' title="bbox 247 1420 505 1456; baseline -0.008 -8"><span class='ocrx_word' id='word_1_261' title='bbox 247 1422 390 1456; x_wconf 82' lang='lat' dir='ltr'><strong>despectas</strong></span> <span class='ocrx_word' id='word_1_262' title='bbox 405 1420 479 1456; x_wconf 78' lang='lat'><strong>(63)?</strong></span> <span class='ocrx_word' id='word_1_263' title='bbox 496 1430 505 1446; x_wconf 76' lang='grc' dir='ltr'><strong>ι</strong></span> 
     </span>
    </p>
   </div>
   <div class='ocr_carea' id='block_1_38' title="bbox 284 1467 1038 1502">
    <p class='ocr_par' dir='ltr' id='par_1_38' title="bbox 284 1467 1038 1502">
     <span class='ocr_line' id='line_1_38' title="bbox 284 1467 1038 1502; baseline 0 -8"><span class='ocrx_word' id='word_1_264' title='bbox 284 1467 446 1502; x_wconf 80' lang='lat' dir='ltr'><strong>llnjusmodi</strong></span> <span class='ocrx_word' id='word_1_265' title='bbox 481 1475 545 1502; x_wconf 75' lang='lat' dir='ltr'><strong>ergo</strong></span> <span class='ocrx_word' id='word_1_266' title='bbox 577 1467 603 1494; x_wconf 93' lang='lat' dir='ltr'><strong>in</strong></span> <span class='ocrx_word' id='word_1_267' title='bbox 637 1475 779 1495; x_wconf 78' lang='lat' dir='ltr'><strong>sermones</strong></span> <span class='ocrx_word' id='word_1_268' title='bbox 809 1468 932 1502; x_wconf 73' lang='lat' dir='ltr'><strong>sapiente.</strong></span> <span class='ocrx_word' id='word_1_269' title='bbox 957 1468 1038 1495; x_wconf 86' lang='lat' dir='ltr'><strong>etiam</strong></span> 
     </span>
    </p>
   </div>
   <div class='ocr_carea' id='block_1_39' title="bbox 247 1514 1038 1549">
    <p class='ocr_par' dir='ltr' id='par_1_39' title="bbox 247 1514 1038 1549">
     <span class='ocr_line' id='line_1_39' title="bbox 247 1514 1038 1549; baseline 0.001 -9"><span class='ocrx_word' id='word_1_270' title='bbox 247 1514 374 1549; x_wconf 81' lang='lat' dir='ltr'><strong>prolapso</strong></span> <span class='ocrx_word' id='word_1_271' title='bbox 391 1515 427 1541; x_wconf 92' lang='lat' dir='ltr'><strong>ob</strong></span> <span class='ocrx_word' id='word_1_272' title='bbox 442 1515 590 1541; x_wconf 86' lang='lat' dir='ltr'><strong>instructas</strong></span> <span class='ocrx_word' id='word_1_273' title='bbox 614 1514 664 1541; x_wconf 85' lang='lat' dir='ltr'><strong>sibi</strong></span> <span class='ocrx_word' id='word_1_274' title='bbox 688 1522 702 1541; x_wconf 91' lang='lat' dir='ltr'><strong>a</strong></span> <span class='ocrx_word' id='word_1_275' title='bbox 723 1514 815 1541; x_wconf 85' lang='lat' dir='ltr'><strong>stultis</strong></span> <span class='ocrx_word' id='word_1_276' title='bbox 838 1514 990 1542; x_wconf 85' lang='lat' dir='ltr'><strong>calumnias</strong></span> <span class='ocrx_word' id='word_1_277' title='bbox 1012 1519 1038 1541; x_wconf 84' lang='lat' dir='ltr'><strong>et</strong></span> 
     </span>
    </p>
   </div>
   <div class='ocr_carea' id='block_1_40' title="bbox 250 1560 1040 1594">
    <p class='ocr_par' dir='ltr' id='par_1_40' title="bbox 250 1560 1040 1594">
     <span class='ocr_line' id='line_1_40' title="bbox 250 1560 1040 1594; baseline 0.001 -8"><span class='ocrx_word' id='word_1_278' title='bbox 250 1565 395 1594; x_wconf 86' lang='lat' dir='ltr'><strong>perpetuas</strong></span> <span class='ocrx_word' id='word_1_279' title='bbox 410 1561 567 1587; x_wconf 80' lang='lat' dir='ltr'><strong>eontmdem</strong></span> <span class='ocrx_word' id='word_1_280' title='bbox 591 1560 801 1588; x_wconf 79' lang='lat' dir='ltr'><strong>obtrectationes</strong></span> <span class='ocrx_word' id='word_1_281' title='bbox 826 1564 853 1587; x_wconf 90' lang='lat' dir='ltr'><strong>et</strong></span> <span class='ocrx_word' id='word_1_282' title='bbox 872 1560 994 1588; x_wconf 75' lang='lat' dir='ltr'><strong>convicia</strong></span> <span class='ocrx_word' id='word_1_283' title='bbox 1013 1565 1040 1588; x_wconf 84' lang='lat' dir='ltr'><strong>et</strong></span> 
     </span>
    </p>
   </div>
   <div class='ocr_carea' id='block_1_41' title="bbox 251 1606 1040 1638">
    <p class='ocr_par' dir='ltr' id='par_1_41' title="bbox 251 1606 1040 1638">
     <span class='ocr_line' id='line_1_41' title="bbox 251 1606 1040 1638; baseline 0 -7"><span class='ocrx_word' id='word_1_284' title='bbox 251 1606 382 1638; x_wconf 76' lang='lat' dir='ltr'><strong>ludibria;</strong></span> <span class='ocrx_word' id='word_1_285' title='bbox 397 1614 458 1633; x_wconf 89' lang='lat' dir='ltr'><strong>cum</strong></span> <span class='ocrx_word' id='word_1_286' title='bbox 478 1606 522 1632; x_wconf 92' lang='lat' dir='ltr'><strong>ille</strong></span> <span class='ocrx_word' id='word_1_287' title='bbox 538 1606 653 1632; x_wconf 81' lang='lat' dir='ltr'><strong>subinde</strong></span> <span class='ocrx_word' id='word_1_288' title='bbox 669 1606 702 1632; x_wconf 89' lang='lat' dir='ltr'><strong>ad</strong></span> <span class='ocrx_word' id='word_1_289' title='bbox 723 1614 752 1633; x_wconf 80' lang='lat' dir='ltr'><strong>se</strong></span> <span class='ocrx_word' id='word_1_290' title='bbox 767 1606 822 1632; x_wconf 88' lang='lat' dir='ltr'><strong>cito</strong></span> <span class='ocrx_word' id='word_1_291' title='bbox 839 1606 939 1638; x_wconf 87' lang='lat' dir='ltr'><strong>redeat,</strong></span> <span class='ocrx_word' id='word_1_292' title='bbox 952 1611 979 1632; x_wconf 82' lang='lat' dir='ltr'><strong>et</strong></span> <span class='ocrx_word' id='word_1_293' title='bbox 995 1614 1040 1633; x_wconf 88' lang='lat' dir='ltr'><strong>su-</strong></span> 
     </span>
    </p>
   </div>
   <div class='ocr_carea' id='block_1_42' title="bbox 250 1649 1039 1684">
    <p class='ocr_par' dir='ltr' id='par_1_42' title="bbox 250 1649 1039 1684">
     <span class='ocr_line' id='line_1_42' title="bbox 250 1649 1039 1684; baseline 0.001 -8"><span class='ocrx_word' id='word_1_294' title='bbox 250 1650 471 1684; x_wconf 71' lang='lat' dir='ltr'><strong>pervenientibus</strong></span> <span class='ocrx_word' id='word_1_295' title='bbox 487 1650 537 1684; x_wconf 89' lang='lat' dir='ltr'><strong>ipsi</strong></span> <span class='ocrx_word' id='word_1_296' title='bbox 552 1649 631 1677; x_wconf 77' lang='lat' dir='ltr'><strong>facile</strong></span> <span class='ocrx_word' id='word_1_297' title='bbox 643 1670 649 1680; x_wconf 84' lang='lat'>.</span> <span class='ocrx_word' id='word_1_298' title='bbox 674 1655 704 1677; x_wconf 91' lang='lat' dir='ltr'><strong>ut</strong></span> <span class='ocrx_word' id='word_1_299' title='bbox 727 1651 845 1677; x_wconf 82' lang='lat' dir='ltr'><strong>humana</strong></span> <span class='ocrx_word' id='word_1_300' title='bbox 865 1650 1039 1678; x_wconf 83' lang='lat' dir='ltr'><strong>imbecillitas</strong></span> 
     </span>
    </p>
   </div>
   <div class='ocr_carea' id='block_1_43' title="bbox 251 1695 1040 1731">
    <p class='ocr_par' dir='ltr' id='par_1_43' title="bbox 251 1695 1040 1731">
     <span class='ocr_line' id='line_1_43' title="bbox 251 1695 1040 1731; baseline 0.001 -9"><span class='ocrx_word' id='word_1_301' title='bbox 251 1697 319 1727; x_wconf 83' lang='lat' dir='ltr'><strong>l&#39;ert,</strong></span> <span class='ocrx_word' id='word_1_302' title='bbox 336 1696 566 1731; x_wconf 80' lang='lat' dir='ltr'><strong>cogitationibus,</strong></span> <span class='ocrx_word' id='word_1_303' title='bbox 583 1703 643 1730; x_wconf 68' lang='lat' dir='ltr'><strong>qum</strong></span> <span class='ocrx_word' id='word_1_304' title='bbox 659 1695 747 1722; x_wconf 89' lang='lat' dir='ltr'><strong>virum</strong></span> <span class='ocrx_word' id='word_1_305' title='bbox 763 1704 816 1723; x_wconf 90' lang='lat' dir='ltr'><strong>non</strong></span> <span class='ocrx_word' id='word_1_306' title='bbox 830 1696 962 1728; x_wconf 86' lang='lat' dir='ltr'><strong>deceant,</strong></span> <span class='ocrx_word' id='word_1_307' title='bbox 979 1697 1040 1723; x_wconf 88' lang='lat' dir='ltr'><strong>ani-</strong></span> 
     </span>
    </p>
   </div>
   <div class='ocr_carea' id='block_1_44' title="bbox 250 1742 1041 1778">
    <p class='ocr_par' dir='ltr' id='par_1_44' title="bbox 250 1742 1041 1778">
     <span class='ocr_line' id='line_1_44' title="bbox 250 1742 1041 1778; baseline 0.003 -10"><span class='ocrx_word' id='word_1_308' title='bbox 250 1750 324 1769; x_wconf 92' lang='lat' dir='ltr'><strong>mum</strong></span> <span class='ocrx_word' id='word_1_309' title='bbox 341 1742 404 1769; x_wconf 85' lang='lat' dir='ltr'><strong>item</strong></span> <span class='ocrx_word' id='word_1_310' title='bbox 422 1751 454 1770; x_wconf 87' lang='lat' dir='ltr'><strong>ac</strong></span> <span class='ocrx_word' id='word_1_311' title='bbox 469 1743 588 1778; x_wconf 80' lang='lat' dir='ltr'><strong>linguam</strong></span> <span class='ocrx_word' id='word_1_312' title='bbox 613 1743 645 1769; x_wconf 88' lang='lat' dir='ltr'><strong>ad</strong></span> <span class='ocrx_word' id='word_1_313' title='bbox 663 1744 812 1778; x_wconf 81' lang='lat' dir='ltr'><strong>gratiarum</strong></span> <span class='ocrx_word' id='word_1_314' title='bbox 829 1744 963 1770; x_wconf 84' lang='lat' dir='ltr'><strong>actionem</strong></span> <span class='ocrx_word' id='word_1_315' title='bbox 980 1752 1041 1771; x_wconf 85' lang='lat' dir='ltr'><strong>rur-</strong></span> 
     </span>
    </p>
   </div>
   <div class='ocr_carea' id='block_1_45' title="bbox 248 1788 1040 1823">
    <p class='ocr_par' dir='ltr' id='par_1_45' title="bbox 248 1788 1040 1823">
     <span class='ocr_line' id='line_1_45' title="bbox 248 1788 1040 1823; baseline 0.004 -9"><span class='ocrx_word' id='word_1_316' title='bbox 248 1795 309 1814; x_wconf 91' lang='lat' dir='ltr'><strong>sum</strong></span> <span class='ocrx_word' id='word_1_317' title='bbox 325 1793 479 1821; x_wconf 82' lang='lat' dir='ltr'><strong>convertat,</strong></span> <span class='ocrx_word' id='word_1_318' title='bbox 496 1793 579 1822; x_wconf 83' lang='lat' dir='ltr'><strong>atque</strong></span> <span class='ocrx_word' id='word_1_319' title='bbox 600 1788 633 1815; x_wconf 87' lang='lat' dir='ltr'><strong>ad</strong></span> <span class='ocrx_word' id='word_1_320' title='bbox 648 1788 755 1815; x_wconf 87' lang='lat' dir='ltr'><strong>laudem</strong></span> <span class='ocrx_word' id='word_1_321' title='bbox 770 1789 866 1823; x_wconf 85' lang='lat' dir='ltr'><strong>optimi</strong></span> <span class='ocrx_word' id='word_1_322' title='bbox 886 1789 1040 1818; x_wconf 85' lang='lat' dir='ltr'><strong>Conditoris</strong></span> 
     </span>
    </p>
   </div>
   <div class='ocr_carea' id='block_1_46' title="bbox 249 1832 1050 1869">
    <p class='ocr_par' dir='ltr' id='par_1_46' title="bbox 249 1832 1050 1869">
     <span class='ocr_line' id='line_1_46' title="bbox 249 1832 1050 1869; baseline 0.004 -10"><span class='ocrx_word' id='word_1_323' title='bbox 249 1833 335 1860; x_wconf 84' lang='lat' dir='ltr'><strong>nostri</strong></span> <span class='ocrx_word' id='word_1_324' title='bbox 350 1832 395 1859; x_wconf 86' lang='lat' dir='ltr'><strong>Dei</strong></span> <span class='ocrx_word' id='word_1_325' title='bbox 409 1841 441 1860; x_wconf 90' lang='lat' dir='ltr'><strong>ac</strong></span> <span class='ocrx_word' id='word_1_326' title='bbox 455 1833 572 1864; x_wconf 83' lang='lat' dir='ltr'><strong>Domini,</strong></span> <span class='ocrx_word' id='word_1_327' title='bbox 585 1833 630 1868; x_wconf 91' lang='lat' dir='ltr'><strong>qui</strong></span> <span class='ocrx_word' id='word_1_328' title='bbox 644 1834 738 1860; x_wconf 87' lang='lat' dir='ltr'><strong>omnia</strong></span> <span class='ocrx_word' id='word_1_329' title='bbox 750 1834 880 1862; x_wconf 83' lang='lat' dir='ltr'><strong>divinitus</strong></span> <span class='ocrx_word' id='word_1_330' title='bbox 895 1835 1050 1869; x_wconf 42' lang='lat' dir='ltr'><strong>ponderaty</strong></span> 
     </span>
    </p>
   </div>
   <div class='ocr_carea' id='block_1_47' title="bbox 724 1870 1050 1916">
    <p class='ocr_par' dir='ltr' id='par_1_47' title="bbox 724 1870 1050 1916">
     <span class='ocr_line' id='line_1_47' title="bbox 724 1870 1050 1916; baseline 0 -9"><span class='ocrx_word' id='word_1_331' title='bbox 724 1880 914 1912; x_wconf 86' lang='lat' dir='ltr'><strong>annlinislrat,</strong></span> <span class='ocrx_word' id='word_1_332' title='bbox 933 1870 1050 1916; x_wconf 63' lang='grc' dir='ltr'>ξεινίου-ί</span> 
     </span>
    </p>
   </div>
   <div class='ocr_carea' id='block_1_48' title="bbox 247 1879 677 1913">
    <p class='ocr_par' dir='ltr' id='par_1_48' title="bbox 247 1879 677 1913">
     <span class='ocr_line' id='line_1_48' title="bbox 247 1879 677 1913; baseline 0.002 -8"><span class='ocrx_word' id='word_1_333' title='bbox 247 1879 358 1913; x_wconf 80' lang='lat' dir='ltr'><strong>etjusta</strong></span> <span class='ocrx_word' id='word_1_334' title='bbox 378 1879 455 1906; x_wconf 86' lang='lat' dir='ltr'><strong>lance</strong></span> <span class='ocrx_word' id='word_1_335' title='bbox 472 1879 612 1906; x_wconf 83' lang='lat' dir='ltr'><strong>hominum</strong></span> <span class='ocrx_word' id='word_1_336' title='bbox 634 1887 677 1907; x_wconf 84' lang='lat' dir='ltr'><strong>res</strong></span> 
     </span>
    </p>
   </div>
   <div class='ocr_carea' id='block_1_49' title="bbox 248 1925 1042 1961">
    <p class='ocr_par' dir='ltr' id='par_1_49' title="bbox 248 1925 1042 1961">
     <span class='ocr_line' id='line_1_49' title="bbox 248 1925 1042 1961; baseline 0.005 -10"><span class='ocrx_word' id='word_1_337' title='bbox 248 1929 290 1952; x_wconf 81' lang='lat' dir='ltr'><strong>ter</strong></span> <span class='ocrx_word' id='word_1_338' title='bbox 303 1925 416 1952; x_wconf 90' lang='lat' dir='ltr'><strong>omnino</strong></span> <span class='ocrx_word' id='word_1_339' title='bbox 432 1930 514 1958; x_wconf 85' lang='lat' dir='ltr'><strong>atque</strong></span> <span class='ocrx_word' id='word_1_340' title='bbox 528 1925 647 1959; x_wconf 87' lang='lat' dir='ltr'><strong>utiliter;</strong></span> <span class='ocrx_word' id='word_1_341' title='bbox 665 1926 766 1953; x_wconf 89' lang='lat' dir='ltr'><strong>ideirco</strong></span> <span class='ocrx_word' id='word_1_342' title='bbox 778 1926 887 1961; x_wconf 81' lang='lat' dir='ltr'><strong>sapiens</strong></span> <span class='ocrx_word' id='word_1_343' title='bbox 905 1926 1042 1955; x_wconf 76' lang='lat' dir='ltr'><strong>Ecclesia-</strong></span> 
     </span>
    </p>
   </div>
   <div class='ocr_carea' id='block_1_50' title="bbox 241 1971 580 2006">
    <p class='ocr_par' dir='ltr' id='par_1_50' title="bbox 241 1971 580 2006">
     <span class='ocr_line' id='line_1_50' title="bbox 241 1971 580 2006; baseline -0.003 -7"><span class='ocrx_word' id='word_1_344' title='bbox 241 1976 296 1999; x_wconf 87' lang='lat' dir='ltr'><strong>stes</strong></span> <span class='ocrx_word' id='word_1_345' title='bbox 303 1971 418 2006; x_wconf 84' lang='lat' dir='ltr'><strong>subjecit</strong></span> <span class='ocrx_word' id='word_1_346' title='bbox 434 1971 559 2006; x_wconf 85' lang='lat' dir='ltr'><strong>protinus</strong></span> <span class='ocrx_word' id='word_1_347' title='bbox 572 1979 580 1998; x_wconf 86' lang='lat'><strong>:</strong></span> 
     </span>
    </p>
   </div>
   <div class='ocr_carea' id='block_1_51' title="bbox 1125 637 1884 674">
    <p class='ocr_par' dir='ltr' id='par_1_51' title="bbox 1125 637 1884 674">
     <span class='ocr_line' id='line_1_51' title="bbox 1125 637 1884 674; baseline -0.001 -10"><span class='ocrx_word' id='word_1_348' title='bbox 1125 638 1238 674; x_wconf 82' lang='grc' dir='ltr'>Πρὸεισι</span> <span class='ocrx_word' id='word_1_349' title='bbox 1264 639 1319 674; x_wconf 80' lang='grc' dir='ltr'><strong>γὰρ</strong></span> <span class='ocrx_word' id='word_1_350' title='bbox 1349 638 1476 666; x_wconf 78' lang='grc' dir='ltr'>ἐντεῦθεν</span> <span class='ocrx_word' id='word_1_351' title='bbox 1499 639 1546 666; x_wconf 84' lang='grc' dir='ltr'><strong>καὶ</strong></span> <span class='ocrx_word' id='word_1_352' title='bbox 1561 639 1601 670; x_wconf 81' lang='grc' dir='ltr'>εἰς</span> <span class='ocrx_word' id='word_1_353' title='bbox 1631 638 1662 664; x_wconf 84' lang='grc' dir='ltr'>τὸ</span> <span class='ocrx_word' id='word_1_354' title='bbox 1676 638 1793 672; x_wconf 76' lang='grc' dir='ltr'>φάσκειν</span> <span class='ocrx_word' id='word_1_355' title='bbox 1813 637 1884 672; x_wconf 69' lang='grc' dir='ltr'>μετὰ</span> 
     </span>
    </p>
   </div>
   <div class='ocr_carea' id='block_1_52' title="bbox 1089 681 1886 720">
    <p class='ocr_par' dir='ltr' id='par_1_52' title="bbox 1089 681 1886 720">
     <span class='ocr_line' id='line_1_52' title="bbox 1089 681 1886 720; baseline -0.004 -9"><span class='ocrx_word' id='word_1_356' title='bbox 1089 684 1136 711; x_wconf 80' lang='grc' dir='ltr'>τοῦ</span> <span class='ocrx_word' id='word_1_357' title='bbox 1154 685 1296 720; x_wconf 66' lang='grc' dir='ltr'>προφήτου</span> <span class='ocrx_word' id='word_1_358' title='bbox 1323 685 1405 711; x_wconf 76' lang='grc' dir='ltr'><strong>Δαὸἕδ</strong></span> <span class='ocrx_word' id='word_1_359' title='bbox 1418 693 1424 699; x_wconf 85' lang='grc'><strong><em>“</em></strong></span> <span class='ocrx_word' id='word_1_360' title='bbox 1438 695 1448 710; x_wconf 74' lang='grc' dir='ltr'><strong>ι</strong></span> <span class='ocrx_word' id='word_1_361' title='bbox 1473 685 1540 711; x_wconf 70' lang='grc' dir='ltr'>Ἰδοὺ</span> <span class='ocrx_word' id='word_1_362' title='bbox 1565 681 1640 711; x_wconf 62' lang='grc' dir='ltr'>οὗτοι</span> <span class='ocrx_word' id='word_1_363' title='bbox 1663 683 1824 719; x_wconf 78' lang='grc' dir='ltr'>ἁμαρτωλοὶ</span> <span class='ocrx_word' id='word_1_364' title='bbox 1837 683 1886 709; x_wconf 74' lang='grc' dir='ltr'><strong>καὶ</strong></span> 
     </span>
    </p>
   </div>
   <div class='ocr_carea' id='block_1_53' title="bbox 1089 729 1882 764">
    <p class='ocr_par' dir='ltr' id='par_1_53' title="bbox 1089 729 1882 764">
     <span class='ocr_line' id='line_1_53' title="bbox 1089 729 1882 764; baseline -0.004 -8"><span class='ocrx_word' id='word_1_365' title='bbox 1089 731 1270 764; x_wconf 76' lang='grc' dir='ltr'>εὐθηνοῦντες</span> <span class='ocrx_word' id='word_1_366' title='bbox 1287 731 1327 762; x_wconf 85' lang='grc' dir='ltr'><strong>είς</strong></span> <span class='ocrx_word' id='word_1_367' title='bbox 1355 731 1399 756; x_wconf 74' lang='grc' dir='ltr'>τὸν</span> <span class='ocrx_word' id='word_1_368' title='bbox 1421 730 1520 762; x_wconf 64' lang='grc' dir='ltr'>αἰῶ-δα,</span> <span class='ocrx_word' id='word_1_369' title='bbox 1549 731 1683 764; x_wconf 74' lang='grc' dir='ltr'>κατέσχον</span> <span class='ocrx_word' id='word_1_370' title='bbox 1712 729 1849 756; x_wconf 73' lang='grc' dir='ltr'>πλούτου·</span> <span class='ocrx_word' id='word_1_371' title='bbox 1873 738 1882 753; x_wconf 78' lang='grc' dir='ltr'><strong>ι</strong></span> 
     </span>
    </p>
   </div>
   <div class='ocr_carea' id='block_1_54' title="bbox 1089 774 1886 810">
    <p class='ocr_par' dir='ltr' id='par_1_54' title="bbox 1089 774 1886 810">
     <span class='ocr_line' id='line_1_54' title="bbox 1089 774 1886 810; baseline -0.005 -7"><span class='ocrx_word' id='word_1_372' title='bbox 1089 777 1137 803; x_wconf 71' lang='grc' dir='ltr'><strong>καὶ</strong></span> <span class='ocrx_word' id='word_1_373' title='bbox 1153 777 1246 807; x_wconf 78' lang='grc' dir='ltr'>πάλιν,</span> <span class='ocrx_word' id='word_1_374' title='bbox 1271 785 1279 801; x_wconf 83' lang='grc' dir='ltr'><strong>ι</strong></span> <span class='ocrx_word' id='word_1_375' title='bbox 1306 775 1388 810; x_wconf 81' lang='grc' dir='ltr'>Ἐμοῦ</span> <span class='ocrx_word' id='word_1_376' title='bbox 1404 776 1433 802; x_wconf 83' lang='grc' dir='ltr'>δὲ</span> <span class='ocrx_word' id='word_1_377' title='bbox 1458 776 1534 810; x_wconf 78' lang='grc' dir='ltr'>παρὰ</span> <span class='ocrx_word' id='word_1_378' title='bbox 1565 776 1664 810; x_wconf 57' lang='grc' dir='ltr'>μικρδν</span> <span class='ocrx_word' id='word_1_379' title='bbox 1695 774 1886 810; x_wconf 66' lang='grc' dir='ltr'>ἐσαλεύθησαν</span> 
     </span>
    </p>
   </div>
   <div class='ocr_carea' id='block_1_55' title="bbox 1090 820 1887 856">
    <p class='ocr_par' dir='ltr' id='par_1_55' title="bbox 1090 820 1887 856">
     <span class='ocr_line' id='line_1_55' title="bbox 1090 820 1887 856; baseline -0.004 -8"><span class='ocrx_word' id='word_1_380' title='bbox 1090 823 1115 848; x_wconf 74' lang='grc' dir='ltr'>οἱ</span> <span class='ocrx_word' id='word_1_381' title='bbox 1140 823 1239 850; x_wconf 75' lang='grc' dir='ltr'>πόδες·</span> <span class='ocrx_word' id='word_1_382' title='bbox 1256 823 1321 856; x_wconf 83' lang='grc' dir='ltr'>παρ’</span> <span class='ocrx_word' id='word_1_383' title='bbox 1339 822 1430 855; x_wconf 78' lang='grc' dir='ltr'>ὀλίγον</span> <span class='ocrx_word' id='word_1_384' title='bbox 1455 821 1626 856; x_wconf 72' lang='grc' dir='ltr'><strong>ἐξεχύθησαν</strong></span> <span class='ocrx_word' id='word_1_385' title='bbox 1663 821 1698 847; x_wconf 79' lang='grc' dir='ltr'>τὰ</span> <span class='ocrx_word' id='word_1_386' title='bbox 1723 820 1887 855; x_wconf 65' lang='grc' dir='ltr'>διαϐήματά</span> 
     </span>
    </p>
   </div>
   <div class='ocr_carea' id='block_1_56' title="bbox 1094 869 1884 904">
    <p class='ocr_par' dir='ltr' id='par_1_56' title="bbox 1094 869 1884 904">
     <span class='ocr_line' id='line_1_56' title="bbox 1094 869 1884 904; baseline 0 -10"><span class='ocrx_word' id='word_1_387' title='bbox 1094 878 1145 904; x_wconf 81' lang='grc' dir='ltr'><strong>μου</strong></span> <span class='ocrx_word' id='word_1_388' title='bbox 1157 878 1163 884; x_wconf 90' lang='grc'>·</span> <span class='ocrx_word' id='word_1_389' title='bbox 1181 870 1222 895; x_wconf 76' lang='grc' dir='ltr'><strong>ὅτι</strong></span> <span class='ocrx_word' id='word_1_390' title='bbox 1238 869 1364 903; x_wconf 72' lang='grc' dir='ltr'>ἐζήλωσα</span> <span class='ocrx_word' id='word_1_391' title='bbox 1387 869 1434 894; x_wconf 79' lang='grc' dir='ltr'><strong>ἐπὶ</strong></span> <span class='ocrx_word' id='word_1_392' title='bbox 1457 870 1515 900; x_wconf 87' lang='grc' dir='ltr'>τοῖς</span> <span class='ocrx_word' id='word_1_393' title='bbox 1529 869 1640 903; x_wconf 84' lang='grc' dir='ltr'><strong>ἀνόμοις</strong></span> <span class='ocrx_word' id='word_1_394' title='bbox 1663 869 1775 904; x_wconf 77' lang='grc' dir='ltr'><strong>εἰρήνην</strong></span> <span class='ocrx_word' id='word_1_395' title='bbox 1793 869 1884 902; x_wconf 79' lang='grc' dir='ltr'>ἁμαρ-</span> 
     </span>
    </p>
   </div>
   <div class='ocr_carea' id='block_1_57' title="bbox 1091 914 1884 950">
    <p class='ocr_par' dir='ltr' id='par_1_57' title="bbox 1091 914 1884 950">
     <span class='ocr_line' id='line_1_57' title="bbox 1091 914 1884 950; baseline -0.001 -9"><span class='ocrx_word' id='word_1_396' title='bbox 1091 914 1186 941; x_wconf 82' lang='grc' dir='ltr'>τωλῶν</span> <span class='ocrx_word' id='word_1_397' title='bbox 1199 914 1321 950; x_wconf 84' lang='grc' dir='ltr'>θεωρῶν.</span> <span class='ocrx_word' id='word_1_398' title='bbox 1343 924 1352 940; x_wconf 74' lang='grc' dir='ltr'><strong>ι</strong></span> <span class='ocrx_word' id='word_1_399' title='bbox 1369 914 1424 942; x_wconf 80' lang='grc' dir='ltr'>Καὶ</span> <span class='ocrx_word' id='word_1_400' title='bbox 1439 914 1532 947; x_wconf 84' lang='grc' dir='ltr'>πάλιν,</span> <span class='ocrx_word' id='word_1_401' title='bbox 1550 924 1559 940; x_wconf 84' lang='grc'><strong><em>‹</em></strong></span> <span class='ocrx_word' id='word_1_402' title='bbox 1580 915 1651 946; x_wconf 83' lang='grc' dir='ltr'>Ἕως</span> <span class='ocrx_word' id='word_1_403' title='bbox 1668 915 1732 940; x_wconf 82' lang='grc' dir='ltr'>πότε</span> <span class='ocrx_word' id='word_1_404' title='bbox 1750 915 1884 949; x_wconf 81' lang='grc' dir='ltr'>ἀμαρτω-</span> 
     </span>
    </p>
   </div>
   <div class='ocr_carea' id='block_1_58' title="bbox 1091 960 1886 996">
    <p class='ocr_par' dir='ltr' id='par_1_58' title="bbox 1091 960 1886 996">
     <span class='ocr_line' id='line_1_58' title="bbox 1091 960 1886 996; baseline 0.001 -10"><span class='ocrx_word' id='word_1_405' title='bbox 1091 961 1143 992; x_wconf 70' lang='grc' dir='ltr'>λοὶ,</span> <span class='ocrx_word' id='word_1_406' title='bbox 1159 960 1256 996; x_wconf 76' lang='grc' dir='ltr'>Κύριε,</span> <span class='ocrx_word' id='word_1_407' title='bbox 1268 961 1321 992; x_wconf 75' lang='grc' dir='ltr'><strong>ἕως</strong></span> <span class='ocrx_word' id='word_1_408' title='bbox 1334 961 1397 987; x_wconf 81' lang='grc' dir='ltr'>πότε</span> <span class='ocrx_word' id='word_1_409' title='bbox 1407 961 1567 996; x_wconf 73' lang='grc' dir='ltr'>ἁμαρτωλοὶ</span> <span class='ocrx_word' id='word_1_410' title='bbox 1583 961 1768 996; x_wconf 83' lang='grc' dir='ltr'>καυχήσονται</span> <span class='ocrx_word' id='word_1_411' title='bbox 1782 970 1788 976; x_wconf 93' lang='grc'><strong>·</strong></span> <span class='ocrx_word' id='word_1_412' title='bbox 1802 961 1886 995; x_wconf 74' lang='grc' dir='ltr'>φθέγ-</span> 
     </span>
    </p>
   </div>
   <div class='ocr_carea' id='block_1_59' title="bbox 1093 1006 1886 1043">
    <p class='ocr_par' dir='ltr' id='par_1_59' title="bbox 1093 1006 1886 1043">
     <span class='ocr_line' id='line_1_59' title="bbox 1093 1006 1886 1043; baseline 0 -10"><span class='ocrx_word' id='word_1_413' title='bbox 1093 1007 1184 1038; x_wconf 82' lang='grc' dir='ltr'>ξονται</span> <span class='ocrx_word' id='word_1_414' title='bbox 1199 1007 1246 1034; x_wconf 73' lang='grc' dir='ltr'>καὶ</span> <span class='ocrx_word' id='word_1_415' title='bbox 1269 1006 1435 1042; x_wconf 75' lang='grc' dir='ltr'>λαλήσουσιν</span> <span class='ocrx_word' id='word_1_416' title='bbox 1461 1007 1570 1034; x_wconf 78' lang='grc' dir='ltr'>ἀδικίαν</span> <span class='ocrx_word' id='word_1_417' title='bbox 1583 1016 1590 1023; x_wconf 91' lang='grc'><strong>·</strong></span> <span class='ocrx_word' id='word_1_418' title='bbox 1609 1007 1759 1043; x_wconf 78' lang='grc' dir='ltr'>λαλήσουσι</span> <span class='ocrx_word' id='word_1_419' title='bbox 1783 1008 1886 1038; x_wconf 82' lang='grc' dir='ltr'>πάντες</span> 
     </span>
    </p>
   </div>
   <div class='ocr_carea' id='block_1_60' title="bbox 1092 1049 1885 1089">
    <p class='ocr_par' dir='ltr' id='par_1_60' title="bbox 1092 1049 1885 1089">
     <span class='ocr_line' id='line_1_60' title="bbox 1092 1049 1885 1089; baseline 0.001 -11"><span class='ocrx_word' id='word_1_420' title='bbox 1092 1054 1116 1078; x_wconf 82' lang='lat' dir='ltr'><strong>al</strong></span> <span class='ocrx_word' id='word_1_421' title='bbox 1132 1049 1313 1088; x_wconf 74' lang='grc' dir='ltr'>ἐργαζδμενοι</span> <span class='ocrx_word' id='word_1_422' title='bbox 1328 1053 1378 1088; x_wconf 82' lang='grc' dir='ltr'><strong>τὴν</strong></span> <span class='ocrx_word' id='word_1_423' title='bbox 1394 1054 1512 1088; x_wconf 80' lang='grc' dir='ltr'><strong>ἀνομίαν</strong></span> <span class='ocrx_word' id='word_1_424' title='bbox 1526 1062 1533 1086; x_wconf 89' lang='grc'>;</span> <span class='ocrx_word' id='word_1_425' title='bbox 1548 1063 1556 1079; x_wconf 76' lang='grc' dir='ltr'><strong>ι</strong></span> <span class='ocrx_word' id='word_1_426' title='bbox 1574 1054 1630 1080; x_wconf 69' lang='grc' dir='ltr'><strong>Καὶ</strong></span> <span class='ocrx_word' id='word_1_427' title='bbox 1646 1054 1738 1089; x_wconf 83' lang='grc' dir='ltr'>μέντοι</span> <span class='ocrx_word' id='word_1_428' title='bbox 1751 1054 1797 1080; x_wconf 73' lang='grc' dir='ltr'><strong>καὶ</strong></span> <span class='ocrx_word' id='word_1_429' title='bbox 1814 1054 1885 1088; x_wconf 74' lang='grc' dir='ltr'>μετα</span> 
     </span>
    </p>
   </div>
   <div class='ocr_carea' id='block_1_61' title="bbox 1092 1098 1885 1134">
    <p class='ocr_par' dir='ltr' id='par_1_61' title="bbox 1092 1098 1885 1134">
     <span class='ocr_line' id='line_1_61' title="bbox 1092 1098 1885 1134; baseline 0.001 -10"><span class='ocrx_word' id='word_1_430' title='bbox 1092 1098 1139 1124; x_wconf 78' lang='grc' dir='ltr'>τοῦ</span> <span class='ocrx_word' id='word_1_431' title='bbox 1154 1098 1286 1134; x_wconf 76' lang='grc' dir='ltr'>Ἰερεμίου</span> <span class='ocrx_word' id='word_1_432' title='bbox 1301 1106 1308 1113; x_wconf 83' lang='grc'><em>”</em></span> <span class='ocrx_word' id='word_1_433' title='bbox 1329 1108 1337 1124; x_wconf 77' lang='grc' dir='ltr'><strong>ι</strong></span> <span class='ocrx_word' id='word_1_434' title='bbox 1351 1099 1384 1125; x_wconf 82' lang='grc' dir='ltr'>Τί</span> <span class='ocrx_word' id='word_1_435' title='bbox 1396 1099 1437 1126; x_wconf 77' lang='grc' dir='ltr'><strong>ὅτι</strong></span> <span class='ocrx_word' id='word_1_436' title='bbox 1449 1099 1508 1130; x_wconf 73' lang='grc' dir='ltr'>ὁδὸς</span> <span class='ocrx_word' id='word_1_437' title='bbox 1521 1099 1628 1126; x_wconf 72' lang='grc' dir='ltr'>ἀσεϐῶν</span> <span class='ocrx_word' id='word_1_438' title='bbox 1640 1100 1798 1132; x_wconf 71' lang='grc' dir='ltr'>εὐοδοῦται;</span> <span class='ocrx_word' id='word_1_439' title='bbox 1815 1109 1824 1124; x_wconf 84' lang='grc'>›</span> <span class='ocrx_word' id='word_1_440' title='bbox 1837 1100 1885 1125; x_wconf 82' lang='grc' dir='ltr'>καὶ</span> 
     </span>
    </p>
   </div>
   <div class='ocr_carea' id='block_1_62' title="bbox 1093 1144 1886 1180">
    <p class='ocr_par' dir='ltr' id='par_1_62' title="bbox 1093 1144 1886 1180">
     <span class='ocr_line' id='line_1_62' title="bbox 1093 1144 1886 1180; baseline 0.001 -10"><span class='ocrx_word' id='word_1_441' title='bbox 1093 1144 1174 1171; x_wconf 77' lang='grc' dir='ltr'>πάλιν</span> <span class='ocrx_word' id='word_1_442' title='bbox 1191 1145 1261 1180; x_wconf 80' lang='grc' dir='ltr'>μετὰ</span> <span class='ocrx_word' id='word_1_443' title='bbox 1276 1144 1324 1171; x_wconf 74' lang='grc' dir='ltr'>τοῦ</span> <span class='ocrx_word' id='word_1_444' title='bbox 1336 1144 1456 1180; x_wconf 80' lang='grc' dir='ltr'>ἀθλητοῦ</span> <span class='ocrx_word' id='word_1_445' title='bbox 1471 1146 1522 1180; x_wconf 80' lang='grc' dir='ltr'>τῆς</span> <span class='ocrx_word' id='word_1_446' title='bbox 1535 1146 1676 1177; x_wconf 74' lang='grc' dir='ltr'>εὐσεϐείας</span> <span class='ocrx_word' id='word_1_447' title='bbox 1695 1146 1754 1172; x_wconf 78' lang='grc' dir='ltr'><strong>Ἰώε</strong></span> <span class='ocrx_word' id='word_1_448' title='bbox 1766 1154 1773 1160; x_wconf 91' lang='grc'><strong>·</strong></span> <span class='ocrx_word' id='word_1_449' title='bbox 1789 1154 1799 1171; x_wconf 88' lang='grc'><strong><em>‹</em></strong></span> <span class='ocrx_word' id='word_1_450' title='bbox 1821 1146 1886 1172; x_wconf 78' lang='grc' dir='ltr'><strong>Στέ-</strong></span> 
     </span>
    </p>
   </div>
   <div class='ocr_carea' id='block_1_63' title="bbox 1092 1191 1885 1227">
    <p class='ocr_par' dir='ltr' id='par_1_63' title="bbox 1092 1191 1885 1227">
     <span class='ocr_line' id='line_1_63' title="bbox 1092 1191 1885 1227; baseline 0 -10"><span class='ocrx_word' id='word_1_451' title='bbox 1092 1199 1145 1217; x_wconf 68' lang='grc' dir='ltr'>νίυν</span> <span class='ocrx_word' id='word_1_452' title='bbox 1157 1191 1256 1225; x_wconf 64' lang='grc' dir='ltr'>ἀφήσω</span> <span class='ocrx_word' id='word_1_453' title='bbox 1274 1191 1316 1216; x_wconf 76' lang='grc' dir='ltr'><strong>ἐπ’</strong></span> <span class='ocrx_word' id='word_1_454' title='bbox 1334 1191 1416 1217; x_wconf 69' lang='grc' dir='ltr'>αὐτὸν</span> <span class='ocrx_word' id='word_1_455' title='bbox 1441 1191 1474 1218; x_wconf 68' lang='grc' dir='ltr'>τὰ</span> <span class='ocrx_word' id='word_1_456' title='bbox 1504 1192 1617 1227; x_wconf 73' lang='grc' dir='ltr'>ῥήματά</span> <span class='ocrx_word' id='word_1_457' title='bbox 1637 1200 1688 1226; x_wconf 88' lang='grc' dir='ltr'><strong>μου</strong></span> <span class='ocrx_word' id='word_1_458' title='bbox 1701 1199 1707 1206; x_wconf 90' lang='grc'><strong>·</strong></span> <span class='ocrx_word' id='word_1_459' title='bbox 1723 1191 1834 1226; x_wconf 81' lang='grc' dir='ltr'>λαλήσω</span> <span class='ocrx_word' id='word_1_460' title='bbox 1855 1191 1885 1217; x_wconf 73' lang='grc' dir='ltr'>δὲ</span> 
     </span>
    </p>
   </div>
   <div class='ocr_carea' id='block_1_64' title="bbox 1091 1236 1883 1273">
    <p class='ocr_par' dir='ltr' id='par_1_64' title="bbox 1091 1236 1883 1273">
     <span class='ocr_line' id='line_1_64' title="bbox 1091 1236 1883 1273; baseline 0 -11"><span class='ocrx_word' id='word_1_461' title='bbox 1091 1236 1191 1271; x_wconf 72' lang='grc' dir='ltr'>πικρίᾳ</span> <span class='ocrx_word' id='word_1_462' title='bbox 1203 1236 1294 1272; x_wconf 72' lang='grc' dir='ltr'>ψυχῆς</span> <span class='ocrx_word' id='word_1_463' title='bbox 1312 1237 1505 1272; x_wconf 72' lang='grc' dir='ltr'><strong>συνεχόμενος,</strong></span> <span class='ocrx_word' id='word_1_464' title='bbox 1523 1239 1570 1264; x_wconf 68' lang='grc' dir='ltr'>καὶ</span> <span class='ocrx_word' id='word_1_465' title='bbox 1587 1237 1642 1273; x_wconf 81' lang='grc' dir='ltr'>ἐρῶ</span> <span class='ocrx_word' id='word_1_466' title='bbox 1665 1237 1734 1273; x_wconf 74' lang='grc' dir='ltr'>πρὸς</span> <span class='ocrx_word' id='word_1_467' title='bbox 1760 1237 1862 1272; x_wconf 79' lang='grc' dir='ltr'>Κύριον</span> <span class='ocrx_word' id='word_1_468' title='bbox 1876 1245 1883 1252; x_wconf 85' lang='grc'><strong>-</strong></span> 
     </span>
    </p>
   </div>
   <div class='ocr_carea' id='block_1_65' title="bbox 1092 1283 1886 1319">
    <p class='ocr_par' dir='ltr' id='par_1_65' title="bbox 1092 1283 1886 1319">
     <span class='ocr_line' id='line_1_65' title="bbox 1092 1283 1886 1319; baseline 0.003 -11"><span class='ocrx_word' id='word_1_469' title='bbox 1092 1283 1137 1318; x_wconf 85' lang='grc' dir='ltr'><strong>Μή</strong></span> <span class='ocrx_word' id='word_1_470' title='bbox 1155 1291 1190 1317; x_wconf 87' lang='grc' dir='ltr'><strong>με</strong></span> <span class='ocrx_word' id='word_1_471' title='bbox 1203 1283 1313 1310; x_wconf 71' lang='grc' dir='ltr'>ἀσεϐεῖν</span> <span class='ocrx_word' id='word_1_472' title='bbox 1328 1284 1439 1310; x_wconf 77' lang='grc' dir='ltr'>δίδασκε</span> <span class='ocrx_word' id='word_1_473' title='bbox 1451 1292 1458 1300; x_wconf 84' lang='grc'><strong>·</strong></span> <span class='ocrx_word' id='word_1_474' title='bbox 1476 1284 1523 1310; x_wconf 79' lang='grc' dir='ltr'>καὶ</span> <span class='ocrx_word' id='word_1_475' title='bbox 1539 1284 1584 1311; x_wconf 75' lang='grc' dir='ltr'>διὰ</span> <span class='ocrx_word' id='word_1_476' title='bbox 1603 1285 1629 1310; x_wconf 80' lang='grc' dir='ltr'><strong>τί</strong></span> <span class='ocrx_word' id='word_1_477' title='bbox 1649 1293 1683 1319; x_wconf 86' lang='grc' dir='ltr'><strong>με</strong></span> <span class='ocrx_word' id='word_1_478' title='bbox 1705 1284 1792 1316; x_wconf 75' lang='grc' dir='ltr'>οὕτως</span> <span class='ocrx_word' id='word_1_479' title='bbox 1809 1285 1886 1319; x_wconf 80' lang='grc' dir='ltr'>ἔκρι-</span> 
     </span>
    </p>
   </div>
   <div class='ocr_carea' id='block_1_66' title="bbox 1091 1329 1885 1366">
    <p class='ocr_par' dir='ltr' id='par_1_66' title="bbox 1091 1329 1885 1366">
     <span class='ocr_line' id='line_1_66' title="bbox 1091 1329 1885 1366; baseline 0.003 -11"><span class='ocrx_word' id='word_1_480' title='bbox 1091 1337 1139 1361; x_wconf 79' lang='grc' dir='ltr'><strong>νας</strong></span> <span class='ocrx_word' id='word_1_481' title='bbox 1156 1337 1162 1361; x_wconf 94' lang='grc'><strong>;</strong></span> <span class='ocrx_word' id='word_1_482' title='bbox 1181 1329 1198 1365; x_wconf 81' lang='grc' dir='ltr'><strong>ἢ</strong></span> <span class='ocrx_word' id='word_1_483' title='bbox 1217 1329 1299 1356; x_wconf 84' lang='grc' dir='ltr'>καλόν</span> <span class='ocrx_word' id='word_1_484' title='bbox 1318 1338 1370 1361; x_wconf 88' lang='grc' dir='ltr'>σοι,</span> <span class='ocrx_word' id='word_1_485' title='bbox 1387 1330 1435 1356; x_wconf 78' lang='grc' dir='ltr'><strong>ἐὰν</strong></span> <span class='ocrx_word' id='word_1_486' title='bbox 1458 1330 1591 1365; x_wconf 73' lang='grc' dir='ltr'>ἀδικήσω,</span> <span class='ocrx_word' id='word_1_487' title='bbox 1615 1331 1656 1357; x_wconf 77' lang='grc' dir='ltr'><strong>ὅτι</strong></span> <span class='ocrx_word' id='word_1_488' title='bbox 1677 1331 1798 1362; x_wconf 75' lang='grc' dir='ltr'>ἀπεῖπας</span> <span class='ocrx_word' id='word_1_489' title='bbox 1815 1332 1885 1366; x_wconf 73' lang='grc' dir='ltr'>ἔργα</span> 
     </span>
    </p>
   </div>
   <div class='ocr_carea' id='block_1_67' title="bbox 1091 1375 1886 1412">
    <p class='ocr_par' dir='ltr' id='par_1_67' title="bbox 1091 1375 1886 1412">
     <span class='ocr_line' id='line_1_67' title="bbox 1091 1375 1886 1412; baseline 0.003 -11"><span class='ocrx_word' id='word_1_490' title='bbox 1091 1375 1193 1410; x_wconf 82' lang='grc' dir='ltr'>χειρῶν</span> <span class='ocrx_word' id='word_1_491' title='bbox 1213 1384 1276 1410; x_wconf 81' lang='grc' dir='ltr'>μου,</span> <span class='ocrx_word' id='word_1_492' title='bbox 1294 1375 1377 1411; x_wconf 86' lang='grc' dir='ltr'>βουλῇ</span> <span class='ocrx_word' id='word_1_493' title='bbox 1398 1375 1427 1402; x_wconf 78' lang='grc' dir='ltr'>δὲ</span> <span class='ocrx_word' id='word_1_494' title='bbox 1442 1376 1548 1402; x_wconf 71' lang='grc' dir='ltr'>ἀσεϐῶν</span> <span class='ocrx_word' id='word_1_495' title='bbox 1566 1377 1718 1412; x_wconf 76' lang='grc' dir='ltr'>προσέσχες</span> <span class='ocrx_word' id='word_1_496' title='bbox 1735 1377 1771 1411; x_wconf 82' lang='grc' dir='ltr'>;ἧ</span> <span class='ocrx_word' id='word_1_497' title='bbox 1788 1376 1886 1412; x_wconf 73' lang='grc' dir='ltr'>ὥσπερ</span> 
     </span>
    </p>
   </div>
   <div class='ocr_carea' id='block_1_68' title="bbox 1091 1420 1489 1458">
    <p class='ocr_par' dir='ltr' id='par_1_68' title="bbox 1091 1420 1489 1458">
     <span class='ocr_line' id='line_1_68' title="bbox 1091 1420 1489 1458; baseline 0.02 -12"><span class='ocrx_word' id='word_1_498' title='bbox 1091 1421 1105 1446; x_wconf 86' lang='grc' dir='ltr'><em>ὁ</em></span> <span class='ocrx_word' id='word_1_499' title='bbox 1123 1420 1218 1455; x_wconf 81' lang='grc' dir='ltr'>βροτὸς</span> <span class='ocrx_word' id='word_1_500' title='bbox 1233 1422 1295 1457; x_wconf 81' lang='grc' dir='ltr'>ὁρᾷ,</span> <span class='ocrx_word' id='word_1_501' title='bbox 1316 1422 1437 1458; x_wconf 78' lang='grc' dir='ltr'>καθορᾷς</span> <span class='ocrx_word' id='word_1_502' title='bbox 1452 1430 1458 1454; x_wconf 87' lang='grc'>;</span> <span class='ocrx_word' id='word_1_503' title='bbox 1480 1432 1489 1448; x_wconf 72' lang='grc'><em>³</em></span> 
     </span>
    </p>
   </div>
   <div class='ocr_carea' id='block_1_69' title="bbox 1128 1467 1886 1504">
    <p class='ocr_par' dir='ltr' id='par_1_69' title="bbox 1128 1467 1886 1504">
     <span class='ocr_line' id='line_1_69' title="bbox 1128 1467 1886 1504; baseline 0.005 -12"><span class='ocrx_word' id='word_1_504' title='bbox 1128 1467 1199 1501; x_wconf 60' lang='grc' dir='ltr'><strong>Πρὸς</strong></span> <span class='ocrx_word' id='word_1_505' title='bbox 1216 1469 1279 1499; x_wconf 78' lang='grc' dir='ltr'>τοὺς</span> <span class='ocrx_word' id='word_1_506' title='bbox 1298 1468 1438 1500; x_wconf 72' lang='grc' dir='ltr'>τοιούτους</span> <span class='ocrx_word' id='word_1_507' title='bbox 1454 1467 1500 1495; x_wconf 78' lang='grc' dir='ltr'>οὖν</span> <span class='ocrx_word' id='word_1_508' title='bbox 1515 1469 1610 1502; x_wconf 84' lang='grc' dir='ltr'>λόγους</span> <span class='ocrx_word' id='word_1_509' title='bbox 1626 1469 1825 1504; x_wconf 77' lang='grc' dir='ltr'>ὑπενεχθέντος</span> <span class='ocrx_word' id='word_1_510' title='bbox 1837 1471 1886 1496; x_wconf 71' lang='grc' dir='ltr'><strong>καὶ</strong></span> 
     </span>
    </p>
   </div>
   <div class='ocr_carea' id='block_1_70' title="bbox 1090 1512 1886 1551">
    <p class='ocr_par' dir='ltr' id='par_1_70' title="bbox 1090 1512 1886 1551">
     <span class='ocr_line' id='line_1_70' title="bbox 1090 1512 1886 1551; baseline 0.006 -13"><span class='ocrx_word' id='word_1_511' title='bbox 1090 1512 1137 1539; x_wconf 83' lang='grc' dir='ltr'>τοῦ</span> <span class='ocrx_word' id='word_1_512' title='bbox 1155 1512 1237 1547; x_wconf 72' lang='grc' dir='ltr'>σοφοῦ</span> <span class='ocrx_word' id='word_1_513' title='bbox 1251 1513 1295 1540; x_wconf 79' lang='grc' dir='ltr'>διὰ</span> <span class='ocrx_word' id='word_1_514' title='bbox 1309 1513 1358 1549; x_wconf 79' lang='grc' dir='ltr'>τὴν</span> <span class='ocrx_word' id='word_1_515' title='bbox 1374 1514 1428 1540; x_wconf 85' lang='grc' dir='ltr'>τῶν</span> <span class='ocrx_word' id='word_1_516' title='bbox 1444 1515 1569 1549; x_wconf 65' lang='grc' dir='ltr'>ἀφρόνων</span> <span class='ocrx_word' id='word_1_517' title='bbox 1580 1515 1732 1551; x_wconf 81' lang='grc' dir='ltr'><strong>γενομένην</strong></span> <span class='ocrx_word' id='word_1_518' title='bbox 1749 1517 1790 1548; x_wconf 84' lang='grc' dir='ltr'>εἰς</span> <span class='ocrx_word' id='word_1_519' title='bbox 1802 1516 1886 1543; x_wconf 67' lang='grc' dir='ltr'>αὐτὸν</span> 
     </span>
    </p>
   </div>
   <div class='ocr_carea' id='block_1_71' title="bbox 1092 1555 1886 1596">
    <p class='ocr_par' dir='ltr' id='par_1_71' title="bbox 1092 1555 1886 1596">
     <span class='ocr_line' id='line_1_71' title="bbox 1092 1555 1886 1596; baseline 0.005 -12"><span class='ocrx_word' id='word_1_520' title='bbox 1092 1555 1278 1592; x_wconf 81' lang='grc' dir='ltr'>συκοφαντίαν</span> <span class='ocrx_word' id='word_1_521' title='bbox 1293 1561 1340 1586; x_wconf 75' lang='grc' dir='ltr'>καὶ</span> <span class='ocrx_word' id='word_1_522' title='bbox 1354 1559 1483 1596; x_wconf 80' lang='grc' dir='ltr'>διαϐολὴν</span> <span class='ocrx_word' id='word_1_523' title='bbox 1499 1561 1612 1596; x_wconf 83' lang='grc' dir='ltr'>συνεχῆ,</span> <span class='ocrx_word' id='word_1_524' title='bbox 1630 1563 1678 1588; x_wconf 78' lang='grc' dir='ltr'>καὶ</span> <span class='ocrx_word' id='word_1_525' title='bbox 1697 1562 1743 1588; x_wconf 72' lang='grc' dir='ltr'>τὸν</span> <span class='ocrx_word' id='word_1_526' title='bbox 1765 1562 1886 1596; x_wconf 83' lang='grc' dir='ltr'>καταγέ-</span> 
     </span>
    </p>
   </div>
   <div class='ocr_carea' id='block_1_72' title="bbox 1091 1602 1887 1642">
    <p class='ocr_par' dir='ltr' id='par_1_72' title="bbox 1091 1602 1887 1642">
     <span class='ocr_line' id='line_1_72' title="bbox 1091 1602 1887 1642; baseline 0.005 -14"><span class='ocrx_word' id='word_1_527' title='bbox 1091 1602 1164 1629; x_wconf 82' lang='grc' dir='ltr'>λωτα</span> <span class='ocrx_word' id='word_1_528' title='bbox 1192 1603 1238 1630; x_wconf 68' lang='grc' dir='ltr'>καὶ</span> <span class='ocrx_word' id='word_1_529' title='bbox 1261 1603 1310 1638; x_wconf 81' lang='grc' dir='ltr'><strong>τὴν</strong></span> <span class='ocrx_word' id='word_1_530' title='bbox 1337 1606 1502 1640; x_wconf 81' lang='grc' dir='ltr'>παροινίαν·</span> <span class='ocrx_word' id='word_1_531' title='bbox 1521 1603 1582 1632; x_wconf 78' lang='grc' dir='ltr'>εἶτα</span> <span class='ocrx_word' id='word_1_532' title='bbox 1603 1606 1684 1633; x_wconf 83' lang='grc' dir='ltr'>πάλιν</span> <span class='ocrx_word' id='word_1_533' title='bbox 1700 1606 1798 1632; x_wconf 78' lang='grc' dir='ltr'>θᾶττον</span> <span class='ocrx_word' id='word_1_534' title='bbox 1816 1607 1887 1642; x_wconf 65' lang='grc' dir='ltr'>πρὶς</span> 
     </span>
    </p>
   </div>
   <div class='ocr_carea' id='block_1_73' title="bbox 1091 1648 1885 1687">
    <p class='ocr_par' dir='ltr' id='par_1_73' title="bbox 1091 1648 1885 1687">
     <span class='ocr_line' id='line_1_73' title="bbox 1091 1648 1885 1687; baseline 0.005 -13"><span class='ocrx_word' id='word_1_535' title='bbox 1091 1648 1188 1674; x_wconf 65' lang='grc' dir='ltr'>ἑαυτὸν</span> <span class='ocrx_word' id='word_1_536' title='bbox 1203 1650 1373 1682; x_wconf 76' lang='grc' dir='ltr'>ἐπανιόντος,</span> <span class='ocrx_word' id='word_1_537' title='bbox 1388 1650 1436 1677; x_wconf 81' lang='grc' dir='ltr'>καὶ</span> <span class='ocrx_word' id='word_1_538' title='bbox 1451 1651 1508 1677; x_wconf 85' lang='grc' dir='ltr'>τῶν</span> <span class='ocrx_word' id='word_1_539' title='bbox 1522 1651 1589 1686; x_wconf 68' lang='grc' dir='ltr'>πρὸς</span> <span class='ocrx_word' id='word_1_540' title='bbox 1606 1651 1706 1687; x_wconf 78' lang='grc' dir='ltr'>μικρὸν</span> <span class='ocrx_word' id='word_1_541' title='bbox 1717 1651 1885 1678; x_wconf 77' lang='grc' dir='ltr'>ἐπανελθου-</span> 
     </span>
    </p>
   </div>
   <div class='ocr_carea' id='block_1_74' title="bbox 1093 1693 1886 1734">
    <p class='ocr_par' dir='ltr' id='par_1_74' title="bbox 1093 1693 1886 1734">
     <span class='ocr_line' id='line_1_74' title="bbox 1093 1693 1886 1734; baseline 0.006 -14"><span class='ocrx_word' id='word_1_542' title='bbox 1093 1693 1148 1720; x_wconf 87' lang='grc' dir='ltr'><strong>σῶν</strong></span> <span class='ocrx_word' id='word_1_543' title='bbox 1166 1695 1241 1730; x_wconf 81' lang='grc' dir='ltr'>αὺτῷ</span> <span class='ocrx_word' id='word_1_544' title='bbox 1259 1695 1296 1730; x_wconf 89' lang='grc' dir='ltr'>μὴ</span> <span class='ocrx_word' id='word_1_545' title='bbox 1313 1696 1513 1731; x_wconf 73' lang='grc' dir='ltr'>προσηκουσῶν</span> <span class='ocrx_word' id='word_1_546' title='bbox 1542 1697 1719 1732; x_wconf 78' lang='grc' dir='ltr'>ἐνθυμήσεων</span> <span class='ocrx_word' id='word_1_547' title='bbox 1735 1698 1765 1730; x_wconf 76' lang='grc' dir='ltr'>ἐξ</span> <span class='ocrx_word' id='word_1_548' title='bbox 1777 1698 1886 1734; x_wconf 77' lang='grc' dir='ltr'>ἀνθρω-</span> 
     </span>
    </p>
   </div>
   <div class='ocr_carea' id='block_1_75' title="bbox 1091 1740 1886 1778">
    <p class='ocr_par' dir='ltr' id='par_1_75' title="bbox 1091 1740 1886 1778">
     <span class='ocr_line' id='line_1_75' title="bbox 1091 1740 1886 1778; baseline 0.006 -13"><span class='ocrx_word' id='word_1_549' title='bbox 1091 1740 1174 1775; x_wconf 81' lang='grc' dir='ltr'>πίνης</span> <span class='ocrx_word' id='word_1_550' title='bbox 1196 1741 1396 1776; x_wconf 71' lang='grc' dir='ltr'>μικροψυχίας,</span> <span class='ocrx_word' id='word_1_551' title='bbox 1419 1742 1467 1768; x_wconf 77' lang='grc' dir='ltr'>καὶ</span> <span class='ocrx_word' id='word_1_552' title='bbox 1483 1742 1564 1769; x_wconf 84' lang='grc' dir='ltr'>πάλιν</span> <span class='ocrx_word' id='word_1_553' title='bbox 1580 1744 1650 1778; x_wconf 77' lang='grc' dir='ltr'>πρὸς</span> <span class='ocrx_word' id='word_1_554' title='bbox 1663 1743 1827 1778; x_wconf 82' lang='grc' dir='ltr'>εὐχάριστον</span> <span class='ocrx_word' id='word_1_555' title='bbox 1840 1745 1886 1770; x_wconf 64' lang='lat' dir='ltr'><strong>at.</strong></span> 
     </span>
    </p>
   </div>
   <div class='ocr_carea' id='block_1_76' title="bbox 1092 1786 1886 1823">
    <p class='ocr_par' dir='ltr' id='par_1_76' title="bbox 1092 1786 1886 1823">
     <span class='ocr_line' id='line_1_76' title="bbox 1092 1786 1886 1823; baseline 0.004 -11"><span class='ocrx_word' id='word_1_556' title='bbox 1092 1795 1167 1812; x_wconf 88' lang='grc' dir='ltr'>νεσιν</span> <span class='ocrx_word' id='word_1_557' title='bbox 1183 1786 1232 1813; x_wconf 79' lang='grc' dir='ltr'>καὶ</span> <span class='ocrx_word' id='word_1_558' title='bbox 1246 1786 1402 1820; x_wconf 76' lang='grc' dir='ltr'>δοξολογίαν</span> <span class='ocrx_word' id='word_1_559' title='bbox 1416 1787 1464 1813; x_wconf 81' lang='grc' dir='ltr'>καὶ</span> <span class='ocrx_word' id='word_1_560' title='bbox 1477 1787 1526 1822; x_wconf 85' lang='grc' dir='ltr'><strong>τὴν</strong></span> <span class='ocrx_word' id='word_1_561' title='bbox 1538 1788 1655 1823; x_wconf 84' lang='grc' dir='ltr'>καρδίαν</span> <span class='ocrx_word' id='word_1_562' title='bbox 1666 1789 1715 1815; x_wconf 78' lang='grc' dir='ltr'>καὶ</span> <span class='ocrx_word' id='word_1_563' title='bbox 1730 1788 1782 1823; x_wconf 84' lang='grc' dir='ltr'>τὴν</span> <span class='ocrx_word' id='word_1_564' title='bbox 1796 1788 1886 1822; x_wconf 76' lang='grc' dir='ltr'>γλῶτο</span> 
     </span>
    </p>
   </div>
   <div class='ocr_carea' id='block_1_77' title="bbox 1088 1833 1886 1870">
    <p class='ocr_par' dir='ltr' id='par_1_77' title="bbox 1088 1833 1886 1870">
     <span class='ocr_line' id='line_1_77' title="bbox 1088 1833 1886 1870; baseline 0.005 -13"><span class='ocrx_word' id='word_1_565' title='bbox 1088 1841 1137 1858; x_wconf 79' lang='grc' dir='ltr'><strong>ταν</strong></span> <span class='ocrx_word' id='word_1_566' title='bbox 1153 1833 1315 1867; x_wconf 73' lang='grc' dir='ltr'>κινήσαντος</span> <span class='ocrx_word' id='word_1_567' title='bbox 1329 1833 1379 1868; x_wconf 88' lang='grc' dir='ltr'><strong>τὴν</strong></span> <span class='ocrx_word' id='word_1_568' title='bbox 1395 1833 1463 1868; x_wconf 86' lang='grc' dir='ltr'>πρὸς</span> <span class='ocrx_word' id='word_1_569' title='bbox 1477 1833 1524 1860; x_wconf 86' lang='grc' dir='ltr'><strong>τὸν</strong></span> <span class='ocrx_word' id='word_1_570' title='bbox 1543 1834 1645 1868; x_wconf 72' lang='grc' dir='ltr'>ἀγαθὸν</span> <span class='ocrx_word' id='word_1_571' title='bbox 1669 1834 1749 1869; x_wconf 78' lang='grc' dir='ltr'>ἡμῶν</span> <span class='ocrx_word' id='word_1_572' title='bbox 1765 1835 1886 1870; x_wconf 75' lang='grc' dir='ltr'>Ποιητὴν</span> 
     </span>
    </p>
   </div>
   <div class='ocr_carea' id='block_1_78' title="bbox 1089 1877 1883 1919">
    <p class='ocr_par' dir='ltr' id='par_1_78' title="bbox 1089 1877 1883 1919">
     <span class='ocr_line' id='line_1_78' title="bbox 1089 1877 1883 1919; baseline 0.005 -16"><span class='ocrx_word' id='word_1_573' title='bbox 1089 1879 1135 1904; x_wconf 75' lang='grc' dir='ltr'>καὶ</span> <span class='ocrx_word' id='word_1_574' title='bbox 1163 1877 1230 1904; x_wconf 80' lang='grc' dir='ltr'>Θεὸν</span> <span class='ocrx_word' id='word_1_575' title='bbox 1257 1878 1304 1904; x_wconf 75' lang='grc' dir='ltr'>καὶ</span> <span class='ocrx_word' id='word_1_576' title='bbox 1327 1878 1480 1914; x_wconf 84' lang='grc' dir='ltr'>Δεσπότην,</span> <span class='ocrx_word' id='word_1_577' title='bbox 1496 1879 1528 1906; x_wconf 85' lang='grc' dir='ltr'>τὺ</span> <span class='ocrx_word' id='word_1_578' title='bbox 1543 1880 1578 1906; x_wconf 74' lang='grc' dir='ltr'>τὰ</span> <span class='ocrx_word' id='word_1_579' title='bbox 1602 1881 1693 1907; x_wconf 85' lang='grc' dir='ltr'>πάντα</span> <span class='ocrx_word' id='word_1_580' title='bbox 1721 1881 1883 1919; x_wconf 72' lang='grc' dir='ltr'>θεοπρεπῶς</span> 
     </span>
    </p>
   </div>
   <div class='ocr_carea' id='block_1_79' title="bbox 1080 1923 1884 1962">
    <p class='ocr_par' dir='ltr' id='par_1_79' title="bbox 1080 1923 1884 1962">
     <span class='ocr_line' id='line_1_79' title="bbox 1080 1923 1884 1962; baseline 0.006 -13"><span class='ocrx_word' id='word_1_581' title='bbox 1080 1923 1300 1958; x_wconf 67' lang='grc' dir='ltr'><strong>⁵ιιιοιλοιντεύοντιιι,</strong></span> <span class='ocrx_word' id='word_1_582' title='bbox 1316 1925 1363 1951; x_wconf 80' lang='grc' dir='ltr'>καὶ</span> <span class='ocrx_word' id='word_1_583' title='bbox 1392 1925 1486 1960; x_wconf 71' lang='grc' dir='ltr'>δικαία</span> <span class='ocrx_word' id='word_1_584' title='bbox 1505 1927 1629 1962; x_wconf 83' lang='grc' dir='ltr'>τρυτάνῃ</span> <span class='ocrx_word' id='word_1_585' title='bbox 1657 1926 1692 1953; x_wconf 67' lang='grc' dir='ltr'>τὰ</span> <span class='ocrx_word' id='word_1_586' title='bbox 1722 1927 1884 1962; x_wconf 60' lang='grc' dir='ltr'>ἀνθρώπινα</span> 
     </span>
    </p>
   </div>
   <div class='ocr_carea' id='block_1_80' title="bbox 1092 1970 1883 2008">
    <p class='ocr_par' dir='ltr' id='par_1_80' title="bbox 1092 1970 1883 2008">
     <span class='ocr_line' id='line_1_80' title="bbox 1092 1970 1883 2008; baseline 0.004 -12"><span class='ocrx_word' id='word_1_587' title='bbox 1092 1970 1240 2003; x_wconf 53' lang='grc' dir='ltr'>πανσόγως</span> <span class='ocrx_word' id='word_1_588' title='bbox 1277 1971 1432 1998; x_wconf 81' lang='grc' dir='ltr'>διοικοῦντα</span> <span class='ocrx_word' id='word_1_589' title='bbox 1460 1972 1507 1998; x_wconf 75' lang='grc' dir='ltr'><strong>καὶ</strong></span> <span class='ocrx_word' id='word_1_590' title='bbox 1535 1972 1752 2008; x_wconf 75' lang='grc' dir='ltr'>συμφερόντως·</span> <span class='ocrx_word' id='word_1_591' title='bbox 1770 1973 1883 2007; x_wconf 80' lang='grc' dir='ltr'>ἅμέσως</span> 
     </span>
    </p>
   </div>
   <div class='ocr_carea' id='block_1_81' title="bbox 1089 2015 1617 2052">
    <p class='ocr_par' dir='ltr' id='par_1_81' title="bbox 1089 2015 1617 2052">
     <span class='ocr_line' id='line_1_81' title="bbox 1089 2015 1617 2052; baseline -0.006 -8"><span class='ocrx_word' id='word_1_592' title='bbox 1089 2015 1231 2050; x_wconf 77' lang='grc' dir='ltr'>ἐπήγαγεν</span> <span class='ocrx_word' id='word_1_593' title='bbox 1245 2017 1259 2042; x_wconf 80' lang='grc' dir='ltr'>ὁ</span> <span class='ocrx_word' id='word_1_594' title='bbox 1276 2016 1358 2050; x_wconf 76' lang='grc' dir='ltr'>σοφὸς</span> <span class='ocrx_word' id='word_1_595' title='bbox 1380 2016 1599 2052; x_wconf 81' lang='grc' dir='ltr'>Ἐκκλησιαστής</span> <span class='ocrx_word' id='word_1_596' title='bbox 1610 2025 1617 2032; x_wconf 90' lang='grc'>·</span> 
     </span>
    </p>
   </div>
   <div class='ocr_carea' id='block_1_82' title="bbox 1040 2082 1098 2119">
    <p class='ocr_par' dir='ltr' id='par_1_82' title="bbox 1040 2082 1098 2119">
     <span class='ocr_line' id='line_1_82' title="bbox 1040 2082 1098 2119; baseline 0 -9"><span class='ocrx_word' id='word_1_597' title='bbox 1040 2082 1098 2119; x_wconf 74' lang='lat' dir='ltr'><strong>5x.</strong></span> 
     </span>
    </p>
   </div>
   <div class='ocr_carea' id='block_1_83' title="bbox 287 2137 1078 2179">
    <p class='ocr_par' dir='ltr' id='par_1_83' title="bbox 287 2137 1078 2179">
     <span class='ocr_line' id='line_1_83' title="bbox 287 2137 1078 2179; baseline 0.009 -15"><span class='ocrx_word' id='word_1_598' title='bbox 287 2137 370 2166; x_wconf 58' lang='lat' dir='ltr'><strong>Vens.</strong></span> <span class='ocrx_word' id='word_1_599' title='bbox 387 2139 413 2166; x_wconf 85' lang='lat'><strong>9.</strong></span> <span class='ocrx_word' id='word_1_600' title='bbox 436 2139 538 2167; x_wconf 85' lang='lat' dir='ltr'><strong>Bonum</strong></span> <span class='ocrx_word' id='word_1_601' title='bbox 554 2146 592 2168; x_wconf 77' lang='lat' dir='ltr'><strong>cst</strong></span> <span class='ocrx_word' id='word_1_602' title='bbox 608 2142 778 2169; x_wconf 78' lang='lat' dir='ltr'><strong>novissimum</strong></span> <span class='ocrx_word' id='word_1_603' title='bbox 794 2149 944 2170; x_wconf 83' lang='lat' dir='ltr'><strong>sermonum</strong></span> <span class='ocrx_word' id='word_1_604' title='bbox 959 2152 1038 2179; x_wconf 74' lang='lat' dir='ltr'><strong>super</strong></span> <span class='ocrx_word' id='word_1_605' title='bbox 1053 2147 1078 2176; x_wconf 87' lang='lat' dir='ltr'><strong>D</strong></span> 
     </span>
    </p>
   </div>
   <div class='ocr_carea' id='block_1_84' title="bbox 248 2185 495 2220">
    <p class='ocr_par' dir='ltr' id='par_1_84' title="bbox 248 2185 495 2220">
     <span class='ocr_line' id='line_1_84' title="bbox 248 2185 495 2220; baseline 0.016 -11"><span class='ocrx_word' id='word_1_606' title='bbox 248 2185 409 2218; x_wconf 75' lang='lat' dir='ltr'><strong>principium</strong></span> <span class='ocrx_word' id='word_1_607' title='bbox 427 2185 495 2220; x_wconf 73' lang='lat' dir='ltr'><strong>ejus.</strong></span> 
     </span>
    </p>
   </div>
   <div class='ocr_carea' id='block_1_85' title="bbox 286 2228 1038 2268">
    <p class='ocr_par' dir='ltr' id='par_1_85' title="bbox 286 2228 1038 2268">
     <span class='ocr_line' id='line_1_85' title="bbox 286 2228 1038 2268; baseline 0.011 -14"><span class='ocrx_word' id='word_1_608' title='bbox 286 2228 449 2262; x_wconf 81' lang='lat' dir='ltr'><strong>Sermones,</strong></span> <span class='ocrx_word' id='word_1_609' title='bbox 473 2231 520 2265; x_wconf 91' lang='lat' dir='ltr'><strong>qui</strong></span> <span class='ocrx_word' id='word_1_610' title='bbox 536 2232 654 2266; x_wconf 89' lang='lat' dir='ltr'><strong>primum</strong></span> <span class='ocrx_word' id='word_1_611' title='bbox 671 2241 703 2260; x_wconf 80' lang='lat' dir='ltr'><strong>ex</strong></span> <span class='ocrx_word' id='word_1_612' title='bbox 723 2233 840 2260; x_wconf 81' lang='lat' dir='ltr'><strong>humana</strong></span> <span class='ocrx_word' id='word_1_613' title='bbox 860 2235 1017 2263; x_wconf 88' lang='lat' dir='ltr'><strong>inlirmitate</strong></span> <span class='ocrx_word' id='word_1_614' title='bbox 1030 2256 1038 2268; x_wconf 98' lang='lat'><strong>,</strong></span> 
     </span>
    </p>
   </div>
   <div class='ocr_carea' id='block_1_86' title="bbox 250 2275 1038 2313">
    <p class='ocr_par' dir='ltr' id='par_1_86' title="bbox 250 2275 1038 2313">
     <span class='ocr_line' id='line_1_86' title="bbox 250 2275 1038 2313; baseline 0.01 -13"><span class='ocrx_word' id='word_1_615' title='bbox 250 2279 333 2309; x_wconf 87' lang='lat' dir='ltr'><strong>atque</strong></span> <span class='ocrx_word' id='word_1_616' title='bbox 348 2276 375 2301; x_wconf 92' lang='lat' dir='ltr'><strong>in</strong></span> <span class='ocrx_word' id='word_1_617' title='bbox 392 2275 450 2310; x_wconf 86' lang='lat' dir='ltr'><strong>ipsa</strong></span> <span class='ocrx_word' id='word_1_618' title='bbox 467 2278 566 2304; x_wconf 74' lang='lat' dir='ltr'><strong>trientis</strong></span> <span class='ocrx_word' id='word_1_619' title='bbox 583 2279 786 2313; x_wconf 82' lang='lat' dir='ltr'><strong>perturbatione</strong></span> <span class='ocrx_word' id='word_1_620' title='bbox 803 2280 933 2307; x_wconf 75' lang='lat' dir='ltr'><strong>adversus</strong></span> <span class='ocrx_word' id='word_1_621' title='bbox 946 2281 1038 2313; x_wconf 42' lang='lat' dir='ltr'><strong>.Deum</strong></span> 
     </span>
    </p>
   </div>
   <div class='ocr_carea' id='block_1_87' title="bbox 249 2322 1039 2361">
    <p class='ocr_par' dir='ltr' id='par_1_87' title="bbox 249 2322 1039 2361">
     <span class='ocr_line' id='line_1_87' title="bbox 249 2322 1039 2361; baseline 0.009 -15"><span class='ocrx_word' id='word_1_622' title='bbox 249 2328 408 2354; x_wconf 81' lang='lat' dir='ltr'><strong>supremum</strong></span> <span class='ocrx_word' id='word_1_623' title='bbox 425 2322 523 2356; x_wconf 78' lang='lat' dir='ltr'><strong>prolati</strong></span> <span class='ocrx_word' id='word_1_624' title='bbox 536 2329 610 2356; x_wconf 83' lang='lat' dir='ltr'><strong>sunt,</strong></span> <span class='ocrx_word' id='word_1_625' title='bbox 625 2329 654 2350; x_wconf 93' lang='lat' dir='ltr'><strong>ut</strong></span> <span class='ocrx_word' id='word_1_626' title='bbox 666 2329 694 2351; x_wconf 90' lang='lat' dir='ltr'><strong>ut</strong></span> <span class='ocrx_word' id='word_1_627' title='bbox 709 2332 722 2351; x_wconf 87' lang='lat' dir='ltr'><strong>a</strong></span> <span class='ocrx_word' id='word_1_628' title='bbox 738 2333 817 2352; x_wconf 87' lang='lat' dir='ltr'><strong>servo</strong></span> <span class='ocrx_word' id='word_1_629' title='bbox 831 2326 980 2360; x_wconf 84' lang='lat' dir='ltr'><strong>prodierint</strong></span> <span class='ocrx_word' id='word_1_630' title='bbox 996 2328 1039 2361; x_wconf 91' lang='lat' dir='ltr'><strong>pio</strong></span> 
     </span>
    </p>
   </div>
   <div class='ocr_carea' id='block_1_88' title="bbox 247 2367 1040 2406">
    <p class='ocr_par' dir='ltr' id='par_1_88' title="bbox 247 2367 1040 2406">
     <span class='ocr_line' id='line_1_88' title="bbox 247 2367 1040 2406; baseline 0.008 -13"><span class='ocrx_word' id='word_1_631' title='bbox 247 2371 331 2401; x_wconf 83' lang='lat' dir='ltr'><strong>atque</strong></span> <span class='ocrx_word' id='word_1_632' title='bbox 350 2367 491 2400; x_wconf 80' lang='lat' dir='ltr'><strong>benevolo,</strong></span> <span class='ocrx_word' id='word_1_633' title='bbox 511 2376 542 2396; x_wconf 82' lang='lat' dir='ltr'><strong>ac</strong></span> <span class='ocrx_word' id='word_1_634' title='bbox 557 2369 663 2396; x_wconf 84' lang='lat' dir='ltr'><strong>Domini</strong></span> <span class='ocrx_word' id='word_1_635' title='bbox 675 2375 780 2397; x_wconf 85' lang='lat' dir='ltr'><strong>tantum</strong></span> <span class='ocrx_word' id='word_1_636' title='bbox 797 2379 896 2399; x_wconf 86' lang='lat' dir='ltr'><strong>causas</strong></span> <span class='ocrx_word' id='word_1_637' title='bbox 913 2373 1040 2406; x_wconf 74' lang='lat' dir='ltr'><strong>ignoran-</strong></span> 
     </span>
    </p>
   </div>
   <div class='ocr_carea' id='block_1_89' title="bbox 249 2411 1040 2451">
    <p class='ocr_par' dir='ltr' id='par_1_89' title="bbox 249 2411 1040 2451">
     <span class='ocr_line' id='line_1_89' title="bbox 249 2411 1040 2451; baseline 0.009 -15"><span class='ocrx_word' id='word_1_638' title='bbox 249 2415 292 2443; x_wconf 87' lang='lat' dir='ltr'><strong>te,</strong></span> <span class='ocrx_word' id='word_1_639' title='bbox 316 2411 337 2438; x_wconf 81' lang='lat' dir='ltr'><strong>si</strong></span> <span class='ocrx_word' id='word_1_640' title='bbox 357 2420 419 2438; x_wconf 90' lang='lat' dir='ltr'><strong>cum</strong></span> <span class='ocrx_word' id='word_1_641' title='bbox 441 2421 473 2440; x_wconf 86' lang='lat' dir='ltr'><strong>eo</strong></span> <span class='ocrx_word' id='word_1_642' title='bbox 490 2421 617 2442; x_wconf 86' lang='lat' dir='ltr'><strong>sermone</strong></span> <span class='ocrx_word' id='word_1_643' title='bbox 641 2423 798 2449; x_wconf 88' lang='lat' dir='ltr'><strong>compares,</strong></span> <span class='ocrx_word' id='word_1_644' title='bbox 817 2417 863 2450; x_wconf 90' lang='lat' dir='ltr'><strong>qni</strong></span> <span class='ocrx_word' id='word_1_645' title='bbox 882 2424 897 2442; x_wconf 90' lang='lat' dir='ltr'><strong>a</strong></span> <span class='ocrx_word' id='word_1_646' title='bbox 919 2418 1040 2451; x_wconf 84' lang='lat' dir='ltr'><strong>sapiente</strong></span> 
     </span>
    </p>
   </div>
   <div class='ocr_carea' id='block_1_90' title="bbox 249 2457 1040 2498">
    <p class='ocr_par' dir='ltr' id='par_1_90' title="bbox 249 2457 1040 2498">
     <span class='ocr_line' id='line_1_90' title="bbox 249 2457 1040 2498; baseline 0.009 -15"><span class='ocrx_word' id='word_1_647' title='bbox 249 2457 353 2484; x_wconf 88' lang='lat' dir='ltr'><strong>scilicet</strong></span> <span class='ocrx_word' id='word_1_648' title='bbox 372 2458 424 2485; x_wconf 89' lang='lat' dir='ltr'><strong>sub</strong></span> <span class='ocrx_word' id='word_1_649' title='bbox 439 2459 519 2486; x_wconf 78' lang='lat' dir='ltr'><strong>tinem</strong></span> <span class='ocrx_word' id='word_1_650' title='bbox 537 2463 729 2495; x_wconf 90' lang='lat' dir='ltr'><strong>pronuntiatus</strong></span> <span class='ocrx_word' id='word_1_651' title='bbox 745 2468 796 2495; x_wconf 83' lang='lat' dir='ltr'><strong>est,</strong></span> <span class='ocrx_word' id='word_1_652' title='bbox 812 2464 914 2498; x_wconf 89' lang='lat' dir='ltr'><strong>quique</strong></span> <span class='ocrx_word' id='word_1_653' title='bbox 931 2464 1040 2491; x_wconf 90' lang='lat' dir='ltr'><strong>laudem</strong></span> 
     </span>
    </p>
   </div>
   <div class='ocr_carea' id='block_1_91' title="bbox 247 2503 1041 2543">
    <p class='ocr_par' dir='ltr' id='par_1_91' title="bbox 247 2503 1041 2543">
     <span class='ocr_line' id='line_1_91' title="bbox 247 2503 1041 2543; baseline 0.009 -14"><span class='ocrx_word' id='word_1_654' title='bbox 247 2503 372 2530; x_wconf 76' lang='lat' dir='ltr'><strong>eoutinet</strong></span> <span class='ocrx_word' id='word_1_655' title='bbox 391 2509 418 2531; x_wconf 85' lang='lat' dir='ltr'><strong>et</strong></span> <span class='ocrx_word' id='word_1_656' title='bbox 435 2506 584 2540; x_wconf 78' lang='lat' dir='ltr'><strong>gratiarum</strong></span> <span class='ocrx_word' id='word_1_657' title='bbox 605 2508 739 2535; x_wconf 85' lang='lat' dir='ltr'><strong>actionem</strong></span> <span class='ocrx_word' id='word_1_658' title='bbox 763 2509 796 2536; x_wconf 90' lang='lat' dir='ltr'><strong>de</strong></span> <span class='ocrx_word' id='word_1_659' title='bbox 813 2509 956 2541; x_wconf 84' lang='lat' dir='ltr'><strong>omnibus,</strong></span> <span class='ocrx_word' id='word_1_660' title='bbox 981 2517 1041 2543; x_wconf 67' lang='lat' dir='ltr'><strong>quae</strong></span> 
     </span>
    </p>
   </div>
   <div class='ocr_carea' id='block_1_92' title="bbox 249 2549 1040 2589">
    <p class='ocr_par' dir='ltr' id='par_1_92' title="bbox 249 2549 1040 2589">
     <span class='ocr_line' id='line_1_92' title="bbox 249 2549 1040 2589; baseline 0.009 -14"><span class='ocrx_word' id='word_1_661' title='bbox 249 2556 297 2583; x_wconf 79' lang='lat' dir='ltr'><strong>per</strong></span> <span class='ocrx_word' id='word_1_662' title='bbox 308 2549 402 2577; x_wconf 86' lang='lat' dir='ltr'><strong>orbem</strong></span> <span class='ocrx_word' id='word_1_663' title='bbox 419 2551 657 2586; x_wconf 85' lang='lat' dir='ltr'><strong>administrantur,</strong></span> <span class='ocrx_word' id='word_1_664' title='bbox 672 2554 716 2581; x_wconf 93' lang='lat' dir='ltr'><strong>hic</strong></span> <span class='ocrx_word' id='word_1_665' title='bbox 731 2555 825 2589; x_wconf 89' lang='lat' dir='ltr'><strong>utique</strong></span> <span class='ocrx_word' id='word_1_666' title='bbox 841 2555 928 2582; x_wconf 92' lang='lat' dir='ltr'><strong>multo</strong></span> <span class='ocrx_word' id='word_1_667' title='bbox 942 2555 1040 2582; x_wconf 85' lang='lat' dir='ltr'><strong>melior</strong></span> 
     </span>
    </p>
   </div>
   <div class='ocr_carea' id='block_1_93' title="bbox 247 2596 1039 2635">
    <p class='ocr_par' dir='ltr' id='par_1_93' title="bbox 247 2596 1039 2635">
     <span class='ocr_line' id='line_1_93' title="bbox 247 2596 1039 2635; baseline 0.008 -14"><span class='ocrx_word' id='word_1_668' title='bbox 247 2599 275 2621; x_wconf 85' lang='lat' dir='ltr'><strong>et</strong></span> <span class='ocrx_word' id='word_1_669' title='bbox 291 2596 458 2623; x_wconf 88' lang='lat' dir='ltr'><strong>conveniens</strong></span> <span class='ocrx_word' id='word_1_670' title='bbox 471 2604 502 2624; x_wconf 91' lang='lat' dir='ltr'><strong>ac</strong></span> <span class='ocrx_word' id='word_1_671' title='bbox 514 2603 716 2626; x_wconf 84' lang='lat' dir='ltr'><strong>consentaneus</strong></span> <span class='ocrx_word' id='word_1_672' title='bbox 733 2600 894 2633; x_wconf 87' lang='lat' dir='ltr'><strong>reperiatur.</strong></span> <span class='ocrx_word' id='word_1_673' title='bbox 911 2599 978 2627; x_wconf 82' lang='lat' dir='ltr'><strong>Nam</strong></span> <span class='ocrx_word' id='word_1_674' title='bbox 992 2600 1039 2635; x_wconf 86' lang='lat' dir='ltr'><strong>qui</strong></span> 
     </span>
    </p>
   </div>
   <div class='ocr_carea' id='block_1_94' title="bbox 247 2642 1037 2679">
    <p class='ocr_par' dir='ltr' id='par_1_94' title="bbox 247 2642 1037 2679">
     <span class='ocr_line' id='line_1_94' title="bbox 247 2642 1037 2679; baseline 0.009 -13"><span class='ocrx_word' id='word_1_675' title='bbox 247 2647 342 2667; x_wconf 74' lang='lat' dir='ltr'><strong>revera</strong></span> <span class='ocrx_word' id='word_1_676' title='bbox 360 2642 469 2676; x_wconf 84' lang='lat' dir='ltr'><strong>sapiens</strong></span> <span class='ocrx_word' id='word_1_677' title='bbox 485 2643 518 2670; x_wconf 90' lang='lat' dir='ltr'><strong>sit</strong></span> <span class='ocrx_word' id='word_1_678' title='bbox 531 2663 538 2674; x_wconf 86' lang='lat'><strong>,</strong></span> <span class='ocrx_word' id='word_1_679' title='bbox 560 2645 692 2679; x_wconf 88' lang='lat' dir='ltr'><strong>quidquid</strong></span> <span class='ocrx_word' id='word_1_680' title='bbox 706 2645 778 2672; x_wconf 82' lang='lat' dir='ltr'><strong>circa</strong></span> <span class='ocrx_word' id='word_1_681' title='bbox 797 2645 938 2673; x_wconf 91' lang='lat' dir='ltr'><strong>hominum</strong></span> <span class='ocrx_word' id='word_1_682' title='bbox 954 2646 1037 2673; x_wconf 87' lang='lat' dir='ltr'><strong>vitam</strong></span> 
     </span>
    </p>
   </div>
   <div class='ocr_carea' id='block_1_95' title="bbox 247 2686 1036 2725">
    <p class='ocr_par' dir='ltr' id='par_1_95' title="bbox 247 2686 1036 2725">
     <span class='ocr_line' id='line_1_95' title="bbox 247 2686 1036 2725; baseline 0.01 -13"><span class='ocrx_word' id='word_1_683' title='bbox 247 2686 427 2714; x_wconf 82' lang='lat' dir='ltr'><strong>constitutum</strong></span> <span class='ocrx_word' id='word_1_684' title='bbox 443 2688 532 2716; x_wconf 85' lang='lat' dir='ltr'><strong>videat</strong></span> <span class='ocrx_word' id='word_1_685' title='bbox 549 2696 582 2716; x_wconf 87' lang='lat' dir='ltr'><strong>ac</strong></span> <span class='ocrx_word' id='word_1_686' title='bbox 599 2695 712 2724; x_wconf 84' lang='lat' dir='ltr'><strong>noscat,</strong></span> <span class='ocrx_word' id='word_1_687' title='bbox 730 2691 765 2718; x_wconf 84' lang='lat' dir='ltr'><strong>ita</strong></span> <span class='ocrx_word' id='word_1_688' title='bbox 781 2691 861 2719; x_wconf 87' lang='lat' dir='ltr'><strong>debet</strong></span> <span class='ocrx_word' id='word_1_689' title='bbox 872 2692 1016 2720; x_wconf 82' lang='lat' dir='ltr'><strong>admittere</strong></span> <span class='ocrx_word' id='word_1_690' title='bbox 1029 2712 1036 2725; x_wconf 90' lang='lat'><strong>,</strong></span> 
     </span>
    </p>
   </div>
   <div class='ocr_carea' id='block_1_96' title="bbox 1133 2146 1792 2184">
    <p class='ocr_par' dir='ltr' id='par_1_96' title="bbox 1133 2146 1792 2184">
     <span class='ocr_line' id='line_1_96' title="bbox 1133 2146 1792 2184; baseline 0.006 -12"><span class='ocrx_word' id='word_1_691' title='bbox 1133 2147 1235 2182; x_wconf 72' lang='grc' dir='ltr'>Ἀγαυὴ</span> <span class='ocrx_word' id='word_1_692' title='bbox 1251 2146 1366 2182; x_wconf 81' lang='grc' dir='ltr'><strong>ἐσχάτη</strong></span> <span class='ocrx_word' id='word_1_693' title='bbox 1379 2147 1480 2182; x_wconf 73' lang='grc' dir='ltr'>λόγων</span> <span class='ocrx_word' id='word_1_694' title='bbox 1492 2146 1567 2183; x_wconf 76' lang='grc' dir='ltr'><strong>ὑπὲρ</strong></span> <span class='ocrx_word' id='word_1_695' title='bbox 1577 2148 1677 2184; x_wconf 77' lang='grc' dir='ltr'>ἀρχὴν</span> <span class='ocrx_word' id='word_1_696' title='bbox 1687 2149 1792 2177; x_wconf 82' lang='grc' dir='ltr'><strong>αὐτοῦ.</strong></span> 
     </span>
    </p>
   </div>
   <div class='ocr_carea' id='block_1_97' title="bbox 1126 2235 1884 2276">
    <p class='ocr_par' dir='ltr' id='par_1_97' title="bbox 1126 2235 1884 2276">
     <span class='ocr_line' id='line_1_97' title="bbox 1126 2235 1884 2276; baseline 0.007 -14"><span class='ocrx_word' id='word_1_697' title='bbox 1126 2235 1188 2262; x_wconf 84' lang='grc' dir='ltr'><strong>Τῶν</strong></span> <span class='ocrx_word' id='word_1_698' title='bbox 1202 2236 1232 2268; x_wconf 77' lang='grc' dir='ltr'>ἐξ</span> <span class='ocrx_word' id='word_1_699' title='bbox 1246 2237 1423 2274; x_wconf 82' lang='grc' dir='ltr'>ἀνθρωπίνης</span> <span class='ocrx_word' id='word_1_700' title='bbox 1452 2239 1640 2276; x_wconf 67' lang='grc' dir='ltr'>μικροψυχίας</span> <span class='ocrx_word' id='word_1_701' title='bbox 1657 2241 1718 2267; x_wconf 85' lang='grc' dir='ltr'>κατ’</span> <span class='ocrx_word' id='word_1_702' title='bbox 1728 2240 1818 2276; x_wconf 73' lang='grc' dir='ltr'>ἀρχὰς</span> <span class='ocrx_word' id='word_1_703' title='bbox 1836 2242 1884 2267; x_wconf 71' lang='grc' dir='ltr'>καὶ</span> 
     </span>
    </p>
   </div>
   <div class='ocr_carea' id='block_1_98' title="bbox 1090 2281 1884 2322">
    <p class='ocr_par' dir='ltr' id='par_1_98' title="bbox 1090 2281 1884 2322">
     <span class='ocr_line' id='line_1_98' title="bbox 1090 2281 1884 2322; baseline 0.006 -14"><span class='ocrx_word' id='word_1_704' title='bbox 1090 2281 1137 2308; x_wconf 77' lang='grc' dir='ltr'>τοῦ</span> <span class='ocrx_word' id='word_1_705' title='bbox 1168 2282 1250 2309; x_wconf 80' lang='grc' dir='ltr'>σάλου</span> <span class='ocrx_word' id='word_1_706' title='bbox 1268 2284 1321 2310; x_wconf 83' lang='grc' dir='ltr'>τῶν</span> <span class='ocrx_word' id='word_1_707' title='bbox 1336 2284 1477 2320; x_wconf 78' lang='grc' dir='ltr'>λογισμῶν</span> <span class='ocrx_word' id='word_1_708' title='bbox 1496 2286 1685 2321; x_wconf 79' lang='grc' dir='ltr'>προελθόντων</span> <span class='ocrx_word' id='word_1_709' title='bbox 1707 2286 1794 2320; x_wconf 80' lang='grc' dir='ltr'>λόγων</span> <span class='ocrx_word' id='word_1_710' title='bbox 1816 2287 1884 2322; x_wconf 81' lang='grc' dir='ltr'>πρὸς</span> 
     </span>
    </p>
   </div>
   <div class='ocr_carea' id='block_1_99' title="bbox 1090 2328 1884 2368">
    <p class='ocr_par' dir='ltr' id='par_1_99' title="bbox 1090 2328 1884 2368">
     <span class='ocr_line' id='line_1_99' title="bbox 1090 2328 1884 2368; baseline 0.006 -14"><span class='ocrx_word' id='word_1_711' title='bbox 1090 2328 1137 2354; x_wconf 69' lang='grc' dir='ltr'>τὸν</span> <span class='ocrx_word' id='word_1_712' title='bbox 1154 2328 1201 2355; x_wconf 74' lang='grc' dir='ltr'><strong>ἐπὶ</strong></span> <span class='ocrx_word' id='word_1_713' title='bbox 1220 2330 1331 2357; x_wconf 80' lang='grc' dir='ltr'>πάντων</span> <span class='ocrx_word' id='word_1_714' title='bbox 1353 2331 1429 2363; x_wconf 74' lang='grc' dir='ltr'>Θεὸν,</span> <span class='ocrx_word' id='word_1_715' title='bbox 1458 2333 1635 2367; x_wconf 83' lang='grc' dir='ltr'>ἁγιοπρεπῶς</span> <span class='ocrx_word' id='word_1_716' title='bbox 1664 2333 1713 2368; x_wconf 86' lang='grc' dir='ltr'><strong>μὲν</strong></span> <span class='ocrx_word' id='word_1_717' title='bbox 1740 2333 1787 2359; x_wconf 72' lang='grc' dir='ltr'><strong>καὶ</strong></span> <span class='ocrx_word' id='word_1_718' title='bbox 1805 2333 1884 2368; x_wconf 72' lang='grc' dir='ltr'>δίκην</span> 
     </span>
    </p>
   </div>
   <div class='ocr_carea' id='block_1_100' title="bbox 1091 2375 1884 2414">
    <p class='ocr_par' dir='ltr' id='par_1_100' title="bbox 1091 2375 1884 2414">
     <span class='ocr_line' id='line_1_100' title="bbox 1091 2375 1884 2414; baseline 0.008 -14"><span class='ocrx_word' id='word_1_719' title='bbox 1091 2375 1265 2410; x_wconf 76' lang='grc' dir='ltr'>εὐγνώμονος</span> <span class='ocrx_word' id='word_1_720' title='bbox 1279 2377 1396 2410; x_wconf 76' lang='grc' dir='ltr'>οἰκέτου,</span> <span class='ocrx_word' id='word_1_721' title='bbox 1414 2378 1463 2410; x_wconf 83' lang='grc' dir='ltr'>τὰς</span> <span class='ocrx_word' id='word_1_722' title='bbox 1490 2379 1579 2410; x_wconf 77' lang='grc' dir='ltr'>αἰτίας</span> <span class='ocrx_word' id='word_1_723' title='bbox 1599 2379 1627 2405; x_wconf 78' lang='grc' dir='ltr'>δὲ</span> <span class='ocrx_word' id='word_1_724' title='bbox 1649 2380 1680 2406; x_wconf 85' lang='grc' dir='ltr'><strong>οὐ</strong></span> <span class='ocrx_word' id='word_1_725' title='bbox 1701 2380 1884 2414; x_wconf 79' lang='grc' dir='ltr'>γινώσκοντος</span> 
     </span>
    </p>
   </div>
   <div class='ocr_carea' id='block_1_101' title="bbox 1093 2420 1884 2460">
    <p class='ocr_par' dir='ltr' id='par_1_101' title="bbox 1093 2420 1884 2460">
     <span class='ocr_line' id='line_1_101' title="bbox 1093 2420 1884 2460; baseline 0.009 -15"><span class='ocrx_word' id='word_1_726' title='bbox 1093 2420 1147 2446; x_wconf 82' lang='grc' dir='ltr'><strong>τῶν</strong></span> <span class='ocrx_word' id='word_1_727' title='bbox 1166 2421 1219 2446; x_wconf 72' lang='grc' dir='ltr'>ὑπὸ</span> <span class='ocrx_word' id='word_1_728' title='bbox 1233 2422 1280 2448; x_wconf 79' lang='grc' dir='ltr'>τοῦ</span> <span class='ocrx_word' id='word_1_729' title='bbox 1296 2423 1436 2450; x_wconf 75' lang='grc' dir='ltr'>Δεσπὸτου</span> <span class='ocrx_word' id='word_1_730' title='bbox 1447 2424 1645 2459; x_wconf 75' lang='grc' dir='ltr'>διοικουμένων</span> <span class='ocrx_word' id='word_1_731' title='bbox 1657 2432 1663 2438; x_wconf 92' lang='grc'><strong>·</strong></span> <span class='ocrx_word' id='word_1_732' title='bbox 1676 2425 1729 2451; x_wconf 79' lang='grc' dir='ltr'><strong>ὑπὸ</strong></span> <span class='ocrx_word' id='word_1_733' title='bbox 1740 2425 1788 2451; x_wconf 76' lang='grc' dir='ltr'>τοῦ</span> <span class='ocrx_word' id='word_1_734' title='bbox 1802 2426 1884 2460; x_wconf 59' lang='grc' dir='ltr'>σοφοῦ</span> 
     </span>
    </p>
   </div>
   <div class='ocr_carea' id='block_1_102' title="bbox 1091 2465 1884 2506">
    <p class='ocr_par' dir='ltr' id='par_1_102' title="bbox 1091 2465 1884 2506">
     <span class='ocr_line' id='line_1_102' title="bbox 1091 2465 1884 2506; baseline 0.008 -15"><span class='ocrx_word' id='word_1_735' title='bbox 1091 2465 1192 2502; x_wconf 81' lang='grc' dir='ltr'>δηλαδὴ</span> <span class='ocrx_word' id='word_1_736' title='bbox 1222 2469 1495 2504; x_wconf 76' lang='grc' dir='ltr'>προσαγορευθέντος</span> <span class='ocrx_word' id='word_1_737' title='bbox 1512 2471 1528 2506; x_wconf 84' lang='grc' dir='ltr'>ὴ</span> <span class='ocrx_word' id='word_1_738' title='bbox 1543 2470 1586 2496; x_wconf 73' lang='grc' dir='ltr'><strong>ἐπ’</strong></span> <span class='ocrx_word' id='word_1_739' title='bbox 1599 2470 1724 2505; x_wconf 76' lang='grc' dir='ltr'>ἐσχάτων</span> <span class='ocrx_word' id='word_1_740' title='bbox 1751 2472 1884 2506; x_wconf 78' lang='grc' dir='ltr'>γινομένη</span> 
     </span>
    </p>
   </div>
   <div class='ocr_carea' id='block_1_103' title="bbox 1089 2511 1884 2551">
    <p class='ocr_par' dir='ltr' id='par_1_103' title="bbox 1089 2511 1884 2551">
     <span class='ocr_line' id='line_1_103' title="bbox 1089 2511 1884 2551; baseline 0.008 -15"><span class='ocrx_word' id='word_1_741' title='bbox 1089 2511 1144 2537; x_wconf 79' lang='grc' dir='ltr'>τῶν</span> <span class='ocrx_word' id='word_1_742' title='bbox 1156 2511 1243 2538; x_wconf 72' lang='grc' dir='ltr'>λόγων</span> <span class='ocrx_word' id='word_1_743' title='bbox 1262 2514 1476 2550; x_wconf 78' lang='grc' dir='ltr'>εὐχαριστήριος</span> <span class='ocrx_word' id='word_1_744' title='bbox 1491 2515 1594 2547; x_wconf 75' lang='grc' dir='ltr'>αῖνεσις</span> <span class='ocrx_word' id='word_1_745' title='bbox 1612 2516 1683 2551; x_wconf 80' lang='grc' dir='ltr'>ὑπὲρ</span> <span class='ocrx_word' id='word_1_746' title='bbox 1706 2516 1817 2542; x_wconf 76' lang='grc' dir='ltr'>πάντων</span> <span class='ocrx_word' id='word_1_747' title='bbox 1831 2517 1884 2542; x_wconf 66' lang='grc' dir='ltr'>τᾶν</span> 
     </span>
    </p>
   </div>
   <div class='ocr_carea' id='block_1_104' title="bbox 1089 2558 1883 2598">
    <p class='ocr_par' dir='ltr' id='par_1_104' title="bbox 1089 2558 1883 2598">
     <span class='ocr_line' id='line_1_104' title="bbox 1089 2558 1883 2598; baseline 0.009 -15"><span class='ocrx_word' id='word_1_748' title='bbox 1089 2558 1160 2584; x_wconf 83' lang='grc' dir='ltr'>κατὰ</span> <span class='ocrx_word' id='word_1_749' title='bbox 1192 2558 1297 2593; x_wconf 86' lang='grc' dir='ltr'>κόσμον</span> <span class='ocrx_word' id='word_1_750' title='bbox 1312 2560 1518 2595; x_wconf 74' lang='grc' dir='ltr'>διοικουμένων,</span> <span class='ocrx_word' id='word_1_751' title='bbox 1535 2561 1625 2597; x_wconf 84' lang='grc' dir='ltr'>ἀγαθὴ</span> <span class='ocrx_word' id='word_1_752' title='bbox 1652 2562 1753 2597; x_wconf 83' lang='grc' dir='ltr'>μᾶλλον</span> <span class='ocrx_word' id='word_1_753' title='bbox 1766 2562 1883 2598; x_wconf 71' lang='grc' dir='ltr'>εὕρηται</span> 
     </span>
    </p>
   </div>
   <div class='ocr_carea' id='block_1_105' title="bbox 1089 2603 1883 2642">
    <p class='ocr_par' dir='ltr' id='par_1_105' title="bbox 1089 2603 1883 2642">
     <span class='ocr_line' id='line_1_105' title="bbox 1089 2603 1883 2642; baseline 0.008 -14"><span class='ocrx_word' id='word_1_754' title='bbox 1089 2603 1135 2629; x_wconf 75' lang='grc' dir='ltr'><strong>καὶ</strong></span> <span class='ocrx_word' id='word_1_755' title='bbox 1166 2603 1308 2638; x_wconf 79' lang='grc' dir='ltr'>πρέπουσα</span> <span class='ocrx_word' id='word_1_756' title='bbox 1335 2606 1382 2632; x_wconf 78' lang='grc' dir='ltr'><strong>καὶ</strong></span> <span class='ocrx_word' id='word_1_757' title='bbox 1406 2607 1586 2641; x_wconf 78' lang='grc' dir='ltr'>κατάλληλος.</span> <span class='ocrx_word' id='word_1_758' title='bbox 1612 2608 1642 2634; x_wconf 84' lang='lat' dir='ltr'><strong>&#39;U</strong></span> <span class='ocrx_word' id='word_1_759' title='bbox 1659 2608 1714 2642; x_wconf 79' lang='grc' dir='ltr'>γὰρ</span> <span class='ocrx_word' id='word_1_760' title='bbox 1739 2608 1822 2642; x_wconf 76' lang='grc' dir='ltr'>σοφὸς</span> <span class='ocrx_word' id='word_1_761' title='bbox 1845 2607 1883 2641; x_wconf 65' lang='grc' dir='ltr'>τᾷ</span> 
     </span>
    </p>
   </div>
   <div class='ocr_carea' id='block_1_106' title="bbox 1087 2648 1883 2689">
    <p class='ocr_par' dir='ltr' id='par_1_106' title="bbox 1087 2648 1883 2689">
     <span class='ocr_line' id='line_1_106' title="bbox 1087 2648 1883 2689; baseline 0.008 -15"><span class='ocrx_word' id='word_1_762' title='bbox 1087 2648 1145 2674; x_wconf 81' lang='grc' dir='ltr'>δντι</span> <span class='ocrx_word' id='word_1_763' title='bbox 1163 2650 1217 2675; x_wconf 80' lang='grc' dir='ltr'><strong>πᾶν</strong></span> <span class='ocrx_word' id='word_1_764' title='bbox 1231 2649 1245 2676; x_wconf 79' lang='grc' dir='ltr'><strong>ὃ</strong></span> <span class='ocrx_word' id='word_1_765' title='bbox 1262 2649 1357 2685; x_wconf 78' lang='grc' dir='ltr'>βλέπει</span> <span class='ocrx_word' id='word_1_766' title='bbox 1373 2653 1420 2678; x_wconf 70' lang='grc' dir='ltr'>καὶ</span> <span class='ocrx_word' id='word_1_767' title='bbox 1444 2653 1624 2686; x_wconf 83' lang='grc' dir='ltr'>διαγινώσκει</span> <span class='ocrx_word' id='word_1_768' title='bbox 1639 2654 1828 2689; x_wconf 74' lang='grc' dir='ltr'>διοικούμενον</span> <span class='ocrx_word' id='word_1_769' title='bbox 1842 2655 1883 2684; x_wconf 70' lang='grc' dir='ltr'><strong>είς</strong></span> 
     </span>
    </p>
   </div>
   <div class='ocr_carea' id='block_1_107' title="bbox 1087 2695 1886 2737">
    <p class='ocr_par' dir='ltr' id='par_1_107' title="bbox 1087 2695 1886 2737">
     <span class='ocr_line' id='line_1_107' title="bbox 1087 2695 1886 2737; baseline 0.009 -17"><span class='ocrx_word' id='word_1_770' title='bbox 1087 2695 1138 2730; x_wconf 82' lang='grc' dir='ltr'>τὴν</span> <span class='ocrx_word' id='word_1_771' title='bbox 1147 2695 1322 2731; x_wconf 79' lang='grc' dir='ltr'>ἀνθρωπίνην</span> <span class='ocrx_word' id='word_1_772' title='bbox 1334 2697 1419 2732; x_wconf 79' lang='grc' dir='ltr'>ζωὴν,</span> <span class='ocrx_word' id='word_1_773' title='bbox 1431 2699 1492 2734; x_wconf 75' lang='grc' dir='ltr'>μετ’</span> <span class='ocrx_word' id='word_1_774' title='bbox 1501 2699 1676 2734; x_wconf 70' lang='grc' dir='ltr'>εὐχαριστίας</span> <span class='ocrx_word' id='word_1_775' title='bbox 1687 2700 1791 2735; x_wconf 75' lang='grc' dir='ltr'>ὀφείλει</span> <span class='ocrx_word' id='word_1_776' title='bbox 1801 2708 1886 2737; x_wconf 76' lang='grc' dir='ltr'>προα-</span> 
     </span>
    </p>
   </div>
   <div class='ocr_carea' id='block_1_108' title="bbox 284 2775 1341 2820">
    <p class='ocr_par' dir='ltr' id='par_1_108' title="bbox 284 2775 1341 2820">
     <span class='ocr_line' id='line_1_108' title="bbox 284 2775 1341 2820; baseline 0.01 -19"><span class='ocrx_word' id='word_1_777' title='bbox 284 2775 306 2790; x_wconf 75' lang='grc'>⁸⁷</span> <span class='ocrx_word' id='word_1_778' title='bbox 327 2775 398 2803; x_wconf 78' lang='lat' dir='ltr'><strong>l&#39;sal.</strong></span> <span class='ocrx_word' id='word_1_779' title='bbox 417 2785 488 2804; x_wconf 78' lang='lat' dir='ltr'><strong>Lxxn</strong></span> <span class='ocrx_word' id='word_1_780' title='bbox 505 2798 511 2810; x_wconf 86' lang='lat'><strong>,</strong></span> <span class='ocrx_word' id='word_1_781' title='bbox 528 2778 571 2804; x_wconf 74' lang='lat'><strong>1‘2.</strong></span> <span class='ocrx_word' id='word_1_782' title='bbox 607 2778 629 2794; x_wconf 68' lang='grc'><strong>⁵⁸</strong></span> <span class='ocrx_word' id='word_1_783' title='bbox 650 2779 716 2807; x_wconf 88' lang='lat' dir='ltr'><strong>ibid.</strong></span> <span class='ocrx_word' id='word_1_784' title='bbox 732 2779 759 2807; x_wconf 77' lang='lat'><strong>‘2.</strong></span> <span class='ocrx_word' id='word_1_785' title='bbox 794 2780 816 2796; x_wconf 68' lang='grc' dir='ltr'>δ’</span> <span class='ocrx_word' id='word_1_786' title='bbox 832 2779 902 2808; x_wconf 79' lang='lat' dir='ltr'><strong>Psal.</strong></span> <span class='ocrx_word' id='word_1_787' title='bbox 917 2789 995 2820; x_wconf 62' lang='lat' dir='ltr'><strong>scut.</strong></span> <span class='ocrx_word' id='word_1_788' title='bbox 1011 2781 1038 2808; x_wconf 78' lang='grc'><strong>5.</strong></span> <span class='ocrx_word' id='word_1_789' title='bbox 1079 2783 1102 2798; x_wconf 77' lang='grc' dir='ltr'><strong><em>⁸ο</em></strong></span> <span class='ocrx_word' id='word_1_790' title='bbox 1118 2782 1220 2811; x_wconf 85' lang='lat' dir='ltr'><strong>Jcrem.</strong></span> <span class='ocrx_word' id='word_1_791' title='bbox 1245 2793 1282 2812; x_wconf 72' lang='lat' dir='ltr'><strong>xu</strong></span> <span class='ocrx_word' id='word_1_792' title='bbox 1295 2805 1301 2816; x_wconf 85' lang='lat'><strong>,</strong></span> <span class='ocrx_word' id='word_1_793' title='bbox 1316 2785 1341 2812; x_wconf 77' lang='lat' dir='ltr'><strong>i.</strong></span> 
     </span>
    </p>
   </div>
   <div class='ocr_carea' id='block_1_109' title="bbox 281 2863 1039 2914">
    <p class='ocr_par' dir='ltr' id='par_1_109' title="bbox 281 2863 1039 2906">
     <span class='ocr_line' id='line_1_109' title="bbox 281 2863 1039 2906; baseline 0.015 -17"><span class='ocrx_word' id='word_1_794' title='bbox 281 2863 341 2896; x_wconf 67' lang='lat'><strong>(63)</strong></span> <span class='ocrx_word' id='word_1_795' title='bbox 363 2865 413 2892; x_wconf 72' lang='lat' dir='ltr'><strong>Jul)</strong></span> <span class='ocrx_word' id='word_1_796' title='bbox 425 2875 452 2898; x_wconf 68' lang='grc' dir='ltr'><strong>κ,</strong></span> <span class='ocrx_word' id='word_1_797' title='bbox 473 2868 480 2893; x_wconf 92' lang='lat' dir='ltr'><strong>l</strong></span> <span class='ocrx_word' id='word_1_798' title='bbox 497 2875 573 2904; x_wconf 71' lang='lat' dir='ltr'><strong>seqq.</strong></span> <span class='ocrx_word' id='word_1_799' title='bbox 593 2869 644 2896; x_wconf 75' lang='lat' dir='ltr'><strong>Sol</strong></span> <span class='ocrx_word' id='word_1_800' title='bbox 662 2871 732 2905; x_wconf 85' lang='lat' dir='ltr'><strong>apud</strong></span> <span class='ocrx_word' id='word_1_801' title='bbox 749 2871 816 2898; x_wconf 24' lang='lat' dir='ltr'><strong>lt.\&#39;f\&#39;</strong></span> <span class='ocrx_word' id='word_1_802' title='bbox 830 2871 954 2906; x_wconf 75' lang='lat' dir='ltr'><strong>legimus,</strong></span> <span class='ocrx_word' id='word_1_803' title='bbox 969 2873 1011 2899; x_wconf 72' lang='grc' dir='ltr'>ὅτι</span> <span class='ocrx_word' id='word_1_804' title='bbox 1030 2873 1039 2900; x_wconf 78' lang='grc' dir='ltr'><strong><em>ἑ</em></strong></span> 
     </span>
    </p>
   </div>
   <div class='ocr_carea' id='block_1_110' title="bbox 1090 2863 1474 2914">
    <p class='ocr_par' dir='ltr' id='par_1_110' title="bbox 1090 2873 1474 2914">
     <span class='ocr_line' id='line_1_110' title="bbox 1090 2873 1474 2914; baseline 0.026 -16"><span class='ocrx_word' id='word_1_805' title='bbox 1090 2873 1141 2901; x_wconf 69' lang='lat' dir='ltr'><strong>imo</strong></span> <span class='ocrx_word' id='word_1_806' title='bbox 1157 2875 1223 2912; x_wconf 76' lang='grc' dir='ltr'>ἔργα</span> <span class='ocrx_word' id='word_1_807' title='bbox 1241 2879 1342 2914; x_wconf 76' lang='grc' dir='ltr'>χειρῶν</span> <span class='ocrx_word' id='word_1_808' title='bbox 1357 2888 1474 2908; x_wconf 80' lang='grc' dir='ltr'>σου.,....</span> 
     </span>
    </p>
   </div>
  </div>
