2038 3155
155 141 218 174 1001

694 140 734 169 ΙΝ
753 139 1037 170 ECCLESIASTEN.
1057 153 1092 159 —
1115 141 1188 172 LIB.
1209 141 1259 171 VI.

1721 138 1789 171 1002

156 201 281 232 σίεσθαι,
309 200 356 226 καὶ
382 199 449 234 πρὸς
480 197 704 233 λυσιτελεστέραν
727 198 841 233 ἐκδοχὴν
865 199 947 232 αἰχμ-

1004 203 1030 225 ut
1047 203 1074 226 et
1089 199 1191 237 gratias
1205 203 1280 234 agat,
1303 202 1331 225 et
1348 197 1452 233 judicio
1468 198 1576 226 addicto
1601 197 1670 225 nihil
1691 197 1788 225 utilius

155 248 299 279 αλωτίζειν
322 245 370 273 καὶ
392 243 534 279 διορίζειν.
553 243 662 278 ’Δμέλει
679 243 769 270 τοίνυν
781 244 922 278 ὲπήγαγεν
937 251 944 259 ⁸

1003 244 1158 272 habendum
1173 248 1283 271 censeat
1298 243 1364 279 (64).
1382 243 1441 271 Jam
1457 251 1520 271 vero
1532 243 1605 271 addit
1621 252 1628 270 :

945 324 958 358 ς
974 323 1022 350 XI.

199 385 320 420 Ἀγαθὸν
354 385 548 419 μακρόθυμος
579 384 656 418 ὑπὲρ
694 384 817 417 ὑψηλὸν
856 384 947 410 πίνεύε

199 441 237 458 τι.

155 442 320 512 μέγα
334 476 384 512 τῆς
408 475 604 511 μακροθυμίας
627 475 798 513 κατόρθωμα
817 475 866 502 καὶ
895 476 950 506 πᾶς

157 525 171 550 ὀ
183 523 237 550 τῶν
255 523 340 557 ἁγίων
355 521 503 558 προφητῶν
525 520 574 547 καὶ
597 520 652 546 τῶν
671 520 861 555 πανευφὴμων
884 520 951 546 ἀπο-

160 569 261 596 στόλων
279 567 505 607 κατάλογοςταῖς
538 566 671 593 ἀνωτάτω
694 565 886 601 κατεσήμηνεν
902 564 949 591 εὑ-

161 613 290 648 φημίαις,
316 611 349 643 ἃς
366 611 472 646 μακρὸν
486 610 520 636 ἂν
535 611 579 645 εἴη
610 610 679 645 πρὸς
693 609 723 635 τὸ
738 609 826 645 παρὸν
835 609 947 636 ’ἀνελίτ-

160 667 219 685 τειν
235 658 283 684 καὶ
298 657 426 691 φάσκειν.
450 656 530 683 Ἀλλὰ
549 656 605 690 γὰρ
617 655 721 682 καὶτὸν
742 654 810 682 Θεὸν
825 655 907 682 αὐτὸν
922 656 947 682 ot

159 703 288 736 Θεολόγοι
300 702 493 736 μακρόθυμον
507 700 684 736 ὀνομάζουσι.
700 699 770 735 Φησὶ
783 700 838 735 γὰρ
853 701 867 727 ὁ
879 708 949 736 προ-

160 749 248 783 φήτης
268 747 383 782 Ναούμ’
402 755 411 772 ι
438 747 540 782 Κύριος
563 746 752 781 μακρόθυμος,
776 746 823 772 καὶ
841 746 946 782 μεγάλη

1037 382 1117 419 174
1131 382 1233 410 Bonum
1246 387 1285 409 eu
1302 383 1407 417 sapiens
1419 390 1496 416 super
1508 383 1637 410 excelsum
1650 383 1749 410 animo.

1034 471 1172 498 Eximium
1188 471 1325 506 patientiae
1339 471 1507 506 propositum
1525 472 1614 500 omnis
1635 477 1662 500 et
1681 478 1787 501 sancto-

998 526 1060 545 rum
1087 517 1283 553 prophetarum
1305 522 1334 545 et
1354 517 1571 546 clarissimorum
1599 519 1786 553 apostolorum

998 564 1100 591 chorus
1112 563 1228 591 summis
1240 563 1320 598 plane
1337 563 1445 590 ornavit
1459 564 1620 598 praeconiis.
1646 572 1708 599 quae
1727 565 1786 593 lon-

1000 615 1064 643 gum
1075 613 1149 636 esset
1159 608 1212 636 hoc
1225 607 1286 636 loco
1297 607 1433 642 explicare
1448 615 1481 635 ac
1496 607 1610 635 referre.
1620 608 1690 641 Quin
1703 610 1786 637 etiam

1001 654 1086 681 Deum
1109 653 1200 688 ipsum
1221 653 1337 689 theologi
1351 654 1495 688 patientem
1526 654 1672 688 appellant.
1698 654 1785 682 Naum

1000 699 1073 727 enim
1088 699 1219 734 propheta
1230 699 1317 727 dixit:
1337 707 1346 725 ι
1358 699 1492 727 Dominus
1507 700 1612 734 patiens
1623 720 1631 733 ,
1647 705 1674 728 et
1688 708 1788 736 magna

1000 745 1089 774 virtus
1104 745 1164 780 ejus
1174 753 1182 779 ;
1194 749 1222 772 et
1235 745 1371 772 mundana
1383 751 1437 771 non
1451 744 1531 772 faciet
1542 745 1716 774 innocentem
1731 746 1787 774 Do-

159 779 276 829 Ii'id'XbC
298 779 394 823 αὑτοῦ,
410 791 457 818 καὶ
484 779 574 818 αυῶον
595 779 646 816 οὐκ
665 779 789 816 ἀθωώσει
804 779 916 824 Κύριος.

1004 791 1092 819 minus
1103 779 1138 817 'l.
1151 800 1161 817 ι
1180 791 1219 818 Ac
1230 790 1316 818 multo
1328 794 1407 818 antea
1423 790 1553 826 propheta
1570 790 1670 819 David:
1690 801 1699 817 ι
1715 793 1787 821 Deus

161 837 216 863 Καὶ
229 835 320 870 πολλῷ
337 836 365 862 δὲ
380 835 477 870 πρώην
493 835 507 860 ὁ
526 835 670 870 προφήτης
689 834 772 861 Δαὸίδ
783 842 790 848 ·
807 842 816 859 ι
841 834 870 859 Ὁ
883 834 950 869 Θεὸς

161 882 257 918 κριτὴς
269 881 375 912 δίκαιος
388 881 437 907 καὶ
453 880 562 915 ίσχυρὺς
581 880 627 906 καὶ
643 879 831 915 μακρόθυμος,
848 879 895 906 καὶ
912 879 949 914 μὴ

161 928 246 962 ὀργὴν
263 927 374 960 ἐπάγων
387 924 449 952 καθ’
461 925 584 960 ἑκάστην
596 924 715 960 ἡμέραν.
732 933 743 949 ›
757 924 812 950 Καὶ
835 924 949 959 προσέτι

162 973 302 1008 πρόπαλαι
332 971 453 1007 Μωῦσῆς
467 972 481 997 ὸ
506 970 665 1005 θεοφάντωρ
678 978 685 985 ·
702 979 711 995 ‹
732 969 835 1005 Κύριος
858 971 872 996 ὁ
884 969 950 1001 Θεὸς

164 1018 343 1053 μακρόθυμος
357 1018 403 1043 καὶ
417 1015 563 1047 πολυέλεος
577 1016 624 1042 καὶ
635 1015 771 1050 ἀληθινός.
791 1024 800 1041 ι
815 1016 846 1042 Et
860 1015 889 1042 δὲ
898 1017 950 1042 -καὶ

162 1063 332 1098 θεοπρεποῦς
349 1062 478 1097 ἰδιότητος
494 1060 609 1096 εὓρηται
621 1061 690 1096 ἔχων
709 1061 876 1095 κατόρθωμα
896 1061 950 1092 πᾶς

162 1110 211 1137 ἄνθ
215 1118 306 1145 ρωπος
314 1109 328 1135 ὁ
340 1109 388 1144 τὴν
405 1107 598 1143 μακροθυμίαν
608 1106 781 1142 κτησάμενος
791 1114 796 1120 ·
806 1107 949 1142 ἀραρότως

163 1156 222 1191 ἅμα
237 1156 284 1181 καὶ
309 1154 503 1190 προσηκόντως
528 1153 576 1179 καὶ
595 1153 642 1179 νῦν
657 1161 742 1188 φησιν
753 1154 767 1179 ὁ
784 1152 866 1187 σοφὸς
887 1152 949 1179 Ἐκ-

163 1201 336 1235 κλησιαστής
351 1209 358 1215 ·
378 1209 387 1225 ι
412 1199 527 1234 Ἀγαθὸν
557 1198 735 1233 μακρόθυμος
757 1198 827 1233 ὑπὲρ
849 1198 950 1232 ὑψηλὸν

163 1247 324 1282 πνεύματι·
344 1255 355 1272 ι
371 1245 496 1281 μιμητὴν
519 1245 566 1271 τὸν
587 1244 711 1270 τοιοῦτον
723 1243 772 1278 τῆς
789 1243 866 1274 θείας
881 1244 949 1277 ἀγα-

163 1290 277 1327 θότητος
293 1292 341 1319 καὶ
355 1290 548 1327 μακροθυμίας
566 1289 702 1324 παριστὰς
724 1288 859 1324 ἁριδήλως
870 1296 876 1302 ·
889 1288 950 1323 οὐχὶ

163 1338 236 1365 κατὰ
259 1338 404 1373 σύγκρισιν
432 1336 520 1368 οὕτως
550 1335 734 1370 ὀνομασθέντα
751 1343 760 1359 ι
779 1333 826 1360 τοῦ
846 1333 949 1368 ὑψηλοῦ

164 1384 203 1420 τῷ
219 1384 368 1418 πνεύματι,
389 1392 399 1409 ι
416 1382 468 1410 κᾶν
482 1381 555 1408 οὕτω
569 1381 618 1417 τὴν
632 1380 704 1414 λέξιν
727 1379 948 1416 διεσχημάτισεν.

997 837 1081 871 iudex
1092 837 1184 872 justus
1200 841 1227 864 et
1239 836 1319 865 fortis
1330 840 1358 864 et
1370 837 1488 871 patiens,
1505 844 1555 865 nec
1567 837 1636 865 iram
1652 837 1787 866 inducens

999 891 1049 918 per
1067 883 1188 918 singulos
1199 882 1258 911 dies
1275 883 1308 909 ".
1327 891 1336 908 ι
1355 881 1424 910 Tum
1444 886 1471 909 et
1486 883 1566 918 longe
1590 883 1666 917 prius
1682 884 1787 919 Moyses

1001 929 1187 964 theologorum
1205 928 1350 962 princeps:
1370 936 1380 953 ι
1395 927 1527 955 Dominus
1544 927 1616 955 Deus
1635 929 1740 962 patiens
1759 933 1785 955 et

1000 974 1092 1002 multae
1109 973 1303 1001 misericordiae
1325 977 1352 1001 et.
1377 981 1462 1000 verax
1484 973 1552 1010 (65).
1569 983 1578 1000 ι
1601 973 1661 1000 1am
1683 974 1706 1000 si
1727 974 1787 1008 qui-

1000 1027 1108 1054 cunque
1128 1019 1270 1047 hominum
1297 1020 1455 1054 patientiam
1472 1020 1523 1046 sibi
1536 1020 1746 1053 comparaverit,
1763 1020 1787 1046 is

1001 1064 1193 1099 proprietatem
1217 1064 1317 1091 habere
1332 1064 1452 1096 videtur,
1471 1071 1536 1098 qua:
1550 1063 1605 1091 Deo
1621 1063 1674 1098 ipsi
1689 1072 1787 1091 conve-

1000 1111 1059 1144 nit;
1077 1112 1146 1144 “apte
1169 1117 1242 1138 nunc
1261 1110 1343 1137 etiam
1363 1115 1600 1145 congruenterque
1618 1111 1656 1137 ait
1679 1110 1786 1145 sapiens

999 1155 1178 1183 Ecclesiastes
1190 1163 1196 1182 :
1216 1164 1225 1181 ι
1242 1155 1345 1182 Bonum
1357 1156 1464 1190 patiens
1476 1163 1559 1191 super
1571 1157 1711 1184 excelsum
1726 1157 1786 1183 ani~

1000 1208 1064 1234 mo;
1081 1210 1091 1226 ›
1110 1201 1208 1228 divina:
1226 1201 1298 1228 hunc
1321 1201 1451 1228 bonitatis
1470 1206 1552 1236 atque
1565 1202 1702 1236 patientia
1723 1202 1784 1229 imi—

1000 1251 1117 1274 tatorem
1139 1254 1194 1274 non
1215 1246 1332 1274 obscure
1351 1246 1542 1274 constituens:
1566 1253 1617 1274 nec
1636 1252 1726 1274 tamen
1747 1247 1786 1274 sic

1000 1292 1156 1328 appellans,
1177 1292 1255 1327 quasi
1270 1300 1332 1320 cum
1350 1299 1383 1320 eo
1405 1297 1555 1327 comparet,
1572 1300 1653 1328 quem
1672 1302 1682 1319 ‹
1696 1294 1786 1321 excel-

1001 1345 1063 1366 sum
1081 1338 1175 1368 animo
1191 1346 1200 1364 ι
1227 1337 1400 1364 nominavit:
1424 1343 1497 1369 esto,
1525 1337 1553 1364 id
1577 1337 1661 1365 dictio
1678 1345 1734 1372 prae
1756 1345 1787 1366 se

1001 1383 1072 1411 ferre
1092 1383 1227 1411 videatur.
1250 1382 1318 1410 Nam
1343 1383 1388 1411 hic
1407 1393 1416 1408 ι
1440 1383 1565 1411 excelsus
1585 1383 1676 1411 animo
1692 1393 1702 1410 ι
1727 1389 1784 1417 est,

167 1439 176 1455 ι
195 1429 322 1464 ⁴’Υιίιηλὺν
339 1438 348 1455 ι
367 1428 422 1464 γὰρ
440 1437 450 1454 ε
464 1428 503 1463 τῷ
522 1427 658 1463 πνεύματι
676 1436 686 1453 ι
705 1427 752 1453 νῦν
768 1427 814 1453 τὸν
835 1427 950 1461 ὑπεραι-

1004 1429 1048 1465 qui
1061 1429 1152 1457 animo
1164 1420 1255 1457 elatus
1271 1433 1298 1457 et
1316 1429 1443 1464 superbia
1454 1429 1581 1464 fastuque
1599 1431 1653 1457 alta
1668 1435 1763 1465 petens
1775 1452 1783 1465 ,

166 1478 281 1514 ρόμενον
297 1476 344 1503 καί⁸
362 1475 599 1512 μετεωριζόμενον
617 1476 679 1505 ταῖς
690 1473 769 1505 ἰδίαις
782 1473 950 1507 φλεγμοναῖς

163 1524 213 1558 τῆς
229 1522 344 1557 καρδίας
357 1521 404 1548 καὶ
420 1522 476 1553 τοῖς
490 1522 539 1555 τῆς
553 1518 746 1556 ὑπερηφανίας
760 1519 855 1548 ἱστίοις
867 1518 951 1553 ὑπερ-

163 1569 248 1604 ἦρθαι
260 1567 412 1603 φρονοῦντα
429 1568 482 1593 τῶν
500 1566 679 1602 ἀνθρωπίνων
697 1565 815 1600 μέτρων,
829 1564 875 1591 καὶ
886 1564 953 1592 πὰν-

165 1623 215 1646 τας
233 1615 330 1645 ἄλλους
345 1614 471 1648 οἰόμενον
483 1613 593 1648 ἀφιέναι
607 1612 734 1640 κατόπιν.
778 1638 787 1646 _

201 1659 287 1685 Τοῦτο
312 1659 340 1685 δὲ
357 1659 415 1685 καθ’
431 1658 496 1684 αὐτὸ
522 1657 643 1693 πονηρόν
667 1658 757 1683 ἐστιν·
771 1656 865 1692 ὥσπερ
890 1655 952 1682 καθ’

166 1704 234 1731 αὐτὸ
251 1704 373 1738 πέφυκεν
390 1703 494 1738 ἀγαθὸν
519 1703 549 1730 τὸ
568 1701 639 1729 εἶναι
656 1701 833 1738 μακρόθυμον
848 1710 854 1717 ·
875 1702 910 1728 τὰ
924 1701 954 1728 δὲ

166 1750 228 1776 κατ’
244 1749 406 1776 ἐναντίωσιν
419 1749 509 1784 ἄκραν
524 1748 574 1783 τὴν
584 1747 722 1775 ἀντίθεσιν
734 1747 840 1782 ἔχοντα,
851 1749 883 1782 τῇ
893 1755 954 1774 συν-

168 1796 241 1831 θήκῃ
254 1795 310 1821 τῶν
321 1795 410 1829 λόγων
424 1794 474 1830 τὴν
499 1793 634 1828 διαφορὰν
651 1793 818 1828 ἀσύγκριτον
835 1792 953 1828 ἔχουσιν.

168 1842 225 1868 υὺκ
238 1841 293 1876 ἄρα
318 1841 389 1867 κατὰ
424 1840 569 1875 σύγκρισιν
584 1839 687 1873 ἀγαθὸν
702 1839 828 1874 ὠνόμασε
838 1839 885 1866 τὸν
902 1847 954 1874 μα-

168 1886 319 1921 κρόθυμον,
336 1885 394 1912 ἀλλ’
410 1885 448 1917 ὡς
472 1885 501 1911 ἐν
526 1886 584 1916 τοῖς
603 1885 693 1916 ἄλλοις
718 1885 786 1911 πᾶσι
802 1884 859 1916 Ιτοῖς
871 1891 955 1920 προσ-

169 1933 238 1968 εχῶς
255 1932 294 1966 τῷ
304 1933 377 1966 λόγῳ
392 1932 442 1966 τῆς
457 1930 621 1962 ἀντιθέσεως
639 1931 807 1966 εἰρημένοις,
825 1930 897 1956 οὕτω
909 1931 956 1956 καὶ

169 1979 216 2005 νῦν
245 1978 294 2013 τὴν
322 1977 407 2008 ὅντως
422 1976 504 2003 οὖσαν
520 1974 608 2011 ἀληθῆ
622 1975 701 2006 δόξαν
728 1975 774 2001 ἐπὶ
797 1974 835 2008 τῷ
853 1983 957 2010 μακρο-

169 2026 248 2061 θύμῳ
269 2024 467 2060 κατήγγειλεν,
491 2023 528 2055 ὡς
553 2022 671 2058 ἔμπαλιν
693 2023 738 2049 ἐπὶ
753 2031 762 2048 α
782 2023 828 2049 τὸν
854 2022 956 2057 ὑψηλὸν

168 2072 207 2107 τῷ
220 2071 368 2106 πνεύματι,
377 2078 387 2096 ι
396 2069 445 2105 τὴν
452 2067 574 2095 ἐναντίαν
583 2068 732 2103 ὀνομασίαν
747 2067 818 2094 κατὰ
831 2067 862 2093 τὸ
874 2075 957 2102 προσ-

1002 1475 1068 1504 velis
1093 1475 1297 1511 quodammodo
1321 1475 1393 1502 viam
1419 1475 1576 1502 hominibus
1595 1479 1720 1511 negatam
1744 1481 1785 1504 te-

1001 1523 1095 1550 nuisse
1113 1522 1166 1550 sibi
1180 1522 1296 1554 videtur,
1313 1526 1340 1549 et
1358 1529 1429 1549 unus
1446 1526 1559 1550 ceteros
1571 1529 1666 1550 omnes
1679 1526 1741 1557 post
1757 1529 1787 1550 se

1002 1568 1156 1603 reliquisse.

1039 1656 1098 1685 Hoc
1116 1665 1180 1685 vero
1196 1658 1283 1692 ipsum
1306 1665 1355 1692 per
1374 1665 1404 1685 se
1422 1658 1523 1684 malum
1540 1662 1596 1691 est;
1617 1658 1791 1692 quemadmo-

1005 1704 1068 1731 dum
1085 1711 1132 1738 per
1147 1711 1176 1731 se
1192 1704 1293 1731 bonum
1308 1709 1367 1736 est,
1381 1711 1443 1732 esse
1465 1704 1621 1739 patientem.
1639 1704 1707 1732 Tum
1731 1713 1791 1738 quae

1005 1750 1076 1776 inter
1096 1756 1125 1777 se
1147 1757 1281 1777 summam
1292 1749 1394 1778 habent
1412 1750 1632 1785 oppositionem,
1653 1751 1676 1778 si
1699 1750 1792 1778 confe-

1006 1799 1121 1828 rantur,
1135 1796 1223 1823 omnis
1237 1796 1406 1831 comparatio
1422 1796 1580 1824 discriminc
1600 1797 1714 1823 tollitur.
1731 1796 1791 1823 Non

1008 1839 1089 1873 igitur
1100 1839 1244 1872 patientem
1258 1846 1291 1866 ex
1302 1840 1508 1874 comparatione
1516 1839 1616 1867 bonum
1630 1840 1791 1874 appellavit,

1007 1883 1055 1911 sed
1066 1888 1095 1910 ut
1107 1884 1133 1910 in
1145 1884 1256 1918 reliquis
1266 1885 1403 1916 omnibus,
1416 1893 1476 1919 quin
1487 1886 1636 1913 secundum
1647 1888 1792 1921 quamdam

1009 1929 1187 1965 oppositionis
1208 1930 1340 1957 rationem
1363 1930 1459 1958 eIIerI-e
1484 1932 1584 1963 voluit,
1606 1932 1641 1960 ita
1667 1937 1695 1959 et
1721 1941 1794 1960 nunc

1009 1983 1100 2002 veram
1123 1979 1150 2002 et
1170 1976 1284 2002 solidam
1311 1975 1424 2011 gloriam
1444 1977 1557 2011 patienti
1572 1978 1713 2011 attribuit;
1739 1979 1794 2006 sic-

1010 2026 1040 2049 ut
1055 2030 1070 2049 e
1083 2021 1223 2059 contrario
1238 2022 1446 2056 appellationem
1464 2023 1604 2050 adversam
1614 2044 1621 2056 ,
1639 2023 1718 2059 175
1735 2032 1796 2058 qua:

1009 2076 1041 2094 ex
1057 2058 1183 2102 opposito
1197 2067 1301 2101 judicio
1316 2067 1403 2094 oritur
1417 2075 1449 2095 ac
1466 2068 1650 2096 subaudienda
1667 2058 1726 2102 est,
1744 2070 1796 2096 im-

170 2116 378 2150 υπακουόμενον
395 2116 424 2141 ὲν
449 2116 482 2150 τῇ
510 2113 741 2148 συνακολουθήσει
767 2113 816 2148 τῆς
833 2112 953 2144 ἐναντίας

1011 2115 1101 2148 posuit
1125 2114 1181 2145 illi,
1202 2121 1284 2149 quem
1313 2123 1322 2138 ι
1341 2114 1477 2141 excelsum
1500 2115 1614 2142 animo:
1635 2115 1796 2143 nominavit.

170 2163 332 2197 ὑπολήψεως
347 2161 464 2188 τέθεικε.
480 2160 530 2186 Διὰ
553 2159 633 2186 τοῦτο
656 2159 723 2193 φησι
750 2167 803 2186 που
825 2158 931 2189 Παῦλος
945 2159 958 2184 ὁ

172 2207 258 2241 μέγας
271 2205 420 2236 ἀπόστολος
440 2212 447 2219 ⁸
468 2214 476 2230 ι
493 2204 538 2239 Μὴ
551 2204 586 2230 τὰ
599 2203 690 2238 ὑψηλὰ
703 2202 877 2238 φρονοῦντες,
890 2202 958 2231 ἀλλὰ

169 2254 225 2284 τοῖς
263 2252 403 2282 ταπεινοῖς
435 2250 669 2284 συναπαγόμενοι.
688 2258 698 2275 ι
715 2248 901 2283 Μακρόθυμον
930 2248 958 2274 δέ

170 2307 254 2333 φησιν
267 2297 369 2331 ἀγαθὸν
384 2296 430 2322 τὸν
447 2293 485 2331 μὴ
499 2295 543 2322 διὰ
568 2294 752 2330 μικροψυχίαν
776 2294 960 2329 ὑπερϐάλλου-

170 2352 220 2371 σαν
247 2344 316 2370 κάπὶ
332 2343 389 2372 τοῖς
403 2340 516 2376 τυχοῦσι
547 2340 637 2375 μάτην
660 2334 898 2375 παροργιςόμενον
911 2340 959 2366 καὶ

169 2388 199 2414 τὸ
213 2387 274 2418 ἔθος
288 2385 527 2421 ἐκτεθηριωμένον
539 2384 586 2411 καὶ
603 2384 695 2418 πάσης
710 2384 874 2419 ἀγριότητος
890 2384 960 2418 πλή-

171 2443 206 2470 ρη
221 2432 445 2466 ἐπιδεικνύμενον
459 2438 466 2445 ο
482 2430 541 2457 ἀλλ’
554 2429 599 2455 ἐπὶ
611 2429 661 2464 μὲν
677 2429 732 2454 τῶν
745 2429 959 2464 ἀναφερομένων

170 2481 210 2510 εἰς
224 2478 320 2505 ἑαυτὸν
347 2475 498 2512 παροινῶν
511 2474 559 2501 καὶ
582 2473 778 2508 πλημμελειῶν
800 2473 852 2499 ὑπό
878 2482 960 2499 τινων

169 2526 272 2560 ἑτέρων
301 2523 463 2560 ἐλαττόνων,
480 2521 498 2556 ἢ
510 2520 557 2547 καὶ
586 2519 718 2554 μειζόνων
735 2517 913 2552 ἀποσώζονται
930 2518 961 2544 τὸ

170 2571 317 2606 ὀόργητον,
332 2569 380 2596 καὶ
397 2566 530 2604 μηδαμῶς
558 2564 778 2600 παροξυνόμενον
797 2565 854 2596 τοῖς
872 2564 959 2590 τοιού-

208 2631 229 2645 ⁸¹
244 2629 351 2656 Nahum
381 2634 410 2658 I,
426 2626 454 2652 5.

207 2674 269 2713 (θεν
281 2674 346 2713 Quo.
365 2670 564 2713 pertineat.“
591 2667 876 2713 “russam:
887 2668 957 2713 Psal-

173 2703 273 2738 :xvn'l
285 2703 305 2735 ῗ
303 2709 346 2734 Δεῖ
357 2703 449 2733 ¹ιέοίνυν
461 2707 489 2732 ὲν
502 2705 588 2732 ἆπασι
599 2704 648 2739 μὲν
661 2703 699 2738 μὴ
715 2703 877 2739 φιλονεικεζν
889 2711 958 2737 μαν-

172 2745 262 2770 θάνειν
275 2743 322 2769 τοῦ
336 2742 403 2769 Θεοῦ
417 2741 466 2775 τὴν
492 2737 626 2774 διοίκησιν
639 2747 645 2753 ·
659 2737 811 2775 ἀμηχάνοις
833 2737 888 2775 γὰρ
913 2746 958 2771 φιν

174 2778 349 2812 lcumena".
374 2772 606 2812 atpéfpaat,_x'al.
635 2772 738 2812 σερόδρα
763 2772 958 2812 ὑπερϐαίνουσι

172 2815 262 2839 πᾶσαν
283 2807 363 2846 (ῥύσιν
392 2807 518 2845 κτιστήν.
534 2809 560 2836 Id
576 2813 638 2846 est:
657 2807 719 2846 Non
734 2812 834 2846 oportet
845 2807 959 2846 ergo_n_i-

172 2849 253 2875 mium
278 2841 444 2877 contendere,
455 2841 489 2871 ιη’
498 2845 525 2871 in
544 2844 664 2870 omnibus
683 2842 772 2882 discas
782 2842 829 2869 Dei
844 2841 960 2868 admini-

330 2893 465 2923 l‘rrnon.
487 2892 544 2922 Gn.
568 2889 703 2920 XCVIII.

506 2625 530 2640 "
548 2623 620 2652 Psal.
638 2631 686 2656 vn,
706 2623 750 2649 tl.
789 2622 813 2638 ⁵³
827 2621 908 2649 Rom.
944 2630 993 2655 xu,

1012 2159 1157 2194 Propterea
1172 2161 1209 2186 ait
1223 2159 1342 2193 quodam
1360 2159 1386 2185 in
1402 2160 1461 2186 loco
1480 2159 1581 2188 Paulus
1597 2169 1712 2196 magnus
1733 2169 1798 2197 apo-

1010 2206 1096 2233 stolus
1110 2215 1116 2233 :
1136 2216 1144 2231 ι
1158 2205 1217 2233 Non
1229 2207 1281 2233 alta
1297 2206 1445 2241 sapientes,
1459 2207 1506 2234 sed
1523 2207 1672 2234 humilibus
1686 2215 1798 2235 comen-

1011 2250 1107 2277 tienles
1124 2250 1158 2275 ⁵³.
1172 2260 1181 2276 ι
1199 2250 1303 2276 Bonum
1322 2255 1412 2277 autctn
1430 2251 1547 2285 appellat
1559 2251 1724 2285 patientem,
1743 2258 1798 2278 non

1010 2295 1057 2330 qui
1071 2303 1105 2322 ex
1119 2295 1202 2322 nimia
1219 2296 1303 2322 animi
1321 2295 1517 2328 imbecillitate,
1534 2296 1569 2323 ob
1583 2303 1615 2323 ea
1629 2297 1724 2329 etiam,
1737 2305 1800 2333 quae

1013 2347 1112 2369 temere
1127 2342 1296 2376 contingunt,
1311 2342 1349 2368 ira
1365 2342 1532 2374 accenditur,
1547 2350 1579 2369 ac
1590 2342 1694 2370 ferinos
1706 2351 1799 2372 mores

1011 2393 1037 2415 et
1057 2392 1191 2422 agrestem
1208 2388 1290 2422 plane
1305 2387 1434 2414 ferociam
1452 2392 1588 2415 ostentat:
1609 2388 1655 2415 sed
1671 2389 1716 2422 qui
1732 2389 1798 2416 alio-

1012 2441 1072 2459 rum
1090 2433 1265 2460 contumeliis
1274 2435 1356 2467 atque
1371 2433 1502 2460 conviciis
1517 2433 1575 2460 sive
1590 2433 1728 2461 minarum
1740 2435 1799 2462 sive

1012 2478 1146 2512 majorum
1168 2478 1319 2512 appetitus,
1341 2483 1467 2512 paratum
1483 2484 1574 2506 servat
1597 2479 1730 2511 animum,
1748 2486 1798 2507 nec

1013 2523 1075 2550 ullis
1088 2531 1182 2551 earum
1199 2531 1291 2551 rerum
1312 2525 1432 2552 stimulis
1447 2529 1646 2552 commovetur.
1663 2525 1796 2553 Caeterum

1012 2569 1034 2596 si
1050 2569 1112 2604 quis
1138 2576 1168 2597 se
1188 2569 1275 2596 virum
1295 2575 1320 2597 et
1345 2570 1489 2598 honestum
1511 2575 1539 2598 et
1554 2571 1675 2599 veritatis
1695 2571 1799 2599 studio-

1011 2623 1056 2651 I6.

1013 2671 1231 2698 strationem:de
1264 2671 1342 2699 rebus
1367 2673 1435 2699 enim
1449 2665 1584 2701 immensis
1607 2674 1799 2705 contendimus.

1011 2710 1035 2732 et
1046 2713 1104 2744 quin
1121 2712 1240 2744 gentem
1251 2715 1352 2744 omnem
1369 2709 1494 2744 numnam
1512 2709 1589 2743 longe
1606 2715 1744 2744 superant.

1006 2747 1031 2780 Ἀ
1049 2741 1208 2780 (65)_Ea_od.
1227 2750 1320 2780 xxxxv.
1391 2743 1426 2780 At
1442 2743 1512 2770 LXX
1532 2741 1645 2780 habent,
1667 2745 1769 2780 Κύριος
1788 2746 1802 2771 ὁ

1012 2775 1077 2815 {Beas
1093 2776 1259 2815 οίκτὶρμῳνι
1270 2778 1316 2815 καὶ
1338 2778 1462 2814 ἐλεήμων
1474 2798 1481 2812 ,
1497 2779 1677 2815 μακρόθυμος
1692 2775 1738 2806 καὶ
1755 2775 1801 2806 ποι

1014 2809 1122 2842 λυέλεος
1135 2809 1354 2847 κοίῐάληθινὸς...

1608 2893 1646 2922 £2
