2038 3155
276 145 348 180 ’10οΊ

281 211 340 230 sum
358 208 384 229 et
398 201 452 230 Deo
465 202 576 230 charum
593 210 624 229 ac
645 202 739 230 virtuti
759 203 878 230 deditttnt
900 209 1007 238 prmstet
1019 226 1026 236 ,
1047 210 1073 232 ct
1090 210 1108 236 Λ

281 247 415 283 quosdam
430 246 527 274 viderit
543 247 643 281 iujusta
660 247 804 281 loquentes
818 253 900 282 atque
923 248 1004 282 impia
1022 249 1070 274 ad-

282 305 376 325 versus
390 304 525 324 summam
546 296 591 323 Dei
607 296 758 323 bonitatem
777 304 808 324 ac
825 297 1012 331 maiestatem,
1028 298 1069 325 vel

281 343 454 379 tyrannidem
468 348 628 370 exercentes
642 343 669 370 in
685 343 804 378 pupillos
814 347 841 370 et
854 343 950 371 viduas
967 349 993 371 et
1007 350 1071 379 pau-

281 397 369 425 peres,
385 397 417 417 ac
431 389 505 416 nullo
518 389 580 424 jure
593 393 619 416 et
636 396 684 423 per
697 389 750 416 vim
766 390 920 424 proximum
935 397 1072 424 quemque

282 437 364 464 rebus
380 436 437 463 suis
453 435 601 470 spoliantes
621 444 627 461 :
652 440 708 462 tum
732 435 756 462 is
779 435 900 470 profecto
921 444 974 470 qua
994 436 1072 463 decet

281 483 320 510 ira
336 487 364 510 et
384 482 572 516 indignatione
587 485 747 508 succenseat
758 501 765 513 ,
779 485 898 516 oportet,
910 485 1005 508 contra
1020 481 1071 508 im-

281 527 381 563 probos
408 533 435 555 et
459 528 581 555 veritatis
603 527 776 555 adversarios
795 535 827 555 ac
853 527 984 555 mendacii
1005 535 1072 555 con-

281 576 363 602 scios.
377 574 429 601 Sed
441 575 582 600 enimvero
598 573 705 607 singula
723 573 899 600 considerare
913 573 1070 609 diligenter,

281 627 307 648 ιιι
333 625 413 647 caute
438 624 493 646 tam
519 626 600 654 opera
621 626 704 653 quam
734 625 877 646 sermones
903 619 1072 654 perpendere

280 674 374 694 eorum
394 666 441 700 qui
465 665 547 692 vitam
573 664 717 692 nobiscum
743 669 842 700 agunt,
869 672 983 693 necesse
1006 670 1070 693 est;

283 717 311 739 ut
331 720 418 746 neque
437 711 573 745 superbiae
588 710 655 737 vitio
668 713 715 737 aut
732 710 820 737 animi
835 711 1022 738 imbecillitate
1039 711 1073 739 iis

283 758 434 784 irascamur
444 776 451 788 ,
472 755 519 790 qui
536 755 604 782 nihil
619 762 635 781 a
653 755 753 789 pietate
767 755 970 787 discesserunt;
985 763 1073 790 neque

283 811 392 830 rursum
407 801 483 829 taciti
506 801 627 828 feramus
647 805 676 828 et
693 801 828 835 patienter
845 808 893 828 eos
906 801 1052 829 toleremus
1063 820 1070 834 ,

282 849 330 885 qui
359 848 526 876 contrariam
555 848 618 874 vitm
643 847 777 874 rationem
803 847 889 875 iniere
905 868 912 874 .
929 847 975 875 Sic
999 848 1072 874 enim

284 894 466 922 mansuetudo
483 897 576 920 nostra
589 897 616 920 et
629 892 771 927 patientia,
781 893 821 920 sic
838 893 878 919 ira
893 893 974 920 etiam
992 898 1073 928 atque

282 940 432 976 indignatio
455 939 573 966 Domino
589 943 617 967 et
640 939 712 967 bono
727 944 754 966 et
767 939 843 974 justo
877 940 1073 974 homitmmque

282 987 384 1014 amanti
400 989 477 1022 grata
489 986 548 1012 sine
561 985 647 1013 dubio
664 986 756 1012 futura
773 990 826 1017 est,
840 993 902 1012 nam
918 985 970 1012 ltoc
984 986 1072 1020 ipsum

283 1033 448 1060 confirmans
459 1031 569 1066 sapiens
581 1031 761 1059 Ecclesiastes
774 1031 818 1063 iis,
831 1039 892 1066 quae
908 1036 1072 1066 sequuntur,

282 1079 383 1114 adjecit
401 1077 527 1113 protinus
542 1087 548 1104 :

256 1118 260 1121 ’
283 1132 326 1151 σιν
359 1123 504 1158 ἀριδήλως.
536 1123 621 1149 Τοῦτο
655 1123 709 1158 γὰρ
736 1123 783 1149 καὶ
809 1123 936 1157 ἐμπεδῶν
963 1123 1011 1149 καὶ
1043 1125 1100 1155 τοῖς

283 1171 371 1206 ήγαγε
381 1178 388 1186 ⁸

825 149 858 181 S.
879 149 1075 180 ‘GREGORH
1103 150 1150 179 AG
1157 151 1359 184 RIGENTINI

1125 215 1192 238 τοις.
1211 208 1296 234 Ὅταν
1309 209 1337 236 δέ
1354 218 1395 241 τις
1417 210 1562 245 ἄνθρωπος
1582 212 1724 244 σπουδαῖος
1737 212 1784 240 καί
1800 214 1910 248 φιλαλή-

1122 254 1172 289 Θης
1186 256 1233 281 καὶ
1254 255 1383 290 θεοφιλὴς
1396 257 1443 283 καὶ
1456 257 1602 290 φιλόκαλος
1616 258 1748 294 θεάσηταί
1763 268 1841 291 τινας
1860 261 1911 287 ἀδι-

1122 300 1185 331 κίας
1213 301 1360 333 λαλοῦντας
1391 303 1438 329 καὶ
1468 302 1645 338 βλασφημίας
1670 305 1711 336 εἰς
1740 305 1769 331 τὸ
1781 305 1848 340 ὕψος
1863 307 1911 341 τῆς

1122 346 1291 381 θεοπρεποῦς
1317 348 1489 383 ἀγαθότητος
1510 350 1557 376 καὶ
1576 351 1786 386 μεγαλωσύνης,
1801 352 1817 386 ἧ
1831 361 1913 379 κατα-

1121 393 1336 426 δυναστεὺοντας
1347 395 1404 421 ’τῶν
1421 396 1550 431 ὀρφανῶν
1564 397 1612 423 καὶ
1623 397 1678 424 τῶν
1688 398 1782 433 χηρῶν
1794 399 1842 425 καὶ
1857 399 1911 425 τῶν

1122 439 1250 474 πτωχῶν,
1268 440 1317 466 καὶ
1334 441 1368 467 τὰ
1391 441 1446 466 ¹τῶν
1465 441 1589 476 πλησίων
1608 443 1828 477 ἀφαιρουμένους
1842 445 1912 470 κατὰ

1124 485 1208 521 μόνην
1227 487 1392 521 τυραννικὴν
1410 486 1535 519 ἐξουσίαν
1560 488 1606 514 καὶ
1634 489 1706 516 κατὰ
1728 489 1889 516 δυναστείαν
1901 498 1910 505 ·

1121 531 1274 566 τηνικαῦτα
1304 532 1353 559 καὶ
1376 533 1422 560 τὸν
1442 535 1616 569 προσήκοντα
1635 534 1722 569 θυμὸν
1745 535 1794 562 καὶ
1810 535 1859 570 τὴν
1874 535 1914 562 δι-

1123 576 1204 604 καίαν
1217 577 1304 612 ὀργὴν
1312 578 1342 609 ἐξ
1353 578 1479 614 ἀνάγκης
1491 580 1579 605 κινεῖν
1592 579 1697 613 ὀφείλει
1714 580 1785 606 κατὰ
1794 580 1850 606 τῶν
1863 589 1915 606 m-

1122 624 1315 658 νηρευομένων
1330 624 1378 651 καὶ
1395 624 1446 659 τῆς
1468 625 1598 660 ἀληθείας
1617 625 1775 653 ἀντιπάλων
1793 626 1841 653 καὶ
1857 635 1917 654 συν-

1124 668 1239 703 ιστόρων
1261 669 1309 694 τοῦ
1324 669 1450 703 ψεύδους.
1477 670 1538 705 Χρὴ
1566 671 1658 697 τοίνυν
1675 671 1722 697 ἐπὶ
1742 673 1810 698 πᾶσι
1831 681 1918 708 προσ-

1123 714 1197 749 έχειν
1210 714 1336 749 ἀκριῦῶς
1349 715 1398 741 καὶ
1413 716 1510 750 νήφειν
1527 717 1583 748 τοῖς
1599 716 1692 752 ἔργοις
1705 717 1754 743 καὶ
1762 717 1853 751 λόγοις
1862 717 1918 742 τῶν

1123 759 1173 792 τὰς
1185 759 1328 796 διατριϐὰς
1349 761 1410 796 μεθ’
1426 761 1504 796 ἡμῶν
1526 763 1697 798 ποιουμένων
1710 771 1718 778 ⁵
1731 763 1782 789 καὶ
1799 763 1869 798 μήτε
1885 763 1919 789 δι’

1125 803 1334 841 ὑπερήφανείας
1343 807 1425 841 ὖγκον
1439 807 1456 843 ἧ
1473 808 1559 840 πάθος
1576 808 1762 844 μικροψυχίας
1782 809 1921 844 παροργί-

1125 850 1223 882 ζεσθαι
1256 851 1328 878 κατὰ
1349 851 1404 878 τῶν
1434 852 1569 887 μηδαμῶς
1592 853 1788 888 ἠσεϐηκότων·
1804 854 1868 889 μητ¹
1884 852 1920 880 αὖ

1127 896 1208 923 πάλιν
1228 896 1375 931 ἀνέχεσθαι
1396 897 1444 923 καὶ
1462 898 1646 933 παρασιωπᾷν
1663 898 1710 924 καὶ
1729 898 1922 934 μακροθυμεῖν

1127 942 1173 968 ἐπὶ
1186 941 1242 968 τῶν
1256 942 1290 968 τὰ
1312 943 1378 968 ’κατ’
1400 942 1557 970 ἐναντίωσιν
1583 944 1757 980 ἐκφερόμενα
1778 944 1920 980 δρώντων.

1127 986 1206 1013 Οὕτω
1219 987 1273 1021 γὰρ
1285 987 1333 1013 καὶ
1346 986 1377 1013 τδ
1392 988 1480 1022 πρᾶον
1497 987 1575 1022 ἡμῶν
1589 987 1638 1014 καὶ
1663 988 1853 1023 μακρόθυμον,
1870 989 1922 1014 καὶ

1129 1033 1222 1067 μέντοι
1235 1032 1283 1058 καὶ
1296 1033 1310 1058 ὁ
1325 1032 1469 1067 θυμδςκαὶ
1483 1033 1499 1066 ὴ
1515 1033 1585 1068 ὀργὴ
1605 1033 1682 1068 παρὰ
1701 1032 1739 1068 τῷ
1758 1033 1854 1068 ἀγαθῷ
1871 1033 1923 1060 καὶ

1117 1078 1224 1113 ’δικαίῳ
1240 1078 1287 1104 καὶ
1301 1078 1488 1113 φιλανθρώπῳ
1507 1078 1603 1114 Κυρίῳ
1623 1079 1675 1114 τὴν
1689 1079 1827 1115 ἀποδοχὴν
1841 1079 1922 1111 ἐξου-

1139 1124 1283 1158 ὲπομένοις
1315 1124 1328 1149 ὁ
1360 1124 1442 1159 σοφὸς
1474 1124 1693 1161 Ἐκκλησιαστὴς
1723 1125 1833 1160 ἁμέσως
1867 1125 1922 1151 ἐπ-

1051 1219 1072 1253 '§
1090 1218 1145 1246 xu.

321 1263 404 1291 Vens.
421 1264 448 1291 9.
478 1262 519 1291 Na
543 1264 709 1298 festinaveris
736 1265 762 1291 in
787 1265 883 1298 spiritu
909 1269 953 1291 tuo
975 1264 1072 1296 irasci;

270 1312 345 1346 vquia
362 1311 438 1345 furor
454 1310 481 1336 in
496 1311 557 1336 sinu
575 1310 719 1337 stultorum
734 1311 871 1345 requieer
884 1310 950 1344 (lilii.

321 1357 392 1384 Idem
405 1357 478 1384 enitn
495 1356 520 1383 id
540 1360 593 1388 est,
609 1364 641 1383 ac
653 1357 675 1383 si
690 1356 793 1384 diceret
811 1365 817 1382 :
838 1356 909 1383 Care
925 1365 957 1384 ue
974 1357 1026 1384 levi
1042 1356 1075 1383 de

284 1410 368 1430 causa
387 1402 546 1438 indigneris,
565 1409 596 1429 ac
608 1406 710 1429 temere
726 1402 768 1428 vel
785 1410 818 1429 cx
831 1403 932 1430 utentis
946 1402 1073 1437 superbia

285 1450 327 1476 vel
342 1458 374 1476 ex
390 1449 473 1476 animi
495 1448 682 1475 imbecillitate
698 1448 731 1475 iis
747 1456 910 1476 succenseas
923 1469 930 1481 ,
945 1449 991 1483 qui
1007 1448 1075 1475 nihil

285 1494 416 1521 adversus
438 1493 523 1520 Deum
545 1493 736 1527 deliquerunt,
767 1498 815 1520 aut
833 1501 904 1528 quos
924 1493 950 1520 iu
971 1494 1075 1520 crimen

286 1540 424 1566 voluntate
436 1539 527 1573 lapsos
538 1546 599 1566 esse
612 1547 667 1566 non
679 1544 799 1567 constat.
809 1539 880 1572 Quin
891 1539 984 1572 etiam,
995 1547 1077 1574 quan-

287 1591 344 1612 tum
354 1584 394 1611 fas
406 1590 457 1618 est,
467 1592 544 1617 cura,
553 1585 666 1620 ut176
673 1585 779 1619 patiens
787 1585 825 1612 sis
831 1589 912 1619 atque
923 1585 1076 1619 indulgens.

286 1638 348 1656 eum
365 1629 398 1656 iis
412 1631 504 1662 etiam,
523 1630 569 1664 qui
587 1630 708 1657 minimis
735 1631 762 1657 in
785 1631 868 1659 rebus
891 1631 1054 1666 delinquunt
1069 1640 1076 1659 :

286 1680 314 1702 et
333 1675 407 1702 omni
423 1675 512 1702 studio
526 1675 629 1702 enitere
641 1695 648 1708 ,
665 1681 695 1703 ut
707 1676 748 1702 vir
759 1677 798 1704 sis
817 1681 978 1705 mansuetus
996 1682 1078 1712 atque

288 1721 496 1756 magnanimus;
517 1729 550 1749 ne
565 1727 590 1749 te
611 1729 721 1757 quoque
742 1730 827 1750 sacra:
842 1723 950 1750 Litterze
965 1723 1078 1750 stultum

288 1768 565 1802 appellent.Aitenim
580 1777 587 1795 :
606 1777 615 1793 ‹
630 1767 699 1801 Quia
713 1767 791 1795 furor
808 1769 834 1796 in
852 1770 914 1796 sinu
932 1770 1076 1797 stititorum

289 1813 472 1848 requiescit.»
503 1813 605 1841 Idcirco
623 1819 651 1841 et
672 1813 774 1842 Paulus
802 1822 917 1849 magnus
939 1815 1078 1850 apostolus

288 1858 406 1894 quodam
434 1859 460 1885 in
482 1858 543 1885 loco
563 1859 648 1886 dicit:
678 1869 687 1885 ι
709 1859 840 1887 Modestis
859 1865 948 1887 vestra
965 1865 1028 1887 uota
1045 1861 1080 1888 sit

288 1904 418 1930 omnibus
439 1903 595 1930 hominibus
613 1903 648 1930 “.
661 1903 724 1930 vllla
745 1904 818 1931 enim
839 1912 931 1932 rerum
956 1905 1078 1932 omnium

289 1949 430 1976 tolerantia
441 1956 476 1975 ac
485 1949 624 1983 patientia.
637 1957 699 1984 quae
711 1950 872 1977 modestiam
901 1959 1008 1978 morum
1025 1959 1079 1986 pne

288 2003 317 2022 se
337 1994 388 2022 fert
412 2000 438 2021 et
456 1994 634 2022 aﬁectionum
650 1995 893 2029 tranquillitatem,
908 2004 1024 2030 quorum
1051 1996 1078 2023 in

288 2041 387 2068 aniteis
415 2041 504 2076 viget,
534 2041 561 2067 in
584 2041 618 2068 iis
635 2041 757 2076 reginam
783 2042 977 2077 dominaque
995 2043 1080 2069 virtu-

289 2091 345 2113 tum
366 2086 489 2112 omnium
515 2086 605 2114 inesse
620 2090 755 2120 testatur,
775 2087 948 2122 prudentiam
964 2089 1078 2117 scilicet.

287 2132 471 2165 Quamobrem
488 2137 594 2166 oportet
607 2151 614 2164 ,
635 2136 667 2159 ut
687 2133 735 2167 qui
756 2133 898 2168 prudentia
916 2134 1035 2170 regitur,
1054 2136 1077 2162 is
1093 2145 1114 2172 ι)

288 2184 323 2204 ne
337 2176 468 2211 improbis
484 2177 594 2211 quidem
608 2177 736 2212 etimpiis
747 2183 774 2205 et
791 2179 881 2206 avaris
896 2181 1078 2209 et-homicidis

289 2222 480 2256 properantius
497 2227 677 2254 succenseat.
695 2227 723 2250 et
748 2223 827 2251 facile
851 2225 1017 2261 indignetur.
1045 2227 1079 2254 At

290 2268 335 2294 tibi
351 2275 400 2295 nec
420 2269 581 2296 auctoritate
596 2269 759 2304 quidquam,
775 2278 825 2298 nec
841 2271 996 2299 mitiorihtts
1012 2280 1079 2299 con-

289 2313 358 2340 ciliis
378 2318 425 2339 aut
452 2313 507 2340 ulla
530 2321 671 2341 sacrarum
695 2314 864 2343 Litterarum
887 2317 1078 2346 adhortatione

289 2358 414 2390 tleiiniti',
437 2359 463 2384 in
479 2358 573 2386 eadem
590 2359 627 2385 illi
645 2359 784 2387 voluntate
807 2368 836 2388 se
856 2369 968 2389 manere
984 2367 1077 2390 osten-

288 2403 354 2430 dant
367 2425 373 2436 ,
395 2408 422 2430 et
435 2403 654 2430 emendationem
676 2412 820 2439 respuere;
841 2410 897 2432 ttun
915 2414 979 2434 vero
993 2407 1079 2440 ijusta:

290 2452 337 2476 ira:
351 2455 433 2484 atque
442 2449 638 2484 indignationis
649 2451 798 2478 acutiorem
809 2452 935 2486 expediat
945 2453 1077 2488 gladium.

289 2503 344 2530 quo
359 2496 457 2521 callum
473 2495 619 2522 obductum
631 2496 775 2523 exscindat
785 2502 797 2527 ,'
810 2503 836 2524 et
850 2498 934 2525 animi
949 2498 1077 2526 duritiem

290 2542 322 2568 ad
339 2541 506 2568 medicorum
522 2541 642 2567 rationes
653 2546 750 2569 sanet:
770 2543 816 2577 qui
833 2544 950 2577 primunt
967 2545 1078 2579 quidem

290 2586 465 2614 unctionibus
480 2585 644 2619 quihusdam
663 2590 745 2621 atque
766 2588 939 2623 malagmatis
956 2594 1078 2617 tumores

290 2633 434 2659 vulnerum
447 2636 474 2658 ct
491 2630 733 2659 inﬂamtnatienem
752 2633 876 2669 mitigare
892 2639 1037 2668 conantur,
1051 2642 1079 2664 et

289 2677 321 2705 ad
329 2677 472 2704 sanitatem
488 2677 644 2712 perducere.
657 2677 759 2706 Atcutn
772 2681 884 2708 ntorbus
894 2681 1012 2710 difticilis
1024 2687 1078 2716 est,

290 2727 316 2750 et
332 2723 434 2750 leniora
460 2728 541 2758 atque
559 2724 683 2750 molliora
703 2726 770 2753 artis
785 2727 984 2756 medicamenta
999 2729 1078 2765 longe

290 2774 416 2804 eruperat,
443 2776 498 2797 tum
523 2770 705 2798 severioribus
731 2780 840 2807 quoque
871 2775 1026 2809 pharmacis
1052 2780 1078 2803 et

325 2825 347 2840 "
359 2825 475 2861 Philipp.
499 2833 534 2858 tr,
551 2827 577 2855 5.

327 2870 383 2905 (ﬁli)
402 2871 436 2898 At
453 2870 519 2898 LXX
540 2872 641 2901 hac).
658 2871 856 2899 ἀναπαύσεται.

1089 1473 1112 1503 C

1162 1263 1210 1297 Μὴ
1227 1263 1368 1297 σπεύσῃς
1385 1263 1420 1290 ἐν
1434 1263 1582 1298 πνεύματι
1594 1271 1654 1290 σου
1665 1263 1721 1290 τοῦ
1734 1263 1904 1298 θυμοῦσθαι
1915 1272 1924 1280 ο

1126 1309 1171 1336 ὅτι
1188 1309 1281 1344 θυμὸς
1291 1309 1326 1336 ἐν
1336 1310 1441 1342 κόλπῳ
1455 1309 1595 1343 ἀφρόνων
1617 1309 1813 1336 ἀναπαύεται.

1161 1355 1314 1390 Μονονουχὶ
1334 1355 1388 1390 γάρ
1407 1363 1493 1390 φησι·
1509 1355 1651 1390 Μηδαμῶς
1674 1356 1794 1390 ἀνάσχου
1816 1355 1925 1391 Gutta-3—

1127 1402 1190 1428 σθαι
1218 1401 1318 1437 ῥᾳδίως
1352 1402 1399 1428 καὶ
1431 1401 1650 1436 παροργίζεσθαι
1665 1402 1755 1436 μάτην
1781 1402 1810 1435 ἐξ
1837 1403 1926 1435 ὺπερτ

1127 1448 1232 1483 ηφάνου
1247 1447 1363 1484 καρδίας
1376 1448 1393 1482 ἦ
1409 1447 1458 1474 καὶ
1473 1446 1659 1483 μικροψυχίας
1679 1447 1752 1474 κατὰ
1763 1446 1818 1474 τῶν
1837 1447 1926 1482 μηδὲν

1128 1496 1170 1526 εἰς
1181 1495 1248 1522 Θεὸν
1262 1495 1457 1530 ἠσεϐηκότων,
1475 1494 1492 1528 ἥ
1518 1493 1639 1529 τοσαύτῃ
1660 1493 1838 1529 πλημμελείᾳ
1862 1493 1926 1520 καθ’

1129 1539 1253 1566 ἑκούσιον
1266 1539 1380 1574 γνώμην
1390 1538 1550 1565 ἑαλωκότων
1563 1546 1571 1554 ο
1588 1537 1646 1564 ἀλλ’
1661 1538 1725 1564 ὅσον
1733 1536 1789 1564 οἶόν
1803 1539 1834 1564 τὲ
1848 1539 1925 1571 ἐστι,

1131 1585 1309 1622 μακρόθυμος
1325 1585 1453 1620 εὐρέθητι
1475 1584 1523 1610 καὶ
1541 1584 1778 1618 συγγνωμονικὸς,
1794 1583 1842 1610 καὶ
1856 1583 1927 1618 πρὸς

1129 1632 1230 1662 αὐτοὺς
1245 1631 1308 1662 τοὺς
1320 1631 1356 1657 τὰ
1374 1630 1505 1664 ἐλάχιστα
1517 1629 1760 1664 πλημμελοῦντας,
1778 1629 1828 1655 καὶ
1847 1629 1925 1664 πάσῃ

1128 1676 1244 1711 δυνάμει
1257 1676 1344 1710 πρᾶος
1356 1675 1485 1710 εὐρίτκου
1498 1675 1545 1701 καὶ
1558 1674 1748 1709 μεγαλόψυχος
1760 1673 1906 1709 ἄνθρωπος
1916 1681 1924 1688 ·

1130 1723 1174 1749 ἵνα
1189 1721 1226 1757 μὴ
1241 1722 1288 1748 καὶ
1309 1722 1341 1747 σὺ
1372 1721 1449 1756 παρὰ
1460 1720 1509 1755 τῆς
1525 1720 1601 1752 θείας
1621 1721 1735 1756 Γραφῆς
1751 1720 1848 1755 ἄφρων
1864 1720 1926 1746 ὀνο-

1131 1767 1250 1803 μασθῇς.
1266 1767 1338 1803 Φησὶ
1351 1767 1416 1801 γὰρ,
1439 1776 1448 1792 ι
1463 1766 1526 1793 ’Ὁτι
1539 1766 1626 1801 θυμὸς
1641 1768 1670 1793 ὲν
1684 1761 1778 1801 κόλπῳ
1795 1766 1926 1801 ἀφρόνων

1128 1813 1311 1842 ἀναπαύεται.
1332 1824 1341 1839 ι
1357 1813 1406 1839 Διὰ
1419 1812 1501 1839 τοῦτο
1514 1812 1581 1848 φησι
1596 1820 1649 1839 που
1667 1812 1714 1838 καὶ
1729 1811 1837 1843 Παῦλος
1849 1812 1864 1837 6
1876 1812 1926 1846 μέ-

1129 1869 1182 1894 γας
1211 1859 1362 1891 ἀπόστολος
1381 1867 1388 1874 ·
1408 1868 1417 1884 ι
1445 1859 1482 1885 Τδ
1516 1859 1639 1889 ἐπιεικὲς
1667 1858 1745 1892 ὑμῶν
1771 1857 1924 1892 γνωσθήτω

1130 1907 1214 1932 πᾶσιν
1228 1905 1394 1940 ἀνθρώποις.
1410 1914 1419 1930 ι
1444 1905 1477 1930 Ἦ
1491 1903 1546 1939 γὰρ
1563 1905 1592 1929 ὲν
1611 1904 1696 1930 πᾶσιν
1711 1903 1795 1938 ἀνοχὴ
1812 1904 1860 1929 καὶ
1871 1912 1924 1938 μαι

1129 1952 1278 1988 κροθυμία,
1292 1951 1342 1986 τὴν
1355 1952 1509 1977 ἐπιείκειαν
1517 1950 1711 1985 ἐνδεικνυμένη
1720 1950 1775 1976 τῶν
1786 1950 1860 1984 ἠθῶν
1873 1950 1923 1976 καὶ

1130 1999 1327 2026 καταστάσεων
1341 1997 1391 2032 τῆς
1402 1998 1503 2032 ψυχῆς,
1517 1997 1566 2031 τὴν
1581 1996 1800 2031 βασιλικωτάτην
1813 1996 1862 2022 καὶ
1875 1997 1924 2030 τὴν

1130 2044 1305 2080 κυριωτάτην
1332 2044 1387 2070 τῶν
1415 2043 1533 2077 γενικῶν
1555 2042 1662 2077 ἀρετῶν
1687 2042 1854 2076 ἐνυπάρχειν
1867 2042 1924 2071 τοῖς

1129 2089 1261 2122 τοιούτοις
1291 2090 1420 2125 κηρύττει
1434 2109 1440 2120 ,
1453 2087 1575 2123 δηλονότι
1604 2087 1654 2122 τὴν
1677 2087 1820 2123 φρόνησιν.
1838 2087 1924 2112 Ἰὶςτε

1132 2134 1322 2170 προσήκειτδν
1340 2133 1392 2160 ὑπὸ
1408 2134 1565 2168 φρονήσεως
1585 2132 1752 2167 ίθυνὸμενον,
1771 2131 1838 2166 μηδὲ
1856 2131 1926 2167 πρὸς

1130 2181 1194 2211 τοὺς
1216 2179 1455 2214 πονηρευομένους
1472 2178 1520 2204 καὶ
1535 2177 1679 2208 δυσσεῦεῑς
1693 2177 1742 2204 καὶ
1755 2177 1926 2208 πλεονέκτας

1130 2225 1178 2252 καὶ
1202 2225 1380 2260 μιαιφόνους,
1406 2223 1529 2259 εὐχερῶς
1552 2223 1782 2259 παροργίζεσθαι,
1804 2223 1852 2250 καὶ
1875 2223 1926 2249 θυ-

1113 2265 1116 2268 ”
1132 2271 1249 2306 μοῦσθαι
1277 2270 1376 2306 ῥᾳδίως
1390 2278 1397 2285 ⁸
1415 2270 1472 2296 ἀλλ’
1487 2269 1552 2296 ὅταν
1575 2269 1620 2296 διὰ
1641 2269 1691 2303 τῆς
1715 2268 1926 2303 ἐπιεικεστέρας

1130 2315 1272 2349 ἀξιώσεως
1291 2315 1338 2342 καὶ
1366 2315 1539 2350 συμϐουλῆς,
1556 2315 1605 2341 καὶ
1626 2316 1677 2350 τῆς
1697 2314 1856 2349 πραοτέρας
1869 2314 1925 2340 τῶν

1130 2361 1246 2397 Γραφῶν
1257 2362 1429 2396 εἰσηγήσεως
1441 2361 1571 2396 οὐδεμίαν
1582 2361 1682 2387 ἐκεῖνοι
1698 2359 1852 2395 μιταϐολὴν
1862 2360 1926 2385 επι-

1129 2407 1285 2434 δείκνυνται
1302 2407 1372 2442 πρδς
1387 2407 1417 2433 cr.
1438 2408 1564 2442 κρεῖττον
1579 2415 1584 2420 ·
1597 2406 1748 2441 τηνικαῦτα
1769 2405 1820 2441 τὴν
1832 2414 1926 2440 τομωα

1129 2454 1212 2489 τέραν
1229 2453 1276 2480 τοῦ
1304 2453 1391 2488 θυμοῦ
1407 2453 1455 2479 καὶ
1478 2453 1527 2487 τῆς
1538 2452 1647 2483 δικαίας
1662 2451 1751 2486 ὀργῆς
1763 2451 1925 2487 μεταχειρί-

1130 2499 1225 2531 ζεσθαι
1240 2500 1380 2534 μάχαιραν
1393 2499 1433 2528 εἰς
1446 2497 1568 2533 ἐκτομὴν
1579 2497 1630 2532 τῆς
1640 2497 1754 2523 ἐκείνων
1765 2497 1926 2531 πωρώσεως
1950 2492 1954 2495 ’

1130 2544 1176 2570 καὶ
1204 2543 1335 2576 λάξευσιν
1362 2544 1413 2578 τῆς
1439 2542 1569 2574 nemo»;
1585 2542 1700 2577 καρδίας
1714 2541 1787 2568 κατὰ
1801 2541 1852 2576 τὴν
1865 2542 1926 2567 Em—

1131 2591 1239 2626 στήμην
1268 2590 1322 2616 τῶν
1351 2589 1471 2625 ἰατρῶν*
1488 2589 1514 2616 οἶ
1544 2589 1679 2624 πρότερον
1717 2588 1844 2622 ἀλοιφαῖς
1869 2595 1925 2613 τισι

1130 2637 1177 2664 καὶ
1207 2637 1368 2671 μαλάγμασι
1396 2636 1447 2668 τὰς
1472 2635 1594 2671 οίδήσεις
1619 2635 1667 2661 καὶ
1693 2634 1851 2669 φλεγμονὰς
1869 2631 1926 2657 τῶν

1129 2682 1298 2718 τραυμάτων
1310 2683 1518 2718 καταπραΰνειν
1531 2681 1683 2716 πειρῶνται
1695 2681 1743 2707 καὶ
1758 2678 1926 2716 μετᾳφέρειν

1130 2729 1199 2765 πρὸς
1224 2730 1318 2764 ρῶσιν.
1335 2729 1419 2756 Ὅταν
1446 2729 1474 2755 δὲ
1499 2727 1618 2762 χαλεπὸν
1643 2727 1674 2753 τὸ
1701 2726 1787 2757 πάθος
1801 2724 1926 2759 ὑπάρχον

1130 2775 1284 2810 ὑπερδαίνῃ
1296 2775 1345 2806 τὰς
1362 2774 1541 2809 ἁπαλωτέρας
1559 2773 1607 2800 καὶ
1627 2772 1783 2808 πραοτέρας
1801 2769 1929 2805 ἰατρείας
