2038 3155
273 145 283 177 1
290 146 341 178 307

274 203 355 238 17s
368 210 429 229 esse
440 201 576 236 sapientes
591 201 725 233 homines,
735 202 781 235 qui
799 202 912 228 minime
924 202 976 229 hoc
991 201 1063 228 aﬂir-
1078 208 1099 234 Α

271 254 356 279 mem,
368 252 415 274 aut
429 247 549 274 inanima
567 247 720 281 culpantes,
733 254 782 274 eos
799 247 954 279 absolvant,
965 247 1012 280 qui
1026 247 1060 274 li-

271 294 362 320 beram
377 292 477 319 habent
493 292 672 322 voluntatem,
684 295 712 318 ct
726 298 781 325 quo
796 291 892 318 malint
910 292 1059 319 inclinandi

270 339 436 374 arbitrium;
458 337 532 364 addit
552 345 645 364 nunc:
665 346 673 363 ι
698 337 772 364 Bona
786 342 827 364 est
843 338 976 373 sapientia
996 345 1059 365 cum

271 384 444 412 haereditate:
459 393 468 409 ι
480 383 525 415 iis,
540 383 586 417 qui
602 391 750 417 supernam
760 383 936 418 divinamque
949 384 1060 418 sapien-

270 431 335 458 tiam
351 430 424 458 nacti
441 433 668 463 situt..pr:ecepta
687 429 809 460 tradens,
823 434 854 456 ut
877 433 904 455 ct
915 429 985 456 alios
1001 436 1061 462 om-

270 483 319 504 nes
344 475 485 507 edoceant.
501 481 602 501 vanum
616 474 683 501 nihil
697 475 819 508 cogitare
831 478 879 501 aut
894 474 981 509 loqui,
1011 482 1060 501 nec

269 522 380 549 vitiatas
397 528 430 548 ac
443 524 583 547 tortuosae
613 520 758 554 opiniones
779 520 920 555 amplecti,
945 524 973 548 et
997 528 1059 555 quze

271 575 406 602 nusquam
421 570 497 600 sunt,
508 565 566 593 sibi
587 565 688 601 (ingere
705 575 712 593 :
732 571 760 594 at
773 571 849 594 recto
869 566 962 594 animo
977 571 1059 594 natu-

273 622 331 641 ram
349 620 441 641 rerum
456 612 686 646 contemplantes,
702 612 810 640 veritati
824 613 940 640 sincerae
952 621 986 641 ac
1008 612 1061 640 mi-

270 660 346 687 nime
360 660 458 686 fucata:
470 659 622 691 adhaerere,
631 662 666 686 et
679 659 776 694 diebus
793 659 923 687 omnibus
944 658 1060 694 gloriam

273 706 388 734 Domino
403 706 533 737 tribuere,
548 706 594 740 qui
609 706 668 732 dies
692 705 846 732 universos
876 711 955 740 pares
992 712 1060 732 eon-

270 752 369 784 stituit,
385 755 522 786 quotquot
538 752 669 778 hactenus
693 751 834 783 exstitere,
863 754 890 778 et
904 757 1061 778 mensuram

271 798 306 825 iis
319 797 498 831 ordinemque
527 796 724 831 praescripsit:
754 800 812 823 tum
841 803 930 832 neque
956 797 1061 832 primos

270 851 360 878 neque
372 848 524 878 pastremos
538 841 716 870 distinctione
730 842 841 870 inducta
864 843 952 870 bonos
965 843 1060 878 appel-

271 875 339 921 lare,
354 875 401 915 sed
415 895 512 915 omnes
528 887 703 922 simpliciter,
715 891 846 922 tanquam
859 895 892 915 ex
908 875 1060 923 houtipro-
1076 875 1096 903 Β

271 935 397 966 ﬂuentes,
412 937 439 960 et.
452 940 537 961 cursu
551 933 618 961 solis
640 941 673 961 ac
707 939 781 961 motu
815 935 1038 969 circumscriptos
1053 944 1060 962 :

258 980 352 1008 ~simul
372 984 399 1007 et
416 972 545 1007 virtutem
561 983 590 1006 et
603 980 704 1006 vitium
728 980 763 1007 ab
800 981 921 1007 humano
947 980 1062 1008 arbitrio

272 1026 400 1060 pendere,
419 1032 452 1052 ac
475 1029 620 1060 propterea
649 1029 704 1052 tam
729 1029 853 1061 pacatam
878 1033 1063 1060 serenamque
1089 1016 1094 1020 ’

273 1071 413 1100 hominum
442 1070 538 1104 vitam.
571 1079 653 1106 quam
682 1071 869 1099 turbulentam
901 1072 1061 1099 eorumdem

273 1125 304 1145 ac
328 1117 524 1145 tumultuosam
536 1116 725 1145 conditionem
747 1126 754 1144 :
780 1121 809 1145 ut
824 1118 952 1145 virtutem
969 1118 1060 1153 magni

272 1162 623 1197 facientes,improbitatem
643 1167 772 1199 tanquam
786 1163 974 1191 detestabilem
987 1172 1063 1192 arer—

274 1214 380 1237 δοιιιιπ.

308 1254 359 1288 Qui
375 1255 459 1290 igitur
469 1253 631 1288 sapientiam
653 1261 667 1280 τι
687 1253 742 1280 Deo
769 1253 885 1288 accepit,
912 1261 966 1280 non
1001 1262 1061 1281 eam

274 1303 325 1330 sibi
344 1303 389 1330 uni
407 1302 557 1330 attribuere
572 1302 653 1329 debet
688 1309 720 1328 ac
748 1301 983 1332 circumscribere,
1015 1303 1062 1329 sed

273 1349 357 1377 \eluti
374 1349 491 1384 diligens
507 1348 619 1383 quidam
642 1347 840 1383 paterfamilias
869 1353 895 1375 et
915 1348 1061 1375 liberorum

274 1403 380 1428 amans,
406 1403 466 1422 eam
491 1395 599 1422 ceteris
625 1401 736 1428 quoque
765 1394 934 1425 hominibus,
961 1398 1062 1428 quanta

274 1441 358 1468 menti
373 1440 458 1468 indita
472 1440 564 1472 fuerit,
580 1440 697 1474 singulis
711 1439 888 1470 distribuere.
921 1445 951 1467 ut
975 1440 1064 1466 mani-

275 1484 344 1512 festo
361 1484 428 1512 bona
444 1489 471 1511 et
486 1483 620 1511 habeatur
637 1488 664 1511 et
675 1484 844 1511 nominetur.
863 1482 930 1511 Nam
965 1483 1064 1510 habere

275 1530 448 1565 sapientiam,
469 1535 496 1557 et
514 1530 585 1556 hanc
601 1530 678 1564 quasi
700 1530 884 1557 haereditatem
904 1537 957 1557 non
973 1535 1064 1557 trans-
1078 1545 1099 1574 α

276 1576 384 1603 mittere
413 1576 447 1602 ad
461 1575 541 1608 alios,
565 1575 700 1603 honorum
718 1576 811 1609 utique
828 1583 882 1602 non
908 1581 960 1602 est.
992 1574 1060 1603 Nam

274 1621 322 1656 qui
339 1621 392 1648 hoc
403 1620 478 1652 facit,
499 1620 598 1648 similis
615 1625 657 1648 est
671 1625 698 1647 et
713 1621 793 1655 plane
810 1621 1011 1655 comparandus
1024 1622 1060 1653 ei,

274 1667 320 1701 qui
337 1674 433 1698 unum,
446 1666 518 1701 quod
534 1671 689 1701 acceperat,
717 1667 848 1694 talentum
866 1668 901 1695 ob
917 1667 1060 1702 segnitiem

275 1717 302 1739 et
316 1712 450 1747 ignaviam
466 1712 517 1738 sub
531 1717 602 1738 terra
620 1712 754 1740 condidit.
769 1711 821 1744 Qui
835 1720 899 1739 vero
916 1720 976 1740 eam
989 1713 1062 1740 mul-

275 1759 310 1786 tis
325 1758 386 1786 aliis
402 1758 498 1785 dividit
509 1761 536 1784 et
551 1762 680 1792 tanquam
706 1757 891 1785 [nereditatem
920 1758 1012 1791 tradit,
1028 1758 1061 1785 il-

275 1806 331 1832 lum
345 1804 476 1836 imitatur,
493 1803 540 1835 qui
553 1803 655 1830 talenta
669 1803 802 1838 quinque,
816 1803 919 1838 quique
934 1803 988 1830 duo
1015 1811 1062 1831 ac-

272 1850 355 1886 cepit,
368 1853 396 1877 et
418 1848 513 1876 sedulo
527 1849 698 1883 honestoque
713 1849 829 1876 consilio
846 1848 952 1876 lucrum
966 1856 1060 1876 eorum

273 1896 349 1923 auxit
368 1903 400 1923 ac
415 1894 573 1930 duplicavit.
589 1893 668 1927 Quod
684 1895 794 1928 sapiens
818 1893 1000 1922 Ecclesiastes
1023 1894 1060 1922 si-

274 1941 403 1976 gniﬁcare
420 1949 484 1969 cum
501 1941 591 1973 vellet,
615 1941 653 1968 ait
668 1949 676 1967 :
690 1949 700 1966 ι
720 1939 884 1975 Etamplius
904 1940 1060 1968 videntibus

273 1989 370 2016 solem.
391 1996 401 2014 ι
417 1987 468 2020 Qui
485 1987 557 2014 enim
574 1986 667 2014 datam
682 1986 735 2013 sibi
752 1986 883 2013 divinitus
898 1985 1060 2021 sapientiam

273 2033 408 2067 dispertit,
424 2032 448 2060 is
474 2033 573 2059 bonum
601 2039 711 2066 quoquc
734 2035 875 2066 acceptum
901 2031 1060 2066 ampliﬁcat,

273 2078 404 2106 talentum
424 2077 573 2112 adaugens,
590 2078 690 2113 quippe
702 2077 751 2112 qui
776 2077 869 2104 erudit
897 2077 1010 2110 multos,
1033 2082 1061 2104 et

273 2125 338 2152 dum
356 2124 447 2158 plures
461 2123 626 2158 eorum,qui
651 2123 735 2153 solem
762 2123 836 2151 hunc
866 2123 1060 2158 aspectabilem

274 2171 427 2201 intuentttr,
452 2169 484 2197 ad
501 2177 578 2196 veras
593 2169 743 2198 sententias
761 2174 789 2197 et
799 2169 949 2204 spiritalem
976 2170 1060 2198 vitam

273 2215 407 2251 perducit,
434 2215 514 2250 179
537 2216 620 2243 simul
642 2215 686 2243 Dei
716 2215 830 2251 gloriam
854 2223 948 2243 eorum
974 2215 1061 2243 salute
1078 2223 1099 2250 Ῑ)

273 2263 398 2297 adauget.
412 2262 481 2288 Nam
498 2262 579 2289 veluti
596 2261 691 2288 umbra
701 2261 818 2296 quadam
833 2262 891 2288 sive
906 2266 1061 2296 legumento

273 2307 414 2342 sapienlite
430 2315 486 2334 suae
498 2307 532 2334 ab
556 2312 734 2335 externorum
759 2306 935 2341 captionibus
958 2311 1058 2339 tuetur,

272 2353 349 2381 etab
368 2358 437 2382 arstu
464 2353 567 2388 peccati
582 2357 663 2387 atque
693 2353 837 2386 impiarum
862 2352 1059 2387 cogitationum

274 2398 410 2424 immunes
424 2402 544 2432 praestat,
564 2397 597 2424 Et
610 2398 661 2425 hoc
677 2397 772 2431 utique
788 2398 847 2424 sine
872 2398 1059 2425 controversia

273 2447 326 2474 est,
348 2442 421 2476 quod
440 2442 532 2469 addit:
549 2451 558 2467 ε
575 2441 643 2474 Qui:
658 2442 684 2468 iu
708 2441 804 2469 umbra
827 2442 886 2477 ejus
914 2443 1058 2477 sapientia,

274 2488 344 2514 sicut
360 2487 455 2514 umbra
472 2487 575 2521 argenti
592 2495 599 2519 ;
623 2495 632 2510 ι
649 2486 881 2522 quemadmodum
908 2488 982 2514 enim
1012 2489 1058 2522 qui

272 2534 343 2560 dona
362 2532 478 2561 alierum
493 2540 517 2559 et
534 2536 676 2567 argentum
690 2532 754 2560 dant
777 2532 812 2560 iis
827 2540 842 2559 a
867 2533 969 2567 quibus
997 2533 1059 2560 laedi

273 2583 397 2613 possunt.
416 2579 457 2605 vel
473 2579 624 2612 periculum
640 2582 680 2606 est
715 2585 749 2606 ne
761 2578 906 2611 laedantur,
922 2579 964 2606 vel
977 2580 1060 2614 aqui-

273 2629 323 2652 bus
338 2624 437 2659 captivi
457 2624 590 2651 habentur
604 2628 632 2651 et
658 2624 730 2650 male
758 2629 892 2652 vexantur
913 2630 941 2652 at
965 2626 1059 2660 pejora

273 2670 300 2696 in
321 2669 378 2696 dies
395 2673 530 2701 metuunt,
547 2669 626 2703 quasi
647 2669 742 2696 umbra
775 2670 901 2704 protecti,
933 2671 1060 2705 nequitia:

271 2723 366 2743 eorum
383 2719 478 2742 aestum
492 2715 607 2746 evitant,
623 2719 651 2742 et
667 2715 849 2750 periculorum
865 2716 965 2744 ﬂuctus
993 2717 1060 2744 eﬂ‘u-

271 2761 348 2795 giunt
372 2770 377 2787 :
396 2761 436 2787 sic
449 2765 477 2788 et
498 2761 597 2788 divinm
615 2761 756 2795 sapientiae
781 2762 941 2790 distributio
961 2768 1059 2790 ettan-

271 2814 354 2840 quam
372 2807 538 2834 limi-eilitatis
549 2807 659 2839 divisio,
693 2815 756 2834 cum
780 2807 883 2835 umbne
915 2809 1001 2836 inslar
1023 2810 1057 2837 ab

271 2855 338 2878 testu
352 2857 474 2886 protegat
508 2857 617 2879 tentata:
645 2853 746 2880 mentis
762 2858 789 2879 et
804 2853 982 2882 allicientinnt
1015 2856 1057 2882 νὶ-

823 146 853 176 S.
875 146 1063 175 GHEGOHII
1097 147 1354 177 AGRIGENTINI‘

1115 210 1164 233 τας
1172 203 1237 238 μηδέ
1248 203 1302 229 τῶν
1313 202 1424 238 ἀψύχων
1433 203 1695 238 καταψευδομένους,
1704 203 1833 238 ἀφιέντας
1840 205 1899 236 τοὺς

1112 247 1286 279 αὐτεξούσιον
1303 247 1463 284 προαίρεσιν
1471 248 1594 282 ἔχοντας,
1604 249 1652 274 καὶ
1665 248 1714 283 τὴν
1729 249 1771 282 ἐφ’
1783 249 1900 284 ἑκάτερα

1113 294 1200 328 ῥοπὴν
1214 295 1400 329 κεκτημένους
1418 301 1424 309 ·
1442 295 1491 321 νῦν
1507 303 1585 329 φησι,
1601 304 1611 320 ι
1637 295 1741 330 ’Λγαθὴ
1757 295 1840 330 σοφία
1854 305 1901 331 με-

1111 339 1145 365 τὰ
1164 340 1344 374 κληροδοσίας
1359 348 1366 356 ·
1387 350 1396 366 ι
1418 340 1615 376 εἰσηγούμενος
1644 341 1707 372 τοὺς
1722 342 1773 376 τῆς
1797 341 1901 369 ἄνωθεν

1112 386 1159 411 καὶ
1173 385 1248 416 θείας
1266 385 1485 418 καταξιωθέντας
1513 386 1620 420 σοφίας,
1630 388 1677 412 καὶ
1686 386 1791 417 πάντας
1807 387 1902 418 ἄλλους

1111 430 1248 457 διδάσκειν
1269 431 1307 466 μὴ
1329 434 1433 466 μάταια
1446 431 1706 466 διενθυμετσοαικαὶ
1718 432 1820 466 λέγειν,
1836 433 1902 467 μηδὲ

1110 475 1160 506 τὰς
1175 476 1348 511 ὲσφαλμένας
1366 477 1413 503 καὶ
1428 476 1576 510 καμπύλας
1592 476 1670 510 δόξας
1700 476 1902 511 ὑπολαμϐάνειν

1111 522 1158 547 καὶ
1172 522 1206 548 τὰ
1226 522 1262 556 μὴ
1280 522 1345 548 ὄντα
1359 521 1499 554 δοξάζειν
1530 522 1588 548 ἀλλ’
1601 522 1631 548 ἐν
1642 521 1774 556 εὐθύτητι
1789 523 1904 557 καρδίας

1111 567 1180 602 πρὸς
1191 567 1240 602 τὴν
1258 567 1341 602 φύσιν
1357 567 1413 594 τῶν
1427 568 1598 602 πραγμάτων
1613 568 1830 601 ἀποϐλέποντας,
1841 569 1905 604 ἐχε-

1111 613 1174 639 σθαι
1190 614 1240 648 τῆς
1263 612 1349 645 δντως
1374 612 1459 647 οὔσης
1471 613 1612 647 ἀληθείας,
1637 613 1684 639 καὶ
1700 612 1824 645 δοξάζειν
1854 613 1905 648 μὲν

1111 658 1141 684 ἐν
1157 658 1260 690 πάσαις
1275 659 1336 690 ταῖς
1351 657 1471 693 ἡμέραις
1484 657 1530 684 τὸν
1549 657 1651 692 Κύριον
1665 658 1711 684 τὸν
1745 659 1774 684 ὲν
1801 658 1906 693 ἰσότητι

1111 703 1202 735 πάσας
1218 704 1413 738 ὑποστήσαντα
1427 703 1478 734 τὰς
1493 703 1613 738 ἡμέρας,
1633 704 1697 730 ὅσον
1707 700 1775 738 ἧκεν
1787 705 1827 735 εἰς
1854 705 1906 736 τέ-

1111 757 1184 776 νεσιν
1199 750 1247 776 καὶ
1258 749 1380 783 φυσικὴν
1387 748 1519 784 ὕπαρξιν,
1533 749 1617 776 καὶτὸ
1632 749 1731 784 μέτρον
1739 749 1789 783 τῆς
1801 749 1907 781 τάξεως

1108 795 1159 822 καὶ
1175 796 1244 830 μήτε
1261 795 1311 827 τὰς
1325 796 1422 831 πρώην
1436 796 1506 831 μήτε
1517 796 1565 827 τὰς
1576 797 1695 831 taxata;
1709 795 1885 831 διῃρημένως
1900 808 1907 814 -

1111 840 1218 878 ἀγαθὰς
1234 841 1390 876 ὀνομάζειν,
1407 841 1478 868 ἀλλὰ
1495 841 1586 873 πάσας
1602 841 1708 872 ἁπλῶς,
1726 842 1763 873 ὡς
1776 842 1806 874 ἐξ
1837 843 1908 875 ἁγα-

1113 885 1159 912 θοῦ
1175 885 1328 920 γεγονυίας,
1342 886 1389 913 καὶ
1399 885 1544 921 γινομένας
1562 885 1607 913 διὰ
1620 887 1668 922 τῆς
1682 886 1797 922 ἡλιακῆς
1818 880 1910 923 φορᾶς

1110 932 1160 958 καὶ
1177 933 1312 966 κινήσεως
1323 939 1330 947 ·
1347 932 1450 967 ἀρετὴν
1464 931 1492 958 δὲ
1509 932 1555 958 καὶ
1567 932 1668 959 κακίαν
1681 932 1847 967 ἐξηρτῆσθαι
1856 933 1910 968 τῆς

1112 977 1425 1013 ἀνθρωπίνηςγνώμης,
1441 977 1490 1005 καὶ
1506 978 1578 1004 κατὰ
1591 977 1622 1004 τὸ
1640 978 1798 1009 ἀκόλουθον,
1825 980 1908 1014 εἰρη-

1114 1024 1191 1050 ναίαν
1208 1024 1256 1050 καὶ
1269 1024 1444 1060 γαληνιῶσαν
1460 1024 1640 1055 κατάστασιν,
1657 1024 1704 1050 καὶ
1738 1024 1830 1059 μέντοι
1857 1027 1908 1051 καὶ

1110 1066 1258 1105 ’ταραχώδή
1279 1070 1327 1096 καὶ
1342 1069 1497 1105 πολεμικὴν
1512 1069 1652 1096 πολιτείαν
1672 1077 1679 1084 '
1695 1070 1738 1095 ἵνα
1756 1070 1822 1105 περὶ
1841 1070 1909 1096 πολ-

1113 1114 1160 1141 λοῦ
1174 1115 1308 1142 ποιῶνται
1325 1115 1375 1150 τὴν
1388 1115 1501 1150 ἀρετὴν,
1526 1114 1648 1149 φεύγωσι
1677 1114 1706 1140 δὲ
1723 1114 1772 1150 τὴν
1806 1115 1910 1142 κακίαν

1113 1161 1152 1192 ὡς
1166 1162 1316 1196 στυγητὴν.

1155 1251 1184 1277 '0
1200 1251 1291 1278 τοίνυν
1307 1253 1339 1278 ἐκ
1353 1251 1420 1279 Θεοῦ
1441 1251 1540 1286 σοφίαν
1555 1251 1655 1283 λαϐὼν,
1678 1253 1780 1288 ἥκιστα
1801 1253 1909 1289 ταύτην

1113 1297 1215 1331 ὀφείλει
1240 1297 1370 1332 διορίζειν
1387 1298 1435 1325 καὶ
1467 1299 1649 1334 περιγράφειν
1665 1301 1706 1331 εἰς
1733 1301 1831 1327 ἑαυτὸν
1858 1303 1909 1328 καὶ

1115 1344 1207 1378 μόνον,
1223 1344 1281 1371 ἀλλ’
1299 1342 1356 1372 οἷόν
1363 1353 1405 1376 τις
1423 1345 1580 1380 φιλότεκνος
1594 1347 1686 1383 πατὴρ
1703 1347 1749 1374 καὶ
1763 1347 1909 1383 φιλόστορ-

1114 1397 1172 1423 γος,
1187 1390 1328 1425 διανέμειν
1342 1391 1427 1417 αὐτὴν
1451 1392 1500 1418 καὶ
1530 1393 1613 1418 πᾶσιν
1633 1392 1723 1425 ἄλλοις
1750 1393 1909 1429 ἀνθρώποις

1114 1436 1176 1462 ὅσον
1189 1432 1257 1470 ἧκεν
1267 1437 1307 1467 είς
1324 1435 1447 1472 γνώμην,
1467 1437 1512 1465 ἴνα
1528 1437 1664 1472 λογίζοιτο
1692 1439 1740 1466 καὶ
1752 1441 1909 1476 κατονομά-

1115 1481 1189 1514 (uno
1196 1482 1289 1516 σαφῶς
1297 1483 1397 1518 ἀγαθή.
1406 1483 1443 1510 To
1454 1483 1510 1519 γὰρ
1516 1485 1590 1520 ἔχειν
1603 1485 1711 1520 σοφίαν,
1720 1486 1768 1512 καὶ
1776 1487 1814 1522 μή
1822 1495 1910 1514 κατα-

1116 1528 1167 1562 κλη
1172 1529 1289 1563 ροὸοτεῖν
1298 1529 1384 1564 αὐτὴν
1393 1530 1440 1557 καί
1448 1538 1519 1557 τισιν
1525 1530 1626 1562 ἄλλοις,
1640 1531 1691 1558 οὐκ
1701 1532 1759 1560 ἐστι
1767 1533 1823 1560 τῶν
1839 1533 1911 1566 ἁγα-

1116 1575 1180 1602 οῶν.
1200 1574 1394 1606 ’Λπεικάζεται
1408 1575 1463 1610 γὰρ
1473 1575 1488 1602 ὸ
1501 1575 1625 1607 τοιοῦτος
1640 1576 1688 1603 καὶ
1699 1577 1848 1612 προφανῶς
1861 1579 1908 1610 ἐξ·

1114 1620 1255 1655 ωμοίωται
1267 1620 1306 1655 τῷ
1315 1620 1424 1647 λαϐόντι
1435 1621 1466 1647 τὸ
1477 1620 1506 1648 ἓν
1518 1621 1649 1648 τάλαντον
1658 1621 1705 1648 καὶ
1715 1622 1908 1657 καταχώσαντι

1114 1665 1158 1693 διὰ
1174 1666 1318 1702 ῥᾳστώνης
1337 1666 1386 1693 καὶ
1396 1666 1533 1702 ῥᾳθυμίας
1553 1667 1594 1699 είς
1609 1667 1670 1702 γῆν.
1692 1667 1722 1694 Ὀ
1729 1667 1757 1695 δὲ
1769 1667 1909 1703 διανέμων

1114 1712 1200 1747 αὐτὴν
1217 1712 1266 1739 ’καὶ
1282 1712 1524 1747 κατακληροδοτῶν
1543 1713 1704 1745 νναὶπολλοῖς
1718 1713 1821 1747 ἄλλοις,
1833 1715 1908 1742 ἔοικε

1114 1757 1154 1792 τῷ
1168 1757 1278 1784 λαϐόντι
1293 1758 1374 1785 πέντε
1389 1758 1511 1786 τάλαντα
1523 1758 1618 1785 καὶτὰ
1635 1758 1692 1791 δύο,
1709 1759 1756 1786 καὶ
1769 1759 1814 1786 διὰ
1830 1761 1909 1794 φιλο-

1115 1802 1197 1828 πόνου
1211 1802 1259 1828 καὶ
1284 1802 1430 1836 φιλοκάλου
1457 1803 1646 1838 προαιρέσεως
1674 1803 1826 1838 αὑξήσαντι
1860 1805 1909 1832 καὶ

1113 1847 1324 1875 διπλασιάσαντι
1337 1848 1366 1875 τὸ
1382 1849 1477 1883 κέρδος
1491 1849 1591 1876 αὐτῶν.
1608 1849 1698 1884 Ὅπερ
1719 1850 1909 1885 αἰνιττόμενος

1114 1895 1128 1921 6
1145 1894 1227 1928 σοφὸς
1241 1894 1468 1930 Ἑκκλησιαστὴς,
1485 1893 1547 1922 εἷπε
1561 1904 1568 1910 ·
1585 1905 1595 1921 ι
1615 1896 1670 1922 Καὶ
1690 1896 1838 1931 περισσεία
1851 1898 1908 1927 τοῖς

1111 1939 1309 1976 θεωροῦσιτὸν
1327 1941 1414 1976 ἥλιον.
1435 1950 1444 1966 ι
1471 1940 1500 1967 ὐ
1517 1942 1573 1976 γὰρ
1598 1941 1770 1976 κληροδοτῶν
1787 1942 1837 1977 τὴν
1863 1942 1908 1968 δε-

1113 1986 1231 2021 δομένην
1242 1986 1317 2022 αὐτῷ
1342 1987 1437 2021 σοφίαν
1453 1987 1547 2014 θεόθεν
1560 1988 1608 2014 καὶ
1632 1988 1793 2022 περισσείαν
1817 1990 1858 2020 εἰς
1877 1990 1909 2014 τὸ

1113 2030 1217 2064 ἀγαθὸν
1237 2030 1440 2066 ἀπεργάζεται,
1462 2031 1710 2065 πολλαπλασιάζων
1722 2033 1753 2058 τὸ
1765 2033 1908 2064 τάλαντον,

1114 2076 1163 2103 ἆτε
1183 2076 1216 2113 δὴ
1231 2077 1379 2108 συνετίζων
1390 2077 1515 2110 πολλοὺς,
1537 2078 1585 2104 καὶ
1609 2078 1678 2112 πρὸς
1694 2078 1806 2113 ἀληθεῖς
1828 2079 1910 2110 δόξας

1114 2122 1162 2149 καὶ
1188 2123 1378 2158 πνευματικὰς
1391 2124 1574 2158 καταστάσεις
1591 2124 1772 2159 ἐφελκόμενος
1782 2124 1835 2152 τῶν
1847 2124 1910 2160 βλε-

1115 2167 1221 2195 πόντων
1245 2168 1290 2195 τὺν
1308 2169 1437 2204 αἰσθητὸν
1455 2169 1531 2204 ἥλιον
1543 2169 1650 2202 τοῦτον,
1678 2170 1726 2196 καὶ
1742 2170 1792 2206 τὴν
1826 2170 1908 2203 δόξαν

1113 2212 1160 2239 τοῦ
1178 2213 1246 2240 Θεοῦ
1259 2213 1304 2240 διὰ
1318 2214 1368 2249 τῆς
1385 2214 1460 2248 σφῶν
1478 2215 1614 2251 σωτηρίας
1625 2215 1762 2247 ὲπαύξων.
1781 2213 1843 2243 Οῗον
1853 2216 1908 2251 γάρ

1112 2267 1166 2285 τινι
1183 2259 1247 2294 σκιᾷ
1264 2259 1324 2294 ἦτοι
1337 2261 1370 2294 τῇ
1387 2260 1475 2295 σκέπῃ
1498 2260 1547 2295 τῆς
1563 2260 1658 2294 σοφίας
1676 2261 1760 2288 αὐτοῦ
1774 2261 1828 2288 τῶν
1858 2262 1908 2287 ἁλ-

1112 2303 1235 2339 λοφύλων
1256 2305 1458 2340 ἐνθυμημάτων
1475 2305 1590 2341 ἐξαιρεῖ,
1623 2306 1669 2332 καὶ
1690 2306 1737 2332 τοῦ
1764 2306 1907 2337 καύσωνος

1111 2348 1311 2387 ὰπολυτροῦται
1324 2352 1375 2386 τῆς
1388 2352 1537 2386 ἁμαρτίας,
1552 2353 1599 2378 καὶ
1617 2352 1670 2379 τῶν
1686 2352 1795 2379 ἀσεϐῶν
1827 2353 1907 2379 ἐνθυ-

1114 2396 1234 2431 μήσεων.
1266 2395 1323 2424 Καὶ
1345 2397 1426 2424 τοῦτό
1454 2399 1531 2425 ἐστιν
1560 2399 1615 2434 ἄρα
1647 2398 1742 2433 σαφῶς
1770 2400 1785 2426 ὂ
1811 2408 1905 2434 φησιν,

1115 2451 1124 2466 α
1142 2443 1204 2468 Ὅτι
1221 2443 1250 2469 ιν
1267 2444 1332 2479 σκιᾷ
1347 2443 1432 2478 αὐτῆς
1448 2445 1465 2478 ἡ
1481 2444 1574 2479 σοφία,
1596 2445 1634 2477 ὡς
1650 2445 1716 2472 σκιὰ
1744 2445 1792 2472 τοῦ
1819 2447 1906 2482 ἁργυα

1114 2487 1171 2522 ρίου
1182 2497 1189 2504 ·
1207 2498 1215 2514 ι
1241 2489 1369 2526 καθάπερ
1380 2491 1434 2525 γὰρ
1449 2492 1472 2516 οἱ
1493 2491 1696 2527 προσφέροντες
1718 2492 1793 2527 δῶρα
1808 2494 1855 2518 καὶ
1865 2493 1906 2519 διο

1111 2534 1201 2566 δόντες
1222 2535 1253 2562 τὸ
1270 2536 1402 2571 ἀργύριον
1419 2539 1475 2569 τοῖς
1501 2537 1662 2572 δυναμένοις
1689 2538 1738 2564 καὶ
1765 2539 1906 2573 πειρωμὲ-

1111 2588 1167 2611 νοις
1189 2581 1288 2612 αὐτοὺς
1307 2582 1536 2617 παραϐλάπτειν,
1558 2582 1574 2618 ἢ
1603 2583 1652 2609 καὶ
1680 2583 1842 2618 τατέχουσιν
1867 2583 1906 2614 ὼς

1111 2625 1301 2660 αίχμαλώτους
1316 2627 1362 2653 καὶ
1385 2627 1573 2654 συνθλίϐουσιν
1588 2629 1636 2654 καὶ
1650 2629 1685 2654 τὰ
1709 2629 1793 2663 χείρω
1819 2637 1905 2664 προσ-

1111 2673 1278 2707 απειλοῦσιν,
1297 2674 1336 2706 ὡς
1357 2676 1387 2700 ὲν
1403 2676 1469 2711 σκιᾷ
1485 2676 1684 2711 φυλαττόμενοι
1701 2677 1748 2703 τοῦ
1764 2677 1905 2707 καύσωνος

1110 2719 1160 2754 τῆς
1175 2720 1276 2751 κακίας
1290 2721 1381 2747 αὐτῶν
1396 2720 1600 2756 ὲκλυτροῦνται,
1617 2722 1666 2748 καὶ
1673 2722 1727 2749 τῶν
1740 2723 1904 2758 πειρασμῶν

1110 2765 1331 2801 διαδιδράσκουσι
1343 2766 1374 2792 τδ
1389 2766 1536 2793 κλυδώνιον
1554 2775 1560 2782 ·
1581 2767 1652 2794 οὕτω
1672 2768 1720 2794 καὶ
1750 2769 1801 2803 τῆς
1828 2768 1906 2798 θείας

1111 2811 1240 2846 σοςίαςὴ
1264 2811 1379 2847 διανομὴ
1398 2813 1446 2839 καὶ
1457 2813 1621 2849 κληροδοσία
1643 2814 1722 2848 δίκην
1749 2814 1829 2845 σκιαῖς
1853 2821 1904 2839 πε-

1112 2856 1280 2891 ρισκέπουσα
1295 2857 1343 2883 τοῦ
1357 2857 1498 2889 καύσωνος
1523 2859 1577 2885 τῶν
1606 2859 1708 2893 νοητῶν
1738 2858 1901 2894 πειρασμῶν
