2038 3155
152 159 225 192 Ὶθὲῦ

678 158 715 187 IN
743 158 1032 188 ECULESIASTEN»
1053 172 1084 175 -
1103 159 1176 188 LIB.
1198 159 1263 189 VII.

1722 159 1790 191 1096

188 214 268 242 οὕτω
289 215 338 250 μὲν
353 211 400 241 οὖν
415 214 446 241 τὸ
466 214 553 250 παρὸν
577 213 659 249 ῥητὸν
681 213 845 248 διεσάφησεν
871 214 885 239 ὁ
900 214 943 240 λό-

1031 214 1077 242 Sic
1101 214 1185 249 igitur
1213 214 1377 242 sententiam
1395 215 1464 242 lianc
1484 223 1611 243 sermone
1627 221 1722 244 nostro
1739 226 1790 244 cx-

155 269 212 294 τος,
227 261 276 287 καὶ
289 261 339 295 τὴν
352 260 406 287 ἀπὸ
422 259 472 295 τῆς
487 259 563 291 θείας
580 259 675 293 σοφίας
690 259 818 295 βοήθειαν
831 260 948 294 ὑπερτέ-

155 315 205 342 ραν
223 298 309 337 ἔδειξε
330 306 380 340 τῆς
397 306 528 342 ἀρῥωγῆς
546 306 593 332 καὶ
616 305 664 331 τοῦ
682 305 871 340 συνασπισμοῦ
893 305 946 331 τῶν

153 353 183 377 ἐν
200 353 233 386 τῇ
248 351 324 378 πόλει
337 351 404 378 δέκα
418 351 601 384 ἑξουσιαστῶν
617 360 646 378 τε
661 351 708 378 καὶ
724 351 776 377 τῶν
797 350 945 382 δυναστῶν,

155 395 250 427 ἁπλῶς
273 395 360 428 οὕτως
388 396 623 432 παραληφθέντων
647 395 785 431 αἰσθητῶς
808 395 880 422 κατὰ
900 396 946 422 τὸν

156 442 302 477 πρόχειρον
314 442 362 468 τοῦ
386 442 551 477 γράμματος
565 442 637 469 νοῦν.
653 442 684 469 Et
707 442 735 468 δὲ
750 442 946 478 βουληθείημεν

155 488 205 514 καὶ
219 489 293 515 κατὰ
308 488 355 514 τὸν
367 488 417 523 τῆς
431 489 578 524 ἀναγωγῆς
592 489 670 522 λόγον
682 489 849 523 διασαφῆσαι
863 489 893 515 τδ
906 490 946 515 εί-

155 534 285 570 ρημένον,
303 534 386 562 πάλιν
408 535 457 569 μὲν
472 535 650 571 ὲκληψόμεθα
671 535 718 562 τοῦ
733 535 879 571 ἀνθρώπου
897 535 946 571 τὴν

154 579 236 613 φύσιν
251 580 299 607 καὶ
313 580 364 615 τὴν
381 580 542 612 ὑπόστασιν,
562 582 593 608 ὲν
650 580 718 607 δέκα
740 581 811 608 εἰσὶν
831 582 855 608 οἱ
870 581 946 615 ἔξου-

155 626 307 658 σιάζοντες,
333 626 455 662 δηλονότι.
478 627 528 662 τῆς
543 627 633 662 ψυχῆς
648 628 676 654 αἱ
699 627 780 654 πέντε
803 627 945 662 δυνάμεις,

153 671 226 704 νοῦς,
242 672 357 704 διάνοια,
373 673 508 707 φαντασία
523 672 571 699 καὶ
593 672 657 704 δόξα
673 673 722 699 καὶ
737 672 876 708 αἴσθησις,
898 673 946 699 καὶ

152 717 236 743 πέντε
250 716 298 743 τοῦ
321 716 457 751 σώματος,
472 718 578 752 ὅρασις,
597 718 676 752 ἀκοὴ,
690 718 835 753 ὄσφρησις,
853 718 947 750 γεῦσις

152 762 202 789 καὶ
215 762 283 797 ἁφὴ,
297 762 330 789 δι’
348 760 386 789 ὧν
402 763 516 798 εὕρηται
539 763 593 796 ζῶν
608 764 656 790 καὶ
672 764 884 799 πολιτευόμενος
899 766 946 792 καὶ

152 807 340 842 διοικούμενος
360 809 375 834 ὸ
399 809 476 841 ἐντὸς
499 809 548 836 καὶ
576 810 655 842 ἐκτὸς
678 810 758 845 ἡμῶν
784 809 944 845 ἄνθρωπος·

153 851 223 879 ἀλλὰ
241 852 294 887 τῆς
307 852 411 880 ἄνωθεν
426 853 524 888 σοφίας
542 853 676 888 ἀπούσης,
693 855 769 881 οὐδὲν
793 855 946 882 ἀπόνασθαι

153 897 264 925 δύναται
287 898 342 926 τῶν
358 899 488 926 τοιούτων
515 901 530 934 ἡ
553 900 765 936 παραληφθεῖσα
781 900 829 926 νῦν
853 901 945 933 πόλιςο
962 888 983 915 Β

156 943 239 972 παντὶ
255 943 310 980 γὰρ
328 944 402 979 σάλῳ
416 944 463 971 καὶ
484 944 599 975 κλύδωνι
613 945 666 972 τῶν
681 945 757 980 παρὰ
771 945 826 972 τῶν
842 945 946 980 νοητῶν

154 989 205 1017 καὶ
217 989 272 1017 τῶν
296 990 435 1026 αῑσθητῶν
454 990 596 1026 δυσμενῶν
616 991 870 1027 ἀναῤῥιπιζομένων
887 999 947 1026 τρι-

155 1034 266 1070 κυμιῶν
291 1034 341 1061 καὶ¹
367 1035 809 1069 καταιγίδωνίκαταῦαπτίζεται,
837 1037 884 1063 καὶ
907 1035 946 1072 τῷ

155 1080 229 1115 βυθῷ
245 1080 445 1108 κατολισθαίνει
458 1082 507 1115 τῆς
524 1081 670 1117 ἁμαρτίας.
689 1079 736 1113 Οἷς
756 1082 786 1108 δὲ
800 1082 945 1116 πρόσεστιν

154 1125 171 1159 ἡ
198 1125 302 1152 ἄνωθεν
331 1125 430 1159 σοφία,
458 1124 588 1159 βοήθειαν
614 1126 722 1152 δίδωσιν
752 1127 945 1162 ἀλκιμωτάτην

156 1170 227 1206 ὑπὲρ
243 1171 308 1203 τοὺς
326 1171 489 1206 εἰρημένους
513 1171 581 1198 δέκα
604 1172 668 1203 τοὺς
690 1171 895 1204 ὲξουσιάζοντας
917 1173 946 1199 ὲν

156 1218 187 1252 τῇ
206 1216 414 1253 παραληφθείσῃ
429 1217 516 1250 πόλει,
531 1217 579 1244 καὶ
594 1217 726 1252 μηδαμῶς
746 1218 831 1252 αὐτὴν
845 1218 946 1245 διασώ-

156 1272 268 1296 σαντας.

191 1311 253 1342 Πῶς
268 1308 314 1337 οὖν
329 1310 390 1345 οὐχὶ
403 1310 434 1337 τὸ
447 1310 539 1336 πλεῖον
554 1310 626 1345 ἔχειν
642 1311 657 1345 ἡ
683 1310 764 1344 σοφία
781 1310 945 1346 δοξασθήσε-

155 1364 199 1382 ται
214 1356 264 1390 τῆς
280 1356 451 1390 ἀντιλήψεως
477 1354 524 1382 καὶ
542 1355 680 1390 βοηθείας,
695 1356 729 1382 δι’
744 1354 777 1390 ἧς
792 1356 946 1392 ἀπόρθητον

155 1402 202 1428 καὶ
218 1402 358 1434 παντελῶς
374 1402 589 1437 ἁπροσμὰχητον
611 1403 666 1433 τοῖς
689 1402 846 1433 ἀντιπάλοις
863 1404 946 1428 ἐναπ-

155 1448 239 1482 ἑφηνε
253 1448 302 1483 τὴν
322 1449 412 1480 πόλιν,
427 1449 455 1475 ἐν
471 1439 543 1485 ᾗπερ
557 1448 633 1481 ἑστι;
650 1448 693 1475 διὰ
714 1448 794 1475 τοῦτό
809 1457 874 1483 φησι
899 1449 947 1475 καὶ

156 1494 261 1525 Παῦλος
281 1495 294 1521 ὁ
319 1494 408 1528 μέγας
435 1494 592 1527 ἀπόστολος,
611 1503 620 1520 ι
655 1495 698 1521 Ἐν
720 1497 802 1530 σοφίᾳ
827 1504 946 1529 περιπα-

155 1541 226 1566 τεῖτε
255 1540 323 1575 πρὸς
346 1540 410 1572 τοὺς
434 1539 550 1571 ἔξωθεν·
571 1549 580 1566 ι
601 1540 697 1574 σοφίαν
717 1540 867 1576 ὀνομάζων,
886 1541 946 1576 οὐχ).
959 1554 981 1582 c

154 1586 202 1621 τὴν
217 1587 265 1612 ἐπὶ
284 1587 318 1621 τῇ
335 1585 466 1621 ἀναλήψει
479 1586 534 1612 τῶν
554 1585 671 1621 θύραθεν
688 1586 856 1621 μαθημάτων
875 1586 945 1621 λαμ-

155 1632 320 1668 εανομένην,
332 1631 401 1658 ἀλλὰ
413 1632 463 1666 τὴν
478 1631 524 1658 διὰ
537 1631 592 1658 τῶν
608 1631 720 1665 ἀγαθῶν
734 1633 782 1658 καὶ
793 1632 945 1658 σπουδαίων

155 1678 244 1714 ἔργων
271 1677 564 1713 χαρακτηριζομένην,
582 1677 642 1712 ἥτις
671 1679 794 1704 κατοικεῖ
815 1679 844 1704 ἐν
865 1679 945 1704 παντὶ

154 1723 194 1759 τῷ
207 1723 385 1758 κατορθοῦντι
406 1723 455 1758 τὴν
468 1723 579 1757 ἁγνείαν
594 1724 642 1750 καὶ
664 1723 714 1756 τὴν
736 1723 878 1759 εἰρηναίαν
896 1732 945 1750 κα-

154 1770 286 1797 τάστασιν
308 1768 355 1795 καὶ
376 1768 426 1804 τὴν
439 1768 591 1795 ἐπιείκειαν
607 1769 654 1795 καὶ
667 1769 715 1804 τὴν
728 1768 883 1795 εὐπείθειαν
899 1769 946 1795 καὶ

154 1815 205 1850 τὴν
218 1814 409 1850 ἐλεημοσύνην
421 1814 542 1846 καὶτοὺς
556 1814 654 1846 ἄλλους
667 1814 731 1846 τοὺς
743 1814 864 1848 ἀγαθοὺς
879 1823 946 1850 καρ-

155 1858 235 1891 πούς.
252 1859 302 1885 Διά
318 1859 397 1886 τοῦτο
410 1858 457 1886 καί
471 1859 524 1885 πού
540 1867 622 1894 φησιν
637 1860 652 1894 ή
667 1859 758 1894 βίὸλος
769 1859 816 1886 τοῦ
828 1859 945 1893 ἀθλητοῦ

155 1905 205 1940 τῆς
218 1904 359 1935 εὐσεϐείας
382 1903 458 1930 Ἰώδ·
478 1913 487 1930 ι
509 1901 593 1931 Εἶπεν
612 1905 626 1930 ὁ
641 1903 706 1936 Θεὸς
723 1904 762 1939 τῷ
786 1903 923 1940 ἀνθρώπῳ
936 1913 944 1920 ·

163 1949 229 1977 Ἰδοὺ
245 1950 261 1983 ὴ
281 1948 422 1975 θεοσέϐεια
438 1948 498 1974 ἐστὶ
523 1948 615 1983 σοφία,
633 1948 664 1975 τὸ
683 1948 710 1975 δὲ
725 1948 876 1984 ἀπέχεσθαι
891 1949 946 1975 ἀπὸ

155 1993 250 2020 κακῶν
268 1994 342 2020 εστιν
364 1994 513 2029 ἐπιστήμη.
543 2004 553 2019 ι
578 1993 633 2029 Τὴν
659 1994 786 2028 τοιαύτην
808 1992 853 2020 οὖν
873 1994 945 2029 ἔχειν

157 2039 253 2073 σοφίαν
281 2040 328 2065 καὶ
347 2040 428 2074 ἡμεῖς
451 2039 525 2075 πάσῃ
542 2039 656 2073 δυνάμει
675 2040 883 2075 σπουδάσωμεν,
901 2041 945 2067 ἵνα

156 2085 356 2120 περισώσωμεν
380 2084 495 2115 ἕκαστος
509 2084 559 2119 τὴν
576 2085 643 2111 ἰδίαν
659 2085 736 2111 πόλιν
755 2085 808 2112 ἀπὸ
827 2085 881 2113 τῶν
898 2093 946 2112 πο-

156 2129 338 2165 λιορκούντων
357 2130 442 2165 αὐτὴν
457 2129 594 2165 αἰσθητῶν
624 2131 671 2156 καὶ
696 2130 798 2166 νοητῶν
824 2131 946 2166 ἐφέδρων

156 2176 204 2202 καὶ
219 2176 370 2211 δυσμενῶν.

998 260 1151 293 posuimus,
1186 259 1338 293 divinaeque
1365 260 1506 294 sapientim
1524 261 1658 288 auxilium
1675 269 1726 296 ope
1745 262 1789 290 illa

997 309 1023 331 et
1043 304 1205 332 defensione
1221 305 1396 340 praestantius
1416 306 1599 338 ostendimus,
1624 314 1707 341 quam
1738 308 1790 334 lia-

997 350 1062 377 bere
1080 350 1177 378 civitas
1194 350 1282 385 possit
1297 351 1486 378 adecemviris
1503 351 1529 378 in
1556 352 1614 386 ipsa
1641 353 1789 379 dominan-

997 395 1070 422 tibus
1086 404 1092 422 :
1121 396 1205 423 verba
1222 404 1319 431 nempe
1334 397 1497 432 simpliciter
1517 401 1609 432 atque,
1631 402 1662 424 ut
1679 403 1787 428 sonant.

997 440 1158 474 planissime
1178 441 1359 475 interpretati.
1377 442 1406 468 Si
1422 449 1488 469 vero
1503 442 1606 469 dictum
1624 443 1691 470 illud
1703 444 1786 470 etiam

998 486 1031 512 ad
1045 494 1181 521 auagoges
1195 487 1316 514 rationes
1336 487 1474 522 explicare
1502 488 1630 521 velimus,
1659 493 1786 515 naturam

996 531 1238 565 conditionemque
1253 532 1372 560 hominis
1387 533 1599 566 constituemus,
1620 535 1647 560 in
1663 542 1717 568 qua
1738 534 1787 561 de—

996 584 1054 604 cem
1080 582 1156 610 sunt,
1168 577 1215 612 qui
1238 582 1401 612 potestatem
1419 584 1558 610 exercent,
1575 580 1697 614 quinque
1714 580 1788 607 scill-

996 627 1040 650 cet
1054 623 1153 651 animze
1169 623 1324 655 facultates,
1346 624 1536 659 intelligentia,
1558 625 1696 660 cogitatio,
1714 625 1786 652 ima-~

997 669 1110 704 ginatio,
1132 669 1236 703 opinio,
1250 677 1359 700 sensus,
1377 675 1405 696 et
1421 671 1542 704 quinque
1553 670 1686 704 corporis,
1698 671 1784 702 visus,

996 715 1117 746 auditus,
1136 715 1280 747 odoratus,
1305 721 1412 750 gustus,
1439 719 1540 747 tactus,
1565 724 1626 750 qua:
1646 716 1784 743 hominem

996 760 1067 787 intra
1082 760 1185 795 pariter
1196 760 1277 795 atque
1289 765 1368 788 extra
1384 761 1475 788 vivere
1498 767 1525 788 et
1549 762 1607 789 vice
1633 770 1682 790 sua
1710 763 1785 795 fungi

996 806 1157 833 declarant:
1179 811 1208 833 at
1224 807 1248 833 si
1270 807 1391 834 ccelestis
1417 807 1549 839 sapientia
1572 807 1699 840 abfuerit,
1717 809 1786 835 nihil

997 853 1060 879 inde
1078 853 1204 880 utilitatis
1229 860 1272 884 ea,
1301 853 1335 879 de
1361 860 1414 887 qua
1444 861 1517 880 nunc
1543 853 1659 887 agimus,
1689 854 1787 881 civitas

997 899 1139 934 percipere
1160 902 1258 933 potest.
1277 898 1374 925 Totius
1398 898 1469 925 enim
1489 898 1573 925 maris
1591 904 1657 926 aestu
1673 907 1705 927 ac
1726 907 1787 934 pro-

997 945 1074 972 cellis
1087 949 1115 972 et
1130 944 1260 972 ﬂuctibus
1280 945 1449 972 internorum
1464 945 1539 979 191
1556 949 1787 980 externorumque

997 991 1118 1018 hostium
1132 991 1224 1018 furore
1238 991 1384 1018 concitatis
1406 991 1542 1023 obruitur.
1572 995 1600 1018 et
1629 991 1655 1018 in
1682 994 1784 1027 peccati

997 1036 1104 1071 gurgite
1127 1036 1304 1071 demergitur.
1329 1035 1434 1068 Quibus
1458 1041 1547 1063 autem
1568 1045 1683 1071 superna
1714 1038 1786 1064 adsit

996 1082 1141 1116 sapientia,
1156 1081 1189 1109 iis
1207 1082 1294 1109 multo
1311 1081 1417 1109 firmius
1432 1082 1564 1109 auxilium
1581 1082 1691 1116 praebet,
1702 1091 1784 1117 quam

997 1129 1092 1156 decem
1108 1128 1157 1158 illi,
1173 1135 1241 1162 quos
1258 1128 1284 1154 in
1298 1128 1349 1154 hac
1363 1129 1474 1155 civitate
1485 1133 1647 1162 potestatem
1660 1136 1786 1156 exercere

996 1175 1127 1208 diximus,
1144 1182 1195 1202 nec
1213 1178 1303 1201 tamen
1324 1181 1434 1201 servare
1450 1178 1608 1208 potuerunt.

1032 1307 1132 1340 Quidni
1145 1315 1210 1342 ergo
1225 1308 1351 1342 majusin
1370 1307 1502 1342 sapientia
1530 1308 1688 1343 praesidium
1707 1310 1787 1336 auxi—

997 1354 1120 1388 liumque
1130 1354 1250 1388 positum
1266 1354 1402 1386 videatur,
1416 1354 1496 1388 cujus
1507 1362 1557 1389 ope
1571 1354 1787 1389 inexpugnabilis

996 1405 1024 1426 et
1048 1400 1173 1434 hostibus
1201 1399 1314 1426 omnino
1344 1399 1473 1434 impervia
1502 1400 1601 1427 civitas
1617 1401 1671 1432 fiat,
1690 1401 1716 1428 in
1732 1410 1786 1436 qua

997 1445 1056 1479 ipsa
1085 1450 1209 1472 versetur
1223 1445 1234 1471 ’ἶ
1262 1448 1408 1479 propterea
1437 1449 1463 1471 et
1480 1445 1580 1473 Paulus
1594 1454 1708 1481 magnus
1723 1455 1789 1481 apo-

998 1491 1087 1518 stolus
1102 1491 1164 1517 ait:
1186 1500 1195 1515 ι
1215 1491 1243 1517 ln
1269 1491 1402 1524 sapientia
1432 1491 1569 1518 ambulate
1595 1493 1628 1519 ad
1655 1500 1714 1523 eos,
1740 1494 1788 1527 qui

999 1536 1066 1564 foris
1084 1536 1208 1569 sunt“;
1225 1545 1233 1561 ι
1252 1536 1413 1570 sapientiam
1430 1538 1569 1573 appellans
1587 1546 1640 1565 non
1652 1546 1711 1565 eam
1728 1547 1789 1573 qua!

997 1586 1173 1610 externarum
1204 1582 1411 1615 disciplinarum
1446 1583 1570 1610 subsidio
1603 1590 1787 1618 comparatur,

998 1629 1043 1655 sed
1061 1636 1122 1663 qua:
1141 1629 1288 1655 virtutibus
1304 1633 1332 1656 et
1356 1634 1428 1656 recte
1454 1629 1530 1656 factis
1542 1637 1571 1656 se
1597 1631 1697 1664 prodit,
1718 1634 1745 1657 et
1762 1631 1788 1657 in

997 1682 1162 1708 unoquoque
1179 1674 1294 1702 habitat.
1314 1674 1361 1708 qui
1382 1674 1542 1708 pudicitiam
1559 1680 1585 1701 et
1601 1676 1789 1702 mansuetudi-

997 1727 1058 1753 ncm
1076 1725 1103 1747 et
1119 1720 1274 1754 aequitatem
1290 1725 1316 1746 et
1332 1720 1514 1747 obedientiam
1531 1724 1557 1747 ct
1570 1720 1788 1748 misericordiam

996 1768 1024 1791 et
1037 1767 1152 1791 caeteros
1173 1764 1260 1791 bonos
1282 1763 1387 1791 fructus
1403 1769 1586 1792 consectetur.
1610 1764 1713 1792 Idcirco
1729 1765 1789 1792 Jobi

997 1816 1109 1844 quoque
1124 1809 1233 1836 atliletze
1251 1809 1362 1843 pietatis
1381 1809 1449 1835 liber
1465 1810 1585 1844 quodam
1602 1809 1630 1836 in
1649 1810 1710 1837 loco
1729 1810 1790 1837 haec

998 1855 1081 1882 habet
1101 1863 1108 1881 :
1128 1864 1138 1881 ι
1159 1854 1234 1881 Dixit
1250 1854 1323 1882 Deus
1342 1854 1450 1881 homini
1471 1863 1477 1881 :
1495 1854 1564 1882 Ecce
1580 1855 1660 1882 timor
1681 1855 1789 1882 Domini

997 1901 1055 1934 ipsa
1072 1905 1114 1928 est
1129 1900 1275 1935 sapientia,
1295 1904 1322 1927 et
1348 1901 1476 1927 recedere
1498 1908 1512 1926 a
1543 1901 1616 1927 man
1637 1901 1790 1934 intelligen-

997 1945 1033 1972 tia
1041 1945 1073 1970 θἰ.
1083 1954 1091 1970 ι
1104 1945 1189 1971 Porro
1206 1943 1366 1978 sapientiam
1384 1944 1541 1977 ltujustnodi
1557 1951 1607 1970 nos
1622 1945 1702 1971 etiam
1714 1940 1789 1972 cinui

997 1990 1173 2017 contentione
1185 1989 1286 2016 habere
1299 1989 1468 2021 Studeamus,
1484 1994 1512 2016 ut
1523 1990 1657 2023 propriam
1673 1991 1790 2025 quisque

996 2036 1135 2064 civitatem
1153 2036 1188 2062 ab
1207 2040 1426 2070 oppugnatorum
1451 2036 1512 2062 telis
1538 2042 1565 2062 ct
1592 2036 1712 2064 hostium
1729 2045 1791 2064 cor-

997 2080 1072 2116 poris
1087 2084 1168 2114 atqtte
1183 2079 1266 2107 animi
1284 2079 1427 2107 obsidione
1445 2079 1628 2107 vindicamus.

195 2223 228 2248 "0
247 2222 275 2248 δέ
292 2223 374 2256 φησιν
387 2243 394 2255 ,
412 2231 422 2248 ι
440 2222 502 2248 Ὅτι
520 2221 664 2257 ἅνθρωπος
687 2223 737 2249 οὐκ
761 2222 819 2249 ἐστι
841 2223 946 2256 δίκαιος

1034 2228 1113 2262 Quod
1124 2234 1222 2256 autem
1237 2229 1311 2256 addit
1330 2239 1336 2256 :
1355 2239 1364 2255 ‹
1379 2229 1449 2263 Quia
1466 2231 1549 2258 homo
1567 2239 1622 2259 non
1642 2237 1683 2260 est
1696 2233 1789 2267 justus

156 2267 185 2293 ὲν
209 2269 242 2302 τῇ
267 2269 314 2302 γῇ,
339 2267 367 2298 ὃς
386 2268 494 2302 ποιήσει
518 2267 630 2301 ἀγαθὸν,
656 2268 703 2294 καὶ
723 2269 771 2303 οὐχ
786 2270 945 2306 ἁμαρτήσε-

155 2321 213 2345 ται,
235 2323 243 2338 ι
262 2314 330 2348 πρὸς
346 2313 454 2340 πλείονα
477 2313 730 2349 ταπεινοφροσύνην
755 2314 862 2350 ἕλκεται
881 2317 946 2348 τοὺς

156 2359 319 2392 ἀκούοντας,
341 2359 411 2395 πρὶς
432 2359 463 2386 τὸ
480 2359 551 2385 κατά
567 2360 597 2386 τὸ
614 2360 714 2395 μᾶλλον
738 2359 877 2395 ἐπιζητεῖν
896 2362 945 2397 τὴν

155 2405 260 2431 ἄνωθεν
279 2404 374 2439 σοψίαν
390 2406 437 2431 καὶ
461 2406 510 2440 τὴν
535 2405 640 2431 ἐκεῖθεν
657 2405 792 2440 βοήθειαν,
811 2406 849 2438 ὡς
864 2407 945 2434 οὐδα-

159 2450 217 2484 μῶς
246 2449 416 2484 ἑξισχὺοντος
446 2449 492 2476 τοῦ
523 2449 668 2485 ἀνθρώπου
695 2449 867 2485 κατορθῶσαι
895 2453 945 2487 τὴν

157 2495 389 2531 ἀ[να]μαρτησίαν
405 2496 451 2521 ἐπὶ
465 2496 514 2530 τῆς
528 2495 590 2529 γῆς,
600 2495 650 2521 οὐκ
661 2494 768 2529 ἔχοντος
778 2495 827 2531 τὴν
841 2497 945 2524 ἄνωθεν

156 2541 285 2577 ἐιῤῥωγὴν
301 2541 347 2567 καὶ
369 2541 525 2576 συνεργίαν.
552 2541 628 2567 Ποιεῖ
656 2541 706 2575 μὲν
720 2540 749 2566 τὸ
769 2541 872 2575 ἀγαθὸν
898 2542 943 2569 ἀν-

155 2588 275 2620 (ιρωπος,
295 2587 343 2613 καὶ
356 2587 416 2617 ταῖς
431 2586 560 2620 φυσικαῖς
576 2585 713 2620 ἐπιμένων
728 2586 775 2613 καὶ
795 2589 945 2623 στοιχειοὺ-

482 2647 504 2663 ⁸⁸
514 2646 566 2675 Job
578 2654 676 2678 xxvm,
689 2647 735 2674 28.

192 2707 250 2739 (8’7)
270 2706 357 2739 Quam
381 2707 425 2733 hic
447 2705 543 2733 Noster
559 2706 753 2739 interpretatur
778 2705 949 2734 Ecclesiaste

155 2743 333 2773 sententiam,
357 2749 387 2768 ea
410 2747 462 2772 est,
478 2749 531 2776 qua
557 2741 708 2767 Calviniani
733 2741 894 2774 abutuntur,
919 2749 947 2770 nt

155 2780 293 2811 justorum
308 2777 388 2810 etiam
413 2776 480 2803 facta
504 2776 596 2803 omnia
614 2783 666 2802 non
691 2777 770 2802 modo
787 2784 839 2803 non
864 2777 945 2810 bona,

157 2813 203 2838 sed
226 2813 308 2838 etiam
324 2817 432 2845 peccata
460 2812 538 2845 plane
559 2819 619 2837 csse
638 2811 810 2837 emttendant.
839 2812 943 2844 Quibus

158 2847 306 2881 Gregorius
335 2848 401 2873 adeo
423 2847 601 2876 adversatur.
624 2850 653 2872 ut
679 2846 713 2872 ab
737 2854 833 2872 σοιιιιη
858 2849 940 2875 etiam

159 2882 288 2916 opinione
301 2881 459 2913 dissentiat,
481 2881 526 2915 qui
543 2881 652 2908 ctlinico
670 2881 783 2909 homini,
798 2886 824 2907 et
841 2883 940 2916 cuique

159 2917 241 2943 etiam
258 2916 304 2950 qui
325 2917 458 2943 clxaritate
481 2916 571 2943 divina
589 2921 691 2948 careat,
709 2916 844 2950 quidquid
869 2918 935 2951 agit,

193 2649 215 2663 ⁸³
234 2649 340 2675 Coloss.
361 2656 397 2678 tv.
415 2652 442 2675 5.

1000 2275 1025 2301 in
1038 2279 1122 2304 terra,
1140 2276 1186 2309 qui
1199 2275 1280 2302 faciet
1295 2276 1408 2309 bonum,
1424 2282 1451 2303 et
1470 2285 1522 2304 non
1543 2279 1677 2311 peccabit,
1699 2289 1708 2305 ι
1729 2280 1790 2306 ideo

999 2323 1116 2353 spectat,
1135 2324 1164 2345 ut
1181 2319 1321 2346 auditores
1340 2320 1373 2346 ad
1390 2321 1474 2346 animi
1494 2321 1689 2348 demissionem
1703 2323 1788 2350 addu-

999 2369 1053 2396 cat,
1085 2371 1111 2391 et
1135 2365 1168 2391 ad
1192 2365 1331 2391 caelestem
1355 2366 1518 2399 sapientiatn
1538 2370 1619 2400 atque
1639 2374 1716 2402 opem
1735 2369 1786 2395 im-

999 2410 1112 2445 pensius
1129 2411 1341 2445 inquirendam;
1359 2419 1420 2438 cum
1439 2412 1543 2446 peccati
1570 2412 1657 2439 labem
1683 2421 1781 2448 nequa-

999 2463 1087 2490 quam.
1101 2455 1127 2483 iu
1144 2456 1194 2483 hac
1211 2457 1265 2483 vita
1277 2456 1397 2491 effugere
1414 2457 1497 2484 homo
1522 2457 1623 2489 valeat,
1645 2457 1695 2485 nisi
1721 2460 1791 2486 Sliii-
1816 2449 1820 2460 ι

999 2501 1099 2529 sidium
1117 2503 1154 2529 illi
1168 2502 1356 2537 auxiliumque
1369 2503 1501 2530 divinitus
1513 2508 1613 2538 praesto
1625 2504 1671 2533 sit.
1685 2504 1788 2531 Βοιιιιιιι

999 2547 1109 2582 quidem
1137 2550 1193 2583 agit
1214 2550 1306 2579 homo.
1335 2555 1461 2577 naturam
1486 2558 1596 2585 quoque
1613 2557 1723 2578 secutus
1739 2552 1812 2590 (νη-ξ

1000 2601 1060 2621 cem
1079 2594 1135 2629 (87)
1152 2604 1157 2621 :
1175 2602 1269 2621 verum
1288 2594 1369 2622 facile
1387 2595 1536 2622 admodum
1558 2601 1691 2628 mutatur,
1709 2601 1736 2623 ιι
1757 2598 1790 2623 ad

1004 2711 1089 2746 cu!p:e
1103 2715 1222 2738 vertunt.
1249 2711 1354 2744 Quippe
1369 2710 1470 2737 diserte
1489 2711 1614 2742 affirmat,
1631 2711 1731 2738 bonum
1746 2719 1788 2745 agi

1002 2746 1036 2772 ab
1065 2755 1098 2773 co
1125 2754 1244 2781 quoque,
1271 2747 1318 2780 qui
1345 2746 1384 2772 vel
1410 2747 1471 2772 unis
1500 2751 1602 2773 natura:
1625 2747 1790 2780 prtescriplts

1000 2781 1162 2816 obsequitur
1175 2787 1199 2808 et
1224 2782 1325 2808 insistit
1341 2791 1346 2807 :
1366 2782 1418 2807 Καὶ
1433 2782 1490 2811 ταῖς
1511 2782 1640 2815 φυσικαῖς
1651 2782 1790 2815 ἐπιμένων

999 2818 1045 2842 καὶ
1068 2817 1285 2851 στοιχειούμενος
1313 2816 1522 2845 καταστάσεσιν,
1547 2817 1675 2850 quamvis
1696 2817 1789 2844 divina

998 2852 1132 2886 sapientia
1148 2851 1213 2887 sive
1224 2851 1328 2878 caelesti
1343 2852 1429 2884 gratia
1453 2851 1573 2887 nondum
1591 2856 1688 2879 auctus
1702 2852 1748 2887 sit,
1760 2856 1790 2880 ut

998 2895 1095 2921 nempe
1112 2895 1143 2914 ex
1160 2887 1194 2914 iis
1208 2886 1303 2921 liquet,
1320 2894 1379 2921 qua:
1395 2886 1518 2921 protinus
1534 2891 1700 2921 sequuntur.
