2038 3155
141 146 208 179 ibid

652 151 692 180 IN
718 150 1008 180 ECCLESIASTEN’.
1027 164 1060 167 —
1084 151 1158 180 ΜΒ·
1185 151 1248 181 VII.

1699 145 1766 175 ίιξῖνῡ

137 202 197 229 οὐδὲ
213 202 268 237 γὰρ
285 201 314 229 ὲν
330 203 362 238 τῇ
374 202 482 238 ἐξουσίᾳ
501 202 547 230 τοῦ
563 203 733 239 ἀνθρωπίνου
759 204 925 239 πνεύματος,

987 204 1045 231 πίω
1063 205 1223 238 voluntatis,
1247 204 1321 239 (nam
1344 204 1371 231 id
1391 204 1443 230 hoc
1456 203 1517 230 loco
1531 202 1639 236 spiritus
1655 200 1767 228 nomir:

139 248 198 282 ἦτοι
211 248 259 282 τῆς
274 246 341 278 ίδίας
353 248 540 283 προαιρέσεως
556 248 669 284 (ταύτην
684 249 738 285 γὰρ
749 249 792 276 διὰ
808 249 858 283 τῆς
871 250 927 274 ὀνο-

141 293 242 328 μασίας
260 292 313 319 τοῦ
329 293 499 328 πνεύματος
526 294 644 328 ἐδήλωσε
661 293 743 329 vim),-
760 293 877 329 ὑπάρχει
897 294 928 320 τὸ

140 337 260 365 κωλῦσαι
281 338 424 372 διαστῆναι
440 338 488 373 τὴν
508 338 595 374 ψυχὴν
612 341 643 365 ὲκ
660 339 707 366 τοῦ
722 339 857 374 σώματος,
881 339 928 365 καὶ

140 382 190 418 τὴν
201 383 309 418 ήμέραν
320 383 366 410 τοῦ
380 383 495 411 θανάτου
513 385 733 420 παραγινομένην
751 385 865 419 ἀμεῖψαι
881 385 929 411 καὶ

140 429 296 464 παρελθεῖν.
316 430 386 455 Ἀλλ’
406 431 434 456 ἐν
447 432 480 466 τῇ
496 430 606 467 ἐξουσίᾳ
621 431 667 458 τοῦ
686 432 731 458 καὶ
750 431 929 466 συνδήσαντος

141 473 266 509 ἀλλήλοις
288 474 419 509 ἑκάτερον
446 475 494 501 καὶ
511 474 625 510 θεμένου
648 474 751 506 λύσεως
774 476 846 510 ὅρον,
867 475 929 502 καθ’

140 519 170 546 δν
193 519 275 550 αὐτὸς
304 519 401 554 καιρὸν
427 520 563 556 ὴῦουλήθη
591 521 635 547 καὶ
659 520 772 556 κέκρικε
795 522 841 547 καὶ
864 530 930 556 προ-

139 565 235 599 ὥρισε.

176 611 255 647 Πάσῃ
276 611 367 637 τοίνυν
393 612 495 647 σπουδῇ
522 612 667 646 φυλάττειν
684 613 733 644 τὰς
749 612 823 645 θείας
842 613 930 649 χρεὼν

141 655 262 687 ἐντολὰς,
289 656 338 682 καὶ
361 657 411 687 τὰς
434 656 576 692 ὑποθήκας
604 657 650 683 καὶ
679 657 852 689 διδασκαλίας
877 658 931 685 τῶν

141 701 265 727 ὁπωσοῦν
283 701 516 736 παραληφθέντων
539 703 618 737 ἡμῶν
641 703 793 738 είσηγητῶν
817 705 864 730 καί⁴
886 713 931 731 σο-

142 747 200 780 φῶν
215 747 376 779 παιδευτῶν,
388 748 431 774 ἵνα
443 749 704 784 προετοιμασθέντες
717 750 763 775 καὶ
773 758 931 785 προκαταρ-

141 793 279 824 τισθέντες
309 794 369 825 ταῖς
401 793 456 819 τῶν
484 793 590 829 ἀρετῶν
617 795 779 830 τελειότησι,
800 796 931 830 φήσωμεν

144 839 212 873 μετὰ
225 838 272 865 τοῦ
284 840 424 874 προφήτου
438 839 521 866 Δαόὶδ
534 841 580 866 καὶ
592 841 671 875 ἡμεῖς
683 849 689 856 ·
708 850 718 866 ‹
734 841 930 875 ῚΙτοιμάσΘη-Ι,

141 885 189 910 καὶ
200 884 250 910 οὐκ
265 885 430 920 ὲταρὰχθηψ
447 894 456 911 ›
472 886 519 912 καὶ
532 885 663 921 μηδαμῶς
677 885 871 921 θορυὸηθῶμεν
884 887 931 912 καὶ.
948 882 966 908 Β

106 934 112 940 ⁸
140 930 334 965 ταραχθῶμεν,
351 931 433 966 ἡνίκα
446 932 476 958 τὸ
496 931 601 966 πνεῦμα
615 932 703 967 ήμῶν,
720 932 803 967 ἤγουν
821 932 932 967 ἡψυχὴ.

140 976 294 1003 διίστασθαι
316 977 408 1012 μέλλει
425 977 472 1003 τοῦ
488 977 614 1012 σώματος
627 986 633 993 ·
650 978 799 1013 τηνικαῦτα
814 979 868 1012 γὰρ
882 979 933 1005 οὐκ

141 1021 216 1048 ἔστιν
230 1022 323 1057 ὄνησις
338 1022 377 1057 τῷ
390 1022 527 1059 ἀνθρώπῳ
544 1025 614 1058 μετὰ
625 1024 674 1059 τὴν
693 1024 796 1051 ἄνωθεν
809 1024 932 1051 δοθεῖσαν

141 1067 279 1101 ἀπόφασιν
296 1068 371 1103 παρὰ
387 1069 435 1104 τῆς
454 1068 529 1099 θείας
547 1068 655 1104 βουλῆς,
674 1070 724 1096 κᾶν
739 1071 822 1105 μυρία
847 1078 933 1105 προσ-

142 1113 293 1148 κλαίωμεν.
306 1113 405 1145 Καθὼς
420 1115 474 1149 γὰρ
487 1115 537 1140 οὐκ
553 1115 627 1141 ἔστιν
639 1117 667 1141 ὲν
679 1115 770 1151 ἡμέρᾳ
783 1116 933 1150 πολεμικῆς

143 1159 326 1193 παρατάξεως
344 1160 466 1194 ἐνεργεῖν
484 1168 511 1185 τι
535 1160 670 1195 δυναμένη
696 1160 764 1195 πρὸς
785 1160 933 1195 διαλλαγὴν

142 1205 190 1229 καὶ
206 1204 327 1230 διάθεσιν
349 1205 500 1239 εἰρηνικὴν,
516 1206 652 1241 ἀποστολὴ
670 1207 818 1241 πρεσϐείας
835 1207 934 1242 προϐε-

142 1249 266 1284 ϐλημένη
280 1257 287 1264 ·
301 1250 391 1284 πολλῷ
406 1250 460 1285 γὰρ
476 1250 572 1285 πρώην
586 1252 683 1286 δρᾶσαι
701 1251 803 1287 ταύτην
820 1251 933 1286 ὤφειλον

142 1295 168 1319 οἱ
181 1294 334 1329 τηνικαῦτα
349 1295 466 1330 δρῶντες
478 1303 485 1310 ⁶
503 1296 534 1322 οὗ
541 1305 589 1327 τως
605 1298 786 1331 ἐφεστηκότος
798 1297 844 1324 τοῦ
856 1298 935 1324 θανά-

143 1348 201 1370 του,
215 1339 263 1365 καὶ
279 1340 328 1374 τὴν
348 1341 435 1377 ψυχὴν
454 1341 531 1376 ἡμῶν
545 1342 709 1377 χωρίζοντος
730 1344 761 1369 ἐκ
777 1343 823 1370 τοῦ
841 1343 934 1378 σώμα-

142 1393 200 1416 τος,
224 1385 337 1420 οὐδεμία
360 1387 505 1421 πρόσεστιν
524 1388 616 1422 ὄνησις
632 1389 672 1424 τῷ
688 1389 857 1422 τελευτῶντι,
882 1390 934 1416 κᾶν

146 1431 247 1466 μυρίας
259 1433 389 1469 προτείνῃ
405 1434 546 1468 ἱκετηρίας
564 1435 611 1460 καὶ
626 1435 733 1469 δεήσεις
752 1436 819 1471 προς
835 1437 935 1472 μέλλη-

146 1485 189 1503 σιν
202 1478 250 1504 καὶ
268 1479 398 1513 χρονικὴν
412 1478 570 1515 ὑπέρθεσιν,
588 1481 633 1507 καὶ
650 1472 718 1515 ξας
730 1480 760 1508 τὸ
774 1483 860 1517 παρὸν
871 1483 935 1509 ἁποα

145 1531 292 1558 Αυτρωσιν.

181 1568 268 1594 Τοῦτο
291 1569 341 1604 μὲν
361 1567 408 1596 οὖν
424 1571 518 1605 τὸτῆς
540 1572 698 1607 ὡρισμένης
719 1573 826 1608 ἡμέρας
843 1574 889 1600 ἐπὶ
902 1575 934 1610 τῇ

144 1612 287 1647 διαστάσει
309 1614 357 1648 τῆς
370 1615 458 1650 ψυχῆς
474 1616 506 1642 ὲκ
519 1615 567 1642 τοῦ
588 1616 715 1651 σώματος
738 1619 936 1653 ἀπαραίτητον,

146 1661 238 1687 κοινόν
253 1662 311 1687 ἐστι
326 1663 373 1689 καὶ
390 1663 474 1690 πᾶσιν
487 1664 651 1699 ἀνθρώποις.
675 1665 746 1701 Πλὴν
762 1666 830 1693 ἀλλὰ
846 1667 899 1702 γὰρ
913 1669 937 1694 οἱ

146 1706 283 1742 ζήσαντες
298 1708 419 1740 εὐσεϐῶς
444 1710 492 1735 καὶ
509 1710 622 1741 δικαίως
645 1711 674 1736 ὲν
689 1710 727 1746 τῷ
744 1712 856 1746 παρόντι
877 1712 936 1747 βίῳ,

147 1753 216 1788 πρὸς
231 1754 281 1789 τὴν
295 1754 348 1780 τῶν
362 1755 515 1790 μελλόντων
529 1756 640 1790 ἀγαθῶν
656 1756 817 1791 ἀντάμειψιν
833 1757 876 1783 διὰ
890 1758 938 1792 τῆς

147 1798 254 1833 ἀγαθῆς
267 1800 312 1826 καὶ
324 1798 398 1831 θείας
410 1799 517 1831 ἐλπίδος
528 1800 788 1835 χειραγωγούμενοι,
801 1802 938 1836 σωτηρίαν

147 1844 296 1879 εὑρήσουσι
313 1845 363 1881 τὴν
377 1845 496 1873 αίὼνιον.
518 1846 547 1873 '0
562 1847 654 1881 μέντοι
669 1847 793 1882 πονηρῶς
814 1849 861 1874 καὶ
875 1847 939 1874 δυσ-

148 1890 237 1922 σεϐῶς
265 1892 312 1917 καὶ
332 1891 442 1926 φαύλως
465 1892 695 1928 πολιτευσάμενος
716 1895 744 1920 ὲν
763 1895 796 1929 τῇ
813 1894 939 1930 παρούσῃ

148 1937 216 1972 ζωῇ,
233 1937 281 1964 καὶ
297 1937 399 1974 ταύτην
419 1938 587 1971 καταλιπὼν,
602 1939 671 1974 πρὸς
692 1939 872 1971 ἀνυποιστους
894 1941 940 1967 καὶ

149 1981 359 2013 διαιωνιζοὺσας
374 1983 800 2019 παραπεμφθήσεταιτιμωρίας,
811 1985 879 2019 πρὸς
891 1993 941 2019 μη-

148 2027 243 2062 δεμίαν
255 2027 352 2054 ἐλπίδα
363 2029 502 2063 σωτηρίας
514 2037 632 2064 χειραγο.
638 2029 778 2064 γούμενος.
790 2029 875 2056 Τοῦτο
886 2030 940 2066 γὰρ

148 2075 289 2109 ἐσήμανεν
303 2073 399 2100 εἰπών·
415 2084 424 2100 ι
439 2075 493 2101 Καὶ
506 2075 536 2101 οὐ
552 2074 679 2101 διασώσει
694 2075 805 2102 ἀσέϐεια
819 2076 864 2102 τὸν
876 2076 940 2111 παρ’

148 2119 246 2154 αὐτῆς,
268 2120 354 2155 γῆτοι
372 2119 418 2146 τὸν
438 2119 556 2154 ἐραστὴν
573 2120 660 2156 αὐτῆς
677 2121 723 2148 καὶ
741 2121 872 2156 τρόφιμον
894 2123 940 2148 καί

150 2167 310 2201 συνίστορα·
328 2166 430 2202 μᾶλλον
449 2167 498 2202 μὲν
512 2165 558 2193 οὖν
575 2167 615 2198 είς
633 2167 743 2207 ἔλεγχον
759 2167 840 2194 αὑτοῦ
857 2169 940 2203 γενή-

150 2220 225 2238 σεται
238 2213 287 2238 καὶ
303 2212 472 2246 κατηγορίαν
487 2212 680 2247 ὲνδικωτάτην.

185 2258 270 2285 Ταῦτ’
282 2257 330 2285 οὗν
344 2260 373 2285 ὲν
389 2260 421 2294 τῇ
444 2259 515 2285 κατὰ
528 2259 575 2286 νῦν
593 2258 694 2294 θεωρίᾳ
710 2258 855 2294 σύμπαντα
874 2268 942 2295 προ-

147 2301 213 2328 ῖδὼν
226 2303 240 2328 ὁ
253 2303 335 2336 σοφὸς
352 2302 570 2339 Ἐκκλησιαστὴς
585 2305 718 2338 ἐπήγαγε·
736 2308 745 2330 t
762 2305 817 2331 Καὶ
832 2304 943 2341 σύμπαν

149 2346 230 2373 τοῦτο
243 2345 325 2379 εἶδον,
350 2349 396 2374 καὶ
424 2349 513 2376 ἔδωκα
538 2350 588 2384 τὴν
616 2349 731 2385 καρδῖαν
754 2359 804 2385 μου
827 2352 866 2382 είς
889 2353 943 2377 πᾶν

150 2392 259 2428 ποίημα
280 2393 310 2419 τὸ
332 2395 516 2429 πεποιημένον
532 2395 585 2421 ὑπο
604 2395 649 2421 τὸν
664 2395 755 2430 ἥλιον·
779 2405 788 2422 t
813 2396 873 2430 οὐχὶ
888 2396 943 2423 τῶν

150 2438 203 2465 ὑπὸ
218 2439 298 2471 Θεοῦ,
317 2439 369 2473 τῆς
392 2440 538 2474 ποιητικῆς
553 2440 676 2475 δηλονότι
693 2441 747 2467 τῶν
760 2441 888 2468 ἁπάντων
901 2443 943 2468 αξ-

149 2483 211 2515 τιας
226 2483 434 2518 πεποιημένων,
451 2485 509 2511 ἀλλ’
522 2485 573 2511 ὑπὸ
593 2485 648 2512 τῶν
672 2485 782 2520 φαύλων
805 2487 852 2513 καὶ
867 2496 943 2522 μισο-

151 2530 242 2557 γάλων
265 2529 430 2565 ἀνθρώπων,
451 2531 506 2558 τῶν
523 2531 629 2563 ἀδικίας
651 2532 698 2558 καὶ
717 2533 873 2566 πλεονεξίας
895 2534 944 2561 καὶ

194 2623 216 2640 ⁷³
226 2623 302 2651 Psal.
321 2631 415 2659 cxvm,
437 2626 482 2654 60.

188 2680 246 2722 (1.2)
262 2681 291 2721 l_n
306 2680 428 2717 Vulgalis
441 2683 574 2710 habemus
592 2691 599 2708 :
615 2680 707 2742 Negas
725 2679 838 2706 salvabit
856 2681 947 2715 impie-

209 2724 322 2742 rmmnm
336 2724 346 2742 :
364 2717 435 2742 quod
459 2717 538 2742 nlane
554 2724 651 2742 resnon
673 2720 698 2742 et
717 2714 868 2742 Hebraicis.
885 2723 946 2742 (tua:

146 2714 322 2756 tas'itnpium
336 2724 346 2744 :
361 2714 435 2756 quod
459 2717 538 2756 plane
554 2714 698 2756 respondet
717 2714 868 2756 Hebraicis,
885 2723 946 2750 qua:

154 2756 261 2778 vertere
275 2751 314 2778 sic
331 2750 421 2786 possis
440 2750 556 2787 {Neque
571 2752 666 2778 liberat
682 2750 840 2787 iutpfob‘itas
858 2751 944 2777 donti-

152 2794 200 2822 nos
219 2794 295 2813 suos.
321 2784 415 2822 liaque
440 2784 761 2822 Sytnntaehusireddidit
781 2784 877 2818 ἔχοντα
894 2788 943 2812 αὑ-

151 2821 214 2856 τήν,
225 2822 300 2857 quod
314 2820 382 2848 idem
396 2827 447 2850 est.
461 2820 517 2849 Nec
529 2823 608 2849 aliter
620 2820 943 2857 Olympiodorns,quan-

156 2855 242 2900 quam
268 2857 484 2899 signiﬁcantius;
511 2858 549 2884 sic
573 2857 645 2884 enim
671 2855 786 2890 explicat
807 2861 813 2880 :
835 2856 888 2882 Καὶ
912 2857 940 2881 οὐ

978 251 1114 286 designat)
1144 255 1278 287 potestate
1306 256 1347 278 est
1377 250 1543 285 prohibere,
1572 256 1606 275 ne
1633 247 1723 275 anima
1751 255 1766 273 ,ι

978 305 1093 333 corpore
1117 302 1268 332 separetur,
1287 303 1314 325 et
1329 298 1400 325 diem
1426 297 1521 324 mortis
1547 296 1766 330 appropinquan-

979 347 1032 370 tem
1049 347 1205 378 permutare
1223 347 1304 377 atque
1323 342 1497 377 praetergredi
1515 350 1522 368 :
1542 341 1589 368 sed
1604 340 1630 367 id
1652 339 1767 366 arbitrio

979 391 1039 423 ejus
1057 389 1184 420 vertitur,
1205 389 1252 423 qui
1271 393 1297 415 et
1315 393 1462 422 utrumque
1478 387 1615 422 colligavit
1638 385 1764 412 invicem.

980 434 1012 461 Et
1034 434 1224 462 dissolutionis
1250 434 1395 461 terminum
1421 433 1529 464 statuit,
1545 439 1600 467 quo
1617 432 1675 466 ipse
1699 435 1767 457 tem-

980 487 1045 515 pore
1059 480 1143 508 voluit
1157 484 1184 507 et
1198 479 1321 507 decrevit
1336 483 1363 506 et
1378 478 1531 513 praelinivit.

1017 612 1098 640 Omni
1118 612 1202 647 igitur
1217 619 1282 639 cura
1302 610 1481 638 custodienda
1496 608 1575 636 nobis
1595 611 1659 635 sunt
1677 605 1768 633 divina

982 658 1120 691 mandata,
1143 662 1170 685 et
1191 657 1294 684 monita
1315 664 1348 684 ac
1363 661 1497 691 prmcepta
1515 658 1664 683 rectorum,
1686 658 1769 686 quos-

981 712 1091 739 cunque
1111 704 1303 739 delegerimus,
1317 710 1349 730 ac
1365 701 1444 736 207
1458 700 1621 735 sapientium
1642 697 1770 725 modera-

983 755 1085 783 torum,
1102 754 1132 777 nt
1155 749 1300 784 praeparali
1327 752 1354 775 et
1373 747 1489 775 summis
1512 744 1639 772 instructi
1663 743 1772 770 virtuti-

982 797 1045 829 bus,
1074 804 1137 824 cum
1158 796 1291 830 propheta
1313 793 1413 820 Davide
1438 799 1488 819 nos
1517 791 1599 818 etiam
1623 790 1768 817 dicamus:

985 853 993 869 ι
1009 843 1126 870 Paratus
1150 850 1223 875 sum,
1248 845 1275 868 et
1297 848 1355 868 non
1375 846 1436 866 sum
1462 837 1636 869 turbatus";
1653 845 1662 861 ι
1682 842 1770 869 neque

983 889 1164 924 percellamur
1186 895 1218 915 ac
1237 886 1441 922 perturbentur,
1464 891 1526 911 cum
1544 881 1655 917 spiritus
1675 884 1770 907 noster

982 937 1040 964 sive
1062 935 1155 962 anima
1179 933 1378 969 profectionem
1396 939 1410 957 a
1429 936 1546 964 corpore
1565 926 1681 962 parabit.
1699 925 1769 951 'l'um

982 981 1067 1013 enim,
1082 985 1142 1014 post
1153 978 1363 1014 praenuntiatum
1377 974 1461 1003 divini
1477 973 1583 1002 consilii
1595 970 1770 1000 sententiam,

983 1026 1050 1053 nihil
1063 1026 1120 1060 jam
1139 1023 1243 1051 homini
1260 1022 1391 1058 prodesse
1412 1024 1513 1056 potest,
1531 1019 1574 1046 vel
1593 1018 1616 1045 si
1639 1018 1666 1044 in
1682 1017 1771 1050 lacry-

983 1079 1042 1099 mas
1072 1070 1256 1098 ellundamur.
1285 1066 1520 1100 Quemadmodum
1552 1064 1624 1091 enim
1651 1070 1706 1097 quo
1729 1061 1774 1089 dio

983 1117 1056 1145 acies
1078 1116 1111 1144 ad
1127 1114 1303 1150 pugnandum
1318 1113 1460 1140 instructa:
1475 1114 1549 1143 sunt,
1565 1108 1634 1136 nihil
1652 1108 1685 1135 ad
1707 1115 1772 1134 con-

983 1163 1129 1192 ciliandam
1156 1159 1430 1192 constituendatnque
1453 1164 1548 1192 pacem
1572 1154 1662 1182 valere
1681 1153 1772 1180 oblatu

984 1210 1084 1245 legatio
1107 1212 1198 1244 potest
1215 1218 1221 1234 :
1238 1206 1339 1241 quippe
1368 1204 1453 1232 multo
1482 1203 1558 1238 prius
1579 1209 1638 1228 eam
1665 1199 1774 1231 mittere

983 1256 1128 1288 debebant,
1152 1254 1199 1289 qui
1226 1258 1292 1280 tunc
1319 1252 1447 1283 mittunt;
1474 1251 1514 1277 sic
1539 1249 1696 1276 imminente
1716 1247 1773 1281 jam

985 1306 1071 1329 morte
1095 1304 1122 1327 et
1147 1299 1266 1327 animam
1292 1301 1414 1325 nostram
1442 1303 1457 1323 a
1480 1301 1594 1329 cOrpore
1617 1296 1772 1327 separantc,

985 1347 1053 1374 nihil
1066 1345 1191 1373 morienti
1205 1345 1302 1380 prosit,
1318 1343 1360 1370 vel
1379 1343 1401 1370 si
1415 1350 1510 1377 preces
1527 1345 1553 1368 et
1569 1339 1774 1368 obsecrationes

986 1393 1115 1420 adhibeat
1134 1389 1361 1422 innumerabiles,
1377 1389 1410 1415 ad
1426 1387 1630 1415 cunctationem
1653 1389 1680 1412 et
1696 1384 1775 1411 indue

985 1440 1043 1467 cias
1060 1437 1257 1472 impetrandas,
1269 1441 1351 1471 atque
1362 1435 1396 1462 ad
1409 1434 1475 1461 illud
1489 1432 1688 1464 redimendum,
1700 1429 1774 1465 quod

985 1485 1039 1520 jam
1059 1483 1170 1519 ingruit.

1024 1574 1195 1603 lnexorabile
1210 1573 1292 1608 igitur
1308 1572 1335 1600 id
1359 1576 1410 1604 est,
1433 1575 1460 1597 ct
1481 1576 1628 1598 commune
1648 1567 1775 1595 omnibus

989 1621 1160 1651 hominibus,
1181 1624 1212 1647 ut
1234 1620 1332 1646 animae
1347 1626 1362 1645 a
1383 1624 1499 1652 corpore
1516 1615 1648 1642 discessio
1665 1613 1777 1640 deﬁnito

988 1668 1031 1694 die
1058 1667 1113 1694 ﬁat.
1136 1665 1377 1693 Verumenimvoro
1400 1663 1445 1698 qni
1464 1662 1506 1697 pie
1529 1669 1560 1688 ac
1583 1661 1656 1696 jnste
1676 1660 1703 1686 in
1727 1659 1777 1686 hac

989 1714 1044 1740 vita
1058 1713 1157 1740 versati
1182 1711 1248 1743 sin’t,
1275 1712 1308 1738 ad
1333 1710 1487 1737 futurorum
1509 1707 1645 1734 bonorum
1666 1704 1776 1740 praemia

989 1762 1067 1788 bonae
1091 1759 1244 1794 divinaeque
1267 1758 1323 1792 spei
1349 1764 1400 1792 ope
1415 1755 1536 1787 deducti,
1562 1755 1676 1781 salutem
1703 1753 1778 1779 inve-

991 1807 1066 1833 nient
1080 1805 1284 1840 sempiternam.
1303 1802 1396 1837 Atqui
1418 1801 1515 1828 malum
1536 1803 1563 1827 et
1585 1799 1695 1833 impiam
1717 1805 1778 1832 per-

990 1859 1154 1886 versamque
1169 1850 1277 1877 duxerit
1298 1848 1392 1879 vitam,
1408 1847 1443 1874 ita
1469 1847 1541 1873 hanc
1556 1845 1673 1876 deseret,
1692 1847 1721 1870 ut
1743 1843 1776 1869 ad

990 1897 1178 1926 intolerabiles
1204 1900 1380 1928 :eternosque
1403 1892 1542 1920 cruciatus
1565 1889 1777 1920 transmittatur,

991 1953 1042 1972 nec
1055 1951 1131 1978 spem
1150 1943 1232 1969 ullam
1252 1940 1360 1973 salutis,
1373 1939 1416 1966 cui
1433 1939 1507 1971 ﬁdat,
1527 1936 1631 1964 sociam
1646 1933 1776 1962 inveniat.

991 1989 1048 2017 Hoc
1062 1989 1134 2016 enim
1148 1985 1324 2022 signiﬁcavit,
1339 1992 1400 2011 cum
1413 1982 1481 2010 dixit
1495 1991 1501 2009 :
1520 1991 1529 2007 ι
1549 1981 1581 2007 Ει
1597 1988 1650 2007 non
1664 1978 1780 2016 salvahit

992 2036 1117 2070 impietas
1134 2041 1206 2064 eum,
1228 2032 1274 2067 qui
1290 2032 1323 2058 ab
1338 2039 1381 2062 ea,
1401 2040 1410 2056 ι
1428 2030 1453 2057 id
1476 2033 1528 2060 cst,
1553 2031 1701 2055 amatorem
1719 2025 1780 2060 ejus

990 2086 1017 2109 et
1029 2081 1171 2108 alumnum
1184 2084 1211 2106 et
1225 2078 1359 2105 asseclam
1374 2086 1380 2104 :
1394 2083 1455 2111 qua:
1471 2075 1560 2109 potius
1574 2070 1780 2108 reprehensioni

993 2128 1054 2163 ejus
1067 2126 1285 2162 justissinueque
1309 2120 1530 2151 condcmnationi
1546 2118 1653 2155 pondus
1674 2121 1715 2145 est
1731 2116 1780 2145 ad-

993 2174 1083 2202 ditura
1098 2173 1170 2209 (12).

1028 2262 1115 2289 Porro
1133 2261 1192 2288 haec
1207 2259 1299 2286 omnia
1316 2258 1425 2293 sapiens
1441 2256 1620 2283 Ecclesiastes
1640 2259 1781 2287 tanquam,

992 2305 1255 2344 praesentiajamdiu
1270 2303 1484 2338 contemplatus,
1500 2301 1617 2335 adjecit:
1633 2309 1642 2324 ί
1658 2298 1690 2326 Et
1701 2305 1783 2325 omne

994 2355 1046 2380 hoc
1063 2352 1128 2384 vidi,
1148 2355 1175 2378 et
1194 2349 1255 2377 dedi
1273 2356 1321 2376 cor
1346 2355 1437 2375 meum
1461 2346 1487 2372 in
1507 2353 1588 2372 omne
1605 2351 1683 2378 opus,
1710 2342 1783 2376 quod

992 2399 1094 2427 factum
1109 2401 1150 2424 est
1165 2396 1216 2424 sub
1232 2395 1307 2426 sole;
1324 2403 1333 2419 ›
1352 2393 1464 2420 minime
1478 2391 1585 2426 quidem
1601 2396 1708 2420 eorum,
1722 2395 1784 2422 quas

995 2453 1009 2475 a
1027 2445 1092 2477 Deo,
1108 2443 1134 2470 id
1151 2446 1204 2474 est,
1222 2449 1237 2468 a
1254 2441 1341 2475 prima
1364 2439 1409 2466 illa
1432 2438 1621 2465 universorum
1646 2434 1784 2462 ell'ectrice

997 2498 1081 2519 causa
1095 2489 1166 2517 facta
1178 2492 1258 2522 sunt;
1273 2487 1320 2514 sed
1331 2495 1391 2522 qua:
1400 2485 1515 2521 improbi
1526 2483 1689 2518 scelestique
1701 2480 1784 2516 208

999 2535 1124 2562 homines
1146 2533 1305 2564 moliuntur,
1329 2531 1428 2567 quibus
1446 2530 1616 2566 propositum
1642 2532 1684 2556 est
1702 2526 1783 2562 quid-

996 2681 1251 2721 aiaaditrStdtgéGstat
1267 2683 1312 2708 τον
1328 2682 1392 2721 παρ’
1410 2682 1494 2717 αὐτῆς
1504 2690 1511 2697 '
1529 2681 1590 2707 ἀντὶ
1601 2680 1659 2721 τος),
1672 2678 1716 2705 τὸν
1729 2678 1782 2721 fuso.

994 2716 1045 2751 τῆς
1074 2718 1201 2749 ἀσεσείας
1230 2713 1446 2752 τυραννούμενον
1472 2713 1518 2743 καὶ
1541 2715 1734 2752 κρατούμενον.
1757 2713 1784 2745 Id

995 2758 1036 2791 est
1052 2759 1059 2778 :
1079 2752 1111 2778 Et
1125 2761 1175 2791 n_on
1187 2751 1301 2791 salvalrt't
1315 2751 1441 2791 impietas
1452 2760 1521 2784 eum,
1534 2752 1579 2786 qui
1591 2751 1622 2778 ab
1637 2756 1788 2790 ea,_uempe.

994 2787 1080 2828 illum,
1098 2789 1143 2823 qui
1161 2788 1296 2823 tyrannidi
1308 2785 1365 2821 ejus
1382 2788 1513 2822 subjectus
1528 2792 1578 2820 est,
1596 2785 1789 2820 imperiuqu

993 2823 1092 2856 arrepit
1104 2821 1108 2823 Ἴ
1173 2821 1179 2823 ⁷
1428 2821 1432 2822 ν
1747 2821 1750 2823 ’
