2038 3155
142 172 209 206 1357

138 231 212 264 ξίαν,
229 232 294 258 ὅσον
312 227 381 266 ἧκεν
398 230 437 262 είς
453 231 502 264 τὴν
520 229 666 265 πρόχειρον
692 229 760 256 θέαν
777 230 825 255 καὶ
841 231 935 264 φαινό-
953 233 973 260 Α

139 286 230 313 μενον.
245 277 275 303 Et
289 277 345 313 γὰρ
362 277 408 303 καὶ
428 276 465 312 μὴ
485 277 589 308 πάντας
605 277 672 308 τοὺς
696 277 806 310 ἀσεϐεῖς
822 277 936 313 ὠκυμό-

139 332 201 358 ρους
217 323 296 358 ίσμεν
322 323 369 350 καὶ
399 321 584 357 καρπαλίμως
609 322 774 358 δεχομένους
808 323 858 358 τὴν
883 322 937 349 ἀπὸ

136 369 187 404 τῆς
207 368 349 404 παρούσης
364 369 437 403 ζωῆς
454 368 592 394 ἔκπτωσιν
607 369 655 395 καὶ
676 369 865 405 περιτροπήν·
879 368 937 394 ἀλλ’

136 415 189 442 οὐκ
210 415 242 440 ὲκ
257 414 312 440 τῶν
327 413 550 447 διαγνωσθέντων
576 414 643 448 ἡμῖν
663 415 794 441 τοιούτων
808 414 851 449 ἐφ’
868 413 936 440 ἐκά-

139 469 191 497 στῃ
201 462 284 496 γενεᾷ
297 461 420 496 δηλονότι
433 460 482 487 καὶ
491 460 585 495 γενεᾷ,
594 460 633 495 τῷ
650 461 856 496 Ἐκκλησιαστῇ
868 468 938 494 παρ-

138 508 267 543 είληπται
295 506 326 533 τὸ
353 507 501 542 εἰρημένον
523 506 570 532 καὶ
584 506 641 534 νῦν.
657 504 724 534 Εἶτά
741 515 824 542 φησιν
837 507 851 533 ὁ
871 505 933 532 Ἐκ-

138 553 310 588 κλησιαστής
327 562 330 567 ·

671 173 710 203 ΙΝ
732 173 1011 205 ΕΕΟΕΕΞΙΛΞΤΕΝ
1042 188 1076 192 -
1097 176 1171 205 LIB.
1193 177 1259 207 VII.

1716 176 1786 211 ass

988 225 1143 259 ostenderit
1157 239 1230 265 sese;
1245 237 1271 272 et
1285 232 1310 258 in
1327 236 1508 267 conspectum
1534 232 1678 261 hominum
1700 243 1784 263 vene-

987 277 1032 304 rit.
1051 276 1120 304 Nam
1136 277 1187 305 etsi
1206 286 1260 305 non
1277 286 1374 305 onmes
1400 279 1499 313 impios
1527 279 1616 307 brevis
1630 281 1680 308 sevi
1699 281 1785 309 fuisse

987 323 1102 354 scimus,
1127 326 1154 349 et
1170 330 1203 350 ex
1226 323 1277 350 hac
1292 324 1346 350 vita
1368 324 1459 351 medio
1480 325 1506 351 in
1526 332 1609 352 cursu
1641 332 1784 361 correptos

986 367 1103 395 celerius
1118 367 1270 402 migrasse;
1285 376 1338 394 non
1371 368 1442 402 ideo,
1456 369 1478 395 si
1494 370 1565 396 ratio
1585 370 1719 398 habeatur
1737 379 1785 399 eo-

986 420 1047 439 rum
1062 421 1124 447 qure
1149 413 1267 448 singulis
1290 414 1418 441 aetatibus
1445 416 1596 450 contigisse
1613 418 1782 451 accepimus,

987 459 1062 493 quod
1079 459 1124 486 hic
1140 459 1243 486 dictum
1271 464 1323 492 est,
1341 463 1442 487 temere
1460 461 1494 487 ab
1514 460 1681 490 Ecclesiaste
1696 464 1784 498 prola-

987 509 1044 532 tum
1062 505 1148 532 videri
1163 505 1241 533 debet
1255 505 1322 540 (Ἡ).
1340 505 1385 532 Ait
1399 506 1498 533 deinde
1515 506 1698 536 Ecclesiastes
1713 517 1720 535 :

908 604 1011 642 §xv1.

176 657 263 683 Ἔστι
274 656 450 690 ματαιότης.
466 654 485 689 ἢ
498 655 658 689 πεποίηται
672 655 721 682 ἐπὶ
735 655 789 689 τῆς
805 653 870 690 γῆς,
887 654 932 681 ὅτι

137 702 197 729 εἶσὶ
214 702 335 735 δίκαιοι,
350 701 394 728 ὅτι
406 701 513 736 φθάνει
524 702 599 735 πρὸς
614 702 737 735 αὐτοὺς,
753 702 793 734 ὠς
819 701 933 734 ποίημα

139 748 199 775 τῶν
211 747 347 775 ἀσεϐῶν
363 747 414 774 καὶ
432 747 514 774 εἰσὶν
525 747 657 781 ἀσεϐεῖς,
673 748 719 775 ὅτι
737 747 845 782 φθάνει
857 747 934 780 πρὸς

139 793 252 827 αὐτοὺς
260 793 300 826 ὡς
319 794 432 827 ποίημα
447 792 506 819 τῶν·
533 793 666 820 δικαίων.
694 793 750 820 Καὶ
767 791 838 820 εἶπα
851 801 858 807 ’
877 793 933 820 Κιιί

139 848 172 874 τε
190 839 279 866 τοῦτο
293 839 466 874 ματαιότης.

175 885 338 920 Ιιαράλογος
361 885 476 921 εὕρηται
501 885 574 921 φορὰ
597 886 645 912 καὶ
659 885 722 919 δόξα
745 885 931 921 διεφθαρμένη

139 933 186 959 καὶ
199 933 287 967 πάντη
301 931 413 968 ψευδὴς,
426 933 443 967 ἡ
466 932 540 968 παρὰ
549 932 604 958 τῶν
620 932 774 967 μισοκάλων
789 933 834 958 καὶ
850 941 934 958 κακο-

138 979 222 1011 δὸξων
239 977 391 1013 ἀνθρώπων
406 979 454 1005 καὶ
479 978 619 1004 δυσσεϐὥν
635 978 767 1014 γινομένη
783 979 842 1010 τοῖς
855 979 933 1004 εὐσε-

140 1024 200 1050 ϐέσι
213 1024 260 1050 καὶ
278 1024 404 1055 δικαίοις,
420 1024 467 1050 καὶ
485 1020 536 1059 τῆς
561 1024 662 1059 ἀρετῆς
683 1024 824 1060 ἐρασταῖς,
844 1024 890 1051 καὶ
903 1024 933 1050 τὸ

139 1068 259 1104 ἔμπαλιν
277 1070 334 1100 τοῖς
365 1068 479 1095 ἀσεϐέσι
497 1068 544 1095 καὶ
570 1070 699 1104 πονηροῖς
711 1069 728 1104 ἡ
747 1068 860 1100 καὶτὰς
876 1069 932 1094 τῶν

139 1115 280 1150 ἑκατέρων
296 1114 446 1150 ὑπολήψεις
464 1114 631 1150 ἀμείϐουσα,
653 1115 701 1141 καὶ
718 1115 809 1149 μέντοι
821 1115 869 1141 καὶ
883 1114 933 1146 τὰς

138 1160 336 1196 προσηκούσας
350 1161 397 1187 καὶ
410 1160 598 1195 καταλλήλους
605 1161 787 1196 ἀνταμείψεις
802 1161 933 1188 ἐναλλάτ-

137 1215 234 1239 τουσα,
252 1206 367 1237 καὶτὰς
392 1206 442 1241 μὲν
468 1206 650 1242 ὀφειλομένας
680 1208 736 1238 τοῖς
757 1207 870 1242 ἀγαθοῖς
884 1208 932 1234 καὶ

137 1252 253 1283 δικαίοις
267 1253 444 1287 ἀπονέμουσα
459 1254 517 1284 τοῖς
533 1252 646 1279 ἀσεϐέσι
656 1253 703 1280 καὶ
717 1254 847 1289 πονηροῖς
863 1261 869 1269 ’
885 1254 932 1280 καὶ

137 1297 169 1324 τὸ
181 1297 301 1333 ἔμπαλιν
314 1298 363 1330 τὰς
377 1298 573 1334 ἐπηρτημένας
583 1298 698 1330 ἐκείνοις
707 1299 931 1334 ἀντιπαρέχουσα

138 1343 255 1376 τούτοις,
268 1343 328 1371 κατ’
343 1344 502 1371 ἐναντίωσιν
517 1344 567 1379 τῆς
580 1344 749 1380 θεοπρεποῦς
761 1345 931 1379 ἀγαθότητος

137 1391 188 1417 καὶ
212 1389 425 1425 δικαιοκρισίας.
449 1390 479 1416 '0
494 1390 544 1425 μὲν
562 1390 617 1426 γὰρ
644 1391 710 1421 Θεὸς
740 1392 796 1422 τοῖς
818 1391 931 1425 ἀγαθοῖς

138 1436 246 1471 ἀγαθὰς
274 1436 389 1463 δίδωσιν
416 1433 586 1468 ἀντιδόσεις,
601 1436 733 1468 ὡσαύτως
761 1446 794 1471 γε
818 1438 872 1473 μὴν
885 1437 931 1464 καὶ

136 1484 194 1515 τοῖς
221 1484 352 1518 πονηροῖς
370 1483 508 1517 πονηράς’
527 1482 575 1509 ἅτε
597 1483 629 1518 δὴ
646 1483 798 1518 θεοπρεπεῖ
809 1483 930 1518 τρυτάνῃ

137 1529 324 1558 ταλαντεύων,
339 1528 388 1554 καὶ
409 1528 545 1563 διανέμων
577 1529 687 1562 ἑκάστῳ
714 1528 749 1555 τὰ
766 1530 826 1555 κατ’
842 1528 930 1561 ἀξίαν.
947 1526 968 1554 C

139 1574 176 1601 Τὸ
201 1574 229 1600 δὲ
256 1575 400 1609 κριτήριον
421 1574 471 1608 τῆς
488 1573 662 1609 ἀνθρωπίνης
680 1574 795 1609 γνῶμης
812 1574 932 1610 ἔμπαλιν

138 1621 197 1651 τοῖς
214 1620 330 1653 ἀγαθοῖς
354 1620 489 1654 πονηρὰς,
514 1621 570 1651 τοῖς
599 1620 628 1646 δὲ
656 1622 787 1655 πονηροῖς
815 1620 930 1653 ἀγαθὰς,

137 1666 283 1698 κάκείνους
296 1667 346 1701 μὲν
358 1666 488 1693 κολάσεσι
502 1666 705 1693 καθυποῦὰλλει
714 1668 761 1693 καὶ
772 1667 930 1702 τιμωρίαις,

138 1711 278 1743 ποικίλαις
298 1711 419 1747 ὲξορίαις
437 1711 676 1746 παραπέμπουσα,
687 1712 735 1738 καὶ
744 1712 932 1747 καθείργουσα

138 1757 261 1792 χρονίαις
275 1758 400 1792 εἱρκταῖς
412 1765 419 1771 ⁸
438 1757 525 1782 ἐνίοτε
549 1756 577 1782 δὲ
594 1757 641 1782 καὶ
658 1756 730 1791 λιμῷ
748 1757 795 1782 καὶ
817 1757 931 1791 μάστιγι

138 1803 187 1828 καὶ
201 1802 269 1837 πυρὶ
283 1802 331 1828 καὶ
350 1801 464 1836 σιδήρῳ,
477 1801 525 1828 καὶ
553 1801 636 1836 βορὰν
659 1801 764 1836 Θηρίοις
780 1801 932 1836 παραπέμ-

138 1856 185 1874 πει
203 1848 250 1874 καὶ
265 1847 374 1874 δίδωσιν
388 1847 509 1882 ἀκρίτως
522 1846 570 1872 καὶ
594 1847 780 1882 παραφρόνως
792 1854 798 1861 ·
818 1846 932 1878 τούτους

137 1894 167 1920 δὲ
180 1893 391 1929 καταγεραίρει,
412 1893 460 1920 καὶ
472 1893 585 1928 τρυφῶν
601 1893 674 1926 ἀξιοῖ
699 1893 747 1920 καὶ
766 1893 931 1920 δυναστειῶν

138 1941 185 1967 καὶ
201 1939 297 1973 δοξῶν.

173 1986 261 2012 Τοῦτο
284 1985 375 2012 τοίνυν
396 1984 486 2020 πάσης
510 1984 670 2020 παραλόγου
687 1984 807 2020 κρίσεως
822 1985 928 2020 ἀνάμε-

138 2040 202 2058 στον
217 2031 334 2067 εὓρηται
348 2031 397 2058 καὶ
410 2031 461 2066 τῆς
476 2031 597 2066 ἐσχάτης
615 2030 814 2067 παραπληξίας
827 2040 931 2067 σημαν-

137 2077 224 2107 τικὸν,
256 2077 302 2103 καὶ
326 2076 527 2110 καταγνώσεως
547 2075 633 2108 ἀξιον.
661 2075 711 2102 At}:
730 2075 812 2102 τοῦτό
836 2084 902 2111 φησι
921 2085 929 2092 ·

139 2132 149 2148 ε
170 2123 227 2149 Καί
241 2122 372 2156 γειτοῦτο
389 2122 552 2157 ματαιότης,
573 2131 582 2147 ›
597 2121 629 2148 τὸ
643 2121 760 2154 σύνηθες
779 2122 930 2157 πρόσρημα

135 2169 186 2204 τῆς
214 2168 405 2203 ὲκφαυλίσεως
433 2167 488 2194 τῶν
517 2165 647 2193 τοιούτων
672 2166 768 2193 εἰπών.
807 2166 853 2193 Διὸ
880 2167 930 2202 τὴν

136 2215 266 2249 τοιαύτην
274 2214 523 2249 κατακερτομήσας
531 2214 578 2240 καὶ
588 2213 833 2248 κατακωμῳδήσας
843 2213 915 2240 ἁκατ
922 2228 928 2233 -

137 2259 254 2294 ἀλληλον
275 2259 460 2294 ἀντιστροφὴν
481 2258 528 2285 καὶ
551 2257 719 2292 παράλογον,
737 2257 867 2289 ὡσαύτως
884 2258 931 2297 ἐπι

134 2306 186 2340 τὴν
202 2305 269 2340 εὑθῆ
283 2305 363 2337 δόξαν
378 2304 434 2330 τῶν
449 2305 478 2331 ἐν
491 2303 532 2339 τῷ
544 2303 594 2339 βίῳ
608 2303 823 2338 πολιτευομένων
840 2312 931 2340 πραγ-

137 2352 232 2386 μάτων
257 2350 399 2386 ἐχώρησεν
413 2370 419 2382 ,
435 2350 473 2381 ὠς
500 2350 550 2386 τῆς
575 2350 797 2385 διεστραμμένης
816 2349 930 2386 γνώμης

135 2398 183 2424 καὶ
203 2396 428 2432 πονηροπραξίας
456 2396 604 2432 ἁμέτοχοι,
630 2397 678 2422 καὶ
703 2397 847 2432 κρείττους
860 2397 930 2423 ἀπο-

135 2443 299 2478 φανθέντες,
314 2443 364 2475 τὰς
387 2443 498 2478 ἀληθεῖς
525 2442 676 2478 ὑπολήψεις
700 2443 749 2469 καὶ
775 2443 825 2476 τὰς
840 2443 930 2475 εὖθεϊς

134 2489 213 2522 δόξας
228 2489 276 2516 ἐπὶ
294 2491 351 2521 τοῖς
370 2489 484 2524 ἀγαθοῖς
496 2489 544 2516 καὶ
556 2488 697 2515 θεοσεϐέσι
710 2489 757 2515 καὶ
773 2489 930 2521 σπουδαίοις

134 2534 304 2570 ἀνθρώποις,
319 2536 367 2562 κα)⁸
388 2535 419 2562 τὸ
433 2534 552 2570 ἔμπαλιν
577 2536 634 2567 τοῖς
654 2534 767 2561 ἀσεῦέσι
784 2535 831 2561 καὶ
845 2543 929 2570 πονη-

137 2581 194 2616 ροῖς
207 2581 255 2607 καὶ
268 2580 380 2614 φαύλοις
393 2580 557 2614 διαφυλάξαι
580 2579 777 2614 σπουδάσωμεν
791 2587 798 2595 ·
814 2579 857 2606 ἵνα
879 2588 929 2606 πε-

951 850 971 876 Β

173 2649 230 2685 (22)
248 2649 308 2676 Alia
317 2654 358 2677 est
368 2649 527 2684 Hieronymi
551 2648 830 2685 interpretatiottNon
842 2649 926 2680 enim,

136 2686 236 2721 inquit,
261 2685 299 2717 hi,
313 2686 360 2719 qui
375 2685 461 2712 multo
487 2689 609 2719 tempore
636 2685 742 2721 vivunt,
765 2684 929 2721 prolongant

136 2719 195 2748 diés
229 2727 311 2753 suos;
330 2721 376 2747 sed
399 2721 446 2754 qui
469 2720 585 2755 grandes
609 2727 656 2755 eos
676 2719 780 2746 faciunt
793 2719 927 2746 bonorum

137 2763 251 2790 operum
269 2756 455 2790 magnitudine
467 2754 478 2782 :'
493 2755 565 2782 unde
590 2759 616 2781 et
629 2754 715 2783 Jacob
729 2755 807 2789 quasi
822 2762 852 2781 se
866 2762 928 2789 pee-

137 2789 258 2818 cétorem
282 2789 416 2818 conﬁtens
442 2791 527 2817 dicit:
549 2790 631 2816 Parvi
655 2795 678 2822 et
701 2790 766 2816 mali
793 2790 850 2816 dies
878 2789 927 2816 mci

137 2825 215 2861 (Gen.
238 2826 375 2859 xtvnﬂl;
397 2831 425 2853 et
452 2825 477 2852 in
498 2825 607 2852 l’salmo
630 2825 774 2855 conlitcns.
795 2824 866 2855 Dies,
885 2825 928 2851 in-

136 2862 206 2895 quit,
232 2861 283 2888 mei
307 2862 374 2888 sicut
391 2862 485 2887 umbra
514 2861 636 2887 inclinati
659 2866 730 2890 sunt,
747 2865 772 2886 et
793 2868 839 2894 ego
859 2861 928 2886 sicut

137 2902 226 2926 fenum
242 2897 303 2923 arui
322 2895 409 2932 (I’sal.
424 2904 461 2930 CI,
477 2895 538 2930 1‘2);
554 2903 606 2923 non
623 2895 695 2931 quod
722 2896 829 2930 longam
846 2895 928 2922 vitam

1021 649 1100 678 Vers.
1117 651 1161 678 M.
1181 650 1228 678 Est
1243 651 1359 681 vanitas.
1375 659 1434 685 quin
1445 650 1518 685 facta
1529 655 1567 678 est
1581 659 1659 686 super
1673 657 1781 682 terram.

985 698 1047 732 quia
1067 701 1129 724 sunt
1151 697 1227 729 iusti,
1243 697 1307 732 quia
1338 697 1406 723 venit
1433 696 1468 722 ad
1494 704 1538 722 eos
1554 717 1560 727 ,
1581 698 1659 731 quasi
1681 698 1782 732 factum

984 743 1148 776 impiorum;
1164 747 1188 768 et
1217 746 1278 768 sunt
1306 741 1401 774 impii,
1414 741 1477 775 quia
1501 741 1569 767 renit
1584 745 1618 768 ad
1634 751 1688 774 eos,
1703 746 1780 777 quasi

986 787 1088 822 factum
1116 787 1264 821 justorunt.
1295 785 1328 812 Et
1357 785 1443 812 dixi:
1474 784 1533 812 Hoc
1562 788 1645 814 etiam
1676 790 1782 816 vanitas

985 835 1024 858 est
1040 831 1108 867 ('25).

1023 876 1179 903 Absurdam
1196 876 1415 904 distributionem
1431 882 1457 904 et
1472 882 1630 912 corruptum
1645 878 1780 912 judicium

987 929 1020 948 ac
1030 921 1110 956 plane
1125 922 1223 949 falsum
1253 922 1385 949 induxere
1410 923 1538 950 homines
1553 924 1701 957 inhonesti,
1717 933 1781 959 per—

987 967 1115 1001 versique
1143 972 1225 1002 atque
1250 967 1336 1002 impii,
1353 973 1406 994 tam
1426 970 1516 1003 (iuoad
1535 969 1595 1003 pios
1608 969 1732 1004 etjnstos
1748 979 1780 997 ac

986 1012 1095 1040 virtutis
1109 1018 1255 1043 amatores.
1271 1022 1352 1048 quam
1368 1014 1459 1048 quoad
1490 1015 1591 1048 impios
1605 1024 1621 1042 c
1640 1016 1781 1053 contrario

986 1063 1013 1085 et
1026 1058 1191 1093 ﬂagitiosus,
1219 1067 1275 1094 quo
1302 1067 1399 1094 nempe
1427 1065 1610 1095 utrorumque
1635 1061 1780 1096 opiniones

986 1110 1154 1140 permutant,
1172 1110 1199 1132 et
1227 1106 1423 1133 convenientes
1451 1108 1630 1142 propriasque
1689 1113 1778 1134 remn-

986 1151 1143 1178 nerationes
1172 1151 1322 1184 invertunt,
1341 1156 1370 1178 ut
1397 1160 1459 1187 qua:
1475 1152 1555 1180 bonis
1583 1161 1614 1180 ac
1634 1153 1718 1187 justis
1733 1153 1781 1180 de-

986 1196 1096 1230 bentur,
1109 1204 1141 1223 ea
1157 1196 1249 1231 impiis
1264 1202 1291 1224 et
1303 1196 1447 1232 ﬂagitiosis
1461 1188 1604 1232 assignth
1617 1207 1624 1230 ;
1638 1203 1665 1225 et
1683 1207 1698 1226 e
1713 1206 1779 1226 con-

987 1241 1072 1268 trario
1086 1249 1147 1276 quae
1162 1242 1222 1269 istis
1243 1242 1411 1276 impendent,
1429 1242 1454 1268 in
1474 1250 1523 1269 eos
1545 1243 1695 1276 reﬂectant,
1707 1244 1777 1270 divi-

986 1295 1028 1313 na:
1046 1287 1161 1314 benitati
1174 1292 1200 1314 et
1217 1287 1294 1322 justo
1314 1288 1420 1322 judicio
1443 1288 1522 1322 plane
1547 1289 1695 1316 adversati.
1711 1289 1777 1316 Nam

986 1333 1058 1360 Deus
1081 1333 1190 1368 quidem
1221 1333 1302 1360 bonis
1318 1333 1404 1360 bonas
1425 1333 1471 1360 dat
1491 1334 1736 1366 renutnerationes,
1752 1338 1779 1361 et

985 1379 1081 1406 eodem
1100 1380 1195 1414 utique
1210 1380 1292 1406 modo
1313 1379 1392 1406 mals
1419 1381 1506 1406 malas
1521 1380 1621 1414 quippe
1636 1380 1683 1414 qui
1699 1380 1778 1407 lance

985 1424 1144 1459 mquissima
1162 1425 1295 1459 ponderat
1310 1429 1337 1451 et
1349 1425 1491 1451 distribuit
1502 1425 1618 1460 singulis
1630 1433 1691 1459 quae
1701 1425 1778 1459 quis-

985 1478 1038 1504 que
1052 1471 1167 1497 meritus
1190 1475 1256 1507 est,
1271 1470 1306 1497 At
1332 1470 1459 1496 humana:
1485 1471 1584 1498 mentis
1612 1470 1746 1505 judicium
1762 1479 1778 1497 e

986 1518 1125 1543 contrario
1138 1517 1217 1543 bonis
1230 1517 1328 1549 malas,
1339 1521 1367 1543 et
1385 1516 1464 1543 malis
1484 1516 1570 1543 bonas
1588 1516 1703 1551 illosque
1717 1525 1777 1552 pte-

984 1563 1025 1590 nis
1055 1563 1250 1597 suppliciisque
1281 1562 1414 1597 subiicit,
1429 1566 1456 1589 et
1480 1563 1563 1589 modo
1587 1563 1662 1589 varia
1679 1563 1777 1590 exsilia

984 1609 1102 1636 tolerare
1113 1608 1203 1643 jubet,
1215 1608 1297 1635 modo
1313 1608 1472 1635 carceribus
1486 1608 1513 1634 in
1528 1608 1690 1635 diuturnum
1708 1613 1777 1635 tetu-

983 1659 1035 1687 pus
1058 1652 1174 1679 includit
1193 1661 1199 1679 :
1217 1652 1353 1679 interdum
1383 1659 1448 1679 vero
1469 1656 1496 1678 et
1512 1651 1583 1678 fame
1602 1657 1629 1678 et
1648 1651 1739 1687 ﬂagris
1751 1656 1778 1679 et

983 1699 1046 1733 igne
1056 1703 1083 1725 et
1098 1698 1171 1725 ferro
1184 1698 1336 1730 excruciat,
1346 1702 1393 1724 aut
1402 1705 1492 1725 escam
1509 1697 1629 1724 destinat
1642 1698 1778 1732 traditque

984 1744 1091 1776 belluis,
1106 1744 1205 1771 indicta
1222 1744 1302 1778 213
1317 1751 1401 1770 causa
1421 1748 1448 1770 et
1471 1744 1573 1771 amenti
1600 1744 1733 1775 consilio;
1750 1748 1778 1769 ai.

984 1791 1034 1817 bos
1050 1790 1172 1825 praemiis
1188 1789 1281 1822 allicit,
1299 1794 1326 1817 et
1340 1789 1457 1822 deliciis,
1476 1789 1610 1824 imperiis,
1630 1790 1716 1824 gloria
1735 1789 1777 1816 di-

983 1841 1092 1872 gnatur.
1628 1859 1636 1871 Ι

1018 1982 1046 2009 Id
1060 1989 1144 2017 porro
1159 1986 1211 2015 est,
1229 1982 1302 2017 quod
1320 1982 1441 2017 perversi
1461 1981 1556 2016 judicii
1576 1981 1688 2016 plenum
1703 1981 1776 2008 vide-

982 2034 1036 2062 tur,
1056 2034 1082 2056 et
1099 2029 1265 2056 dementiam
1284 2029 1388 2056 indicat
1401 2036 1538 2056 summam
1554 2032 1636 2063 atque
1651 2027 1775 2054 omnium

982 2076 1158 2103 damnatione
1173 2074 1374 2109 dignissimam.
1392 2073 1496 2101 Idcirco
1515 2074 1573 2101 ait:
1591 2083 1601 2099 ι
1621 2073 1678 2100 lloe
1693 2073 1774 2101 etiam

981 2121 1089 2148 vanitas
1109 2125 1168 2152 est,
1189 2130 1197 2146 ι
1223 2124 1386 2147 consuetum
1414 2127 1551 2154 usurpans
1575 2119 1677 2146 dictum
1691 2138 1698 2151 ,
1720 2127 1776 2154 quo

981 2167 1048 2194 talia
1074 2165 1250 2205 improbaret.
1267 2164 1384 2200 Jamque
1398 2165 1542 2200 objurgata
1556 2165 1777 2199 reprehensath

947 2206 971 2233 Ῑ)
984 2211 1161 2247 perversione
1176 2210 1312 2245 ejusmodi
1328 2210 1446 2237 absurda
1458 2214 1540 2243 atque
1549 2214 1725 2244 praepostera,
1742 2209 1775 2235 all

983 2266 1076 2286 rerum
1100 2258 1194 2285 itidem
1210 2278 1217 2288 ,
1235 2265 1296 2292 qua:
1320 2256 1347 2283 in
1367 2257 1418 2283 hac
1434 2256 1489 2282 vita
1508 2255 1653 2290 geruntur,
1672 2261 1776 2282 rectam

982 2303 1215 2332 existimationem
1231 2302 1350 2333 devenit,
1369 2309 1424 2336 quo
1441 2301 1510 2328 male
1528 2301 1663 2328 sentiendi
1678 2307 1773 2335 prmo-

982 2357 1036 2385 quc
1059 2349 1157 2385 agendi
1186 2347 1324 2375 licentiam
1356 2346 1457 2381 perosi,
1478 2350 1505 2372 et
1525 2345 1678 2380 potioribus
1691 2345 1774 2372 rebus

982 2395 1095 2427 addicti,
1116 2402 1170 2421 non
1189 2393 1280 2420 minus
1295 2392 1415 2420 debonis
1428 2395 1454 2417 et
1468 2391 1520 2425 piis
1534 2391 1709 2425 honestisque
1723 2391 1773 2418 bo«

984 2442 1115 2474 minibus,
1129 2448 1212 2475 quam
1226 2439 1259 2467 de
1274 2438 1366 2473 impiis
1390 2442 1416 2465 et
1433 2437 1512 2464 malis
1529 2437 1717 2472 improbisque
1729 2445 1775 2464 ve—
1806 2431 1808 2434 ’

983 2495 1028 2514 ras
1042 2478 1194 2515 sententias
1208 2489 1236 2512 et
1251 2489 1339 2512 rectas
1355 2483 1498 2518 opiniones
1511 2484 1582 2510 tueri
1595 2483 1755 2510 Studeamus
1767 2490 1774 2509 ι

983 2537 1013 2560 ut
1028 2532 1146 2567 quisque
1161 2536 1287 2558 nostrum
1305 2529 1398 2557 ﬁdenti
1420 2529 1514 2556 animo
1546 2529 1629 2556 Deum
1653 2528 1775 2556 universi

983 2586 1047 2606 cum
1058 2577 1162 2605 Davide
1177 2577 1310 2612 propheta
1335 2576 1491 2610 alloquatur
1505 2579 1532 2602 et
1542 2575 1615 2602 dicat
1629 2583 1636 2602 :
1655 2583 1663 2600 ι
1685 2574 1775 2602 Parti-

982 2647 1122 2682 quazsierit
1139 2646 1166 2673 in
1184 2645 1322 2681 prresenti.
1338 2645 1364 2682 in
1380 2652 1434 2678 quo
1448 2651 1540 2682 omne,
1558 2642 1629 2682 quod
1645 2642 1775 2682 vivimus,

983 2678 1064 2710 breve
1078 2687 1104 2709 et
1117 2678 1214 2709 umbra
1230 2687 1272 2709 est
1294 2685 1320 2707 et
1339 2680 1430 2716 imago
1444 2678 1500 2716 iln
1518 2679 1632 2716 imagine
1643 2678 1712 2716 enirn
1730 2685 1777 2716 13e-

983 2718 1118 2744 rambulat
1145 2718 1221 2744 homo
1238 2716 1296 2750 (Ps.
1311 2712 1425 2745 χχχι-ὧ,
1444 2713 1491 2748 7).;
1509 2715 1555 2740 sed
1575 2712 1651 2750 quod
1681 2712 1715 2739 de
1734 2713 1775 2739 fu-

981 2758 1045 2780 turo
1063 2753 1168 2783 timeat.
1186 2761 1219 2778 ne
1232 2752 1372 2786 longitudo
1386 2751 1447 2778 vitae
1470 2750 1568 2784 ipsius,
1586 2749 1632 2776 ubi
1656 2755 1719 2775 vera
1735 2752 1777 2775 est

982 2789 1047 2815 vita.
1060 2788 1209 2814 brevietur.
1228 2798 1237 2812 ι

1017 2823 1075 2857 (‘25)
1095 2823 1172 2857 Apud
1199 2822 1270 2848 LXX
1299 2823 1407 2858 leges...
1424 2821 1568 2858 "Oezalci.
1592 2819 1704 2858 δίκαιοι,
1735 2818 1777 2858 ὅτι

985 2854 1082 2893 φθάνει
1108 2854 1156 2894 ἐπ’
1184 2854 1339 2894 αὐτοὺς.,.ῖ
1352 2857 1459 2891 Olymp.
1488 2856 1552 2883 Ὅτι
1586 2855 1684 2894 φθάνει
1707 2854 1777 2890 προς

985 2894 1083 2926 αὐτοὺς
1099 2893 1137 2926 ὡς
1153 2893 1259 2929 ποίημα
1275 2894 1327 2920 τῶν
1345 2894 1467 2920 ἀδίκων..
