2038 3155
306 195 369 226 1131
869 197 899 226 S.
913 197 1100 225 (iliEGUlill
1123 196 1376 227 AlliiliiENTlNI
1861 195 1918 233 im

304 265 391 288 mens,
411 263 471 289 qua:
494 254 655 290 longissime
686 254 837 287 distabant,
861 254 888 281 in
917 254 1092 288 prudentium

1147 254 1194 290 τὴν
1207 254 1287 287 δόξαν
1306 254 1354 281 τοῦ
1368 254 1593 290 προσηλωθέντος
1611 255 1640 281 ἑν
1659 255 1697 290 τῷ
1716 256 1848 292 σταυρικῴ
1860 259 1919 294 ξύλῳ

303 303 459 330 auditorum
483 301 626 329 utilitatem
653 305 735 336 atque
750 300 866 334 salutem
885 299 1089 335 praenuntiavit.

1147 300 1266 335 Χριστοῦ
1281 300 1315 327 δι’
1331 301 1435 335 ἄφατον
1450 301 1524 327 ἔλεον
1542 301 1588 327 καὶ
1604 301 1654 336 τὴν
1677 301 1861 338 ἀπολύτρωσιν
1881 305 1920 331 καὶ

304 350 347 377 Ait
364 348 473 376 deinde:

1147 346 1196 382 τὴν
1224 347 1364 383 σωτηρίαν
1394 346 1442 374 τοῦ
1469 347 1565 381 γένους
1585 347 1641 373 τῶν
1665 347 1827 383 ἀνθρώπων.
1842 349 1920 381 Οὕτως

304 395 398 431 σαφῶς
423 395 494 430 ἄγαν
519 393 553 421 τὰ
577 393 698 428 μυστικὰ
721 393 768 420 καὶ
783 392 925 429 παράδοξα
958 392 1013 419 τῶν
1044 392 1218 427 πραγμάτων
1249 393 1263 419 ό
1287 393 1368 427 σοφὸς
1391 392 1612 428 Ἐκκλησισστής
1631 393 1695 424 ταῖς
1723 393 1922 428 αίσθηταῖςόνσ·

306 443 420 477 μασίαις
435 440 621 475 ἐξεικονίζων,
637 439 779 477 πόρρωθεν
792 439 828 466 τὰ
842 439 973 475 μέλλοντα
990 439 1229 475 προκατήγγειλεν
1260 441 1300 471 είς
1331 439 1469 474 ὠφέλειαν
1500 439 1548 466 καὶ
1573 439 1712 475 σωτηρίαν
1736 439 1791 466 τῶν
1816 441 1922 472 συνετῶς

303 489 467 517 ἀκουόντων.
483 486 551 515 Εἶτά
567 496 634 522 φησι
642 495 648 502 ’

1066 529 1179 566 gxxu.

339 580 422 609 Vsus.
438 580 465 612 4,
479 579 505 607 5.
521 577 571 611 Qui
589 579 707 605 observat
724 582 823 609 ventos,
842 586 893 604 non
916 578 1048 610 seminat;
1068 582 1094 604 et

303 629 346 663 qui
359 626 453 660 aspicit
469 625 560 658 nubes,
578 632 630 650 non
644 627 732 650 metet.
763 623 794 650 In
813 623 908 658 quibus
924 631 976 649 non
991 628 1029 650 est
1048 631 1093 650 co-

303 679 439 708 gnoscens,
453 678 512 706 qua:
542 671 576 696 sit
594 670 636 696 uia
661 669 784 704 spiritus,
803 669 873 695 sicut
899 677 959 696 ossa
982 669 1093 695 inu1ero

304 718 479 754 prmgnautis,
495 717 532 744 sic
554 724 604 742 non
631 723 770 751 cognosces
789 723 868 749 opera
887 714 951 748 Dei,
970 715 1014 749 qui
1031 714 1093 749 {erit

303 766 392 792 omnia
408 764 445 798 (6)
452 783 458 790 .

340 851 388 879 llic
417 857 527 886 quoque
553 857 662 876 rursum
686 849 712 876 in
737 848 842 883 vulgari
867 848 1013 876 verborum
1026 855 1094 875 sono

303 898 436 932 obvioque
448 903 530 924 sensu
549 895 680 922 moralem
694 894 850 922 doctrinam
870 894 1000 929 exprimit
1012 897 1094 928 atque

302 943 423 972 exhibet.
448 940 685 975 Quemadmodum
705 939 778 967 enim
792 939 838 974 qui
848 944 943 967 ventos
957 939 1093 972 observat,

303 990 325 1017 si
337 990 467 1017 adversos
480 987 640 1022 dispexerit,
659 994 748 1013 serere
765 994 819 1014 non
834 986 891 1014 vult
905 1006 913 1019 ,
931 985 972 1013 vel
987 985 1010 1013 si
1024 989 1093 1013 tem-

303 1035 444 1071 pestivitas
467 1038 582 1069 urgeat;
601 1037 628 1060 et
642 1033 686 1068 qui
703 1031 788 1060 nubes
810 1031 943 1067 prospicit
968 1032 1095 1059 assiduas

303 1087 330 1110 et
349 1082 426 1111 vario
441 1085 515 1108 motu
534 1080 650 1108 invicem
675 1079 874 1112 discurrentes,
900 1078 992 1114 segnis
1008 1077 1094 1106 estad

305 1128 473 1162 metendum,
500 1133 562 1154 cum
589 1125 660 1153 haud
682 1125 751 1152 bene
775 1125 865 1158 norit,
883 1131 964 1159 quem
978 1123 1095 1158 denique

303 1173 407 1200 exitum
429 1171 491 1199 caeli
517 1174 666 1204 tempestas
695 1169 731 1197 sit
747 1169 889 1197 habitura:
912 1176 976 1195 nam
992 1168 1043 1195 hoc
1055 1168 1095 1196 si-

304 1218 460 1255 gniﬁcavit,
489 1216 534 1244 illa
560 1215 713 1250 adjiciens:
748 1224 757 1240 ι
776 1215 804 1242 In
837 1214 938 1250 quibus
974 1221 1028 1242 non
1053 1218 1095 1242 est

304 1252 485 1300 cognoscens,
502 1269 563 1298 quat
578 1261 613 1289 sit
625 1261 670 1288 via
684 1260 815 1295 spiritus;
836 1269 845 1285 ›
861 1264 942 1295 atque
955 1259 1094 1287 adeotalia
1111 1252 1131 1280 Β

305 1314 472 1345 spectantes,
488 1311 570 1342 atque
583 1306 693 1334 indiciis
705 1310 731 1333 et
747 1305 833 1340 signis
850 1305 929 1332 tidem
951 1304 1094 1338 habentes,

304 1357 340 1384 ob
356 1363 440 1383 vanas
454 1358 480 1382 et
491 1354 591 1382 stultas
602 1352 821 1385 observationes,
834 1359 924 1386 neque
936 1358 1029 1379 serere
1049 1358 1095 1378 nec

304 1409 357 1437 que
372 1405 472 1428 metere
499 1403 666 1435 potuerunt;
686 1402 713 1426 et
733 1398 784 1426 hoc
795 1397 868 1425 nacti
886 1402 961 1430 sunt,
978 1402 1008 1425 ut
1024 1396 1096 1425 fame

304 1455 336 1475 ac
367 1447 411 1475 siti
438 1446 685 1476 contabescerent;
713 1451 804 1479 neque
830 1444 903 1471 enim
931 1444 1047 1472 sationis
1069 1448 1096 1472 et

305 1494 403 1522 messis
423 1493 662 1529 tempestivitatem
698 1492 837 1527 negligere
862 1491 1020 1522 debebant;
1048 1490 1096 1518 sed

305 1547 354 1574 spe
367 1544 450 1573 atque
472 1538 525 1566 tide
550 1538 578 1565 in
597 1538 654 1565 Deo
668 1537 756 1571 posita
780 1536 903 1563 animum
919 1536 1095 1568 conﬁrmare,

304 1590 386 1619 atque
398 1585 432 1611 ab
449 1591 494 1616 eo,
505 1583 614 1618 rejectis
637 1582 891 1614 observationibus,
914 1581 1029 1609 ﬁdenter
1046 1589 1094 1609 ex-

304 1631 413 1665 quirere
427 1628 508 1664 263
518 1633 546 1656 et
559 1628 673 1656 seminis
683 1635 844 1656 successum
862 1631 890 1655 et
900 1627 998 1655 messis
1014 1628 1096 1654 uber-

305 1679 407 1703 tatem:
422 1673 477 1706 Sic,
505 1673 606 1709 inquit,
622 1681 639 1700 ο
666 1673 802 1706 mortalis,
820 1677 848 1700 tu
873 1680 983 1708 quoque
1007 1672 1097 1700 insitis

304 1719 456 1755 prudentia:
471 1718 597 1747 terminis
617 1718 714 1752 fultus,
738 1722 766 1746 et
787 1717 963 1745 rationalium
979 1717 1096 1745 faculta-

306 1771 374 1799 tum,
402 1773 463 1801 qute
494 1765 543 1793 tibi
566 1772 581 1792 a
604 1764 752 1792 Conditore
769 1764 927 1800 obtigerunt
954 1764 1059 1799 judicio
1069 1769 1097 1792 et

305 1812 473 1848 cognitione,
487 1819 548 1848 quae
570 1811 668 1839 idonea
687 1816 751 1840 sunt
778 1816 805 1840 et
823 1812 899 1839 utilia
912 1816 939 1840 et
952 1811 1095 1846 salutaria,

305 1863 436 1895 reputans
453 1864 535 1894 atque
548 1858 683 1894 cogitans,
706 1866 755 1886 nec
774 1858 808 1886 de
829 1858 918 1886 ventis
945 1858 1096 1894 quidquam

304 1911 352 1934 aut
365 1905 486 1934 nubibus
499 1905 637 1936 laborans,
653 1905 758 1932 varium
783 1904 894 1932 virtutis
923 1911 1017 1932 semen
1035 1913 1096 1940 per-
1110 1923 1132 1953 ο

304 1957 387 1986 petuo
402 1959 494 1980 serere
513 1955 625 1986 paratus
640 1951 694 1982 sis;
711 1958 761 1978 nec
772 1951 863 1979 minus
878 1954 992 1984 metere,
1004 1957 1095 1985 super-

305 2005 355 2025 nas
389 1997 627 2025 remuneratioues
663 1996 840 2031 divinamque
876 1995 1094 2024 benevolentiam

306 2042 354 2070 tibi
385 2042 548 2076 concilians,
572 2042 744 2070 misericordi
764 2049 862 2077 nempe
890 2042 1055 2070 liberalitate
1069 2048 1096 2069 et

304 2088 542 2116 obsecrationibus
571 2087 711 2122 tergisque
744 2087 892 2123 lacrymis,
924 2092 981 2115 tum
1012 2087 1096 2116 rectis

303 2133 414 2169 iudiciis
441 2138 469 2161 et
493 2133 573 2168 longa
595 2133 727 2168 patientia
756 2133 967 2168 patrocinioque
997 2140 1095 2161 eorum

305 2179 364 2214 qui,
381 2183 492 2214 propter
504 2179 719 2207 imbecillitatem
733 2183 816 2214 atque
825 2179 958 2214 inopiam,
971 2179 1096 2207 subsidio

304 2229 332 2252 et
348 2225 431 2252 tutela
445 2228 525 2260 egent
541 2225 742 2260 potentiorum:
761 2225 854 2258 itaque
874 2224 993 2260 optimas
1012 2233 1096 2260 quas-

305 2277 358 2305 que
382 2270 497 2299 virtutes
525 2271 573 2298 tibi
601 2278 740 2305 compara.
767 2268 857 2298 liabes
882 2270 955 2298 enim
973 2270 1016 2298 vel
1037 2271 1096 2299 sine

305 2316 476 2352 spiritalibus
495 2316 585 2344 ventis
602 2324 634 2344 ac
654 2316 785 2349 nubibus,
807 2317 918 2351 scriptis
934 2316 1041 2345 scilicet
1054 2317 1095 2345 le-

304 2362 385 2398 gibus
408 2366 436 2393 et
448 2362 569 2390 oraculis
581 2367 608 2390 et
622 2362 803 2396 documentis,
823 2362 975 2390 naturalem
996 2366 1094 2398 poten-

304 2409 370 2436 tiam
397 2408 507 2444 vimque
538 2409 572 2437 ad
598 2409 674 2437 utilia
705 2417 720 2436 a
736 2410 826 2438 noxiis
851 2409 1041 2438 discernenda.
1063 2408 1095 2436 Et

304 2458 423 2490 oportet,
437 2455 506 2482 nihil
529 2459 559 2482 ut
580 2462 676 2483 eorum
694 2463 755 2490 quae
779 2456 853 2483 circa
880 2460 906 2484 te
925 2461 1000 2489 Sunt,
1010 2456 1096 2492 negli-

303 2508 380 2536 gens,
394 2501 453 2528 sine
468 2500 558 2529 fructu
581 2509 721 2536 nunquam
747 2508 881 2535 maneas;
903 2502 949 2529 sed
967 2502 1095 2529 utbonus

304 2547 408 2582 palmes
423 2554 455 2574 ac
471 2546 560 2580 ferax,
578 2552 662 2582 atquc
673 2551 703 2574 ut
718 2547 828 2583 pinguis
843 2552 916 2575 terra
935 2555 967 2575 ac
980 2547 1094 2583 frugife-

1187 575 1287 609 γηρῶν
1315 575 1456 610 ἀνέμους,
1479 577 1516 603 οὐ
1545 576 1681 610 σπεῷει·
1698 576 1747 604 καὶ
1769 577 1886 610 βλέπων
1896 579 1923 606 ὲν

1147 621 1212 654 ταῖς
1241 621 1395 656 νεφέλαις,
1413 622 1450 649 οὐ
1478 623 1600 656 θερίσει.
1625 623 1674 649 Ἐν
1688 620 1734 655 οἶς
1746 624 1801 650 οὐκ
1815 624 1875 651 ἐστι
1889 635 1923 660 τι-

1147 667 1273 694 νώσκων
1289 668 1334 700 τίς
1348 668 1366 701 ἡ
1386 667 1457 700 ὁδὸς
1474 667 1528 695 τοῦ
1550 669 1721 703 πνεύματος
1732 688 1740 701 ,
1751 669 1792 702 ὡς
1811 670 1880 698 ὀστᾶ
1895 671 1924 697 ἐν

1147 711 1256 746 γαστρί
1291 711 1347 746 τῆς
1383 714 1618 747 κυοφορούσης,
1645 713 1741 747 οὕτως
1767 716 1803 742 οὐ
1836 716 1923 751 γνώσῃ

1147 758 1184 785 τὰ
1211 757 1364 793 ποιήματα
1392 759 1446 786 τοῦ
1469 759 1560 793 Θεοῦ,
1588 759 1623 792 ὃς
1649 760 1776 794 ἐποίησε
1799 761 1836 788 τὰ
1860 763 1925 796 σύμ-

1147 809 1257 829 narra.

1184 849 1239 875 Καὶ
1256 848 1303 875 νῦν
1319 848 1398 880 αὖθις
1412 849 1442 876 ὲν
1456 849 1496 885 τῷ
1507 850 1656 886 γράμματι
1668 851 1717 878 καὶ
1739 851 1779 887 τῷ
1801 853 1924 888 προχείρῳ

1147 893 1263 928 νοήματι
1277 893 1327 929 τὴν
1347 895 1484 930 τροπικὴν
1511 895 1660 923 αἰνίττεται
1683 897 1733 924 καὶ
1752 898 1924 933 παρεμφαίνει

1147 939 1334 968 διδασκαλίαν.
1351 941 1459 977 ’Ὥσπερ
1481 941 1537 978 γὰρ
1551 943 1565 970 ό
1579 943 1630 977 τὴν
1650 943 1704 971 τῶν
1723 943 1832 980 ἀνέμων
1847 954 1925 981 παραυ

1147 986 1266 1021 τήρησιν
1284 985 1355 1022 ἔχων
1367 1006 1375 1019 ,
1403 988 1597 1023 ἐναντιότητας
1611 989 1737 1024 καθορῶν
1749 1009 1757 1022 ,
1771 991 1801 1016 οὐ
1814 989 1925 1025 βούλεται

1149 1032 1284 1067 σπείρειν,
1305 1032 1428 1068 καίτοιγε
1447 1033 1494 1060 τοῦ
1521 1034 1619 1070 καιροῦ
1641 1036 1869 1070 κατεπείγοντος·
1886 1037 1925 1063 καὶ

1147 1076 1198 1108 τὰς
1213 1078 1328 1111 νεφέλας
1343 1078 1371 1105 δὲ
1384 1079 1567 1114 προσϐλέπων
1584 1082 1709 1116 συνεχεῖς
1731 1082 1826 1114 οὔσας,
1837 1083 1879 1109 καὶ
1891 1091 1925 1109 χι-

1150 1122 1245 1157 νήσεις
1263 1122 1485 1159 ἁλλεπαλλήλους
1504 1126 1706 1161 πεποιημένας,
1719 1127 1872 1163 ἀπρόθυμος
1888 1127 1924 1161 γί-

1149 1176 1222 1194 νεται
1240 1168 1287 1194 τοῦ
1303 1168 1432 1204 θερίζειν,
1459 1169 1581 1206 καίτοιγε
1606 1171 1644 1207 μὴ
1666 1171 1811 1206 γινώσκων
1833 1173 1924 1207 σαφῶς,

1149 1212 1228 1238 ποίαν
1241 1213 1255 1239 ό
1273 1213 1343 1248 ἀνὴρ
1354 1213 1402 1240 τοῦ
1417 1214 1483 1241 ἰδίου
1497 1215 1710 1250 καταστήματος
1729 1216 1786 1250 ἕξει
1798 1216 1844 1251 τὴν
1856 1216 1923 1243 ἔκϐα-

1146 1265 1204 1284 σιν’
1221 1257 1302 1286 τοῦτο
1319 1258 1374 1295 γὰρ
1389 1260 1528 1295 ἐσήμανεν
1551 1260 1648 1294 είπὼν,
1665 1270 1676 1287 ι
1701 1261 1747 1295 Ἑν
1771 1260 1811 1294 οἷς
1823 1262 1868 1288 οὐκ
1877 1262 1923 1288 ἔστι

1146 1303 1299 1337 γινώσκων,
1317 1304 1360 1336 τίς
1374 1305 1390 1340 ὴ
1406 1305 1466 1337 ὁδὸς
1478 1305 1525 1333 τοῦ
1539 1306 1708 1342 πνεύματος.
1729 1316 1739 1333 ›
1759 1307 1790 1334 Oi
1804 1307 1832 1334 δὲ
1850 1307 1923 1334 ταῦτα

1147 1349 1383 1386 παρατηροῦντες,
1408 1351 1455 1378 καὶ
1473 1351 1598 1387 σημείοις
1623 1353 1670 1379 καὶ
1691 1353 1836 1387 συμϐόλοις
1851 1361 1923 1387 προς·

1146 1397 1264 1433 έχοντες,
1281 1397 1344 1424 οὔτε
1357 1397 1482 1435 σπείρειν
1494 1397 1556 1425 οὔτε
1573 1398 1693 1434 θερίζειν
1706 1399 1876 1435 ἠδυνήθησαν
1887 1398 1923 1425 διὰ

1146 1443 1196 1479 τὴν
1211 1443 1331 1479 ματαίαν
1343 1443 1391 1470 καὶ
1404 1443 1563 1479 παράλογον
1582 1444 1779 1480 παρατήρησιν
1788 1453 1795 1461 ·
1809 1445 1853 1471 καὶ
1866 1444 1924 1471 κατὰ

1145 1490 1176 1516 τὺ
1190 1491 1338 1518 ἀκόλουθον
1351 1490 1424 1526 λιμῷ
1450 1491 1498 1518 καὶ
1526 1490 1590 1526 δίψῃ
1618 1491 1714 1523 κακῶς
1738 1491 1922 1526 διεφθάρησαν.

1148 1536 1222 1564 Ἔδει
1248 1537 1302 1573 γὰρ
1319 1537 1420 1573 ἥκιστα
1443 1537 1573 1573 παριδεῖν
1599 1537 1647 1564 τὸν
1658 1537 1706 1564 τοῦ
1724 1538 1827 1574 σπόρου
1840 1538 1923 1573 natpr

1147 1583 1194 1610 καὶ
1208 1583 1255 1611 τοῦ
1271 1583 1379 1620 θέρους,
1402 1583 1450 1611 ἅτε
1465 1584 1496 1619 δὴ
1507 1582 1540 1620 τῇ
1559 1584 1628 1620 πρὸς
1648 1584 1715 1611 Θεὸν
1731 1585 1821 1611 ὲλπίδι
1833 1585 1875 1611 καὶ
1888 1584 1923 1610 πί-

1147 1638 1205 1656 στει
1223 1629 1472 1666 κεκραταιωμένην
1488 1630 1602 1665 ἔχοντας
1614 1630 1663 1666 τὴν
1674 1630 1802 1666 καρδίαν,
1813 1631 1855 1658 καὶ
1867 1630 1922 1664 παρ’

1146 1674 1230 1702 αὐτοῦ
1255 1675 1405 1711 ζητοῦντας
1431 1676 1460 1703 ὲν
1483 1676 1696 1712 ἁπαρατηρήτῳ
1717 1676 1874 1713 προαιρέσει
1887 1684 1924 1702 τε-

1147 1719 1327 1756 θαρῤηκότως
1351 1720 1397 1748 τοῦ
1425 1721 1525 1757 σπόρου
1547 1721 1597 1757 τὴν
1621 1721 1809 1749 κατευόδωσιν
1828 1721 1870 1748 καὶ
1883 1721 1924 1754 τὴν

1146 1766 1193 1793 τοῦ
1208 1766 1304 1802 θέρους
1322 1766 1469 1799 ὲπίτευξιν.
1488 1766 1594 1800 Οὕτως,
1609 1767 1752 1803 ἄνθρωπε,
1772 1768 1818 1795 καὶ
1834 1768 1862 1794 σὺ
1877 1767 1923 1798 τοῖς

1146 1811 1280 1848 ὲμφύτοις
1295 1812 1347 1848 τῆς
1374 1813 1533 1848 φρονήσεως
1554 1812 1629 1847 ὅροις
1653 1812 1923 1849 ἐπερειδόμενος,καὶ

1146 1858 1206 1889 ταῖς
1221 1858 1406 1894 διακριτικαίς
1422 1859 1591 1894 ἐπιστήμαις
1607 1857 1662 1885 τῶν
1687 1858 1922 1895 ἀποκληρωθεισῶν

1149 1912 1189 1930 σοι
1202 1904 1347 1939 δυνάμεων
1360 1904 1478 1939 λογικῶν
1496 1905 1571 1940 παρὰ
1582 1905 1630 1931 τοῦ
1645 1906 1811 1940 ποιήσαντος
1824 1905 1855 1931 τὰ
1869 1912 1923 1931 κατ-

1148 1950 1252 1985 άλληλα
1281 1951 1328 1977 καὶ
1349 1951 1524 1986 συμφέροντα
1545 1950 1594 1977 καὶ
1606 1951 1729 1978 σωστικὰ
1751 1950 1922 1985 διανοούμενος

1147 1995 1195 2023 καὶ
1214 1996 1332 2032 φρονῶν,
1346 1996 1394 2023 καὶ
1409 1996 1462 2023 τῶν
1474 1996 1584 2032 ἀνέμων
1596 1997 1644 2023 καὶ
1657 1997 1713 2023 τῶν
1731 1997 1849 2032 νεφελῶν
1858 1996 1921 2029 ἄτερ.

1147 2041 1272 2076 σπείρειν
1286 2041 1329 2068 ἀεὶ
1354 2042 1548 2077 προθυμήθητι
1573 2042 1620 2068 τὸν
1633 2042 1758 2069 ποικίλον
1774 2042 1870 2076 σπόρον
1882 2039 1923 2074 τῆς

1147 2087 1247 2122 ἀρετῆς
1259 2096 1266 2103 ⁸
1285 2087 1416 2120 ὡσαύτως
1430 2087 1458 2114 δὲ
1474 2087 1521 2114 καὶ
1539 2087 1659 2124 θερίζειν
1668 2108 1677 2120 ,
1689 2088 1743 2124 τὴν
1755 2087 1854 2115 ἄνωθεν
1867 2087 1923 2112 ἀπο-

1146 2133 1227 2169 δοχὴν
1245 2134 1292 2161 καὶ
1310 2133 1386 2160 θείαν
1401 2133 1546 2168 εὐμένειαν
1563 2134 1759 2169 ἐφελκόμενος,
1779 2135 1809 2160 έν
1825 2133 1922 2167 ἐλεημο-

1147 2179 1242 2211 σύναις
1256 2179 1378 2214 δηλονότι
1389 2179 1436 2206 καὶ
1449 2181 1618 2215 προσευχαῖς
1629 2180 1677 2206 καὶ
1687 2179 1804 2215 δάκρυσι
1815 2178 1922 2214 δαψιλέσι

1147 2227 1194 2254 καὶ
1220 2226 1434 2262 δικαιοκρισίαις
1463 2227 1510 2254 καὶ
1529 2227 1735 2262 μακροθυμίαις
1759 2227 1805 2254 καὶ
1820 2233 1923 2262 προστα-

1147 2272 1219 2304 σίαις
1237 2273 1296 2304 ταῖς
1314 2272 1383 2307 πρὸς
1407 2273 1472 2304 τοὺς
1489 2272 1638 2304 ἀδυνάτους
1661 2273 1710 2299 καὶ
1734 2273 1871 2309 δεομένους
1883 2271 1923 2306 τῆς

1146 2316 1343 2353 άντιληπτικῆς
1357 2317 1545 2353 χειραγωγίας
1560 2317 1614 2345 τῶν
1630 2318 1809 2354 ὑπερτέρων·
1827 2318 1869 2345 καὶ
1883 2324 1923 2342 πο-

1149 2363 1224 2398 ρίζου
1242 2363 1292 2395 τὰς
1319 2358 1470 2399 κρατίστας
1486 2363 1542 2390 τῶν
1565 2363 1683 2400 ἀρετῶν.
1696 2364 1793 2400 Ἔχεις
1819 2363 1871 2398 γὰρ
1885 2361 1923 2389 καὶ

1146 2408 1231 2443 χωρὶς
1246 2407 1301 2435 τῶν
1314 2409 1418 2444 νοητῶν
1440 2408 1549 2445 ἀνέμων
1566 2409 1614 2436 καὶ
1633 2410 1766 2444 νεφελῶν,
1784 2411 1863 2446 ἤγουν
1879 2408 1922 2434 τῶν

1146 2453 1278 2489 γραπτῶν
1294 2454 1384 2489 νόμων
1400 2455 1449 2481 καὶ
1471 2454 1666 2490 θεσπισμάτων
1685 2456 1734 2482 καὶ
1757 2454 1922 2490 διδαγμάτων.

1147 2500 1266 2534 φυσικὰς
1281 2501 1414 2537 δυνάμεις
1437 2501 1485 2528 καὶ
1512 2501 1666 2537 διακρίσεις
1686 2501 1735 2529 τοῦ
1755 2501 1923 2537 συμφέροπος

1146 2546 1194 2573 καὶ
1207 2546 1254 2573 τοῦ
1270 2547 1444 2582 βλάπτοντος.
1465 2547 1522 2574 Καὶ
1535 2547 1576 2574 δεῖ
1590 2556 1620 2574 σε
1635 2548 1771 2584 μηδαμῶς
1789 2547 1923 2584 ἀμελοῦντι

303 2600 344 2625 ra,
358 2599 392 2619 ex
407 2591 466 2627 ipsa
487 2591 568 2619 domo
588 2597 633 2619 tua
660 2596 742 2627 atque
756 2600 771 2619 a
788 2593 931 2627 temetipso
949 2593 1036 2620 multa
1051 2599 1094 2620 re-

1147 2592 1203 2619 τῶν
1219 2593 1363 2629 προσεχῶν
1376 2602 1406 2620 τε
1419 2594 1466 2621 καὶ
1486 2594 1621 2629 σύνεγγυς
1634 2595 1761 2630 ἄκαρπον
1782 2593 1907 2629 διαμένειν
1917 2598 1923 2606 ·

304 2637 413 2670 fundas,
442 2642 470 2665 et
493 2644 620 2665 racemos
641 2637 712 2665 teras
741 2642 865 2665 maturos
879 2638 1012 2673 nullaque
1026 2638 1097 2666 alio-

305 2692 366 2711 rum
385 2691 469 2719 opera
496 2683 616 2719 indigos,
631 2689 661 2710 ut
689 2683 783 2718 justus
805 2683 925 2716 Abel,ut
949 2683 1034 2718 Enos,
1066 2688 1097 2711 ut

305 2729 409 2762 Enoch,
437 2734 468 2757 ut
486 2727 555 2762 Noe,
570 2733 602 2757 ut
628 2729 725 2756 beatus
752 2733 781 2756 et
813 2729 920 2764 patiens
946 2728 1043 2762 Jobus,
1066 2734 1097 2757 ut

305 2780 417 2803 sanctus
431 2775 579 2803 Abraham.
592 2773 651 2803 Nisi
662 2773 736 2802 enim
758 2779 856 2809 sponte
873 2779 955 2810 atque
970 2783 985 2802 a
998 2779 1023 2802 te
1034 2775 1095 2810 ipso

305 2822 434 2850 incitatus
445 2821 479 2850 ad
495 2826 569 2850 recte
581 2820 663 2853 facta,
684 2820 801 2849 fructum
818 2825 844 2848 te
869 2821 994 2848 attulisse
1005 2825 1096 2848 osten-

1148 2637 1206 2664 ἀλλ’
1218 2637 1257 2669 ὡς
1273 2638 1378 2673 ἀγαθὸν
1389 2639 1483 2674 κλῆμα
1497 2640 1544 2666 καὶ
1560 2639 1724 2675 πολυφόρον,
1747 2639 1794 2666 καὶ
1814 2638 1848 2673 γῆ
1867 2637 1924 2663 πίων

1148 2682 1196 2710 καὶ
1209 2683 1396 2719 καρποφόρος,
1412 2683 1520 2711 οῐκοθεν
1539 2684 1589 2712 καὶ
1610 2684 1676 2719 παρ’
1692 2684 1783 2719 ἑαυτῷ
1805 2682 1923 2717 πολύχουν

1148 2728 1335 2764 εὑρίσκεσθαι,
1350 2729 1398 2756 καὶ
1409 2729 1525 2766 βότρυας
1550 2731 1697 2766 βαστάζειν
1715 2730 1868 2765 πεπείρους,
1881 2727 1921 2754 καὶ

1149 2775 1284 2810 μηδαμῶς
1298 2775 1348 2810 τῆς
1370 2777 1435 2812 παρ’
1451 2777 1553 2812 ἑτέρων
1577 2777 1740 2813 καλιεργίας
1755 2775 1920 2811 ἠξιωμένους,

1151 2819 1189 2851 ὡς
1202 2821 1215 2846 ὁ
1230 2820 1336 2852 δίκαιος
1352 2821 1449 2855 Ἀσελ,
1467 2822 1505 2854 ὼς
1518 2823 1533 2849 ό
1552 2821 1646 2855 Ἑνὼς,
1665 2822 1703 2854 ὡς
1725 2823 1741 2848 ό
1758 2820 1853 2856 Ἑνὼχ,
1871 2818 1926 2850 ὡςό

342 2907 379 2944 (6)
394 2908 427 2936 At
444 2908 513 2935 LXX
534 2908 644 2943 habent,
673 2907 770 2944 Τηρῶν
797 2908 943 2942 ἄνεμον....
958 2908 1007 2934 ὅσα
1035 2908 1096 2943 ποιή

1155 2908 1188 2935 τὰ
1206 2908 1363 2944 σύμπαντα.
