2038 3155
141 168 207 202 1141

685 174 727 205 ΙΝ
745 174 1037 207 ECCLESIASTEN.
1051 190 1086 194 —-
1103 178 1177 208 LlB.
1195 179 1232 208 Χ.

1704 175 1772 207 ΙΗΞ

137 235 185 254 του
196 247 203 260 ,
225 226 295 254 ἴδετε
311 226 370 262 φῶς
391 227 463 265 μέγα
475 246 482 260 .
497 227 544 256 καὶ
557 228 614 263 φῶς
629 227 734 265 λάμψει
748 231 791 266 ἐφ’
809 231 894 266 ὑμᾶς.
918 241 928 258 ι

999 238 1087 266 erunt,
1119 235 1292 262 tenebrarum
1317 234 1376 262 dies
1406 233 1555 262 nominavit
1576 242 1582 260 :
1601 240 1682 269 quos,
1706 233 1773 261 inito

137 273 195 305 Τὰς
211 272 339 306 τοιαύτας
360 274 450 301 τοίνυν
473 275 579 311 ἡμέρας
593 275 643 309 τὰς
656 276 710 314 πρὸ
724 277 775 312 τῆς
796 278 932 313 ἀνατολῆς

138 318 185 345 τοῦ
195 319 243 354 τῆς
253 318 429 355 δικαιοσύνης
437 320 540 354 Ἠλίου,
549 320 663 352 σκότους
671 321 780 358 ἡμέρας
791 321 931 357 ὠνόμασε.

138 365 239 392 Πολλαὶ
260 365 315 401 γὰρ
336 365 537 402 ἀριθμούμεναι
550 366 694 402 προδήλως
717 367 926 404 εὐρεθήσονταυ

138 411 201 438 καθ’
227 411 260 443 ἃς
281 411 310 439 έν
325 411 473 447 τῷσκότει
496 412 546 447 τῆς
572 412 794 450 είδωλολατρείας
817 415 864 441 καὶ
884 415 933 447 τῆς

139 456 236 488 ἀθεῖας
254 457 362 493 ὑπῆρχε
379 457 435 484 τῶν
459 457 614 494 ἀνθρώπων
629 459 659 486 τὸ
673 460 753 493 γένος
765 479 773 492 ,
800 456 838 487 ὧν
864 460 934 495 μετὰ

139 502 189 538 τὴν
226 503 394 538 πρόσϐλεψιν
426 503 474 530 τοῦ
513 504 643 540 ἀληθινοῦ
679 504 727 531 καὶ
762 505 933 539 γλυκυτάτου

141 549 231 583 φωτδς
249 549 436 585 μνησθήσεται
451 550 561 581 πάντως
581 551 595 577 ὁ
617 551 778 587 ἄνθρωπος,
799 551 846 578 καί
867 560 934 587 φησι

142 595 338 629 προσηκόντως
357 615 364 628 ,
397 596 461 628 Πῶς
494 597 523 623 ἐν
559 597 650 624 σκότει
679 598 849 634 πορευομένη
880 599 934 625 τῶν

142 639 295 675 ἀνθρώπων
318 642 335 677 ἡ
361 641 461 675 φύσις,
485 643 546 674 ταῖς
570 643 717 679 προτέραις
739 645 859 680 ἡμέραις
884 645 936 671 οὐκ

91 700 94 703 -
144 684 281 718 ἐγίνωσκε
309 686 355 712 τὸν
382 687 449 713 ἴδιον
468 687 593 723 Ποιητὴν
606 688 653 715 καὶ
669 689 808 724 Δεσπότην
822 690 935 724 καὶΔη-

147 729 278 764 μιουργὸν
292 730 340 756 τοῦ
357 731 456 765 φωτὸς,
477 731 535 758 ἀλλ’
554 731 685 768 ἐλάτρευε
707 735 739 769 τῇ
756 734 844 761 κτίσει
858 734 936 770 παρὰ

143 773 191 800 τὸν
207 775 358 808 κτίσαντα,
376 777 424 803 καὶ
438 778 470 812 τῇ
483 776 639 812 αὐθαιρέτῳ
651 778 699 812 τῆς
709 778 830 811 διανοίας
839 779 937 813 τυφλό-

144 828 206 855 τητι
220 821 415 855 διαγινώσκειν
430 824 477 850 καὶ
490 825 654 859 προσκυνεῖν
674 824 813 859 ἀναλόγως
840 825 873 852 ἐκ
889 824 936 852 τοῦ
956 838 960 839 ν

147 867 281 901 μεγέθους
293 868 399 904 καὶτῆς
410 869 544 905 καλλονῆς
557 870 612 898 τῶν
629 870 788 908 κτισμάτων
801 871 855 898 τῶν
867 870 936 898 πάν-

146 919 200 939 των
218 913 426 951 Ἀριστοτέχνην
436 916 612 951 καίΚτίο-την
620 917 671 943 οὐκ
683 916 861 952 ἠϐουλήθητδ
873 917 935 945 σύν-

145 957 206 985 ολον
220 967 227 992 ;
240 959 271 986 τὸ
287 960 353 986 αὐτὸ
365 961 393 987 δὲ
410 961 489 988 τοῦτο
507 961 554 988 καὶ
573 962 656 988 Δαϐὶδ
678 963 691 989 6
717 962 861 998 προφήτης
888 971 937 998 ση-

983 288 1109 314 numero,
1124 281 1217 316 plures
1239 280 1334 313 fuisse,
1356 284 1448 316 aperte
1462 280 1611 313 constabit;
1634 287 1690 314 quo
1705 283 1771 306 tem-

983 333 1049 362 pore
1062 326 1204 354 hominum
1218 333 1306 361 genus
1329 326 1357 353 in
1375 325 1536 353 idololatriae
1549 324 1666 360 caligine
1682 328 1708 351 et
1726 323 1771 350 Dei

983 371 1157 407 ignoratione
1183 372 1344 400 versabatur
1370 380 1377 398 :
1403 379 1521 407 quorum
1546 371 1651 399 dierum
1678 370 1772 401 homo,

983 420 1128 452 postquam
1146 424 1242 444 verum
1270 424 1303 444 ac
1324 417 1522 445 suavissimum
1541 417 1631 443 lumen
1653 415 1771 450 aspexit.

985 462 1099 490 omnino
1120 462 1320 495 recordabitur,
1341 466 1373 490 ut
1392 462 1492 489 merito
1507 461 1580 489 dicat
1597 470 1604 488 :
1628 459 1773 493 Quomodo

985 507 1136 534 humanum
1150 515 1235 542 genus
1246 507 1274 535 in
1286 507 1407 535 tenebris
1417 506 1571 538 ambulans,
1585 505 1773 540 superioribus

985 553 1082 581 diebus
1098 558 1237 581 auctorem
1250 561 1282 581 ac
1296 553 1441 580 Dominum
1457 560 1537 580 suum
1554 556 1580 579 et
1591 551 1660 579 lucis
1673 551 1776 578 Condi-

987 603 1073 626 torem
1084 606 1141 626 non
1152 598 1333 634 agnoscebat?
1345 598 1392 626 sed
1402 605 1451 632 pro
1464 597 1611 624 Conditore
1625 596 1707 631 269
1718 603 1774 623 rem

987 644 1126 672 conditam
1138 644 1330 676 venerabatur,
1341 648 1368 670 et
1383 642 1536 670 voluntaria
1546 641 1645 669 mentis
1656 642 1776 668 caecitate

988 696 1021 716 ex
1038 696 1130 716 rerum
1154 688 1341 724 magnitudine
1355 691 1436 722 atque
1461 687 1562 722 specie,
1588 691 1618 713 ut
1634 693 1683 721 par
1705 691 1776 718 erat.

989 735 1122 770 optimum
1140 734 1262 761 omnium
1277 733 1416 760 Artiﬁcem
1433 738 1459 761 et
1477 732 1655 760 Conditorem
1676 739 1778 767 cogno~

989 786 1065 808 scere
1077 783 1159 814 atque
1171 779 1287 806 adorare
1297 777 1410 805 omnino
1423 777 1531 804 noluit?
1542 777 1570 804 ld
1585 781 1676 804 autem
1689 777 1777 811 ipsum

989 829 1017 852 et
1033 824 1117 852 David
1137 824 1269 859 propheta
1285 822 1444 859 signiﬁcans
1463 822 1521 850 ait:
1540 831 1550 848 ι
1567 821 1626 850 Non
1644 829 1778 857 cognove-

990 875 1055 898 runt
1069 878 1157 905 neque
1181 870 1373 897 intellexerunt
1391 869 1496 903 “,tsed
1524 869 1550 895 in
1576 869 1696 897 tenebris
1717 876 1780 904 per-

990 920 1119 943 rexerunt
1132 916 1231 944 diaboli
1249 916 1343 944 fraude
1358 916 1474 952 decepti.
1502 915 1584 944 Addit
1607 916 1705 944 deinde
1728 916 1780 943 Ee—

991 962 1130 990 clesiastes
1148 971 1154 989 :

147 1006 255 1040 μαίνων
271 1007 364 1041 φησὶν,
387 1016 397 1033 t
417 1008 475 1035 Οὐκ
490 1009 612 1042 ἔγνωσαν
620 1008 680 1035 οὐδὲ
694 1008 812 1043 συνῆκαν
829 1016 836 1023 ·
855 1017 864 1034 ι
883 1008 942 1036 ἀλλ’
962 1009 991 1035 ἐν
1012 1008 1103 1036 σκότει
1118 1008 1340 1044 τῆςιδιαϐολικῆς
1350 1010 1541 1046 ἐπορεύθησαν
1549 1010 1699 1044 ἐξαπάτης.
1714 1008 1782 1036 Εἶτά.

147 1059 231 1086 φησιν
245 1052 259 1078 6
279 1052 496 1089 Ἐκκλησιαστής
508 1062 516 1070 ⁸

939 1100 1014 1136 gm.

184 1144 250 1173 Πᾶν
260 1145 292 1172 τὸ
302 1145 468 1181 ἐρχόμενον
484 1149 658 1182 ματαιότης.

188 1199 199 1216 ι
217 1191 275 1218 Πᾶν
295 1191 327 1218 τὸ
356 1192 504 1227 ἐρχόμενον
517 1201 524 1207 ·
544 1203 552 1218 ι
573 1194 667 1226 ποῖον;
683 1193 745 1222 οὐδὲ
769 1193 824 1229 γὰρ
837 1193 943 1229 ἀπροσ-

149 1235 295 1272 ὀιορίστως
309 1236 371 1263 οὐδὲ
384 1237 502 1272 πάμπαν
529 1238 694 1270 ἀδιαστόλως
716 1238 876 1274 ἐκδέχεσθαι
891 1239 944 1274 χρὴ

150 1280 182 1308 τὸ
195 1281 370 1316 λελεγμένον.
387 1281 425 1309 Ἦ
439 1284 494 1319 γὰρ
509 1284 542 1311 ἂν
555 1284 698 1320 εὑρίσκετο
724 1284 824 1318 μᾶλλον
838 1286 852 1311 6
866 1284 945 1312 τοῦτο

153 1327 247 1362 φήσας
261 1329 453 1364 ματαιολόγος,
471 1330 509 1362 ὡς
525 1330 560 1357 τὰ
575 1331 798 1358 συνεκτικώτατα
817 1331 864 1358 καὶ
878 1331 946 1366 κράα-

153 1380 235 1399 τιστα
259 1373 313 1400 τῶν
339 1374 452 1408 ἀγαθῶν
477 1376 648 1411 ματαιότητα
670 1377 824 1411 κεκληκώς.
846 1376 874 1403 '0
892 1377 946 1412 γὰρ

154 1420 205 1453 τῆς
218 1419 298 1455 δόξης
314 1421 421 1454 Ἥλιος,
435 1422 496 1457 ἦτοι
508 1422 539 1448 τδ
552 1423 624 1457 μέγα
653 1422 700 1449 καὶ
724 1422 852 1457 ἀληθινὸν
877 1423 945 1457 φῶς,

156 1466 222 1502 περὶ
239 1463 270 1493 οὗ
286 1468 429 1503 epos-exii;
453 1466 523 1500 εἷπε,
542 1478 550 1494 ι
569 1468 659 1495 Γλυκὺ
685 1469 715 1499 τὸ
732 1469 801 1503 φῶς,
819 1469 866 1496 καὶ
878 1470 948 1503 ἀγα-

156 1511 204 1538 θὸν
216 1513 272 1544 τοῖς
283 1512 435 1548 ὀφθαλμοῖς
450 1514 481 1540 τδ
503 1514 612 1549 βλέπειν
634 1514 680 1541 τὸν
693 1514 779 1550 ἥλιον,
800 1524 808 1540 ι
826 1514 872 1541 ἐπὶ
888 1523 950 1541 συν-

157 1558 250 1594 τελείᾳ
264 1558 319 1585 τῶν
346 1559 454 1586 αἰώνων
477 1560 622 1592 ἀνατείλας
653 1561 888 1596 σεσωματωμένος
904 1561 950 1587 ἐπὶ

156 1604 207 1638 τῆς
226 1603 290 1638 γῆς,
306 1604 356 1639 οὐχ
373 1604 416 1631 ἵνα
433 1605 513 1641 κρίνῃ
528 1605 573 1631 τὸν
592 1605 705 1641 κόσμον,
721 1605 779 1632 ἀλλ’
801 1606 844 1632 ἵνα
865 1605 950 1642 σώσῃ.

159 1649 242 1676 πάλιν
259 1649 399 1677 ἐλεύσεται
413 1651 480 1686 πρὸς
497 1652 527 1678 τὸ
540 1652 641 1688 κρῖναι.
656 1652 709 1678 Καὶ
729 1651 784 1687 γὰρ
805 1651 909 1686 ἔφασαν
926 1652 950 1679 οξ

157 1695 280 1730 οὐράνιοι
295 1696 408 1731 ἄγγελοι
435 1697 505 1732 πρὸς
516 1697 580 1728 τοὺς
592 1697 718 1732 μαθητὰς
734 1696 817 1724 αὑτοῦ
828 1698 874 1724 καὶ
883 1698 950 1724 ἀπο⁸

161 1741 284 1775 στόλους,
305 1751 314 1768 t
333 1742 449 1777 ιἌνδρες
476 1742 624 1774 Γαλιλαῖοι,
637 1742 664 1769 τί
687 1743 821 1778 ἑστήκατε
850 1743 951 1777 έμῆλέ-

160 1795 258 1819 ποντες
287 1789 328 1820 είς
344 1788 391 1815 τὸν
422 1788 537 1824 οὐρανόν
551 1797 559 1822 ;
573 1785 656 1820 Οὗτος
672 1789 686 1815 6
706 1789 810 1823 Ἰησοῦς
823 1789 837 1815 6
851 1788 952 1824 ἀναλη-

161 1833 242 1867 φθεὶς
272 1835 319 1869 ἀφ’
332 1835 409 1870 ὑμῶν
443 1835 483 1866 εἰς
492 1835 537 1862 τον
554 1834 678 1870 οὐρανὸν,
697 1834 783 1866 οὕτως
801 1835 951 1866 ἐλεύσεται,

160 1880 190 1908 ὃν
203 1881 305 1916 τρόπον
320 1881 469 1908 ἐθεάσασθε
488 1882 569 1909 αὐτὸν
593 1882 777 1919 πορευόμενον
802 1883 842 1913 είς
852 1882 898 1908 τὸν
909 1882 954 1908 οὐ·

163 1927 255 1963 ρανόν.
283 1936 292 1953 ι
314 1927 395 1954 Ἀλλὰ
408 1928 455 1953 καὶ
469 1927 500 1954 τὺ
519 1928 568 1962 τῆς
585 1928 722 1963 σωτηρίας
739 1926 818 1962 ἡμῶν
831 1927 953 1961 Εὑαγγέο

162 1972 220 1999 λιον
233 1971 306 1999 οὕτω
324 1973 424 2008 φησίν*
445 1982 453 1998 ι
473 1972 560 2000 Ὅταν
585 1972 649 2007 ἔλθῃ
667 1973 680 1999 6
697 1972 759 2003 Υἱὸς
786 1972 834 1999 τοῦ
850 1972 955 2008 ἀνθρώ-

165 2027 216 2045 που
233 2020 262 2046 ὲν
278 2020 310 2054 τῇ
336 2019 398 2054 δόξῃ
423 2019 518 2050 αὐτοῦ,
540 2018 588 2045 καὶ
614 2019 713 2050 πάντες
732 2019 756 2044 ot
774 2018 847 2053 ἅγιοι
874 2019 956 2052 ἅγγε-

164 2063 206 2090 λοι
223 2063 282 2098 μετ’
302 2063 396 2090 αὑτοῦ.
421 2072 430 2089 ι
454 2064 499 2095 Ὣς
522 2063 648 2090 ἐντεῦθεν
674 2063 829 2095 ἀκολούθως
847 2063 956 2095 ἐλπίζε-

167 2109 229 2136 σθαι
245 2110 292 2136 καὶ
306 2110 355 2146 τὴν
368 2109 423 2136 τῶν
437 2110 561 2144 οὐρανῶν
578 2109 717 2144 βασιλείαν
727 2130 734 2142 ,
753 2110 800 2136 καὶ
825 2110 879 2136 τῶν
899 2111 956 2142 τοῖς

167 2154 257 2188 ἁγίοις
275 2154 489 2190 ἐπηγγελμένων
510 2154 675 2189 ἀπορρήτων
697 2154 808 2188 ἀγαθῶν
825 2155 875 2190 τὴν
892 2155 956 2190 κλη-

170 2199 298 2234 ρονομίαν
317 2199 409 2234 σαφῶς
436 2200 483 2226 καὶ
511 2195 686 2234 ἁντάμειψιν.
703 2197 765 2234 Ἆρ’
790 2199 838 2226 οἷν
868 2200 957 2226 ἐλθεῖν

169 2243 348 2279 ἐλπιζόμενον
380 2245 482 2271 τούτων
515 2244 648 2277 ἕκαστον,
678 2245 828 2280 ματαιότης
863 2245 957 2277 ἐστίνς

1029 1146 1110 1176 Vens.
1124 1147 1150 1176 8.
1170 1147 1253 1176 Omne
1266 1149 1369 1175 ueniens
1382 1152 1420 1175 est
1433 1148 1536 1174 vanitas
1551 1147 1617 1182 (15).

1030 1202 1040 1219 ι
1054 1188 1142 1222 Onine
1163 1194 1290 1227 veniens;
1311 1203 1321 1222 ο
1339 1193 1464 1229 ecquod?
1482 1192 1575 1228 Neque
1591 1192 1663 1219 enim
1689 1191 1784 1219 indeﬁ-

994 1239 1050 1266 nite
1065 1239 1178 1266 omnino
1193 1243 1274 1274 atque
1291 1239 1447 1267 indistincte
1463 1238 1652 1274 accipiendum
1676 1241 1718 1265 est
1734 1237 1785 1264 hu-

993 1284 1115 1320 iusmodi
1139 1284 1254 1313 dictum.
1277 1284 1329 1318 Qui
1352 1285 1424 1313 enim
1454 1284 1507 1312 hoc
1536 1283 1693 1317 aﬂirmaret,
1719 1290 1786 1311 sane

995 1329 1143 1364 plurimum
1159 1329 1282 1365 desipere
1298 1330 1444 1364 videretur,
1458 1330 1558 1365 quippe
1573 1329 1621 1365 qui
1637 1329 1785 1357 vanitatem

996 1374 1160 1409 appellasset
1176 1374 1346 1409 amplissima
1363 1382 1479 1409 quaeque
1505 1375 1639 1401 bonorum
1663 1380 1695 1400 ac
1718 1381 1787 1408 prae-

997 1420 1177 1448 SIantissima.
1195 1419 1242 1447 Sol
1253 1420 1326 1447 enim
1346 1420 1449 1455 gloria,
1466 1420 1523 1447 sive
1537 1427 1666 1455 magnum
1679 1426 1788 1446 verum-

998 1473 1051 1501 que
1065 1466 1168 1498 lumen,
1182 1466 1216 1493 de
1228 1473 1282 1500 quo
1299 1465 1380 1493 modo
1395 1465 1465 1492 dixit
1480 1474 1487 1492 :
1510 1474 1518 1492 ι
1540 1465 1624 1492 Dulce
1641 1465 1744 1495 lumen.
1762 1469 1788 1491 et

1000 1513 1100 1540 bonum
1114 1512 1203 1540 oculis
1218 1512 1310 1540 videre
1325 1512 1420 1544 solem,
1444 1521 1453 1538 ι
1475 1511 1520 1547 qui
1536 1512 1589 1540 sub
1604 1511 1685 1539 linem
1702 1519 1788 1539 smcu-

1000 1558 1088 1585 lorum
1111 1564 1227 1592 corpore
1250 1558 1367 1585 amictus
1392 1566 1473 1592 super
1490 1562 1590 1585 terram
1609 1561 1722 1584 exortus
1737 1561 1788 1588 est.

1001 1612 1055 1631 non
1069 1608 1099 1632 ut
1116 1604 1404 1639 mundumjudiearet,
1422 1603 1470 1632 sed
1486 1607 1516 1632 ut
1529 1607 1662 1635 servaret,
1678 1611 1788 1635 rursum

1002 1651 1102 1683 veniet,
1117 1651 1270 1686 utjudicet.
1285 1650 1354 1678 Nam
1367 1655 1394 1678 et
1409 1650 1534 1678 emlestes
1547 1650 1636 1685 angeli
1649 1649 1791 1684 discipulis

1001 1696 1061 1732 ejus
1076 1701 1102 1724 et
1115 1697 1244 1732 apostolis
1257 1696 1350 1724 dixere
1365 1707 1371 1724 :
1390 1705 1399 1724 ι
1420 1695 1477 1724 Viri
1492 1696 1608 1729 Galila’i,
1628 1696 1692 1731 quid
1713 1695 1791 1722 statis

1000 1742 1164 1777 aspicientes
1181 1742 1207 1768 in
1240 1742 1358 1769 uelum?
1376 1742 1420 1770 hic
1444 1742 1540 1774 Jesus,
1562 1742 1609 1777 qui
1634 1745 1792 1776 assumptus

1001 1792 1043 1815 est
1062 1795 1077 1815 a
1095 1788 1173 1815 vobis
1197 1788 1224 1815 in
1243 1788 1353 1821 emtum,
1375 1787 1414 1815 sic
1431 1788 1532 1819 veniet.
1559 1786 1792 1823 quemadmodum

1003 1834 1111 1862 vidistis
1126 1842 1188 1861 eum
1201 1838 1310 1862 euntem
1325 1834 1352 1861 in
1371 1834 1472 1862 ccelnm
1483 1834 1513 1863 '°.
1527 1839 1537 1857 ι
1548 1831 1651 1866 Quinct
1670 1833 1794 1867 Evange-

1005 1881 1069 1907 lium
1083 1880 1181 1908 salutis
1196 1885 1296 1907 nostra:
1309 1880 1349 1908 sic
1363 1881 1402 1908 ait
1415 1890 1422 1908 :
1436 1890 1445 1907 ι
1461 1881 1575 1914 Quando
1588 1879 1693 1908 venerit
1710 1878 1793 1906 Filius

1004 1926 1123 1954 hominis
1137 1926 1164 1953 in
1181 1926 1266 1961 gloria
1282 1934 1341 1959 sua,
1359 1930 1386 1954 et
1402 1933 1499 1954 omnes
1518 1926 1605 1954 sancti
1625 1925 1714 1960 angeli
1730 1932 1792 1952 cum

1004 1980 1037 1999 eo
1049 1971 1196 2007 (l6)";tut
1209 1972 1271 2000 inde
1283 1978 1424 2007 propterea
1439 1976 1467 2000 et
1487 1979 1601 2008 regnum
1619 1971 1753 1999 ccelorum
1769 1975 1795 1998 et

1006 2017 1182 2045 ineﬂ‘abilium
1204 2018 1348 2051 bonorum,
1363 2025 1425 2053 qua:
1448 2017 1551 2045 sanctis
1570 2017 1705 2052 promissa
1721 2021 1794 2048 sunt,

1007 2063 1191 2092 haereditatcm
1205 2069 1288 2099 atque
1303 2064 1455 2092 mercedem
1471 2062 1615 2090 manifesto
1628 2069 1739 2097 sperare
1749 2061 1796 2088 de-

1011 2110 1135 2137 beamus.
1151 2108 1220 2137 Num
1235 2110 1316 2144 igitur
1331 2110 1438 2145 singula
1451 2110 1518 2141 haec,
1532 2116 1592 2144 quae
1608 2112 1722 2136 ventura
1738 2115 1785 2142 spe

1011 2159 1116 2186 rantur,
1133 2155 1239 2182 vanitas
1257 2155 1341 2182 sunt?
1358 2155 1429 2182 absit
1451 2162 1494 2182 res
1509 2159 1562 2181 tam
1583 2153 1711 2181 absurda.
1730 2152 1799 2179 Deti-

1011 2200 1066 2227 nite
1092 2199 1183 2234 igitur,
1204 2207 1236 2227 ac
1261 2206 1315 2226 non
1336 2199 1394 2226 sine
1415 2199 1491 2233 justo
1512 2198 1670 2227 discrimine
1695 2197 1798 2225 dictum

1012 2245 1084 2272 istud
1099 2253 1114 2272 a
1131 2245 1208 2272 nobis
1223 2245 1308 2281 accipi
1325 2245 1401 2272 decet
1413 2245 1480 2280 (l7).

172 2289 281 2324 Ἄπαγε
295 2291 345 2326 τῆς
356 2289 488 2322 ἀτοπίαςί
504 2290 611 2317 Οὺκοῦν
631 2290 892 2326 προσδιωρισμένως
916 2291 962 2318 καὶ
985 2290 1054 2325 μετὰ
1085 2292 1136 2326 τῆς
1167 2291 1327 2326 πρεπούσης
1336 2291 1480 2326 διαστολῆς
1492 2289 1652 2326 ἐκδέχεσθαι
1670 2288 1791 2324 προσῆκε

170 2336 244 2372 ἡμᾶς
258 2336 288 2363 τὸ
303 2337 460 2374 εἰρημένον.

204 2382 260 2409 Καὶ
275 2381 330 2418 γὰρ
355 2382 451 2417 ἐπειδὴ
476 2382 573 2417 γλυκὺ
589 2382 622 2410 τὸ
640 2381 703 2417 φῶς
716 2382 830 2409 ἐκάλεσε
844 2382 892 2408 καὶ
908 2382 946 2409 τὼ

1049 2382 1130 2417 270
1142 2381 1174 2408 Et
1195 2389 1270 2415 sane,
1284 2385 1427 2417 postquam
1447 2381 1523 2408 dulce
1539 2382 1644 2409 vocavit
1658 2380 1756 2413 lumen,
1774 2385 1802 2408 et

171 2427 261 2461 ἥλιον
275 2427 307 2455 τὸ
322 2427 453 2461 βλέπειν
463 2428 526 2461 τοῖς
543 2428 712 2463 ὀφθαλμοῖς
727 2428 850 2462 ἀγαθὸν,
868 2429 917 2463 τῆς
930 2428 960 2460 ἐξ

171 2472 255 2509 ὕψους
266 2474 447 2510 ἐπιφανείσης
464 2474 599 2507 ἀνατολῆς
612 2474 731 2510 Χριστοῦ
745 2473 793 2500 τοῦ
805 2473 873 2500 Θεοῦ
882 2474 961 2510 ἡμῶν

170 2519 220 2555 τὴν
235 2519 445 2556 ἐνανθρώπησιν
460 2521 507 2547 καὶ
526 2520 679 2556 παρουσίαν
691 2519 941 2555 προκαταγγέλλων
952 2540 959 2551 .

171 2565 327 2598 ἀκολούθως
355 2567 524 2602 προφητεύει
536 2567 583 2593 καὶ
598 2566 647 2600 τὴν
658 2566 718 2593 κατ’
726 2559 811 2592 αὑτοῦ
823 2565 877 2592 τῶν
895 2565 961 2592 ἁτα--

208 2645 231 2661 ³⁵
246 2643 318 2672 Psal.
334 2653 414 2672 Lxxxt
430 2665 437 2677 ,
450 2644 477 2672 5.
516 2644 538 2660 ¹⁶
554 2644 612 2671 Act.
629 2652 648 2677 ι,
667 2643 707 2670 ll.

210 2701 267 2737 (l5)
284 2700 390 2737 Olymp.
410 2701 523 2737 xatadj/
538 2701 614 2737 τδη,ἔ

210 2734 266 2772 (lii)
283 2734 348 2763 Luc.
366 2734 416 2766 ‘tx.
429 2735 475 2772 ?6.
495 2736 528 2763 At
550 2736 592 2772 inp
606 2735 728 2772 Xulgatis
739 2770 748 2772 _
759 2734 962 2772 exemplaribus

173 2769 268 2805 leges}
286 2772 369 2798 Ὅταν
400 2771 464 2806 ἔλθῃ
491 2772 520 2797 ἐν
536 2772 567 2806 τῇ
582 2770 647 2806 δόξῃ
670 2770 751 2797 αὑτοῦ
779 2771 826 2795 καὶ
842 2770 888 2795 τοῦ
907 2769 962 2795 "1-

175 2807 238 2842 τρὺς
250 2806 364 2842 καὶτῶν
382 2806 467 2842 ἁγίων
484 2806 619 2839 ἀγγέλων.
649 2840 653 2842 _
691 2840 695 2842 Α
750 2836 756 2841 ι

212 2842 267 2877 (17)
285 2841 346 2868 lla‘c
363 2842 388 2868 in
417 2841 539 2877 Vili-,ttlils
565 2840 697 2877 supetimi
727 2840 870 2877 sententia:
899 2849 960 2867 t‘nn-

179 2876 269 2911 jnntla
286 2877 402 2910 legimus
418 2886 422 2903 :
442 2876 468 2903 Si
481 2876 557 2903 anuis
576 2876 665 2902 Ittltllt-S
686 2876 777 2903 vixerit
793 2876 878 2908 humu,
896 2882 918 2902 t'l
935 2877 959 2902 in

748 2644 771 2659 ¹⁷
784 2639 865 2669 Mare.
882 2647 940 2673 \‘In,
955 2643 1001 2670 58,

1015 2428 1111 2455 bonum
1127 2427 1196 2455 dixit
1215 2427 1296 2455 salem
1314 2427 1396 2454 oculis
1412 2428 1521 2459 intueri,
1548 2426 1801 2454 inhumanationem

1015 2479 1041 2501 et
1057 2473 1204 2501 adventum
1220 2472 1405 2508 pramumians
1421 2480 1452 2500 ex
1476 2473 1531 2499 alto
1551 2471 1708 2507 apparentis
1725 2475 1802 2498 ortus

1014 2519 1115 2546 Christi
1136 2518 1183 2546 Dei
1200 2518 1284 2546 nostii
1297 2539 1305 2551 ,
1328 2526 1499 2553 consequens
1519 2523 1571 2550 est,
1592 2523 1621 2545 ut
1641 2518 1803 2546 vaticinetur

1015 2569 1042 2592 et
1066 2564 1242 2593 scclcstorum
1260 2564 1415 2593 Iudaeorum
1435 2566 1567 2592 adversus
1582 2573 1643 2593 eum
1668 2565 1802 2592 tenmlen-

1016 2699 1055 2725 Itis
1080 2699 1200 2725 omnibus
1220 2701 1326 2725 natatus
1357 2698 1448 2732 fuerit,
1477 2697 1626 2724 meminisse
1651 2696 1724 2723 debet
1737 2701 1805 2723 lutc-

1017 2734 1086 2760 ὑωδί
1103 2735 1226 2764 temporis
1241 2739 1265 2760 et
1280 2734 1383 2760 dierum
1397 2733 1541 2760 multorum
1560 2741 1568 2759 :
1595 2733 1640 2767 qui
1654 2740 1713 2758 cum
1729 2739 1804 2758 vene-

1019 2774 1082 2801 rint,
1099 2770 1223 2795 vanitatis
1249 2773 1394 2802 arguantur
1417 2768 1564 2802 pra‘terita.
1591 2769 1656 2800 Qua:
1683 2767 1734 2794 hoc
1757 2775 1807 2793 nos

1017 2805 1115 2831 deum:
1135 2805 1271 2833 videnlur.
1283 2801 1380 2830 utilem
1398 2801 1456 2831 eSse
1472 2803 1575 2830 homini
1589 2802 1747 2830 memoriam
1761 2810 1806 2829 su-
1845 2801 1848 2804 ’

1017 2840 1101 2873 ptumi
1116 2839 1180 2869 dici,
1198 2839 1297 2874 quippe
1312 2840 1374 2873 quin
1389 2840 1439 2866 sub
1452 2843 1567 2866 mortem
1581 2838 1699 2872 denique
1714 2845 1807 2866 rerum

1017 2876 1121 2901 inuitas
1138 2882 1197 2902 sese
1221 2874 1386 2902 manifestat.
