2041 3159
257 168 325 202 1163

825 168 856 197 S.
873 169 894 197 C-
902 168 1063 199 REGORlI
1084 170 1340 202 ACRIGENTINI

1817 168 1885 201 11M

292 224 408 259 Egregie
431 230 495 250 vero
518 222 621 258 aptavit
640 222 723 249 verba
748 222 876 256 inquiens
893 232 899 250 :
919 233 928 248 ‹
947 223 975 250 lu
990 228 1044 250 ter-

1132 225 1298 260 Θαυμασίως
1327 225 1355 252 δὲ
1384 225 1429 252 τὸν
1455 225 1534 260 λόγον
1550 225 1761 261 διεσχημάτισεν
1789 226 1882 251 εἰπών·

257 279 326 304 ram,
348 271 420 298 sicut
435 273 504 301 erat,
522 279 530 295 ι
549 269 574 296 id
589 273 641 302 est,
656 269 888 303 quemadmodum
903 269 968 296 item
982 273 1045 297 ante

256 320 326 349 erat,
347 323 430 350 quam
458 315 511 342 tale
538 322 640 350 corpus
668 322 684 342 a
711 314 860 342 Cenditore
885 315 1044 350 ﬁngeretur.

257 362 323 390 Nam
340 367 367 389 et
384 369 500 396 magnus
522 361 628 396 Moyses
654 361 713 388 ait:
733 370 741 386 ι
763 360 796 387 Ει
821 360 950 388 formavit
974 361 1046 388 Deus

257 408 415 439 hominem,
445 407 586 442 pulverem
617 407 756 441 accipiens
784 407 818 434 de
846 411 920 434 terra
947 407 1012 441 (59).
1034 416 1043 433 ι

258 454 406 482 Enimvero
433 454 610 485 observasis,
644 453 783 487 quomodo
809 461 909 488 corpus
935 454 1045 488 quidem

258 501 315 528 sive
344 499 480 534 pulverem
509 499 638 525 distincte
660 499 686 525 in
712 502 812 525 terram
840 500 938 526 reverti
955 499 1044 526 dixit:

258 547 385 580 spiritum
401 548 493 571 autem
512 544 544 571 ad
569 543 664 577 Deum,
689 544 920 571 immortalitatem
949 545 1047 572 animat

258 590 484 619 manifestissime
508 590 572 616 hinc
595 589 799 616 demonstrans;
819 590 923 617 Etenim
940 591 1045 625 inquit:

260 645 269 661 ι
285 637 317 664 Et
330 636 445 670 spiritus
457 635 605 662 revertitur
619 635 651 661 ad
663 634 761 666 Deum,
778 635 823 670 qui
839 636 913 662 dedit
926 636 1017 669 illum;
1034 645 1043 661 ι

257 683 379 717 tlta-ologi
403 682 505 717 Moysis
527 682 683 709 doctrinam
710 682 743 709 de
768 683 859 709 anima
880 684 1047 711 conlirmans

258 728 376 756 dicentis
404 736 502 763 netnpe
528 736 534 755 :
566 738 574 753 I
596 727 629 754 Et
654 728 783 755 l'ormavit
809 728 880 756 Deus
906 729 1046 756 hominem

257 775 398 810 pttlverem
425 774 458 801 de
485 779 568 807 terra,
596 779 622 801 et
648 766 792 808 inspiravit
813 775 839 801 in
866 775 963 802 faciem
987 775 1047 809 ejus

259 822 397 856 spiramen
415 822 478 848 vitae
493 839 500 852 ,
521 825 548 847 et
572 820 659 847 factus
672 825 711 847 est
730 821 812 847 homo
828 820 855 847 in
871 821 992 848 animam
1006 821 1048 848 vi-

262 872 380 893 ventem.
411 875 420 891 l
444 865 535 898 Quare
563 865 696 900 spiratum
714 866 772 893 sive
804 866 886 893 vitam
900 875 933 894 ex
949 867 1049 894 divina:

1100 280 1108 297 t
1135 270 1196 297 Ἐπὶ
1213 271 1262 306 τὴν
1279 271 1341 306 γῆν,
1355 271 1393 303 ὠς
1410 269 1454 306 ἦν,
1473 281 1481 297 I
1498 271 1622 298 τουτέστι
1638 271 1706 298 καθὸ
1719 271 1768 297 καὶ
1785 271 1885 306 7:961:-

1098 326 1143 352 ρον
1161 315 1195 352 ἦν
1214 317 1267 352 πρὸ
1282 317 1329 344 τοῦ
1344 317 1544 353 διαπλασϐῆναι
1562 317 1638 352 παρὰ
1649 317 1696 343 τοῦ
1712 318 1885 358 Δημιουργοῦ

1085 362 1176 397 ,σῶμα
1197 363 1330 390 τοιοῦτον.
1359 364 1414 390 Καὶ
1431 363 1484 399 γάρ
1500 372 1583 398 φησιν
1609 364 1711 399 Μωσῆς
1742 365 1756 390 6
1781 364 1885 399 μέγας,

1100 418 1108 433 ι
1127 409 1183 435 Καὶ
1198 408 1316 435 ἔπλασεν
1330 410 1343 435 6
1355 409 1421 441 Θεὸς
1435 410 1482 436 τὸν
1493 409 1637 445 ἄνθρωπον
1652 410 1716 445 χοῦν
1731 410 1822 437 λαδὼν
1833 411 1886 437 ἀπὸ

1096 455 1146 489 τῆς
1160 455 1222 489 γῆς.
1241 464 1250 481 ι
1268 456 1428 491 Παρατηρεῖ
1443 455 1471 482 δὲ
1488 456 1543 486 πᾶς
1558 456 1572 482 6
1590 455 1763 491 βουλόμενος,
1785 458 1843 489 πῶς
1856 458 1886 484 τὸ

1099 501 1178 535 σῶμα
1193 501 1253 536 μὲν,
1268 501 1327 537 ἦτοι
1342 501 1388 529 τὸν
1410 501 1475 536 χοῦν
1499 501 1545 528 ἐπὶ
1563 502 1613 537 τὴν
1631 502 1683 537 γῆν
1698 503 1886 539 ἐπιστρέφειν,

1097 546 1299 581 διεσταλμένως
1315 544 1385 572 sim-1'
1404 555 1414 572 ι
1430 546 1466 573 Τὸ
1476 546 1504 572 δὲ
1521 546 1629 581 πνεῦμα
1644 548 1713 584 πρὸς
1728 548 1774 574 τὸν
1791 549 1883 575 Θεόνη

1096 591 1145 627 τὴν
1161 591 1310 619 ἀθανασίαν
1336 594 1385 628 τῆς
1400 592 1489 627 ψυχῆς
1504 593 1628 620 ἐντεῦθεν
1650 593 1793 629 προδήλως
1815 604 1887 630 παρ-

1096 636 1248 670 εμφαίνων,
1273 637 1329 663 Καὶ
1353 637 1408 671 γάρ
1425 644 1492 671 φησι
1506 644 1512 652 ·
1534 646 1542 661 ι
1566 637 1621 663 Καὶ
1643 636 1674 663 τὸ
1695 638 1803 672 πνεῦμα
1825 639 1886 664 ἐπι-

1098 683 1210 718 στρέφει
1229 684 1297 718 πρὸς
1313 683 1357 709 τὸν
1373 683 1450 712 Θεὸν.
1464 683 1492 715 ὂς
1511 683 1610 710 ἔδωκεν
1636 683 1719 710 animi!
1739 693 1748 710 ι
1763 684 1810 710 τοῦ
1827 684 1886 710 θεο-

1099 727 1234 762 φάντορος
1250 728 1389 758 Μωῡσέως
1405 727 1435 754 τὸ
1450 727 1513 762 περὶ
1526 727 1616 762 ψυχῆς
1632 727 1721 762 δόγμα
1743 737 1886 763 παρεμπε-

1098 773 1150 800 δῶν
1166 773 1286 808 δηλονότι
1304 773 1334 800 τὸ
1355 774 1470 806 φάσκον,
1490 782 1500 799 ι
1522 774 1577 800 Καὶ
1596 773 1715 800 ἔπλασεν
1731 775 1746 800 6
1761 774 1827 806 Θεὸς
1841 775 1886 801 τὸν

1098 819 1252 854 ἄνθρωπον,
1269 819 1334 854 χοῦν
1351 820 1405 846 ἀπὸ
1417 820 1466 855 τῆς
1481 811 1544 854 γῆς,
1559 819 1606 846 καὶ
1618 820 1786 854 ἐνεφύσησεν
1802 822 1843 852 εἰς
1857 821 1887 847 τὸ

1100 865 1247 900 πρόσωπον
1261 865 1344 892 αὐτοῦ
1362 865 1446 901 πνοὴν
1460 865 1544 900 ζωῆς,
1563 866 1610 892 καὶ
1627 866 1737 899 ἐγένετο
1752 867 1765 893 ὁ
1780 867 1886 902 ἄνθρω-

260 913 424 948 spiratienis
443 913 530 947 gratia
555 917 656 943 ortam,
676 919 738 946 qum
752 913 921 947 progenitori
944 917 1046 944 nostro.

1101 920 1151 943 πος
1174 912 1214 943 εἰς
1234 911 1323 946 ψυχὴν
1345 911 1445 943 ζῶσαν,
1464 921 1474 937 ι
1493 911 1548 947 Τὴν
1567 909 1613 938 οὖν
1635 912 1688 938 ἀπὸ
1705 912 1756 947 τῆς
1777 913 1887 948 χάριτος

259 960 350 994 primo
366 958 470 985 homini
485 966 499 984 a
515 957 628 992 pulvere
644 957 762 984 formato
775 957 838 985 data
850 963 902 990 est,
921 958 1046 992 spiritum

259 1005 340 1033 modo
358 1004 538 1032 Ecclesiastes
555 1003 712 1039 appellavit,
727 1011 807 1038 quem
829 1004 909 1038 plane
923 1004 1048 1032 distinxit

259 1060 273 1078 a
291 1051 412 1086 pulvere,
429 1050 475 1086 qui
492 1050 518 1077 iu
538 1055 638 1076 terram
654 1049 811 1082 revertitur,
827 1057 888 1077 cum
902 1050 935 1077 ad
951 1050 1043 1078 Deum.

259 1105 273 1124 ει
289 1105 344 1132 quo
360 1097 442 1124 datus
458 1100 510 1129 est,
530 1096 604 1122 illtun
622 1103 746 1122 remeare
762 1095 958 1122 enuntiaverit.

1099 957 1147 983 τοῦ
1164 958 1364 993 ὲμφυσήματος
1377 957 1425 984 τοῦ
1446 957 1520 992 παρὰ
1534 957 1580 984 τοῦ
1595 958 1663 984 Θεοῦ
1679 958 1832 992 γεγονότος,
1848 960 1887 991 εἰς

1100 1003 1145 1030 τὸν
1161 1003 1214 1030 ἀπὸ
1224 1003 1272 1029 τοῦ
1289 1003 1349 1039 χοὸς
1363 1003 1563 1031 διαπλασθέντα
1577 1003 1731 1038 γεννάρχην
1746 1004 1824 1038 ήμῶν
1840 1003 1887 1030 καὶ

1103 1050 1320 1084 πρωτόπλαστον
1351 1050 1493 1085 ἄνθρωπον
1521 1049 1668 1085 δεδομένην
1701 1050 1805 1085 πνοὴν,
1827 1051 1887 1086 ἦτοι

1103 1094 1187 1130 ζωὴν,
1206 1096 1325 1131 πνεῦμα
1334 1095 1381 1122 νῦν
1390 1097 1404 1122 6
1417 1095 1632 1130 Ἐκκλησιαστὴς
1649 1096 1885 1131 προσηγόρευσεν,

259 1143 327 1178 ὅπερ
343 1142 540 1169 ἁντεδιέστειλε
565 1141 605 1177 τῷ
622 1141 665 1177 χοϊ
693 1141 732 1177 τῷ
760 1141 951 1177 ἐπιστρέφοντι
981 1140 1049 1177 πρὸς
1064 1140 1114 1177 τὴν
1136 1142 1198 1177 γῆν·
1216 1143 1265 1169 καὶ
1298 1143 1366 1178 πρὸς
1387 1142 1433 1169 τὸν
1448 1142 1514 1169 Θεὸν
1553 1142 1729 1178 ἐπιστρέφειν
1742 1143 1786 1169 τὸν
1805 1143 1886 1170 δεδω-

259 1193 326 1219 κότα
340 1191 517 1226 κατήγγειλε.

296 1283 435 1310 Adnotare
450 1281 532 1317 igitur
548 1281 665 1309 maxime
685 1286 812 1317 prastat,
840 1289 921 1317 quam
948 1287 1049 1311 temere

260 1334 345 1363 atque
361 1328 524 1360 insipienter
540 1328 653 1355 otnniuo
669 1329 852 1356 existimarint
874 1329 996 1364 quidam.
1020 1329 1048 1356 in

260 1375 450 1410 superioribus
474 1374 647 1402 sermonibus
685 1374 757 1401 hanc
793 1375 922 1409 sapientis
956 1375 1048 1402 Eccle-

258 1422 354 1449 siastre
376 1421 536 1456 opinionem
556 1419 640 1448 fuisse
669 1420 752 1456 284
770 1421 895 1448 eamdem
920 1429 981 1449 esse
999 1422 1048 1448 ho-

261 1468 344 1494 minis
358 1466 512 1501 etjumenti
537 1467 668 1498 animam,
686 1474 748 1494 cum
774 1467 812 1494 ait
827 1476 833 1494 ε
856 1476 865 1492 ι
887 1467 920 1494 Et
937 1467 1047 1502 quidem

260 1519 374 1540 eventus
389 1513 506 1539 ﬁliorum
521 1513 650 1544 hominis,
666 1516 693 1538 et
706 1517 820 1539 eventus
831 1512 951 1547 pecudis,
965 1520 1047 1540 even-

261 1563 305 1585 tus
322 1565 392 1584 unus
409 1557 496 1591 ipsis;
516 1561 544 1583 ut
564 1564 638 1583 mors
657 1557 748 1591 hujus,
766 1557 802 1584 ita
826 1565 901 1585 mors
921 1557 1005 1590 illius,
1021 1561 1048 1584 ct

261 1604 376 1638 spiritus
392 1610 462 1629 unus
481 1603 619 1630 omnibus.
641 1602 672 1628 Et
690 1603 755 1637 quid
771 1603 921 1630 abundavit
939 1603 1020 1630 homo
1033 1611 1048 1630 a
1062 1596 1083 1624 θ

261 1647 387 1683 pecude?
406 1647 492 1674 Nihil.
512 1647 580 1680 Quia
602 1648 694 1674 omnia
716 1647 843 1681 vanitas;
874 1648 963 1675 omnia
985 1656 1046 1683 per-

260 1698 329 1729 gunt
347 1693 381 1721 ad
402 1694 491 1721 locum
508 1701 592 1720 unum
609 1701 615 1720 ι
634 1693 726 1720 omnia
747 1693 821 1720 facta
844 1698 908 1721 sunt
929 1694 963 1721 de
989 1693 1048 1728 pul-

259 1748 334 1773 vere,
356 1745 383 1768 et
400 1740 492 1767 omnia
511 1743 687 1766 revertuntur
709 1739 736 1766 in
758 1739 907 1774 pulverem.
931 1739 962 1766 Et
987 1739 1048 1774 quis

261 1787 347 1819 novit,
378 1786 493 1821 spiritus
520 1785 636 1812 ﬁliorum
661 1785 781 1812 hominis
796 1785 819 1812 si
837 1785 969 1812 ascendat
990 1785 1048 1819 ipse

258 1840 382 1865 sursum,
398 1837 425 1859 et
439 1831 552 1865 spiritus
570 1831 680 1866 pecudis
697 1830 719 1857 si
732 1831 880 1858 descendat
895 1832 952 1865 ipse
965 1831 1047 1858 deor-

257 1887 321 1906 sum
338 1879 364 1905 in
383 1883 483 1905 terram
499 1878 567 1912 (40).
589 1887 598 1903 ι
619 1876 666 1903 Hic
692 1877 763 1904 enim
787 1884 896 1904 omnem
913 1876 1048 1911 ejusmodi

260 1924 446 1959 suspicionem
472 1923 594 1955 sustulit,
622 1928 649 1950 et
675 1922 798 1950 stultitia:
825 1923 914 1956 arguit
939 1929 972 1949 ac
988 1930 1048 1956 per-

260 1979 346 1998 versa:
371 1970 528 2005 opinionis.
557 1969 602 2003 qui
623 1976 790 2004 qttocuttqtte
808 1969 887 1995 modo
903 1969 956 1995 tale
972 1969 998 1995 itt
1015 1976 1048 1996 σε)

257 2020 446 2044 commentum
465 2015 598 2049 suspicati
610 2019 684 2047 sunt,
698 2022 758 2041 cum
773 2014 816 2041 hic
829 2014 946 2041 maxime
957 2014 1045 2042 dicat:

261 2074 270 2089 ι
290 2063 454 2091 Revertetnr
469 2062 558 2096 pultis
575 2062 602 2088 in
622 2065 733 2092 terram,
758 2060 830 2087 sicut
848 2065 917 2086 erat.
938 2060 971 2087 Et
991 2060 1048 2095 spi-

258 2110 330 2137 ritus
342 2109 490 2136 revertitur
503 2108 536 2134 atl
551 2106 647 2138 Deum,
661 2106 707 2141 qtti
719 2105 794 2133 dedit
807 2106 893 2132 illuttt.
907 2115 916 2131 ι
937 2104 1046 2133 Utrum-

255 2163 313 2190 que
336 2155 409 2181 enitn
436 2154 504 2180 mire
532 2157 615 2187 atque
630 2152 738 2186 egregie
755 2151 882 2178 distinxit
897 2159 928 2178 ac
947 2151 1048 2186 dijudi-

258 2201 330 2228 cavit
349 2210 355 2227 :
372 2199 511 2235 pulverem
534 2199 560 2225 in
579 2203 681 2225 terram
700 2197 800 2224 reverti
822 2197 976 2230 declarans,
991 2198 1047 2232 spi-

257 2248 343 2274 ritum
354 2253 420 2272 vero
429 2246 487 2272 sive
497 2244 628 2274 animant,
639 2250 812 2278 nequaquam
823 2243 895 2270 sicut
906 2244 1044 2278 pulverem

257 2293 284 2320 in
304 2297 415 2324 terram,
444 2291 489 2318 sed
514 2290 547 2316 ad
573 2290 658 2316 Deum
675 2289 783 2321 reverti,
797 2290 855 2324 .qui
872 2290 1003 2321 condidit,
1020 2295 1046 2317 et

257 2338 409 2366 simulacro
423 2344 506 2364 sensu
520 2336 623 2363 carenti
639 2340 722 2370 atque
737 2335 850 2362 inanimi
865 2340 892 2362 et
908 2343 922 2363 e
935 2336 1045 2370 pulvere

254 2384 322 2410 ﬁcto
343 2382 441 2410 indidit
455 2381 649 2417 inspirationis
664 2388 720 2408 sum
735 2382 821 2416 gratia
839 2381 906 2415 (nil).

294 2529 465 2556 Erubescant
483 2528 600 2562 denique
618 2525 741 2553 veritatis
758 2524 966 2554 adulteratores,
984 2524 1044 2550 vnl-

257 2581 358 2611 tusque
372 2582 467 2603 eorum
487 2572 637 2608 ignominia
654 2571 832 2605 impleantur,
850 2577 912 2596 cum
926 2569 1044 2602 videant,

291 2698 346 2733 (59)
366 2697 467 2733 Yerum
482 2694 552 2729 apud
656 2693 733 2733 deest
756 2691 857 2733 λαϐὼν.

291 2725 348 2768 ξω)
368 2725 506 2764 ΕιςοΙοηιιξ
519 2739 533 2757 a
549 2738 575 2756 v.
593 2730 636 2768 Η).
653 2728 686 2768 IV.
701 2728 804 2768 hieiib.
824 2735 864 2768 ιιι,
882 2726 926 2768 a_§
939 2725 985 2768 20:

368 2767 429 2794 llaec
445 2769 471 2793 itt
489 2760 593 2802 veteres
609 2764 716 2802 Jndatos
732 2761 954 2802 diela'vidcntur.
976 2760 1042 2788 Nam

257 2797 346 2831 uti'est
361 2810 376 2829 a
397 2801 602 2836 multisjamdin
622 2797 833 2836 adnotattttp,_in
851 2804 1044 2836 eorttttt__eom-

257 2839 407 2870 tncntariis,
433 2837 479 2872 qui
499 2833 626 2870 wmagistri
658 2835 727 2861 inter
754 2833 892 2872 Hebr-tces
908 2833 1041 2862 audiunt,

256 2873 388 2908 scriptum
410 2869 583 2905 accepimus.
604 2877 728 2904 magnam
745 2869 816 2904 apud
842 2869 957 2902 majores
976 2873 1041 2893 suos

1139 1282 1372 1318 Παρασημαντέον
1395 1282 1485 1310 τοίνυν
1513 1281 1713 1317 όφειλομένως,
1738 1281 1777 1313 ὡς
1799 1281 1886 1317 μάτην

1101 1328 1148 1355 καὶ
1165 1328 1254 1363 πάντη
1282 1328 1445 1363 παραλόγως
1470 1328 1598 1363 ῲήθησόιν
1619 1336 1701 1359 τινες.
1720 1328 1748 1354 ὲν
1769 1329 1826 1358 τοῖς
1842 1328 1888 1354 ἀν-

1100 1374 1162 1401 όπιν
1186 1374 1276 1408 λόγοις
1291 1374 1389 1401 ταυτὸν
1413 1372 1483 1401 εἶναι
1507 1374 1556 1409 τὴν
1572 1373 1618 1400 τοῦ
1638 1373 1783 1408 ἀνθρώπου
1799 1373 1888 1409 ψυχὴν

1100 1422 1149 1448 καὶ
1171 1420 1218 1447 τοῦ
1237 1421 1352 1456 κτήνους
1366 1420 1488 1452 δοξάζειν
1507 1420 1551 1446 τὸν
1567 1419 1648 1454 σοφὸν
1670 1419 1888 1455 Ἐκκλησιαστὴν

1101 1467 1130 1492 ὲν
1145 1466 1184 1502 τῷ
1204 1467 1330 1500 φάσκειν,
1352 1475 1362 1492 ι
1386 1466 1441 1492 Καί
1465 1474 1497 1500 γε
1521 1465 1681 1500 συνάντημα
1697 1465 1764 1492 υίῶν
1782 1464 1889 1500 ἀνθρώ-

1100 1521 1152 1539 που
1165 1533 1172 1544 ,
1199 1512 1245 1538 καὶ
1263 1511 1423 1547 συνάντημα
1448 1510 1495 1538 τοῦ
1513 1512 1646 1546 κτήνους,
1676 1511 1834 1545 συνάντημα
1859 1509 1888 1536 ἓν

1100 1558 1202 1589 αὐτοῖς·
1222 1558 1259 1589 ὡς
1277 1558 1291 1584 6
1311 1557 1426 1588 θάνατος
1440 1556 1547 1589 τούτου,
1565 1555 1653 1588 οὕτως
1667 1556 1681 1581 6
1699 1555 1812 1586 Θάνατος
1827 1555 1888 1581 τού-

1100 1611 1157 1635 του,
1170 1603 1218 1629 καὶ
1235 1603 1345 1637 πνεῦμα.
1359 1602 1388 1628 ἓν
1403 1604 1459 1634 τοῖς
1475 1603 1553 1628 πᾶσι.
1569 1602 1623 1628 Καὶ
1643 1601 1669 1628 τί
1691 1601 1887 1636 ἐπερίσσευσεν

1099 1649 1262 1682 ὸᾶνθρωπος
1275 1649 1349 1684 παρὰ
1358 1649 1388 1675 τὸ
1403 1648 1501 1683 κτῆνος
1512 1657 1519 1682 ;
1532 1648 1625 1675 Οὐδέν·
1637 1649 1678 1675 ὅτι
1689 1648 1724 1674 τὰ
1735 1648 1824 1674 πάντα
1839 1656 1888 1682 μα-

1098 1695 1208 1731 ταιότης
1221 1703 1228 1711 ·
1238 1695 1272 1722 τὰ
1289 1695 1377 1722 πάντα
1388 1695 1535 1731 πορεύεται
1545 1696 1584 1726 εἰς
1592 1695 1674 1721 τόπον
1689 1694 1747 1721 ἕνα·
1758 1694 1792 1720 τὰ
1801 1695 1888 1721 πάντα

1099 1741 1207 1774 ἐγένετο
1215 1740 1268 1766 ἀπὸ
1278 1741 1322 1767 τοῦ
1335 1742 1407 1775 χοὸς,
1417 1741 1464 1767 καὶ
1474 1741 1507 1767 τὰ
1519 1740 1607 1766 πάντα
1620 1740 1784 1774 ὑποστρέφει
1795 1740 1835 1770 εἰς
1842 1739 1888 1765 τὸν

1099 1785 1175 1820 χοῦν.
1194 1786 1248 1812 Καὶ
1265 1786 1307 1817 τις
1320 1785 1373 1812 οἶδε
1386 1786 1416 1812 τὸ
1426 1785 1533 1820 πνεῦμα
1551 1785 1619 1811 υιῶν
1637 1785 1684 1812 τοῦ
1696 1784 1853 1820 ἀνθρώπου,
1863 1785 1887 1810 si

1099 1831 1241 1858 ἀναϐαίνει
1256 1832 1321 1858 αὐτὸ
1333 1833 1371 1863 είς
1383 1832 1449 1865 ἄνω,
1463 1834 1509 1858 καὶ
1521 1831 1568 1858 τοῦ
1586 1831 1713 1866 κτήνους,
1723 1832 1747 1857 εἰ
1757 1829 1889 1857 καταϐαί-

1099 1886 1140 1904 νει
1156 1878 1222 1904 αὺτὸ
1240 1878 1316 1904 κάτω
1331 1879 1370 1910 είς
1385 1878 1447 1912 γῆν.
1468 1887 1476 1903 ι
1494 1877 1550 1904 Νῦν
1569 1878 1624 1913 γὰρ
1650 1879 1739 1905 πᾶσαν
1754 1878 1887 1913 ὑπόληψιν

1099 1923 1229 1958 τοιαύτην
1250 1923 1351 1954 ἀνεῖλε,
1368 1924 1415 1950 καὶ
1431 1924 1635 1958 ματαιόφρονας
1648 1923 1754 1959 ἐλέγχει
1771 1925 1820 1951 καὶ
1836 1933 1887 1950 κα-

1099 1968 1226 2000 κοδόξους
1241 1969 1305 2000 τοὺς
1320 1968 1443 1995 ὁπωσοῦν
1462 1969 1493 1995 τὸ
1516 1969 1637 1996 τοιοῦτον
1660 1969 1757 2003 ψεῦδος
1776 1969 1888 2003 ὑπειλη-

1099 2015 1193 2049 φότας,
1211 2016 1240 2041 ὲν
1255 2014 1294 2049 τῷ
1315 2014 1362 2042 νῦν
1389 2014 1508 2049 μάλιστα
1531 2015 1630 2048 λέγειν,
1650 2023 1660 2040 (
1686 2015 1888 2050 Ἐπιστρέψειό

1098 2060 1161 2096 χοῦς
1182 2060 1228 2086 ἐπὶ
1245 2061 1296 2095 τὴν
1309 2060 1371 2095 γῆν,
1387 2059 1425 2092 ὡς
1437 2057 1482 2094 ἦν·
1498 2059 1545 2085 καὶ
1560 2059 1590 2085 τὸ
1604 2059 1711 2094 πνεῦμα
1727 2060 1888 2094 ἐπιστρέφει

1098 2105 1168 2140 πρὸς
1183 2105 1229 2132 τὸν
1246 2105 1323 2137 Θεὸν,
1339 2105 1369 2136 ὃς
1384 2105 1484 2130 ἔδωκεν
1496 2105 1571 2130 αὐτό.
1586 2114 1594 2129 ι
1611 2104 1764 2140 Παράδοξον
1775 2105 1828 2139 γὰρ
1840 2105 1888 2131 καὶ

1099 2151 1256 2187 θαυμασίαν
1273 2151 1326 2177 τῶν
1350 2150 1490 2185 ἑκατέρων
1505 2150 1655 2185 ἐποιήσατο
1674 2150 1724 2184 τὴν
1744 2150 1888 2185 διαστολὴν

1098 2197 1145 2223 καὶ
1157 2197 1305 2231 διάκρισιν
1313 2195 1359 2222 τὸν
1377 2195 1426 2230 μὲν
1443 2195 1508 2230 χοῦν
1523 2195 1568 2221 ἐπὶ
1582 2195 1630 2230 τὴν
1646 2195 1698 2230 γῆν
1711 2195 1889 2230 ὲπιστρέφειν

1099 2244 1320 2279 ἀποφηνάμενος,
1340 2242 1371 2268 τὸ
1390 2241 1419 2267 δὲ
1439 2241 1560 2276 πνεῦμα,
1573 2242 1698 2268 τουτέστι
1719 2241 1768 2277 τὴν
1786 2242 1887 2276 ψυχὴν,

1099 2289 1149 2314 οὐκ
1173 2288 1213 2314 ἔτι
1231 2287 1356 2323 καθάπερ
1374 2287 1388 2313 6
1414 2286 1479 2321 χοῦς
1502 2287 1570 2322 πρὸς
1586 2287 1634 2322 τὴν
1655 2287 1718 2322 γῆν,
1733 2287 1802 2314 ἀλλὰ
1820 2288 1888 2322 πρὸς

1099 2334 1144 2360 τὸν
1161 2333 1228 2360 Θεὸν
1253 2333 1429 2368 ἐπιστρέφειν
1440 2331 1485 2359 τὸν
1502 2332 1651 2368 ποιήσαντα
1666 2333 1732 2359 αὐτὸ
1747 2334 1796 2360 καὶ
1806 2333 1887 2359 δεδω-

1099 2379 1165 2406 κότα
1187 2379 1225 2414 τῷ
1245 2379 1401 2414 ἀναισθήτῳ
1426 2379 1472 2405 καὶ
1496 2378 1593 2414 ἀψύχῳ
1616 2379 1754 2414 ἀνδριάντι
1771 2379 1888 2406 διαπλα·

1101 2424 1192 2451 σθέντι
1207 2426 1237 2450 ἐκ
1258 2424 1304 2451 τοῦ
1319 2424 1391 2458 χοὸς,
1407 2423 1453 2450 διὰ
1474 2424 1523 2459 τῆς
1538 2425 1586 2451 τοῦ
1608 2425 1672 2451 ἰδίου
1688 2425 1888 2461 ὲμφυσήματος

1100 2470 1220 2504 χάριτος.

1134 2524 1364 2559 Λίσχυνέσθωσαν
1378 2526 1411 2552 τὰ
1427 2526 1474 2552 νῦν
1488 2527 1513 2553 οἱ
1529 2525 1741 2562 παραχαράκται
1756 2527 1807 2562 τῆς
1822 2527 1886 2561 ἀλη-

1100 2569 1185 2601 θείας,
1207 2571 1256 2596 καὶ
1272 2570 1305 2597 τὰ
1329 2571 1462 2606 πρόσωπα
1477 2571 1568 2598 αὐτῶν
1585 2571 1812 2607 πληρωθήτωσαν
1827 2573 1885 2599 ἀτι-

1096 2691 1129 2718 de
1138 2692 1199 2719 libri
1211 2692 1383 2720 Ecclesiastat
1394 2694 1554 2721 auctoritate
1564 2694 1778 2722 controversiam
1788 2693 1883 2722 fuisse.

1098 2736 1114 2763 ε
1127 2727 1301 2761 Qumrehant,
1324 2729 1462 2763 inquiunt,
1480 2730 1615 2763 sapientes
1629 2730 1769 2756 occultare
1787 2728 1883 2755 librum

1095 2761 1299 2796 Ecclesiasten,
1321 2761 1386 2798 quia
1405 2761 1579 2791 inveniebant
1598 2766 1624 2791 in
1654 2772 1687 2792 eo
1708 2763 1790 2789 verba
1808 2763 1882 2791 incli-

1095 2799 1188 2835 nantia
1204 2799 1238 2835 ad
1256 2797 1392 2835 haeresim
1404 2807 1413 2824 ›
1432 2797 1499 2827 Vide
1512 2799 1605 2827 Mellil'.
1626 2799 1710 2827 llebr.
1723 2798 1883 2835 Christoph.

1094 2833 1269 2868 Cartwrighti
1286 2841 1346 2868 cap.
1363 2833 1406 2861 l2.
