2041 3159
164 177 234 210 1165

693 175 734 206 ΙΝ
758 175 1048 207 ῈΟΟιΕΞΙΑΒΤΕῚἻ.
1066 186 1102 194 -·
1125 175 1200 204 ΠΒ.
1218 175 1254 205 Χ.

1722 168 1789 202 ιλϋὸ

163 232 240 268 μίας,
268 230 386 266 ὁρῶντες
410 229 457 257 τδν
491 229 572 264 σοφὸν
599 230 816 266 Ἐκκλησιαστὴν
840 231 885 257 τὸν
902 230 950 265 μὲν

1002 230 1154 264 sapientem
1202 229 1386 257 Ecclesiasten
1426 228 1608 256 declarantem
1649 229 1789 264 pulverem

164 277 242 313 χοῦν,
257 277 316 312 ἢτοι.
333 277 363 302 τδ
377 277 457 312 σῶμα
468 278 517 312 τῆς
532 276 723 308 ταπεινώσεως
736 276 824 312 ἡμῶν,
840 276 887 302 ἐπὶ
902 275 952 311 τὴν

162 324 216 358 γῆν
235 323 430 357 ἀποστρέφειν,
447 322 477 354 ἐξ
489 320 522 357 ἧς
539 321 657 357 ἐλήφθη,
674 321 753 357 μόνον
766 321 950 356 ἀποφηνάμε-

162 376 217 395 νον*
233 369 282 401 τὴν
299 369 327 394 δὲ
340 363 429 403 ψυχὴν
442 368 510 403 πρὸς
527 368 671 403 κρείττονα
685 367 761 402 λῆξιν
777 366 952 402 μεταϐαίνειν

163 414 383 448 καταγγείλαντα
403 413 562 448 διαρρήδην.
578 412 777 447 Παρατηρείτω
791 411 845 446 γὰρ
864 412 916 442 πᾶς
937 411 951 437 ό

163 459 336 494 βουλόμενος,
364 458 423 490 πῶς
446 458 560 485 ἕκαστον
587 456 813 488 ἀντιδιαστείλας,
830 456 876 483 τὸν
901 455 951 491 μὲν

163 504 229 540 χοῦν
245 506 277 539 τῇ
297 506 425 538 συγγενεῖ
440 506 475 539 γῇ
491 504 654 539 προσφόρως
673 504 719 529 καὶ
733 502 882 538 προσφυῶς
899 502 951 528 ὰπ-

162 551 318 586 εκλήρωσεν
333 549 429 581 είπὼν,
447 558 457 575 ‹
473 550 528 576 Καὶ
543 548 712 584 ἐπέστρεψεν
729 549 743 575 ὁ
761 548 826 582 χοῦς
842 547 889 574 ἐπὶ
900 547 951 582 τὴν

161 596 214 631 γῆν
225 596 262 627 ὠς
279 593 340 631 ἦν’»
358 595 402 622 διὰ
422 595 454 621 τὸ
465 595 512 621 καὶ
528 595 558 628 ἐξ
573 594 658 629 αὐτῆς
676 593 823 628 ληφθῆναι,
841 593 886 620 καὶ
901 593 951 628 τὴν

104 669 111 674 _
161 641 269 675 γένεσιν
285 641 377 667 λαϐεῖν
389 641 438 667 καὶ
447 640 497 676 τὴν
513 640 640 675 ὓπαρξιν·
654 640 684 666 τὸ
694 639 722 666 δὲ
741 639 861 673 πνεῦμα,
873 647 951 664 του-τ·-

161 685 220 712 έστι
242 686 291 721 τὴν
313 685 411 720 ψυχὴν,
423 686 473 712 οὐκ
488 684 529 711 ἔτι
549 685 588 720 τῷ
605 684 647 719 χοῖ
669 683 868 719 παραπλησίως
882 682 950 718 πρὸς

160 731 212 765 τὴν
227 731 278 766 γῆν
295 731 481 767 ἐπιστρέφειν,
494 730 562 757 ἀλλὰ
585 731 652 765 πρὸς
664 729 710 756 τὸν
721 729 765 763 ὑφ’
781 726 812 755 οὗ
829 729 877 755 καὶ
889 727 949 755 κατ’

161 777 255 803 είκὸνα
274 777 371 811 γέγονε
393 777 443 812 τὴν
467 776 550 803 αὑτοῦ
568 776 615 802 καὶ
627 775 758 810 ὁμοίωσιν
777 775 822 802 διὰ
838 775 888 808 τῆς
903 773 949 800 τοῦ

161 821 234 848 θείου
256 823 453 858 ὲμφυσήματος
481 823 600 859 χάριτος.
633 819 699 848 Εἶτά
719 829 802 857 φησιν
829 820 844 846 ό
869 819 950 854 σοφὸς

168 868 383 904 Ἐκκλησιαστής
393 876 399 884 ·

1003 277 1060 303 sive
1087 283 1186 311 corpus
1206 276 1368 304 Inunilitatis
1396 281 1497 303 nostrm
1520 276 1607 303 solum
1637 276 1663 302 in
1689 281 1789 303 terram

1003 322 1114 354 reverti,
1134 329 1166 349 ex
1181 329 1235 356 qua
1261 326 1399 356 sumptum
1415 327 1473 349 est:
1495 322 1702 348 denuntiantem
1726 330 1790 349 vero

1002 368 1221 396 luculentissima
1245 368 1364 395 animam
1384 370 1582 403 trausmigrare
1604 368 1740 402 potiorem
1755 368 1789 394 ad

1003 414 1094 440 tinem.
1110 413 1246 440 Observet
1260 414 1334 440 enim
1350 414 1478 448 quisque,
1495 414 1538 440 cui
1556 414 1612 440 hate
1627 420 1702 440 curae
1714 417 1788 445 sunt,

1001 459 1140 495 quomodo
1153 459 1261 494 singula
1274 459 1458 493 distinguens,
1476 459 1615 494 pulverem
1630 459 1698 487 scite
1711 463 1789 493 apte-

1001 513 1054 540 que
1070 509 1194 540 cognatat
1211 511 1290 532 terra:
1310 505 1426 537 addixit,
1442 505 1567 540 inquiens
1584 514 1591 532 :
1610 514 1621 530 ι
1642 505 1674 532 Ει
1698 512 1790 532 rever-

1001 555 1074 578 tetur
1092 551 1183 586 pulvis
1208 551 1236 578 in
1266 555 1384 583 terram.
1416 551 1487 579 sicut
1516 557 1592 584 erat;
1612 561 1621 578 ι
1646 556 1788 586 propterea

1001 597 1074 632 quod
1091 602 1118 623 et
1138 604 1171 624 ex
1191 597 1248 631 ipsa
1267 601 1395 632 sumptus
1422 598 1467 629 sit,
1491 602 1573 632 atque
1591 597 1724 632 originem
1740 597 1789 623 ha-

1001 641 1091 669 buerit
1113 645 1140 668 et
1164 641 1332 674 essentiam;
1351 642 1476 676 spiritum
1495 647 1598 674 autem,
1624 642 1651 669 id
1669 647 1711 668 est
1729 642 1789 668 ani-

1001 695 1086 720 mam,
1096 687 1211 713 minime
1222 690 1252 712 ut
1264 686 1402 720 pulverem
1416 688 1443 713 in
1458 694 1558 714 terram
1573 688 1684 719 reverti,
1695 694 1788 714 \etum

1000 733 1035 760 ad
1059 732 1146 764 illum,
1173 739 1187 759 ιι
1205 740 1260 767 quo
1278 736 1304 759 et
1320 731 1410 759 factus
1428 737 1470 760 est
1488 732 1521 759 ad
1545 733 1690 766 imaginem
1708 737 1735 758 et
1749 731 1788 758 si-

1001 777 1183 805 militudinem
1205 779 1283 804 suam
1299 777 1400 804 divinae
1417 777 1606 812 inspirationis
1625 776 1723 810 gratia.
1747 775 1790 801 Ait

1001 824 1098 852 deinde
1116 823 1226 858 sapiens
1243 822 1421 849 Ecclesiastes
1436 831 1442 848 :

940 924 1017 962 §lX.

197 984 367 1018 Ματαιότης
386 985 610 1020 ματαιοτήτων,
625 984 709 1014 εἶπεν
729 987 746 1013 ὁ
770 986 946 1020 Ἐκκλησια-

1035 980 1116 1017 285
1133 980 1215 1008 Vens.
1234 980 1260 1007 8.
1284 978 1398 1006 Vanitas
1423 978 1578 1009 sanitatum,
1604 977 1673 1003 dixit
1699 975 1789 1002 Eccle-

160 1030 255 1063 στὴς,
277 1029 313 1056 τὰ
331 1029 430 1056 πάντα
455 1031 631 1064 ματαιότης.

197 1075 324 1109 Δήλονότι
340 1075 374 1101 τὰ
398 1075 532 1110 πρότερον
560 1075 744 1110 ὀνομασθέντα
772 1075 832 1106 ταῖς
856 1074 951 1105 αὑταῖς

160 1119 208 1146 καὶ
223 1119 271 1146 νῦν
282 1119 456 1146 καθυπέλαὸε
470 1120 611 1156 κλήσεσιν,
631 1120 702 1157 ειπερ
716 1120 796 1152 εἰσιν,
813 1120 850 1151 ὡς
866 1119 951 1154 ἔφθη-

164 1173 213 1199 μεν
232 1165 364 1198 εἰπόντες,
385 1165 419 1191 τὰ
433 1165 484 1200 τῆς
508 1165 630 1201 πονηρᾶς
654 1165 699 1191 καὶ
715 1164 820 1200 φαύλης
837 1164 883 1191 χαι
905 1173 950 1199 μι-

163 1211 278 1238 σοκάλου
294 1211 480 1246 προαιρέσεως
505 1212 604 1245 ἔκγονα
629 1211 718 1238 πάντα
734 1212 767 1238 τὰ
780 1211 828 1245 τὴν
850 1210 951 1245 μοχθη-

162 1258 214 1291 ρὰν
238 1256 473 1292 χαρακτηρίζοντα
508 1256 562 1283 τῶν
592 1256 770 1292 κακοτρόπων
795 1256 948 1293 ἀνθρώπων

161 1302 245 1337 ζωήν.
261 1300 327 1329 Εἷτά
341 1310 415 1337 φησι·

1001 1028 1106 1060 siasles,
1125 1028 1214 1054 omnia
1232 1026 1346 1053 vanitas.

1037 1072 1149 1100 Scilicet
1166 1080 1226 1107 qua:
1242 1072 1369 1106 superius
1384 1069 1560 1096 denominata
1586 1073 1662 1100 sunt,
1690 1068 1785 1095 iisdem

1001 1126 1073 1146 nunc
1093 1118 1177 1145 etiam
1202 1116 1436 1153 appellationibus
1461 1116 1612 1143 insectatur
1633 1114 1707 1149 (42);
1727 1120 1789 1141 sunt

1001 1170 1104 1198 autem,
1121 1169 1152 1192 ut
1165 1165 1247 1191 tnodo
1261 1163 1391 1195 diximus,
1406 1161 1499 1189 omnia
1513 1161 1592 1188 malae
1604 1160 1790 1195 improbazqne

1001 1219 1033 1238 ac
1059 1218 1193 1246 perversae
1223 1209 1372 1237 voluntatis
1397 1208 1529 1243 germina,
1555 1215 1616 1242 quae
1641 1206 1788 1241 pessimam

1008 1258 1207 1293 ﬂagitiosorum
1241 1256 1384 1283 hominum
1426 1254 1508 1281 vitam
1548 1253 1702 1288 designanl.
1745 1253 1789 1279 Att

1002 1303 1099 1331 deinde
1111 1312 1120 1327 ξ

941 1361 1007 1397 5x.

197 1420 252 1448 Kal
264 1419 479 1454 περισσότερον
489 1439 497 1453 ,
511 1419 555 1446 ὅτι
576 1419 694 1454 ἐγένετο
714 1419 954 1453 Ἐκκλησιαστὴς

161 1467 269 1502 σοφὸς,
296 1465 344 1493 καί
361 1465 502 1492 ἐδίδασκε
517 1465 630 1501 γνῶσιν
646 1465 708 1491 σὺν
719 1463 771 1491 τὸν
785 1464 952 1498 ἄνθρωπον,

161 1513 210 1539 καὶ
231 1513 287 1539 οὐκ
309 1510 512 1546 ἐξιχνιάσεται
544 1510 670 1544 κόσμιον
696 1509 885 1544 παραϐολῶν.

195 1604 253 1640 Τὴν
273 1602 429 1638 ἀκροτάτην
449 1602 496 1630 καὶ
517 1602 692 1638 τελειοτάτην
705 1601 812 1637 σοφίαν,
827 1601 860 1638 ἣν
876 1601 950 1637 αὐτῷ
964 1622 984 1652 c

161 1650 261 1677 ἔδωκεν
286 1651 300 1676 ό
320 1649 386 1682 Θεὸς
411 1648 456 1676 διὰ
481 1650 530 1684 τῆς
554 1649 703 1684 ὀνομασίας
725 1649 773 1675 τοῦ
800 1648 949 1682 περισσοῦ

161 1695 304 1731 προδήλως
321 1695 480 1728 αἰνίττεται,
502 1695 593 1727 καθὼς
609 1696 638 1721 ἐν
649 1696 709 1726 ταῖς
728 1694 883 1726 Βασιλείαις
898 1703 950 1729 φη-

163 1743 215 1768 σίν-
229 1751 238 1767 ι
260 1741 324 1768 Ἰδοὺ
342 1741 479 1777 πεποίηκα
494 1741 564 1768 κατὰ
578 1742 608 1767 τί)
627 1741 703 1776 ῥῆμά
723 1748 782 1767 σου·
803 1740 858 1768 ίδοὺ
873 1740 951 1766 δέδω-

162 1787 199 1814 κά
215 1795 256 1813 σοι
271 1786 386 1821 καρδίαν
400 1786 536 1821 φρονίμην
550 1787 598 1812 καὶ
611 1786 707 1821 σοφὴν,
723 1786 776 1821 πρὸ
791 1785 838 1812 σοῦ
850 1786 900 1812 οὐκ
916 1783 950 1821 ἦν

162 1830 256 1865 ὅμοιός
279 1837 336 1862 σου,
359 1830 406 1855 καὶ
423 1829 493 1863 μετὰ
520 1829 550 1856 σὲ
576 1829 626 1856 οὐκ
649 1831 831 1865 ἀναστήσεται
858 1830 951 1864 ὅμοιός

164 1884 217 1902 σοι.
237 1885 246 1900 ι
265 1875 320 1901 Καὶ
335 1875 426 1908 πάλιν,
444 1884 453 1901 ‹
469 1874 573 1902 Ἔδωκε
591 1875 694 1910 Κύριος
708 1875 838 1911 φρόνησιν
849 1875 888 1911 τῷ
897 1876 950 1901 Σα-

163 1921 256 1956 λομῶν
273 1921 320 1947 καὶ
344 1920 440 1955 σοφίαν
455 1920 556 1955 πολλὴν
569 1920 670 1955 σφόδρα
690 1921 737 1947 καὶ
750 1920 826 1955 χύμα
842 1921 950 1955 σοφίας.

163 1967 201 1997 ὡς
219 1967 235 2001 ἡ
252 1965 344 2000 ἄμμος
361 1966 377 2000 ἡ
402 1966 478 2001 παρὰ
494 1966 543 2000 τὴν
560 1965 710 1997 θάλασσαν,
729 1967 774 1992 καὶ
795 1965 950 2001 ἐπληθύνθη

164 2013 246 2047 σοφίᾳ
265 2011 394 2046 Σαλομῶν
410 2012 513 2047 σφόδρα
534 2011 605 2046 ὑπὲρ
626 2011 675 2046 τὴν
690 2011 821 2046 φρόνησιν
842 2011 951 2038 πάντων

163 2058 285 2093 ἀρχαίων
308 2057 478 2091 ἀνθρώπων,
505 2057 551 2084 καὶ
576 2057 646 2092 ὑπὲρ
673 2057 777 2088 πάντας
801 2057 950 2093 φρονίμους

163 2102 313 2136 Αἰγύπτου,
332 2102 379 2128 καὶ
396 2102 540 2136 ὲσοφίσατο
554 2101 624 2137 ὑπὲρ
642 2101 746 2133 πάντας
761 2101 949 2137 ἀνθρώπους..

164 2149 220 2183 Οὐχ
234 2148 327 2179 ἁπλῶς
341 2148 369 2174 δὲ
385 2147 462 2174 τοῦτό
486 2156 568 2183 φησιν
583 2147 597 2173 ὁ
618 2147 698 2181 σοφὸς
722 2147 950 2182 Ἐκκλησιαστὴς,

163 2194 222 2220 ἀλλ’
240 2193 283 2220 ἵνα
304 2193 403 2228 μᾶλλον
430 2192 656 2228 ἀξιοπιστοτέρας
681 2193 877 2228 ὲγκαταστήσῃ
900 2192 949 2223 τὰς

165 2239 233 2270 ιδίας
249 2240 407 2274 εὶσηγήσεις
429 2241 486 2271 τοῖς
516 2239 681 2275 πυθομένοις
692 2259 699 2271 ,
719 2239 766 2266 καὶ
782 2238 952 2274 πιστώσηται

166 2284 273 2318 σαφῶς,
286 2285 323 2320 μὴ
339 2285 383 2311 διὰ
399 2285 447 2321 τὴν
465 2286 569 2312 ἐκείνου
586 2285 665 2321 μόνον
679 2285 824 2320 ὠφέλειαν,
843 2285 892 2319 τῆς
906 2293 950 2311 το-

164 2330 264 2365 σαύτης
274 2331 349 2365 παρὰ
358 2331 404 2357 τοῦ
415 2331 481 2357 Θεοῦ
489 2331 542 2357 τῶν
549 2331 616 2358 ὅλων
626 2331 776 2366 ἀξιωθῆναι
789 2330 948 2365 cogit:ng

162 2377 196 2403 λὰ
205 2377 330 2411 καὶπρὸς
341 2376 371 2403 τὸ
383 2377 472 2412 πολλῷ
482 2377 582 2412 μᾶλλον
600 2376 706 2409 διδάξαι
716 2378 779 2408 τοὺς
788 2376 947 2412 ἀνθρώπους

162 2415 264 2455 γνῶσιν
285 2420 332 2447 καὶ
352 2422 448 2456 σοφίαν
469 2422 516 2448 καὶ
532 2421 650 2454 σύνεσιν,
666 2421 732 2456 πρὸς
752 2422 783 2448 τὸ
797 2422 901 2452 πάντας
918 2423 947 2448 ὲν

199 2511 258 2546 (62)
289 2511 386 2546 Aquila
400 2533 406 2544 ,
439 2516 469 2539 nt
492 2511 578 2543 solet,
604 2511 695 2542 vertit,
710 2511 796 2545 ἀτμὸς
818 2510 948 2546 dentem,

163 2554 245 2580 vapor
264 2545 360 2581 nempe
371 2552 395 2573 et
410 2547 499 2608 {unius
515 2554 614 2577 merus,
631 2547 724 2573 eadem
738 2545 947 2579 signiﬁcatione.

164 2582 264 2608 Scribit
280 2589 342 2608 vero
358 2583 391 2608 ad
419 2590 481 2608 tunc
500 2582 586 2608 locum
610 2581 644 2608 de
665 2581 828 2608 Ecclesiaste
854 2579 947 2607 Hiero-

164 2582 264 2608 Scriliit
280 2579 342 2609 vero
358 2583 391 2608 ad
410 2579 481 2609 hunc
500 2582 586 2608 locum
610 2581 644 2608 de
665 2581 828 2608 Ecclesiaste
854 2579 950 2607 Hiero-

164 2624 284 2651 nymus:
312 2626 322 2642 ι
341 2618 405 2644 Post
432 2617 641 2651 descriptionem
666 2616 791 2643 interitus
818 2615 949 2651 humani,

164 2650 278 2685 pulchre
293 2653 435 2678 exordium
452 2652 511 2678 libri
524 2650 576 2678 sui
602 2657 737 2686 repetens,
753 2651 791 2677 ait
808 2659 814 2676 :
837 2650 949 2686 Vanitas

163 2684 322 2718 inuitatum,
344 2687 412 2713 dixit
440 2684 729 2717 Ecdesiaatesfomnia
749 2685 862 2712 uanitas.
880 2684 949 2712 Cum

163 2721 236 2756 enim
252 2726 367 2749 cunctus
383 2722 539 2749 mortalium
559 2722 644 2754 labor,
667 2722 702 2748 de
714 2729 768 2756 quo
786 2721 812 2748 in
831 2725 887 2747 toto
903 2728 950 2747 vo-

163 2755 268 2782 lumine
281 2757 448 2790 disputatum
463 2763 515 2789 est.
540 2757 593 2784 huc
608 2755 758 2791 perveniat.
779 2762 809 2783 ut
828 2761 949 2782 reverta-

165 2794 210 2818 tur
225 2791 314 2825 pulvis
330 2792 357 2818 in
371 2797 471 2819 terram
485 2799 562 2819 suatn
576 2811 584 2823 ,
601 2797 628 2819 ct
643 2793 734 2818 anima
753 2791 818 2818 illuc
840 2791 946 2822 redeat,

165 2826 236 2862 unde
250 2832 357 2861 sumpta
378 2832 435 2859 est,
459 2835 564 2862 magna:
579 2827 708 2854 vanitatis
720 2831 762 2854 est
779 2827 804 2853 in
823 2826 876 2853 hoc
897 2834 947 2854 sae-

164 2861 226 2888 culo
241 2861 377 2893 laborare,
392 2868 419 2889 et
433 2862 500 2889 ιιίΙιιΙ
510 2861 653 2896 profutura
671 2862 842 2896 conquirere.
863 2871 872 2887 ι

200 2896 256 2931 (43)
277 2896 329 2924 Sed
345 2900 416 2932 apud
434 2897 503 2924 LXX
519 2897 632 2932 legimus
645 2917 651 2929 ,
674 2897 727 2923 Καὶ
752 2897 879 2932 περισσὸν
903 2898 944 2924 ὅτι

1040 1419 1121 1448 Vens.
1141 1419 1167 1448 9.
1186 1419 1219 1446 Et
1237 1419 1362 1454 amplius,
1380 1417 1442 1453 quia
1456 1417 1543 1452 factus
1560 1420 1598 1442 est
1616 1415 1789 1442 Ecclesiastes

1003 1465 1117 1498 sapiens,
1134 1469 1158 1492 et
1172 1463 1280 1491 docebat
1296 1463 1435 1490 scientiam
1453 1463 1594 1494 hominem,
1610 1466 1634 1488 et
1650 1469 1701 1487 non
1716 1469 1790 1488 scru-

1005 1511 1103 1538 tabitur
1119 1516 1240 1538 ornatum
1256 1509 1443 1545 parabolarum
1463 1508 1531 1545 (45).

1040 1597 1180 1626 Summam
1206 1596 1413 1634 perfectamque
1441 1597 1619 1634 sapientiam,
1640 1605 1721 1633 quam
1750 1598 1788 1626 illi

1002 1645 1074 1672 Deus
1098 1645 1190 1676 dedit,
1216 1645 1400 1679 amplitudinis
1429 1645 1612 1679 appellatione
1641 1644 1788 1672 manifesto

1002 1691 1147 1725 signiﬁcat,
1159 1690 1390 1725 quemadmodum
1404 1691 1431 1717 in
1449 1690 1553 1726 Regum
1565 1690 1643 1718 libris
1656 1691 1787 1725 legimus:

1005 1744 1014 1760 ι
1035 1735 1104 1763 Ecce
1130 1735 1181 1764 feci
1206 1736 1358 1763 secundum
1384 1743 1526 1764 sermones
1545 1741 1628 1764 tuos:
1645 1743 1708 1764 ecce
1727 1737 1788 1764 ιιι-ὀί

1002 1780 1051 1807 tibi
1070 1788 1118 1807 cor
1132 1781 1243 1815 sapiens
1256 1785 1283 1808 et
1301 1781 1458 1816 intelligens
1475 1781 1501 1808 in
1521 1785 1636 1813 tantum,
1654 1786 1683 1808 nt
1699 1783 1790 1809 nullus

1003 1830 1066 1852 ante
1086 1829 1109 1852 te
1125 1826 1224 1853 similis
1245 1827 1282 1853 tui
1300 1826 1401 1858 fuerit,
1420 1834 1468 1854 nec
1486 1831 1548 1861 post
1571 1831 1597 1854 te
1613 1833 1789 1855 surrecturus

1003 1871 1037 1898 sit
1055 1871 1122 1906 (Η).
1143 1881 1153 1897 ι
1175 1872 1209 1898 Ει
1232 1880 1328 1900 rursus
1353 1881 1359 1899 :
1380 1881 1389 1898 ι
1408 1872 1486 1900 Dedit
1513 1872 1646 1900 Dominus
1672 1874 1790 1908 pruden-

1002 1918 1068 1943 tiam
1098 1917 1238 1944 Salomoni
1267 1922 1292 1944 et
1322 1917 1482 1952 sapientiam
1508 1918 1618 1945 multam
1653 1919 1733 1945 nimis
1763 1923 1790 1945 et

1003 1961 1208 1995 amplitudinem
1243 1962 1404 1997 sapientia,
1443 1963 1524 1997 quasi
1562 1970 1695 1995 arenam,
1729 1971 1790 1998 qnte

1002 2012 1044 2035 est
1071 2007 1097 2034 in
1125 2008 1215 2035 littore
1240 2008 1336 2041 maris,
1362 2013 1389 2035 et
1411 2008 1561 2042 completus
1588 2013 1629 2035 est
1656 2010 1789 2044 sapientia

1004 2053 1133 2080 Salomon
1159 2054 1241 2081 nimis
1269 2062 1352 2089 super
1377 2054 1553 2089 prudentiam
1571 2054 1693 2081 omnium
1717 2056 1789 2082 anti-

1003 2108 1130 2134 quorum,
1151 2104 1177 2127 et
1191 2108 1273 2134 super
1289 2108 1385 2128 omnes
1400 2100 1539 2135 sapientes
1560 2100 1684 2136 Egypti,
1699 2106 1725 2129 et
1745 2109 1790 2129 sa-

1004 2146 1103 2180 pientia
1129 2147 1255 2181 praestitit
1281 2147 1410 2174 omnibus
1438 2147 1596 2174 hominibus
1615 2147 1681 2183 (45).
1705 2157 1715 2173 ι
1737 2148 1792 2175 Nec

1003 2199 1068 2219 vero
1083 2192 1140 2219 haec
1157 2193 1217 2220 sine
1232 2200 1314 2220 causa
1335 2193 1440 2228 profert
1459 2193 1568 2228 sapiens
1587 2193 1770 2221 Ecclesiastes
1783 2215 1790 2226 ,

1004 2237 1050 2264 Sed
1069 2242 1098 2265 ut
1116 2238 1219 2265 monita
1244 2245 1293 2265 sua
1317 2238 1491 2266 auditoribus
1516 2240 1567 2266 tide
1585 2239 1687 2274 majore
1711 2240 1792 2275 digna

967 2289 990 2319 ι)
1003 2282 1111 2315 eﬂiciat,
1123 2287 1150 2310 et
1161 2283 1212 2310 hoc
1224 2283 1275 2310 sibi
1287 2284 1405 2319 quisque
1420 2285 1595 2319 persuadeat,
1612 2292 1667 2311 non
1684 2289 1793 2319 propter

1003 2329 1089 2356 solam
1103 2329 1176 2356 illius
1188 2330 1333 2356 utilitatem
1347 2334 1452 2357 tantum
1465 2330 1489 2358 ei
1503 2330 1644 2365 sapientia:
1656 2338 1670 2356 a
1683 2337 1792 2357 summo

1002 2375 1057 2402 Deo
1083 2383 1144 2403 esse
1171 2376 1352 2410 impertitum,
1377 2376 1425 2403 sed
1449 2376 1532 2404 etiam
1550 2381 1580 2403 ut
1602 2375 1743 2403 scientiam
1765 2379 1792 2402 et

1001 2421 1162 2456 sapientiam
1182 2421 1410 2456 prudentiamque
1425 2422 1579 2456 impensius
1598 2422 1725 2449 homines
1740 2422 1789 2447 do~

1004 2510 1113 2544 ἐγένετο
1131 2510 1349 2546 Ἐκκλησιαστὴς
1377 2510 1469 2546 σοφδς,

1004 2547 1052 2573 σὺν
1066 2546 1111 2571 τὸν
1126 2545 1279 2580 ἄνθρωπον,
1296 2547 1343 2572 καὶ
1359 2545 1406 2577 οὒς
1426 2545 1644 2580 ὲξιχνιάσεται...

1039 2581 1095 2616 (ιίιί)
1116 2580 1148 2607 Ill
1172 2580 1237 2615 Reg.
1260 2589 1308 2613 Ill,
1341 2581 1385 2608 12.
1416 2580 1450 2607 At
1477 2580 1548 2608 LXX
1572 2581 1704 2608 habent...
1735 2581 1790 2607 Καὶ

1004 2617 1102 2677 σιὲφήν⁸
1121 2617 1158 2647 ὡς
1184 2617 1216 2642 σὺ
1235 2616 1266 2642 οὑ
1280 2617 1391 2650 γέγονεν
1406 2616 1562 2652 ἔμπροσθέν
1577 2625 1635 2649 σου,
1653 2616 1700 2643 καὶ
1720 2617 1790 2651 μετὰ

1004 2660 1020 2677 σ

1004 2660 1069 2678 σε...

1043 2687 1099 2723 (45)
1116 2686 1149 2714 llI
1170 2685 1236 2723 Reg.
1253 2684 1350 2723 tv,_29_.
1367 2684 1445 2723 Apud
1469 2685 1540 2713 LXX
1563 2686 1729 2723 inveniest.._
1741 2685 1790 2712 καὶ

1005 2720 1107 2754 πλάτος
1129 2720 1259 2757 καρδίας,
1281 2721 1318 2753 ἀς
1337 2721 1354 2757 ἡ
1377 2722 1504 2756 ἅμμος...
1528 2722 1575 2748 καὶ
1596 2720 1751 2756 ἐπληθύνθη
1771 2723 1787 2755 ἡ

1006 2758 1136 2801 φρόνησις
1155 2757 1284 2801 ξαλορὼν
1303 2757 1494 2801 σφέδραὶῠπὲρ
1507 2757 1555 2792 τὴν
1575 2757 1705 2801 φρόνησιν
1720 2757 1789 2801 πέν-

1004 2791 1058 2819 em
1075 2791 1140 2819 υἱῶν
1156 2792 1288 2827 ἀρχαίων,
1307 2792 1354 2818 καὶ
1369 2791 1438 2826 ὑπὲρ
1455 2791 1559 2824 πάντας
1577 2791 1726 2827 φρονίμους
1741 2791 1790 2827 Ai-

1004 2829 1117 2862 γύπτου.
1133 2828 1244 2862 Reliqua
1261 2827 1368 2854 desunt.
1386 2827 1448 2854 Ηίευ
1464 2827 1535 2854 enim
1550 2826 1721 2862 sequuntur,
1743 2826 1789 2853 καὶ

1004 2864 1083 2890 ἔλασε
1101 2863 1150 2898 τὴν
1169 2861 1307 2898 θυγατέρα
1321 2861 1456 2898 Φαραώ...

1495 2511 1536 2538 ὄτι
1559 2510 1663 2543 ἐδίδαξε
1689 2510 1790 2544 γνῶσιν
