2041 3159
176 137 244 170 1181
859 143 960 174 DISSE

1009 145 1120 176 l‘ATIO.
1737 148 1805 181 1182

176 193 592 248 itus-titeizvmthpovouﬁofopsu'
603 197 632 223 ὲν
645 197 721 233 αὐτῷ
735 199 847 234 Χριστῷ
858 200 896 235 τῷ
906 200 960 235 eas

1017 208 1042 230 et
1059 203 1202 238 imperium
1226 211 1289 232 eum
1322 205 1510 240 omnipotente
1539 204 1629 236 Patre,
1655 209 1682 232 et
1709 211 1805 233 sancto

175 239 268 274 ἡμῶν,
281 239 303 273 ᾧ
315 240 331 274 ἡ
349 239 412 271 δόξα
430 241 477 267 καὶ
490 241 521 267 τὸ
535 242 635 276 κράτος
650 243 699 270 σὺν
712 243 750 279 τῷ
764 245 960 280 παντοκράτορη

1018 248 1143 284 bonoque
1156 257 1188 276 ac
1202 250 1264 277 vita?
1277 255 1389 278 auclore
1410 250 1526 285 Spiritu,
1536 258 1610 282 nunc
1623 255 1650 278 et
1659 258 1767 286 semper
1778 256 1805 278 et

177 285 267 320 Πατρὶ
299 286 346 312 καὶ
369 285 409 321 τῷ
433 287 558 323 παναγεῳ
581 289 628 315 καὶ
653 289 750 324 ἀγαθῷ
775 290 821 316 καὶ
842 290 960 326 ζωοποιᾷ

1019 295 1045 321 in
1060 295 1161 322 saecula
1181 296 1354 324 saeculorum.
1369 297 1467 323 Amen.

177 332 338 367 Πνεόματι,
363 332 410 359 νῦν
434 333 481 360 καὶ
503 334 546 359 ἀεὶ
571 335 618 361 καὶ
641 335 681 365 εἰς
706 336 768 366 τοὺς
793 335 895 367 αἰῶνας
913 337 968 363 τῶν

178 377 294 405 αἰώνων.
321 378 420 413 Ἀμήν.

353 424 442 458 Τέλος
461 424 515 452 τοῦ
539 425 794 459 Ἐκκλησιιιστοῦ.

1266 423 1344 451 Finis
1378 424 1556 454 Ecclesium.

184 539 1785 559 Μ

717 634 799 672 ²⁹⁶
848 629 1268 694 ΑΡΡΕΝΒΙΧ.

217 821 391 862 Reliquum
404 825 464 859 est,
479 825 515 854 ut
531 822 612 853 illud
627 826 787 863 prmstem,
811 825 898 863 quod
915 825 946 855 in
963 824 1226 856 annotationibus
1249 825 1288 855 ad
1302 823 1430 855 Leontii
1452 824 1719 856 commentarium
1753 834 1802 854 re-

178 871 263 910 cepi,
279 881 328 903 me
341 872 464 904 scilicet
479 877 677 909 curaturum,
693 877 728 903 ut
742 873 779 903 ad
797 873 913 905 calcem
930 875 1045 914 Operis
1061 875 1250 905 Dissertatio
1263 875 1396 905 Joannis
1413 876 1545 906 Lancea;
1560 877 1599 906 de
1613 879 1701 905 astate
1720 875 1802 905 Gre-

177 921 260 960 εοΓῆ
277 922 376 952 nostri
391 923 554 953 ederetur.
570 924 650 954 Ecce
674 931 749 954 vero
763 923 864 961 illam,
881 925 987 963 qualis
1004 925 1086 956 inter
1115 924 1279 964 Opuscula
1307 929 1472 956 auctorum
1493 926 1691 964 Siculorum,
1708 930 1729 956 l.
1745 925 1801 961 IV,

179 981 249 1012 pag.
266 972 301 1009 5,.
315 971 401 1004 edita
415 977 463 1004 est
479 973 625 1004 Panormi
641 981 725 1005 anno
741 973 828 1004 1760.

435 1078 490 1108 DE
508 1077 655 1110 ΕΤΑΤΕ
683 1080 718 1110 Β.
739 1081 935 1112 GREGORH
961 1081 1329 1114 AGRIGENTINORUM
1363 1082 1542 1113 EPJSCOPI

785 1173 1178 1220 DlSSEBTATIO

698 1277 841 1306 JOANNIS
854 1278 1004 1307 LANCEE
1019 1279 1269 1308 PANORMITANI.

211 1434 233 1462 1.
243 1433 373 1462 Octavius
380 1432 660 1469 Cajetanus,egregia:
667 1433 708 1460 vel
719 1432 864 1468 singularis
874 1434 964 1468 potius
980 1437 1000 1464 Β
1015 1437 1134 1464 oratione
1150 1437 1281 1469 temulari,
1296 1436 1335 1464 vel
1357 1440 1425 1463 certe
1440 1437 1471 1463 de
1490 1438 1590 1464 sanctis
1606 1437 1659 1465 illis
1686 1440 1801 1474 magnis-

175 1480 309 1508 doctrina:
336 1480 388 1512 vir,
420 1480 522 1514 quique
541 1479 635 1506 Siculo
652 1479 755 1506 nomini
782 1479 902 1506 maximo
914 1479 965 1506 fuit

176 1528 358 1558 incremento,
375 1527 446 1554 vitas
459 1526 629 1554 concinnans
657 1526 810 1554 sanctitatis
842 1526 915 1553 fama
934 1527 965 1553 il-

176 1573 304 1600 lustrium
338 1572 514 1605 Siculorum,
546 1572 664 1607 publicis
696 1572 793 1599 litteris
827 1573 965 1600 commisit

177 1617 285 1646 Leontii
301 1619 427 1645 monachi
447 1618 683 1645 Commentarium
698 1638 706 1650 ,
733 1617 827 1645 Graece
852 1618 962 1652 quidem

175 1666 319 1699 scriptum,
337 1664 383 1692 sed
400 1664 610 1691 Latinetantum
627 1667 864 1697 repraesentatum,
881 1663 964 1689 inter-

175 1715 251 1744 prete
272 1709 419 1736 Francisco
442 1709 548 1743 Rajato,
573 1709 607 1736 de
631 1709 712 1735 rebus
738 1715 752 1735 a
788 1708 962 1735 sanctissimo

175 1755 413 1790 Agrigentinorum
447 1755 576 1789 episcopo
594 1754 726 1789 Gregorio
742 1755 836 1789 gestis,
861 1755 907 1788 qui
925 1759 964 1781 tot

175 1801 275 1829 saecula
298 1792 333 1828 'in
352 1800 519 1828 Messanensi
546 1800 747 1827 Basilianorum
766 1800 963 1826 monachorum

176 1847 342 1874 bibliotheca
372 1847 529 1874 delituerat.
545 1846 651 1881 Quippe
678 1853 742 1872 vero
768 1845 882 1872 scholiis
898 1846 962 1872 illu-

174 1891 318 1918 strandum
335 1891 387 1918 sibi
403 1891 544 1925 imposuit,
563 1891 696 1926 quidquid
714 1891 766 1918 hoc
781 1898 896 1917 munere
918 1890 962 1916 di-

175 1944 258 1972 gnum
291 1936 467 1964 exhiberetur
480 1936 506 1963 in
525 1936 559 1963 iis
575 1936 618 1963 vel
631 1936 666 1963 ah
695 1943 766 1968 sese,
783 1936 824 1962 vel
841 1935 876 1962 ab
889 1935 961 1967 aliis,

174 1990 292 2017 quorum
320 1987 461 2017 promeret
486 1990 566 2016 opus,
596 1982 856 2016 conscriptis,hanc
872 1981 960 2016 ipsam

175 2030 282 2056 navavit
309 2034 429 2064 spartam
449 2029 475 2055 in
499 2029 604 2055 Leontii
622 2028 735 2055 historia
754 2027 870 2054 edenda.
889 2027 961 2062 Ergo

175 2077 221 2104 ubi
243 2077 452 2112 disquireudutn
481 2077 533 2104 sibi
557 2077 639 2103 sumit
667 2076 700 2103 de
719 2080 807 2107 attate,
823 2083 878 2110 qua
892 2075 962 2102 vixit

174 2123 335 2158 Gregorius,
360 2123 387 2150 in
401 2130 460 2150 eam
479 2123 527 2149 ivit
553 2122 725 2153 sententiam,
742 2129 825 2156 quam
853 2121 960 2148 cunctis

174 2168 240 2195 viris
269 2167 412 2202 equisque,
430 2171 460 2194 ut
479 2167 590 2199 dicitur,
608 2171 760 2202 propugnat
781 2188 788 2200 ,
809 2166 962 2201 conjicien—

174 2215 236 2242 dum
249 2214 325 2241 illum
341 2214 368 2241 in
392 2212 538 2241 Iustiniani
561 2212 572 2239 Ι
595 2213 666 2247 Aug.
686 2216 820 2246 tempora,
844 2211 961 2238 erroris-

173 2268 226 2295 que
242 2261 350 2288 incusat
361 2267 423 2287 cum
460 2258 606 2292 Menologii
624 2278 631 2290 ,
665 2257 767 2284 Basilio
799 2256 894 2291 lAug.
917 2257 961 2291 ju-

175 2307 257 2334 bente
271 2306 427 2340 perscripti,
449 2310 506 2332 tum
522 2305 656 2339 epitomes
673 2304 734 2331 vita:
749 2307 900 2335 auctorem,
914 2311 962 2330 cu-

171 2354 216 2388 jus
231 2353 354 2381 Griecum
375 2353 513 2387 exemplar
541 2359 574 2379 ex
603 2359 654 2378 ms.
671 2351 767 2378 codice
793 2349 898 2377 Veneto
913 2350 960 2376 de-

174 2404 330 2434 promptum
351 2399 402 2426 sibi
419 2398 531 2425 miserat
547 2396 579 2424 V.
602 2396 642 2424 Cl.
664 2396 862 2423 Constantinus
879 2394 961 2422 frater

173 2444 258 2471 abbas
282 2443 486 2474 Benedictinus.
509 2450 624 2477 eamque
641 2441 788 2468 Latinitate
808 2441 936 2468 donatam
951 2460 958 2471 ,

174 2490 288 2524 suisque
333 2493 443 2516 auctam
503 2487 789 2515 animadversionibus
820 2487 959 2521 supplevit

175 2534 331 2562 Leontianae
344 2535 477 2567 historix,
489 2534 553 2569 quia
564 2534 665 2562 diserte
674 2534 708 2561 ab
720 2534 752 2560 iis
764 2533 797 2560 ad
810 2534 874 2567 imp.
888 2533 957 2560 C:es.

171 2579 319 2607 Justiniani
333 2579 354 2607 ll
372 2588 460 2607 annos
495 2579 642 2608 referatur.
659 2580 806 2607 Sententiae
828 2587 884 2606 suae
898 2579 959 2606 fun-

172 2625 329 2652 damentum
343 2626 411 2653 ineo
424 2626 553 2660 positum,
571 2626 642 2660 quod
657 2625 797 2656 Leontius,
814 2630 957 2660 postquam

172 2675 327 2697 enarrasset
338 2671 516 2698 mcumenicae
533 2671 638 2706 synodo
647 2670 958 2705 Constantinopolitana:

171 2715 328 2743 interfuisse
342 2716 515 2751 Gregorium,
530 2725 674 2751 personam
695 2721 831 2751 gerentem
851 2719 958 2752 episco-

172 2759 198 2793 pi
214 2759 334 2786 Sardicae
344 2761 512 2787 Constantius
537 2760 631 2796 Cypri,
659 2761 859 2796 hazrcticosque
877 2761 956 2796 plane

171 2805 340 2839 proﬂigasse,
367 2805 423 2833 lnec
442 2806 540 2834 tradit:
558 2807 624 2839 Quae
638 2815 701 2833 sane
721 2814 781 2833 cum
795 2806 872 2833 multi
883 2816 957 2834 acce-

172 2850 280 2884 pissent,
296 2851 427 2877 undenam
441 2851 480 2877 vir
495 2851 542 2878 istc
554 2853 566 2878 7
579 2851 703 2879 Dicebant
718 2860 726 2879 .'
746 2852 872 2888 Anqelum
888 2853 957 2880 enim

1015 1490 1064 1516 que
1080 1482 1203 1508 Patribus
1216 1483 1364 1516 quempiam
1376 1482 1454 1516 plane
1469 1482 1581 1509 videtur.
1597 1483 1629 1509 At
1640 1489 1735 1517 prwter
1748 1494 1801 1512 ctr-

1016 1530 1084 1552 teros
1107 1526 1263 1553 incredibile
1285 1526 1352 1560 cepit
1378 1533 1411 1552 ea:
1429 1526 1534 1553 [tantine
1568 1528 1692 1561 gaudium
1713 1529 1802 1562 piissi-

1000 1580 1072 1598 -mus
1092 1572 1236 1606 imperator
1262 1577 1349 1598 noster
1363 1571 1531 1598 lustinianus
1547 1591 1554 1603 ,
1568 1578 1724 1608 senatusque
1742 1575 1803 1601 uni-

1014 1625 1114 1644 versus.
1132 1617 1198 1644 Eum
1211 1617 1292 1652 igitur
1311 1618 1455 1652 amp/exuti
1474 1618 1568 1645 Patres
1587 1626 1686 1650 omnes,
1709 1621 1755 1654 qui
1768 1620 1802 1647 ad

1014 1670 1071 1689 eam
1091 1664 1218 1698 synodum
1244 1668 1427 1694 convenerant,
1451 1664 1533 1698 eique,
1553 1668 1583 1690 ut
1600 1664 1658 1698 jam
1671 1665 1798 1698 diximus,

1014 1709 1153 1742 gratulati,
1173 1709 1207 1735 ad
1226 1717 1288 1735 suos
1320 1709 1437 1743 ipsorum
1466 1709 1538 1736 sedes
1557 1710 1666 1744 quisque
1688 1711 1796 1738 rediere.

1016 1754 1088 1788 Ergo
1105 1755 1144 1781 sic
1166 1755 1261 1781 statuit
1279 1755 1443 1789 Cajelanus:
1468 1755 1507 1786 Si,
1534 1763 1589 1789 quo
1615 1763 1688 1782 anno
1707 1757 1801 1784 habita

1013 1800 1250 1833 Constantinopoli
1267 1801 1389 1835 synodus
1407 1801 1589 1832 meumeniea,
1608 1809 1698 1828 rerum
1715 1803 1803 1836 potie-

998 1870 1001 1872 .
1014 1846 1095 1872 batur
1111 1844 1283 1871 .lttStinianus
1299 1845 1382 1879 Aug.,
1401 1853 1441 1871 nm
1453 1845 1576 1879 Gregorii
1590 1850 1656 1873 mlas
1670 1846 1703 1872 ad
1718 1846 1803 1873 Justi-

1013 1892 1125 1918 nianum
1138 1891 1146 1917 1
1159 1890 1322 1922 revocanda.
1335 1891 1414 1925 Cujus
1424 1891 1531 1925 imperii
1543 1899 1614 1917 anno
1625 1891 1670 1924 26,
1699 1891 1801 1920 Christi

1014 1937 1181 1972 Dionysiano
1198 1937 1261 1968 555,
1288 1941 1384 1964 coacta
1413 1937 1649 1972 Constantinopoli
1677 1945 1798 1964 meome-

1014 1983 1075 2009 nica
1087 1991 1103 2009 v
1118 1983 1251 2018 synodus,
1270 1990 1334 2009 nam
1351 1983 1384 2009 ad
1405 1991 1429 2009 vr
1441 1982 1513 2017 quod
1529 1983 1641 2016 attinet,
1656 1991 1716 2018 quae
1727 1983 1800 2010 Cun-

1014 2028 1254 2062 stantinopolitana
1284 2036 1324 2060 ιιι,
1347 2033 1510 2063 congregata
1527 2036 1600 2055 anno
1623 2028 1724 2055 Christi
1749 2029 1796 2055 681

1013 2075 1195 2102 Constantino
1232 2074 1373 2109 Pogonato
1415 2075 1577 2108 imperante.
1622 2074 1690 2100 Cum
1736 2081 1801 2100 vero

973 2109 995 2139 ο
1013 2121 1143 2148 Leontius
1153 2125 1232 2148 aetate
1243 2121 1356 2155 aequalis
1365 2120 1673 2155 fueritGregorio,utex
1684 2120 1801 2154 ipsumet

1012 2166 1209 2194 commentario
1235 2166 1369 2198 hauritur,
1399 2165 1474 2192 nullo
1502 2166 1583 2192 modo
1607 2165 1800 2197 dubitandum,

1012 2213 1076 2247 quin
1094 2219 1143 2239 nec
1156 2219 1218 2238 vera
1238 2211 1382 2238 tradiderit
1401 2211 1545 2242 Baronius,
1571 2211 1619 2245 qui
1637 2211 1663 2237 in
1679 2211 1754 2238 notis
1767 2211 1800 2237 ad

1011 2258 1167 2284 Romanum
1196 2256 1418 2291 Martyrologium
1439 2257 1520 2283 annis
1545 2255 1664 2283 Mauritii
1689 2257 1759 2289 Aug.
1773 2261 1801 2282 et

1011 2303 1135 2337 Gregorii
1162 2301 1181 2333 l,
1201 2301 1231 2328 P.
1248 2302 1295 2334 BL,
1313 2302 1432 2329 vindicat
1450 2302 1613 2336 Gregorium
1629 2301 1798 2335 episcopum,

1011 2356 1098 2383 neque
1114 2348 1202 2383 ipsum
1217 2347 1286 2374 adeo
1307 2347 1488 2381 Menologium
1514 2347 1693 2379 Basilianum,
1712 2355 1800 2382 neque

1010 2394 1120 2420 tandem
1145 2393 1328 2427 Epitomastes
1341 2384 1462 2424 Graecus,
1481 2392 1527 2426 qui
1553 2392 1586 2419 ad
1611 2392 1757 2418 lustiuiani
1775 2391 1797 2418 ll

1010 2437 1177 2465 Rhinotmcti
1215 2443 1336 2472 tempora
1365 2437 1540 2471 protrahunt.
1581 2435 1643 2463 Haec
1672 2436 1796 2470 Cajetani

1009 2485 1152 2511 sententiae
1166 2490 1285 2515 summa,
1296 2490 1367 2516 quae,
1383 2486 1413 2509 ut
1431 2482 1522 2516 specie
1540 2482 1597 2509 veri
1611 2490 1665 2508 non
1682 2483 1801 2509 distitu-

1010 2535 1045 2563 ta,
1061 2531 1097 2557 ita
1114 2537 1209 2564 reapse
1237 2529 1320 2563 (quod
1337 2528 1406 2555 tanti
1426 2527 1477 2555 viri
1495 2535 1562 2563 pace
1586 2528 1712 2563 dixerim)
1727 2535 1741 2554 a
1755 2536 1799 2555 ve-

1009 2575 1088 2602 ritate
1124 2581 1192 2601 sane
1219 2581 1301 2608 qtzam
1327 2573 1490 2605 abhorrens,
1517 2573 1590 2607 quod
1615 2581 1668 2600 non
1698 2581 1753 2600 uno
1781 2581 1797 2600 ε

1008 2620 1095 2654 capite
1113 2619 1222 2654 planutn
1240 2627 1283 2646 me
1311 2618 1448 2646 facturum
1471 2619 1589 2646 conﬁdo.
1612 2619 1708 2654 Itaque
1728 2620 1798 2647 rele-

1008 2673 1068 2700 gam
1085 2665 1265 2692 Leontianam
1288 2665 1441 2697 historiam,
1467 2669 1535 2697 tum,
1560 2672 1623 2699 quae
1644 2665 1797 2692 evertenda:

1007 2711 1144 2746 Cajetana:
1161 2711 1284 2746 opinioni
1303 2715 1461 2744 occurrunt,
1480 2718 1642 2745 proponam,
1659 2716 1798 2745 postretno

1006 2759 1095 2787 dicam
1123 2767 1183 2794 quae
1198 2759 1300 2786 sentio
1315 2759 1348 2786 de
1365 2758 1488 2793 Gregorii
1509 2763 1597 2791 relate,
1613 2766 1700 2793 eaque
1715 2766 1798 2794 argu-

1004 2811 1158 2834 mentorum
1174 2806 1292 2840 pondere
1308 2806 1462 2832 lirmavero.

1039 2853 1140 2887 ILAge
1168 2852 1224 2886 jam
1243 2851 1372 2880 Leontius
1395 2852 1499 2887 patrios
1532 2852 1605 2879 lares
1633 2851 1791 2881 deseruisse
