2041 3159
229 170 299 203 1183

673 171 722 201 DE
742 171 873 202 IETATE
891 173 920 204 S.
935 174 1123 205 GREGORII
1144 175 1399 205 AGRIGENTINI

1787 178 1858 211 118‘

226 227 389 263 Gregorium
411 226 597 262 Hierosolyma
616 227 780 262 cogitantem
807 229 904 256 scribit
926 230 1013 265 pridie
1027 233 1052 260 Α
1066 239 1128 264 nus,
1147 231 1308 266 Epiri-asinus
1326 230 1514 258 Antiochenus
1527 251 1534 264 ,
1557 229 1654 259 Petrus
1674 231 1854 269 JerOsolymi-

228 271 371 305 Kal..Jul.,
388 279 450 299 cum
473 279 576 302 annum
593 277 685 306 ageret
708 273 751 305 l8,
768 274 883 309 naviqtte
900 275 1015 310 imposi-

229 323 285 346 tum
304 318 497 352 Carthaginem
514 318 655 352 appulisse
673 324 734 353 post
760 323 815 347 tres
841 320 910 353 dies,
925 321 1016 356 ibique

234 364 353 398 hospitio
363 371 377 390 a
394 363 522 390 nauclern
536 364 594 398 ipso
608 369 762 399 exceptum,
772 366 818 400 qui
838 373 871 393 eo
887 366 1015 399 duxerat,

229 410 321 437 tandiu
334 410 502 441 consedisse,
518 410 608 444 quoad
638 409 745 437 Marcus
762 412 913 439 monachus
931 411 1016 440 Roma

231 456 373 482 advenerit
387 463 449 482 cum
466 453 627 489 Serapione,
639 460 666 482 ct
690 455 814 488 Leontio,
834 457 879 491 qui
893 457 943 492 (sic
959 465 1018 484 mo-

230 507 311 529 nente
333 501 399 536 Deo)
420 501 608 536 Hierosolyma
637 501 799 529 deduceret:
823 507 977 531 transacto:
1002 512 1017 532 a

229 547 404 581 Carthaginis
417 547 531 574 decessu
546 547 580 573 ad
601 546 853 582 Hierosolymorum
872 549 1018 575 adventum

231 600 337 619 menses
347 591 373 623 6.
392 592 437 619 ubi
453 600 468 618 a
484 592 603 619 Macario
619 593 678 625 ejus
694 593 770 620 urbis
788 594 917 628 episcopo
936 595 1017 630 297

231 637 389 664 Pentecoste
404 658 412 670 ,
439 645 499 672 quae
530 638 653 672 proxime
671 639 801 671 obvenit,
821 639 952 667 diaconus
961 640 1019 668 iue-

232 683 267 710 rit
281 684 411 710 initiatus:
422 683 537 711 subinde
550 691 615 711 vero
625 684 716 711 abisse
736 684 763 711 in
789 684 925 713 Olivetum
939 694 1019 714 mon-

234 733 298 760 tem,
319 729 364 756 ubi
378 737 479 756 annutn
495 730 629 763 integrum
646 730 818 758 diversatus:
836 731 898 758 inde
918 732 945 759 in
961 740 1020 760 ere—

234 782 306 801 mum
321 775 479 806 secessisse.
490 776 517 802 in
527 783 580 809 qua
591 783 679 803 annos
691 784 716 802 tv
727 776 834 804 delituit
844 787 850 804 :
859 777 1021 806 bincHiero-

233 819 337 853 solyma
351 827 501 851 reversum,
519 819 640 846 Macario
653 820 742 848 adhuc
763 821 890 854 pontiﬁce
901 843 908 855 ,
927 830 1020 849 mora-

234 867 345 899 tttmque
373 872 475 891 annum
498 873 595 897 unttm,
630 865 692 893 inde
715 865 887 894 Antiochiam
915 867 1021 902 Syrias]

1071 280 1151 302 Ianus
1169 275 1302 310 episcopi.
1319 275 1433 302 lubente
1447 283 1476 302 eo
1491 275 1554 310 (hoc
1574 280 1616 303 cst
1634 274 1801 311 Iustiniano,
1817 279 1857 306 ait

1070 321 1214 348 Liberatus
1227 329 1286 356 cap.
1305 321 1341 348 23
1356 321 1499 356 Breviarii)
1530 322 1632 349 dictata
1650 327 1689 350 est
1713 323 1741 349 in
1759 323 1855 359 0rigc<

1070 374 1138 398 nem,
1156 373 1180 393 ει
1197 367 1245 393 illa
1264 367 1388 402 Capitula
1402 368 1579 394 auat/tematt‘s
1592 368 1731 395 damnatio
1748 390 1755 402 ,
1775 378 1855 404 quam

1070 411 1258 439 subscribentes
1283 420 1335 438 una
1367 419 1426 438 cum
1459 411 1537 438 Mena
1565 413 1760 447 archiepiscopo
1785 413 1858 447 apud

1071 457 1327 492 Constantinopolim
1345 459 1451 492 reperti,
1463 458 1555 485 deinde
1579 459 1680 485 directa
1696 464 1734 486 est
1760 459 1856 493 l’igi/io

1072 502 1191 530 Romano
1206 505 1335 538 episeopo,
1353 503 1429 530 Zuilo
1451 503 1634 530 Alexandrino
1651 525 1659 536 ,
1687 504 1856 539 Euphrazmio

1072 549 1243 580 Antias/leno,
1258 554 1281 576 et
1305 548 1384 576 Petro
1407 548 1632 584 Jerosolymitano
1649 569 1656 582 ,
1678 550 1773 584 quibus
1798 558 1857 577 eam

1071 593 1259 627 accipientibus
1272 592 1396 627 Origenes
1409 592 1552 619 damnatus
1578 597 1617 619 est
1647 599 1766 620 mortuus
1781 613 1789 626 ,
1812 595 1857 628 qui

1072 639 1145 665 vivus
1164 639 1229 664 olim
1245 638 1333 672 fuerat
1352 643 1412 664 ante
1434 638 1588 664 damnatus.
1611 637 1745 665 Baronius
1763 639 1857 666 isthuc

1073 683 1215 717 consignat
1228 683 1261 710 ad
1276 690 1379 709 annum
1394 682 1455 715 546,
1472 682 1518 710 sed
1532 682 1614 717 Pagio
1630 683 1766 710 assentior
1777 704 1785 716 ,
1810 684 1857 718 qui

1073 728 1184 756 biennio
1197 728 1330 762 anticipat
1348 729 1392 762 (ad
1410 736 1474 754 ann.
1492 727 1566 762 5H).
1585 727 1634 760 Qui
1648 728 1731 762 igitur
1750 727 1858 762 Cajeta-

1073 782 1127 801 nus
1144 773 1377 808 Jerosolymorum
1393 773 1471 800 nobis
1485 774 1645 808 episcopum
1662 773 1785 801 obtrudit
1801 773 1859 800 Ma-

1073 819 1178 846 earium
1206 826 1250 845 an.
1266 818 1328 850 542,
1347 826 1408 845 cum
1428 818 1516 845 adhuc
1540 825 1612 845 anno
1636 819 1688 845 5“
1713 819 1858 854 episcopa-

1076 868 1132 890 tum
1145 867 1250 898 gercret
1263 862 1358 890 Petrus
1369 864 1382 889 ἲ
1394 863 1440 897 qui
1456 862 1604 896 Gregorius
1621 871 1636 890 ιι
1654 863 1772 890 Macario
1788 871 1858 890 ncn-

234 908 405 942 melrttpnlim
431 908 599 943 demigrasse
621 917 648 936 tv
673 909 711 936 Id.
733 910 845 944 Aprilis,
861 911 953 945 ibique
972 919 1021 938 an-
1038 908 1059 935 Β
1073 907 1138 934 dum
1155 907 1282 941 episcopo
1293 907 1427 934 diaconus
1439 908 1604 935 constitutus
1617 915 1689 934 anno
1702 908 1773 934 545?
1788 907 1860 935 Sane

234 962 297 981 num
322 954 424 988 egisse;
440 955 504 982 hinc
514 955 792 990 Constantinopolim,
806 956 1023 992 interfuisseque

233 1000 339 1034 synodo
354 1001 541 1031 meumrnicai,
567 1008 653 1035 eaque
685 1001 798 1028 dimissa
826 1002 940 1029 Romam
961 1010 1025 1037 pro-

235 1043 346 1077 fectum,
378 1052 433 1079 quo
463 1039 585 1080 pervenit
603 1054 628 1072 xi
657 1045 891 1079 Kal.Quintileis,
908 1054 1024 1081 moxque

235 1089 392 1122 episcopum
409 1089 595 1124 Agrigentinaz
615 1090 744 1118 Ecclesiae
762 1092 963 1119 renuntiatum.
985 1092 1024 1119 Ex

236 1133 285 1160 bac
304 1133 408 1161 Leontii
433 1138 592 1162 narratione
625 1135 699 1163 hunc
728 1137 825 1164 statuit
844 1136 1026 1172 Chronologi-

235 1187 323 1206 smum
334 1180 501 1214 Cajetanus:

272 1225 334 1252 5’52.
353 1234 419 1253 xvnt
435 1235 514 1261 agens
537 1233 636 1253 annum
650 1225 682 1252 ab
701 1228 793 1261 angelo
808 1228 923 1255 monitus
940 1229 1026 1263 pridie

239 1270 303 1298 Kal.
317 1271 386 1298 Julii
413 1273 521 1308 fugam,
542 1277 567 1299 et
594 1273 833 1307 peregrinationem
850 1273 1025 1309 Jerosolymi-

237 1323 326 1344 tonant
341 1319 462 1353 capessit.

273 1364 335 1390 545.
348 1364 413 1391 Post
429 1373 528 1392 menses
541 1366 595 1400 fere
611 1372 637 1391 Vi
648 1385 655 1397 ,
677 1363 872 1399 Jerosolymam
898 1366 1024 1399 peruenit,

239 1418 366 1445 sacraque
388 1410 445 1437 loca
476 1415 630 1441 veneratur,
659 1410 704 1436 ubi
731 1411 831 1436 sanctis
859 1410 1025 1439 Pentecostes

240 1455 330 1482 diebus
352 1465 367 1482 a
385 1456 502 1483 Macario
520 1457 640 1490 episcopo
652 1455 876 1491 Jerosolymitano
899 1457 1025 1484 diaconus

239 1502 391 1528 ordinatur.

276 1547 339 1574 5M.
360 1546 446 1573 Paulo
458 1552 516 1580 post
532 1549 627 1575 montis
659 1548 754 1576 Oliveti
779 1546 941 1574 inonasteria
961 1545 1024 1578 abit,

240 1598 318 1626 atque
331 1592 357 1617 in
373 1592 406 1618 iis
421 1600 519 1618 annum
533 1593 690 1620 diversatur.

275 1637 338 1664 549.
359 1636 400 1664 Ea:
427 1637 527 1665 Oliveto
560 1639 586 1665 in
605 1647 721 1666 eremum
748 1639 898 1666 interiorem
914 1637 1026 1671 secedit,

240 1688 263 1709 et
291 1690 375 1709 atinas
415 1691 441 1710 IV
476 1685 547 1718 aput
573 1692 660 1711 senem
700 1684 841 1719 quemdam
871 1691 1024 1710 commora-

243 1733 295 1756 tur.

278 1775 340 1802 550.
355 1774 520 1812 Jerosolyma
545 1776 612 1803 redit
634 1776 668 1803 ad
690 1775 839 1802 Macarinm
860 1776 1029 1810 episcopum:

243 1821 284 1847 hic
307 1829 388 1847 unum
413 1829 511 1848 armum
532 1822 612 1856 agit:
635 1829 696 1848 mox
719 1821 885 1848 Antiochiam
904 1821 1030 1856 proﬁcis-

242 1866 312 1892 citur
329 1873 354 1892 tv
371 1865 435 1893 ldus
452 1867 562 1901 Aprilis.

278 1911 340 1937 552.
360 1910 410 1938 Ubi
424 1920 523 1938 annum
535 1912 683 1939 Antiochiae
695 1912 791 1947 exegit,
806 1911 1029 1946 Constantinopo-

242 1956 287 1983 lim
305 1957 372 1984 adit.

279 2003 340 2030 555.
357 2002 398 2030 lbi
414 2003 513 2038 synodo
535 2004 656 2037 interfuit
675 2024 682 2035 ,
706 2011 764 2038 qua:
790 2003 881 2030 Itubt'ta
899 2007 938 2030 est
961 2010 1030 2029 anno

244 2047 344 2076 Christi
370 2048 432 2081 553,
456 2056 472 2074 a
487 2050 586 2082 synodo
611 2050 702 2074 statim
727 2048 839 2074 Romam
858 2048 973 2082 pervenit
1003 2055 1029 2075 xl

246 2094 307 2121 Kal.
323 2094 400 2126 Julii,
418 2098 570 2121 sanctorum
591 2093 771 2128 apostolorum
785 2093 905 2127 sepulcra
924 2101 1030 2120 venera-

247 2144 331 2166 turus.

285 2181 349 2209 555.
381 2182 433 2209 llic
461 2191 476 2209 a
500 2183 619 2209 Romano
646 2183 771 2217 pontifice
802 2181 943 2208 ordinatur
975 2183 1031 2216 epi-

246 2238 340 2264 scopus
370 2231 518 2265 Agrigenti,
545 2231 613 2265 quod
645 2239 661 2256 a
694 2229 802 2265 Pelagio
824 2230 926 2264 factum
953 2238 1030 2265 opor-
1047 2245 1069 2273 ι)

248 2276 308 2302 tuit.

247 2320 324 2348 Nunc
340 2322 430 2348 omnia
447 2321 480 2349 ad
494 2328 608 2349 examen
624 2328 764 2348 vocemus.

285 2368 327 2396 Ill.
356 2367 441 2395 Porro
468 2367 615 2403 Cajctanus
638 2368 671 2395 ad
700 2368 811 2395 Macarii
835 2368 909 2403 quod
938 2369 1034 2396 attinet

249 2413 449 2449 pontificatum,
465 2415 503 2441 ait
525 2414 624 2441 initum
648 2414 724 2441 illum
738 2434 745 2446 ,
765 2413 884 2442 Baronio
911 2419 1033 2446 auctore,

249 2468 320 2488 anno
337 2460 387 2487 5M
403 2460 526 2496 (emenda
545 2461 620 2496 546),
643 2468 677 2488 ex
707 2461 823 2487 aliorum
848 2468 913 2487 vero
925 2464 1034 2487 senten-

250 2508 286 2533 tia
301 2514 372 2533 anno
385 2507 542 2541 superiore;
555 2507 602 2533 sed
624 2506 672 2542 qui
691 2511 781 2533 tamen
809 2506 973 2541 repetendus
999 2506 1034 2532 ab

250 2559 324 2579 anno
338 2551 428 2578 saltim
448 2551 510 2582 Μελ,
524 2551 634 2586 quando
658 2559 731 2578 anno
748 2551 809 2581 545.
828 2559 883 2586 quo
896 2550 1036 2586 Jcrosoly-

253 2607 294 2625 ma
310 2599 449 2633 ingressus
473 2597 624 2632 Gregorius
646 2617 654 2630 ,
681 2598 738 2632 jam
771 2597 900 2625 Ecclesia:
923 2602 1037 2632 prmerat

253 2644 398 2676 Macarius,
420 2643 535 2670 Leontio
561 2648 639 2670 teste.
655 2643 704 2670 Hic
723 2643 812 2678 primo
833 2643 900 2670 mihi
925 2652 969 2670 rcs
986 2643 1040 2670 erit

252 2697 316 2717 cum
331 2689 471 2723 Cajctano,
489 2689 535 2723 qui
558 2687 707 2716 Macarium
729 2688 962 2724 Jerosolymorum
982 2688 1040 2723 epi-

254 2743 366 2769 scopum
385 2738 459 2761 ratus
474 2741 546 2761 anno
562 2729 623 2766 ΜΞ,
643 2734 717 2768 quod
744 2734 858 2760 minime
884 2733 1038 2761 ferendum.

255 2781 399 2808 Enimvero
415 2779 613 2808 Jttstinianusl
632 2787 704 2806 anno
727 2779 789 2811 544,
817 2779 935 2806 edictum
957 2779 1042 2806 edidit

259 2830 390 2854 adversus
416 2827 468 2853 tria
496 2826 619 2860 Capitula
637 2847 644 2858 ,
682 2825 726 2852 cui
751 2825 917 2859 ascriptores
962 2823 1041 2851 fuere

263 2873 373 2899 Momms
399 2872 732 2906 Constantumpolitanus,
761 2870 854 2898 Zoilus
883 2870 1042 2898 Alexandri-

1074 952 1183 983 Petrus.
1198 952 1244 987 qui
1256 951 1403 979 Iustiniani
1421 953 1510 980 edicto
1541 953 1709 987 astipulatus
1722 974 1729 985 ,
1749 953 1859 982 Jernso-

1074 997 1223 1033 lymitanus
1241 997 1362 1032 pontifex
1380 997 1467 1024 audiit
1492 1005 1563 1025 anno
1584 998 1656 1031 525,
1680 1006 1736 1033 quo
1755 998 1857 1026 Ioanni

1075 1044 1218 1071 successit.
1233 1043 1330 1071 Nullus
1343 1044 1425 1079 igitur
1442 1048 1506 1071 ante
1524 1044 1633 1071 Petrum
1650 1044 1795 1078 Macarius,
1812 1047 1859 1080 qui

1075 1089 1197 1116 diaconis
1223 1089 1383 1124 ascripserit
1406 1088 1581 1123 Gregorium.
1602 1089 1695 1124 Itaque
1718 1090 1862 1117 cbaracte~

1075 1143 1132 1163 rem
1151 1135 1262 1162 Macarii
1287 1137 1462 1170 episcopatus
1480 1135 1660 1162 obsistentem
1684 1135 1736 1162 sibi
1760 1136 1861 1163 sentiat

1074 1182 1232 1217 Cajetauus,
1249 1182 1296 1216 qui
1315 1181 1477 1217 Gregorium
1495 1181 1529 1208 ad
1543 1180 1691 1209 Iustiniani
1710 1181 1721 1209 Ι
1737 1186 1860 1217 tempora

1075 1229 1174 1256 elevat.

1111 1272 1155 1300 IV.
1172 1273 1241 1306 Quid
1255 1279 1320 1299 vero
1341 1272 1412 1306 quod
1433 1271 1550 1303 Pascha,
1577 1272 1648 1305 quod
1669 1270 1863 1308 Hierosolymis

1075 1318 1193 1346 confecit
1208 1318 1368 1352 Gregorius,
1382 1318 1510 1344 convenit
1532 1318 1558 1344 in
1575 1317 1591 1344 6
1611 1317 1720 1352 Aprilis,
1741 1319 1863 1353 quando-

1075 1365 1184 1399 quidem
1209 1364 1288 1391 tradit
1318 1363 1466 1395 Leontius,
1494 1363 1569 1390 illinc
1597 1362 1716 1390 Marcum
1738 1362 1863 1398 Gregorii

1076 1411 1170 1438 ducem
1189 1410 1346 1438 discessisse
1357 1417 1413 1436 xvii
1441 1407 1504 1435 Kal.
1535 1408 1603 1435 Maii
1635 1409 1719 1436 altero
1749 1418 1765 1436 a
1797 1418 1863 1436 nora

1078 1456 1217 1483 Dominica
1257 1455 1327 1482 die?
1363 1455 1436 1482 Nova
1469 1453 1609 1481 Dominica
1651 1455 1721 1489 apud
1755 1454 1865 1483 Graecos

1076 1503 1187 1538 perinde
1214 1506 1290 1533 erat,
1309 1506 1390 1536 atque
1406 1500 1564 1528 Latinorum
1591 1500 1731 1527 Dominica
1750 1501 1778 1527 in
1792 1501 1862 1528 albis

1077 1549 1203 1582 depositis
1214 1557 1224 1580 ,-
1237 1548 1273 1574 ita
1286 1554 1350 1575 vero
1364 1547 1446 1580 diota,
1465 1547 1522 1574 sive
1534 1547 1605 1582 quod
1619 1547 1746 1574 universa
1759 1547 1864 1574 hebdo-

1079 1602 1147 1626 mas,
1179 1601 1239 1628 quae
1276 1592 1379 1620 Pascha
1419 1594 1648 1626 consequebatur,
1675 1592 1866 1627 διακαινίσμος

1080 1641 1115 1668 ab
1131 1641 1164 1668 iis
1180 1644 1332 1672 vocaretur,
1348 1646 1436 1674 eoque
1450 1646 1518 1666 nova
1539 1639 1643 1672 singula
1654 1638 1745 1672 ejusce
1762 1638 1867 1665 hebdo-

1080 1687 1167 1714 madis
1187 1687 1256 1718 dies,
1273 1686 1331 1713 sive
1354 1685 1424 1719 quod
1443 1684 1646 1712 ecclesiasﬁcus
1670 1692 1758 1711 annus
1774 1691 1789 1710 ι
1814 1683 1867 1710 Pa-

1079 1731 1171 1758 scbate
1203 1730 1302 1762 iniret,
1332 1730 1403 1765 quod
1432 1730 1490 1764 ipse
1519 1729 1607 1756 innuit
1635 1728 1775 1761 Leontius,
1801 1729 1866 1756 dum

1080 1777 1214 1807 dicturus,
1240 1775 1371 1810 postridie
1391 1775 1534 1802 Paschalis
1549 1774 1740 1810 episcoporum
1757 1781 1868 1802 conses-

1079 1830 1139 1850 Sum
1158 1822 1249 1849 Romae
1269 1821 1434 1855 habendum,
1453 1822 1478 1848 in
1495 1828 1550 1855 quo
1565 1821 1680 1853 crimen,
1701 1821 1780 1855 cujus
1800 1821 1868 1848 Gre-

1079 1868 1171 1902 gorius
1196 1867 1380 1897 insimulatus,
1403 1866 1584 1899 judicaretur,
1599 1865 1748 1892 secundum
1764 1870 1867 1892 tantum

1079 1913 1150 1939 diem
1163 1912 1306 1946 designat:
1325 1911 1458 1945 Affirmant
1474 1910 1515 1937 illi
1542 1910 1692 1945 (inquiens)
1715 1910 1822 1936 audisse
1842 1917 1869 1936 se

1080 1959 1112 1985 de
1129 1959 1263 1985 hominum
1279 1958 1392 1984 aduentu
1404 1966 1414 1984 :
1429 1963 1485 1984 erat
1506 1962 1594 1984 autem
1622 1957 1779 1988 Parasreve,
1808 1965 1869 1983 cum

1081 2002 1247 2030 advenerant.
1259 2002 1499 2037 Igiturpontificem
1511 2002 1548 2028 sic
1560 2001 1730 2036 alloquuntur
1738 2001 1870 2035 episcopi:

1080 2048 1186 2075 Jubcsis
1207 2048 1342 2082 episcopos
1367 2050 1436 2075 coire
1453 2055 1558 2079 omnes,
1577 2056 1608 2074 ac
1623 2048 1646 2074 si
1672 2047 1718 2074 Dei
1748 2048 1869 2074 voluntas

1083 2094 1182 2125 tulerit,
1192 2094 1233 2120 die
1248 2094 1361 2120 secundo
1371 2093 1503 2120 decernite
1516 2101 1526 2125 ;
1539 2098 1566 2119 et
1581 2099 1641 2118 mox
1658 2100 1757 2119 nonum
1776 2099 1870 2118 nume-

1083 2145 1125 2167 rat
1140 2140 1221 2171 diem,
1234 2140 1279 2175 qui
1296 2143 1370 2166 certe
1394 2147 1407 2164 ει
1422 2138 1555 2165 Paschate
1574 2146 1581 2164 :
1609 2137 1641 2164 Ut
1672 2143 1759 2164 autem
1785 2144 1870 2163 nonus

1083 2184 1170 2218 adfuit
1182 2184 1248 2215 dies,
1267 2184 1374 2210 mandat
1398 2182 1516 2217 pontifex
1541 2190 1593 2209 rem
1618 2182 1733 2208 divinam
1764 2185 1870 2215 peragat

1084 2228 1236 2263 Gregorius.
1253 2227 1344 2262 Neque
1360 2227 1437 2253 aliter
1451 2226 1519 2253 Galli
1536 2231 1562 2253 et
1580 2226 1666 2260 Belga:
1681 2234 1780 2252 annum
1793 2233 1870 2251 sttum

1083 2273 1269 2302 ordiebantur.
1289 2272 1360 2306 quod
1388 2271 1495 2297 tandem
1518 2271 1551 2296 ab
1572 2270 1614 2296 his
1628 2271 1788 2304 abrogatum
1801 2276 1872 2295 anno

1085 2319 1165 2351 1577,
1180 2319 1214 2344 ab
1231 2318 1284 2344 illis
1297 2325 1369 2344 anno
1384 2317 1463 2344 1564.
1480 2315 1554 2351 (Pag.
1566 2316 1592 2343 in
1610 2315 1669 2342 Per.
1684 2314 1871 2342 Graeco-Dom.

1084 2372 1160 2391 num.
1177 2363 1233 2397 l5).
1249 2362 1307 2390 Jam
1324 2363 1346 2390 si
1364 2363 1499 2390 secundus
1516 2362 1550 2389 ab
1565 2369 1633 2388 nm‘a
1652 2361 1794 2388 Dominica
1813 2359 1873 2387 dies

1085 2409 1239 2437 incurritin
1256 2408 1288 2436 l5
1299 2408 1411 2443 Aprilis,
1428 2415 1493 2443 ergo
1518 2407 1621 2434 Pascha
1649 2407 1675 2434 in
1699 2407 1714 2434 6
1737 2406 1872 2441 ejusdem.

1085 2456 1126 2482 An
1145 2455 1233 2482 isthuc
1247 2454 1433 2489 exprimemus
1453 2461 1468 2480 a
1484 2453 1606 2488 Cajetani
1623 2452 1875 2486 ChronolOgismo?

1087 2507 1132 2528 an.
1149 2501 1200 2527 545
1216 2500 1373 2534 agitabatur
1398 2499 1433 2526 20
1460 2499 1528 2533 cyeli
1560 2492 1681 2529 solaris,~
1699 2497 1732 2524 η
1761 2496 1874 2528 lunaris,

1087 2547 1202 2582 proinde
1213 2546 1305 2573 littera
1320 2545 1497 2572 Dominicalis
1512 2544 1544 2575 D,
1561 2545 1694 2571 terminus
1705 2543 1848 2570 Paschalis
1860 2543 1876 2567 ι

1087 2593 1200 2628 Aprilis,
1234 2592 1338 2619 Pascha
1366 2591 1399 2618 12
1414 2591 1548 2625 ejusdem,
1564 2598 1625 2617 intui
1645 2590 1776 2616 terminus
1794 2590 1820 2615 in
1839 2588 1877 2615 l’e-

1090 2641 1157 2667 riam
1177 2640 1191 2665 '7
1211 2639 1288 2670 exiit,
1309 2645 1395 2672 eoque
1412 2636 1519 2664 Pascha
1539 2635 1743 2663 diliumlendnm
1767 2635 1794 2661 in
1811 2635 1878 2661 alte-

1089 2693 1147 2713 ratn
1175 2684 1357 2716 Dominicam,
1380 2691 1413 2710 ne
1426 2690 1488 2710 cutn
1504 2681 1605 2709 ludatis
1617 2681 1821 2713 conveniretur,
1836 2679 1877 2706 vel

1091 2733 1108 2759 5
1124 2731 1237 2766 Aprilis,
1253 2730 1387 2764 siquidem
1402 2737 1461 2756 mos
1477 2729 1528 2755 iste
1556 2728 1626 2762 apud
1652 2726 1879 2761 liicrosolymilao

1093 2786 1155 2806 nam
1173 2777 1321 2805 Ecclesium
1336 2783 1391 2802 non
1403 2775 1564 2802 obtinuerit.
1584 2774 1765 2807 Quamobrem
1787 2772 1881 2800 Domi-

1095 2825 1154 2852 nica
1173 2831 1241 2850 nova
1257 2831 1318 2850 cum
1335 2821 1461 2849 inciderit
1474 2822 1515 2847 vel
1534 2822 1560 2848 in
1574 2821 1604 2847 l9
1623 2821 1664 2846 vcl
1680 2821 1706 2846 in
1720 2820 1753 2846 ιθ
1770 2819 1880 2853 Aprilis,

1096 2872 1133 2903 lit,
1154 2870 1244 2897 Marco
1260 2869 1412 2896 abeundum
1437 2866 1629 2901 Hierosolymis
1653 2866 1737 2893 luisse
1767 2866 1808 2891 ιρι
1834 2865 1880 2897 'Jl,
