2041 3159
141 173 212 207 1185

819 173 1080 205 DISSERTATIO.

1693 180 1761 213 1186

142 231 183 257 vel
200 228 235 256 14
248 227 301 260 die,
319 227 342 255 si
359 227 481 263 Cajetani
496 227 722 263 Chronologismo
736 226 927 261 inhaereamus,
944 233 967 261 Α
981 229 1165 257 concedamus
1194 229 1302 258 interim
1315 251 1322 264 ,
1353 233 1426 268 quod
1455 233 1575 268 postulat
1605 233 1763 269 Cajetanus,

142 283 198 303 non
216 275 249 302 l5
267 275 379 309 Aprilis,
398 278 428 301 ut
443 273 575 302 Leontius
587 272 732 300 manifeste
751 277 874 301 testatus.
889 274 928 301 Ad

143 322 200 349 haec
228 321 261 349 l5
288 321 402 355 Aprilis,
428 328 482 355 qua
504 319 613 347 Marcus
629 320 713 346 abbas
733 319 930 355 Hierosolymis

143 368 293 402 digressus,
312 366 394 401 298
409 366 549 392 concurrit
563 373 626 392 cum
643 365 710 392 feria
727 366 744 392 5
758 373 765 398 ;
785 365 832 392 sed
857 373 930 393 anno

143 413 206 444 545,
219 420 280 439 cum
294 411 364 438 feria
378 412 405 438 ιι.
420 411 556 438 Paeoniam
575 418 686 438 manum
709 415 848 445 exspecto,
869 419 930 445 quae

145 457 363 492 jeploratissima
379 456 515 491 Cajetanm
533 457 673 484 senlentia
687 457 797 483 vulnera
812 464 930 491 praesen-

146 505 216 531 tibus
230 503 321 530 succis
338 502 501 529 demulceat.
519 501 571 528 Sed
586 507 683 529 caetera
700 509 893 536 exsequamur.

179 549 210 576 V.
228 548 289 582 Quo
308 556 379 576 anno
393 548 565 574 Antiochiam
584 546 818 582 abiitCregorius,
837 547 931 575 Eccle-

143 595 212 622 sium
245 594 436 621 moderabatur
469 593 640 620 Eustathius.
661 592 704 620 lta
738 593 930 629 Hierosolymis

143 640 243 675 (inquit
252 639 393 674 Leontius)
400 647 516 674 egressus
528 646 554 665 tv
567 637 631 665 ldus
639 638 748 671 Aprilis,
763 639 930 667 Antiochiam

143 685 331 720 proﬁciscitur.
351 692 402 719 quo
427 691 486 710 cum
508 685 628 716 renisset,
643 683 778 711 domicilio
794 690 899 719 excepto
914 693 931 712 ts

143 736 235 758 sancto
254 729 396 756 Eustathio
412 729 468 764 ejus
483 729 555 756 urbis
567 730 795 764 archiepiscopo...
807 730 848 757 Ab
859 738 931 758 anno

143 775 244 803 Justini
272 776 342 809 Aug.
366 775 472 806 ultimo,
501 774 552 801 hoc
577 778 621 801 cst
644 774 746 802 Christi
766 775 932 810 Dionysiano

144 821 207 852 526,
225 828 281 854 quo
296 820 465 854 Euphrasius
484 819 671 847 Antiochenus
698 820 843 854 episcopus
863 821 932 856 lapi-

143 867 225 894 dibus
241 867 355 893 obrntus
374 866 400 892 in
414 865 586 893 memorabili
601 866 660 901 ejus
677 866 754 893 urbis
773 869 930 894 tcrrmmotu

981 273 1063 300 modo
1078 273 1222 308 intelligat,
1240 283 1320 310 quam
1342 277 1425 303 multa
1438 277 1502 310 sint,
1522 286 1583 313 qua:
1606 278 1659 306 sibi
1681 287 1763 314 repu-

981 324 1075 354 gnant.
1095 319 1166 354 Ergo
1180 320 1246 347 illud
1263 321 1421 356 aCajetano
1442 329 1514 356 peto,
1539 324 1604 358 quid
1630 325 1681 351 sibi
1707 325 1765 352 haec

980 362 1064 389 velint
1081 371 1087 389 ε
1105 362 1239 390 Romanus
1250 363 1397 400 (Pantifex)
1413 366 1506 400 quippe
1521 368 1594 401 gravi
1606 368 1695 394 morbo
1717 369 1764 394 de-

980 412 1066 435 tentus
1084 409 1201 436 libellum
1218 410 1301 436 mittit
1318 412 1426 445 propria
1447 420 1526 438 manu
1541 414 1718 448 conscriptum
1733 414 1765 440 de
1782 432 1788 437 -

980 453 1111 479 sententia
1125 453 1331 481 ort/todoxorum
1348 457 1497 483 antistitum
1512 457 1593 492 ipsius
1610 459 1694 485 locum
1708 467 1765 485 ser-

980 499 1120 526 vantittm?
1139 498 1208 531 Quid
1226 505 1252 527 et
1267 509 1328 535 qtta:
1345 509 1407 528 mox
1436 504 1605 530 succedunt:
1634 504 1686 532 Sed
1710 508 1765 539 epi-

979 542 1052 575 scopi
1066 542 1094 568 in
1109 543 1249 569 concilium
1261 552 1276 569 a
1287 544 1410 578 pontiﬁce
1424 546 1496 572 missi
1513 544 1631 580 Gregorii
1643 547 1764 575 adventui

981 591 1169 614 anteverterim
1175 589 1325 623 pontiﬁcem
1339 590 1424 622 ipsum
1433 591 1575 617 docuerunt
1586 591 1704 627 Gregorii
1713 595 1765 620 vir-

981 636 1045 665 tute,
1058 641 1089 659 ac
1108 634 1251 668 sapientia,
1270 635 1454 662 hwreticorum
1472 638 1624 670 audaciam,
1644 639 1765 673 petulan-

981 677 1096 712 tiamque
1116 681 1285 712 repressam?
1303 679 1370 707 Cum
1391 681 1626 717 Constantinopoli
1645 691 1765 712 cecume-

982 720 1041 746 nica
1053 728 1065 745 ν
1079 721 1199 755 synodus
1215 723 1308 754 coivit,
1325 722 1438 759 Vigilius
1452 734 1519 760 papa
1533 727 1631 754 ibidem
1643 729 1766 763 (legebat,

982 764 1153 794 Chalcedone
1169 775 1186 795 a
1207 767 1365 797 Justiniano
1390 772 1507 803 excitus,
1531 779 1603 800 anno
1626 774 1689 806 552,
1713 783 1768 810 quo

983 810 1127 846 aufugerat
1140 814 1276 848 superiori
1288 822 1360 842 anno
1380 816 1552 850 imperatoris
1577 819 1631 846 iras
1648 821 1768 847 declina-

984 861 1075 890 turus,
1087 866 1156 892 quas
1170 859 1195 885 in
1213 867 1243 886 se
1258 861 1409 888 concitarat
1422 863 1509 890 tribus
1524 864 1655 898 Capitulis
1670 873 1769 900 appro-

145 912 250 939 interiit
265 911 400 946 (Theoph.
428 911 462 938 ad
493 911 521 938 ιι.
552 911 601 945 ³.),
618 911 652 939 ad
666 911 729 944 546,
752 911 930 940 Antiochena
947 900 1062 950 Βιζθιίει
1093 911 1154 938 quae
1180 912 1254 932 anno
1281 907 1333 934 547
1362 907 1492 942 principis
1516 910 1595 943 senio
1626 911 1769 950 indulgens

146 957 279 984 Ecclr-size
310 956 454 990 impositus
491 956 661 991 prrtemus,
690 957 769 991 eique
801 959 932 985 successit

147 1003 268 1030 Domnus
278 1001 357 1035 |l,qui
367 1010 382 1028 c
391 1002 459 1028 vivis
467 1003 583 1029 excessit
593 1010 663 1029 anno
673 1002 734 1030 559.
742 1003 842 1038 Ecquis
851 1005 933 1038 igitur

144 1049 266 1082 gentium
283 1047 442 1074 Eustathius
465 1047 527 1079 iste,
548 1047 595 1082 qui
612 1047 740 1082 Cajetano
766 1053 879 1077 auctore
904 1050 931 1076 in

145 1094 316 1122 Antiochena
330 1093 459 1121 cathedra
476 1094 576 1120 sederit
590 1101 665 1121 anno
689 1094 762 1122 552?
789 1095 860 1123 Vidit
882 1103 932 1123 no-

143 1140 210 1168 dum
241 1138 401 1174 Cajctauus,
431 1146 519 1174 neque
545 1139 599 1166 alio
621 1139 735 1166 extricat
752 1140 852 1171 “modo,
879 1140 932 1168 nisi

145 1186 284 1217 dubitans,
308 1193 344 1212 an
371 1186 441 1212 inter
462 1184 596 1220 Ephrtem,
621 1189 645 1212 et
666 1185 797 1212 Domuum
819 1186 927 1213 admini-

145 1232 241 1259 stravit
252 1240 310 1258 eam
327 1232 414 1258 sedem
429 1230 584 1258 Eustathius
597 1232 610 1259 ἒ)
623 1239 655 1258 an
670 1230 794 1258 Leontius
806 1233 931 1258 memoria

140 1278 238 1312 lapsus
251 1278 263 1305 f’
277 1277 313 1304 At
322 1277 394 1304 enim
407 1277 430 1304 si
443 1284 492 1311 pro
503 1276 624 1311 Cajetani
636 1281 699 1303 voto
711 1281 812 1304 starent
824 1282 930 1310 camera,

144 1323 307 1351 dubitationi
317 1323 440 1350 cederem
455 1330 535 1357 :cut_n
546 1330 609 1350 vero
621 1323 647 1350 in
663 1327 716 1350 tota
728 1322 832 1350 Leontii
848 1323 932 1350 histo~

145 1369 187 1396 ria
199 1369 265 1396 nihil
278 1369 390 1396 omnino
402 1369 521 1404 sit,quod
528 1369 650 1403 Cajetani
659 1369 814 1403 opinionem
823 1376 875 1395 non
884 1376 933 1396 su-

147 1415 373 1450 gillet,piaculum
387 1414 422 1442 sit
435 1414 506 1441 inter
516 1413 688 1448 Ephrzemum
704 1418 730 1441 et
741 1414 874 1440 Domnnm
887 1421 932 1441 ac-

141 1467 257 1488 censere
264 1459 435 1486 Eustathium
444 1459 620 1486 Antiochena?
629 1457 756 1486 Ecclesiae
767 1459 931 1492 pantilicem.

185 1505 226 1533 Vl.
244 1505 285 1532 Ad
302 1505 360 1532 haec
373 1504 502 1532 Leontius
522 1504 616 1531 scribit
631 1511 638 1531 :
655 1503 770 1538 Impiam
786 1504 869 1539 igitur
880 1504 934 1530 Ita!-

144 1551 225 1577 nsim
238 1549 365 1585 Gregorio
381 1550 466 1584 aperit
496 1549 825 1584 (Constantinopolitanus
843 1550 932 1577 archi-

145 1595 302 1630 episcopIIS)
314 1602 372 1629 qua:
383 1600 437 1621 tum
449 1595 585 1621 exstiterat
598 1593 700 1630 Sergio,
717 1593 794 1629 Cyro,
807 1599 830 1621 ct
847 1593 931 1622 Paulo

145 1641 374 1676 perniciosissimis
397 1640 560 1667 auctoribus.
579 1640 624 1667 Ita
651 1640 748 1666 multas
777 1641 868 1667 beatus
894 1642 935 1668 vir

145 1685 228 1714 edidit
245 1693 304 1712 cum
324 1685 358 1712 ad
381 1686 538 1718 docendum,
560 1690 615 1712 tum
641 1686 675 1713 ad
691 1686 854 1713 laudanzlum
868 1695 935 1714 cont-

147 1733 246 1765 positas
271 1734 415 1765 orationns,
442 1738 469 1760 ut
497 1733 536 1759 uel
564 1733 599 1759 ad
624 1733 738 1767 piissimi
768 1733 934 1768 imperatoris

143 1779 232 1806 nostri
247 1787 324 1805 aures
339 1779 422 1813 ipsius
436 1779 509 1813 [auia
521 1780 675 1813 pervaserit.
694 1778 760 1805 Inde
770 1786 825 1811 post
839 1781 934 1806 multos

147 1825 202 1851 diu
232 1824 329 1851 adsunt
356 1825 470 1859 episcopi
498 1825 711 1855 Alexandrinus,
742 1824 931 1857 Antiorltcmts,

148 1870 299 1899 Orientales
314 1879 412 1898 omnes.
430 1871 564 1898 Romanus
579 1879 639 1898 vero
654 1871 748 1905 quippe
758 1872 830 1906 gravi
845 1872 933 1898 morbo

145 1918 267 1944 detentus
286 1917 402 1944 libellum
419 1918 500 1944 mittit
526 1919 633 1952 propria
656 1926 736 1944 manu
758 1919 934 1953 conscriptum

147 1962 179 1989 de
204 1963 332 1990 sententia
357 1963 561 1990 orthodoxorum
589 1964 739 1990 antistitum
751 1964 832 1997 ipsius
850 1964 935 1991 locum

147 2009 320 2036 scrutantium.
336 2008 399 2036 Non
414 2010 458 2036 ltic
469 2010 543 2036 litem
556 2009 692 2036 intendam
704 2008 846 2043 Cajetauo,
863 2009 935 2044 quod

147 2059 242 2089 aperte
255 2055 364 2082 dicatur
380 2056 471 2082 habita
488 2056 608 2090 synodus
621 2055 824 2090 proscribenda:
841 2055 936 2082 Mono-

144 2100 306 2126 thclitarum
323 2100 431 2133 haeresi,
448 2105 530 2135 atque
544 2101 611 2127 adeo
637 2100 713 2135 nigro
731 2100 804 2127 theta
826 2101 937 2135 signan-

147 2144 191 2172 dis
205 2144 313 2180 Sergio,
328 2146 411 2181 Cyro.
428 2145 515 2173 Paulo
531 2146 664 2173 haeretica:
683 2145 810 2172 factionis
831 2146 935 2173 antesi—

148 2192 257 2226 gnanis.
270 2192 406 2226 Quidquid
421 2192 472 2220 hoc
481 2197 534 2225 est,
551 2192 622 2226 quod
634 2197 707 2219 certe
720 2199 857 2226 magnum,
874 2200 935 2220 cau-

982 948 1227 986 Constantinopoli,
1247 960 1301 986 quo
1326 959 1450 987 vocatus,
1479 955 1633 983 datnnarat.
1661 957 1714 984 Sed
1741 963 1769 985 et

983 995 1102 1022 concilio
1120 1004 1207 1031 neque
1223 998 1318 1025 adesse
1346 999 1404 1033 ipse
1429 1000 1524 1034 voluit,
1553 1009 1640 1036 neque
1666 1003 1769 1037 legatos

983 1040 1112 1067 mittere:
1133 1042 1218 1068 semel
1234 1044 1306 1070 enim
1325 1043 1481 1080 iterumque
1503 1054 1518 1073 a
1548 1048 1646 1082 synodi
1671 1049 1768 1084 legatis

983 1084 1124 1118 invitatus,
1142 1091 1172 1114 ut
1183 1087 1240 1122 ipse
1253 1096 1314 1115 cum
1326 1090 1463 1125 episcopis
1479 1092 1588 1127 reliquis
1600 1095 1768 1128 conveniret,

983 1132 1064 1159 modo
1080 1132 1142 1166 hoc,
1168 1135 1249 1162 modo
1277 1136 1342 1164 illud
1360 1143 1500 1173 cauSatus,
1517 1141 1614 1168 adduci
1628 1150 1767 1177 nunquam

983 1177 1084 1211 potuit,
1099 1183 1129 1205 ut
1145 1187 1174 1206 se
1200 1187 1333 1214 praesente
1356 1184 1503 1211 concilium
1534 1186 1688 1215 haberetur.
1718 1188 1769 1216 Ille

983 1231 1042 1249 vero
1058 1227 1209 1258 (oratorum
1229 1229 1325 1262 synodi
1342 1230 1421 1256 verba
1437 1235 1510 1262 sunt,
1526 1232 1672 1259 collatione
1689 1234 1706 1260 3
1718 1242 1766 1261 ei-

982 1269 1082 1302 posita)
1100 1272 1234 1304 respondit
1248 1281 1299 1300 non
1314 1282 1390 1308 posse
1404 1283 1456 1301 una
1468 1277 1603 1303 nobiscum
1620 1281 1767 1311 convenire,

982 1321 1011 1340 eo
1026 1315 1095 1348 quod
1106 1316 1217 1349 plurimi
1230 1318 1272 1344 hic
1284 1320 1389 1353 qttitlent
1404 1326 1464 1347 sunt
1479 1320 1625 1350 Orientales
1641 1325 1767 1359 episcopi,

982 1361 1060 1394 pauci
1081 1369 1138 1388 vero
1155 1371 1214 1389 cum
1238 1372 1268 1390 eo
1282 1372 1292 1391 .'
1309 1365 1397 1400 facere
1418 1373 1505 1393 autent
1531 1375 1576 1402 per
1600 1371 1767 1404 semetipsum

983 1408 1151 1441 sententiam,
1170 1414 1195 1436 et
1211 1411 1302 1444 oﬂ‘erre
1318 1412 1438 1446 piissimo
1454 1413 1571 1441 domino.
1596 1414 1671 1447 Quod
1690 1417 1769 1450 piam:

984 1460 1129 1482 exsecutus
1144 1464 1151 1482 :
1168 1456 1242 1483 misit
1257 1458 1329 1484 ettittt
1356 1458 1512 1487 Justiniano
1540 1461 1608 1496 Aug.
1636 1462 1768 1495 libellum,

984 1508 1065 1534 quem
1081 1503 1255 1530 constitutum
1270 1505 1350 1538 dixit,
1370 1506 1395 1532 in
1408 1514 1463 1541 quo
1473 1507 1538 1541 quid
1549 1508 1581 1534 de
1597 1508 1683 1535 tribus
1705 1517 1768 1536 sen-

985 1545 1048 1573 tiret
1075 1547 1207 1582 Capitulis
1232 1551 1347 1583 aperuit,
1372 1560 1489 1586 cumque
1513 1553 1606 1580 Graece
1630 1561 1737 1581 versum
1754 1563 1769 1582 a

987 1591 1167 1621 Constantino
1178 1597 1249 1623 sacri
1266 1598 1358 1631 palatii
1380 1603 1515 1632 quaestore
1530 1600 1629 1626 lectum
1645 1601 1726 1627 voluit
1742 1601 1768 1627 in

986 1639 1091 1672 synodo
1107 1640 1264 1675 imperator,
1282 1647 1311 1670 ut
1325 1645 1351 1670 in
1368 1644 1507 1672 collation<
1530 1645 1545 1671 7
1560 1645 1687 1672 traditur.
1703 1647 1768 1673 Cum

986 1681 1068 1716 igitur
1087 1684 1321 1721 Constantinopoli
1348 1694 1503 1715 tersaretur
1522 1688 1646 1723 Vigilius.
1665 1699 1770 1718 antino-

985 1729 1220 1763 qtteinstituerit,
1241 1733 1343 1759 nullam
1366 1733 1477 1767 injicere
1495 1735 1684 1762 auctoritatcm
1705 1743 1772 1763 con-

986 1773 1059 1806 cilio,
1076 1775 1148 1809 quod
1165 1777 1218 1808 sui,
1236 1777 1288 1804 hoc
1303 1782 1354 1811 est,
1367 1779 1543 1806 ecclesiastici
1561 1785 1672 1807 senatus
1693 1781 1772 1815 prin-

987 1819 1055 1853 cipis
1064 1822 1207 1854 praasentia
1216 1827 1331 1853 careret.
1343 1831 1395 1850 non
1407 1829 1475 1856 erat,
1488 1833 1537 1851 cur
1547 1825 1620 1851 viros
1631 1826 1770 1860 deligeret,

986 1865 1031 1899 qui
1056 1872 1119 1892 suas
1145 1871 1234 1901 partes
1263 1868 1413 1902 legatorum
1441 1877 1553 1896 munere
1581 1870 1770 1905 fungerentur,

987 1912 1058 1938 unde
1085 1911 1232 1946 legitimam
1257 1914 1390 1948 synodum
1416 1915 1572 1942 necessario
1596 1915 1710 1942 diceret.
1738 1916 1770 1943 Et

985 1957 1094 1992 quidem
1116 1966 1147 1985 ex
1175 1959 1242 1993 ipsis
1262 1960 1371 1987 concilii
1396 1961 1472 1992 Actis
1500 1961 1636 1993 elicimus,
1667 1961 1769 1988 nullum

985 2003 1069 2031 fuisse
1086 2003 1203 2032 Romani
1224 2005 1342 2040 episcopi
1357 2006 1485 2042 legatum,
1503 2007 1575 2041 quod
1603 2007 1772 2034 ccclesiasti-

985 2057 1077 2077 carum
1094 2058 1186 2077 rerum
1203 2051 1375 2086 indagatores
1387 2053 1505 2079 latentur
1518 2059 1623 2084 onmes,
1638 2057 1771 2086 noeetque

986 2096 1030 2130 (ne
1047 2097 1107 2124 sine
1120 2099 1205 2125 veleri
1224 2098 1382 2125 teSIitnonio
1399 2107 1443 2126 res
1464 2099 1642 2133 transigatur)
1665 2098 1771 2124 indicu-

986 2142 1029 2170 lus
1040 2143 1085 2170 ille
1102 2144 1129 2171 in
1146 2145 1219 2179 regia
1235 2144 1401 2171 Parisiorum
1419 2145 1582 2171 bibliotheca
1596 2152 1660 2173 ms..
1677 2144 1770 2171 lauda-

987 2193 1084 2224 tusque
1098 2197 1113 2216 a
1128 2190 1159 2217 V.
1183 2190 1223 2218 Cl.
1240 2191 1378 2226 Stephano
1407 2191 1519 2218 Baluzio
1541 2191 1568 2217 in
1586 2191 1719 2225 supplem.
1737 2191 1771 2217 ad

149 2242 262 2271 sanique
284 2237 391 2272 jugulat
413 2237 546 2272 Cajetani,
576 2241 734 2272 suspectum
761 2237 806 2264 ille
831 2237 931 2269 habet;
949 2231 972 2260 0
985 2235 1034 2262 lib.
1052 2244 1066 2262 ν
1080 2236 1119 2263 De
1130 2245 1203 2264 conc.
1218 2245 1274 2264 sac.
1294 2243 1319 2264 et
1335 2239 1411 2273 imp.,
1428 2245 1488 2272 cap.
1510 2238 1555 2269 2|,
1579 2237 1606 2263 in
1624 2237 1702 2270 cujus
1719 2236 1772 2263 line

147 2285 175 2308 et
192 2285 283 2309 tamen
298 2290 353 2310 non
370 2283 449 2310 video
469 2291 551 2318 quam
569 2290 642 2310 vere.
668 2281 747 2309 Paria
773 2287 867 2310 narrat
892 2281 934 2309 Si-

149 2334 227 2353 meon
247 2327 453 2362 Metaphrastes,
474 2337 554 2364 quem
571 2333 660 2356 tamen
679 2336 732 2356 non
755 2328 861 2356 dubitat
881 2328 932 2355 sibi

149 2373 336 2402 concinentem
355 2375 467 2403 laudare
481 2384 488 2402 :
505 2375 579 2410 paria
594 2375 656 2402 vitae
670 2374 862 2409 Epitomastes.
877 2374 930 2401 Sed

849 2472 933 2499 Κελε-

841 2509 941 2538 στῐνος.

180 2477 270 2503 πάπαι
294 2474 298 2503 |
318 2474 414 2501 Σὶλῦε-
438 2474 443 2503 Ι
463 2476 511 2501 καὶ
534 2474 601 2501 Ἰού-

321 2519 410 2545 στρος.
437 2511 442 2545 Ι
497 2511 563 2540 λιος.

651 2474 788 2509 Δάμασος.

841 2625 942 2660 xopta—

167 2638 278 2662 :ozot'q-
292 2627 297 2685 Ι
310 2630 388 2655 Βτων
401 2628 450 2656 καὶ
462 2627 608 2659 Βικέντιος.
621 2627 627 2685 Ι
780 2634 787 2641 '
809 2627 815 2685 Ι
841 2627 870 2651 K‘

181 2665 272 2685 nrt-mi.
860 2660 870 2685 λ

869 2669 915 2692 λος.

180 2477 270 2503 πάπαι
318 2474 414 2501 Σὶλῦε-
463 2476 511 2501 καὶ
534 2474 601 2501 Ἰού·
651 2474 788 2509 Δάμασος.
849 2472 933 2499 Κελε-
1009 2472 1098 2498 Λέων.
1169 2470 1317 2505 Βιγίλλιος.
1372 2473 1506 2507 Ἀγάθων.
1568 2473 1718 2508 Ἀδριανός.

321 2519 410 2545 στρος.
497 2511 563 2540 λιος.
841 2509 941 2538 στῐνος.

167 2638 278 2662 ενιπθτη-
310 2628 450 2656 Βτωνκαὶ
462 2627 608 2659 Βικέντιος.
780 2634 787 2641 '
841 2625 942 2660 Κύριλ-
1000 2624 1110 2650 Πασκα-
1364 2623 1509 2660 Γεώργιος.
1592 2627 1694 2660 Πέτρος

181 2665 273 2699 ρηταί.
860 2660 915 2692 λος.
1010 2659 1095 2689 σίνος.
1386 2661 1491 2686 Θεόδω-
1556 2661 1605 2688 καὶ
1627 2661 1738 2696 Πέτρος.

1005 2694 1103 2721 Λῠυχί·
1413 2705 1459 2730 ρος

1017 2738 1084 2761 σιος.
1368 2731 1504 2765 Γεώργιος

1359 2766 1511 2794 καὶΊωάν-

1410 2810 1469 2836 νης.

987 2281 1270 2316 Romanipontilices,
1288 2284 1338 2311 sub
1362 2284 1461 2318 quibus
1490 2288 1555 2310 acta:
1596 2282 1772 2310 mcumenican

987 2328 1095 2363 synodi,
1109 2333 1314 2362 percensentur,
1328 2333 1386 2355 tum
1399 2337 1493 2356 eorum
1507 2327 1628 2359 nomina,
1638 2326 1684 2360 qui
1697 2327 1771 2360 ipso-

985 2381 1046 2400 rum
1063 2380 1206 2408 personam
1221 2373 1248 2400 in
1264 2374 1298 2401 iis
1313 2374 1503 2401 sustinuerint.
1521 2373 1562 2400 En
1579 2373 1653 2399 illum
1668 2379 1675 2396 :

1009 2472 1098 2498 Λέων.
1139 2470 1144 2508 Ι
1169 2470 1317 2505 Βιγίλλιος.
1343 2470 1348 2508 Ι
1372 2473 1506 2507 Ἀγάθων.
1530 2470 1535 2508 Ι
1568 2473 1718 2508 Ἀδριανός.

1000 2624 1110 2650 flaua-

1010 2659 1095 2689 σίνος.

1005 2694 1103 2721 Anaxi-

1017 2738 1084 2761 σιος.

1364 2623 1509 2660 Γεώργιος.

1386 2661 1491 2686 Θεόδω-

1413 2705 1459 2730 FW

1368 2731 1504 2765 Γεώργιος

1359 2767 1405 2792 καὶ
1420 2766 1511 2794 Ἰωάν-

1410 2810 1469 2836 νης.

1592 2627 1694 2660 Πέτρος

1556 2661 1605 2688 καὶ
1627 2661 1738 2696 Πέτρης.
