2041 3159
252 177 320 211 1187

700 173 749 204 DE
770 171 899 202 ᾸΞΤΛΤΕ
920 171 949 199 S.
963 167 1151 199 GREGORII
1171 165 1423 196 ACRIGENTINI

1801 155 1868 187 1-18‘8

286 233 368 268 299
380 231 474 259 Viden‘
491 234 519 257 ut
535 230 586 257 sub
599 229 716 256 Damaso
728 234 751 255 cl
769 227 867 262 Vigilio
882 225 1038 259 nulliappa-
1053 227 1075 255 Α
1090 227 1166 257 pulo,
1180 222 1251 256 quod
1280 227 1375 255 reapse
1400 218 1514 253 Vigilius
1527 221 1595 252 papa
1615 213 1717 250 synodo
1734 212 1871 266 praefuerit

250 281 328 304 ream
346 275 437 311 legati,
455 281 522 307 quos
540 272 650 308 synodis
663 269 972 304 Constantinopolitanis
987 275 994 294 I
1008 271 1035 294 et

253 331 271 351 ll
286 322 409 350 miserint
427 321 485 348 illi?
500 319 577 347 Nunc
589 319 648 346 hinc
664 326 726 346 cum
741 316 898 344 Lcontianis
911 315 1035 342 confera-

253 377 325 396 mus.
345 368 374 394 Si
403 367 500 402 legatis
524 366 619 400 synodi
647 364 787 399 respondit
811 362 924 397 Vigilius
951 362 1037 396 facere

253 422 298 449 per
314 413 481 447 semetipsum
497 411 662 441 sententiam,
673 415 697 436 et
714 409 808 443 offerre
825 408 943 442 piissimo
951 407 1038 434 donti-

255 468 298 492 no,
314 463 345 486 ut
362 464 436 485 certe
447 457 555 487 obtulit.
570 456 614 490 qui
634 463 699 490 rogo
716 455 772 482 haec
788 457 936 480 consonent
950 451 1038 479 Lcon-

255 506 329 532 tiano
344 502 510 534 testimonio,
529 509 582 535 quo
612 501 734 535 proditttr
753 499 862 526 misisse
884 497 1038 523 Romanum

255 551 412 585 episcopum
430 551 528 582 synodo
550 546 666 572 libellum
684 547 714 571 de
729 543 856 570 sententia
878 542 1040 568 orthodoxa-

257 603 315 622 rum
327 594 477 621 antistitum
504 592 588 626 ipsius
602 591 687 617 locum
710 588 889 617 servitutium?
905 587 953 614 Hic
967 586 1042 614 libel-

258 642 301 668 lus
334 639 451 666 mittitur
479 642 540 664 ante
561 642 682 664 coactam
703 635 852 670 synodum,
881 641 934 669 quo
959 633 1041 660 animi

229 698 233 701 -
258 687 299 713 sui
320 685 483 712 sententiam
505 683 625 710 declarat
643 681 761 716 pontifex
774 699 781 712 ,
812 680 867 706 illic
887 678 1043 714 itttperatori

259 731 387 758 daturttm
400 737 429 757 se
449 729 553 763 recipit,
569 727 707 761 deditque,
724 727 787 753 dum
805 726 893 752 adhuc
909 725 942 752 de
958 725 1044 752 tribus

259 776 391 810 Capitulis
413 775 441 801 in
473 773 589 800 concilio
609 773 816 807 disceptaretur.
840 771 880 798 Ad
896 772 953 798 haec
968 771 1045 805 ecqtti

261 822 297 848 illi
312 827 452 848 sacrorum
482 818 629 850 antistites,
662 817 774 844 lionxani
800 817 936 851 pontiﬁcis
957 821 1047 851 partes

260 865 435 897 obeuntes,si
452 865 517 892 nulli
532 872 564 891 eo
582 864 607 890 in
619 864 735 891 concilio
745 864 830 898 ipsius
840 863 920 898 legati
933 863 1046 897 ?Sique,

261 920 322 940 cum
358 912 458 938 indicta
490 909 627 945 synodus,
653 908 884 943 Constantinopoli
915 908 1048 935 intererat

262 958 388 992 Vigilins,
400 956 445 990 qui
461 956 603 989 episcopos
621 955 752 986 mitteret,
780 955 826 988 qui
852 954 955 988 synodo
970 953 1047 979 ades-

262 1002 343 1030 sent?
371 999 643 1034 Constantittopolitte
665 999 930 1034 Constantinopolim
959 1000 1048 1025 mitte-

262 1052 304 1074 ret
321 1046 483 1081 cpiscopos’i
508 1045 652 1072 Postremo
682 1043 780 1080 ecquid
799 1043 881 1076 illud,
898 1043 968 1078 quod
990 1043 1049 1078 epi-

263 1093 338 1128 scopi
352 1101 367 1120 c
396 1091 499 1127 synodo
524 1095 693 1118 revertentes
716 1089 872 1125 pontiﬁcem
890 1091 986 1124 ipsum,
999 1089 1051 1116 suh

264 1147 320 1173 quo
333 1137 424 1164 habita
439 1136 570 1171 synodus,
587 1135 679 1162 Roma:
694 1135 831 1162 docebant
857 1134 977 1169 Gregorii
998 1134 1051 1160 vir-

266 1189 322 1210 tute
343 1191 374 1209 ac
393 1182 521 1216 sapientia
551 1182 731 1209 Ita’reticorum
764 1180 903 1207 audaciam
931 1179 1053 1214 petulan-

267 1233 381 1264 tiamque
401 1237 546 1264 repressam
559 1249 566 1262 ,
589 1236 651 1256 cum
681 1227 809 1255 Ecclesiis
826 1228 882 1255 suis
899 1227 1054 1254 Occidentis

266 1275 403 1309 episcopis
417 1273 548 1300 restitutis
563 1279 636 1299 anno
653 1272 716 1303 555,
731 1272 772 1298 vel
791 1271 887 1306 partim
901 1272 981 1298 etiant
991 1271 1053 1302 554,

269 1321 348 1348 exsul
363 1322 388 1346 in
401 1319 512 1347 Oriente
527 1320 609 1345 vitam
628 1318 738 1352 degeret
755 1317 878 1352 Vigilius,
894 1324 981 1351 neque
1002 1316 1056 1343 Ro-

268 1374 342 1393 mam
373 1365 488 1399 amplius
507 1364 630 1391 ittviserit
645 1372 651 1390 :
670 1363 767 1390 exsilio
781 1363 853 1389 enim
871 1366 1011 1389 revocatus
1023 1361 1057 1388 ah

268 1411 423 1438 Iustiniano
437 1410 506 1444 Aug.
538 1408 651 1435 Romam
684 1408 822 1442 prolectus
847 1407 958 1442 appellit
975 1407 1000 1434 in
1015 1406 1057 1434 Si-

267 1458 371 1488 ciliam,
384 1456 476 1490 ibique
488 1455 585 1482 calculi
598 1453 693 1480 morbo
719 1453 811 1480 interit
830 1460 902 1480 anno
916 1452 946 1479 P.
965 1453 994 1478 C.
1007 1452 1059 1478 Ba-

269 1503 324 1530 silii
339 1502 369 1529 V.
384 1502 413 1529 C.
428 1509 494 1532 xvn,
511 1500 563 1526 hoc
587 1503 629 1526 est
639 1499 740 1525 Christi
759 1497 924 1533 Dionysiano
941 1497 1004 1529 558,
1021 1497 1060 1524 uti

1086 267 1409 302 Constantinopolitanae:
1433 271 1486 292 non
1511 268 1601 291 tamen
1619 259 1792 288 menmenica:
1807 259 1870 285 anni

1087 315 1149 348 555,
1164 315 1210 343 sed
1234 321 1294 349 quae
1325 313 1426 340 coaluit
1455 317 1526 338 anno
1545 309 1598 336 548
1621 316 1653 335 ex
1670 306 1705 333 '70
1722 303 1870 349 episcopis,

1089 360 1175 387 tribus
1190 348 1323 394 Capitulis
1351 355 1554 384 examinandis:
1577 359 1693 388 cumque
1712 350 1740 378 in
1760 357 1792 377 ea
1806 348 1873 376 nihil

1090 406 1171 433 fuerit
1195 404 1384 434 deliberatum,
1399 401 1511 433 factum,
1528 404 1556 426 ut
1576 398 1683 426 celebre
1697 396 1764 424 illud
1780 396 1874 423 ederet

1088 452 1245 479 Iudicatum
1260 449 1398 484 Vigilius,’
1418 455 1472 482 qtto
1497 446 1547 474 tria
1561 443 1721 480 proscripsit
1738 441 1874 477 Capitula.

1089 497 1271 531 Quamobrem
1288 494 1354 522 illutl
1372 497 1489 524 maneat,
1515 491 1590 518 nullo
1606 493 1686 524 pacto
1712 487 1818 515 Leontii
1836 490 1876 513 te-

1091 542 1250 578 stimonium
1276 539 1432 574 detorqueri
1461 545 1541 573 posse
1553 537 1586 563 ad
1599 532 1876 567 Constantinopolita-

1092 596 1152 614 nam
1165 595 1184 615 tt
1198 576 1328 622 synodum
1354 583 1560 613 oecumeuicam,
1593 587 1680 615 neque
1697 578 1729 606 ad
1750 576 1877 612 Vigilium

1093 633 1222 660 Romanas
1239 631 1367 658 Ecclesiae
1384 629 1550 664 episcopum.

1130 678 1185 706 VII.
1201 678 1291 711 Pergit
1314 676 1445 704 Leontius
1471 683 1477 700 :
1496 672 1572 705 Post,
1592 672 1636 698 ubi
1659 670 1772 697 Patrum
1788 667 1878 694 multi-

1096 723 1158 749 tudo
1176 723 1204 749 in
1220 721 1343 756 templum
1356 726 1504 751 convenere,
1514 717 1602 744 sedent
1615 723 1713 746 omnes,
1723 722 1820 748 magna
1838 714 1880 738 in-

1097 769 1173 795 terim
1186 769 1211 794 in
1222 775 1327 802 magna,
1344 771 1423 800 atque
1438 766 1503 791 adeo
1526 762 1676 797 prodigiose
1691 761 1799 787 condita
1818 758 1882 785 urbe

1097 821 1160 849 pace
1173 813 1281 847 vigente.
1297 810 1338 837 Ibi
1354 809 1508 844 Gregorium
1532 807 1625 834 Patres
1652 806 1804 837 hortantur,
1818 811 1883 830 sua-

1098 859 1216 894 dentque,
1242 857 1363 884 thronum
1391 855 1507 882 obtineat
1529 853 1642 887 episcopi
1661 851 1781 879 Serdica:
1813 849 1884 876 Can-

1099 903 1206 930 stautiw
1229 901 1325 936 Cypri;
1342 905 1366 927 et
1398 901 1454 932 ipse
1476 899 1604 934 siquidem
1629 899 1783 932 argrotabat.
1807 894 1884 928 Quod

1099 949 1246 984 Gregorius
1272 954 1417 982 personam
1445 946 1472 972 in
1506 944 1611 980 synodo
1640 941 1801 970 sustinuerit
1830 940 1887 975 epi-

1100 996 1175 1030 scopi
1193 993 1314 1021 Sardiczc
1328 991 1496 1020 Constantia:
1515 989 1606 1026 Cypri,
1618 996 1720 1016 ttovum
1733 986 1887 1021 suppeditat

1100 1045 1303 1076 argumentum,
1327 1045 1382 1073 qtto
1404 1037 1526 1072 Cajetani
1548 1034 1682 1062 sententia
1704 1039 1813 1067 pessum
1831 1035 1886 1059 eat.

1102 1087 1180 1114 Haud
1200 1084 1268 1112 mihi
1291 1083 1430 1119 negaverit
1452 1083 1612 1117 Cajetanus,
1637 1084 1666 1107 et
1695 1078 1836 1105 Sardicam
1861 1081 1890 1104 et

1102 1130 1290 1158 Constantiam
1311 1128 1393 1164 300
1404 1127 1596 1162 episcoporum
1609 1124 1688 1151 sedes
1703 1123 1798 1150 fuisse.
1819 1120 1890 1148 Sar-

1103 1178 1169 1205 dicae
1186 1177 1333 1210 episcopus
1352 1175 1457 1201 honore
1478 1170 1659 1206 metropolita:
1678 1168 1841 1202 fungebatur
1862 1167 1889 1193 in

1103 1222 1243 1258 provincia
1260 1220 1349 1248 Daciae
1365 1218 1571 1248 Mediterranea,
1589 1223 1650 1250 qua:
1670 1222 1723 1241 una
1738 1220 1771 1240 ex
1787 1216 1890 1247 septem

1106 1269 1177 1296 unde
1185 1266 1356 1295 coalescebat
1363 1264 1490 1292 exarchia
1498 1262 1637 1293 Achridis,
1645 1259 1866 1288 siveJustiniana:
1875 1266 1893 1291 t,

1107 1314 1250 1341 Dardanize
1265 1311 1471 1346 tnetropolis,ab
1486 1309 1642 1336 Justiniano
1658 1307 1666 1334 Ι
1681 1307 1806 1334 instituta
1822 1313 1895 1333 anno

1108 1361 1170 1394 555,
1189 1360 1221 1386 ν.
1232 1359 1264 1386 C.
1278 1357 1410 1386 Belisario
1426 1364 1483 1384 cos.
1495 1355 1538 1391 (V.
1550 1354 1651 1382 Justin.
1667 1361 1730 1380 nov.
1744 1361 1782 1384 xi,
1802 1351 1895 1379 collat.

1107 1408 1134 1440 εὶ,
1152 1407 1194 1434 tit.
1209 1406 1247 1440 6).
1263 1403 1430 1431 Constantine
1450 1409 1526 1435 vero,
1542 1408 1602 1436 quat
1629 1399 1711 1435 Cypri
1727 1397 1897 1432 metropolis,

1109 1459 1225 1489 quaque
1238 1450 1355 1478 subinde
1375 1449 1410 1476 ab
1428 1448 1585 1475 Justiniano
1607 1445 1631 1474 ιι
1643 1445 1805 1473 Justinianae
1820 1450 1899 1471 novat

1111 1505 1191 1527 nacta
1207 1505 1316 1530 nomen,
1332 1494 1453 1531 pontifex
1465 1502 1519 1522 non
1531 1492 1702 1528 melropolita
1721 1491 1803 1518 modo
1818 1490 1901 1525 Cypri

273 1547 366 1574 Victor
378 1545 571 1573 Tunnunensis
589 1545 746 1578 episcopus,
768 1544 827 1578 ejus
843 1543 972 1578 temporis
993 1543 1060 1570 scri-
1073 1553 1094 1582 ς
1111 1545 1247 1577 audiebat,
1266 1543 1314 1571 sed
1340 1543 1422 1569 etiam
1455 1539 1638 1574 αὐτοκέφαλος
1664 1537 1901 1571 archiepiscopus,

271 1596 343 1626 ptor,
360 1590 449 1625 prodit
472 1590 497 1615 in
517 1589 621 1615 Chron.
641 1587 732 1620 Quare
754 1587 834 1614 nauci
851 1591 925 1619 sunt,
942 1594 1002 1621 qua:
1026 1586 1058 1613 ad

272 1638 412 1664 laudatum
434 1634 541 1661 Leontii
561 1633 743 1660 testimonium
759 1633 885 1659 observat
899 1632 1061 1666 Cajctanus:

274 1685 354 1713 Erat,
372 1681 509 1714 inquietis,
528 1679 551 1706 is
581 1677 692 1713 Vigilius
703 1686 778 1713 quem
805 1677 997 1712 Metapltrastes
1024 1677 1063 1703 ait

275 1729 377 1755 misisse
392 1727 521 1753 hominem
538 1725 622 1752 sacris
647 1724 741 1751 litteris
756 1725 901 1756 eruditum,
919 1724 963 1758 qui
980 1723 1064 1758 ipsius

274 1774 341 1801 vices
358 1771 488 1806 impleret.
522 1770 602 1796 Errat
626 1770 708 1805 igitur
729 1769 859 1801 Zonaras,
877 1770 921 1804 qui
940 1768 1062 1803 Vigilium

275 1819 427 1855 pontiﬁcem
469 1815 740 1843 Romanumconcilio
769 1815 951 1850 praesidentem
983 1814 1064 1849 facit;

274 1872 351 1898 quem
361 1863 486 1897 abfuisse,
499 1866 594 1896 praeter
603 1860 740 1887 Leontium
751 1865 775 1887 et
789 1859 1005 1894 Metaphrastem,
1019 1859 1066 1884 do-

271 1915 333 1937 .cent
350 1910 430 1936 etiam
444 1908 586 1942 Euagrius,
617 1906 791 1941 Nicepltorus,
822 1905 945 1937 Photius,
970 1903 1066 1931 Cedre-

271 1963 338 1987 mus,
352 1955 410 1981 alii.
433 1953 572 1988 Principio
600 1953 800 1987 Metaphrastes
828 1952 854 1978 in
870 1950 993 1985 Gregorii
1007 1949 1067 1976 Vita

274 2009 313 2028 ne
325 2001 377 2035 γρὺ
396 2000 505 2035 quidem
521 1999 610 2026 ittttuit
625 1999 659 2026 de
674 1999 770 2033 Vigilio
792 2006 798 2023 :
813 2002 917 2024 tantum
932 1997 980 2028 ait,
995 1997 1067 2024 Con-

279 2056 528 2090 stantinopolitanze
544 2055 786 2090 synodoadversus
802 2053 913 2089 Cyrum,
931 2053 1067 2086 Sergium,

275 2102 422 2137 Pyrrhum,
438 2102 550 2128 Paulum
568 2100 755 2127 Mouothclitas
773 2100 900 2135 cogendae
915 2100 1026 2127 missum
1052 2106 1068 2126 a

278 2147 403 2174 ﬂomano
416 2147 542 2181 pontiﬁce
559 2146 688 2180 legatum,
701 2146 746 2180 qui
770 2146 855 2179 ipsius
874 2145 996 2180 partibus
1009 2144 1069 2171 fun-

281 2197 401 2227 geretur,
417 2192 488 2226 quod
504 2192 535 2218 ad
549 2196 670 2218 nostram
686 2199 795 2218 causam
809 2190 947 2223 conducit,
966 2194 994 2216 ut
1006 2189 1068 2216 dcin

1113 1592 1165 1619 hoc
1181 1594 1223 1617 est
1236 1589 1333 1616 iisdem
1361 1587 1475 1614 allectus
1499 1586 1608 1621 juribus
1623 1589 1705 1619 atque
1719 1582 1901 1619 patriarcha;

1113 1637 1179 1664 nulli
1194 1636 1266 1662 enim
1280 1635 1378 1662 throno
1389 1634 1510 1665 suberat,
1519 1632 1633 1667 ejusque
1643 1630 1754 1658 libertas
1766 1629 1902 1656 vindicata

1113 1691 1129 1711 a
1143 1683 1271 1710 Patrihus
1282 1680 1425 1716 Ephesina:
1437 1688 1444 1706 t
1460 1679 1553 1714 synodi
1563 1677 1738 1706 tecumenicaa
1751 1683 1824 1704 anno
1840 1674 1904 1706 651,

1115 1730 1247 1756 adversus
1255 1726 1371 1754 Joannis
1384 1724 1549 1752 Antiocheni
1562 1721 1762 1757 archiepiscopi
1777 1725 1904 1750 conatus,

1115 1776 1235 1811 Cyprum
1266 1772 1386 1800 insulam
1403 1770 1575 1806 patriarchia:
1597 1776 1654 1797 suae
1670 1768 1824 1803 portionem
1840 1773 1907 1793 con-

1116 1820 1253 1848 tendentis
1263 1817 1306 1854 (V.
1322 1825 1420 1845 canon.
1431 1817 1471 1852 8),
1484 1821 1540 1843 tum
1550 1819 1665 1850 praetera
1675 1821 1689 1840 a
1699 1813 1809 1840 Zenone
1821 1813 1905 1846 Ang..

1117 1867 1163 1902 qui
1188 1865 1269 1892 Petro
1294 1863 1432 1898 Cnaphazo
1460 1862 1631 1889 Antiocheno
1658 1859 1780 1895 pontiﬁci
1797 1859 1863 1893 jura
1879 1857 1907 1884 in

1117 1912 1243 1948 Cypriam
1275 1910 1426 1938 Ecclesium
1451 1908 1583 1943 repetenti
1606 1907 1718 1938 restitit,
1740 1905 1908 1932 incolumem

1115 1957 1215 1991 jubens
1234 1955 1402 1983 Constantia:
1418 1954 1598 1988 mctropolitze
1625 1952 1836 1986 αὑτθκεφαλεαν,
1850 1955 1909 1977 tum

1120 2003 1251 2035 maxime,
1280 2001 1353 2036 quod
1373 2008 1405 2028 eo
1431 2000 1501 2034 ipso,
1531 2007 1585 2034 quo
1613 1998 1738 2026 vindicia:
1754 1996 1908 2031 postulatae.

1120 2056 1191 2075 anno
1203 2052 1340 2082 repertutn
1357 2046 1385 2073 in
1399 2045 1488 2081 Cypro
1507 2045 1637 2072 Barnabae
1656 2042 1775 2078 apostoli
1796 2048 1909 2076 corpus,

1120 2094 1199 2129 cujus
1228 2097 1338 2128 pectore
1358 2091 1475 2119 Matttuci
1493 2091 1612 2118 cubabat
1627 2089 1805 2123 Evangelium
1823 2088 1909 2122 ipsius

1121 2140 1253 2168 Barnabaz
1282 2147 1363 2166 tnantt
1382 2138 1553 2172 descriptum
1571 2136 1694 2172 (Niceplt.
1712 2136 1759 2162 lib.
1776 2142 1833 2165 xvi,
1847 2141 1908 2168 cap.

1122 2187 1186 2221 5'1);
1213 2194 1268 2221 quo
1284 2186 1436 2220 respiciunt
1456 2191 1518 2211 cum
1543 2184 1597 2210 Leo
1615 2182 1685 2217 Aug.
1699 2182 1726 2208 in
1751 2189 1801 2208 sua
1824 2181 1912 2215 diaty—

280 2237 536 2269 demonstrabimus,
555 2237 712 2271 Cajetanattt
739 2236 857 2263 funditus
877 2236 985 2263 evertit.
996 2237 1068 2263 Rur-
1085 2243 1106 2271 ο
1120 2233 1190 2268 posi,
1207 2237 1263 2259 tum
1280 2231 1356 2258 Nilus
1372 2230 1552 2264 Doxopatrius
1567 2229 1594 2256 in
1609 2228 1677 2255 Taxi
1695 2227 1857 2271 thronorum
1872 2225 1911 2259 (in

278 2291 327 2310 sus
354 2282 495 2315 Evagrius,
514 2282 692 2316 Nicephorus,
712 2282 836 2313 Photius,
854 2281 1004 2313 Cedrenus,
1022 2282 1068 2308 alii

279 2337 346 2356 vera
362 2329 473 2363 quidem
486 2328 640 2363 perhibent,
657 2336 717 2355 cum
741 2329 864 2355 scribunt
875 2327 1070 2355 Constantino-

281 2376 409 2410 politanae
430 2383 448 2402 Il
464 2375 568 2409 synodo
591 2374 765 2401 mcumenicae
788 2374 939 2401 Romanum
963 2374 1070 2409 pontili-

279 2427 341 2446 cem
356 2419 427 2446 haud
447 2419 621 2450 interfuisse;
634 2420 681 2446 seti
700 2419 789 2446 istlntc
801 2418 913 2450 factum,
930 2427 983 2446 non
1000 2419 1070 2454 quod

278 2463 519 2497 Constantinopoli
544 2464 652 2490 abesset
677 2462 802 2498 Vigilius,
819 2463 865 2490 sed
882 2464 953 2498 quod
973 2471 1071 2490 munus

284 2509 349 2536 illud
362 2509 530 2541 detrectarit,
541 2509 620 2543 idque
634 2508 686 2542 ipsi
705 2509 863 2543 planissime
883 2508 1010 2535 fatentur.
1024 2508 1072 2535 At-

282 2555 331 2589 qui
349 2554 472 2581 Rontano
486 2554 615 2589 pontiﬁci,
638 2547 687 2581 sub
701 2561 755 2589 quo
772 2558 881 2588 peracta
898 2554 1028 2589 synodus,
1044 2554 1071 2581 in

284 2608 337 2636 qua
348 2605 443 2627 contra
472 2600 617 2627 lucreticos
634 2600 782 2635 disputavit
801 2600 956 2635 Gregorius,
972 2601 1072 2634 quippe

284 2646 360 2681 gravi
374 2645 468 2673 morbo
505 2645 598 2672 Romae
614 2647 736 2678 detento,
763 2647 898 2681 integrum
927 2646 996 2673 haud
1021 2645 1073 2673 fuit

283 2693 440 2724 convenire,
454 2692 575 2719 idcirco:
601 2691 729 2718 Libellum
760 2692 830 2718 misit
856 2692 964 2726 propria
992 2699 1072 2718 manu

285 2739 464 2769 conscriptum
489 2739 520 2765 de
539 2739 668 2765 senlentia
696 2738 903 2764 ortltodoxorum
922 2737 1073 2763 antistitum

284 2786 368 2819 ipsius
396 2785 482 2811 locum
511 2786 682 2811 servanlium.
711 2783 844 2810 Zonaram
873 2784 944 2818 qttod
964 2784 1072 2816 attinet,

286 2831 331 2864 qui
346 2829 470 2865 Vigilium
481 2831 588 2857 concilii
607 2829 746 2864 praesidem
764 2830 827 2856 dicit
839 2829 876 2863 (in
894 2829 963 2856 idem
977 2837 1072 2856 saxum

287 2876 395 2910 impegit
411 2875 508 2911 Glycas
525 2881 616 2903 noster
631 2875 728 2903 Annal.
743 2880 813 2911 part.
829 2877 876 2910 tr),
890 2875 986 2902 falsum
998 2883 1028 2903 ex
1040 2883 1071 2903 co

1121 2287 1173 2313 qua
1187 2284 1277 2305 tamen
1307 2285 1449 2312 perperam
1481 2277 1581 2311 legitur
1609 2274 1699 2301 Marci
1722 2281 1771 2307 pro
1789 2271 1912 2299 Mattlnri

1122 2324 1312 2359 Evangelinm)
1327 2345 1334 2356 ,
1353 2324 1399 2358 qui
1419 2330 1479 2350 eam
1503 2322 1538 2349 ob
1557 2328 1665 2348 causam
1685 2320 1776 2346 datam
1792 2318 1914 2353 produnt

1121 2370 1321 2404 αὺτοκεφαλίαν
1357 2368 1457 2404 Cyprio
1497 2367 1695 2402 metropolitm,
1728 2372 1790 2400 quae
1820 2369 1911 2391 tamen

1121 2424 1217 2451 reapse
1232 2423 1298 2443 sane
1316 2423 1399 2450 quam
1427 2413 1577 2448 antiquior.
1598 2412 1657 2439 lam
1676 2412 1759 2446 igitur
1787 2411 1810 2438 si
1841 2418 1912 2437 tinus

1123 2463 1250 2496 idemque
1264 2461 1411 2496 episcopus
1421 2459 1553 2492 Sardicm,
1566 2458 1612 2493 qui
1627 2463 1654 2485 et
1673 2457 1854 2488 Constantia,
1867 2464 1912 2490 ap-

1123 2512 1210 2543 paret,
1222 2505 1518 2540 Constantinopolitaui
1535 2504 1642 2532 concilii
1657 2503 1822 2530 mcutnenici
1843 2509 1911 2529 tem-

1123 2562 1188 2589 pore
1208 2554 1235 2580 in
1252 2553 1443 2580 Sardieensem
1457 2551 1604 2578 Ecclesiam
1617 2549 1837 2577 Conslantiensis
1851 2548 1912 2583 jura

1123 2600 1243 2628 derivata
1256 2608 1263 2626 :
1276 2599 1381 2633 quoties
1390 2598 1461 2625 enim
1477 2596 1609 2628 Ecclesia,
1626 2603 1686 2630 qua
1699 2594 1834 2630 singulari
1847 2601 1916 2629 prte-

1125 2646 1214 2673 stahat
1224 2644 1367 2678 dignitate,
1381 2651 1394 2668 a
1410 2642 1537 2668 Barbaris
1550 2639 1915 2674 occuparetur,Christianis

1124 2691 1238 2721 exactis,
1255 2690 1297 2716 vel
1329 2688 1417 2716 sacris
1463 2687 1633 2716 caeremoniis
1662 2685 1776 2713 omnino
1811 2685 1915 2715 vetitis,

1125 2738 1199 2764 illius
1212 2737 1283 2771 jttra,
1301 2743 1334 2762 ne
1350 2735 1430 2769 plane
1450 2733 1651 2765 interciderent,
1675 2732 1702 2759 in
1719 2732 1801 2758 aliam
1823 2736 1915 2758 trans-

1125 2783 1312 2810 ct'ibebantur.
1327 2782 1421 2814 Itaque
1440 2780 1465 2807 itt
1485 2779 1553 2806 Tasi
1577 2780 1739 2806 tltronorutn
1756 2778 1916 2811 metropoli-

1126 2835 1264 2860 tanorum,
1281 2836 1364 2862 quam
1382 2827 1414 2854 ad
1429 2834 1480 2853 ms.
1502 2825 1604 2853 codicis
1626 2824 1748 2851 Vaticani
1762 2825 1844 2851 tidctn
1860 2824 1916 2850 edi-

1126 2876 1164 2902 dit
1181 2874 1210 2900 V.
1230 2874 1270 2901 CI.
1289 2873 1449 2900 Emmanuel
1467 2872 1645 2904 Schclstratc,
1665 2876 1683 2898 t.
1704 2870 1724 2897 ll
1739 2871 1829 2904 Antiq.
1843 2870 1914 2896 Ercl.
