2041 3159
169 165 235 198 I189

849 168 1108 206 DISSERTATIO.

1724 184 1792 218 119)

164 221 270 248 lltustr.
287 229 348 257 pag.
374 222 436 254 784,
462 223 537 257 legas
563 224 794 261 Philadelphiensi
825 229 952 264 episcopo
969 234 990 261 Λ
1005 231 1122 266 liquum,
1152 237 1182 259 ut
1212 234 1286 261 omni
1307 234 1386 269 plane
1411 238 1613 266 asseveratione
1630 239 1793 269 atlirmcmus

163 266 337 295 Sardicensis
351 267 457 302 Lydiae,
479 269 650 298 Heracleensi
670 271 749 299 Ponti
764 273 950 310 CIautIinpoIi-

163 314 219 340 tani
234 313 407 346 Honoriadis,
422 314 566 343 Attaliensi
588 315 732 352 Pergensis
749 320 915 356 Pamphylia:
930 322 952 350 Il

163 358 396 392 metropolitarum
419 359 483 392 jura
510 361 727 397 dignitatemque
750 370 886 398 arrogata.
903 367 951 401 qui

163 402 370 436 priusipsorum
387 403 495 430 fuerant
520 405 705 440 ὲπαρχιῶται’
731 407 850 443 itemque
865 409 951 438 Thes-

163 447 328 475 saloniccusi
347 449 468 476 exarclio
484 449 620 486 Anryrani
643 451 756 480 Galatiae
770 457 950 490 metropolitm

162 492 221 526 jura
231 493 371 521 attributa.
385 493 460 521 Nunc
469 496 538 522 scire
545 497 674 530 pervelim
684 506 699 525 a
707 498 847 534 Cajetano,
857 503 951 536 ecquis

163 545 282 572 unquam
295 539 629 572 tradideritJustinianoI
653 543 804 578 imperante-
829 547 949 582 Cyprum

163 584 280 610 insulam
297 584 432 613 Barbaros
459 586 614 620 incessisse,
646 589 750 618 abaetis
777 592 839 619 inde
869 593 950 621 Citri-

164 629 274 661 stianis,
299 630 335 657 ita
357 635 387 658 ut
409 631 577 660 Constantia:
591 634 652 668 jura
669 637 801 664 cesserint
819 637 846 664 in
863 639 950 667 Daciae

160 675 366 703 Mediterranei»
376 678 577 712 metropolitam
589 680 600 706 ‘i
614 679 641 707 Si
655 681 783 709 historias
793 683 951 713 evolvamus

160 725 267 749 omnes.
285 727 426 754 nunquam
440 721 497 754 ﬁet,
515 728 542 750 ut
563 724 641 751 nobis
657 725 722 753 illud
733 734 871 759 occurrat.
884 731 948 764 quin

159 772 289 799 expresse
311 767 442 801 scriptum
467 775 482 795 a
509 769 688 798 Constantino
702 772 772 808 Aug.
793 774 950 810 Porpltyro-

160 816 276 845 genneta
291 811 336 838 lib.
355 820 362 838 l
379 812 469 841 Thein.
489 815 534 842 ubi
556 816 589 843 de
607 817 694 852 Cypro
710 825 717 844 :
733 819 785 845 Τοῦ
800 821 897 855 χρόνου
920 822 948 848 δὲ

160 855 396 890 παραδραμόντος,
415 858 463 885 καὶ
484 859 537 886 τῶν
561 861 725 896 Ῥωμαϊκῶν
748 865 838 891 ὅπλων
856 875 948 893 κακω-

1003 278 1160 311 coneilinm,
1175 279 1201 306 in
1224 287 1278 314 quo
1294 289 1414 315 praesens
1427 284 1513 310 adl‘uit
1528 284 1676 320 Gregorius
1687 307 1694 320 ,
1720 289 1792 315 nulla

1007 323 1115 351 ratione
1130 324 1463 361 Constantinopolitanum
1483 329 1549 357 illud
1575 331 1791 368 intelligendum,

1001 369 1073 403 quod
1088 374 1178 397 actum
1208 378 1241 397 ex
1263 371 1413 400 Justiniani
1429 373 1637 404 Iauctoritate?
1661 379 1746 412 quid?
1760 387 1791 407 ea

1002 415 1028 441 in
1046 419 1150 450 synodo
1164 417 1245 444 nullae
1264 417 1371 445 dividiae
1383 419 1416 446 de
1429 421 1570 455 religionis
1585 425 1706 458 negotio,
1725 425 1792 452 nulli

1002 459 1130 492 haeretici,
1146 470 1265 496 quorum
1285 463 1403 498 impetus
1425 466 1524 493 nefarii
1547 470 1792 500 contunderentur.

1003 504 1102 533 Delbte
1127 512 1230 534 tantum
1253 508 1369 540 Edessae,
1400 509 1536 539 Theodori
1563 513 1746 549 Mopsuestize,
1763 521 1791 544 et

1002 548 1164 579 Theodoreti
1182 552 1244 587 Cyri
1269 553 1462 589 episcoporum
1482 548 1644 585 orthodoria
1667 548 1792 595 disputa-

1002 600 1075 623 tum:
1095 597 1127 623 ad
1149 597 1205 624 Ιιωε
1221 598 1254 624 de
1272 599 1399 633 Origene,
1413 599 1539 636 Didymo,
1557 602 1673 638 Evagrio
1688 610 1790 639 actum,

1000 642 1045 676 qui
1062 649 1116 669 uno
1136 644 1258 671 Ontnium
1272 643 1383 672 Patrum
1400 647 1516 674 conllatu
1547 649 1678 677 damnati.
1702 652 1790 678 Unum

1001 695 1056 722 prae
1081 689 1211 716 omnibus
1236 694 1330 717 testem
1358 693 1500 720 audiamus
1527 693 1685 729 Gregorium
1707 696 1737 723 Ρ.
1754 697 1791 725 Μ.

1000 738 1183 766 cognomento
1199 734 1324 769 Magnum
1344 735 1487 770 (praetereo
1501 738 1585 772 ipsius
1603 741 1701 774 synodi
1719 747 1790 775 acta,

1001 779 1072 804 umle
1088 783 1115 805 et
1134 779 1198 805 illud
1219 780 1331 815 liqueat)
1350 781 1407 808 [nec
1423 782 1500 816 301
1523 783 1556 810 ad
1580 784 1790 814 Coustantinum

999 822 1228 851 Mediolanensi-m
1239 826 1398 860 episcopum
1412 827 1576 854 scribentem
1594 829 1642 857 lib.
1652 838 1694 863 tu,
1708 833 1790 866 epist.

999 869 1050 896 '57:
1067 869 1143 901 Quod
1164 876 1252 897 autem
1271 872 1427 906 scripsistis,
1458 873 1526 907 quod
1548 875 1687 908 epistolam
1707 885 1790 904 meum

160 900 261 928 θέντων
280 901 309 934 ἐξ
331 903 472 936 ἀμελείας,
486 905 643 941 ἐκράτησαν
659 909 745 944 αὐτῆς
762 911 787 936 οἱ
803 911 945 947 Σαρῤακη-

1001 915 1097 949 reginw
1126 915 1312 943 Theodolindm
1340 918 1517 946 transmittere
1545 921 1652 948 minime
1672 922 1791 949 voluistis

159 946 212 978 νοὶ,
241 947 296 974 ἀπὸ
326 948 376 983 τῆς
399 949 539 984 βασιλείας
569 953 741 988 Ἡρακλείου,
769 958 814 983 καὶ
842 946 948 994 arpi-31o:

159 992 187 1018 ὲν
214 993 283 1028 αὐτῇ
309 994 434 1029 περάσας
456 996 657 1033 ’Δϐουὸάχαρος
685 997 726 1035 (οὗ
756 1003 802 1028 καὶ
823 992 873 1037 τῆξ
901 1005 948 1030 θυ-

157 1038 260 1072 γατρὸς
275 1039 304 1064 ἐν
318 1039 387 1074 αὐτῇ
402 1041 487 1075 τάφος
502 1043 648 1079 φαίνεται),
660 1046 764 1081 ταύτης
785 1048 946 1083 ἐκράτησεν.

160 1082 294 1117 Temporis
306 1092 447 1119 progressu
462 1086 641 1116 Romanorum
669 1093 751 1117 armis
765 1100 796 1118 ea
814 1093 946 1128 negligen-

159 1128 208 1159 tia,
219 1129 331 1162 attritis,
343 1138 503 1165 occuparunt
516 1141 573 1160 eam
581 1133 721 1169 (Cyprum)
731 1136 884 1170 Snrraceni,
896 1138 948 1165 He-

158 1171 241 1198 raclio
266 1179 400 1207 regnante.
431 1174 569 1202 Enimvero
604 1179 706 1212 primus
735 1188 793 1206 eam
817 1181 947 1208 incessens

158 1217 348 1245 Abubac/tarus
378 1219 474 1254 (cujus
486 1226 510 1248 et
528 1221 592 1255 ﬁlice
614 1222 651 1249 ibi
665 1225 814 1258 sepulcrum
831 1227 947 1254 ostendi-

159 1263 226 1297 tur),
235 1272 282 1290 suo
292 1264 412 1293 submisit
424 1267 545 1300 imperio.
553 1268 847 1304 Abubachar,Arabum
857 1273 949 1300 Amer-

159 1317 295 1337 mummes
319 1311 352 1344 ll,
383 1312 527 1347 imperium
551 1314 691 1349 ingressus
719 1323 791 1344 anno
807 1317 853 1345 551
884 1318 948 1352 (IIe-

160 1356 236 1383 racIii
259 1356 311 1392 21)
346 1365 400 1392 quo
431 1358 617 1387 Multammuth
649 1361 785 1395 impuram
828 1364 946 1390 animam

157 1403 279 1429 evomuit
294 1402 328 1430 I6
354 1402 447 1437 Junii;
463 1405 636 1441 obtinuitque
664 1415 750 1434 annos
765 1408 782 1434 2
805 1416 914 1436 menses
930 1410 946 1436 6

160 1446 296 1482 (Theoph.
315 1449 342 1476 in
374 1450 548 1485 Chronogr.).
564 1451 623 1479 Non
655 1453 738 1488 igitur
760 1459 824 1481 ante
843 1462 944 1482 annutn

157 1492 207 1520 82I
227 1494 282 1521 ulla
306 1495 333 1521 in
360 1494 478 1530 Cyprum
503 1497 573 1524 facta
590 1497 774 1526 Barbarorum
791 1500 944 1535 impressio,

158 1539 228 1566 unde
243 1539 466 1569 Christianorum
486 1544 635 1571 everterint
659 1544 820 1573 Ecclesiam.

192 1593 261 1622 VIII.
276 1594 329 1622 Sed
345 1595 433 1623 adhuc
447 1602 572 1631 superest
586 1598 657 1633 quod
668 1600 785 1633 evincat,
801 1601 943 1636 synodum,

159 1648 212 1675 qua
226 1642 260 1668 de
283 1641 377 1669 scribit
403 1642 549 1676 Leontius,
573 1645 649 1672 nullo
677 1647 758 1674 modo
780 1647 944 1680 habendam,

157 1695 220 1722 quas
250 1693 413 1723 congregata
437 1688 585 1717 Iustiniani
616 1691 626 1717 I
661 1699 756 1725 regno.
787 1692 834 1720 Sic
863 1693 946 1728 igitur

158 1733 289 1760 Leontius
305 1743 312 1760 :
329 1733 372 1760 Ita
385 1735 411 1760 in
425 1742 495 1767 eam,
509 1743 567 1770 qua:
582 1736 627 1762 diu
641 1742 732 1764 exorta
748 1738 847 1772 fuerat,
863 1739 946 1766 luere-

156 1779 207 1805 sim
232 1779 431 1814 fraudulentam
458 1785 541 1816 empta
567 1782 725 1816 disputatio,
754 1784 889 1819 multaque
911 1784 945 1811 ab

155 1825 311 1852 orthodoxis
338 1834 367 1853 eo
394 1827 437 1853 die
462 1827 488 1853 in
510 1828 645 1855 Iitcreticos
670 1832 791 1863 probata.
814 1831 944 1857 therum

156 1871 310 1906 Gregorius,
341 1873 418 1907 quasi
433 1873 549 1900 omnium
573 1874 719 1902 uilissimus
743 1875 809 1902 nihil
839 1877 873 1902 ad
890 1877 945 1903 luet:

155 1917 339 1951 respondebat.
359 1917 426 1944 Inde
439 1918 571 1945 Catholici
597 1927 657 1946 cum
672 1921 810 1953 sedissem,
827 1921 944 1949 haeretici

155 1968 249 1990 contra
274 1964 378 1996 (aderat
404 1968 492 1991 autem
518 1965 607 2000 ingens
628 1966 779 2001 multitudo)
798 1969 942 2001 superbire,

154 2010 258 2036 animos
274 2009 403 2041 attollere,
416 2014 439 2036 et
454 2010 531 2044 quasi
551 2010 601 2037 alis
618 2011 733 2038 subi-ehi.
752 2011 795 2038 Ibi
814 2017 868 2038 tam
883 2021 945 2039 san-

155 2055 191 2080 cti
220 2055 336 2088 Spiritus
351 2056 439 2090 gratia
459 2055 612 2089 illustraute
624 2055 765 2091 Gregorius
780 2058 856 2092 coepit
869 2059 944 2092 quie-

156 2100 208 2127 tius
223 2108 299 2134 agere
312 2105 406 2126 contra
422 2101 564 2127 malesana:
575 2095 668 2128 mentis
681 2103 826 2136 episcopos,
836 2103 945 2137 dogma-

156 2146 206 2172 tica
221 2147 336 2179 primunt
362 2154 424 2172 usus
446 2147 565 2173 oratione
577 2148 608 2173 de
623 2151 727 2179 sancta,
739 2149 902 2182 incorrupta,
918 2153 944 2174 et

156 2192 328 2226 inseparabili
343 2191 485 2225 Trinitate,
501 2194 599 2227 partim
620 2194 652 2220 iis
666 2194 700 2220 ad
719 2195 825 2228 singula
838 2202 941 2228 respon:

155 2237 250 2270 dendo,
266 2238 364 2270 partim
397 2238 555 2271 postulando
581 2244 663 2270 utea,
676 2247 733 2273 qtae
756 2240 882 2270 dicerent,
897 2241 943 2266 de-

155 2287 348 2310 monstrarent.
373 2282 411 2309 Ac
445 2289 548 2309 tantum
576 2284 628 2317 ipsi
651 2286 808 2318 sapientia,
839 2290 942 2314 tantum

154 2327 336 2362 intelligentiae
355 2328 448 2354 datum
469 2333 518 2361 est,
531 2333 558 2354 ut
568 2337 643 2356 nemo
663 2330 766 2364 quidem
779 2332 894 2358 onmium
911 2341 942 2359 ex

153 2382 185 2401 ea
205 2375 282 2401 turba
294 2375 447 2409 respondere
460 2375 525 2402 satis
540 2380 626 2409 posset
644 2376 678 2401 ad
692 2384 722 2402 ea
739 2378 826 2409 verba,
841 2386 899 2412 qua:
912 2379 943 2406 de

154 2421 238 2447 sacris
252 2419 360 2447 Litteris
375 2421 495 2454 decerpta
507 2420 667 2455 proferebat.
681 2420 725 2447 Sit:
736 2427 824 2448 autem
838 2423 942 2450 licereli-

153 2474 244 2492 corum
272 2465 397 2500 oppilavit
424 2474 483 2498 ora,
503 2471 531 2492 ut
554 2465 648 2494 Patres
661 2475 748 2494 omnes
757 2467 834 2501 plane
850 2469 942 2495 obstu-

153 2516 296 2547 pescerrnt,
314 2512 395 2539 talem
417 2513 516 2539 homini
543 2521 559 2539 a
585 2514 672 2540 sancti
692 2513 808 2548 Spiritus
823 2514 942 2542 illustra-

154 2560 226 2584 tione
242 2558 368 2585 collatam
388 2559 513 2594 gratiam.
525 2558 620 2594 Itaque
640 2568 691 2586 non
704 2561 783 2593 pauci
793 2568 824 2586 ea:
840 2561 874 2587 iis
898 2562 943 2596 qui

154 2604 283 2638 principes
296 2604 366 2630 inter
391 2604 527 2631 haereticos
541 2605 707 2638 videbantur,
724 2605 784 2639 jam
803 2610 867 2639 tum,
883 2614 942 2633 cum

154 2658 196 2677 eos
208 2648 350 2685 Gregorius
366 2659 411 2685 per
423 2651 689 2686 titulos,libellosque
710 2654 833 2684 coercuit,
851 2653 885 2678 ad
900 2661 942 2679 or-

155 2694 298 2720 tltodoaam
327 2694 471 2722 Catholicw
491 2695 616 2722 Ecclesia:
639 2695 719 2730 [idem
737 2697 885 2731 confugere.
902 2696 942 2724 Ea:

154 2748 183 2766 eo
194 2741 273 2773 porro
284 2741 326 2767 die
351 2749 381 2767 ne
402 2741 497 2767 mutire
522 2742 626 2775 quidem
649 2742 772 2768 adrersus
791 2742 941 2770 Catholica:

154 2785 214 2810 ausi
234 2789 294 2809 sunt
320 2784 405 2818 impii,
428 2785 569 2819 inanesque
598 2793 629 2811 ac
655 2785 842 2819 fraudulentas
868 2794 941 2813 uoces

155 2828 264 2860 iactare,
289 2836 347 2863 qucz
373 2833 546 2860 tentaverant,
565 2837 659 2864 aspera
680 2830 800 2864 foedoque
828 2831 942 2857 evenisse

155 2873 402 2900 animaduertentes.
422 2873 492 2901 Deus
511 2874 690 2901 iuunortalisl
716 2874 779 2909 quid
796 2876 882 2902 adhuc
900 2883 942 2902 re-

999 967 1046 993 pro
1063 969 1092 986 eo
1105 961 1174 995 quod
1190 962 1280 996 quinta
1308 963 1423 998 synodus
1436 965 1464 990 in
1489 973 1518 991 ea
1551 967 1748 1000 nominabatur,
1766 969 1790 995 si

998 1014 1056 1032 eam
1083 1007 1176 1033 exinde
1195 1008 1375 1035 scandalizari
1396 1018 1471 1044 posse
1487 1011 1647 1043 credidistis,
1665 1017 1732 1039 recte
1745 1014 1789 1047 [a-

999 1057 1068 1078 ctum
1088 1057 1138 1085 est,
1155 1058 1183 1079 ut
1200 1054 1305 1080 minime
1323 1056 1549 1083 transmitteretis.
1562 1056 1636 1084 Unde
1650 1067 1718 1085 nunc
1733 1059 1786 1086 ista

998 1096 1122 1131 facimus,
1147 1103 1174 1124 ut
1202 1099 1275 1125 vobis
1289 1099 1400 1134 placuit,
1422 1106 1450 1127 ut
1467 1107 1583 1136 quatuor
1595 1104 1707 1138 synodos
1727 1109 1787 1132 tan-

998 1144 1132 1169 tummodo
1157 1143 1327 1170 laudareinus
1342 1153 1351 1171 :
1368 1146 1401 1172 de
1424 1146 1472 1172 illa
1494 1151 1581 1173 autent
1604 1150 1715 1183 synodo,
1731 1159 1789 1185 qua;

997 1189 1162 1222 postmodum
1190 1190 1421 1225 Constantinopoli
1443 1192 1515 1226 facta
1530 1199 1578 1223 est.
1591 1202 1649 1230 qua:
1665 1204 1680 1221 a
1698 1197 1787 1224 multis

997 1233 1089 1268 quinta
1115 1235 1276 1268 nominatur,
1294 1237 1360 1263 scire
1387 1244 1430 1263 cos
1452 1237 1520 1270 volo,
1537 1241 1598 1273 quia
1615 1241 1682 1267 nihil
1696 1247 1787 1269 contra

997 1280 1178 1307 sanctissimos
1195 1283 1307 1316 synodos
1321 1283 1497 1316 constituerit,
1518 1285 1557 1311 ttt'l
1577 1288 1696 1318 senserit,
1712 1289 1788 1323 quip-

996 1331 1026 1357 pe
1037 1325 1099 1358 quia
1115 1325 1141 1351 in
1154 1333 1184 1351 ea
1208 1326 1238 1352 de
1267 1328 1384 1361 personis
1408 1330 1600 1363 tantummodo,
1622 1339 1674 1358 non
1699 1337 1787 1359 autem

997 1369 1027 1394 de
1046 1369 1098 1403 ﬁde
1120 1370 1220 1405 aliquid
1243 1372 1347 1405 ju~sum
1361 1379 1417 1406 est;
1441 1380 1465 1401 et
1483 1376 1515 1402 de
1540 1377 1580 1403 his
1607 1379 1737 1411 personis,
1754 1383 1786 1407 de

996 1415 1089 1448 quibus
1106 1416 1133 1442 in
1142 1416 1346 1445 Chulcedonensi
1357 1421 1457 1453 synodo
1478 1422 1544 1448 niltil
1560 1425 1726 1457 continetur;
1741 1427 1786 1452 sed

995 1465 1052 1494 post
1066 1469 1202 1494 expressas
1218 1463 1345 1497 synodos,
1362 1473 1406 1491 seu
1416 1465 1535 1493 Canones
1555 1468 1628 1501 [acta
1644 1471 1784 1502 contentio,

995 1511 1021 1533 et
1032 1511 1150 1533 extrema
1166 1508 1235 1534 actio
1249 1508 1280 1535 de
1290 1510 1411 1544 personis
1427 1512 1554 1539 ventilata
1566 1518 1614 1539 est.
1632 1513 1659 1540 Si
1681 1519 1785 1542 tantum

997 1551 1080 1586 igitur
1094 1552 1120 1579 in
1142 1561 1158 1580 ν
1180 1555 1285 1588 synodo
1306 1557 1476 1583 meumenica
1494 1563 1597 1591 actum,
1614 1564 1704 1587 utrum
1723 1569 1786 1595 pro-

997 1598 1135 1625 scribendi
1159 1607 1244 1627 necnc
1260 1600 1348 1628 forent
1361 1601 1420 1630 Ibus
1434 1603 1554 1638 epistola:
1566 1606 1599 1633 ad
1613 1606 1709 1635 Marini
1722 1609 1787 1637 Per-

995 1652 1054 1671 sam
1068 1652 1172 1676 auctor,
1186 1649 1241 1672 tum
1257 1645 1430 1681 Theodorus,
1442 1649 1521 1683 cujus
1537 1652 1681 1679 exstabant
1691 1653 1785 1689 dispu-

995 1689 1114 1716 tationes
1154 1689 1285 1717 adversus
1321 1689 1486 1719 Eunomium
1526 1698 1553 1721 et
1581 1695 1785 1730 Apollinarem,

994 1732 1213 1761 Nestor-ianismo
1238 1734 1402 1767 laborantes,
1429 1743 1566 1771 postremo
1586 1739 1785 1776 Thendorctus,

995 1779 1040 1812 qui
1054 1778 1088 1805 I2
1117 1780 1252 1814 capitibus
1284 1780 1426 1815 Ephesinre
1443 1782 1504 1809 [idt-i
1525 1791 1540 1810 a
1552 1784 1652 1819 Cyrillo
1666 1786 1785 1814 Alexan-

994 1824 1075 1851 drino
1087 1825 1216 1859 episcopo
1233 1826 1397 1860 consuriptis
1413 1827 1541 1861 stigmata
1562 1829 1674 1862 inussit,
1687 1831 1709 1858 si
1719 1830 1782 1859 Ori-

994 1878 1086 1904 genes,
1113 1871 1254 1905 Didymus,
1286 1871 1428 1906 Eragrius,
1461 1874 1638 1903 dissentiente
1664 1879 1782 1910 nemine,

995 1917 1233 1944 anatltematismis
1246 1918 1376 1951 perculsi,
1389 1927 1518 1952 quorsum
1532 1921 1610 1954 illud,
1619 1921 1782 1957 Gregorium

994 1967 1155 1997 spumantes
1168 1963 1309 1990 audaciam
1341 1964 1484 1993 haereticos
1508 1968 1718 2001 compressisse,
1735 1969 1783 1996 iis-

993 2008 1163 2042 quetaudcm
1176 2009 1306 2042 pudorem
1315 2010 1487 2044 imposuisse,
1498 2012 1520 2039 si
1530 2013 1640 2047 quidem
1653 2015 1759 2049 synodo
1768 2024 1783 2041 tt

993 2054 1168 2081 mcumeuica‘.
1195 2054 1371 2084 interfuerit?
1391 2057 1464 2084 nulla
1493 2058 1548 2085 illic
1571 2066 1632 2085 cum
1647 2060 1786 2088 haereticis

993 2104 1067 2132 gesta
1088 2107 1141 2131 res,
1157 2101 1203 2127 sed
1220 2101 1254 2129 de
1267 2102 1403 2129 hmreticis
1430 2102 1557 2136 Origene,
1574 2104 1697 2139 Didymo,
1714 2105 1785 2133 Eva-

993 2144 1063 2178 grio,
1078 2145 1124 2172 sed
1141 2147 1174 2172 de
1194 2148 1280 2175 tribus
1295 2148 1442 2182 episcopis,
1460 2156 1577 2182 quorutn
1594 2154 1623 2175 ut
1635 2151 1716 2184 impia
1733 2151 1785 2178 d0-

993 2190 1104 2222 ctrina,
1132 2191 1169 2217 ita
1194 2193 1324 2219 tuemoria
1353 2192 1499 2224 incertum,
1522 2194 1721 2227 damnandane,
1748 2204 1783 2222 an

995 2235 1176 2269 observanda,
1195 2238 1413 2271 quandoquidem
1426 2238 1480 2272 pie,
1504 2239 1586 2273 inque
1596 2240 1783 2267 ecclesiastica

996 2282 1199 2309 consociatione
1217 2283 1401 2310 decesserant.
1433 2283 1521 2310 Unum
1535 2285 1586 2311 hoc
1601 2285 1628 2311 in
1643 2290 1782 2313 certamen

996 2327 1139 2359 veniebat;
1155 2335 1217 2353 nam
1245 2328 1312 2354 nulli
1339 2328 1452 2355 dubium
1476 2336 1491 2355 e
1505 2327 1674 2356 Patrilius'iu
1690 2330 1782 2357 conci-

997 2372 1062 2399 lium
1082 2373 1234 2406 cooptatis;
1246 2373 1312 2407 quin
1340 2381 1400 2408 quae
1420 2373 1480 2400 Ibas
1495 2374 1522 2400 in
1545 2374 1670 2408 epistola,
1692 2374 1783 2401 Theo-

996 2418 1090 2451 dorus,
1106 2424 1189 2453 atque
1210 2418 1399 2446 Thcodoretus
1432 2419 1458 2445 in
1484 2419 1703 2454 hypomnematis
1723 2421 1782 2448 suis

995 2464 1127 2491 adversus
1151 2465 1324 2497 Eunomium,
1346 2465 1541 2500 Apollinarem,
1566 2465 1696 2500 Cyrillum
1711 2465 1779 2493 effu-

995 2510 1097 2541 tierint,
1127 2511 1249 2544 putidam
1281 2510 1405 2537 haeresim
1424 2512 1539 2538 olerent.
1554 2509 1652 2537 Fateor
1672 2512 1780 2545 quidem

995 2563 1048 2582 non
1068 2556 1127 2582 sine
1154 2556 1279 2587 consilio,
1297 2557 1346 2582 hoc
1362 2561 1404 2582 est
1425 2556 1579 2588 vaferrimo,
1602 2557 1779 2592 scelesmque,

994 2598 1168 2625 Camarinam
1184 2599 1258 2626 illam
1274 2599 1308 2626 ab
1334 2599 1481 2634 Acephalis
1506 2605 1622 2633 motam;
1650 2609 1683 2627 eo
1707 2603 1779 2628 enim

994 2645 1165 2678 spectabant,
1179 2651 1208 2672 ut
1223 2646 1329 2673 devotis
1341 2654 1436 2673 eorum
1452 2647 1641 2682 episcoporum
1655 2647 1782 2675 manibus

994 2690 1228 2719 Chalcedonensis
1241 2692 1336 2728 synodi
1356 2694 1504 2720 auctoritas
1521 2693 1683 2725 elevaretur,
1696 2701 1782 2729 eoque

995 2737 1080 2764 tutius
1097 2738 1250 2765 teterrimos
1259 2738 1442 2773 hlaspliemias
1456 2745 1630 2766 evonterent:
1647 2741 1693 2767 sed
1708 2740 1780 2767 enim

994 2781 1020 2808 in
1035 2783 1152 2809 concilio
1167 2784 1231 2810 nulli
1250 2784 1276 2810 in
1293 2790 1410 2811 mentem
1424 2785 1500 2811 venit
1519 2785 1561 2811 vel
1576 2785 1603 2811 in
1624 2789 1782 2812 controver-

994 2828 1061 2854 siam
1074 2836 1173 2856 vocare
1202 2830 1465 2857 Chalcedonensium
1486 2831 1595 2857 Patrum
1615 2831 1779 2863 doctrinam,

993 2875 1035 2901 vel
1052 2874 1113 2908 Iba',
1128 2875 1262 2903 Theodori
1278 2881 1304 2904 et
1318 2876 1481 2905 Theodoreti
1505 2885 1613 2918 errgres
1625 2878 1777 2907 vindicare:
