2041 3159
247 159 311 192 1191

702 156 750 186 DE
769 156 899 186 {ETATE
921 156 950 186 S.
970 155 1159 186 GREGORII
1179 154 1435 185 AGRIGENTINI

1807 152 1875 184 1192

244 214 484 252 persuasissimum
510 211 650 243 omnibus,
686 211 713 238 in
740 218 835 238 orcum
866 211 1034 238 detrudenda
1049 210 1072 238 Α
1086 217 1174 238 annos
1189 215 1272 238 natus
1285 210 1330 242 65,
1348 217 1410 237 cum
1425 209 1568 237 'l‘hcodora
1580 208 1676 244 orbus)
1687 211 1876 245 novoshymc-

245 270 340 290 eorum
367 260 504 294 dogmata,
531 265 591 292 qua
605 258 685 293 vulgo
701 258 821 290 ipsorum
851 256 954 283 elibris
969 257 1037 284 hau-

247 309 397 336 riebantur.
412 306 503 339 Quare
521 305 562 331 vel
580 312 678 331 novam
704 304 786 338 litigat
801 303 950 337 Cajctanus
965 309 1037 329 (new

247 355 380 382 mt-nicam
393 354 525 388 synodum
539 351 590 377 sub
600 349 755 377 Justiniauo
774 349 782 374 l
800 353 934 381 coactam,
953 349 995 374 cui
1010 351 1038 374 et

248 400 363 428 Romani
379 398 499 433 episcopi
525 398 603 432 legati
629 395 814 427 interfuerint,
831 395 876 429 qui
888 394 947 429 ejus
965 394 1037 421 libel-

247 445 302 472 lntn
321 445 476 476 detulerint,
497 444 522 469 ιιι
546 450 601 477 quo
619 442 702 468 attitni
729 441 772 467 sui
798 448 876 468 sensa
893 440 965 467 circa
982 447 1035 472 res,

247 498 308 525 quze
320 491 346 517 in
367 489 543 524 quaastimtetn
559 488 713 518 veniebant,
741 486 925 520 depromeret,
942 486 1038 512 simul-

247 545 301 572 que
334 537 407 563 missi
438 537 472 563 ab
496 537 555 570 ipso
584 534 699 561 Romam
725 539 821 568 agente
835 534 1036 569 episcopi,.qui

249 582 431 609 Orientalibus
452 584 674 616 aggregarentur,
694 579 795 613 quique
821 578 934 605 reduces
949 578 1037 612 ipsum

250 626 392 654 docuerint
404 631 505 660 quanta
517 624 631 659 gesserit
643 623 790 658 Gregorius
804 631 810 655 ;
823 627 879 650 tum
890 622 1039 658 Gregorius

249 673 317 699 adeo
344 671 446 698 ascitus
471 670 590 697 Sardicm
612 669 779 697 Constantia:
799 669 919 703 episcopi
947 674 1039 704 partes

249 717 357 748 obiens,
371 717 473 751 quiqtte
489 720 543 742 tant
560 715 646 741 multa
663 719 688 741 et
709 713 826 740 illustria
850 713 876 739 in
895 713 1039 739 haereticos

249 763 406 798 disptttarit,
433 766 462 788 ιιι
485 769 578 788 eorum
608 760 715 787 tandem
742 758 1038 794 perviceritfuroretn;

251 810 290 837 vel
303 809 412 835 demum
431 808 557 839 fateatur,
580 807 607 833 in
629 806 680 832 alia
697 804 896 832 amandandum
918 809 1038 838 tempora

250 856 420 889 Gregorium,
436 858 518 888 atque
533 853 590 886 ipse
614 851 761 881 censuerit.
778 857 866 884 neque
881 850 937 877 lieri
947 857 1037 884 posse,

251 906 280 928 nt
295 903 364 927 inter
393 900 488 935 synodi
514 907 530 926 v
554 898 730 925 meumenicaa
757 903 933 924 consessores
960 896 1040 924 fuerit

251 951 460 974 annumeratus.

286 1013 331 1041 IX.
348 1012 441 1046 Nt-que
465 1012 522 1039 haec
542 1016 647 1038 tantum
671 1016 747 1044 sunt,
776 1019 837 1046 quae
849 1009 1041 1046 Cajelaniopi-

251 1060 360 1087 nionem
389 1058 508 1090 diluont;
532 1063 558 1084 et
581 1057 635 1084 alia
664 1057 808 1089 accedunt,
823 1065 883 1092 qua:
902 1056 1042 1083 mantissm

254 1107 312 1133 loro
326 1106 433 1132 addam.
456 1103 527 1130 Inter
540 1104 693 1138 episcopos,
717 1103 765 1137 qui
785 1111 799 1129 τι
812 1103 1042 1136 Constantinopo-

253 1152 338 1178 litano
357 1150 512 1185 patriarclta
530 1149 657 1184 delegati,
680 1148 805 1184 Gregorii
822 1156 933 1176 causam
950 1147 1043 1182 cogni-

253 1198 307 1225 turi
326 1205 386 1224 cum
401 1196 527 1223 Romano
545 1196 684 1230 pontilice,
702 1194 861 1221 Corinthius
873 1198 1040 1221 recensclur.

254 1243 471 1276 Archiepiscopus
492 1242 552 1268 item
573 1241 637 1276 (hoc
651 1244 693 1268 cst
711 1239 1041 1274 Constantinopolitanus.

254 1290 344 1325 inquit
358 1286 497 1321 Leon-tius)
520 1287 659 1314 accersitos
677 1285 767 1320 Cyzici
791 1290 815 1312 et
846 1284 966 1312 Corinthi
985 1285 1043 1318 epi-

255 1343 346 1369 scopus
361 1333 470 1360 Romam
485 1333 546 1359 inde
558 1332 647 1358 mittit.
667 1330 721 1358 Sed
742 1339 823 1365 quem
836 1335 979 1366 prtetereat
993 1331 1044 1357 sub

254 1380 409 1408 Iustiniano
422 1379 442 1412 l,
455 1385 595 1412 annosque
612 1377 714 1411 aliquot
731 1376 924 1410 postCorinthi
942 1376 1045 1411 episco-

255 1435 319 1463 pum
342 1426 478 1456 Hellados,
499 1429 526 1451 ct
551 1423 661 1451 Achaia:
675 1423 823 1450 exarchnm
846 1422 975 1449 Romana:
989 1430 1044 1457 pa-

256 1472 402 1502 triarchiaa,
418 1469 648 1505 quemadmodum
678 1473 705 1495 et
730 1467 942 1501 Thessalonice,
960 1472 986 1494 et
998 1467 1045 1494 Ju-

255 1518 382 1545 stinianaa
395 1517 405 1541 ι
418 1515 540 1546 exarchi,
550 1514 699 1546 subditum,
714 1521 801 1547 eoque
812 1514 920 1540 nomine
928 1513 1044 1540 Romani

257 1563 392 1597 pontiﬁcis
413 1562 440 1587 itt
467 1568 515 1587 sua
539 1560 668 1586 exarchia
687 1559 819 1586 vicarium
850 1559 978 1593 gessisse,
990 1567 1042 1593 qtta
1058 1549 1079 1577 (ἶ

256 1608 387 1642 dignitate
412 1605 491 1632 macti
520 1605 588 1631 adeo
608 1612 669 1630 cum
697 1603 968 1635 Thessalonicensis,
987 1608 1044 1630 tum

256 1650 469 1679 Justinianensis
506 1649 647 1676 Dardania:
670 1649 812 1684 episcopi?
829 1648 871 1683 (V.
900 1648 994 1675 Baluz.
1018 1649 1044 1675 in

257 1697 397 1732 Supplem.
418 1696 451 1722 ad
467 1695 513 1722 lib.
533 1703 549 1722 v
565 1695 597 1721 de
616 1694 747 1722 Concord.
763 1703 819 1722 sat.
839 1699 864 1722 et
883 1695 959 1729 imp.,
984 1702 1044 1729 cap.

257 1743 303 1774 29.
316 1751 342 1769 n.
362 1741 416 1776 Η.)
439 1740 491 1774 Qui
519 1740 603 1774 igitur
619 1740 730 1773 factum,
752 1746 781 1767 ιιι
797 1740 1045 1774 Constantinopoli-

257 1792 339 1814 tanus
357 1785 511 1820 patriarcha
525 1792 615 1811 rcrutn
633 1784 745 1811 domino
758 1783 933 1812 Iustiniano]
950 1783 1047 1811 Corin-

259 1831 299 1858 thi
311 1829 480 1864 episcopum,
491 1828 517 1854 in
534 1835 614 1862 quem
624 1828 728 1854 nullum
743 1828 794 1855 sibi
814 1828 859 1862 jus
872 1828 1044 1859 attributum,

259 1875 285 1902 in
316 1875 409 1900 urbem
438 1876 599 1901 arcesseret,
625 1871 798 1906 jubcretqne,
833 1877 863 1898 ut
894 1871 974 1906 legati
1004 1870 1046 1898 sui

260 1925 371 1945 munere
397 1920 509 1943 ornatus
530 1914 645 1942 Romam
662 1920 811 1950 appeteret,
826 1914 949 1951 Gregorii
962 1914 1046 1950 judex

261 1962 388 1991 iuturus?

294 2034 327 2061 Χ.
343 2034 381 2060 Ad
394 2033 451 2060 haec
464 2032 532 2059 falso
547 2030 662 2058 crimine
676 2029 784 2058 solutus
793 2029 888 2057 Romae
899 2029 1048 2064 Gregorius

259 2078 524 2112 Constantinopolim
541 2077 609 2106 abit,
637 2075 731 2110 ibique
746 2079 772 2102 et
799 2075 834 2101 ab
858 2075 923 2110 imp.
940 2075 1048 2103 Caesare

260 2123 426 2154 Iustiniano,
453 2126 480 2148 et
493 2123 526 2149 ab
549 2120 671 2154 Augusta
688 2120 889 2147 liberalissimis
902 2120 982 2148 donis
998 2128 1048 2147 cu-

262 2170 390 2196 mulatur.
401 2168 497 2201 .Neque
513 2174 571 2193 vero
592 2165 692 2200 (inquit
706 2164 847 2200 Leontius)
861 2165 982 2199 piissimo
992 2165 1047 2192 Au-

1089 263 1163 282 naaos
1180 256 1353 284 celebrasse?

1123 300 1171 327 XI.
1189 301 1309 328 Tandem
1332 301 1397 328 illud
1425 301 1603 335 expendatur,
1624 299 1785 335 Gregorium
1800 305 1877 336 post-

1088 351 1170 378 quam
1191 345 1371 372 Paschalibus
1397 345 1475 372 feriis
1493 352 1508 371 a
1524 345 1617 379 culpa,
1637 345 1718 380 cujus
1737 353 1876 372 summum

1088 397 1136 424 per
1155 390 1245 417 scelus
1265 395 1423 422 accusatus,
1452 398 1537 425 purus
1553 390 1692 425 judicatus
1717 395 1758 418 est
1772 390 1877 423 Romae,

1089 435 1135 461 ubi
1153 442 1239 462 annos
1255 435 1281 467 2,
1294 443 1403 462 menses
1420 435 1445 467 5,
1462 435 1622 462 carceribus
1637 443 1652 461 a
1675 436 1814 470 pontilice.
1833 438 1878 463 cui

1089 480 1209 507 delatum
1225 481 1341 513 crimen,
1358 481 1530 514 mancipatus
1557 481 1627 516 egit,
1644 480 1879 516 Constantinopo-

1089 525 1136 552 lim
1154 526 1277 560 petiisse,
1291 527 1382 560 ibique
1392 526 1496 552 Pascha
1517 527 1770 561 celeltrasse,302
1780 528 1879 554 deinde

1090 569 1124 596 ab
1152 570 1216 604 imp.
1243 569 1400 596 Justiniano
1418 569 1563 596 ditnissum
1594 569 1710 596 Romam
1729 572 1879 599 revertisse

1090 623 1137 642 χιιι
1161 615 1221 642 Kal.
1254 615 1382 649 Augusti,
1411 615 1529 650 indeque
1544 615 1570 642 in
1595 615 1716 643 Siciliam
1733 617 1880 652 navigasse

1090 665 1173 695 atque
1191 661 1225 688 ad
1245 662 1427 696 Acragantem
1459 660 1572 687 ﬂuvium
1594 661 1752 696 pervenisse
1771 670 1796 689 Iv
1815 662 1879 690 ldus

1091 706 1277 740 Septembris;
1306 712 1367 740 post
1401 707 1459 733 haec
1486 706 1598 733 ﬂuvium
1627 707 1782 741 ingressum
1812 709 1879 735 hora

1089 752 1143 779 diei
1165 753 1242 779 tertia
1259 752 1292 778 ad
1312 751 1554 786 Agrigentinorum
1577 753 1808 787 emporium,quo
1828 754 1880 780 iter

1089 800 1148 823 erat
1175 800 1386 830 praeterpropter
1413 796 1572 830 sesquidiei,
1603 797 1741 831 appulisse
1757 797 1879 824 Sabbato

1091 841 1144 872 die,
1166 841 1217 868 ltnc
1234 846 1275 867 est
1291 848 1321 867 ιιι
1351 840 1415 868 ldus
1439 841 1618 875 Septembris,
1644 842 1777 876 postridie
1796 851 1878 877 quam

1056 885 1077 914 Β
1091 887 1124 913 ad
1136 885 1316 920 Acragantem
1332 893 1440 913 amnem
1460 886 1537 913 navis
1552 886 1719 914 advenerat:
1736 895 1790 914 non
1805 888 1879 915 enim

1090 940 1163 959 unus
1192 932 1316 967 idemque
1343 931 1402 959 dies
1420 932 1550 967 appulsus
1574 929 1738 967 Acragantis
1766 938 1794 960 et
1820 941 1879 960 em-

1092 977 1180 1012 porii;
1200 983 1279 1004 secus
1299 977 1371 1004 enim
1389 977 1575 1004 characterem
1600 978 1720 1006 Sabbato
1730 979 1880 1006 indicasset

1091 1022 1223 1049 Leontius
1244 1022 1279 1049 ad
1298 1030 1324 1049 tv
1339 1021 1402 1049 ldus
1429 1023 1609 1057 Septembris,
1638 1031 1700 1051 cum
1726 1024 1754 1051 itt
1770 1032 1878 1052 amnem
1911 1042 1921 1051 .

1092 1069 1234 1102 pervenit;
1261 1076 1350 1103 neque
1374 1073 1443 1101 erat,
1465 1077 1516 1096 cur
1539 1074 1596 1096 tum
1624 1070 1788 1105 designaret,
1817 1078 1879 1098 cum

1092 1115 1209 1149 emporii
1243 1114 1319 1141 littus
1356 1115 1456 1150 attigit,
1487 1116 1602 1150 perinde
1626 1123 1660 1143 ac
1683 1124 1716 1143 eo
1740 1117 1794 1149 die,
1815 1118 1881 1152 quia

1094 1159 1256 1191 Sabhatum,
1271 1161 1384 1196 dignum
1401 1161 1553 1196 quidpiam,
1579 1162 1653 1196 quod
1668 1162 1768 1191 litteris
1780 1164 1881 1198 prode-

1093 1210 1178 1237 retur,
1199 1207 1324 1240 gesserit.
1354 1206 1394 1234 En
1422 1206 1527 1235 Leontii
1550 1209 1631 1235 verba
1667 1213 1750 1243 prout
1785 1209 1882 1238 Latine

1093 1260 1172 1279 versa
1185 1261 1191 1279 :
1202 1251 1283 1279 Roma
1295 1253 1376 1288 igitur
1385 1255 1506 1288 protecti,
1519 1259 1596 1289 atque
1608 1255 1635 1280 in
1649 1254 1770 1282 Siciliam
1778 1257 1883 1289 appulsi

1093 1298 1264 1333 Agrigentum
1292 1299 1397 1325 veniunt
1426 1307 1453 1326 tv
1480 1298 1547 1326 Idus
1574 1299 1804 1333 Septembris;sic
1821 1310 1882 1329 vero

1094 1344 1192 1371 volente
1215 1344 1280 1375 Deo,
1305 1345 1348 1379 qui
1364 1352 1464 1378 semper
1487 1349 1511 1371 et
1531 1350 1659 1376 servarat,
1681 1351 1706 1372 et
1730 1346 1881 1380 adjuverat,

1094 1390 1202 1424 ﬂuvium
1218 1390 1306 1416 ineunt
1324 1390 1351 1416 in
1382 1389 1545 1423 suburbium,
1573 1390 1642 1424 quod
1658 1391 1803 1424 emporium
1817 1391 1884 1418 dici-

1096 1439 1151 1466 tur,
1165 1434 1200 1460 ad
1219 1435 1322 1460 tertiam
1341 1434 1392 1461 diei
1406 1434 1518 1460 lteram:
1546 1439 1603 1461 erat
1625 1442 1702 1468 porro
1725 1434 1882 1468 Sabbatum,

1095 1488 1154 1506 cum
1168 1479 1231 1506 illuc
1259 1480 1392 1515 appulere.
1420 1478 1480 1506 .Iam
1501 1487 1566 1507 vero
1593 1480 1627 1507 ab
1639 1488 1714 1507 anno
1742 1481 1805 1512 554,
1834 1482 1883 1516 qui

1096 1526 1293 1553 (ecumenicam
1311 1534 1327 1553 v
1347 1526 1479 1561 synodum
1492 1531 1613 1559 secutus,
1631 1526 1665 1553 ad
1679 1526 1741 1558 565,
1756 1527 1883 1554 ultimum

1095 1570 1240 1598 Justiniani
1256 1571 1266 1597 Ι
1285 1572 1366 1605 Aug.,
1382 1579 1409 1598 tu
1427 1571 1596 1606 Septembris
1610 1572 1668 1599 dies
1686 1573 1712 1599 in
1731 1573 1883 1600 Sabhatnm

1096 1617 1211 1644 incurrit
1226 1617 1307 1644 annis
1321 1617 1374 1644 555
1388 1621 1414 1644 et
1434 1617 1504 1649 560;
1527 1625 1600 1644 anno
1616 1618 1689 1644 enim
1716 1618 1769 1645 555
1786 1626 1800 1644 a
1819 1617 1882 1645 Kal.

1094 1662 1234 1690 Ianuariis
1253 1663 1388 1699 iniitcycli
1409 1664 1509 1690 solaris
1520 1671 1608 1690 anttus
1619 1665 1645 1697 4,
1663 1663 1778 1699 ideoque
1793 1665 1883 1691 littera

1097 1710 1272 1737 Dominicalis
1283 1710 1301 1735 ί)
1315 1719 1322 1742 ;
1339 1718 1412 1737 anno
1422 1709 1487 1742 560,
1497 1710 1566 1744 cycli
1583 1710 1681 1737 solaris
1693 1718 1781 1737 annus
1793 1711 1820 1742 9,
1838 1710 1884 1737 lit-

1097 1758 1152 1782 tera
1170 1754 1375 1782 Duminicalisl)
1386 1754 1424 1787 C;
1438 1762 1525 1789 coque
1539 1754 1629 1782 disces
1651 1755 1838 1782 characterem
1856 1763 1884 1782 ιι

1095 1800 1148 1827 diei
1157 1800 1324 1835 Septembris
1333 1800 1419 1827 fuisse
1431 1800 1526 1827 feriam
1536 1800 1561 1826 7.
1575 1800 1608 1826 At
1621 1807 1709 1827 annus
1718 1800 1770 1827 555
1781 1801 1815 1827 ad
1827 1808 1883 1827 rem

1097 1853 1151 1872 non
1168 1849 1220 1877 est,
1230 1850 1286 1871 tum
1300 1845 1373 1879 quod
1389 1845 1550 1880 Gregorium
1574 1845 1626 1873 hoc
1638 1853 1712 1873 anno
1725 1846 1884 1880 episcopum

1096 1891 1291 1926 inauguratum
1311 1896 1387 1925 putat
1395 1891 1553 1925 Cujetanus,
1566 1895 1623 1918 tum
1642 1891 1715 1926 quod
1729 1899 1744 1918 a
1759 1891 1884 1927 Grrgorii

1097 1937 1229 1965 Romanis
1248 1938 1366 1965 vinculis
1384 1938 1418 1965 ad
1435 1938 1551 1964 reditum
1571 1937 1698 1965 Ecclesia:
1723 1946 1779 1965 sua:
1792 1939 1857 1965 anni
1870 1938 1885 1965 ι

1097 1983 1313 2015 intercesserint,
1348 1982 1487 2017 simulque
1519 1987 1626 2009 certum
1654 1982 1733 2015 illud,
1764 1983 1886 2011 audiisse

1098 2028 1258 2064 Gregorium
1283 2028 1524 2063 Agrigentinorum
1553 2029 1712 2062 episcopum
1731 2033 1793 2062 post
1808 2036 1886 2056 mcu-

1097 2071 1232 2101 tuenicam
1252 2074 1386 2109 synodum
1401 2073 1747 2106 Constantinopolitanam,
1761 2073 1814 2100 hoc
1833 2079 1884 2105 est,

1098 2120 1180 2155 paulo
1195 2124 1255 2154 post
1279 2127 1381 2146 annum
1416 2119 1480 2152 555,
1498 2126 1547 2153 pro
1567 2119 1689 2152 Uajetani
1709 2120 1854 2152 sententia,
1870 2128 1885 2147 a

1099 2172 1153 2198 quo
1165 2164 1198 2191 ad
1219 2164 1271 2191 555
1282 2164 1422 2191 biennium
1447 2167 1552 2190 tantum
1570 2171 1708 2190 numeres.
1727 2163 1779 2191 Sed
1797 2171 1886 2199 neque

261 2219 338 2250 gusta
365 2213 418 2240 viro
432 2211 581 2250 ‘quidpiam
607 2210 695 2243 cessit,
706 2210 751 2237 sed
767 2217 827 2236 vero
849 2209 939 2236 multis
950 2209 1046 2245 Grego-
1062 2214 1085 2242 ι)
1099 2218 1188 2238 annus
1204 2209 1255 2237 560
1281 2217 1370 2236 causae
1396 2214 1498 2236 nostra:
1529 2209 1669 2236 conducit.
1691 2209 1804 2244 Vigilius
1817 2217 1886 2246 papa

261 2261 330 2286 rium
346 2258 453 2284 donavit
469 2255 630 2287 muneribus,
650 2264 715 2282 auro
743 2261 910 2290 argentoque,
932 2256 999 2290 quod
1013 2256 1048 2283 ad

262 2305 401 2332 Ecclesiaz’
417 2311 480 2330 vara
507 2301 668 2335 ron/icienda
699 2306 763 2328 esset
777 2301 853 2327 satis.
876 2300 968 2336 Ecqua
983 2309 1048 2329 vero

260 2350 318 2377 haec
332 2350 452 2383 Augusta
478 2347 624 2374 Justiniani
649 2346 659 2372 l
692 2346 781 2372 uxor?
802 2345 916 2373 Unicant
935 2347 1047 2374 historia

259 2394 406 2423 Iustiniani
436 2393 444 2420 l
470 2392 611 2427 conjugem
635 2391 718 2419 tradit
735 2390 916 2423 Theodoram,
933 2399 993 2426 quae
1006 2397 1048 2418 ta—

261 2448 323 2467 men
341 2439 531 2466 mortalitatem
550 2438 665 2473 explevit
692 2445 762 2464 anno
778 2437 878 2464 Chriin
893 2437 955 2470 548,
966 2437 1049 2465 Justi-

261 2487 358 2513 niunati
381 2485 485 2519 imperii
496 2484 541 2517 Ἡ,
560 2491 650 2511 mense
661 2483 754 2515 Junio,
767 2483 915 2510 indictione
929 2484 972 2515 11,
989 2489 1018 2510 ιιι
1032 2491 1048 2510 a

262 2532 427 2567 Theophane
456 2531 594 2566 proditum
620 2530 647 2556 in
663 2529 827 2563 Chronogr.,
840 2533 867 2556 et
882 2533 944 2555 ante
960 2530 1047 2564 ipsum

261 2587 276 2606 a
294 2578 439 2612 Procopio,
454 2585 506 2611 quo
526 2576 670 2609 superstite
694 2575 810 2602 excessit
829 2573 983 2607 Theodoro,
999 2575 1046 2603 lib.

261 2633 286 2652 tv
299 2624 366 2651 Belli
392 2622 480 2650 Gottlt.
505 2621 577 2648 Vidit
607 2621 745 2655 scopulum
772 2620 936 2655 Cajetanns,
962 2628 1049 2655 neque

261 2670 402 2698 evadendo
417 2676 464 2703 par
481 2667 542 2694 fuit.
572 2666 677 2693 Etenim
704 2666 857 2701 profitetur.
894 2668 1049 2701 inc0mper-

262 2721 319 2744 tum
332 2716 395 2747 sibi,
411 2721 536 2750 quamam
552 2718 608 2740 tuttt
629 2713 759 2746 temporis
779 2713 899 2746 regnarit
913 2712 1047 2747 Augusta,

262 2769 325 2789 cum
347 2760 583 2794 Constantinopoli
613 2758 747 2793 hospitem
764 2758 859 2786 statuit
885 2757 1047 2792 Gregorium

263 2807 429 2842 episcopum.
454 2805 535 2832 Eccui
562 2805 670 2831 tandem
691 2803 773 2831 fuerit
794 2809 974 2838 compertum,
987 2812 1048 2831 cum

263 2860 359 2880 omnes
387 2852 497 2879 omnino
521 2851 620 2878 sileant
644 2850 788 2877 histOrite?
809 2859 870 2877 euttt
883 2858 969 2884 neque
985 2857 1049 2877 vero

264 2898 356 2927 simile
373 2898 428 2930 tlat,
457 2898 641 2926 Justinianum
668 2900 776 2925 senecta
792 2900 870 2924 aztate
890 2897 958 2931 (crat
973 2897 1044 2923 cnim

1098 2256 1199 2283 obiittv
1215 2254 1430 2282 ldusJanuarias
1444 2254 1508 2281 anni
1528 2253 1560 2281 P.
1576 2254 1607 2282 C.
1621 2253 1714 2282 Basilii
1728 2255 1772 2287 t7,
1789 2263 1887 2290 nempe

1097 2300 1199 2328 Christi
1221 2301 1381 2335 Dionysiani
1409 2299 1470 2332 568,
1490 2305 1559 2327 teste
1582 2300 1704 2327 omnium
1730 2301 1888 2328 certissinto

1100 2348 1208 2376 Victore
1227 2347 1407 2374 Tunnuuensi
1433 2347 1580 2382 episcopo,
1603 2347 1651 2382 qui
1682 2346 1781 2382 Vigilio
1809 2352 1888 2375 aetate

1098 2402 1221 2429 compar,
1243 2393 1388 2428 adfuitque
1403 2393 1714 2428 Constantinopolitanze
1735 2395 1839 2429 synodo
1857 2402 1886 2426 ιι,

1104 2440 1259 2475 Vigilioque
1272 2441 1343 2474 regia
1360 2440 1386 2466 in
1402 2439 1470 2466 urbe
1485 2440 1636 2467 consuevit.
1663 2440 1813 2473 Ἀνύπατα,
1831 2441 1888 2467 sive

1098 2485 1163 2512 anni
1180 2485 1254 2512 nullo
1287 2485 1399 2512 consule
1422 2484 1558 2519 designati
1584 2484 1735 2512 secundum
1757 2485 1886 2512 Basilium

1099 2537 1206 2564 coepere
1220 2529 1253 2556 ab
1281 2537 1352 2555 anno
1372 2529 1424 2555 512
1449 2529 1647 2563 desieruntque
1670 2537 1742 2555 anno
1761 2529 1824 2559 566,
1840 2530 1887 2564 qui

1098 2573 1309 2609 primusJustiui
1341 2574 1362 2600 ll
1379 2574 1460 2609 Aug.
1477 2579 1505 2601 ιιι
1530 2582 1562 2601 ex
1576 2573 1664 2601 Fastis
1683 2575 1887 2608 consulatibus,

1099 2621 1271 2659 potissimum
1287 2628 1351 2648 vero
1363 2621 1535 2648 Heraclianis
1558 2626 1674 2648 constat.
1692 2621 1779 2648 Porro
1798 2620 1888 2656 Vigihi

1099 2667 1276 2694 emortualem
1300 2674 1402 2693 annum
1437 2667 1657 2700 componendum
1688 2675 1750 2694 cum
1784 2667 1888 2696 Christi

1100 2711 1267 2746 Dionysiano
1281 2711 1421 2743 558,adeo
1436 2713 1558 2739 solemne
1571 2712 1701 2738 traditum
1719 2714 1746 2739 in
1767 2713 1889 2747 antiquis

1099 2759 1288 2786 Romanorum
1307 2760 1466 2793 puntilicum
1481 2759 1630 2795 Catalogis,
1645 2765 1673 2786 ut
1685 2760 1804 2787 Joannes
1821 2760 1889 2787 Ccc—

1099 2804 1234 2836 canensis,
1245 2805 1291 2838 qui
1313 2810 1407 2832 cetera
1431 2806 1626 2833 Chronotaxim
1644 2806 1810 2841 pontiﬁcium
1825 2814 1890 2833 sus-

1099 2857 1153 2884 que
1180 2849 1268 2884 deque
1290 2851 1418 2885 .scripsit,
1448 2852 1475 2878 itt
1499 2851 1552 2879 alia
1570 2851 1645 2878 abire
1670 2851 1742 2879 haud
1758 2853 1888 2886 potuerit.

1099 2895 1189 2928 Quare
1205 2896 1322 2930 videant,
1339 2904 1422 2932 quam
1441 2897 1563 2926 suaviter
1583 2898 1636 2926 sibi
1660 2897 1763 2933 imponi
1779 2898 1890 2934 patian—
