2041 3159
155 163 224 195 1193

832 154 1100 194 DISSERTATIO.

1704 161 1714 192 1
1723 162 1770 192 illi

153 224 209 250 tur,
227 216 273 252 qui
299 215 332 243 iis
364 215 516 247 ascribunt.
543 223 558 243 e
581 216 651 244 vivis
668 221 791 252 ereptum
808 215 936 252 Vigilium
953 219 975 246 Α
990 215 1069 250 303
1099 214 1236 247 etiluxcre,
1264 221 1325 242 cum
1344 213 1445 242 Christi
1468 213 1649 250 Dionysianis,
1665 218 1694 240 ut
1710 215 1772 241 inde

153 269 227 290 anno
242 261 295 289 554
309 261 509 289 dictitantibus.
524 261 583 288 .lam
610 261 711 296 Vigilio
721 257 939 289 successitPela-

153 307 215 342 gius
233 306 325 333 Idibus
344 305 446 340 Aprilis
469 305 590 340 ejusdem
609 306 673 332 anni
689 306 751 336 558,
767 305 812 340 qui
832 305 937 332 exstin-

154 357 226 383 ctus,
237 353 275 379 uti
285 351 403 379 ostendit
417 351 526 386 Pagius,
537 359 609 378 anno
618 352 670 379 560
680 353 720 379 vel
731 351 793 383 561,
808 351 939 386 quemad-

152 399 265 426 modtnn
285 398 331 424 alii
352 398 484 431 sentiunt,
501 406 525 425 tv
544 397 638 425 Nonas
652 397 773 425 Martias.
790 397 818 424 Si
838 397 940 431 Grego-

153 444 212 472 rius
247 444 330 478 igitur
360 443 455 470 Roma:
481 443 610 481 occlusus
638 443 797 470 carceribus
816 449 903 469 annos
922 442 939 468 2

153 496 262 517 mensos
274 490 290 516 5
311 489 417 523 exegit;
429 489 451 516 si
477 489 585 524 cognita
604 488 726 523 Gregorii
742 496 825 515 causa
840 488 939 522 postri—

154 536 198 563 die
222 534 374 565 Paschalis,
398 537 471 561 certe
501 534 648 560 Ecclesiam
672 533 717 560 ille
732 541 808 560 suam
824 533 940 560 revisere

156 581 258 615 nequiit
272 587 344 606 anno
365 578 426 610 560,
449 579 500 605 nisi
523 579 646 610 Romam,
659 586 713 613 quo
729 586 743 604 a
764 578 873 605 Tiberio
885 577 940 604 Ro-

155 626 229 653 mani
245 625 380 660 pontiﬁcis
401 624 428 651 in
446 624 539 650 Sicilia
565 625 685 650 exarcbo
701 624 749 655 (ita
763 624 879 658 appellat
891 623 940 651 Le-

156 673 258 703 ontius,
284 672 330 706 qui
364 671 434 698 forte
466 670 596 698 Romana:
623 670 747 697 Ecclesiae.
759 670 895 702 defensor,
908 671 941 696 de

155 726 210 752 quo
239 718 303 745 alibi
337 717 437 749 dicam)
459 717 633 748 amandatns,
650 716 761 743 subierit
792 724 863 747 tutuo
877 717 938 747 556,

157 764 250 790 ‘mense
266 761 413 788 Novembri
428 770 434 792 ;
449 762 482 788 ab
494 769 527 788 eo
544 761 615 788 enim
635 761 666 788 ad
686 762 747 788 Idus
764 762 864 795 Aprilis
877 762 939 793 559,

156 815 219 835 eum
233 806 420 834 Christianum
442 803 547 833 Pascha
566 801 730 833 celebratum
755 807 839 841 (quod
856 807 940 835 disci—

158 861 220 880 mus
234 861 265 879 ex
282 852 357 887 cyclo
375 852 440 879 solis
456 852 482 883 8,
498 852 569 878 luna:
585 852 610 883 9,
632 852 720 878 littera
736 852 893 879 Dominieali
910 853 939 884 E,

159 899 278 927 termino
299 898 434 931 Pascltali,
450 898 467 925 6
493 899 604 933 Aprilis)
635 904 707 925 recte
727 899 837 933 colliges
856 907 941 926 annos

157 945 184 977 ἱ,
202 952 309 972 menses
323 945 349 976 5,
370 947 398 970 ut
410 944 533 971 reversus
547 945 654 971 tandem
677 938 852 979 Agrigentum
871 952 942 971 βιηιο

157 991 312 1026 insequenti
334 990 415 1016 fuerit
445 990 517 1024 regia
534 998 565 1016 ex
581 990 661 1022 Urbe,
686 991 730 1017 ubi
756 990 858 1018 Pascha
880 999 940 1024 per-

124 1037 131 1041 ’
158 1037 222 1071 egit.
240 1036 322 1070 Atqui
352 1038 415 1062 vero
442 1034 513 1062 anno
532 1035 583 1062 556
601 1040 627 1062 et
649 1035 834 1070 pontiﬁcatum
851 1037 944 1064 obibat

159 1072 288 1115 V'igilius,
309 1085 335 1107 et
359 1077 596 1115 Constantinopoli
633 1080 757 1115 degebat,
785 1086 809 1106 ut
831 1081 943 1114 proinde

159 1128 320 1162 Gregorium
334 1128 427 1153 Itonia:
443 1127 469 1154 in
485 1135 608 1154 carceres
633 1128 748 1154 condere
762 1128 831 1153 haud
849 1130 942 1161 quive-

160 1174 204 1205 rit,
223 1180 311 1207 neque
331 1171 464 1207 accipere,
487 1180 555 1207 quas
577 1172 701 1200 Tiberius
722 1174 858 1201 exarchus
874 1174 943 1201 50ιί-

158 1222 268 1252 pserat,
291 1216 396 1243 litteras
407 1237 415 1248 ,
443 1216 552 1251 quando
565 1223 603 1244 ea:
629 1217 733 1244 traditm
749 1218 879 1252 pontiﬁci,
895 1220 943 1254 qui

160 1261 253 1288 Ῐῖυιιιὶἓ
267 1262 436 1292 versabatur.
453 1260 542 1293 Quare
560 1269 621 1288 cum
640 1270 712 1289 anno
724 1262 775 1289 556
789 1262 942 1290 Romanum

114 1299 124 1305 ’
159 1308 313 1341 pontiﬁcem
330 1312 435 1341 gereret
450 1307 575 1341 Vigilius,
590 1315 651 1334 cum
667 1316 738 1336 anno
751 1309 802 1336 559
816 1305 943 1344 Pelagius

159 1351 290 1380 Romana:
320 1352 447 1380 Ecclesite
485 1353 591 1380 clavum
623 1354 794 1388 tetnperaret,
826 1363 943 1391 eumque

158 1399 352 1433 insuper,qui
376 1397 535 1433 Gregorium
564 1398 687 1431 absdlrit,
714 1399 784 1426 idem
813 1407 899 1427 annos
915 1395 943 1435 2,

156 1450 267 1470 menses
290 1443 306 1469 5
334 1443 449 1469 vinculis
480 1448 506 1470 et
531 1443 654 1470 custotlia
685 1445 844 1476 cocrcuerit,
869 1447 943 1480 quod

157 1489 329 1524 apertissime
343 1493 462 1529 testatur
483 1489 623 1520 Lemnius,
654 1497 825 1524 consequens
846 1496 896 1522 est,
916 1491 942 1518 in

989 261 1028 288 rei
1043 261 1144 288 veritas
1161 264 1289 295 emergat.
1306 260 1383 293 Quod
1408 260 1556 296 Agrigento
1580 259 1770 295 Carthaginem

989 306 1099 333 solverit
1113 305 1262 340 Gregorius
1275 306 1361 341 pridie
1377 305 1436 333 Kal.
1456 306 1553 339 .lulias,
1571 313 1658 341 eoque
1676 314 1773 341 perve-

988 350 1058 378 nerit
1071 354 1132 385 post
1143 351 1201 378 dies
1219 352 1246 383 5,
1262 347 1288 378 in
1310 353 1521 380 controversiam
1538 359 1590 379 non
1609 353 1691 384 venit,
1710 359 1771 378 nam

983 405 1020 423 ex
1043 397 1180 425 luculento
1206 394 1311 425 Leontii
1337 398 1493 425 testimonio
1525 398 1667 425 discimus.
1693 397 1773 430 Quod

990 443 1081 470 itidem
1099 443 1264 477 Carthagine
1277 451 1339 470 cum
1359 443 1460 475 Marco,
1481 435 1639 478 Serapione,
1658 443 1773 470 Leontio

991 488 1134 516 monachis
1147 489 1283 524 profectus
1300 488 1431 524 Tripolim
1450 489 1598 520 advenerit,
1616 489 1731 524 expletis
1746 489 1772 515 in

991 534 1086 562 itinere
1102 531 1197 562 diebus
1207 535 1252 567 20,
1275 535 1366 569 ibique
1380 535 1534 562 diversatus
1561 542 1681 561 mensem
1708 535 1774 560 inte-

991 586 1079 613 grmn,
1102 577 1221 613 indeque
1248 579 1346 605 iterum
1365 579 1507 612 navigans,
1526 584 1698 612 quatuorque
1711 578 1772 605 navi

993 625 1137 660 impositus
1149 632 1257 652 menses
1270 625 1400 659 exegerit,
1412 624 1576 658 laudentque
1588 623 1774 659 Hierosolyma

991 671 1115 702 subierit,
1138 670 1174 697 ita
1201 674 1260 696 uta
1282 669 1456 704 Carthaginis
1471 670 1545 696 abitu
1564 670 1596 696 ad
1623 669 1775 703 Hierosoly-

991 723 1099 743 morum
1115 717 1268 750 ingressum
1284 723 1391 742 menses
1410 716 1616 743 intercesserint
1635 716 1650 742 6
1667 717 1707 743 γει
1728 717 1776 742 ali—

991 761 1057 796 quid
1077 762 1212 796 amplius,
1241 761 1371 788 Leontius
1391 769 1467 796 mque
1486 762 1619 797 petltiln't,
1641 767 1670 788 ut
1685 763 1775 789 nullus

992 807 1038 833 hic
1070 806 1222 842 ambigendi
1256 806 1332 832 locus
1361 807 1489 844 supersit.
1520 806 1596 839 Quod
1622 815 1685 833 vero
1714 808 1776 834 inde

992 848 1140 881 Caietanns
1153 852 1280 879 conﬁciat
1302 852 1486 887 Hierosolyma
1511 852 1668 887 Gregorium
1693 861 1775 888 pcne—

993 902 1080 924 trasse
1097 897 1215 924 nondum
1231 905 1302 924 anno
1317 897 1419 931 clapsn,
1436 905 1467 924 ex
1483 904 1536 931 quo
1552 898 1637 931 patria
1649 899 1774 929 evaserit,

993 951 1043 970 nec
1059 943 1137 977 longe
1162 951 1176 970 ξι
1205 942 1346 973 Paschate,
1375 943 1446 977 quod
1469 941 1596 970 Leontius
1622 943 1775 971 confertum

994 993 1126 1032 memorat
1135 988 1150 1015 6
1165 989 1276 1023 Aprilis,
1287 989 1360 1015 nullo
1373 989 1453 1016 modo
1465 989 1622 1024 probamus,
1635 990 1774 1025 siquidem

994 1035 1090 1062 ducem
1104 1034 1208 1061 Lt'nntil
1227 1034 1380 1066 historiam,
1399 1041 1427 1061 ιιι
1445 1034 1557 1062 omnino
1574 1035 1613 1063 fas
1634 1041 1684 1067 est,
1699 1038 1775 1070 sequi

995 1081 1130 1114 velimus;
1153 1080 1217 1114 quid
1244 1079 1337 1107 enim?
1352 1079 1459 1108 Marcus
1475 1081 1569 1113 abbas,
1587 1082 1632 1116 qui
1651 1081 1778 1110 llicroso-

995 1127 1065 1162 lyma
1090 1126 1252 1161 Gregorium
1279 1127 1390 1153 deduxit
1405 1127 1449 1153 die
1467 1128 1584 1155 secunda
1606 1136 1620 1155 ει
1637 1136 1705 1155 nova
1725 1129 1778 1155 Do-

994 1172 1105 1204 miniea,
1117 1179 1177 1206 qnte
1191 1172 1301 1198 unicum
1318 1171 1434 1204 Pascha,
1450 1172 1521 1205 quod
1543 1173 1641 1200 ibidem
1655 1175 1777 1201 celebra-

994 1218 1041 1250 vit,
1057 1222 1162 1249 secuta,
1176 1214 1306 1252 Tripolim
1319 1217 1403 1252 Syria:
1419 1217 1564 1251 dcmigrat,
1591 1227 1645 1254 quo
1669 1220 1776 1248 devenit

995 1261 1057 1290 Kal.
1075 1260 1174 1294 Juniis,
1195 1263 1240 1290 ubi
1259 1270 1409 1290 conscensa
1426 1264 1498 1294 navi,
1516 1264 1542 1291 in
1560 1264 1679 1292 Siciliam
1699 1267 1776 1293 navi-

995 1314 1040 1345 gat
1057 1318 1066 1346 ;r
1084 1317 1139 1336 xvtt
1155 1308 1214 1336 Kal.
1229 1307 1316 1335 Julias
1333 1309 1366 1335 ad
1384 1309 1559 1337 Pleutbiadas
1574 1318 1637 1337 oras
1656 1312 1776 1346 appellit.

995 1356 1113 1391 indeque
1133 1356 1311 1391 Acragantcm
1330 1355 1458 1388 'ﬁuvium,
1482 1361 1564 1391 afqne
1589 1357 1652 1384 biuc
1673 1357 1778 1385 Sul'ttr-

994 1400 1069 1430 bium
1094 1402 1192 1436 primo,
1219 1402 1291 1437 quod
1312 1402 1463 1435 emporium
1480 1402 1716 1437 Agrigentinorum
1735 1405 1778 1430 di—

995 1454 1079 1479 ctum,
1091 1448 1152 1474 dein
1163 1439 1256 1474 urbem
1269 1447 1427 1482 ingreditur.
1440 1447 1529 1481 ibique
1541 1448 1583 1475 die
1597 1451 1777 1478 sanctissimi,-

995 1497 1127 1530 apostolis
1141 1495 1220 1522 Petro
1236 1500 1261 1523 et
1273 1487 1359 1522 I’aulo
1374 1502 1450 1522 sacra
1475 1495 1679 1529 religiosissime
1693 1499 1777 1526 culta.

157 1542 260 1561 annum
279 1535 330 1562 560
348 1534 464 1562 eord‘errl
487 1542 539 1561 non
557 1541 638 1569 posse
664 1533 786 1570 Gregorii
801 1536 833 1563 ad
850 1536 940 1564 Ecclc-
953 1547 975 1575 ο
991 1543 1122 1578 postridie
1144 1542 1268 1576 contigit,
1294 1545 1323 1567 ut
1352 1541 1472 1576 Gregorii
1498 1547 1616 1575 pan-utea
1640 1543 1674 1568 ad
1690 1543 1777 1569 urbem

157 1581 226 1607 siam
241 1585 318 1608 suam
335 1581 460 1607 reditum.
476 1579 541 1606 Cum
556 1588 618 1607 vero
634 1580 660 1607 in
685 1582 796 1614 reliquis
811 1580 943 1609 Iustinia-

158 1627 185 1653 ni
204 1626 308 1653 [annis
327 1631 466 1660 tinnquam
484 1626 587 1652 incidat
608 1626 635 1652 II
656 1625 822 1660 Septembris
842 1628 900 1654 dies
916 1628 942 1655 in

159 1672 254 1698 feriam
270 1671 297 1704 7-,
326 1679 398 1698 anno
424 1672 496 1699 cutim
523 1671 571 1698 561
606 1673 734 1699 convenit
761 1672 787 1698 in
804 1673 899 1700 feriant
917 1672 942 1704 I.

157 1723 231 1743 anno
242 1716 294 1743 562
310 1716 336 1742 in
357 1715 452 1743 feriam
469 1717 496 1750 2,
512 1723 584 1743 anno
603 1717 654 1743 563
669 1717 694 1742 iu
716 1716 809 1743 feriam
825 1718 851 1745 5.
873 1725 943 1744 anno

158 1762 211 1790 564
223 1763 249 1789 in
270 1762 365 1789 feriam
384 1762 410 1794 5,
426 1769 498 1789 anno
513 1763 565 1789 565
581 1763 607 1789 in
626 1762 719 1789 feriam
733 1760 760 1794 6,
774 1763 870 1790 doceat
883 1768 943 1790 tan-

158 1809 220 1835 dem
237 1808 397 1839 Caietanus,
411 1814 496 1842 ecqua
510 1809 627 1835 ineu'nda
644 1809 696 1839 via,
716 1817 769 1844 qua
783 1809 941 1843 Gregorium

158 1854 399 1889 Agrigentinorum
429 1855 588 1888 episcopum
618 1855 643 1881 in
679 1854 825 1882 Justiniani
854 1855 942 1889 Magni

157 1905 281 1934 tempora
305 1901 560 1931 eouferamus,curn
577 1905 631 1927 tam
659 1902 752 1932 multa,
773 1910 860 1936 eaque
875 1910 942 1936 pon-

157 1947 231 1973 deris
261 1946 415 1981 gravissiml
440 1948 578 1981 comperta
609 1947 688 1973 nobis
714 1949 779 1979 sint,
806 1955 866 1982 quse
882 1948 943 1975 inde

157 1988 307 2025 obiiciant?

193 2037 249 2064 Xll.
267 2037 343 2065 Nunc
354 2038 481 2073 quoniam
496 2047 549 2066 non
568 2039 657 2066 stabili
675 2039 768 2071 nititur
783 2032 942 2066 fundamen-

157 2088 184 2110 to
200 2083 320 2117 Cajetani
336 2085 428 2118 opinio
444 2083 477 2111 de
491 2084 613 2118 Gregorﬁ
626 2105 632 2116 ,
649 2085 691 2111 cui
705 2084 830 2118 imputat,
852 2089 940 2115 :etate.

158 2129 332 2156 commodum
361 2129 442 2161 venit,
462 2133 490 2155 ιιι
516 2129 579 2163 quid
597 2130 646 2156 hac
661 2129 694 2156 de
713 2136 742 2155 re
755 2130 880 2161 sentiam,
897 2130 942 2156 ali-

157 2174 268 2209 quando
294 2174 401 2201 tandem
428 2182 588 2208 propoaam.
608 2174 678 2207 Quid
698 2182 762 2201 vero
778 2183 938 2209 proponant,

995 1587 1108 1614 venerint
1122 1586 1269 1613 tteceSaaria
1285 1585 1440 1619 deferentes,
1453 1591 1480 1611 ut
1490 1586 1635 1620 natojusta
1650 1587 1776 1621 furerent;

994 1641 1022 1659 eo
1038 1633 1165 1667 siquidem
1179 1632 1220 1658 die
1247 1631 1387 1666 Gregorius
1422 1632 1482 1658 inde
1510 1632 1670 1660 abscesserat
1694 1635 1778 1668 prii/ie

993 1678 1055 1705 Kal.
1067 1677 1167 1704 Julius.
1185 1677 1323 1713 Laerymis
1339 1678 1421 1712 igitur
1448 1678 1612 1712 planctuque
1627 1679 1689 1706 dum
1712 1680 1778 1706 iniv-

994 1725 1050 1751 rias
1063 1725 1172 1752 solvunt
1184 1725 1249 1755 ﬁlio,
1265 1731 1346 1757 quem
1359 1724 1522 1751 exstiurtum
1538 1728 1691 1756 autumant,
1709 1722 1779 1752 Mar-

994 1778 1043 1798 cus
1059 1770 1307 1797 monarhusluctus
1315 1778 1426 1798 causam
1439 1770 1473 1796 ab
1485 1771 1612 1806 episcopo
1623 1771 1779 1798 Potamione.

994 1816 1165 1845 sciscitatur,
1182 1815 1262 1849 eique
1278 1815 1423 1849 episcopus
1440 1823 1446 1841 :
1460 1815 1530 1841 Audi
1545 1815 1667 1849 (inquit),
1688 1817 1778 1848 Pater,

988 1861 1046 1893 jam
1065 1865 1089 1887 te
1105 1861 1168 1894 quid
1183 1860 1232 1886 lmc
1248 1861 1275 1887 in
1289 1859 1352 1886 urbe
1370 1860 1472 1886 duobus
1491 1861 1586 1886 abhinc
1612 1862 1687 1887 anuis
1717 1870 1778 1888 con-

994 1907 1091 1941 tigerit,
1122 1905 1241 1932 edocebo.
1274 1905 1342 1932 'l'um
1373 1914 1429 1932 rem
1456 1907 1626 1940 exsequitur,
1653 1914 1776 1936 narrans,

992 1959 1063 1986 quos
1079 1952 1203 1986 lugentes
1225 1952 1340 1984 videret,
1358 1956 1484 1986 parentes
1504 1959 1563 1979 esse
1583 1951 1706 1987 Gregorii
1731 1962 1778 1979 en-

990 1997 1099 2031 jusdam
1113 1997 1219 2023 eximia:
1233 1997 1288 2031 spei
1305 1988 1496 2027 adolescentis,
1522 1997 1567 2030 qui
1593 1998 1776 2024 archidiaconi

992 2043 1145 2078 disciplina:
1163 2043 1335 2070 conc-reditus
1356 2050 1387 2069 ex
1407 2043 1522 2069 civitatis
1539 2043 1625 2070 oculis
1648 2044 1778 2077 eruperit.

993 2090 1048 2123 Age
1059 2089 1114 2123 jam
1137 2089 1159 2115 si
1174 2089 1322 2123 GregOrius
1354 2089 1449 2123 patriis
1477 2089 1576 2115 ﬁnibus
1600 2089 1668 2116 abiit
1694 2090 1780 2124 pridie

995 2134 1054 2162 Kal.
1083 2135 1180 2167 Julias,
1197 2136 1219 2161 si
1241 2136 1451 2169 sequentianno
1474 2135 1581 2163 Marcus
1611 2137 1693 2163 abbas
1717 2144 1779 2163 cum

994 2181 1126 2216 Gregorio
1147 2181 1343 2216 Hierosolymis
1360 2182 1503 2209 Paschalis
1521 2183 1651 2209 solemnia
1665 2184 1777 2217 peregit.

158 2220 210 2247 nisi
223 2221 293 2254 quod
308 2226 340 2247 ex
367 2220 520 2255 Menologio
554 2220 647 2253 Basilii
664 2220 671 2246 I
687 2222 756 2255 Aug.
780 2223 943 2248 auctoritate
960 2225 981 2251 D
996 2228 1135 2262 alteroque
1151 2234 1165 2253 τι
1183 2235 1250 2254 nova
1270 2227 1408 2254 Ilominica
1425 2227 1469 2254 die
1490 2228 1553 2255 inde
1577 2228 1714 2263 digressus
1734 2229 1777 2254 du.

157 2270 287 2298 edito,ex
308 2265 465 2293 Summario
488 2265 661 2301 Grcgoriauze
688 2267 750 2292 vita:
762 2263 853 2293 Griece
875 2267 943 2294 scri-

157 2314 214 2344 pto,
231 2318 263 2338 ex
289 2310 381 2338 Niceta
401 2313 535 2338 monacho
563 2312 678 2344 Studite,
703 2319 735 2338 ex
753 2311 868 2339 Leontio
894 2320 943 2339 no-

157 2360 225 2386 stro.
241 2364 273 2382 ex
289 2356 471 2390 Metaphraste
487 2356 640 2388 haurimus,
661 2357 694 2383 ad
708 2365 738 2384 ea
759 2355 943 2384 sciliCetrele-

157 2400 271 2427 rendum
290 2406 411 2435 tetnp0ra
432 2400 592 2436 Gregorium
609 2421 617 2434 ,
636 2401 736 2435 quibus
749 2400 943 2429 Constantino-

155 2446 211 2481 poli
230 2448 399 2474 ceeumenlca
418 2455 443 2474 vr
469 2449 590 2482 synodus
606 2447 736 2475 adversus
752 2447 943 2475 Menotbelitas

156 2497 263 2526 coacta,
279 2493 447 2528 prolndeque
470 2494 571 2521 vixisse
597 2494 646 2520 sub
662 2492 747 2529 Augg.
764 2493 943 2522 Constantino

156 2535 310 2572 Pogonato,
334 2544 361 2566 et
390 2538 547 2566 .lustiniano
565 2538 597 2570 ll,
614 2539 657 2566 cui
677 2547 690 2565 a
714 2540 809 2567 recisis
831 2540 942 2566 naribus

156 2590 229 2610 anno
243 2582 297 2610 695
319 2583 353 2610 ab
385 2583 511 2614 Leontio;
537 2585 582 2618 qui
607 2585 680 2618 regio
708 2592 723 2610 ρ
745 2575 950 2617 ῐΙιΐοηοιιῙρσιῐ,¹

157 2627 325 2656 Rhinotmeti
353 2637 503 2664 cognomen
535 2629 668 2656 inditum?
692 2629 763 2656 Nihil
780 2631 863 2665 igitur
880 2632 942 2657 novi

156 2674 287 2707 aﬂ'eram;
316 2679 421 2702 tantutn
444 2676 568 2708 eﬁ‘iciam,
587 2683 619 2702 ue
649 2683 729 2710 quem
751 2675 872 2710 Cajctani
895 2685 943 2703 nn-

156 2720 240 2747 minis
251 2721 413 2754 auctoritas,
445 2730 506 2756 qua:
522 2721 630 2756 quidem
651 2730 767 2751 summa.
783 2730 798 2748 e
812 2723 866 2749 veri
887 2727 942 2748 tra-

157 2766 222 2792 mite
245 2767 396 2801 propulset.

192 2811 264 2838 Xlil.
279 2812 419 2846 Principio
437 2814 617 2847 componendi
643 2814 707 2841 mihi
726 2813 848 2847 Gregorii
867 2815 941 2846 anni.

156 2857 203 2890 qui
219 2865 231 2882 ιι
248 2859 342 2891 patria:
358 2858 480 2886 discessu
499 2859 531 2885 ad
559 2859 682 2893 episcopi
704 2859 941 2895 inaugurationent

318 2905 449 2935 PATROL.
473 2906 518 2936 Gn
551 2905 682 2937 XCVIII.

996 2273 1102 2300 sinente
1113 2271 1194 2300 Iunio
1206 2273 1382 2308 Agrigentum
1402 2274 1534 2306 pervenit,
1559 2274 1702 2308 pridieqne
1719 2273 1776 2300 Kal.

994 2318 1079 2346 Julias
1095 2318 1220 2354 Gregorii
1236 2322 1362 2353 parentes
1377 2318 1450 2346 videt
1464 2318 1538 2352 justa
1557 2313 1621 2344 ﬁlio~
1636 2318 1777 2349 farientes,

995 2367 1068 2390 certe
1080 2362 1186 2396 quidem
1203 2369 1235 2389 eo
1251 2363 1295 2389 die
1318 2370 1389 2389 unus
1415 2363 1601 2390 numerandus
1625 2370 1725 2396 annus,
1745 2372 1777 2389 ex

995 2415 1048 2441 quo
1062 2408 1193 2434 libaritou
1219 2411 1246 2434 et
1265 2407 1402 2434 Theodoto
1417 2407 1606 2434 dulcissimum
1630 2409 1777 2443 optimum-

994 2460 1047 2487 que
1064 2454 1162 2487 pignus
1183 2453 1345 2480 amiserunt.
1363 2453 1468 2479 Alenim
1483 2453 1626 2487 episcopus
1638 2454 1777 2480 biem.iunt

994 2501 1087 2524 narrat
1102 2505 1108 2523 :
1122 2505 1264 2532 perperam
1282 2498 1365 2533 igitur
1380 2497 1525 2525 Caietanns
1536 2499 1649 2531 unicum
1668 2506 1779 2533 percen-

994 2547 1034 2568 sct
1055 2550 1167 2573 annum,
1182 2551 1214 2569 ex
1235 2551 1290 2577 quo
1310 2542 1458 2578 Gregorius
1476 2544 1564 2578 patria
1583 2543 1666 2571 domo
1685 2552 1777 2572 exces~

995 2588 1071 2619 serit,
1090 2594 1117 2616 et
1130 2588 1235 2616 Marcus
1247 2588 1370 2624 Gregorii
1390 2589 1487 2616 ductor
1503 2588 1776 2625 ilierosolymitanam

996 2634 1028 2660 ad
1051 2634 1298 2668 peregrinationem
1315 2635 1490 2670 Agrigentum
1515 2635 1711 2671 Hierosolymis
1732 2647 1753 2661 ιιι
1767 2650 1778 2657 ~

995 2681 1077 2707 venit.
1092 2680 1173 2713 Quid,
1193 2681 1263 2716 quod
1276 2682 1396 2715 ejusdem
1413 2681 1514 2708 biennii
1537 2682 1710 2710 manifestum
1732 2691 1777 2710 rx-

994 2729 1048 2751 stat
1061 2725 1204 2759 vestigium
1217 2727 1243 2752 in
1260 2734 1360 2756 rerum,
1374 2734 1442 2761 quas
1459 2725 1590 2760 Leontius
1608 2729 1777 2762 exsequitur.

995 2771 1150 2797 narratione
1166 2778 1179 2797 a
1207 2770 1331 2806 Gregorii
1350 2779 1461 2799 excessu
1476 2771 1508 2799 ad
1527 2771 1777 2808 Hierosolymorum

995 2815 1152 2845 adventum.
1168 2817 1259 2852 ibique
1274 2823 1335 2843 aeta
1357 2818 1520 2852 paschalia?
1536 2819 1580 2844 Ait
1596 2820 1694 2853 primo,
1712 2819 1775 2847 (ἔπιθι

995 2862 1100 2896 got-ium
1115 2862 1277 2898 ('artbagiue
1298 2863 1414 2898 hospitio
1434 2865 1623 2898 cxcrptutn‘ah
1636 2866 1693 2901 ipso
1711 2873 1774 2893 nam

1536 2911 1574 2942 38
