  <div class='ocr_page' id='page_1' title='image "/cluster/home/n/w/nwhite01/storage/ocr_20150623/98/njp.32101077772851/677.png"; bbox 0 0 2041 3159; ppageno 0'>
   <div class='ocr_carea' id='block_1_1' title="bbox 283 163 354 195">
    <p class='ocr_par' dir='ltr' id='par_1_1' title="bbox 283 163 354 195">
     <span class='ocr_line' id='line_1_1' title="bbox 283 163 354 195; baseline 0.014 -1"><span class='ocrx_word' id='word_1_1' title='bbox 283 163 354 195; x_wconf 81' lang='grc'><strong>1195</strong></span> 
     </span>
    </p>
   </div>
   <div class='ocr_carea' id='block_1_2' title="bbox 723 164 1453 197">
    <p class='ocr_par' dir='ltr' id='par_1_2' title="bbox 723 164 1453 197">
     <span class='ocr_line' id='line_1_2' title="bbox 723 164 1453 197; baseline 0.001 -2"><span class='ocrx_word' id='word_1_2' title='bbox 723 165 772 196; x_wconf 89' lang='lat' dir='ltr'><strong>DE</strong></span> <span class='ocrx_word' id='word_1_3' title='bbox 791 165 920 196; x_wconf 73' lang='lat' dir='ltr'><strong>[ETATE</strong></span> <span class='ocrx_word' id='word_1_4' title='bbox 937 167 965 195; x_wconf 89' lang='lat' dir='ltr'><strong>S.</strong></span> <span class='ocrx_word' id='word_1_5' title='bbox 981 165 1169 196; x_wconf 79' lang='lat' dir='ltr'><strong>GREGORII</strong></span> <span class='ocrx_word' id='word_1_6' title='bbox 1199 164 1453 197; x_wconf 80' lang='lat' dir='ltr'><strong>AGRIGENTINI</strong></span> 
     </span>
    </p>
   </div>
   <div class='ocr_carea' id='block_1_3' title="bbox 1838 164 1907 198">
    <p class='ocr_par' dir='ltr' id='par_1_3' title="bbox 1838 164 1907 198">
     <span class='ocr_line' id='line_1_3' title="bbox 1838 164 1907 198; baseline 0.029 -2"><span class='ocrx_word' id='word_1_7' title='bbox 1838 164 1907 198; x_wconf 69' lang='grc' dir='ltr'>ιιπ</span> 
     </span>
    </p>
   </div>
   <div class='ocr_carea' id='block_1_4' title="bbox 279 219 1337 255">
    <p class='ocr_par' dir='ltr' id='par_1_4' title="bbox 279 219 1337 255">
     <span class='ocr_line' id='line_1_4' title="bbox 279 219 1337 255; baseline -0.001 -7"><span class='ocrx_word' id='word_1_8' title='bbox 279 220 426 255; x_wconf 70' lang='lat' dir='ltr'><strong>ciero,qui</strong></span> <span class='ocrx_word' id='word_1_9' title='bbox 453 219 519 247; x_wconf 89' lang='lat' dir='ltr'><strong>illuc</strong></span> <span class='ocrx_word' id='word_1_10' title='bbox 543 219 714 253; x_wconf 80' lang='lat' dir='ltr'><strong>deduxerat;</strong></span> <span class='ocrx_word' id='word_1_11' title='bbox 734 220 780 248; x_wconf 90' lang='lat' dir='ltr'><strong>ubi</strong></span> <span class='ocrx_word' id='word_1_12' title='bbox 803 228 891 247; x_wconf 75' lang='lat' dir='ltr'><strong>rerum</strong></span> <span class='ocrx_word' id='word_1_13' title='bbox 919 221 1068 247; x_wconf 82' lang='lat' dir='ltr'><strong>divinarum</strong></span> <span class='ocrx_word' id='word_1_14' title='bbox 1083 225 1106 251; x_wconf 79' lang='grc' dir='ltr'>Α</span> <span class='ocrx_word' id='word_1_15' title='bbox 1155 220 1217 247; x_wconf 65' lang='grc'>674.</span> <span class='ocrx_word' id='word_1_16' title='bbox 1236 240 1242 247; x_wconf 94' lang='grc'>.</span> <span class='ocrx_word' id='word_1_17' title='bbox 1284 239 1291 248; x_wconf 90' lang='grc'><strong>.</strong></span> <span class='ocrx_word' id='word_1_18' title='bbox 1330 240 1337 247; x_wconf 95' lang='grc'><strong><em>.</em></strong></span> 
     </span>
    </p>
   </div>
   <div class='ocr_carea' id='block_1_5' title="bbox 279 265 1067 300">
    <p class='ocr_par' dir='ltr' id='par_1_5' title="bbox 279 265 1067 300">
     <span class='ocr_line' id='line_1_5' title="bbox 279 265 1067 300; baseline -0.003 -6"><span class='ocrx_word' id='word_1_19' title='bbox 279 265 545 295; x_wconf 73' lang='lat' dir='ltr'><strong>commentationibus</strong></span> <span class='ocrx_word' id='word_1_20' title='bbox 572 266 676 293; x_wconf 68' lang='lat' dir='ltr'><strong>deditus</strong></span> <span class='ocrx_word' id='word_1_21' title='bbox 703 270 760 300; x_wconf 77' lang='lat' dir='ltr'><strong>post</strong></span> <span class='ocrx_word' id='word_1_22' title='bbox 784 266 893 292; x_wconf 77' lang='lat' dir='ltr'><strong>biduum</strong></span> <span class='ocrx_word' id='word_1_23' title='bbox 912 265 1067 300; x_wconf 78' lang='lat' dir='ltr'><strong>aliquando,</strong></span> 
     </span>
    </p>
   </div>
   <div class='ocr_carea' id='block_1_6' title="bbox 279 312 1068 348">
    <p class='ocr_par' dir='ltr' id='par_1_6' title="bbox 279 312 1068 348">
     <span class='ocr_line' id='line_1_6' title="bbox 279 312 1068 348; baseline -0.003 -7"><span class='ocrx_word' id='word_1_24' title='bbox 279 312 422 348; x_wconf 56' lang='lat' dir='ltr'><strong>aliquando</strong></span> <span class='ocrx_word' id='word_1_25' title='bbox 452 317 509 347; x_wconf 72' lang='lat' dir='ltr'><strong>post</strong></span> <span class='ocrx_word' id='word_1_26' title='bbox 550 313 686 344; x_wconf 81' lang='lat' dir='ltr'><strong>triduum,</strong></span> <span class='ocrx_word' id='word_1_27' title='bbox 718 320 905 347; x_wconf 68' lang='lat' dir='ltr'><strong>nonnmxlnam</strong></span> <span class='ocrx_word' id='word_1_28' title='bbox 938 313 1068 347; x_wconf 69' lang='lat' dir='ltr'><strong>integram</strong></span> 
     </span>
    </p>
   </div>
   <div class='ocr_carea' id='block_1_7' title="bbox 278 357 1067 392">
    <p class='ocr_par' dir='ltr' id='par_1_7' title="bbox 278 357 1067 392">
     <span class='ocr_line' id='line_1_7' title="bbox 278 357 1067 392; baseline -0.001 -6"><span class='ocrx_word' id='word_1_29' title='bbox 278 359 358 386; x_wconf 76' lang='lat' dir='ltr'><strong>etiam</strong></span> <span class='ocrx_word' id='word_1_30' title='bbox 374 357 563 385; x_wconf 76' lang='lat' dir='ltr'><strong>hebdomadam</strong></span> <span class='ocrx_word' id='word_1_31' title='bbox 571 358 680 392; x_wconf 72' lang='lat' dir='ltr'><strong>jejunus</strong></span> <span class='ocrx_word' id='word_1_32' title='bbox 709 359 856 392; x_wconf 72' lang='lat' dir='ltr'><strong>transigere</strong></span> <span class='ocrx_word' id='word_1_33' title='bbox 871 366 881 390; x_wconf 87' lang='lat'><strong><em>;</em></strong></span> <span class='ocrx_word' id='word_1_34' title='bbox 905 362 986 392; x_wconf 88' lang='lat' dir='ltr'><strong>atque</strong></span> <span class='ocrx_word' id='word_1_35' title='bbox 1006 358 1067 385; x_wconf 88' lang='lat' dir='ltr'><strong>hinc</strong></span> 
     </span>
    </p>
   </div>
   <div class='ocr_carea' id='block_1_8' title="bbox 278 402 1067 440">
    <p class='ocr_par' dir='ltr' id='par_1_8' title="bbox 278 402 1067 440">
     <span class='ocr_line' id='line_1_8' title="bbox 278 402 1067 440; baseline 0 -10"><span class='ocrx_word' id='word_1_36' title='bbox 278 404 424 440; x_wconf 78' lang='lat' dir='ltr'><strong>intelligas,</strong></span> <span class='ocrx_word' id='word_1_37' title='bbox 453 411 507 430; x_wconf 91' lang='lat' dir='ltr'><strong>non</strong></span> <span class='ocrx_word' id='word_1_38' title='bbox 532 403 666 438; x_wconf 80' lang='lat' dir='ltr'><strong>pauxillos</strong></span> <span class='ocrx_word' id='word_1_39' title='bbox 688 403 746 430; x_wconf 82' lang='lat' dir='ltr'><strong>dies</strong></span> <span class='ocrx_word' id='word_1_40' title='bbox 772 411 875 430; x_wconf 86' lang='lat' dir='ltr'><strong>moram</strong></span> <span class='ocrx_word' id='word_1_41' title='bbox 901 402 1067 438; x_wconf 79' lang='lat' dir='ltr'><strong>Carthagine</strong></span> 
     </span>
    </p>
   </div>
   <div class='ocr_carea' id='block_1_9' title="bbox 278 448 1066 484">
    <p class='ocr_par' dir='ltr' id='par_1_9' title="bbox 278 448 1066 484">
     <span class='ocr_line' id='line_1_9' title="bbox 278 448 1066 484; baseline -0.003 -7"><span class='ocrx_word' id='word_1_42' title='bbox 278 449 376 478; x_wconf 81' lang='lat' dir='ltr'><strong>fecisse</strong></span> <span class='ocrx_word' id='word_1_43' title='bbox 394 449 564 484; x_wconf 81' lang='lat' dir='ltr'><strong>Gregorium.</strong></span> <span class='ocrx_word' id='word_1_44' title='bbox 593 448 716 476; x_wconf 81' lang='lat' dir='ltr'><strong>Subinde</strong></span> <span class='ocrx_word' id='word_1_45' title='bbox 745 453 889 480; x_wconf 88' lang='lat' dir='ltr'><strong>memorat,</strong></span> <span class='ocrx_word' id='word_1_46' title='bbox 918 452 1000 475; x_wconf 64' lang='lat' dir='ltr'><strong>tanta:</strong></span> <span class='ocrx_word' id='word_1_47' title='bbox 1027 448 1066 475; x_wconf 88' lang='lat' dir='ltr'><strong>rei</strong></span> 
     </span>
    </p>
   </div>
   <div class='ocr_carea' id='block_1_10' title="bbox 278 493 1066 529">
    <p class='ocr_par' dir='ltr' id='par_1_10' title="bbox 278 493 1066 529">
     <span class='ocr_line' id='line_1_10' title="bbox 278 493 1066 529; baseline -0.001 -6"><span class='ocrx_word' id='word_1_48' title='bbox 278 497 405 523; x_wconf 87' lang='lat' dir='ltr'><strong>nuntium</strong></span> <span class='ocrx_word' id='word_1_49' title='bbox 430 495 657 523; x_wconf 85' lang='lat' dir='ltr'><strong>admirabundum</strong></span> <span class='ocrx_word' id='word_1_50' title='bbox 680 494 814 529; x_wconf 75' lang='lat' dir='ltr'><strong>hospitem</strong></span> <span class='ocrx_word' id='word_1_51' title='bbox 827 494 953 522; x_wconf 86' lang='lat' dir='ltr'><strong>retulisse</strong></span> <span class='ocrx_word' id='word_1_52' title='bbox 970 493 1066 522; x_wconf 78' lang='lat' dir='ltr'><strong>civita-</strong></span> 
     </span>
    </p>
   </div>
   <div class='ocr_carea' id='block_1_11' title="bbox 278 539 1065 577">
    <p class='ocr_par' dir='ltr' id='par_1_11' title="bbox 278 539 1065 577">
     <span class='ocr_line' id='line_1_11' title="bbox 278 539 1065 577; baseline -0.004 -8"><span class='ocrx_word' id='word_1_53' title='bbox 278 543 313 569; x_wconf 91' lang='lat' dir='ltr'><strong>tis</strong></span> <span class='ocrx_word' id='word_1_54' title='bbox 330 548 469 577; x_wconf 80' lang='lat' dir='ltr'><strong>episcopo,</strong></span> <span class='ocrx_word' id='word_1_55' title='bbox 484 540 530 575; x_wconf 88' lang='lat' dir='ltr'><strong>qui</strong></span> <span class='ocrx_word' id='word_1_56' title='bbox 546 539 708 575; x_wconf 77' lang='lat' dir='ltr'><strong>Gregorium</strong></span> <span class='ocrx_word' id='word_1_57' title='bbox 724 540 776 567; x_wconf 83' lang='lat' dir='ltr'><strong>sibi</strong></span> <span class='ocrx_word' id='word_1_58' title='bbox 800 540 914 567; x_wconf 86' lang='lat' dir='ltr'><strong>arcessit</strong></span> <span class='ocrx_word' id='word_1_59' title='bbox 931 549 938 572; x_wconf 84' lang='lat'><strong>;</strong></span> <span class='ocrx_word' id='word_1_60' title='bbox 967 543 1065 574; x_wconf 55' lang='lat' dir='ltr'><strong>praesto</strong></span> 
     </span>
    </p>
   </div>
   <div class='ocr_carea' id='block_1_12' title="bbox 278 585 1064 622">
    <p class='ocr_par' dir='ltr' id='par_1_12' title="bbox 278 585 1064 622">
     <span class='ocr_line' id='line_1_12' title="bbox 278 585 1064 622; baseline -0.001 -8"><span class='ocrx_word' id='word_1_61' title='bbox 278 587 441 622; x_wconf 78' lang='lat' dir='ltr'><strong>Gregorium</strong></span> <span class='ocrx_word' id='word_1_62' title='bbox 455 586 540 613; x_wconf 80' lang='lat' dir='ltr'><strong>fuisse</strong></span> <span class='ocrx_word' id='word_1_63' title='bbox 554 586 658 618; x_wconf 42' lang='lat' dir='ltr'><strong>archus</strong></span> <span class='ocrx_word' id='word_1_64' title='bbox 674 585 811 617; x_wconf 85' lang='lat' dir='ltr'><strong>omnibus,</strong></span> <span class='ocrx_word' id='word_1_65' title='bbox 824 593 894 620; x_wconf 86' lang='lat' dir='ltr'><strong>quas</strong></span> <span class='ocrx_word' id='word_1_66' title='bbox 907 593 922 612; x_wconf 73' lang='grc' dir='ltr'>τι</span> <span class='ocrx_word' id='word_1_67' title='bbox 935 585 1064 620; x_wconf 89' lang='lat' dir='ltr'><strong>pontiﬁce</strong></span> 
     </span>
    </p>
   </div>
   <div class='ocr_carea' id='block_1_13' title="bbox 277 629 1064 666">
    <p class='ocr_par' dir='ltr' id='par_1_13' title="bbox 277 629 1064 666">
     <span class='ocr_line' id='line_1_13' title="bbox 277 629 1064 666; baseline -0.005 -6"><span class='ocrx_word' id='word_1_68' title='bbox 277 637 399 666; x_wconf 78' lang='lat' dir='ltr'><strong>rogatus,</strong></span> <span class='ocrx_word' id='word_1_69' title='bbox 413 631 510 658; x_wconf 82' lang='lat' dir='ltr'><strong>iecisse</strong></span> <span class='ocrx_word' id='word_1_70' title='bbox 527 631 593 658; x_wconf 85' lang='lat' dir='ltr'><strong>satis</strong></span> <span class='ocrx_word' id='word_1_71' title='bbox 613 639 619 657; x_wconf 90' lang='lat'><strong>:</strong></span> <span class='ocrx_word' id='word_1_72' title='bbox 640 635 696 658; x_wconf 88' lang='lat' dir='ltr'><strong>tum</strong></span> <span class='ocrx_word' id='word_1_73' title='bbox 712 630 821 657; x_wconf 88' lang='lat' dir='ltr'><strong>detnutn</strong></span> <span class='ocrx_word' id='word_1_74' title='bbox 848 629 968 664; x_wconf 82' lang='lat' dir='ltr'><strong>petiisse,</strong></span> <span class='ocrx_word' id='word_1_75' title='bbox 1000 638 1064 657; x_wconf 83' lang='lat' dir='ltr'><strong>san-</strong></span> 
     </span>
    </p>
   </div>
   <div class='ocr_carea' id='block_1_14' title="bbox 276 675 1062 712">
    <p class='ocr_par' dir='ltr' id='par_1_14' title="bbox 276 675 1062 712">
     <span class='ocr_line' id='line_1_14' title="bbox 276 675 1062 712; baseline -0.004 -7"><span class='ocrx_word' id='word_1_76' title='bbox 276 683 319 706; x_wconf 84' lang='lat' dir='ltr'><strong>cte</strong></span> <span class='ocrx_word' id='word_1_77' title='bbox 341 679 391 706; x_wconf 82' lang='lat' dir='ltr'><strong>sibi</strong></span> <span class='ocrx_word' id='word_1_78' title='bbox 417 680 621 712; x_wconf 69' lang='lat' dir='ltr'><strong>apprecantur,</strong></span> <span class='ocrx_word' id='word_1_79' title='bbox 639 684 694 710; x_wconf 87' lang='lat' dir='ltr'><strong>quo</strong></span> <span class='ocrx_word' id='word_1_80' title='bbox 719 675 865 702; x_wconf 88' lang='lat' dir='ltr'><strong>consilium</strong></span> <span class='ocrx_word' id='word_1_81' title='bbox 889 683 967 702; x_wconf 90' lang='lat' dir='ltr'><strong>suum</strong></span> <span class='ocrx_word' id='word_1_82' title='bbox 984 683 1062 703; x_wconf 89' lang='lat' dir='ltr'><strong>saera</strong></span> 
     </span>
    </p>
   </div>
   <div class='ocr_carea' id='block_1_15' title="bbox 277 720 1060 758">
    <p class='ocr_par' dir='ltr' id='par_1_15' title="bbox 277 720 1060 758">
     <span class='ocr_line' id='line_1_15' title="bbox 277 720 1060 758; baseline -0.004 -8"><span class='ocrx_word' id='word_1_83' title='bbox 277 723 529 758; x_wconf 77' lang='lat' dir='ltr'><strong>Hierosolymorum</strong></span> <span class='ocrx_word' id='word_1_84' title='bbox 559 721 617 748; x_wconf 83' lang='lat' dir='ltr'><strong>lora</strong></span> <span class='ocrx_word' id='word_1_85' title='bbox 647 720 776 748; x_wconf 86' lang='lat' dir='ltr'><strong>adorandi</strong></span> <span class='ocrx_word' id='word_1_86' title='bbox 806 721 908 755; x_wconf 86' lang='lat' dir='ltr'><strong>optime</strong></span> <span class='ocrx_word' id='word_1_87' title='bbox 931 721 1060 748; x_wconf 67' lang='lat' dir='ltr'><strong>crderet:</strong></span> 
     </span>
    </p>
   </div>
   <div class='ocr_carea' id='block_1_16' title="bbox 277 766 1062 803">
    <p class='ocr_par' dir='ltr' id='par_1_16' title="bbox 277 766 1062 803">
     <span class='ocr_line' id='line_1_16' title="bbox 277 766 1062 803; baseline -0.005 -6"><span class='ocrx_word' id='word_1_88' title='bbox 277 770 376 801; x_wconf 86' lang='lat' dir='ltr'><strong>fausta,</strong></span> <span class='ocrx_word' id='word_1_89' title='bbox 407 768 523 803; x_wconf 85' lang='lat' dir='ltr'><strong>propitia</strong></span> <span class='ocrx_word' id='word_1_90' title='bbox 550 767 701 794; x_wconf 89' lang='lat' dir='ltr'><strong>ominatum</strong></span> <span class='ocrx_word' id='word_1_91' title='bbox 727 766 896 801; x_wconf 78' lang='lat' dir='ltr'><strong>episcopum,</strong></span> <span class='ocrx_word' id='word_1_92' title='bbox 925 767 1062 800; x_wconf 73' lang='lat' dir='ltr'><strong>simulque</strong></span> 
     </span>
    </p>
   </div>
   <div class='ocr_carea' id='block_1_17' title="bbox 277 812 1059 849">
    <p class='ocr_par' dir='ltr' id='par_1_17' title="bbox 277 812 1059 849">
     <span class='ocr_line' id='line_1_17' title="bbox 277 812 1059 849; baseline -0.006 -6"><span class='ocrx_word' id='word_1_93' title='bbox 277 823 371 843; x_wconf 82' lang='lat' dir='ltr'><strong>orasse</strong></span> <span class='ocrx_word' id='word_1_94' title='bbox 388 814 456 849; x_wconf 80' lang='lat' dir='ltr'><strong>apud</strong></span> <span class='ocrx_word' id='word_1_95' title='bbox 471 815 555 848; x_wconf 82' lang='lat' dir='ltr'><strong>ipsum</strong></span> <span class='ocrx_word' id='word_1_96' title='bbox 572 813 606 839; x_wconf 87' lang='lat' dir='ltr'><strong>ad</strong></span> <span class='ocrx_word' id='word_1_97' title='bbox 623 812 704 847; x_wconf 68' lang='lat' dir='ltr'><strong>festos</strong></span> <span class='ocrx_word' id='word_1_98' title='bbox 717 820 800 847; x_wconf 70' lang='lat' dir='ltr'><strong>usque</strong></span> <span class='ocrx_word' id='word_1_99' title='bbox 826 817 980 848; x_wconf 71' lang='lat' dir='ltr'><strong>sanctosque</strong></span> <span class='ocrx_word' id='word_1_100' title='bbox 1005 813 1059 839; x_wconf 80' lang='lat' dir='ltr'><strong>dies</strong></span> 
     </span>
    </p>
   </div>
   <div class='ocr_carea' id='block_1_18' title="bbox 276 858 1058 894">
    <p class='ocr_par' dir='ltr' id='par_1_18' title="bbox 276 858 1058 894">
     <span class='ocr_line' id='line_1_18' title="bbox 276 858 1058 894; baseline -0.005 -6"><span class='ocrx_word' id='word_1_101' title='bbox 276 866 392 888; x_wconf 81' lang='lat' dir='ltr'><strong>maneat.</strong></span> <span class='ocrx_word' id='word_1_102' title='bbox 409 859 457 887; x_wconf 90' lang='lat' dir='ltr'><strong>llic</strong></span> <span class='ocrx_word' id='word_1_103' title='bbox 470 866 562 894; x_wconf 65' lang='lat' dir='ltr'><strong>quaero</strong></span> <span class='ocrx_word' id='word_1_104' title='bbox 582 859 693 894; x_wconf 82' lang='lat' dir='ltr'><strong>quinam</strong></span> <span class='ocrx_word' id='word_1_105' title='bbox 707 858 734 885; x_wconf 89' lang='lat' dir='ltr'><strong>hi</strong></span> <span class='ocrx_word' id='word_1_106' title='bbox 749 858 821 889; x_wconf 83' lang='lat' dir='ltr'><strong>festi,</strong></span> <span class='ocrx_word' id='word_1_107' title='bbox 834 858 977 892; x_wconf 82' lang='lat' dir='ltr'><strong>sanctique</strong></span> <span class='ocrx_word' id='word_1_108' title='bbox 989 858 1058 891; x_wconf 82' lang='lat' dir='ltr'><strong>dies,</strong></span> 
     </span>
    </p>
   </div>
   <div class='ocr_carea' id='block_1_19' title="bbox 277 902 1059 937">
    <p class='ocr_par' dir='ltr' id='par_1_19' title="bbox 277 902 1059 937">
     <span class='ocr_line' id='line_1_19' title="bbox 277 902 1059 937; baseline -0.005 -4"><span class='ocrx_word' id='word_1_109' title='bbox 277 907 328 934; x_wconf 87' lang='lat' dir='ltr'><strong>nisi</strong></span> <span class='ocrx_word' id='word_1_110' title='bbox 345 910 390 933; x_wconf 88' lang='lat' dir='ltr'><strong>aut</strong></span> <span class='ocrx_word' id='word_1_111' title='bbox 405 904 506 932; x_wconf 90' lang='lat' dir='ltr'><strong>Christi</strong></span> <span class='ocrx_word' id='word_1_112' title='bbox 525 903 640 937; x_wconf 82' lang='lat' dir='ltr'><strong>Natalia,</strong></span> <span class='ocrx_word' id='word_1_113' title='bbox 655 908 702 931; x_wconf 85' lang='lat' dir='ltr'><strong>aut</strong></span> <span class='ocrx_word' id='word_1_114' title='bbox 718 902 861 930; x_wconf 85' lang='lat' dir='ltr'><strong>Paschalia</strong></span> <span class='ocrx_word' id='word_1_115' title='bbox 875 903 886 929; x_wconf 87' lang='lat'><strong>?</strong></span> <span class='ocrx_word' id='word_1_116' title='bbox 908 903 977 937; x_wconf 80' lang='lat' dir='ltr'><strong>Ergo</strong></span> <span class='ocrx_word' id='word_1_117' title='bbox 997 911 1059 930; x_wconf 89' lang='lat' dir='ltr'><strong>cum</strong></span> 
     </span>
    </p>
   </div>
   <div class='ocr_carea' id='block_1_20' title="bbox 276 949 1060 986">
    <p class='ocr_par' dir='ltr' id='par_1_20' title="bbox 276 949 1060 986">
     <span class='ocr_line' id='line_1_20' title="bbox 276 949 1060 986; baseline -0.005 -6"><span class='ocrx_word' id='word_1_118' title='bbox 276 953 528 986; x_wconf 78' lang='lat' dir='ltr'><strong>Carthaginiensem</strong></span> <span class='ocrx_word' id='word_1_119' title='bbox 563 951 721 985; x_wconf 78' lang='lat' dir='ltr'><strong>episcopum</strong></span> <span class='ocrx_word' id='word_1_120' title='bbox 752 949 879 976; x_wconf 82' lang='lat' dir='ltr'><strong>convenit</strong></span> <span class='ocrx_word' id='word_1_121' title='bbox 902 949 1060 984; x_wconf 78' lang='lat' dir='ltr'><strong>Gregorius,</strong></span> 
     </span>
    </p>
   </div>
   <div class='ocr_carea' id='block_1_21' title="bbox 275 995 1062 1034">
    <p class='ocr_par' dir='ltr' id='par_1_21' title="bbox 275 995 1062 1034">
     <span class='ocr_line' id='line_1_21' title="bbox 275 995 1062 1034; baseline -0.005 -8"><span class='ocrx_word' id='word_1_122' title='bbox 275 1007 329 1026; x_wconf 90' lang='lat' dir='ltr'><strong>non</strong></span> <span class='ocrx_word' id='word_1_123' title='bbox 344 998 440 1034; x_wconf 89' lang='lat' dir='ltr'><strong>procul</strong></span> <span class='ocrx_word' id='word_1_124' title='bbox 455 997 550 1025; x_wconf 80' lang='lat' dir='ltr'><strong>aberat</strong></span> <span class='ocrx_word' id='word_1_125' title='bbox 574 997 631 1024; x_wconf 90' lang='lat' dir='ltr'><strong>sive</strong></span> <span class='ocrx_word' id='word_1_126' title='bbox 653 995 752 1023; x_wconf 80' lang='lat' dir='ltr'><strong>natalis</strong></span> <span class='ocrx_word' id='word_1_127' title='bbox 779 995 882 1023; x_wconf 85' lang='lat' dir='ltr'><strong>Christi</strong></span> <span class='ocrx_word' id='word_1_128' title='bbox 909 995 978 1028; x_wconf 88' lang='lat' dir='ltr'><strong>dies,</strong></span> <span class='ocrx_word' id='word_1_129' title='bbox 1005 995 1062 1022; x_wconf 88' lang='lat' dir='ltr'><strong>sive</strong></span> 
     </span>
    </p>
   </div>
   <div class='ocr_carea' id='block_1_22' title="bbox 274 1041 1062 1079">
    <p class='ocr_par' dir='ltr' id='par_1_22' title="bbox 274 1041 1062 1079">
     <span class='ocr_line' id='line_1_22' title="bbox 274 1041 1062 1079; baseline -0.006 -7"><span class='ocrx_word' id='word_1_130' title='bbox 274 1045 378 1072; x_wconf 73' lang='lat' dir='ltr'><strong>Pascha</strong></span> <span class='ocrx_word' id='word_1_131' title='bbox 394 1054 400 1071; x_wconf 91' lang='lat'>:</span> <span class='ocrx_word' id='word_1_132' title='bbox 416 1044 479 1079; x_wconf 89' lang='lat' dir='ltr'><strong>quis</strong></span> <span class='ocrx_word' id='word_1_133' title='bbox 490 1044 562 1070; x_wconf 91' lang='lat' dir='ltr'><strong>enim</strong></span> <span class='ocrx_word' id='word_1_134' title='bbox 579 1043 630 1070; x_wconf 84' lang='lat' dir='ltr'><strong>sibi</strong></span> <span class='ocrx_word' id='word_1_135' title='bbox 653 1042 779 1074; x_wconf 82' lang='lat' dir='ltr'><strong>suadeat,</strong></span> <span class='ocrx_word' id='word_1_136' title='bbox 801 1042 978 1076; x_wconf 86' lang='lat' dir='ltr'><strong>proposuisse</strong></span> <span class='ocrx_word' id='word_1_137' title='bbox 1005 1041 1062 1076; x_wconf 88' lang='lat' dir='ltr'><strong>cpi-</strong></span> 
     </span>
    </p>
   </div>
   <div class='ocr_carea' id='block_1_23' title="bbox 274 1087 1060 1125">
    <p class='ocr_par' dir='ltr' id='par_1_23' title="bbox 274 1087 1060 1125">
     <span class='ocr_line' id='line_1_23' title="bbox 274 1087 1060 1125; baseline -0.005 -7"><span class='ocrx_word' id='word_1_138' title='bbox 274 1098 388 1125; x_wconf 86' lang='lat' dir='ltr'><strong>scopum</strong></span> <span class='ocrx_word' id='word_1_139' title='bbox 421 1090 454 1116; x_wconf 87' lang='lat' dir='ltr'><strong>ad</strong></span> <span class='ocrx_word' id='word_1_140' title='bbox 483 1089 616 1116; x_wconf 85' lang='lat' dir='ltr'><strong>diutinum</strong></span> <span class='ocrx_word' id='word_1_141' title='bbox 643 1092 750 1122; x_wconf 87' lang='lat' dir='ltr'><strong>tempus</strong></span> <span class='ocrx_word' id='word_1_142' title='bbox 781 1087 894 1114; x_wconf 83' lang='lat' dir='ltr'><strong>detineri</strong></span> <span class='ocrx_word' id='word_1_143' title='bbox 923 1087 1060 1114; x_wconf 78' lang='lat' dir='ltr'><strong>hominem</strong></span> 
     </span>
    </p>
   </div>
   <div class='ocr_carea' id='block_1_24' title="bbox 274 1132 1061 1172">
    <p class='ocr_par' dir='ltr' id='par_1_24' title="bbox 274 1132 1061 1172">
     <span class='ocr_line' id='line_1_24' title="bbox 274 1132 1061 1172; baseline -0.005 -9"><span class='ocrx_word' id='word_1_144' title='bbox 274 1135 464 1172; x_wconf 80' lang='lat' dir='ltr'><strong>proﬁciscendi</strong></span> <span class='ocrx_word' id='word_1_145' title='bbox 486 1134 622 1162; x_wconf 83' lang='lat' dir='ltr'><strong>desiderio</strong></span> <span class='ocrx_word' id='word_1_146' title='bbox 632 1133 790 1168; x_wconf 81' lang='lat' dir='ltr'><strong>ﬂagrantem</strong></span> <span class='ocrx_word' id='word_1_147' title='bbox 800 1133 811 1160; x_wconf 84' lang='grc'><strong>7</strong></span> <span class='ocrx_word' id='word_1_148' title='bbox 822 1132 929 1160; x_wconf 82' lang='lat' dir='ltr'><strong>Interim</strong></span> <span class='ocrx_word' id='word_1_149' title='bbox 942 1132 1061 1167; x_wconf 82' lang='lat' dir='ltr'><strong>(subjicit</strong></span> 
     </span>
    </p>
   </div>
   <div class='ocr_carea' id='block_1_25' title="bbox 275 1178 1060 1216">
    <p class='ocr_par' dir='ltr' id='par_1_25' title="bbox 275 1178 1060 1216">
     <span class='ocr_line' id='line_1_25' title="bbox 275 1178 1060 1216; baseline -0.005 -7"><span class='ocrx_word' id='word_1_150' title='bbox 275 1181 415 1216; x_wconf 75' lang='lat' dir='ltr'><strong>Leontius)</strong></span> <span class='ocrx_word' id='word_1_151' title='bbox 430 1181 551 1207; x_wconf 87' lang='lat' dir='ltr'><strong>nondum</strong></span> <span class='ocrx_word' id='word_1_152' title='bbox 576 1179 670 1207; x_wconf 81' lang='lat' dir='ltr'><strong>ade&#39;rat</strong></span> <span class='ocrx_word' id='word_1_153' title='bbox 687 1179 795 1206; x_wconf 76' lang='lat' dir='ltr'><strong>Marcus</strong></span> <span class='ocrx_word' id='word_1_154' title='bbox 822 1179 917 1212; x_wconf 81' lang='lat' dir='ltr'><strong>abbas,</strong></span> <span class='ocrx_word' id='word_1_155' title='bbox 942 1179 988 1213; x_wconf 89' lang='lat' dir='ltr'><strong>qui</strong></span> <span class='ocrx_word' id='word_1_156' title='bbox 1012 1178 1060 1205; x_wconf 91' lang='lat' dir='ltr'><strong>Dei</strong></span> 
     </span>
    </p>
   </div>
   <div class='ocr_carea' id='block_1_26' title="bbox 275 1224 1062 1261">
    <p class='ocr_par' dir='ltr' id='par_1_26' title="bbox 275 1224 1062 1261">
     <span class='ocr_line' id='line_1_26' title="bbox 275 1224 1062 1261; baseline -0.005 -6"><span class='ocrx_word' id='word_1_157' title='bbox 275 1229 381 1256; x_wconf 87' lang='lat' dir='ltr'><strong>monitu</strong></span> <span class='ocrx_word' id='word_1_158' title='bbox 396 1226 558 1261; x_wconf 66' lang='lat' dir='ltr'><strong>Gregorium</strong></span> <span class='ocrx_word' id='word_1_159' title='bbox 574 1225 763 1260; x_wconf 78' lang='lat' dir='ltr'><strong>Hierosolyma</strong></span> <span class='ocrx_word' id='word_1_160' title='bbox 786 1225 946 1260; x_wconf 77' lang='lat' dir='ltr'><strong>perduceret</strong></span> <span class='ocrx_word' id='word_1_161' title='bbox 961 1233 967 1252; x_wconf 85' lang='lat'>:</span> <span class='ocrx_word' id='word_1_162' title='bbox 984 1224 1062 1251; x_wconf 83' lang='lat' dir='ltr'><strong>adest</strong></span> 
     </span>
    </p>
   </div>
   <div class='ocr_carea' id='block_1_27' title="bbox 273 1270 1061 1307">
    <p class='ocr_par' dir='ltr' id='par_1_27' title="bbox 273 1270 1061 1307">
     <span class='ocr_line' id='line_1_27' title="bbox 273 1270 1061 1307; baseline -0.006 -6"><span class='ocrx_word' id='word_1_163' title='bbox 273 1274 382 1301; x_wconf 85' lang='lat' dir='ltr'><strong>tandem</strong></span> <span class='ocrx_word' id='word_1_164' title='bbox 414 1281 476 1300; x_wconf 84' lang='lat' dir='ltr'><strong>curn</strong></span> <span class='ocrx_word' id='word_1_165' title='bbox 507 1271 675 1307; x_wconf 84' lang='lat' dir='ltr'><strong>Serapione,</strong></span> <span class='ocrx_word' id='word_1_166' title='bbox 706 1276 732 1298; x_wconf 87' lang='lat' dir='ltr'><strong>ct</strong></span> <span class='ocrx_word' id='word_1_167' title='bbox 755 1270 879 1303; x_wconf 83' lang='lat' dir='ltr'><strong>Leontio,</strong></span> <span class='ocrx_word' id='word_1_168' title='bbox 903 1270 1061 1303; x_wconf 75' lang='lat' dir='ltr'><strong>exactisque</strong></span> 
     </span>
    </p>
   </div>
   <div class='ocr_carea' id='block_1_28' title="bbox 273 1315 1059 1354">
    <p class='ocr_par' dir='ltr' id='par_1_28' title="bbox 273 1315 1059 1354">
     <span class='ocr_line' id='line_1_28' title="bbox 273 1315 1059 1354; baseline -0.006 -7"><span class='ocrx_word' id='word_1_169' title='bbox 273 1320 439 1354; x_wconf 64' lang='lat' dir='ltr'><strong>Carthagine</strong></span> <span class='ocrx_word' id='word_1_170' title='bbox 453 1322 572 1353; x_wconf 80' lang='lat' dir='ltr'><strong>quatuor</strong></span> <span class='ocrx_word' id='word_1_171' title='bbox 584 1317 696 1344; x_wconf 88' lang='lat' dir='ltr'><strong>otnnino</strong></span> <span class='ocrx_word' id='word_1_172' title='bbox 709 1316 817 1347; x_wconf 82' lang='lat' dir='ltr'><strong>diebus,</strong></span> <span class='ocrx_word' id='word_1_173' title='bbox 833 1324 887 1343; x_wconf 87' lang='lat' dir='ltr'><strong>una</strong></span> <span class='ocrx_word' id='word_1_174' title='bbox 908 1323 1002 1342; x_wconf 86' lang='lat' dir='ltr'><strong>omnes</strong></span> <span class='ocrx_word' id='word_1_175' title='bbox 1017 1315 1059 1342; x_wconf 88' lang='lat' dir='ltr'><strong>di-</strong></span> 
     </span>
    </p>
   </div>
   <div class='ocr_carea' id='block_1_29' title="bbox 273 1362 1060 1402">
    <p class='ocr_par' dir='ltr' id='par_1_29' title="bbox 273 1362 1060 1402">
     <span class='ocr_line' id='line_1_29' title="bbox 273 1362 1060 1402; baseline -0.006 -9"><span class='ocrx_word' id='word_1_176' title='bbox 273 1366 445 1402; x_wconf 72' lang='lat' dir='ltr'><strong>grediuntur.</strong></span> <span class='ocrx_word' id='word_1_177' title='bbox 465 1364 495 1390; x_wconf 72' lang='lat' dir='ltr'><strong>lit</strong></span> <span class='ocrx_word' id='word_1_178' title='bbox 511 1371 575 1391; x_wconf 85' lang='lat' dir='ltr'><strong>vero</strong></span> <span class='ocrx_word' id='word_1_179' title='bbox 586 1371 647 1390; x_wconf 92' lang='lat' dir='ltr'><strong>cum</strong></span> <span class='ocrx_word' id='word_1_180' title='bbox 666 1363 811 1390; x_wconf 89' lang='lat' dir='ltr'><strong>considero</strong></span> <span class='ocrx_word' id='word_1_181' title='bbox 822 1362 970 1389; x_wconf 81' lang='lat' dir='ltr'><strong>exhaustos</strong></span> <span class='ocrx_word' id='word_1_182' title='bbox 991 1362 1060 1388; x_wconf 90' lang='lat' dir='ltr'><strong>mari</strong></span> 
     </span>
    </p>
   </div>
   <div class='ocr_carea' id='block_1_30' title="bbox 273 1407 1059 1445">
    <p class='ocr_par' dir='ltr' id='par_1_30' title="bbox 273 1407 1059 1445">
     <span class='ocr_line' id='line_1_30' title="bbox 273 1407 1059 1445; baseline -0.008 -7"><span class='ocrx_word' id='word_1_183' title='bbox 273 1411 434 1445; x_wconf 76' lang='lat' dir='ltr'><strong>aGr-egorio</strong></span> <span class='ocrx_word' id='word_1_184' title='bbox 460 1416 521 1436; x_wconf 91' lang='lat' dir='ltr'><strong>cum</strong></span> <span class='ocrx_word' id='word_1_185' title='bbox 549 1408 694 1435; x_wconf 85' lang='lat' dir='ltr'><strong>monachis</strong></span> <span class='ocrx_word' id='word_1_186' title='bbox 723 1415 832 1434; x_wconf 84' lang='lat' dir='ltr'><strong>menses</strong></span> <span class='ocrx_word' id='word_1_187' title='bbox 859 1407 886 1439; x_wconf 79' lang='lat'><strong>5,</strong></span> <span class='ocrx_word' id='word_1_188' title='bbox 915 1411 1059 1442; x_wconf 88' lang='lat' dir='ltr'><strong>postquam</strong></span> 
     </span>
    </p>
   </div>
   <div class='ocr_carea' id='block_1_31' title="bbox 272 1452 1061 1493">
    <p class='ocr_par' dir='ltr' id='par_1_31' title="bbox 272 1452 1061 1493">
     <span class='ocr_line' id='line_1_31' title="bbox 272 1452 1061 1493; baseline -0.011 -7"><span class='ocrx_word' id='word_1_189' title='bbox 272 1458 437 1493; x_wconf 72' lang='lat' dir='ltr'><strong>Carthagine</strong></span> <span class='ocrx_word' id='word_1_190' title='bbox 464 1456 643 1488; x_wconf 84' lang='lat' dir='ltr'><strong>recesserint,</strong></span> <span class='ocrx_word' id='word_1_191' title='bbox 668 1459 698 1480; x_wconf 88' lang='grc' dir='ltr'><strong>ιιι</strong></span> <span class='ocrx_word' id='word_1_192' title='bbox 722 1457 828 1488; x_wconf 85' lang='lat' dir='ltr'><strong>portum</strong></span> <span class='ocrx_word' id='word_1_193' title='bbox 856 1453 972 1487; x_wconf 87' lang='lat' dir='ltr'><strong>aliquctn</strong></span> <span class='ocrx_word' id='word_1_194' title='bbox 1000 1452 1061 1479; x_wconf 88' lang='lat' dir='ltr'><strong>sub-</strong></span> 
     </span>
    </p>
   </div>
   <div class='ocr_carea' id='block_1_32' title="bbox 277 1497 1061 1536">
    <p class='ocr_par' dir='ltr' id='par_1_32' title="bbox 277 1497 1061 1536">
     <span class='ocr_line' id='line_1_32' title="bbox 277 1497 1061 1536; baseline -0.013 -4"><span class='ocrx_word' id='word_1_195' title='bbox 277 1505 359 1535; x_wconf 84' lang='lat' dir='ltr'><strong>irent,</strong></span> <span class='ocrx_word' id='word_1_196' title='bbox 375 1503 446 1530; x_wconf 87' lang='lat' dir='ltr'><strong>unde</strong></span> <span class='ocrx_word' id='word_1_197' title='bbox 457 1502 643 1536; x_wconf 74' lang='lat' dir='ltr'><strong>Hierosolyma</strong></span> <span class='ocrx_word' id='word_1_198' title='bbox 655 1500 759 1534; x_wconf 71' lang='lat' dir='ltr'><strong>pedites</strong></span> <span class='ocrx_word' id='word_1_199' title='bbox 779 1498 984 1529; x_wconf 79' lang='lat' dir='ltr'><strong>contenderent,</strong></span> <span class='ocrx_word' id='word_1_200' title='bbox 1003 1497 1061 1523; x_wconf 86' lang='lat' dir='ltr'><strong>ttul-</strong></span> 
     </span>
    </p>
   </div>
   <div class='ocr_carea' id='block_1_33' title="bbox 1155 320 1908 357">
    <p class='ocr_par' dir='ltr' id='par_1_33' title="bbox 1155 320 1908 357">
     <span class='ocr_line' id='line_1_33' title="bbox 1155 320 1908 357; baseline 0 -8"><span class='ocrx_word' id='word_1_201' title='bbox 1155 322 1218 350; x_wconf 83' lang='grc'>676.</span> <span class='ocrx_word' id='word_1_202' title='bbox 1235 322 1272 349; x_wconf 74' lang='lat' dir='ltr'><strong>Ex</strong></span> <span class='ocrx_word' id='word_1_203' title='bbox 1288 331 1380 350; x_wconf 86' lang='lat' dir='ltr'><strong>erctuo</strong></span> <span class='ocrx_word' id='word_1_204' title='bbox 1397 323 1467 350; x_wconf 85' lang='lat' dir='ltr'><strong>redit</strong></span> <span class='ocrx_word' id='word_1_205' title='bbox 1482 321 1681 357; x_wconf 78' lang='lat' dir='ltr'><strong>Hierosolyma,</strong></span> <span class='ocrx_word' id='word_1_206' title='bbox 1701 320 1794 355; x_wconf 86' lang='lat' dir='ltr'><strong>ibique</strong></span> <span class='ocrx_word' id='word_1_207' title='bbox 1805 321 1908 356; x_wconf 77' lang='lat' dir='ltr'><strong>integro</strong></span> 
     </span>
    </p>
   </div>
   <div class='ocr_carea' id='block_1_34' title="bbox 1118 373 1810 400">
    <p class='ocr_par' dir='ltr' id='par_1_34' title="bbox 1118 373 1810 400">
     <span class='ocr_line' id='line_1_34' title="bbox 1118 373 1810 400; baseline 0.004 -1"><span class='ocrx_word' id='word_1_208' title='bbox 1118 379 1192 399; x_wconf 80' lang='lat' dir='ltr'><strong>anno</strong></span> <span class='ocrx_word' id='word_1_209' title='bbox 1208 373 1344 400; x_wconf 84' lang='lat' dir='ltr'><strong>considet.</strong></span> <span class='ocrx_word' id='word_1_210' title='bbox 1795 378 1810 387; x_wconf 83' lang='lat'><strong><em>‘</em></strong></span> 
     </span>
    </p>
   </div>
   <div class='ocr_carea' id='block_1_35' title="bbox 1153 422 1908 459">
    <p class='ocr_par' dir='ltr' id='par_1_35' title="bbox 1153 422 1908 459">
     <span class='ocr_line' id='line_1_35' title="bbox 1153 422 1908 459; baseline 0.007 -10"><span class='ocrx_word' id='word_1_211' title='bbox 1153 422 1216 451; x_wconf 86' lang='lat'><strong>677.</strong></span> <span class='ocrx_word' id='word_1_212' title='bbox 1231 423 1425 459; x_wconf 76' lang='lat' dir='ltr'><strong>Hierosolymis</strong></span> <span class='ocrx_word' id='word_1_213' title='bbox 1445 424 1580 458; x_wconf 75' lang='lat' dir='ltr'><strong>demigrat</strong></span> <span class='ocrx_word' id='word_1_214' title='bbox 1595 424 1767 451; x_wconf 65' lang='lat' dir='ltr'><strong>Antincltiam</strong></span> <span class='ocrx_word' id='word_1_215' title='bbox 1796 433 1823 452; x_wconf 86' lang='lat' dir='ltr'><strong>tv</strong></span> <span class='ocrx_word' id='word_1_216' title='bbox 1847 424 1908 454; x_wconf 82' lang='lat' dir='ltr'><strong>ldus</strong></span> 
     </span>
    </p>
   </div>
   <div class='ocr_carea' id='block_1_36' title="bbox 1111 473 1570 509">
    <p class='ocr_par' dir='ltr' id='par_1_36' title="bbox 1111 473 1570 509">
     <span class='ocr_line' id='line_1_36' title="bbox 1111 473 1570 509; baseline 0.004 -10"><span class='ocrx_word' id='word_1_217' title='bbox 1111 473 1227 508; x_wconf 72' lang='lat' dir='ltr'><strong>&#39;Aprilis,</strong></span> <span class='ocrx_word' id='word_1_218' title='bbox 1245 479 1422 509; x_wconf 77' lang='lat' dir='ltr'><strong>murmurque</strong></span> <span class='ocrx_word' id='word_1_219' title='bbox 1434 482 1537 501; x_wconf 73' lang='lat' dir='ltr'><strong>annum</strong></span> <span class='ocrx_word' id='word_1_220' title='bbox 1551 482 1570 501; x_wconf 85' lang='grc' dir='ltr'>ι.</span> 
     </span>
    </p>
   </div>
   <div class='ocr_carea' id='block_1_37' title="bbox 1151 522 1906 559">
    <p class='ocr_par' dir='ltr' id='par_1_37' title="bbox 1151 522 1906 559">
     <span class='ocr_line' id='line_1_37' title="bbox 1151 522 1906 559; baseline 0.005 -10"><span class='ocrx_word' id='word_1_221' title='bbox 1151 522 1212 550; x_wconf 86' lang='grc'>678,</span> <span class='ocrx_word' id='word_1_222' title='bbox 1230 524 1374 552; x_wconf 79' lang='lat' dir='ltr'><strong>Antiochia</strong></span> <span class='ocrx_word' id='word_1_223' title='bbox 1396 525 1503 552; x_wconf 67' lang='lat' dir='ltr'><strong>divenit</strong></span> <span class='ocrx_word' id='word_1_224' title='bbox 1529 524 1807 559; x_wconf 74' lang='lat' dir='ltr'><strong>Constantinopolim,</strong></span> <span class='ocrx_word' id='word_1_225' title='bbox 1828 526 1872 552; x_wconf 83' lang='lat' dir='ltr'><strong>tibi</strong></span> <span class='ocrx_word' id='word_1_226' title='bbox 1892 534 1906 553; x_wconf 82' lang='lat' dir='ltr'><strong>a</strong></span> 
     </span>
    </p>
   </div>
   <div class='ocr_carea' id='block_1_38' title="bbox 1115 567 1906 606">
    <p class='ocr_par' dir='ltr' id='par_1_38' title="bbox 1115 567 1906 606">
     <span class='ocr_line' id='line_1_38' title="bbox 1115 567 1906 606; baseline 0.004 -11"><span class='ocrx_word' id='word_1_227' title='bbox 1115 567 1258 596; x_wconf 83' lang='lat' dir='ltr'><strong>Theodoro</strong></span> <span class='ocrx_word' id='word_1_228' title='bbox 1275 570 1426 604; x_wconf 86' lang='lat' dir='ltr'><strong>patriarcha</strong></span> <span class='ocrx_word' id='word_1_229' title='bbox 1440 571 1589 603; x_wconf 82' lang='lat' dir='ltr'><strong>detinetur,</strong></span> <span class='ocrx_word' id='word_1_230' title='bbox 1602 578 1658 605; x_wconf 86' lang='lat' dir='ltr'><strong>quo</strong></span> <span class='ocrx_word' id='word_1_231' title='bbox 1677 571 1784 598; x_wconf 73' lang='lat' dir='ltr'><strong>indacue</strong></span> <span class='ocrx_word' id='word_1_232' title='bbox 1803 572 1906 606; x_wconf 76' lang='lat' dir='ltr'><strong>synodo</strong></span> 
     </span>
    </p>
   </div>
   <div class='ocr_carea' id='block_1_39' title="bbox 1115 615 1425 643">
    <p class='ocr_par' dir='ltr' id='par_1_39' title="bbox 1115 615 1425 643">
     <span class='ocr_line' id='line_1_39' title="bbox 1115 615 1425 643; baseline 0.003 -2"><span class='ocrx_word' id='word_1_233' title='bbox 1115 615 1289 643; x_wconf 75' lang='lat' dir='ltr'><strong>mcumenica:</strong></span> <span class='ocrx_word' id='word_1_234' title='bbox 1308 616 1425 643; x_wconf 79' lang='lat' dir='ltr'><strong>intersit.</strong></span> 
     </span>
    </p>
   </div>
   <div class='ocr_carea' id='block_1_40' title="bbox 1149 664 1286 692">
    <p class='ocr_par' dir='ltr' id='par_1_40' title="bbox 1149 664 1286 692">
     <span class='ocr_line' id='line_1_40' title="bbox 1149 664 1286 692; baseline 0.007 -2"><span class='ocrx_word' id='word_1_235' title='bbox 1149 664 1212 692; x_wconf 79' lang='lat'><strong>679.</strong></span> <span class='ocrx_word' id='word_1_236' title='bbox 1232 684 1238 691; x_wconf 91' lang='lat'><strong>.</strong></span> <span class='ocrx_word' id='word_1_237' title='bbox 1279 684 1286 691; x_wconf 97' lang='lat'><strong>.</strong></span> 
     </span>
    </p>
   </div>
   <div class='ocr_carea' id='block_1_41' title="bbox 1149 714 1906 751">
    <p class='ocr_par' dir='ltr' id='par_1_41' title="bbox 1149 714 1906 751">
     <span class='ocr_line' id='line_1_41' title="bbox 1149 714 1906 751; baseline 0.001 -8"><span class='ocrx_word' id='word_1_238' title='bbox 1149 714 1210 744; x_wconf 75' lang='lat'><strong>680..</strong></span> <span class='ocrx_word' id='word_1_239' title='bbox 1228 716 1352 743; x_wconf 79' lang='lat' dir='ltr'><strong>Concilio</strong></span> <span class='ocrx_word' id='word_1_240' title='bbox 1370 725 1393 743; x_wconf 90' lang='lat' dir='ltr'><strong>vt</strong></span> <span class='ocrx_word' id='word_1_241' title='bbox 1409 717 1589 748; x_wconf 64' lang='lat' dir='ltr'><strong>(eromenion,</strong></span> <span class='ocrx_word' id='word_1_242' title='bbox 1607 724 1636 742; x_wconf 89' lang='lat' dir='ltr'><strong>Ill</strong></span> <span class='ocrx_word' id='word_1_243' title='bbox 1651 717 1906 751; x_wconf 73' lang='lat' dir='ltr'><strong>Constantinrqmli-</strong></span> 
     </span>
    </p>
   </div>
   <div class='ocr_carea' id='block_1_42' title="bbox 1114 760 1903 796">
    <p class='ocr_par' dir='ltr' id='par_1_42' title="bbox 1114 760 1903 796">
     <span class='ocr_line' id='line_1_42' title="bbox 1114 760 1903 796; baseline 0 -8"><span class='ocrx_word' id='word_1_244' title='bbox 1114 764 1177 788; x_wconf 85' lang='lat' dir='ltr'><strong>lano</strong></span> <span class='ocrx_word' id='word_1_245' title='bbox 1187 762 1273 792; x_wconf 74' lang='lat' dir='ltr'><strong>adest,</strong></span> <span class='ocrx_word' id='word_1_246' title='bbox 1288 761 1407 795; x_wconf 73' lang='lat' dir='ltr'><strong>episcopi</strong></span> <span class='ocrx_word' id='word_1_247' title='bbox 1427 761 1547 787; x_wconf 68' lang='lat' dir='ltr'><strong>Sardicte</strong></span> <span class='ocrx_word' id='word_1_248' title='bbox 1561 760 1728 787; x_wconf 62' lang='lat' dir='ltr'><strong>Constantia!</strong></span> <span class='ocrx_word' id='word_1_249' title='bbox 1744 761 1824 795; x_wconf 64' lang='lat' dir='ltr'><strong>Cypri</strong></span> <span class='ocrx_word' id='word_1_250' title='bbox 1843 770 1903 796; x_wconf 79' lang='lat' dir='ltr'><strong>pcr-</strong></span> 
     </span>
    </p>
   </div>
   <div class='ocr_carea' id='block_1_43' title="bbox 1112 806 1905 842">
    <p class='ocr_par' dir='ltr' id='par_1_43' title="bbox 1112 806 1905 842">
     <span class='ocr_line' id='line_1_43' title="bbox 1112 806 1905 842; baseline 0.001 -10"><span class='ocrx_word' id='word_1_251' title='bbox 1112 813 1207 833; x_wconf 86' lang='lat' dir='ltr'><strong>sonam</strong></span> <span class='ocrx_word' id='word_1_252' title='bbox 1237 814 1344 841; x_wconf 80' lang='lat' dir='ltr'><strong>gerens,</strong></span> <span class='ocrx_word' id='word_1_253' title='bbox 1375 806 1555 840; x_wconf 71' lang='lat' dir='ltr'><strong>literesimque</strong></span> <span class='ocrx_word' id='word_1_254' title='bbox 1582 807 1822 833; x_wconf 81' lang='lat' dir='ltr'><strong>Mouotlielitarutn</strong></span> <span class='ocrx_word' id='word_1_255' title='bbox 1841 815 1905 842; x_wconf 56' lang='lat' dir='ltr'><strong>prri-</strong></span> 
     </span>
    </p>
   </div>
   <div class='ocr_carea' id='block_1_44' title="bbox 1111 851 1196 886">
    <p class='ocr_par' dir='ltr' id='par_1_44' title="bbox 1111 851 1196 886">
     <span class='ocr_line' id='line_1_44' title="bbox 1111 851 1196 886; baseline 0 -8"><span class='ocrx_word' id='word_1_256' title='bbox 1111 851 1196 886; x_wconf 76' lang='lat' dir='ltr'><strong>ﬁigat.</strong></span> 
     </span>
    </p>
   </div>
   <div class='ocr_carea' id='block_1_45' title="bbox 1148 901 1893 936">
    <p class='ocr_par' dir='ltr' id='par_1_45' title="bbox 1148 901 1893 936">
     <span class='ocr_line' id='line_1_45' title="bbox 1148 901 1893 936; baseline 0 -8"><span class='ocrx_word' id='word_1_257' title='bbox 1148 901 1208 928; x_wconf 84' lang='grc'><strong>681.</strong></span> <span class='ocrx_word' id='word_1_258' title='bbox 1221 901 1454 936; x_wconf 80' lang='lat' dir='ltr'><strong>Constantinopoli</strong></span> <span class='ocrx_word' id='word_1_259' title='bbox 1471 901 1574 936; x_wconf 87' lang='lat' dir='ltr'><strong>appetit</strong></span> <span class='ocrx_word' id='word_1_260' title='bbox 1589 901 1713 933; x_wconf 79' lang='lat' dir='ltr'><strong>Romam,</strong></span> <span class='ocrx_word' id='word_1_261' title='bbox 1732 910 1812 936; x_wconf 82' lang='lat' dir='ltr'><strong>quant</strong></span> <span class='ocrx_word' id='word_1_262' title='bbox 1832 902 1893 929; x_wconf 89' lang='lat' dir='ltr'><strong>subi</strong></span> 
     </span>
    </p>
   </div>
   <div class='ocr_carea' id='block_1_46' title="bbox 1113 946 1904 982">
    <p class='ocr_par' dir='ltr' id='par_1_46' title="bbox 1113 946 1904 982">
     <span class='ocr_line' id='line_1_46' title="bbox 1113 946 1904 982; baseline -0.001 -7"><span class='ocrx_word' id='word_1_263' title='bbox 1113 956 1139 975; x_wconf 80' lang='lat' dir='ltr'><strong>xr</strong></span> <span class='ocrx_word' id='word_1_264' title='bbox 1158 947 1216 974; x_wconf 84' lang='lat' dir='ltr'><strong>Kal.</strong></span> <span class='ocrx_word' id='word_1_265' title='bbox 1235 946 1330 979; x_wconf 73' lang='lat' dir='ltr'><strong>Julius,</strong></span> <span class='ocrx_word' id='word_1_266' title='bbox 1353 949 1450 974; x_wconf 77' lang='lat' dir='ltr'><strong>exinde</strong></span> <span class='ocrx_word' id='word_1_267' title='bbox 1475 948 1619 982; x_wconf 80' lang='lat' dir='ltr'><strong>cpiscopus</strong></span> <span class='ocrx_word' id='word_1_268' title='bbox 1638 948 1775 982; x_wconf 70' lang='lat' dir='ltr'><strong>Agrigenti</strong></span> <span class='ocrx_word' id='word_1_269' title='bbox 1804 957 1904 974; x_wconf 69' lang='lat' dir='ltr'><strong>renun-</strong></span> 
     </span>
    </p>
   </div>
   <div class='ocr_carea' id='block_1_47' title="bbox 1113 992 1903 1027">
    <p class='ocr_par' dir='ltr' id='par_1_47' title="bbox 1113 992 1903 1027">
     <span class='ocr_line' id='line_1_47' title="bbox 1113 992 1903 1027; baseline -0.003 -7"><span class='ocrx_word' id='word_1_270' title='bbox 1113 993 1217 1020; x_wconf 86' lang='lat' dir='ltr'><strong>tiatura</strong></span> <span class='ocrx_word' id='word_1_271' title='bbox 1227 993 1420 1020; x_wconf 84' lang='lat' dir='ltr'><strong>Panormitano</strong></span> <span class='ocrx_word' id='word_1_272' title='bbox 1431 993 1570 1026; x_wconf 77' lang='lat' dir='ltr'><strong>Agathone</strong></span> <span class='ocrx_word' id='word_1_273' title='bbox 1583 992 1612 1019; x_wconf 80' lang='grc' dir='ltr'><strong>Ρ.</strong></span> <span class='ocrx_word' id='word_1_274' title='bbox 1634 992 1679 1022; x_wconf 78' lang='grc' dir='ltr'><strong>Μ..</strong></span> <span class='ocrx_word' id='word_1_275' title='bbox 1693 1001 1752 1019; x_wconf 75' lang='lat' dir='ltr'><strong>mox</strong></span> <span class='ocrx_word' id='word_1_276' title='bbox 1769 993 1903 1027; x_wconf 61' lang='lat' dir='ltr'><strong>Agrigcn-</strong></span> 
     </span>
    </p>
   </div>
   <div class='ocr_carea' id='block_1_48' title="bbox 1113 1037 1902 1072">
    <p class='ocr_par' dir='ltr' id='par_1_48' title="bbox 1113 1037 1902 1072">
     <span class='ocr_line' id='line_1_48' title="bbox 1113 1037 1902 1072; baseline 0 -8"><span class='ocrx_word' id='word_1_277' title='bbox 1113 1042 1169 1064; x_wconf 88' lang='lat' dir='ltr'><strong>tum</strong></span> <span class='ocrx_word' id='word_1_278' title='bbox 1199 1038 1334 1072; x_wconf 80' lang='lat' dir='ltr'><strong>proiectus</strong></span> <span class='ocrx_word' id='word_1_279' title='bbox 1359 1046 1423 1064; x_wconf 82' lang='lat' dir='ltr'><strong>xvnt</strong></span> <span class='ocrx_word' id='word_1_280' title='bbox 1449 1037 1507 1064; x_wconf 79' lang='lat' dir='ltr'><strong>Kal.</strong></span> <span class='ocrx_word' id='word_1_281' title='bbox 1535 1038 1725 1072; x_wconf 83' lang='lat' dir='ltr'><strong>Septembres,</strong></span> <span class='ocrx_word' id='word_1_282' title='bbox 1744 1039 1836 1064; x_wconf 81' lang='lat' dir='ltr'><strong>urbem</strong></span> <span class='ocrx_word' id='word_1_283' title='bbox 1863 1038 1902 1064; x_wconf 86' lang='lat' dir='ltr'><strong>in-</strong></span> 
     </span>
    </p>
   </div>
   <div class='ocr_carea' id='block_1_49' title="bbox 1115 1083 1535 1120">
    <p class='ocr_par' dir='ltr' id='par_1_49' title="bbox 1115 1083 1535 1120">
     <span class='ocr_line' id='line_1_49' title="bbox 1115 1083 1535 1120; baseline -0.002 -9"><span class='ocrx_word' id='word_1_284' title='bbox 1115 1084 1235 1120; x_wconf 80' lang='lat' dir='ltr'><strong>greditur</strong></span> <span class='ocrx_word' id='word_1_285' title='bbox 1250 1093 1293 1111; x_wconf 76' lang='lat' dir='ltr'><strong>xvi</strong></span> <span class='ocrx_word' id='word_1_286' title='bbox 1314 1083 1373 1110; x_wconf 80' lang='lat' dir='ltr'><strong>Kal.</strong></span> <span class='ocrx_word' id='word_1_287' title='bbox 1393 1084 1535 1111; x_wconf 77' lang='lat' dir='ltr'><strong>Octobres.</strong></span> 
     </span>
    </p>
   </div>
   <div class='ocr_carea' id='block_1_50' title="bbox 1149 1134 1898 1168">
    <p class='ocr_par' dir='ltr' id='par_1_50' title="bbox 1149 1134 1898 1168">
     <span class='ocr_line' id='line_1_50' title="bbox 1149 1134 1898 1168; baseline 0 -7"><span class='ocrx_word' id='word_1_288' title='bbox 1149 1134 1241 1161; x_wconf 79' lang='lat' dir='ltr'><strong>XV.A</strong></span> <span class='ocrx_word' id='word_1_289' title='bbox 1259 1134 1380 1168; x_wconf 64' lang='lat' dir='ltr'><strong>Gregorii</strong></span> <span class='ocrx_word' id='word_1_290' title='bbox 1399 1134 1460 1168; x_wconf 70' lang='lat' dir='ltr'><strong>fuga</strong></span> <span class='ocrx_word' id='word_1_291' title='bbox 1485 1134 1571 1168; x_wconf 80' lang='lat' dir='ltr'><strong>patria</strong></span> <span class='ocrx_word' id='word_1_292' title='bbox 1600 1142 1615 1161; x_wconf 91' lang='lat' dir='ltr'><strong>c</strong></span> <span class='ocrx_word' id='word_1_293' title='bbox 1642 1134 1722 1160; x_wconf 87' lang='lat' dir='ltr'><strong>domo</strong></span> <span class='ocrx_word' id='word_1_294' title='bbox 1746 1135 1778 1160; x_wconf 83' lang='lat' dir='ltr'><strong>a-l</strong></span> <span class='ocrx_word' id='word_1_295' title='bbox 1805 1135 1898 1161; x_wconf 59' lang='lat' dir='ltr'><strong>initum</strong></span> 
     </span>
    </p>
   </div>
   <div class='ocr_carea' id='block_1_51' title="bbox 1111 1180 1899 1216">
    <p class='ocr_par' dir='ltr' id='par_1_51' title="bbox 1111 1180 1899 1216">
     <span class='ocr_line' id='line_1_51' title="bbox 1111 1180 1899 1216; baseline -0.001 -9"><span class='ocrx_word' id='word_1_296' title='bbox 1111 1181 1294 1216; x_wconf 65' lang='lat' dir='ltr'><strong>Agrigentinm</strong></span> <span class='ocrx_word' id='word_1_297' title='bbox 1308 1181 1439 1207; x_wconf 64' lang='lat' dir='ltr'><strong>Ecclesim</strong></span> <span class='ocrx_word' id='word_1_298' title='bbox 1454 1181 1649 1215; x_wconf 82' lang='lat' dir='ltr'><strong>pontiﬁcatum,</strong></span> <span class='ocrx_word' id='word_1_299' title='bbox 1667 1181 1699 1207; x_wconf 80' lang='grc'><strong>15</strong></span> <span class='ocrx_word' id='word_1_300' title='bbox 1715 1180 1779 1207; x_wconf 87' lang='lat' dir='ltr'><strong>anni</strong></span> <span class='ocrx_word' id='word_1_301' title='bbox 1795 1186 1899 1214; x_wconf 67' lang='lat' dir='ltr'><strong>prmo-r-</strong></span> 
     </span>
    </p>
   </div>
   <div class='ocr_carea' id='block_1_52' title="bbox 1111 1224 1897 1260">
    <p class='ocr_par' dir='ltr' id='par_1_52' title="bbox 1111 1224 1897 1260">
     <span class='ocr_line' id='line_1_52' title="bbox 1111 1224 1897 1260; baseline 0 -9"><span class='ocrx_word' id='word_1_302' title='bbox 1111 1224 1165 1252; x_wconf 85' lang='lat' dir='ltr'><strong>ierc</strong></span> <span class='ocrx_word' id='word_1_303' title='bbox 1187 1234 1194 1252; x_wconf 91' lang='lat'>:</span> <span class='ocrx_word' id='word_1_304' title='bbox 1215 1225 1325 1252; x_wconf 86' lang='lat' dir='ltr'><strong>totidem</strong></span> <span class='ocrx_word' id='word_1_305' title='bbox 1356 1225 1430 1252; x_wconf 68' lang='lat' dir='ltr'><strong>enio.</strong></span> <span class='ocrx_word' id='word_1_306' title='bbox 1459 1230 1583 1251; x_wconf 73' lang='lat' dir='ltr'><strong>numerat</strong></span> <span class='ocrx_word' id='word_1_307' title='bbox 1614 1225 1744 1252; x_wconf 87' lang='lat' dir='ltr'><strong>Charitott</strong></span> <span class='ocrx_word' id='word_1_308' title='bbox 1777 1225 1897 1260; x_wconf 51' lang='lat' dir='ltr'><strong>Gregorii</strong></span> 
     </span>
    </p>
   </div>
   <div class='ocr_carea' id='block_1_53' title="bbox 1111 1267 1897 1307">
    <p class='ocr_par' dir='ltr' id='par_1_53' title="bbox 1111 1267 1897 1307">
     <span class='ocr_line' id='line_1_53' title="bbox 1111 1267 1897 1307; baseline -0.001 -10"><span class='ocrx_word' id='word_1_309' title='bbox 1111 1276 1197 1306; x_wconf 83' lang='lat' dir='ltr'><strong>pater,</strong></span> <span class='ocrx_word' id='word_1_310' title='bbox 1227 1271 1291 1307; x_wconf 88' lang='lat' dir='ltr'><strong>dum</strong></span> <span class='ocrx_word' id='word_1_311' title='bbox 1317 1271 1349 1298; x_wconf 89' lang='lat' dir='ltr'><strong>de</strong></span> <span class='ocrx_word' id='word_1_312' title='bbox 1377 1271 1479 1298; x_wconf 80' lang='lat' dir='ltr'><strong>amisso</strong></span> <span class='ocrx_word' id='word_1_313' title='bbox 1507 1271 1560 1297; x_wconf 84' lang='lat' dir='ltr'><strong>tilio</strong></span> <span class='ocrx_word' id='word_1_314' title='bbox 1585 1271 1669 1297; x_wconf 90' lang='lat' dir='ltr'><strong>ﬁlium</strong></span> <span class='ocrx_word' id='word_1_315' title='bbox 1701 1267 1798 1306; x_wconf 76' lang='lat' dir='ltr'><strong>ipsum.</strong></span> <span class='ocrx_word' id='word_1_316' title='bbox 1819 1279 1897 1305; x_wconf 62' lang='lat' dir='ltr'><strong>quem</strong></span> 
     </span>
    </p>
   </div>
   <div class='ocr_carea' id='block_1_54' title="bbox 1111 1316 1898 1350">
    <p class='ocr_par' dir='ltr' id='par_1_54' title="bbox 1111 1316 1898 1350">
     <span class='ocr_line' id='line_1_54' title="bbox 1111 1316 1898 1350; baseline 0.001 -8"><span class='ocrx_word' id='word_1_317' title='bbox 1111 1317 1200 1344; x_wconf 85' lang='lat' dir='ltr'><strong>adhuc</strong></span> <span class='ocrx_word' id='word_1_318' title='bbox 1225 1325 1278 1344; x_wconf 89' lang='lat' dir='ltr'><strong>non</strong></span> <span class='ocrx_word' id='word_1_319' title='bbox 1304 1321 1461 1350; x_wconf 76' lang='lat' dir='ltr'><strong>agnoverat,</strong></span> <span class='ocrx_word' id='word_1_320' title='bbox 1490 1316 1581 1343; x_wconf 70' lang='lat' dir='ltr'><strong>Boium</strong></span> <span class='ocrx_word' id='word_1_321' title='bbox 1610 1317 1710 1349; x_wconf 82' lang='lat' dir='ltr'><strong>docet;</strong></span> <span class='ocrx_word' id='word_1_322' title='bbox 1728 1316 1819 1342; x_wconf 79' lang='lat' dir='ltr'><strong>Ronne</strong></span> <span class='ocrx_word' id='word_1_323' title='bbox 1836 1323 1898 1343; x_wconf 83' lang='lat' dir='ltr'><strong>vero</strong></span> 
     </span>
    </p>
   </div>
   <div class='ocr_carea' id='block_1_55' title="bbox 1112 1361 1898 1397">
    <p class='ocr_par' dir='ltr' id='par_1_55' title="bbox 1112 1361 1898 1397">
     <span class='ocr_line' id='line_1_55' title="bbox 1112 1361 1898 1397; baseline -0.001 -9"><span class='ocrx_word' id='word_1_324' title='bbox 1112 1362 1203 1389; x_wconf 83' lang='lat' dir='ltr'><strong>aderat</strong></span> <span class='ocrx_word' id='word_1_325' title='bbox 1219 1369 1279 1389; x_wconf 90' lang='lat' dir='ltr'><strong>cum</strong></span> <span class='ocrx_word' id='word_1_326' title='bbox 1294 1361 1477 1397; x_wconf 76' lang='lat' dir='ltr'><strong>Agrigt‘tttittis</strong></span> <span class='ocrx_word' id='word_1_327' title='bbox 1491 1362 1606 1392; x_wconf 71' lang='lat' dir='ltr'><strong>caneris,</strong></span> <span class='ocrx_word' id='word_1_328' title='bbox 1624 1362 1670 1396; x_wconf 91' lang='lat' dir='ltr'><strong>qui</strong></span> <span class='ocrx_word' id='word_1_329' title='bbox 1691 1362 1747 1388; x_wconf 87' lang='lat' dir='ltr'><strong>dari</strong></span> <span class='ocrx_word' id='word_1_330' title='bbox 1769 1362 1820 1388; x_wconf 84' lang='lat' dir='ltr'><strong>sibi</strong></span> <span class='ocrx_word' id='word_1_331' title='bbox 1841 1361 1898 1395; x_wconf 82' lang='lat' dir='ltr'><strong>epi-</strong></span> 
     </span>
    </p>
   </div>
   <div class='ocr_carea' id='block_1_56' title="bbox 1112 1406 1898 1442">
    <p class='ocr_par' dir='ltr' id='par_1_56' title="bbox 1112 1406 1898 1442">
     <span class='ocr_line' id='line_1_56' title="bbox 1112 1406 1898 1442; baseline -0.001 -7"><span class='ocrx_word' id='word_1_332' title='bbox 1112 1415 1225 1442; x_wconf 86' lang='lat' dir='ltr'><strong>scopum</strong></span> <span class='ocrx_word' id='word_1_333' title='bbox 1244 1407 1417 1442; x_wconf 75' lang='lat' dir='ltr'><strong>postulabant</strong></span> <span class='ocrx_word' id='word_1_334' title='bbox 1432 1415 1447 1434; x_wconf 91' lang='lat' dir='ltr'><strong>a</strong></span> <span class='ocrx_word' id='word_1_335' title='bbox 1464 1407 1493 1434; x_wconf 86' lang='grc' dir='ltr'><strong>Ρ.</strong></span> <span class='ocrx_word' id='word_1_336' title='bbox 1511 1406 1558 1439; x_wconf 87' lang='grc' dir='ltr'><strong>Μ.,</strong></span> <span class='ocrx_word' id='word_1_337' title='bbox 1575 1407 1684 1441; x_wconf 79' lang='lat' dir='ltr'><strong>quando</strong></span> <span class='ocrx_word' id='word_1_338' title='bbox 1700 1407 1815 1442; x_wconf 91' lang='lat' dir='ltr'><strong>populus</strong></span> <span class='ocrx_word' id='word_1_339' title='bbox 1826 1409 1898 1434; x_wconf 82' lang='lat' dir='ltr'><strong>varia</strong></span> 
     </span>
    </p>
   </div>
   <div class='ocr_carea' id='block_1_57' title="bbox 1112 1452 1899 1491">
    <p class='ocr_par' dir='ltr' id='par_1_57' title="bbox 1112 1452 1899 1491">
     <span class='ocr_line' id='line_1_57' title="bbox 1112 1452 1899 1491; baseline 0.001 -12"><span class='ocrx_word' id='word_1_340' title='bbox 1112 1452 1139 1491; x_wconf 82' lang='lat' dir='ltr'><strong>in</strong></span> <span class='ocrx_word' id='word_1_341' title='bbox 1156 1453 1245 1480; x_wconf 88' lang='lat' dir='ltr'><strong>studia</strong></span> <span class='ocrx_word' id='word_1_342' title='bbox 1259 1453 1364 1482; x_wconf 77' lang='lat' dir='ltr'><strong>divisus</strong></span> <span class='ocrx_word' id='word_1_343' title='bbox 1379 1453 1405 1479; x_wconf 93' lang='lat' dir='ltr'><strong>in</strong></span> <span class='ocrx_word' id='word_1_344' title='bbox 1419 1461 1480 1480; x_wconf 90' lang='lat' dir='ltr'><strong>eum</strong></span> <span class='ocrx_word' id='word_1_345' title='bbox 1494 1453 1710 1480; x_wconf 84' lang='lat' dir='ltr'><strong>constituendum</strong></span> <span class='ocrx_word' id='word_1_346' title='bbox 1724 1461 1776 1480; x_wconf 92' lang='lat' dir='ltr'><strong>non</strong></span> <span class='ocrx_word' id='word_1_347' title='bbox 1789 1454 1899 1488; x_wconf 84' lang='lat' dir='ltr'><strong>conspi-</strong></span> 
     </span>
    </p>
   </div>
   <div class='ocr_carea' id='block_1_58' title="bbox 1111 1497 1899 1534">
    <p class='ocr_par' dir='ltr' id='par_1_58' title="bbox 1111 1497 1899 1534">
     <span class='ocr_line' id='line_1_58' title="bbox 1111 1497 1899 1534; baseline 0 -10"><span class='ocrx_word' id='word_1_348' title='bbox 1111 1503 1228 1525; x_wconf 82' lang='lat' dir='ltr'><strong>raverat.</strong></span> <span class='ocrx_word' id='word_1_349' title='bbox 1247 1497 1305 1525; x_wconf 80' lang='lat' dir='ltr'><strong>Jam</strong></span> <span class='ocrx_word' id='word_1_350' title='bbox 1327 1499 1348 1526; x_wconf 87' lang='lat' dir='ltr'><strong>si</strong></span> <span class='ocrx_word' id='word_1_351' title='bbox 1373 1499 1459 1533; x_wconf 88' lang='lat' dir='ltr'><strong>patria</strong></span> <span class='ocrx_word' id='word_1_352' title='bbox 1484 1506 1610 1533; x_wconf 77' lang='lat' dir='ltr'><strong>egressus</strong></span> <span class='ocrx_word' id='word_1_353' title='bbox 1637 1498 1783 1532; x_wconf 77' lang='lat' dir='ltr'><strong>Gregorius</strong></span> <span class='ocrx_word' id='word_1_354' title='bbox 1814 1499 1899 1534; x_wconf 83' lang='lat' dir='ltr'><strong>pridie</strong></span> 
     </span>
    </p>
   </div>
   <div class='ocr_carea' id='block_1_59' title="bbox 275 1541 1898 1582">
    <p class='ocr_par' dir='ltr' id='par_1_59' title="bbox 275 1541 1898 1582">
     <span class='ocr_line' id='line_1_59' title="bbox 275 1541 1898 1582; baseline -0.005 -4"><span class='ocrx_word' id='word_1_355' title='bbox 275 1550 320 1578; x_wconf 88' lang='lat' dir='ltr'><strong>lus</strong></span> <span class='ocrx_word' id='word_1_356' title='bbox 335 1549 467 1580; x_wconf 88' lang='lat' dir='ltr'><strong>dubitem,</strong></span> <span class='ocrx_word' id='word_1_357' title='bbox 495 1547 560 1582; x_wconf 90' lang='lat' dir='ltr'><strong>quin</strong></span> <span class='ocrx_word' id='word_1_358' title='bbox 589 1551 713 1579; x_wconf 85' lang='lat' dir='ltr'><strong>suscepta</strong></span> <span class='ocrx_word' id='word_1_359' title='bbox 739 1545 774 1571; x_wconf 88' lang='lat' dir='ltr'><strong>sit</strong></span> <span class='ocrx_word' id='word_1_360' title='bbox 798 1543 934 1578; x_wconf 79' lang='lat' dir='ltr'><strong>navigatio</strong></span> <span class='ocrx_word' id='word_1_361' title='bbox 961 1541 1060 1568; x_wconf 67' lang='lat' dir='ltr'><strong>clausis</strong></span> <span class='ocrx_word' id='word_1_362' title='bbox 1075 1552 1096 1582; x_wconf 74' lang='grc' dir='ltr'><strong>ρ</strong></span> <span class='ocrx_word' id='word_1_363' title='bbox 1113 1543 1172 1570; x_wconf 79' lang='lat' dir='ltr'><strong>Kal.</strong></span> <span class='ocrx_word' id='word_1_364' title='bbox 1189 1543 1274 1570; x_wconf 83' lang='lat' dir='ltr'><strong>Julias</strong></span> <span class='ocrx_word' id='word_1_365' title='bbox 1286 1545 1346 1570; x_wconf 85' lang='lat' dir='ltr'><strong>antri</strong></span> <span class='ocrx_word' id='word_1_366' title='bbox 1365 1544 1426 1576; x_wconf 79' lang='grc'>669,</span> <span class='ocrx_word' id='word_1_367' title='bbox 1444 1544 1538 1571; x_wconf 82' lang='lat' dir='ltr'><strong>eodeni</strong></span> <span class='ocrx_word' id='word_1_368' title='bbox 1554 1543 1597 1570; x_wconf 85' lang='lat' dir='ltr'><strong>die</strong></span> <span class='ocrx_word' id='word_1_369' title='bbox 1613 1545 1676 1570; x_wconf 93' lang='lat' dir='ltr'><strong>anni</strong></span> <span class='ocrx_word' id='word_1_370' title='bbox 1694 1545 1741 1570; x_wconf 79' lang='lat' dir='ltr'><strong>(iSl</strong></span> <span class='ocrx_word' id='word_1_371' title='bbox 1762 1544 1898 1570; x_wconf 84' lang='lat' dir='ltr'><strong>numerari</strong></span> 
     </span>
    </p>
   </div>
   <div class='ocr_carea' id='block_1_60' title="bbox 276 1590 1059 1628">
    <p class='ocr_par' dir='ltr' id='par_1_60' title="bbox 276 1590 1059 1628">
     <span class='ocr_line' id='line_1_60' title="bbox 276 1590 1059 1628; baseline -0.013 -6"><span class='ocrx_word' id='word_1_372' title='bbox 276 1595 397 1623; x_wconf 73' lang='lat' dir='ltr'><strong>tuaribus</strong></span> <span class='ocrx_word' id='word_1_373' title='bbox 416 1593 540 1628; x_wconf 84' lang='lat' dir='ltr'><strong>proxime</strong></span> <span class='ocrx_word' id='word_1_374' title='bbox 565 1591 666 1618; x_wconf 85' lang='lat' dir='ltr'><strong>Christi</strong></span> <span class='ocrx_word' id='word_1_375' title='bbox 698 1590 820 1622; x_wconf 85' lang='lat' dir='ltr'><strong>Natalia;</strong></span> <span class='ocrx_word' id='word_1_376' title='bbox 839 1597 901 1615; x_wconf 87' lang='lat' dir='ltr'><strong>cum</strong></span> <span class='ocrx_word' id='word_1_377' title='bbox 930 1593 1059 1622; x_wconf 83' lang='lat' dir='ltr'><strong>opportu—</strong></span> 
     </span>
    </p>
   </div>
   <div class='ocr_carea' id='block_1_61' title="bbox 274 1633 1061 1670">
    <p class='ocr_par' dir='ltr' id='par_1_61' title="bbox 274 1633 1061 1670">
     <span class='ocr_line' id='line_1_61' title="bbox 274 1633 1061 1670; baseline -0.011 -3"><span class='ocrx_word' id='word_1_378' title='bbox 274 1639 344 1668; x_wconf 86' lang='lat' dir='ltr'><strong>niori</strong></span> <span class='ocrx_word' id='word_1_379' title='bbox 370 1638 433 1665; x_wconf 84' lang='lat' dir='ltr'><strong>auiti</strong></span> <span class='ocrx_word' id='word_1_380' title='bbox 456 1641 617 1670; x_wconf 80' lang='lat' dir='ltr'><strong>tempestate</strong></span> <span class='ocrx_word' id='word_1_381' title='bbox 643 1643 677 1662; x_wconf 88' lang='lat' dir='ltr'><strong>tte</strong></span> <span class='ocrx_word' id='word_1_382' title='bbox 705 1635 807 1661; x_wconf 84' lang='lat' dir='ltr'><strong>mensis</strong></span> <span class='ocrx_word' id='word_1_383' title='bbox 829 1634 937 1668; x_wconf 82' lang='lat' dir='ltr'><strong>quidem</strong></span> <span class='ocrx_word' id='word_1_384' title='bbox 965 1633 1061 1659; x_wconf 77' lang='lat' dir='ltr'><strong>fuisset</strong></span> 
     </span>
    </p>
   </div>
   <div class='ocr_carea' id='block_1_62' title="bbox 274 1678 1060 1721">
    <p class='ocr_par' dir='ltr' id='par_1_62' title="bbox 274 1678 1060 1721">
     <span class='ocr_line' id='line_1_62' title="bbox 274 1678 1060 1721; baseline -0.009 -11"><span class='ocrx_word' id='word_1_385' title='bbox 274 1685 369 1721; x_wconf 73' lang='lat' dir='ltr'><strong>pelago</strong></span> <span class='ocrx_word' id='word_1_386' title='bbox 392 1681 586 1710; x_wconf 85' lang='lat' dir='ltr'><strong>absumcndus.</strong></span> <span class='ocrx_word' id='word_1_387' title='bbox 611 1680 704 1714; x_wconf 86' lang='lat' dir='ltr'><strong>itaque</strong></span> <span class='ocrx_word' id='word_1_388' title='bbox 728 1679 752 1707; x_wconf 79' lang='lat' dir='ltr'><strong>si</strong></span> <span class='ocrx_word' id='word_1_389' title='bbox 771 1687 786 1706; x_wconf 88' lang='lat' dir='ltr'><strong>a</strong></span> <span class='ocrx_word' id='word_1_390' title='bbox 807 1679 980 1712; x_wconf 79' lang='lat' dir='ltr'><strong>Carthaginis</strong></span> <span class='ocrx_word' id='word_1_391' title='bbox 1005 1678 1060 1704; x_wconf 86' lang='lat' dir='ltr'><strong>dis-</strong></span> 
     </span>
    </p>
   </div>
   <div class='ocr_carea' id='block_1_63' title="bbox 274 1723 1059 1762">
    <p class='ocr_par' dir='ltr' id='par_1_63' title="bbox 274 1723 1059 1762">
     <span class='ocr_line' id='line_1_63' title="bbox 274 1723 1059 1762; baseline -0.011 -4"><span class='ocrx_word' id='word_1_392' title='bbox 274 1738 353 1758; x_wconf 88' lang='lat' dir='ltr'><strong>cessu</strong></span> <span class='ocrx_word' id='word_1_393' title='bbox 368 1729 401 1756; x_wconf 86' lang='lat' dir='ltr'><strong>ad</strong></span> <span class='ocrx_word' id='word_1_394' title='bbox 421 1727 600 1762; x_wconf 79' lang='lat' dir='ltr'><strong>navigationis</strong></span> <span class='ocrx_word' id='word_1_395' title='bbox 619 1727 721 1754; x_wconf 84' lang='lat' dir='ltr'><strong>exitum</strong></span> <span class='ocrx_word' id='word_1_396' title='bbox 740 1733 848 1752; x_wconf 79' lang='lat' dir='ltr'><strong>menses</strong></span> <span class='ocrx_word' id='word_1_397' title='bbox 865 1724 881 1752; x_wconf 91' lang='grc'><strong>6</strong></span> <span class='ocrx_word' id='word_1_398' title='bbox 906 1725 958 1751; x_wconf 89' lang='lat' dir='ltr'><strong>acti</strong></span> <span class='ocrx_word' id='word_1_399' title='bbox 985 1723 1059 1758; x_wconf 89' lang='lat' dir='ltr'><strong>(nam</strong></span> 
     </span>
    </p>
   </div>
   <div class='ocr_carea' id='block_1_64' title="bbox 274 1769 1059 1809">
    <p class='ocr_par' dir='ltr' id='par_1_64' title="bbox 274 1769 1059 1809">
     <span class='ocr_line' id='line_1_64' title="bbox 274 1769 1059 1809; baseline -0.013 -5"><span class='ocrx_word' id='word_1_400' title='bbox 274 1784 396 1804; x_wconf 82' lang='lat' dir='ltr'><strong>mensem</strong></span> <span class='ocrx_word' id='word_1_401' title='bbox 412 1776 420 1801; x_wconf 82' lang='grc' dir='ltr'><strong>Ι</strong></span> <span class='ocrx_word' id='word_1_402' title='bbox 440 1774 543 1809; x_wconf 88' lang='lat' dir='ltr'><strong>Tripoli</strong></span> <span class='ocrx_word' id='word_1_403' title='bbox 556 1773 727 1806; x_wconf 88' lang='lat' dir='ltr'><strong>consedere),</strong></span> <span class='ocrx_word' id='word_1_404' title='bbox 740 1772 817 1807; x_wconf 85' lang='lat' dir='ltr'><strong>sique</strong></span> <span class='ocrx_word' id='word_1_405' title='bbox 844 1770 983 1798; x_wconf 86' lang='lat' dir='ltr'><strong>Decembri</strong></span> <span class='ocrx_word' id='word_1_406' title='bbox 1002 1769 1059 1795; x_wconf 89' lang='lat' dir='ltr'><strong>vela</strong></span> 
     </span>
    </p>
   </div>
   <div class='ocr_carea' id='block_1_65' title="bbox 275 1814 1059 1855">
    <p class='ocr_par' dir='ltr' id='par_1_65' title="bbox 275 1814 1059 1855">
     <span class='ocr_line' id='line_1_65' title="bbox 275 1814 1059 1855; baseline -0.01 -7"><span class='ocrx_word' id='word_1_407' title='bbox 275 1820 440 1855; x_wconf 73' lang='lat' dir='ltr'><strong>Carthagine</strong></span> <span class='ocrx_word' id='word_1_408' title='bbox 455 1819 553 1849; x_wconf 80' lang='lat' dir='ltr'><strong>fecere.</strong></span> <span class='ocrx_word' id='word_1_409' title='bbox 569 1825 610 1845; x_wconf 79' lang='lat' dir='ltr'><strong>me</strong></span> <span class='ocrx_word' id='word_1_410' title='bbox 627 1817 808 1852; x_wconf 74' lang='lat' dir='ltr'><strong>navigationis</strong></span> <span class='ocrx_word' id='word_1_411' title='bbox 829 1816 891 1842; x_wconf 87' lang='lat' dir='ltr'><strong>ﬁnis</strong></span> <span class='ocrx_word' id='word_1_412' title='bbox 915 1814 1059 1849; x_wconf 82' lang='lat' dir='ltr'><strong>impositus</strong></span> 
     </span>
    </p>
   </div>
   <div class='ocr_carea' id='block_1_66' title="bbox 274 1860 1058 1901">
    <p class='ocr_par' dir='ltr' id='par_1_66' title="bbox 274 1860 1058 1901">
     <span class='ocr_line' id='line_1_66' title="bbox 274 1860 1058 1901; baseline -0.013 -6"><span class='ocrx_word' id='word_1_413' title='bbox 274 1867 367 1898; x_wconf 84' lang='lat' dir='ltr'><strong>Junio,</strong></span> <span class='ocrx_word' id='word_1_414' title='bbox 392 1867 515 1901; x_wconf 82' lang='lat' dir='ltr'><strong>ideoque,</strong></span> <span class='ocrx_word' id='word_1_415' title='bbox 541 1864 696 1896; x_wconf 90' lang='lat' dir='ltr'><strong>minimum,</strong></span> <span class='ocrx_word' id='word_1_416' title='bbox 721 1862 794 1889; x_wconf 84' lang='lat' dir='ltr'><strong>Julio</strong></span> <span class='ocrx_word' id='word_1_417' title='bbox 812 1861 1000 1895; x_wconf 84' lang='lat' dir='ltr'><strong>Hierosolyma</strong></span> <span class='ocrx_word' id='word_1_418' title='bbox 1018 1860 1058 1886; x_wconf 93' lang='lat' dir='ltr'><strong>in-</strong></span> 
     </span>
    </p>
   </div>
   <div class='ocr_carea' id='block_1_67' title="bbox 274 1906 1058 1948">
    <p class='ocr_par' dir='ltr' id='par_1_67' title="bbox 274 1906 1058 1948">
     <span class='ocr_line' id='line_1_67' title="bbox 274 1906 1058 1948; baseline -0.013 -8"><span class='ocrx_word' id='word_1_419' title='bbox 274 1912 372 1948; x_wconf 70' lang='lat' dir='ltr'><strong>gressi,</strong></span> <span class='ocrx_word' id='word_1_420' title='bbox 388 1917 444 1939; x_wconf 92' lang='lat' dir='ltr'><strong>tum</strong></span> <span class='ocrx_word' id='word_1_421' title='bbox 460 1910 532 1945; x_wconf 87' lang='lat' dir='ltr'><strong>quod</strong></span> <span class='ocrx_word' id='word_1_422' title='bbox 556 1909 601 1936; x_wconf 90' lang='lat' dir='ltr'><strong>illa</strong></span> <span class='ocrx_word' id='word_1_423' title='bbox 627 1909 741 1936; x_wconf 88' lang='lat' dir='ltr'><strong>nitnium</strong></span> <span class='ocrx_word' id='word_1_424' title='bbox 771 1911 903 1942; x_wconf 86' lang='lat' dir='ltr'><strong>quantum</strong></span> <span class='ocrx_word' id='word_1_425' title='bbox 927 1906 1017 1932; x_wconf 87' lang='lat' dir='ltr'><strong>absint</strong></span> <span class='ocrx_word' id='word_1_426' title='bbox 1043 1911 1058 1930; x_wconf 87' lang='lat' dir='ltr'><strong>a</strong></span> 
     </span>
    </p>
   </div>
   <div class='ocr_carea' id='block_1_68' title="bbox 274 1950 1057 1992">
    <p class='ocr_par' dir='ltr' id='par_1_68' title="bbox 274 1950 1057 1992">
     <span class='ocr_line' id='line_1_68' title="bbox 274 1950 1057 1992; baseline -0.01 -6"><span class='ocrx_word' id='word_1_427' title='bbox 274 1959 355 1990; x_wconf 88' lang='lat' dir='ltr'><strong>mari,</strong></span> <span class='ocrx_word' id='word_1_428' title='bbox 384 1964 440 1985; x_wconf 90' lang='lat' dir='ltr'><strong>tum</strong></span> <span class='ocrx_word' id='word_1_429' title='bbox 470 1956 542 1992; x_wconf 89' lang='lat' dir='ltr'><strong>quod</strong></span> <span class='ocrx_word' id='word_1_430' title='bbox 563 1957 612 1982; x_wconf 88' lang='lat' dir='ltr'><strong>iter</strong></span> <span class='ocrx_word' id='word_1_431' title='bbox 630 1954 739 1982; x_wconf 86' lang='lat' dir='ltr'><strong>nonnisi</strong></span> <span class='ocrx_word' id='word_1_432' title='bbox 753 1954 876 1988; x_wconf 86' lang='lat' dir='ltr'><strong>pedestre</strong></span> <span class='ocrx_word' id='word_1_433' title='bbox 891 1950 1057 1978; x_wconf 76' lang='lat' dir='ltr'><strong>confectura.</strong></span> 
     </span>
    </p>
   </div>
   <div class='ocr_carea' id='block_1_69' title="bbox 273 1996 1060 2039">
    <p class='ocr_par' dir='ltr' id='par_1_69' title="bbox 273 1996 1060 2039">
     <span class='ocr_line' id='line_1_69' title="bbox 273 1996 1060 2039; baseline -0.011 -7"><span class='ocrx_word' id='word_1_434' title='bbox 273 2005 369 2032; x_wconf 83' lang='lat' dir='ltr'><strong>Jamnc</strong></span> <span class='ocrx_word' id='word_1_435' title='bbox 383 2007 494 2039; x_wconf 86' lang='lat' dir='ltr'><strong>apparet</strong></span> <span class='ocrx_word' id='word_1_436' title='bbox 509 2001 626 2032; x_wconf 86' lang='lat' dir='ltr'><strong>Pascha,</strong></span> <span class='ocrx_word' id='word_1_437' title='bbox 654 1999 727 2035; x_wconf 87' lang='lat' dir='ltr'><strong>quod</strong></span> <span class='ocrx_word' id='word_1_438' title='bbox 754 1997 953 2031; x_wconf 80' lang='lat' dir='ltr'><strong>Hierosolymis</strong></span> <span class='ocrx_word' id='word_1_439' title='bbox 976 1996 1060 2023; x_wconf 88' lang='lat' dir='ltr'><strong>coluit</strong></span> 
     </span>
    </p>
   </div>
   <div class='ocr_carea' id='block_1_70' title="bbox 274 2042 1059 2086">
    <p class='ocr_par' dir='ltr' id='par_1_70' title="bbox 274 2042 1059 2086">
     <span class='ocr_line' id='line_1_70' title="bbox 274 2042 1059 2086; baseline -0.011 -8"><span class='ocrx_word' id='word_1_440' title='bbox 274 2046 434 2086; x_wconf 76' lang='lat' dir='ltr'><strong>Gregorius,</strong></span> <span class='ocrx_word' id='word_1_441' title='bbox 451 2057 504 2076; x_wconf 89' lang='lat' dir='ltr'><strong>non</strong></span> <span class='ocrx_word' id='word_1_442' title='bbox 522 2048 653 2083; x_wconf 84' lang='lat' dir='ltr'><strong>primum,</strong></span> <span class='ocrx_word' id='word_1_443' title='bbox 669 2046 715 2073; x_wconf 88' lang='lat' dir='ltr'><strong>sed</strong></span> <span class='ocrx_word' id='word_1_444' title='bbox 731 2045 844 2071; x_wconf 90' lang='lat' dir='ltr'><strong>alterum</strong></span> <span class='ocrx_word' id='word_1_445' title='bbox 869 2043 963 2075; x_wconf 79' lang='lat' dir='ltr'><strong>fuisse,</strong></span> <span class='ocrx_word' id='word_1_446' title='bbox 986 2042 1059 2077; x_wconf 86' lang='lat' dir='ltr'><strong>quod</strong></span> 
     </span>
    </p>
   </div>
   <div class='ocr_carea' id='block_1_71' title="bbox 273 2089 1058 2126">
    <p class='ocr_par' dir='ltr' id='par_1_71' title="bbox 273 2089 1058 2126">
     <span class='ocr_line' id='line_1_71' title="bbox 273 2089 1058 2126; baseline -0.014 -2"><span class='ocrx_word' id='word_1_447' title='bbox 273 2096 464 2125; x_wconf 86' lang='lat' dir='ltr'><strong>celebrandum</strong></span> <span class='ocrx_word' id='word_1_448' title='bbox 479 2093 608 2125; x_wconf 88' lang='lat' dir='ltr'><strong>occurrit,</strong></span> <span class='ocrx_word' id='word_1_449' title='bbox 634 2096 777 2126; x_wconf 85' lang='lat' dir='ltr'><strong>postquam</strong></span> <span class='ocrx_word' id='word_1_450' title='bbox 797 2090 910 2124; x_wconf 88' lang='lat' dir='ltr'><strong>patriatn</strong></span> <span class='ocrx_word' id='word_1_451' title='bbox 931 2089 1058 2115; x_wconf 85' lang='lat' dir='ltr'><strong>deserue-</strong></span> 
     </span>
    </p>
   </div>
   <div class='ocr_carea' id='block_1_72' title="bbox 274 2131 1057 2174">
    <p class='ocr_par' dir='ltr' id='par_1_72' title="bbox 274 2131 1057 2174">
     <span class='ocr_line' id='line_1_72' title="bbox 274 2131 1057 2174; baseline -0.014 -6"><span class='ocrx_word' id='word_1_452' title='bbox 274 2141 330 2168; x_wconf 79' lang='lat' dir='ltr'><strong>rit?</strong></span> <span class='ocrx_word' id='word_1_453' title='bbox 346 2140 391 2167; x_wconf 88' lang='lat' dir='ltr'><strong>llis</strong></span> <span class='ocrx_word' id='word_1_454' title='bbox 408 2139 513 2174; x_wconf 88' lang='lat' dir='ltr'><strong>positis,</strong></span> <span class='ocrx_word' id='word_1_455' title='bbox 526 2144 658 2165; x_wconf 76' lang='lat' dir='ltr'><strong>canone-ri</strong></span> <span class='ocrx_word' id='word_1_456' title='bbox 677 2135 749 2162; x_wconf 89' lang='lat' dir='ltr'><strong>hunc</strong></span> <span class='ocrx_word' id='word_1_457' title='bbox 773 2134 926 2164; x_wconf 82' lang='lat' dir='ltr'><strong>instituam,</strong></span> <span class='ocrx_word' id='word_1_458' title='bbox 953 2133 998 2167; x_wconf 91' lang='lat' dir='ltr'><strong>qui</strong></span> <span class='ocrx_word' id='word_1_459' title='bbox 1024 2131 1057 2158; x_wconf 86' lang='lat' dir='ltr'><strong>ad</strong></span> 
     </span>
    </p>
   </div>
   <div class='ocr_carea' id='block_1_73' title="bbox 274 2178 1056 2215">
    <p class='ocr_par' dir='ltr' id='par_1_73' title="bbox 274 2178 1056 2215">
     <span class='ocr_line' id='line_1_73' title="bbox 274 2178 1056 2215; baseline -0.015 -1"><span class='ocrx_word' id='word_1_460' title='bbox 274 2194 387 2214; x_wconf 79' lang='lat' dir='ltr'><strong>examen</strong></span> <span class='ocrx_word' id='word_1_461' title='bbox 405 2184 518 2212; x_wconf 84' lang='lat' dir='ltr'><strong>subinde</strong></span> <span class='ocrx_word' id='word_1_462' title='bbox 540 2182 693 2213; x_wconf 85' lang='lat' dir='ltr'><strong>vocabitur,</strong></span> <span class='ocrx_word' id='word_1_463' title='bbox 710 2187 764 2215; x_wconf 89' lang='lat' dir='ltr'><strong>quo</strong></span> <span class='ocrx_word' id='word_1_464' title='bbox 789 2187 842 2211; x_wconf 82' lang='lat' dir='ltr'><strong>res,</strong></span> <span class='ocrx_word' id='word_1_465' title='bbox 865 2186 923 2213; x_wconf 76' lang='lat' dir='ltr'><strong>qua:</strong></span> <span class='ocrx_word' id='word_1_466' title='bbox 952 2178 977 2204; x_wconf 92' lang='lat' dir='ltr'><strong>in</strong></span> <span class='ocrx_word' id='word_1_467' title='bbox 1001 2185 1056 2204; x_wconf 88' lang='lat' dir='ltr'><strong>rne-</strong></span> 
     </span>
    </p>
   </div>
   <div class='ocr_carea' id='block_1_74' title="bbox 273 2227 860 2264">
    <p class='ocr_par' dir='ltr' id='par_1_74' title="bbox 273 2227 860 2264">
     <span class='ocr_line' id='line_1_74' title="bbox 273 2227 860 2264; baseline -0.015 -4"><span class='ocrx_word' id='word_1_468' title='bbox 273 2233 349 2260; x_wconf 86' lang='lat' dir='ltr'><strong>dium</strong></span> <span class='ocrx_word' id='word_1_469' title='bbox 364 2231 446 2263; x_wconf 80' lang='lat' dir='ltr'><strong>venit,</strong></span> <span class='ocrx_word' id='word_1_470' title='bbox 464 2229 629 2264; x_wconf 89' lang='lat' dir='ltr'><strong>ponderibus</strong></span> <span class='ocrx_word' id='word_1_471' title='bbox 648 2228 705 2254; x_wconf 80' lang='lat' dir='ltr'><strong>suis</strong></span> <span class='ocrx_word' id='word_1_472' title='bbox 728 2227 860 2252; x_wconf 86' lang='lat' dir='ltr'><strong>ﬁrmetur.</strong></span> 
     </span>
    </p>
   </div>
   <div class='ocr_carea' id='block_1_75' title="bbox 310 2274 600 2305">
    <p class='ocr_par' dir='ltr' id='par_1_75' title="bbox 310 2274 600 2305">
     <span class='ocr_line' id='line_1_75' title="bbox 310 2274 600 2305; baseline -0.021 0"><span class='ocrx_word' id='word_1_473' title='bbox 310 2277 379 2305; x_wconf 72' lang='lat' dir='ltr'><strong>XIV.</strong></span> <span class='ocrx_word' id='word_1_474' title='bbox 401 2277 475 2303; x_wconf 79' lang='lat' dir='ltr'><strong>Anno</strong></span> <span class='ocrx_word' id='word_1_475' title='bbox 491 2274 600 2301; x_wconf 72' lang='lat' dir='ltr'><strong>Christi.</strong></span> 
     </span>
    </p>
   </div>
   <div class='ocr_carea' id='block_1_76' title="bbox 309 2313 1059 2351">
    <p class='ocr_par' dir='ltr' id='par_1_76' title="bbox 309 2313 1059 2351">
     <span class='ocr_line' id='line_1_76' title="bbox 309 2313 1059 2351; baseline -0.015 -2"><span class='ocrx_word' id='word_1_476' title='bbox 309 2322 370 2350; x_wconf 79' lang='lat'><strong>669.</strong></span> <span class='ocrx_word' id='word_1_477' title='bbox 386 2321 474 2348; x_wconf 76' lang='lat' dir='ltr'><strong>l‘t&#39;itlie</strong></span> <span class='ocrx_word' id='word_1_478' title='bbox 487 2318 543 2345; x_wconf 74' lang='lat' dir='ltr'><strong>Kal.</strong></span> <span class='ocrx_word' id='word_1_479' title='bbox 566 2318 650 2344; x_wconf 83' lang='lat' dir='ltr'><strong>Julias</strong></span> <span class='ocrx_word' id='word_1_480' title='bbox 672 2315 818 2351; x_wconf 70' lang='lat' dir='ltr'><strong>Agrigento</strong></span> <span class='ocrx_word' id='word_1_481' title='bbox 842 2313 922 2341; x_wconf 87' lang='lat' dir='ltr'><strong>solvit</strong></span> <span class='ocrx_word' id='word_1_482' title='bbox 946 2313 1059 2340; x_wconf 83' lang='lat' dir='ltr'><strong>Cartha—</strong></span> 
     </span>
    </p>
   </div>
   <div class='ocr_carea' id='block_1_77' title="bbox 274 2358 1055 2404">
    <p class='ocr_par' dir='ltr' id='par_1_77' title="bbox 274 2358 1055 2404">
     <span class='ocr_line' id='line_1_77' title="bbox 274 2358 1055 2404; baseline -0.015 -9"><span class='ocrx_word' id='word_1_483' title='bbox 274 2370 362 2404; x_wconf 77' lang='lat' dir='ltr'><strong>giaom</strong></span> <span class='ocrx_word' id='word_1_484' title='bbox 374 2366 532 2400; x_wconf 62' lang='lat' dir='ltr'><strong>Gregorius,</strong></span> <span class='ocrx_word' id='word_1_485' title='bbox 550 2365 595 2391; x_wconf 90' lang='lat' dir='ltr'><strong>ubi</strong></span> <span class='ocrx_word' id='word_1_486' title='bbox 616 2367 676 2397; x_wconf 80' lang='lat' dir='ltr'><strong>post</strong></span> <span class='ocrx_word' id='word_1_487' title='bbox 689 2363 745 2389; x_wconf 84' lang='lat' dir='ltr'><strong>dies</strong></span> <span class='ocrx_word' id='word_1_488' title='bbox 761 2366 814 2388; x_wconf 85' lang='lat' dir='ltr'><strong>tres</strong></span> <span class='ocrx_word' id='word_1_489' title='bbox 835 2359 976 2387; x_wconf 84' lang='lat' dir='ltr'><strong>exscendit</strong></span> <span class='ocrx_word' id='word_1_490' title='bbox 992 2358 1055 2385; x_wconf 87' lang='lat' dir='ltr'><strong>inde</strong></span> 
     </span>
    </p>
   </div>
   <div class='ocr_carea' id='block_1_78' title="bbox 274 2409 685 2448">
    <p class='ocr_par' dir='ltr' id='par_1_78' title="bbox 274 2409 685 2448">
     <span class='ocr_line' id='line_1_78' title="bbox 274 2409 685 2448; baseline -0.015 -7"><span class='ocrx_word' id='word_1_491' title='bbox 274 2415 412 2448; x_wconf 71' lang='lat' dir='ltr'><strong>digressus</strong></span> <span class='ocrx_word' id='word_1_492' title='bbox 431 2419 523 2439; x_wconf 79' lang='lat' dir='ltr'><strong>mense</strong></span> <span class='ocrx_word' id='word_1_493' title='bbox 535 2409 685 2437; x_wconf 85' lang='lat' dir='ltr'><strong>Decembri.</strong></span> 
     </span>
    </p>
   </div>
   <div class='ocr_carea' id='block_1_79' title="bbox 309 2451 1059 2494">
    <p class='ocr_par' dir='ltr' id='par_1_79' title="bbox 309 2451 1059 2494">
     <span class='ocr_line' id='line_1_79' title="bbox 309 2451 1059 2494; baseline -0.015 -6"><span class='ocrx_word' id='word_1_494' title='bbox 309 2461 370 2488; x_wconf 81' lang='lat'><strong>670.</strong></span> <span class='ocrx_word' id='word_1_495' title='bbox 401 2459 518 2494; x_wconf 83' lang='lat' dir='ltr'><strong>Appellit</strong></span> <span class='ocrx_word' id='word_1_496' title='bbox 540 2457 669 2492; x_wconf 87' lang='lat' dir='ltr'><strong>Tripolim</strong></span> <span class='ocrx_word' id='word_1_497' title='bbox 699 2463 790 2482; x_wconf 86' lang='lat' dir='ltr'><strong>mense</strong></span> <span class='ocrx_word' id='word_1_498' title='bbox 811 2453 950 2484; x_wconf 79' lang='lat' dir='ltr'><strong>Januario,</strong></span> <span class='ocrx_word' id='word_1_499' title='bbox 970 2451 1059 2486; x_wconf 85' lang='lat' dir='ltr'><strong>ibique</strong></span> 
     </span>
    </p>
   </div>
   <div class='ocr_carea' id='block_1_80' title="bbox 275 2499 1060 2537">
    <p class='ocr_par' dir='ltr' id='par_1_80' title="bbox 275 2499 1060 2537">
     <span class='ocr_line' id='line_1_80' title="bbox 275 2499 1060 2537; baseline -0.017 -1"><span class='ocrx_word' id='word_1_500' title='bbox 275 2516 368 2537; x_wconf 78' lang='lat' dir='ltr'><strong>mense</strong></span> <span class='ocrx_word' id='word_1_501' title='bbox 388 2510 524 2533; x_wconf 77' lang='lat' dir='ltr'><strong>transacto</strong></span> <span class='ocrx_word' id='word_1_502' title='bbox 536 2503 642 2537; x_wconf 76' lang='lat' dir='ltr'><strong>navigat</strong></span> <span class='ocrx_word' id='word_1_503' title='bbox 658 2503 766 2532; x_wconf 76' lang='lat' dir='ltr'><strong>iterum,</strong></span> <span class='ocrx_word' id='word_1_504' title='bbox 782 2499 968 2531; x_wconf 76' lang='lat' dir='ltr'><strong>coniectisque</strong></span> <span class='ocrx_word' id='word_1_505' title='bbox 984 2506 1060 2524; x_wconf 90' lang='lat' dir='ltr'><strong>men-</strong></span> 
     </span>
    </p>
   </div>
   <div class='ocr_carea' id='block_1_81' title="bbox 276 2545 900 2583">
    <p class='ocr_par' dir='ltr' id='par_1_81' title="bbox 276 2545 900 2583">
     <span class='ocr_line' id='line_1_81' title="bbox 276 2545 900 2583; baseline -0.014 -3"><span class='ocrx_word' id='word_1_506' title='bbox 276 2554 352 2580; x_wconf 71' lang='lat' dir='ltr'><strong>sibus</strong></span> <span class='ocrx_word' id='word_1_507' title='bbox 366 2552 382 2578; x_wconf 69' lang='grc'>4</span> <span class='ocrx_word' id='word_1_508' title='bbox 393 2571 400 2583; x_wconf 80' lang='grc'>,</span> <span class='ocrx_word' id='word_1_509' title='bbox 422 2549 606 2583; x_wconf 77' lang='lat' dir='ltr'><strong>Hierosolyma</strong></span> <span class='ocrx_word' id='word_1_510' title='bbox 623 2548 695 2574; x_wconf 83' lang='lat' dir='ltr'><strong>venit</strong></span> <span class='ocrx_word' id='word_1_511' title='bbox 710 2545 781 2573; x_wconf 83' lang='lat' dir='ltr'><strong>Julio</strong></span> <span class='ocrx_word' id='word_1_512' title='bbox 798 2553 900 2572; x_wconf 83' lang='lat' dir='ltr'><strong>mense.</strong></span> 
     </span>
    </p>
   </div>
   <div class='ocr_carea' id='block_1_82' title="bbox 310 2589 1058 2633">
    <p class='ocr_par' dir='ltr' id='par_1_82' title="bbox 310 2589 1058 2633">
     <span class='ocr_line' id='line_1_82' title="bbox 310 2589 1058 2633; baseline -0.011 -10"><span class='ocrx_word' id='word_1_513' title='bbox 310 2596 458 2633; x_wconf 51' lang='lat'><strong>303,671.</strong></span> <span class='ocrx_word' id='word_1_514' title='bbox 469 2594 663 2629; x_wconf 67' lang='lat' dir='ltr'><strong>llierosolytrris</strong></span> <span class='ocrx_word' id='word_1_515' title='bbox 674 2591 777 2619; x_wconf 69' lang='lat' dir='ltr'><strong>l‘aselta</strong></span> <span class='ocrx_word' id='word_1_516' title='bbox 788 2591 940 2618; x_wconf 85' lang='lat' dir='ltr'><strong>celebratur</strong></span> <span class='ocrx_word' id='word_1_517' title='bbox 949 2589 965 2616; x_wconf 88' lang='grc'><strong>6</strong></span> <span class='ocrx_word' id='word_1_518' title='bbox 980 2589 1058 2623; x_wconf 79' lang='lat' dir='ltr'><strong>Apri-</strong></span> 
     </span>
    </p>
   </div>
   <div class='ocr_carea' id='block_1_83' title="bbox 274 2635 1057 2671">
    <p class='ocr_par' dir='ltr' id='par_1_83' title="bbox 274 2635 1057 2671">
     <span class='ocr_line' id='line_1_83' title="bbox 274 2635 1057 2671; baseline -0.013 0"><span class='ocrx_word' id='word_1_519' title='bbox 274 2644 308 2671; x_wconf 78' lang='lat' dir='ltr'><strong>lis</strong></span> <span class='ocrx_word' id='word_1_520' title='bbox 328 2653 334 2670; x_wconf 84' lang='lat'><strong>:</strong></span> <span class='ocrx_word' id='word_1_521' title='bbox 355 2643 515 2669; x_wconf 74' lang='lat' dir='ltr'><strong>Pentecoste</strong></span> <span class='ocrx_word' id='word_1_522' title='bbox 529 2639 650 2666; x_wconf 79' lang='lat' dir='ltr'><strong>diaconis</strong></span> <span class='ocrx_word' id='word_1_523' title='bbox 662 2642 821 2664; x_wconf 61' lang='lat' dir='ltr'><strong>accensi-tur</strong></span> <span class='ocrx_word' id='word_1_524' title='bbox 839 2643 853 2662; x_wconf 88' lang='lat' dir='ltr'><strong>a</strong></span> <span class='ocrx_word' id='word_1_525' title='bbox 870 2635 985 2662; x_wconf 70' lang='lat' dir='ltr'><strong>Mar-ario</strong></span> <span class='ocrx_word' id='word_1_526' title='bbox 998 2635 1057 2668; x_wconf 82' lang='lat' dir='ltr'><strong>cpi-</strong></span> 
     </span>
    </p>
   </div>
   <div class='ocr_carea' id='block_1_84' title="bbox 273 2682 1058 2723">
    <p class='ocr_par' dir='ltr' id='par_1_84' title="bbox 273 2682 1058 2723">
     <span class='ocr_line' id='line_1_84' title="bbox 273 2682 1058 2723; baseline -0.01 -8"><span class='ocrx_word' id='word_1_527' title='bbox 273 2685 381 2723; x_wconf 65' lang='lat' dir='ltr'><strong>Evopo;</strong></span> <span class='ocrx_word' id='word_1_528' title='bbox 401 2687 498 2714; x_wconf 86' lang='lat' dir='ltr'><strong>deinde</strong></span> <span class='ocrx_word' id='word_1_529' title='bbox 516 2687 542 2712; x_wconf 91' lang='lat' dir='ltr'><strong>in</strong></span> <span class='ocrx_word' id='word_1_530' title='bbox 569 2683 702 2719; x_wconf 73' lang='lat' dir='ltr'><strong>Oltvctum</strong></span> <span class='ocrx_word' id='word_1_531' title='bbox 737 2687 853 2709; x_wconf 72' lang='lat' dir='ltr'><strong>montem</strong></span> <span class='ocrx_word' id='word_1_532' title='bbox 880 2682 946 2713; x_wconf 85' lang='lat' dir='ltr'><strong>abit,</strong></span> <span class='ocrx_word' id='word_1_533' title='bbox 962 2689 1058 2707; x_wconf 81' lang='lat' dir='ltr'><strong>mona—</strong></span> 
     </span>
    </p>
   </div>
   <div class='ocr_carea' id='block_1_85' title="bbox 275 2727 1004 2766">
    <p class='ocr_par' dir='ltr' id='par_1_85' title="bbox 275 2727 1004 2766">
     <span class='ocr_line' id='line_1_85' title="bbox 275 2727 1004 2766; baseline -0.014 -4"><span class='ocrx_word' id='word_1_534' title='bbox 275 2735 388 2762; x_wconf 83' lang='lat' dir='ltr'><strong>chorum</strong></span> <span class='ocrx_word' id='word_1_535' title='bbox 405 2733 474 2759; x_wconf 81' lang='lat' dir='ltr'><strong>larcs</strong></span> <span class='ocrx_word' id='word_1_536' title='bbox 492 2735 624 2766; x_wconf 70' lang='lat' dir='ltr'><strong>peragrat.</strong></span> <span class='ocrx_word' id='word_1_537' title='bbox 648 2729 675 2756; x_wconf 89' lang='lat' dir='ltr'><strong>in</strong></span> <span class='ocrx_word' id='word_1_538' title='bbox 692 2729 778 2763; x_wconf 77' lang='lat' dir='ltr'><strong>iisque</strong></span> <span class='ocrx_word' id='word_1_539' title='bbox 803 2734 904 2754; x_wconf 81' lang='lat' dir='ltr'><strong>artuum</strong></span> <span class='ocrx_word' id='word_1_540' title='bbox 921 2727 1004 2761; x_wconf 69' lang='lat' dir='ltr'><strong>degit.</strong></span> 
     </span>
    </p>
   </div>
   <div class='ocr_carea' id='block_1_86' title="bbox 310 2775 1059 2808">
    <p class='ocr_par' dir='ltr' id='par_1_86' title="bbox 310 2775 1059 2808">
     <span class='ocr_line' id='line_1_86' title="bbox 310 2775 1059 2808; baseline -0.009 -1"><span class='ocrx_word' id='word_1_541' title='bbox 310 2780 372 2807; x_wconf 77' lang='lat'><strong>672.</strong></span> <span class='ocrx_word' id='word_1_542' title='bbox 396 2780 434 2806; x_wconf 78' lang='lat' dir='ltr'><strong>Ex</strong></span> <span class='ocrx_word' id='word_1_543' title='bbox 450 2779 555 2807; x_wconf 66' lang='lat' dir='ltr'><strong>()liveto</strong></span> <span class='ocrx_word' id='word_1_544' title='bbox 568 2776 669 2804; x_wconf 84' lang='lat' dir='ltr'><strong>secedit</strong></span> <span class='ocrx_word' id='word_1_545' title='bbox 684 2776 710 2802; x_wconf 86' lang='lat' dir='ltr'><strong>in</strong></span> <span class='ocrx_word' id='word_1_546' title='bbox 724 2783 856 2808; x_wconf 79' lang='lat' dir='ltr'><strong>eremutn,</strong></span> <span class='ocrx_word' id='word_1_547' title='bbox 870 2775 914 2802; x_wconf 86' lang='lat' dir='ltr'><strong>ubi</strong></span> <span class='ocrx_word' id='word_1_548' title='bbox 931 2775 995 2801; x_wconf 89' lang='lat' dir='ltr'><strong>vivit</strong></span> <span class='ocrx_word' id='word_1_549' title='bbox 1010 2782 1059 2800; x_wconf 83' lang='lat' dir='ltr'><strong>an-</strong></span> 
     </span>
    </p>
   </div>
   <div class='ocr_carea' id='block_1_87' title="bbox 275 2834 375 2852">
    <p class='ocr_par' dir='ltr' id='par_1_87' title="bbox 275 2834 375 2852">
     <span class='ocr_line' id='line_1_87' title="bbox 275 2834 375 2852; baseline -0.01 0"><span class='ocrx_word' id='word_1_550' title='bbox 275 2834 325 2852; x_wconf 62' lang='lat' dir='ltr'><strong>nos</strong></span> <span class='ocrx_word' id='word_1_551' title='bbox 340 2834 375 2852; x_wconf 87' lang='lat' dir='ltr'><strong>l\&#39;.</strong></span> 
     </span>
    </p>
   </div>
   <div class='ocr_carea' id='block_1_88' title="bbox 323 2869 543 2898">
    <p class='ocr_par' dir='ltr' id='par_1_88' title="bbox 323 2869 543 2898">
     <span class='ocr_line' id='line_1_88' title="bbox 323 2869 543 2898; baseline 0.005 -2"><span class='ocrx_word' id='word_1_552' title='bbox 323 2869 403 2896; x_wconf 49' lang='grc' dir='ltr'><strong>ϐπ..</strong></span> <span class='ocrx_word' id='word_1_553' title='bbox 442 2891 448 2898; x_wconf 96' lang='grc'>.</span> <span class='ocrx_word' id='word_1_554' title='bbox 478 2869 497 2896; x_wconf 22' lang='lat'><strong>7.</strong></span> <span class='ocrx_word' id='word_1_555' title='bbox 537 2890 543 2897; x_wconf 91' lang='lat'><strong>.</strong></span> 
     </span>
    </p>
   </div>
   <div class='ocr_carea' id='block_1_89' title="bbox 1111 1590 1899 1625">
    <p class='ocr_par' dir='ltr' id='par_1_89' title="bbox 1111 1590 1899 1625">
     <span class='ocr_line' id='line_1_89' title="bbox 1111 1590 1899 1625; baseline 0.001 -10"><span class='ocrx_word' id='word_1_556' title='bbox 1111 1595 1215 1624; x_wconf 69' lang='lat' dir='ltr'><strong>coeptus</strong></span> <span class='ocrx_word' id='word_1_557' title='bbox 1239 1598 1328 1616; x_wconf 91' lang='lat' dir='ltr'><strong>annus</strong></span> <span class='ocrx_word' id='word_1_558' title='bbox 1356 1591 1387 1617; x_wconf 75' lang='grc'><strong>13</strong></span> <span class='ocrx_word' id='word_1_559' title='bbox 1410 1598 1440 1616; x_wconf 80' lang='lat' dir='ltr'><strong>ex</strong></span> <span class='ocrx_word' id='word_1_560' title='bbox 1469 1598 1524 1625; x_wconf 89' lang='lat' dir='ltr'><strong>quo</strong></span> <span class='ocrx_word' id='word_1_561' title='bbox 1551 1595 1626 1625; x_wconf 80' lang='lat' dir='ltr'><strong>pater</strong></span> <span class='ocrx_word' id='word_1_562' title='bbox 1655 1591 1818 1617; x_wconf 74' lang='lat' dir='ltr'><strong>Suavissimo</strong></span> <span class='ocrx_word' id='word_1_563' title='bbox 1844 1590 1899 1616; x_wconf 91' lang='lat' dir='ltr'><strong>lilio</strong></span> 
     </span>
    </p>
   </div>
   <div class='ocr_carea' id='block_1_90' title="bbox 1110 1635 1898 1670">
    <p class='ocr_par' dir='ltr' id='par_1_90' title="bbox 1110 1635 1898 1670">
     <span class='ocr_line' id='line_1_90' title="bbox 1110 1635 1898 1670; baseline 0.001 -8"><span class='ocrx_word' id='word_1_564' title='bbox 1110 1635 1226 1662; x_wconf 76' lang='lat' dir='ltr'><strong>carebat.</strong></span> <span class='ocrx_word' id='word_1_565' title='bbox 1249 1635 1307 1662; x_wconf 85' lang='lat' dir='ltr'><strong>Huc</strong></span> <span class='ocrx_word' id='word_1_566' title='bbox 1333 1636 1448 1668; x_wconf 76' lang='lat' dir='ltr'><strong>aet-edit,</strong></span> <span class='ocrx_word' id='word_1_567' title='bbox 1474 1644 1536 1663; x_wconf 86' lang='lat' dir='ltr'><strong>cum</strong></span> <span class='ocrx_word' id='word_1_568' title='bbox 1565 1635 1717 1663; x_wconf 77' lang='lat' dir='ltr'><strong>Romanum</strong></span> <span class='ocrx_word' id='word_1_569' title='bbox 1742 1635 1898 1670; x_wconf 86' lang='lat' dir='ltr'><strong>pontiﬁcem</strong></span> 
     </span>
    </p>
   </div>
   <div class='ocr_carea' id='block_1_91' title="bbox 1110 1679 1898 1715">
    <p class='ocr_par' dir='ltr' id='par_1_91' title="bbox 1110 1679 1898 1715">
     <span class='ocr_line' id='line_1_91' title="bbox 1110 1679 1898 1715; baseline 0.003 -10"><span class='ocrx_word' id='word_1_570' title='bbox 1110 1686 1207 1706; x_wconf 85' lang='lat' dir='ltr'><strong>manus</strong></span> <span class='ocrx_word' id='word_1_571' title='bbox 1226 1679 1347 1712; x_wconf 76' lang='lat' dir='ltr'><strong>Gregorii</strong></span> <span class='ocrx_word' id='word_1_572' title='bbox 1368 1680 1450 1714; x_wconf 89' lang='lat' dir='ltr'><strong>capiti</strong></span> <span class='ocrx_word' id='word_1_573' title='bbox 1480 1680 1641 1714; x_wconf 84' lang='lat' dir='ltr'><strong>imposuisse</strong></span> <span class='ocrx_word' id='word_1_574' title='bbox 1660 1681 1898 1715; x_wconf 74' lang='lat' dir='ltr'><strong>Agrigentinorum</strong></span> 
     </span>
    </p>
   </div>
   <div class='ocr_carea' id='block_1_92' title="bbox 1110 1725 1900 1761">
    <p class='ocr_par' dir='ltr' id='par_1_92' title="bbox 1110 1725 1900 1761">
     <span class='ocr_line' id='line_1_92' title="bbox 1110 1725 1900 1761; baseline 0.003 -10"><span class='ocrx_word' id='word_1_575' title='bbox 1110 1725 1238 1759; x_wconf 88' lang='lat' dir='ltr'><strong>episcopo</strong></span> <span class='ocrx_word' id='word_1_576' title='bbox 1253 1725 1380 1757; x_wconf 84' lang='lat' dir='ltr'><strong>creando,</strong></span> <span class='ocrx_word' id='word_1_577' title='bbox 1396 1726 1442 1760; x_wconf 84' lang='lat' dir='ltr'><strong>qui</strong></span> <span class='ocrx_word' id='word_1_578' title='bbox 1457 1732 1483 1753; x_wconf 88' lang='lat' dir='ltr'><strong>et</strong></span> <span class='ocrx_word' id='word_1_579' title='bbox 1499 1727 1611 1761; x_wconf 62' lang='lat' dir='ltr'><strong>legatos,</strong></span> <span class='ocrx_word' id='word_1_580' title='bbox 1628 1731 1654 1752; x_wconf 81' lang='lat' dir='ltr'><strong>et</strong></span> <span class='ocrx_word' id='word_1_581' title='bbox 1668 1726 1809 1761; x_wconf 81' lang='lat' dir='ltr'><strong>episcopos</strong></span> <span class='ocrx_word' id='word_1_582' title='bbox 1823 1735 1900 1753; x_wconf 66' lang='lat' dir='ltr'><strong>cecu-</strong></span> 
     </span>
    </p>
   </div>
   <div class='ocr_carea' id='block_1_93' title="bbox 1110 1770 1899 1805">
    <p class='ocr_par' dir='ltr' id='par_1_93' title="bbox 1110 1770 1899 1805">
     <span class='ocr_line' id='line_1_93' title="bbox 1110 1770 1899 1805; baseline 0.003 -10"><span class='ocrx_word' id='word_1_583' title='bbox 1110 1770 1222 1796; x_wconf 73' lang='lat' dir='ltr'><strong>menicre</strong></span> <span class='ocrx_word' id='word_1_584' title='bbox 1238 1771 1344 1804; x_wconf 82' lang='lat' dir='ltr'><strong>synodo</strong></span> <span class='ocrx_word' id='word_1_585' title='bbox 1369 1771 1489 1803; x_wconf 74' lang='lat' dir='ltr'><strong>miserat,</strong></span> <span class='ocrx_word' id='word_1_586' title='bbox 1508 1772 1579 1805; x_wconf 87' lang='lat' dir='ltr'><strong>quod</strong></span> <span class='ocrx_word' id='word_1_587' title='bbox 1595 1780 1626 1799; x_wconf 82' lang='lat' dir='ltr'><strong>ex</strong></span> <span class='ocrx_word' id='word_1_588' title='bbox 1647 1772 1758 1798; x_wconf 85' lang='lat' dir='ltr'><strong>Leontio</strong></span> <span class='ocrx_word' id='word_1_589' title='bbox 1781 1778 1899 1803; x_wconf 66' lang='grc' dir='ltr'><strong>ιλίηιςιηι,</strong></span> 
     </span>
    </p>
   </div>
   <div class='ocr_carea' id='block_1_94' title="bbox 1110 1815 1899 1851">
    <p class='ocr_par' dir='ltr' id='par_1_94' title="bbox 1110 1815 1899 1851">
     <span class='ocr_line' id='line_1_94' title="bbox 1110 1815 1899 1851; baseline 0.006 -11"><span class='ocrx_word' id='word_1_590' title='bbox 1110 1815 1189 1849; x_wconf 85' lang='lat' dir='ltr'><strong>cujus</strong></span> <span class='ocrx_word' id='word_1_591' title='bbox 1201 1816 1256 1842; x_wconf 75' lang='lat' dir='ltr'><strong>lucc</strong></span> <span class='ocrx_word' id='word_1_592' title='bbox 1274 1815 1354 1842; x_wconf 85' lang='lat' dir='ltr'><strong>verba</strong></span> <span class='ocrx_word' id='word_1_593' title='bbox 1369 1825 1376 1842; x_wconf 89' lang='lat'><strong>:</strong></span> <span class='ocrx_word' id='word_1_594' title='bbox 1398 1816 1450 1843; x_wconf 86' lang='lat' dir='ltr'><strong>Sed</strong></span> <span class='ocrx_word' id='word_1_595' title='bbox 1465 1817 1578 1851; x_wconf 68' lang='lat' dir='ltr'><strong>episcopi</strong></span> <span class='ocrx_word' id='word_1_596' title='bbox 1600 1818 1626 1843; x_wconf 85' lang='lat' dir='ltr'><strong>in</strong></span> <span class='ocrx_word' id='word_1_597' title='bbox 1642 1819 1782 1844; x_wconf 72' lang='lat' dir='ltr'><strong>conciliant</strong></span> <span class='ocrx_word' id='word_1_598' title='bbox 1799 1826 1815 1844; x_wconf 85' lang='grc' dir='ltr'><em>α</em></span> <span class='ocrx_word' id='word_1_599' title='bbox 1834 1827 1899 1851; x_wconf 85' lang='lat' dir='ltr'><strong>pon-</strong></span> 
     </span>
    </p>
   </div>
   <div class='ocr_carea' id='block_1_95' title="bbox 1110 1860 1897 1899">
    <p class='ocr_par' dir='ltr' id='par_1_95' title="bbox 1110 1860 1897 1899">
     <span class='ocr_line' id='line_1_95' title="bbox 1110 1860 1897 1899; baseline 0.005 -13"><span class='ocrx_word' id='word_1_600' title='bbox 1110 1861 1178 1895; x_wconf 71' lang='lat' dir='ltr'><strong>tiﬁce</strong></span> <span class='ocrx_word' id='word_1_601' title='bbox 1195 1862 1270 1888; x_wconf 68' lang='lat' dir='ltr'><strong>missi</strong></span> <span class='ocrx_word' id='word_1_602' title='bbox 1281 1860 1400 1896; x_wconf 73' lang='lat' dir='ltr'><strong>Gregorii</strong></span> <span class='ocrx_word' id='word_1_603' title='bbox 1413 1861 1537 1889; x_wconf 76' lang='lat' dir='ltr'><strong>adventui</strong></span> <span class='ocrx_word' id='word_1_604' title='bbox 1550 1868 1736 1890; x_wconf 73' lang='lat' dir='ltr'><strong>antorertentes</strong></span> <span class='ocrx_word' id='word_1_605' title='bbox 1748 1865 1897 1899; x_wconf 74' lang='lat' dir='ltr'><strong>pontiﬁcem</strong></span> 
     </span>
    </p>
   </div>
   <div class='ocr_carea' id='block_1_96' title="bbox 1109 1906 1900 1942">
    <p class='ocr_par' dir='ltr' id='par_1_96' title="bbox 1109 1906 1900 1942">
     <span class='ocr_line' id='line_1_96' title="bbox 1109 1906 1900 1942; baseline 0.004 -10"><span class='ocrx_word' id='word_1_606' title='bbox 1109 1906 1194 1939; x_wconf 80' lang='lat' dir='ltr'><strong>ipsum</strong></span> <span class='ocrx_word' id='word_1_607' title='bbox 1216 1906 1370 1937; x_wconf 74' lang='lat' dir='ltr'><strong>docuerant,</strong></span> <span class='ocrx_word' id='word_1_608' title='bbox 1386 1906 1505 1941; x_wconf 71' lang='lat' dir='ltr'><strong>Gregorii</strong></span> <span class='ocrx_word' id='word_1_609' title='bbox 1520 1907 1616 1934; x_wconf 79' lang='lat' dir='ltr'><strong>virtute</strong></span> <span class='ocrx_word' id='word_1_610' title='bbox 1638 1917 1669 1934; x_wconf 85' lang='lat' dir='ltr'><strong>ac</strong></span> <span class='ocrx_word' id='word_1_611' title='bbox 1690 1910 1821 1942; x_wconf 72' lang='lat' dir='ltr'><strong>sapientia</strong></span> <span class='ocrx_word' id='word_1_612' title='bbox 1846 1911 1900 1935; x_wconf 70' lang='lat' dir='ltr'><strong>Iur-</strong></span> 
     </span>
    </p>
   </div>
   <div class='ocr_carea' id='block_1_97' title="bbox 1110 1952 1900 1987">
    <p class='ocr_par' dir='ltr' id='par_1_97' title="bbox 1110 1952 1900 1987">
     <span class='ocr_line' id='line_1_97' title="bbox 1110 1952 1900 1987; baseline 0.005 -11"><span class='ocrx_word' id='word_1_613' title='bbox 1110 1952 1249 1977; x_wconf 77' lang='lat' dir='ltr'><strong>retieorunt</strong></span> <span class='ocrx_word' id='word_1_614' title='bbox 1267 1952 1409 1977; x_wconf 77' lang='lat' dir='ltr'><strong>audaciam</strong></span> <span class='ocrx_word' id='word_1_615' title='bbox 1433 1952 1659 1987; x_wconf 79' lang='lat' dir='ltr'><strong>petulantiamqne</strong></span> <span class='ocrx_word' id='word_1_616' title='bbox 1678 1962 1834 1986; x_wconf 65' lang='lat' dir='ltr'><strong>repressam.</strong></span> <span class='ocrx_word' id='word_1_617' title='bbox 1853 1954 1900 1980; x_wconf 85' lang='lat' dir='ltr'><strong>In-</strong></span> 
     </span>
    </p>
   </div>
   <div class='ocr_carea' id='block_1_98' title="bbox 1111 1996 1901 2033">
    <p class='ocr_par' dir='ltr' id='par_1_98' title="bbox 1111 1996 1901 2033">
     <span class='ocr_line' id='line_1_98' title="bbox 1111 1996 1901 2033; baseline 0.005 -12"><span class='ocrx_word' id='word_1_618' title='bbox 1111 2000 1179 2023; x_wconf 80' lang='lat' dir='ltr'><strong>terea</strong></span> <span class='ocrx_word' id='word_1_619' title='bbox 1194 1996 1256 2022; x_wconf 87' lang='lat' dir='ltr'><strong>dum</strong></span> <span class='ocrx_word' id='word_1_620' title='bbox 1273 1996 1362 2022; x_wconf 75' lang='lat' dir='ltr'><strong>Roma:</strong></span> <span class='ocrx_word' id='word_1_621' title='bbox 1377 1997 1446 2031; x_wconf 80' lang='lat' dir='ltr'><strong>degit</strong></span> <span class='ocrx_word' id='word_1_622' title='bbox 1478 1996 1630 2032; x_wconf 69' lang='lat' dir='ltr'><strong>Gregorius,</strong></span> <span class='ocrx_word' id='word_1_623' title='bbox 1655 1999 1723 2024; x_wconf 78' lang='lat' dir='ltr'><strong>diem</strong></span> <span class='ocrx_word' id='word_1_624' title='bbox 1749 1999 1803 2024; x_wconf 85' lang='lat' dir='ltr'><strong>obit</strong></span> <span class='ocrx_word' id='word_1_625' title='bbox 1825 2000 1901 2033; x_wconf 72' lang='lat' dir='ltr'><strong>Agri-</strong></span> 
     </span>
    </p>
   </div>
   <div class='ocr_carea' id='block_1_99' title="bbox 1108 2040 1899 2078">
    <p class='ocr_par' dir='ltr' id='par_1_99' title="bbox 1108 2040 1899 2078">
     <span class='ocr_line' id='line_1_99' title="bbox 1108 2040 1899 2078; baseline 0.005 -11"><span class='ocrx_word' id='word_1_626' title='bbox 1108 2041 1229 2076; x_wconf 67' lang='lat' dir='ltr'><strong>gentinus</strong></span> <span class='ocrx_word' id='word_1_627' title='bbox 1261 2042 1396 2075; x_wconf 79' lang='lat' dir='ltr'><strong>episcopus</strong></span> <span class='ocrx_word' id='word_1_628' title='bbox 1427 2040 1609 2076; x_wconf 85' lang='lat' dir='ltr'><strong>(Theodorus)</strong></span> <span class='ocrx_word' id='word_1_629' title='bbox 1649 2052 1796 2078; x_wconf 78' lang='lat' dir='ltr'><strong>magnaque</strong></span> <span class='ocrx_word' id='word_1_630' title='bbox 1835 2045 1899 2071; x_wconf 75' lang='lat' dir='ltr'><strong>adeo</strong></span> 
     </span>
    </p>
   </div>
   <div class='ocr_carea' id='block_1_100' title="bbox 1108 2087 1896 2123">
    <p class='ocr_par' dir='ltr' id='par_1_100' title="bbox 1108 2087 1896 2123">
     <span class='ocr_line' id='line_1_100' title="bbox 1108 2087 1896 2123; baseline 0.005 -11"><span class='ocrx_word' id='word_1_631' title='bbox 1108 2087 1245 2121; x_wconf 77' lang='lat' dir='ltr'><strong>Agrigenti</strong></span> <span class='ocrx_word' id='word_1_632' title='bbox 1259 2087 1352 2112; x_wconf 76' lang='lat' dir='ltr'><strong>seditio</strong></span> <span class='ocrx_word' id='word_1_633' title='bbox 1363 2093 1464 2119; x_wconf 74' lang='lat' dir='ltr'><strong>roortu,</strong></span> <span class='ocrx_word' id='word_1_634' title='bbox 1483 2087 1573 2114; x_wconf 78' lang='lat' dir='ltr'><strong>turbas</strong></span> <span class='ocrx_word' id='word_1_635' title='bbox 1592 2089 1710 2122; x_wconf 77' lang='lat' dir='ltr'><strong>agitante</strong></span> <span class='ocrx_word' id='word_1_636' title='bbox 1724 2090 1820 2123; x_wconf 44' lang='lat' dir='ltr'><strong>populo</strong></span> <span class='ocrx_word' id='word_1_637' title='bbox 1832 2098 1841 2116; x_wconf 94' lang='lat'><em>:</em></span> <span class='ocrx_word' id='word_1_638' title='bbox 1859 2096 1896 2116; x_wconf 46' lang='lat' dir='ltr'><strong>at.</strong></span> 
     </span>
    </p>
   </div>
   <div class='ocr_carea' id='block_1_101' title="bbox 1108 2131 1901 2168">
    <p class='ocr_par' dir='ltr' id='par_1_101' title="bbox 1108 2131 1901 2168">
     <span class='ocr_line' id='line_1_101' title="bbox 1108 2131 1901 2168; baseline 0.008 -10"><span class='ocrx_word' id='word_1_639' title='bbox 1108 2141 1156 2167; x_wconf 82' lang='lat' dir='ltr'><strong>que</strong></span> <span class='ocrx_word' id='word_1_640' title='bbox 1174 2133 1200 2158; x_wconf 86' lang='lat' dir='ltr'><strong>hi</strong></span> <span class='ocrx_word' id='word_1_641' title='bbox 1213 2133 1315 2166; x_wconf 78' lang='lat' dir='ltr'><strong>quidem</strong></span> <span class='ocrx_word' id='word_1_642' title='bbox 1325 2131 1451 2159; x_wconf 82' lang='lat' dir='ltr'><strong>Sabinum</strong></span> <span class='ocrx_word' id='word_1_643' title='bbox 1471 2134 1759 2168; x_wconf 71' lang='lat' dir='ltr'><strong>presbyterum,contra</strong></span> <span class='ocrx_word' id='word_1_644' title='bbox 1771 2136 1811 2162; x_wconf 84' lang='lat' dir='ltr'><strong>illi</strong></span> <span class='ocrx_word' id='word_1_645' title='bbox 1823 2137 1901 2164; x_wconf 68' lang='lat' dir='ltr'><strong>Cres—</strong></span> 
     </span>
    </p>
   </div>
   <div class='ocr_carea' id='block_1_102' title="bbox 1109 2179 1901 2220">
    <p class='ocr_par' dir='ltr' id='par_1_102' title="bbox 1109 2179 1901 2220">
     <span class='ocr_line' id='line_1_102' title="bbox 1109 2179 1901 2220; baseline 0.006 -16"><span class='ocrx_word' id='word_1_646' title='bbox 1109 2183 1205 2205; x_wconf 75' lang='lat' dir='ltr'><strong>centem</strong></span> <span class='ocrx_word' id='word_1_647' title='bbox 1215 2180 1352 2206; x_wconf 80' lang='lat' dir='ltr'><strong>diut‘outtttt</strong></span> <span class='ocrx_word' id='word_1_648' title='bbox 1361 2180 1499 2215; x_wconf 81' lang='lat' dir='ltr'><strong>eligrlmnt.</strong></span> <span class='ocrx_word' id='word_1_649' title='bbox 1512 2179 1616 2207; x_wconf 68' lang='lat' dir='ltr'><strong>Interea</strong></span> <span class='ocrx_word' id='word_1_650' title='bbox 1627 2181 1719 2208; x_wconf 69' lang='lat' dir='ltr'><strong>delecti</strong></span> <span class='ocrx_word' id='word_1_651' title='bbox 1730 2190 1762 2208; x_wconf 73' lang='lat' dir='ltr'><strong>ea:</strong></span> <span class='ocrx_word' id='word_1_652' title='bbox 1773 2182 1901 2220; x_wconf 75' lang='lat' dir='ltr'><strong>Agrigen-</strong></span> 
     </span>
    </p>
   </div>
   <div class='ocr_carea' id='block_1_103' title="bbox 1075 2222 1900 2262">
    <p class='ocr_par' dir='ltr' id='par_1_103' title="bbox 1075 2222 1900 2262">
     <span class='ocr_line' id='line_1_103' title="bbox 1075 2222 1900 2262; baseline 0.007 -13"><span class='ocrx_word' id='word_1_653' title='bbox 1075 2222 1094 2249; x_wconf 88' lang='lat' dir='ltr'><strong>D</strong></span> <span class='ocrx_word' id='word_1_654' title='bbox 1110 2225 1165 2252; x_wconf 79' lang='lat' dir='ltr'><strong>tina</strong></span> <span class='ocrx_word' id='word_1_655' title='bbox 1182 2224 1309 2257; x_wconf 69' lang='lat' dir='ltr'><strong>Eur/esid,</strong></span> <span class='ocrx_word' id='word_1_656' title='bbox 1325 2231 1400 2260; x_wconf 77' lang='lat' dir='ltr'><strong>atque</strong></span> <span class='ocrx_word' id='word_1_657' title='bbox 1418 2233 1448 2252; x_wconf 66' lang='lat' dir='ltr'><strong>at</strong></span> <span class='ocrx_word' id='word_1_658' title='bbox 1459 2227 1579 2260; x_wconf 72' lang='lat' dir='ltr'><strong>ﬁnitimis</strong></span> <span class='ocrx_word' id='word_1_659' title='bbox 1591 2228 1720 2262; x_wconf 80' lang='lat' dir='ltr'><strong>primores</strong></span> <span class='ocrx_word' id='word_1_660' title='bbox 1736 2229 1900 2255; x_wconf 70' lang='lat' dir='ltr'><strong>maritimum</strong></span> 
     </span>
    </p>
   </div>
   <div class='ocr_carea' id='block_1_104' title="bbox 1110 2271 1902 2309">
    <p class='ocr_par' dir='ltr' id='par_1_104' title="bbox 1110 2271 1902 2309">
     <span class='ocr_line' id='line_1_104' title="bbox 1110 2271 1902 2309; baseline 0.006 -13"><span class='ocrx_word' id='word_1_661' title='bbox 1110 2271 1159 2297; x_wconf 72' lang='lat' dir='ltr'><strong>iter</strong></span> <span class='ocrx_word' id='word_1_662' title='bbox 1176 2272 1287 2305; x_wconf 70' lang='lat' dir='ltr'><strong>ingrmi</strong></span> <span class='ocrx_word' id='word_1_663' title='bbox 1304 2271 1412 2298; x_wconf 79' lang='lat' dir='ltr'><strong>Romam</strong></span> <span class='ocrx_word' id='word_1_664' title='bbox 1425 2273 1581 2306; x_wconf 80' lang='lat' dir='ltr'><strong>trajiciunt,</strong></span> <span class='ocrx_word' id='word_1_665' title='bbox 1597 2273 1731 2307; x_wconf 70' lang='lat' dir='ltr'><strong>postulant</strong></span> <span class='ocrx_word' id='word_1_666' title='bbox 1753 2276 1902 2309; x_wconf 65' lang='lat' dir='ltr'><strong>aponliﬁt‘e</strong></span> 
     </span>
    </p>
   </div>
   <div class='ocr_carea' id='block_1_105' title="bbox 1109 2317 1901 2354">
    <p class='ocr_par' dir='ltr' id='par_1_105' title="bbox 1109 2317 1901 2354">
     <span class='ocr_line' id='line_1_105' title="bbox 1109 2317 1901 2354; baseline 0.005 -11"><span class='ocrx_word' id='word_1_667' title='bbox 1109 2317 1159 2343; x_wconf 74' lang='lat' dir='ltr'><strong>sibi</strong></span> <span class='ocrx_word' id='word_1_668' title='bbox 1175 2319 1323 2352; x_wconf 72' lang='lat' dir='ltr'><strong>episcopatu</strong></span> <span class='ocrx_word' id='word_1_669' title='bbox 1339 2318 1434 2344; x_wconf 81' lang='lat' dir='ltr'><strong>creari.</strong></span> <span class='ocrx_word' id='word_1_670' title='bbox 1455 2317 1540 2346; x_wconf 89' lang='lat' dir='ltr'><strong>Porro</strong></span> <span class='ocrx_word' id='word_1_671' title='bbox 1559 2318 1677 2353; x_wconf 76' lang='lat' dir='ltr'><strong>Agatho,</strong></span> <span class='ocrx_word' id='word_1_672' title='bbox 1698 2328 1753 2354; x_wconf 85' lang='lat' dir='ltr'><strong>quo</strong></span> <span class='ocrx_word' id='word_1_673' title='bbox 1774 2322 1901 2354; x_wconf 70' lang='lat' dir='ltr'><strong>pontifice.</strong></span> 
     </span>
    </p>
   </div>
   <div class='ocr_carea' id='block_1_106' title="bbox 1110 2363 1901 2399">
    <p class='ocr_par' dir='ltr' id='par_1_106' title="bbox 1110 2363 1901 2399">
     <span class='ocr_line' id='line_1_106' title="bbox 1110 2363 1901 2399; baseline 0.004 -11"><span class='ocrx_word' id='word_1_674' title='bbox 1110 2371 1167 2389; x_wconf 78' lang='lat' dir='ltr'><strong>con.</strong></span> <span class='ocrx_word' id='word_1_675' title='bbox 1178 2363 1444 2397; x_wconf 80' lang='lat' dir='ltr'><strong>taConstanlinopoli</strong></span> <span class='ocrx_word' id='word_1_676' title='bbox 1460 2364 1579 2399; x_wconf 71' lang='lat' dir='ltr'><strong>synodus</strong></span> <span class='ocrx_word' id='word_1_677' title='bbox 1595 2366 1776 2397; x_wconf 81' lang='lat' dir='ltr'><strong>oecumenica,</strong></span> <span class='ocrx_word' id='word_1_678' title='bbox 1795 2367 1861 2393; x_wconf 79' lang='lat' dir='ltr'><strong>obiit</strong></span> <span class='ocrx_word' id='word_1_679' title='bbox 1875 2374 1901 2393; x_wconf 81' lang='lat' dir='ltr'><strong>tv</strong></span> 
     </span>
    </p>
   </div>
   <div class='ocr_carea' id='block_1_107' title="bbox 1111 2408 1903 2446">
    <p class='ocr_par' dir='ltr' id='par_1_107' title="bbox 1111 2408 1903 2446">
     <span class='ocr_line' id='line_1_107' title="bbox 1111 2408 1903 2446; baseline 0.005 -11"><span class='ocrx_word' id='word_1_680' title='bbox 1111 2409 1172 2436; x_wconf 73' lang='lat' dir='ltr'><strong>ldus</strong></span> <span class='ocrx_word' id='word_1_681' title='bbox 1184 2408 1327 2437; x_wconf 69' lang='lat' dir='ltr'><strong>ianuarias</strong></span> <span class='ocrx_word' id='word_1_682' title='bbox 1337 2410 1400 2436; x_wconf 90' lang='lat' dir='ltr'><strong>anni</strong></span> <span class='ocrx_word' id='word_1_683' title='bbox 1412 2409 1472 2440; x_wconf 84' lang='lat'><strong>68&#39;2,</strong></span> <span class='ocrx_word' id='word_1_684' title='bbox 1485 2417 1600 2444; x_wconf 85' lang='lat' dir='ltr'><strong>eumque</strong></span> <span class='ocrx_word' id='word_1_685' title='bbox 1610 2416 1732 2438; x_wconf 88' lang='lat' dir='ltr'><strong>secutum</strong></span> <span class='ocrx_word' id='word_1_686' title='bbox 1740 2412 1903 2446; x_wconf 77' lang='lat' dir='ltr'><strong>intcrponti—</strong></span> 
     </span>
    </p>
   </div>
   <div class='ocr_carea' id='block_1_108' title="bbox 1112 2455 1900 2490">
    <p class='ocr_par' dir='ltr' id='par_1_108' title="bbox 1112 2455 1900 2490">
     <span class='ocr_line' id='line_1_108' title="bbox 1112 2455 1900 2490; baseline 0.005 -9"><span class='ocrx_word' id='word_1_687' title='bbox 1112 2455 1200 2481; x_wconf 71' lang='lat' dir='ltr'><strong>ﬁcium</strong></span> <span class='ocrx_word' id='word_1_688' title='bbox 1227 2455 1290 2482; x_wconf 89' lang='lat' dir='ltr'><strong>attni</strong></span> <span class='ocrx_word' id='word_1_689' title='bbox 1322 2455 1402 2482; x_wconf 90' lang='lat' dir='ltr'><strong>unius</strong></span> <span class='ocrx_word' id='word_1_690' title='bbox 1428 2456 1562 2482; x_wconf 85' lang='lat' dir='ltr'><strong>mensium</strong></span> <span class='ocrx_word' id='word_1_691' title='bbox 1591 2455 1606 2480; x_wconf 88' lang='lat'><strong>7</strong></span> <span class='ocrx_word' id='word_1_692' title='bbox 1631 2456 1734 2482; x_wconf 85' lang='lat' dir='ltr'><strong>dierum</strong></span> <span class='ocrx_word' id='word_1_693' title='bbox 1793 2458 1900 2490; x_wconf 74' lang='lat' dir='ltr'><strong>(Anast.</strong></span> 
     </span>
    </p>
   </div>
   <div class='ocr_carea' id='block_1_109' title="bbox 1111 2500 1901 2537">
    <p class='ocr_par' dir='ltr' id='par_1_109' title="bbox 1111 2500 1901 2537">
     <span class='ocr_line' id='line_1_109' title="bbox 1111 2500 1901 2537; baseline 0.004 -11"><span class='ocrx_word' id='word_1_694' title='bbox 1111 2500 1238 2527; x_wconf 81' lang='lat' dir='ltr'><strong>Bibliotb.</strong></span> <span class='ocrx_word' id='word_1_695' title='bbox 1265 2501 1291 2526; x_wconf 89' lang='lat' dir='ltr'><strong>in</strong></span> <span class='ocrx_word' id='word_1_696' title='bbox 1322 2500 1444 2535; x_wconf 77' lang='lat' dir='ltr'><strong>Agath.).</strong></span> <span class='ocrx_word' id='word_1_697' title='bbox 1472 2501 1538 2527; x_wconf 84' lang='lat' dir='ltr'><strong>Cum</strong></span> <span class='ocrx_word' id='word_1_698' title='bbox 1563 2509 1627 2528; x_wconf 87' lang='lat' dir='ltr'><strong>vero</strong></span> <span class='ocrx_word' id='word_1_699' title='bbox 1647 2501 1793 2537; x_wconf 66' lang='lat' dir='ltr'><strong>Gregorius</strong></span> <span class='ocrx_word' id='word_1_700' title='bbox 1820 2504 1901 2530; x_wconf 88' lang='lat' dir='ltr'><strong>simul</strong></span> 
     </span>
    </p>
   </div>
   <div class='ocr_carea' id='block_1_110' title="bbox 1111 2546 1900 2581">
    <p class='ocr_par' dir='ltr' id='par_1_110' title="bbox 1111 2546 1900 2581">
     <span class='ocr_line' id='line_1_110' title="bbox 1111 2546 1900 2581; baseline 0.001 -8"><span class='ocrx_word' id='word_1_701' title='bbox 1111 2555 1142 2573; x_wconf 82' lang='lat' dir='ltr'><strong>ac</strong></span> <span class='ocrx_word' id='word_1_702' title='bbox 1158 2546 1250 2573; x_wconf 71' lang='lat' dir='ltr'><strong>liotnze</strong></span> <span class='ocrx_word' id='word_1_703' title='bbox 1263 2546 1499 2581; x_wconf 62' lang='lat' dir='ltr'><strong>.‘lgrigentinorum</strong></span> <span class='ocrx_word' id='word_1_704' title='bbox 1518 2546 1660 2580; x_wconf 69' lang='lat' dir='ltr'><strong>cpiscopus</strong></span> <span class='ocrx_word' id='word_1_705' title='bbox 1682 2547 1779 2579; x_wconf 84' lang='lat' dir='ltr'><strong>audiit,</strong></span> <span class='ocrx_word' id='word_1_706' title='bbox 1805 2548 1856 2574; x_wconf 81' lang='lat' dir='ltr'><strong>iter</strong></span> <span class='ocrx_word' id='word_1_707' title='bbox 1874 2550 1900 2574; x_wconf 92' lang='lat' dir='ltr'><strong>in</strong></span> 
     </span>
    </p>
   </div>
   <div class='ocr_carea' id='block_1_111' title="bbox 1112 2589 1901 2625">
    <p class='ocr_par' dir='ltr' id='par_1_111' title="bbox 1112 2589 1901 2625">
     <span class='ocr_line' id='line_1_111' title="bbox 1112 2589 1901 2625; baseline 0.003 -9"><span class='ocrx_word' id='word_1_708' title='bbox 1112 2591 1258 2617; x_wconf 66' lang='lat' dir='ltr'><strong>licuit-siam</strong></span> <span class='ocrx_word' id='word_1_709' title='bbox 1281 2599 1356 2617; x_wconf 83' lang='lat' dir='ltr'><strong>suam</strong></span> <span class='ocrx_word' id='word_1_710' title='bbox 1373 2591 1536 2624; x_wconf 62' lang='lat' dir='ltr'><strong>suscepisset</strong></span> <span class='ocrx_word' id='word_1_711' title='bbox 1555 2598 1619 2616; x_wconf 72' lang='grc' dir='ltr'>λγιιι</span> <span class='ocrx_word' id='word_1_712' title='bbox 1640 2589 1698 2616; x_wconf 75' lang='lat' dir='ltr'><strong>Kal.</strong></span> <span class='ocrx_word' id='word_1_713' title='bbox 1716 2590 1901 2625; x_wconf 67' lang='lat' dir='ltr'><strong>Septembres,</strong></span> 
     </span>
    </p>
   </div>
   <div class='ocr_carea' id='block_1_112' title="bbox 1111 2636 1902 2670">
    <p class='ocr_par' dir='ltr' id='par_1_112' title="bbox 1111 2636 1902 2670">
     <span class='ocr_line' id='line_1_112' title="bbox 1111 2636 1902 2670; baseline 0.001 -7"><span class='ocrx_word' id='word_1_714' title='bbox 1111 2638 1203 2670; x_wconf 88' lang='lat' dir='ltr'><strong>conﬁt,</strong></span> <span class='ocrx_word' id='word_1_715' title='bbox 1217 2637 1325 2663; x_wconf 81' lang='lat' dir='ltr'><strong>nonnisi</strong></span> <span class='ocrx_word' id='word_1_716' title='bbox 1346 2644 1417 2663; x_wconf 89' lang='lat' dir='ltr'><strong>anno</strong></span> <span class='ocrx_word' id='word_1_717' title='bbox 1433 2636 1480 2661; x_wconf 79' lang='lat' dir='ltr'><strong>b8]</strong></span> <span class='ocrx_word' id='word_1_718' title='bbox 1500 2637 1683 2670; x_wconf 73' lang='lat' dir='ltr'><strong>episcopatum</strong></span> <span class='ocrx_word' id='word_1_719' title='bbox 1696 2637 1788 2664; x_wconf 81' lang='lat' dir='ltr'><strong>iniisse</strong></span> <span class='ocrx_word' id='word_1_720' title='bbox 1802 2646 1810 2669; x_wconf 69' lang='grc' dir='ltr'><strong>ς</strong></span> <span class='ocrx_word' id='word_1_721' title='bbox 1827 2638 1902 2664; x_wconf 43' lang='lat' dir='ltr'><strong>inde</strong></span> 
     </span>
    </p>
   </div>
   <div class='ocr_carea' id='block_1_113' title="bbox 1111 2681 1901 2717">
    <p class='ocr_par' dir='ltr' id='par_1_113' title="bbox 1111 2681 1901 2717">
     <span class='ocr_line' id='line_1_113' title="bbox 1111 2681 1901 2717; baseline 0 -8"><span class='ocrx_word' id='word_1_722' title='bbox 1111 2691 1163 2717; x_wconf 82' lang='lat' dir='ltr'><strong>que</strong></span> <span class='ocrx_word' id='word_1_723' title='bbox 1193 2683 1341 2709; x_wconf 77' lang='lat' dir='ltr'><strong>numeratis</strong></span> <span class='ocrx_word' id='word_1_724' title='bbox 1371 2686 1442 2708; x_wconf 79' lang='lat' dir='ltr'><strong>rt‘tro</strong></span> <span class='ocrx_word' id='word_1_725' title='bbox 1469 2682 1548 2707; x_wconf 84' lang='lat' dir='ltr'><strong>annis</strong></span> <span class='ocrx_word' id='word_1_726' title='bbox 1576 2681 1607 2708; x_wconf 80' lang='lat' dir='ltr'><strong>l5</strong></span> <span class='ocrx_word' id='word_1_727' title='bbox 1628 2687 1656 2708; x_wconf 88' lang='lat' dir='ltr'><strong>ut</strong></span> <span class='ocrx_word' id='word_1_728' title='bbox 1681 2682 1782 2716; x_wconf 75' lang='lat' dir='ltr'><strong>(‘pmha</strong></span> <span class='ocrx_word' id='word_1_729' title='bbox 1804 2683 1901 2717; x_wconf 72' lang='lat' dir='ltr'><strong>ligatur</strong></span> 
     </span>
    </p>
   </div>
   <div class='ocr_carea' id='block_1_114' title="bbox 1111 2727 1900 2762">
    <p class='ocr_par' dir='ltr' id='par_1_114' title="bbox 1111 2727 1900 2762">
     <span class='ocr_line' id='line_1_114' title="bbox 1111 2727 1900 2762; baseline 0 -7"><span class='ocrx_word' id='word_1_730' title='bbox 1111 2727 1290 2762; x_wconf 68' lang='lat' dir='ltr'><strong>Gregorirugii</strong></span> <span class='ocrx_word' id='word_1_731' title='bbox 1305 2735 1319 2754; x_wconf 88' lang='lat' dir='ltr'><strong>c</strong></span> <span class='ocrx_word' id='word_1_732' title='bbox 1336 2727 1431 2762; x_wconf 85' lang='lat' dir='ltr'><strong>patria,</strong></span> <span class='ocrx_word' id='word_1_733' title='bbox 1455 2727 1487 2753; x_wconf 88' lang='lat' dir='ltr'><strong>ad</strong></span> <span class='ocrx_word' id='word_1_734' title='bbox 1506 2735 1605 2753; x_wconf 80' lang='lat' dir='ltr'><strong>annum</strong></span> <span class='ocrx_word' id='word_1_735' title='bbox 1623 2728 1814 2762; x_wconf 78' lang='lat' dir='ltr'><strong>perveniemus</strong></span> <span class='ocrx_word' id='word_1_736' title='bbox 1836 2729 1900 2759; x_wconf 79' lang='lat'><strong>(369.</strong></span> 
     </span>
    </p>
   </div>
   <div class='ocr_carea' id='block_1_115' title="bbox 1110 2772 1902 2806">
    <p class='ocr_par' dir='ltr' id='par_1_115' title="bbox 1110 2772 1902 2806">
     <span class='ocr_line' id='line_1_115' title="bbox 1110 2772 1902 2806; baseline 0 -7"><span class='ocrx_word' id='word_1_737' title='bbox 1110 2773 1268 2803; x_wconf 83' lang='lat' dir='ltr'><strong>Caictantts,</strong></span> <span class='ocrx_word' id='word_1_738' title='bbox 1283 2773 1348 2799; x_wconf 83' lang='lat' dir='ltr'><strong>nihil</strong></span> <span class='ocrx_word' id='word_1_739' title='bbox 1365 2773 1439 2806; x_wconf 79' lang='lat' dir='ltr'><strong>pensi</strong></span> <span class='ocrx_word' id='word_1_740' title='bbox 1463 2773 1575 2803; x_wconf 76' lang='lat' dir='ltr'><strong>habens,</strong></span> <span class='ocrx_word' id='word_1_741' title='bbox 1593 2772 1676 2806; x_wconf 80' lang='lat' dir='ltr'><strong>quod,</strong></span> <span class='ocrx_word' id='word_1_742' title='bbox 1696 2781 1750 2806; x_wconf 88' lang='lat' dir='ltr'><strong>quo</strong></span> <span class='ocrx_word' id='word_1_743' title='bbox 1773 2773 1902 2806; x_wconf 73' lang='lat' dir='ltr'><strong>pontiﬁce</strong></span> 
     </span>
    </p>
   </div>
   <div class='ocr_carea' id='block_1_116' title="bbox 1111 2818 1900 2853">
    <p class='ocr_par' dir='ltr' id='par_1_116' title="bbox 1111 2818 1900 2853">
     <span class='ocr_line' id='line_1_116' title="bbox 1111 2818 1900 2853; baseline -0.001 -8"><span class='ocrx_word' id='word_1_744' title='bbox 1111 2819 1192 2846; x_wconf 75' lang='lat' dir='ltr'><strong>cuivit</strong></span> <span class='ocrx_word' id='word_1_745' title='bbox 1209 2819 1440 2853; x_wconf 74' lang='lat' dir='ltr'><strong>Constantinopoli</strong></span> <span class='ocrx_word' id='word_1_746' title='bbox 1460 2827 1554 2853; x_wconf 74' lang='lat' dir='ltr'><strong>magna</strong></span> <span class='ocrx_word' id='word_1_747' title='bbox 1573 2818 1702 2852; x_wconf 66' lang='lat' dir='ltr'><strong>synodus,</strong></span> <span class='ocrx_word' id='word_1_748' title='bbox 1719 2819 1814 2844; x_wconf 78' lang='lat' dir='ltr'><strong>eodem</strong></span> <span class='ocrx_word' id='word_1_749' title='bbox 1834 2818 1900 2845; x_wconf 69' lang='lat' dir='ltr'><strong>Gre-</strong></span> 
     </span>
    </p>
   </div>
   <div class='ocr_carea' id='block_1_117' title="bbox 1112 2866 1899 2899">
    <p class='ocr_par' dir='ltr' id='par_1_117' title="bbox 1112 2866 1899 2899">
     <span class='ocr_line' id='line_1_117' title="bbox 1112 2866 1899 2899; baseline 0.001 -10"><span class='ocrx_word' id='word_1_750' title='bbox 1112 2866 1203 2899; x_wconf 64' lang='lat' dir='ltr'><strong>gorius</strong></span> <span class='ocrx_word' id='word_1_751' title='bbox 1233 2866 1369 2899; x_wconf 56' lang='lat' dir='ltr'><strong>Agrigenti</strong></span> <span class='ocrx_word' id='word_1_752' title='bbox 1393 2874 1470 2893; x_wconf 73' lang='lat' dir='ltr'><strong>orum</strong></span> <span class='ocrx_word' id='word_1_753' title='bbox 1491 2866 1578 2892; x_wconf 65' lang='lat' dir='ltr'><strong>dit-tus</strong></span> <span class='ocrx_word' id='word_1_754' title='bbox 1599 2866 1755 2899; x_wconf 53' lang='lat' dir='ltr'><strong>«piwonus.</strong></span> <span class='ocrx_word' id='word_1_755' title='bbox 1774 2871 1899 2891; x_wconf 43' lang='lat' dir='ltr'><strong>ert-ataui</strong></span> 
     </span>
    </p>
   </div>
  </div>
