2041 3159
163 182 232 218 1197

830 183 1093 215 DISSERTATIO.

1719 180 1790 214 1198

156 238 234 266 illum
260 237 419 272 episcopum
447 237 570 273 perhibet
585 246 599 265 a
615 237 733 273 Pelagio,
751 238 796 273 qui
817 239 950 266 successit
963 242 987 269 Α
1030 224 1110 263 XVII.
1126 235 1210 263 Venio
1222 243 1294 263 nune
1307 235 1341 263 ad
1350 235 1490 263 Paschalis
1501 234 1698 268 characterem,
1709 243 1791 272 atque

155 284 267 319 Vigilio,
285 285 337 312 sub
356 291 412 320 quo
427 284 549 320 synodus
561 293 578 311 v
602 285 769 312 meumenica
794 284 952 313 Constanti-

149 329 249 365 'nopoli
264 337 395 366 peracta:
417 331 579 359 ut‘interim
610 332 746 366 omittam,
774 332 845 368 quod
875 331 950 359 illum

156 377 257 413 Vigilio
280 378 425 406 suﬂ‘ectum
453 377 537 405 edicit
562 385 635 405 anno
661 378 733 411 555,
764 386 826 406 cum
856 386 952 412 reapse

157 425 258 452 factum
284 425 376 452 isthuc
402 432 475 452 anno
496 425 558 456 558,
583 425 654 460 quod
684 430 762 452 antea
779 425 951 452 demonstra-

158 470 267 504 vimus;
296 470 343 497 sed
376 470 429 498 hoc
458 470 486 497 in
507 470 567 497 loco
590 470 668 497 venia
686 471 785 505 dignus
805 470 951 504 Caietanps

159 516 285 548 Baronio,
302 515 417 551 aliisque
443 516 589 550 ascriptus,
617 517 663 551 qui
689 516 828 544 funebrem
859 515 950 552 Vigilii

156 570 260 590 annum
275 562 386 589 voluere
399 561 501 589 Christi
517 561 712 597 Dionysianum
724 561 788 589 555.

191 606 264 635 XVI.
283 606 362 634 Nune
377 614 410 634 an
432 606 661 642 Chronologismo
682 612 778 634 nostro
795 607 880 634 ullum
910 607 951 634 fa—

156 658 247 681 cessat
276 653 415 687 negotium
441 652 548 680 Leontii
576 654 801 687 commentarius,
817 654 950 688 quemad-

157 700 270 727 modum
282 699 413 726 Caietano
429 699 579 734 contigisse
593 700 722 733 vidimus,
734 708 768 728 an
779 708 843 728 vero
859 701 950 728 omnia

158 745 185 772 in
199 745 245 771 illo
259 747 355 771 exacta
375 744 409 771 ad
426 743 584 772 Leontiante
596 745 716 773 historiae
729 753 865 778 normam,
883 753 950 773 con—

157 791 344 818 siderandum.
360 789 494 824 Pritnum,
512 790 585 825 quod
604 791 735 819 Caietano
759 793 949 826 opposuimus,

158 836 269 864 Macarii
293 836 345 863 fuit
366 836 629 872 Hierosolymitanus
647 838 829 872 episcopatus,
850 838 895 872 qui
923 838 949 864 in

157 890 205 910 eos
220 889 275 909 non
292 882 434 923 concurrit
456 889 553 914 annos,
578 890 647 917 quos
672 883 818 910 Caietanus
839 883 949 918 degissc

158 927 355 963 Hierosolymis
367 919 445 956 ratus
457 915 629 964 Gregorium.
645 928 729 963 Atqui
745 928 839 955 Cauou
858 915 951 955 uoster
966 915 988 944 Β

158 974 194 1002 ab
205 974 256 1001 hac
275 973 402 1001 molestia
424 974 502 1002 liber.
525 975 566 1001 Ah
582 982 655 1001 anno
672 973 774 1001 Christi
790 974 852 1007 656,
867 974 951 1001 Hera-

160 1019 204 1048 cIii
222 1020 294 1054 Aug.
324 1019 370 1052 26,
393 1028 460 1055 quo,
476 1020 642 1054 Theophane
667 1024 745 1051 teste,
764 1020 847 1046 vitam
876 1020 957 1047 exuit'

159 1066 332 1101 Sophronius
349 1066 410 1101 ejus
436 1066 567 1094 Ecclesia:
596 1066 762 1100 patriarcha,
789 1066 821 1093 ad
840 1067 953 1093 Anasta-

159 1113 243 1144 sium,
269 1111 315 1146 qui
343 1111 424 1139 desiit
450 1119 522 1139 anno
551 1111 612 1143 709,
642 1111 950 1147 llierosolymitanorum

160 1156 321 1192 pontificum
333 1156 492 1191 Catalogum
509 1157 633 1191 mutilum
651 1157 791 1189 habemus,
807 1158 887 1192 eique
908 1156 952 1183 in-

158 1201 292 1238 tegrando
311 1202 432 1228 nondum
449 1201 704 1229 Ecclesiasticarum
728 1210 817 1229 rerum
835 1203 952 1237 scripto-

161 1248 238 1275 ribus
252 1248 357 1274 datum.
377 1245 433 1274 Hoc
445 1247 522 1279 vidit,
543 1247 701 1282 monuitque
722 1252 783 1274 ante
804 1247 950 1274 Baronium

161 1292 195 1321 V.
208 1293 250 1320 CI.
267 1292 446 1327 Honuphrius
455 1292 603 1320 Panvinius
612 1294 650 1328 (in
665 1293 767 1320 Chron.
777 1293 810 1320 ad
822 1293 950 1329 an.~656),

160 1340 205 1368 cui
220 1340 369 1367 scentulum
386 1339 570 1374 Sophronium
587 1347 640 1366 non
655 1339 699 1366 alii
716 1339 816 1366 smculo
831 1347 866 1366 \‘ll
882 1347 953 1367 corn-

161 1386 232 1421 perti
261 1384 514 1420 Hierosolymorum
544 1385 675 1420 episcopi,
706 1385 758 1412 nisi
781 1385 950 1418 Theodorus,

160 1430 246 1462 Elias,
267 1430 397 1458 Joannes.
418 1430 472 1458 Sed
487 1430 513 1457 iu
529 1430 617 1457 lucem
644 1431 768 1465 prolatis,
796 1439 856 1465 quae
884 1431 952 1458 deli-

161 1480 270 1502 tueralt
285 1475 409 1503 Panvinii
424 1479 515 1508 aetate,
531 1476 724 1506 monumentis,
742 1476 877 1504 suetzrcvit
902 1477 952 1503 ali-

161 1526 264 1555 quanto
284 1528 427 1553 numerus,
448 1521 483 1547 ita
502 1525 531 1547 ut
551 1521 608 1548 haec
632 1520 885 1556 Ilicrosolymitauae
900 1522 952 1549 Ec-

161 1567 251 1594 clesiae
264 1567 458 1602 episcoporum
489 1567 575 1594 series
602 1574 635 1594 co
654 1567 681 1593 in
708 1567 808 1594 srrculo
826 1567 949 1594 feratur:

162 1613 325 1640 Anastasius
335 1612 379 1643 IV,
390 1612 519 1645 Joannes,
530 1612 702 1644 Theodorus,
712 1613 856 1646 Eusebius,
867 1614 953 1648 Elias,

162 1657 334 1687 Theodorus,
353 1657 428 1685 Elias
446 1658 557 1688 iterum,
576 1657 706 1686 Joannes.
725 1658 795 1691 Quid
818 1659 909 1693 igitur,
931 1659 954 1686 si

162 1710 218 1730 nou
236 1704 348 1738 vulgare
364 1704 526 1731 beneﬁcium
545 1703 659 1732 Leontio
684 1709 825 1739 acceptum
855 1706 956 1732 refera-

163 1756 235 1782 mus,
254 1754 382 1784 suggestu
397 1749 476 1776 nobis
500 1749 631 1780 Macario,
648 1757 703 1783 quo
732 1750 856 1777 lacunam
881 1751 954 1791 illam

162 1795 255 1822 saeculi
270 1802 306 1822 vrt
325 1803 358 1822 ex
377 1799 454 1829 parte
472 1795 660 1830 compleamus
675 1795 686 1822 τ’
701 1795 769 1829 Quid
795 1797 818 1823 si
848 1801 876 1823 et
900 1797 954 1823 alio

162 1839 274 1866 nomine
288 1839 405 1866 devincti
418 1839 454 1866 iIii
470 1840 567 1870 simus,
580 1841 792 1868 subrniuistrato
812 1842 955 1868 liustathio

162 1883 315 1912 Antiochite
338 1884 479 1919 episeopo,
503 1884 548 1917 qui
570 1885 711 1919 praecessit
734 1884 882 1912 Macarium
907 1893 954 1912 (ε-

162 1930 258 1958 thedra
273 1930 390 1964 ejectum
405 1938 477 1957 anno
500 1930 564 1962 68I,
580 1936 611 1957 ex
643 1931 737 1965 synodi
766 1933 953 1964 oecnmenicm,

163 1985 224 2012 qua:
241 1977 333 2004 habita
351 1976 589 2012 Constantinopoli
606 1977 737 2004 adversus
751 1977 954 2010 Monothclilas,

163 2022 338 2055 auctoritate,
349 2022 496 2056 subrogato
506 2021 671 2057 Theophane
684 2021 769 2050 Siculi
781 2024 953 2056 monasterii,

162 2068 235 2103 qtrod
253 2068 324 2103 Bajre
343 2068 460 2100 dictum,
478 2067 595 2096 abbate?
611 2068 674 2096 Post
689 2068 851 2104 Gregorium
867 2069 887 2097 II
902 2069 954 2097 Ec-

162 2115 254 2143 clesia:
266 2114 423 2148 pontiﬁcem
441 2114 497 2142 fato
518 2114 641 2142 functum
660 2123 733 2142 anno
750 2116 813 2148 629,
829 2117 956 2143 ecclesia-

163 2160 233 2188 stica
250 2160 365 2187 historia
383 2160 434 2188 hos
451 2165 562 2188 enarrat
581 2168 771 2194 successores,
784 2162 864 2197 305
880 2162 954 2189 Ana-

162 2206 277 2233 stasium
304 2205 350 2239 III,
378 2205 581 2237 Macedonium,
607 2210 634 2232 et
650 2206 810 2243 Macarium,
837 2208 870 2234 de
900 2213 955 2242 quo

1003 283 1047 310 hic
1063 283 1102 310 vel
1115 290 1177 310 cum
1193 282 1307 309 Hercule
1325 290 1423 309 manus
1437 289 1581 310 conseram
1605 291 1612 310 :
1626 282 1694 310 adeo
1706 284 1790 310 victo-

1003 330 1051 356 rize
1062 334 1163 356 certus.
1172 328 1232 360 Quo
1246 335 1318 355 anno
1332 327 1480 363 Gregorius
1491 327 1687 364 Hierosolymis
1698 337 1790 356 versa-

1003 375 1084 402 batur
1112 382 1173 402 cum
1201 374 1290 401 tribus
1317 374 1460 401 monachis
1484 374 1594 406 Marco,
1623 374 1790 410 Serapione.

1001 419 1137 453 Leontio,
1158 419 1306 448 Paschales
1330 419 1404 447 feriae
1420 427 1561 454 occmpere
1581 421 1597 447 6
1619 421 1735 456 Aprilis,
1762 426 1791 447 ut

1001 465 1132 493 Leontius
1149 469 1242 493 noster
1262 465 1408 500 signiﬁcat.
1429 464 1489 492 Jam
1513 473 1575 493 cum
1596 474 1668 493 anno
1690 467 1790 494 Christi

1000 511 1167 546 Dionysiano
1183 510 1231 537 67I
1252 518 1284 538 ex
1302 511 1371 546 cycIi
1391 511 1490 538 solaris
1507 518 1579 537 anno
1593 511 1609 538 8
1620 531 1627 543 ,
1643 511 1747 538 lunaris
1763 512 1790 539 7.

1001 556 1089 584 littera
1104 557 1263 584 Dominicali
1275 557 1306 588 E,
1320 557 1465 584 terminum
1484 557 1640 584 Paschalem
1653 557 1687 583 50
1701 557 1790 584 Martii

1000 603 1211 635 nanciscamur,
1229 603 1404 637 intelligimus
1429 603 1523 638 eiusce
1547 603 1610 630 anni
1633 603 1735 631 Pascha
1763 604 1789 630 iu

1001 649 1017 675 6
1041 649 1140 683 Aprilis
1163 648 1343 679 convenisse,
1365 656 1429 675 nam
1457 649 1592 676 terminus
1615 649 1641 675 in
1663 649 1757 676 feriam
1778 651 1787 676 1

1001 694 1079 721 exiit.
1091 693 1184 728 Neque
1197 694 1259 728 quis
1271 693 1428 720 subdubitet
1440 694 1473 721 de
1485 700 1596 729 peracto
1609 700 1664 721 tum
1677 695 1793 722 Pascha-

1001 745 1027 767 te
1048 740 1241 775 Hierosolymis
1259 740 1411 767 eaderumet
1425 740 1487 773 die,
1512 748 1565 775 qua
1587 741 1658 775 apud
1682 747 1792 768 canoras

999 785 1219 813 Christianorum
1237 784 1393 816 Ecclesias,
1418 786 1481 819 quia
1507 786 1575 812 forte
1596 786 1793 821 Hierosolymi-

1001 835 1062 859 tana
1074 832 1164 859 lunari
1181 839 1254 858 anno
1270 831 1422 866 Calippico,
1438 833 1669 866 quemadmodum
1687 833 1792 860 Ilebrtni

1001 885 1096 905 omnes
1111 881 1234 905 extorres
1247 878 1288 905 vel
1305 878 1435 906 hodierno
1448 878 1503 910 die,
1515 883 1656 910 uteretur;
1671 880 1744 906 unde
1758 887 1791 906 ex

1003 923 1110 950 diversa
1124 923 1186 950 anni
1209 922 1297 950 forma
1318 923 1443 951 diversus
1462 924 1497 951 ab
1514 931 1565 958 eo,
1583 932 1664 958 quem
1684 925 1793 960 reliqum

1002 967 1221 996 Christianorum
1252 967 1380 996 Ecclesiae
1404 969 1543 1002 colerent,
1568 969 1711 998 Paschatis
1734 972 1793 998 dies

1002 1018 1162 1047 emergeret.
1180 1014 1246 1041 Cum
1262 1015 1333 1041 enim
1353 1022 1385 1042 ex
1406 1014 1532 1043 Mosaicm
1549 1016 1617 1050 legis
1637 1017 1793 1051 praescripto

1004 1060 1194 1087 celebrandum
1208 1060 1311 1088 Pasoha
1326 1061 1359 1088 15
1373 1061 1416 1088 die
1433 1061 1527 1094 Nisan,
1543 1061 1689 1090 Palzestiua
1700 1061 1793 1090 Eccle-

1003 1105 1043 1132 sia
1056 1124 1063 1137 ,
1082 1109 1108 1132 et
1119 1106 1217 1132 veteris
1235 1105 1350 1133 instituti
1368 1112 1506 1139 constans,
1524 1111 1550 1134 et
1567 1107 1668 1135 Nicaini
1684 1109 1792 1136 concilii

1003 1152 1119 1179 audiens
1132 1152 1250 1184 decreto,
1265 1158 1372 1187 poterat
1383 1153 1526 1181 Judaicum
1539 1154 1628 1182 Phasc
1641 1163 1696 1189 pra:
1707 1155 1794 1183 oi-ulis

1003 1197 1123 1229 habere,
1146 1202 1176 1224 nt
1192 1197 1298 1225 Pascha
1322 1198 1425 1226 diceret
1443 1199 1616 1227 Dominicum
1634 1201 1704 1227 diem
1716 1221 1723 1234 ,
1748 1202 1793 1235 qui

1003 1243 1126 1279 proxime
1148 1243 1213 1270 illud
1238 1249 1412 1278 sequeretur.
1439 1243 1491 1271 Sed
1514 1253 1574 1277 nae,
1596 1246 1719 1280 quisquis
1738 1247 1794 1273 haec

1003 1288 1176 1320 Suspicatur,
1211 1287 1335 1322 ignorat,
1372 1288 1534 1321 castigatam
1563 1288 1709 1316 Christiani
1741 1289 1794 1317 Pa-

1003 1333 1104 1361 schalis
1128 1334 1282 1361 doctrinam
1305 1342 1357 1361 non
1390 1335 1443 1362 alio
1470 1343 1501 1362 ex
1526 1335 1601 1363 fonte
1621 1337 1793 1367 dimanassc.

1005 1380 1056 1408 nisl
1072 1387 1103 1407 cx
1118 1388 1189 1407 anno
1204 1379 1303 1413 lunari,
1321 1381 1367 1416 qui
1381 1389 1463 1416 penes
1478 1381 1605 1410 Hebraeos
1617 1384 1748 1415 obtinuit,
1765 1385 1795 1411 ut

1005 1426 1094 1453 adhuc
1108 1426 1229 1459 obtinet,
1244 1428 1291 1454 sed
1306 1429 1449 1455 emendato
1463 1433 1552 1455 tamen
1567 1437 1581 1456 a
1599 1428 1683 1457 Ilabbi
1698 1430 1772 1456 Adda
1785 1450 1792 1463 ,

1003 1473 1048 1506 qui
1073 1472 1185 1499 biduum
1201 1473 1319 1506 exeruit,
1337 1473 1469 1501 absolutis
1490 1481 1561 1502 anno
1576 1475 1676 1502 Christi
1694 1475 1795 1511 Diony-

1004 1519 1080 1546 siano
1091 1518 1142 1545 297
1153 1523 1214 1546 octo
1225 1519 1342 1554 periodis
1351 1520 1506 1555 Calippicis,
1517 1521 1568 1548 hoc
1588 1527 1628 1548 est
1641 1521 1693 1548 608
1703 1523 1791 1554 armis,

1009 1565 1045 1591 ita
1061 1571 1090 1592 ιιι
1104 1566 1132 1592 4·
1144 1565 1188 1592 die
1210 1566 1378 1599 Septembris
1396 1567 1455 1601 ejus
1479 1567 1543 1594 anni
1561 1575 1648 1595 uerus
1663 1568 1732 1595 Tisri
1752 1569 1795 1595 in-

1008 1613 1169 1646 grederetur
1183 1620 1245 1639 cum
1263 1619 1315 1639 non
1337 1612 1479 1639 sollicitata
1493 1614 1525 1641 de
1542 1615 1630 1648 prisca
1646 1615 1710 1642 serie
1728 1624 1795 1643 nco~

1008 1656 1098 1683 rnenia
1110 1676 1117 1687 ,
1141 1656 1275 1683 incttudus
1288 1657 1334 1683 ille
1349 1656 1445 1684 fuisset
1456 1657 1471 1683 6
1487 1658 1606 1692 ejusdem

1042 1701 1135 1729 XVIII.
1153 1702 1298 1729 Enimvero
1309 1703 1376 1730 vidit
1398 1704 1472 1730 Adda
1489 1705 1656 1739 comparatis
1678 1706 1748 1732 inter
1766 1713 1796 1733 se

1007 1748 1040 1775 I6
1052 1748 1330 1776 enneadccaeteribns
1346 1749 1642 1785 lunaribusCaIippicis
1655 1771 1662 1783 ,
1680 1757 1707 1778 ct
1728 1752 1794 1778 soli-

1007 1786 1116 1821 darihus
1126 1793 1250 1827 Julianis;
1264 1802 1425 1829 exsuperare
1438 1796 1463 1822 in
1476 1797 1555 1823 annis
1568 1797 1632 1829 304,
1649 1803 1715 1831 quot
1728 1806 1795 1825 cou-

1006 1845 1079 1866 stant
1092 1840 1125 1866 16
1143 1841 1415 1868 euneadecacterides
1433 1842 1539 1869 lunares
1551 1862 1557 1874 ,
1576 1843 1663 1870 solare
1682 1844 1795 1870 ratioci.

1007 1886 1080 1911 nium
1095 1893 1176 1919 supra
1190 1885 1284 1912 lunare
1295 1886 1365 1913 diem
1384 1895 1481 1918 unum,
1495 1895 1581 1922 eoque
1598 1889 1623 1914 in
1642 1889 1677 1915 52
1695 1897 1795 1917 ennea-

1007 1931 1193 1958 decaeteribus
1205 1952 1212 1963 ,
1232 1932 1289 1958 sive
1308 1932 1426 1966 periodis
1439 1932 1455 1959 8
1473 1933 1614 1962 lunaribus
1631 1942 1795 1969 supergres-

1006 1985 1065 2004 sum
1086 1979 1143 2004 Iieri
1160 1978 1275 2005 solareru
1289 1986 1370 2013 supra
1386 1979 1510 2006 lunarem
1529 1979 1634 2007 dict-um
1648 1981 1689 2007 11.
1702 1980 1795 2015 Itaque

1007 2024 1029 2051 si
1047 2031 1118 2051 anno
1137 2024 1147 2051 I
1171 2025 1273 2059 periodi
1296 2025 1307 2051 1
1327 2025 1472 2060 Calippica:
1489 2026 1591 2053 lunaris
1608 2026 1678 2053 Tisti
1703 2027 1763 2053 iniit
1778 2030 1794 2053 ti

1007 2071 1185 2105 Septembris,
1202 2078 1274 2098 anno
1287 2072 1339 2099 505
1354 2072 1542 2105 conjiciendus
1561 2073 1605 2100 ille
1623 2073 1648 2100 in
1669 2073 1686 2100 5
1703 2074 1774 2100 diem
1786 2095 1793 2105 ,

1007 2123 1078 2143 anno
1091 2116 1143 2143 609
1155 2117 1180 2143 in
1195 2117 1228 2150 4,
1245 2124 1316 2144 armo
1327 2116 1380 2144 6I3
1394 2118 1419 2144 in
1437 2118 1471 2150 5,
1488 2122 1514 2144 et
1530 2118 1568 2145 sic
1579 2118 1718 2153 deinceps.
1742 2119 1794 2146 Sed

1006 2163 1078 2188 enim
1095 2162 1179 2189 Adda:
1195 2170 1247 2190 non
1261 2164 1372 2189 omnino
1389 2163 1605 2198 obtemperatum
1623 2172 1637 2191 a
1659 2165 1798 2200 populari-

1006 2205 1058 2233 bus
1071 2207 1139 2233 suis.
1158 2207 1338 2234 Detraxerunt
1355 2209 1381 2235 hi
1396 2208 1504 2242 quidem
1521 2209 1630 2236 bidutrm
1655 2210 1719 2236 illud
1744 2212 1797 2238 rei-

162 2255 294 2281 diximus.
328 2254 363 2281 At
393 2261 481 2288 neque
511 2254 667 2286 Anastasii,
692 2261 779 2288 neque
804 2253 955 2281 Macedonii
972 2252 1098 2285 oculum
1123 2261 1155 2280 ex
1177 2261 1249 2280 anno
1276 2262 1325 2281 suo
1341 2276 1348 2288 ,
1375 2255 1421 2282 sed
1448 2256 1474 2281 in
1499 2256 1649 2290 poderiora
1674 2262 1795 2291 tempora

162 2299 324 2326 emortualis
357 2305 447 2326 anuus
476 2299 652 2333 exploratus,
681 2306 770 2334 neque
799 2299 958 2327 Macedonio

162 2345 313 2372 Macarium
328 2345 432 2372 scimus
447 2345 540 2372 statim
555 2344 698 2372 sntl'ectum
715 2353 722 2378 ;
752 2350 856 2372 tantum
891 2345 957 2373 illud

163 2391 289 2417 IIO‘IIIIUS
317 2394 378 2417 ante
406 2389 554 2417 Macarium
592 2390 731 2417 exstitisse
765 2390 955 2418 Macedonium

162 2436 320 2472 quemdam,
337 2435 384 2470 qui
397 2435 595 2462 Antiochenam
611 2435 761 2462 Ecclesiam
780 2436 958 2462 administra-

162 2481 209 2507 rit.
239 2481 334 2514 Igitur,
367 2479 482 2507 Leontio
513 2483 636 2510 auctore,
663 2484 763 2514 prteeat
794 2480 956 2508 Eustathius

162 2527 334 2559 Macarium.
359 2534 440 2562 quem
478 2533 663 2554 successorem
698 2531 794 2554 nactus
821 2531 883 2562 post
907 2535 957 2554 an-

163 2581 229 2599 nnrn
253 2572 342 2599 saltim
369 2572 432 2603 677,
461 2571 570 2606 quando
589 2572 640 2598 hoc
672 2579 743 2598 anno
765 2580 823 2599 eam
844 2573 956 2599 curabat

163 2619 315 2646 Ecclesiam
349 2617 528 2650 Eustathius,
553 2617 654 2644 interea
685 2617 750 2644 dum
780 2618 897 2644 certiora
921 2625 954 2644 cx

164 2664 314 2692 reconditis
334 2664 424 2690 adhuc
449 2663 632 2690 monumentis
656 2668 856 2698 exspectemus,
875 2664 954 2698 queis

162 2709 354 2742 coniiciamus,
366 2717 400 2735 au
417 2708 648 2743 pestGrcgorium
663 2708 684 2735 II
709 2709 754 2735 uni
782 2709 954 2742 Anastasius,

163 2755 351 2787 Macedonius,
381 2759 408 2783 et
437 2755 595 2782 Eustathius
626 2755 800 2782 Antiochenre
827 2755 955 2783 Ecelesim

163 2802 272 2828 clavum
288 2801 433 2831 moderati,
452 2809 486 2827 an
513 2801 558 2827 alii
586 2800 697 2834 insuper
721 2802 953 2834 succcnturiandi,

163 2854 218 2882 quo
239 2848 344 2882 integra
359 2847 419 2882 ejus
437 2846 527 2875 saeculi
545 2846 778 2874 Antioohcnorum
795 2848 952 2882 pontiﬁcum

163 2893 250 2921 series
266 2898 379 2927 prostct.

1010 2298 1099 2325 nullus
1116 2299 1227 2332 insuper
1250 2299 1307 2326 dies
1325 2306 1488 2334 expunctus.
1511 2301 1617 2327 IIIustre
1643 2301 1693 2327 hac
1713 2302 1745 2328 de
1767 2309 1796 2328 re

1011 2344 1192 2370 Icstimonintn
1207 2343 1338 2370 habemus
1358 2352 1371 2370 a
1389 2344 1542 2379 Met-phoro
1558 2345 1674 2379 Gregora
1687 2365 1694 2376 ,
1707 2347 1752 2379 qui
1770 2347 1795 2373 iu

1010 2392 1135 2421 computo
1151 2379 1206 2414 'suo
1224 2388 1302 2413 nobis
1321 2389 1422 2420 tradit,
1448 2396 1520 2415 anno
1542 2389 1643 2416 Christi
1665 2390 1733 2417 1513
1749 2389 1795 2417 .Iu—

1008 2433 1081 2460 dtl‘OS
1099 2433 1201 2460 Pascha
1221 2434 1376 2461 celebrasse
1394 2434 1428 2462 20
1450 2434 1495 2461 die
1511 2434 1618 2467 Martii,
1637 2443 1696 2462 cum
1716 2436 1796 2463 Citri-

1008 2479 1088 2505 stiani
1102 2479 1137 2505 24
1149 2479 1260 2513 Aprilis.
1278 2480 1342 2506 Erat
1358 2488 1445 2507 annus
1462 2479 1632 2508 Seleucidum
1649 2482 1727 2514 1628,
1745 2483 1796 2510 huc

1008 2530 1047 2552 est
1065 2525 1100 2552 53
1123 2525 1225 2560 periodi
1246 2525 1281 2552 2‘2
1304 2526 1466 2561 Calippicm;
1491 2526 1561 2553 Tisri
1584 2527 1618 2555 55
1637 2527 1796 2563 Calippicus

1007 2571 1109 2604 periodi
1127 2571 1137 2597 1
1161 2571 1260 2605 incepit
1273 2572 1305 2598 12
1324 2571 1501 2606 Septembris,
1517 2573 1594 2607 cujus
1611 2573 1745 2601 character
1766 2575 1793 2605 2,

1007 2614 1040 2645 9,
1070 2614 1153 2647 1066,
1178 2616 1230 2642 hoc
1250 2620 1292 2643 est
1316 2616 1381 2643 feria
1404 2617 1452 2647 11.
1474 2617 1539 2645 hora
1564 2618 1598 2650 9,
1620 2625 1794 2646 monumenta

1007 2659 1077 2687 1066
1089 2682 1096 2693 ,
1115 2669 1231 2694 quorum
1258 2663 1334 2694 1080,
1352 2663 1446 2690 horam
1461 2665 1637 2692 constituunt.
1654 2664 1724 2691 Tisri
1741 2665 1795 2691 Ad-

1006 2709 1080 2734 t’mus
1101 2708 1151 2738 55.
1178 2708 1281 2742 periodi
1304 2708 1320 2735 9
1341 2729 1348 2741 ,
1374 2717 1388 2735 e
1410 2717 1463 2744 qua
1487 2710 1595 2737 biduum
1618 2716 1792 2745 exempturo.

1007 2754 1040 2780 10
1059 2753 1228 2789 Septembris
1240 2775 1247 2788 ,
1265 2755 1379 2790 ejusque
1399 2757 1542 2784 character
1560 2758 1594 2789 1,
1609 2758 1636 2784 11
1652 2779 1659 2789 .
1678 2758 1739 2785 666.
1759 2759 1795 2786 lit

1007 2801 1089 2835 igitur
1113 2804 1253 2828 ueomenia
1272 2802 1402 2837 (Ialippici
1426 2802 1495 2830 Tisri
1521 2804 1583 2830 anui
1609 2805 1642 2831 55
1665 2805 1765 2838 periodi
1786 2827 1792 2837 ,

1006 2852 1131 2874 manente
1153 2848 1179 2874 in
1204 2847 1236 2874 1‘2
1254 2847 1430 2882 Septembris,
1446 2848 1528 2875 Nisan
1543 2849 1673 2877 iuchoaril
1692 2852 1708 2878 8
1727 2852 1795 2879 11η--

1007 2894 1035 2920 lii
1050 2914 1056 2925 ,
1076 2894 1112 2920 ita
1126 2893 1158 2919 ad
1170 2894 1241 2920 lictis
1253 2900 1382 2929 perpetuo
1399 2896 1533 2924 auspiciis
1545 2897 1607 2922 anni
1621 2897 1654 2923 ΕΞ
1672 2899 1791 2927 periodi.
