2041 3159
273 188 341 221 1203

717 191 766 220 DE
785 191 916 220 ᾹΞΤΑΤΕ
928 190 967 220 ⁷5.
991 191 1179 220 GllEGURll
1198 190 1453 219 AGRIGENTINI

1826 185 1892 216 1201

269 246 372 282 periodi
394 246 438 280 55,
464 246 507 278 52,
526 246 569 279 71,
596 246 642 282 qui
663 247 774 275 lunares
793 255 889 274 omnes
912 247 1054 280 ordinarii,
1073 249 1092 276 Α
1107 251 1133 274 et
1147 247 1212 273 mihi
1226 254 1279 273 non
1291 246 1406 276 dederit,
1423 245 1556 280 quidquid
1568 245 1675 272 tandem
1687 245 1720 272 de
1732 253 1760 271 re
1772 245 1892 279 paschali

270 301 323 319 non
349 299 421 319 anno
450 293 498 326 l4,
515 293 562 327 qui
584 293 770 329 ὑπερήμερος.
800 293 862 320 11ωο
884 301 983 326 causa,
1006 301 1056 320 cur

269 346 323 364 non
348 338 431 365 semel
452 338 560 365 termini
587 339 728 373 paschales
752 339 972 366 Christianorum
1001 346 1056 366 uno

269 383 313 410 die
338 383 380 410 vel
407 384 497 413 serius
526 384 567 412 vel
592 385 673 412 citius
697 384 824 412 diﬂ‘eranl
845 385 880 412 ab
897 383 1054 412 Judrcorum

268 428 366 455 Phase.

306 473 375 500 XXI.
393 474 433 501 Ad
451 473 589 509 paschalis
605 474 678 508 quod
702 474 799 501 attinet
817 473 1022 501 translationem
1039 480 1055 500 α

269 518 352 547 Nisan
365 520 397 546 ad
409 519 476 551 Jiar,
494 520 601 554 quoties
613 519 700 547 Phase
712 519 847 554 praecedat
860 519 1054 554 aequinoctium

268 565 388 597 vernale,
407 573 460 592 non
478 565 530 592 hoc
553 566 673 599 primum
695 565 860 592 Christianis
886 565 912 592 in
937 569 1054 592 mentem

268 611 350 643 venit,
372 611 419 637 sed
433 610 589 639 Judzeorum
616 611 739 646 exemplo
754 611 864 638 factum.
889 611 993 638 Etenim
1016 611 1054 643 hi,

269 664 329 683 rum
348 656 412 683 illud
427 657 608 692 contingeret,
623 658 707 684 veteri
720 657 848 692 religione
863 657 986 684 ohstricli
1001 665 1055 683 non

269 702 400 736 putabant
423 702 529 730 Pascha
555 703 735 730 omittendum
754 711 848 730 mense
870 702 973 736 Nisan;
991 703 1056 737 quia

269 756 331 776 vero
346 753 386 776 tot
401 755 464 777 ante
480 750 587 777 steculis
613 758 752 783 nunquam
778 749 876 784 legalia
896 757 990 784 azyma
1008 756 1055 775 co-

269 795 426 826 medissr-nl,
445 795 496 822 nisi
515 800 576 829 post
594 796 703 822 vernale
722 795 929 830 aequinoctium,
953 795 1057 822 idcirco

269 840 432 874 Azymorum
442 840 601 867 mandatum
614 848 709 867 rursus
717 840 936 875 exsequebantur
944 839 978 865 15
987 838 1054 871 Jiar,

269 885 306 912 ita
326 889 355 912 ut
374 892 428 912 uno
452 892 525 912 anno
545 885 644 920 duplex
669 885 773 913 Pascha
792 889 966 917 occurreret;
983 884 1055 919 quod

1107 300 1122 319 a
1147 292 1263 319 summis
1287 292 1506 318 Christianorum
1533 291 1661 318 Ecclesiis
1685 295 1834 324 statutum,
1861 298 1894 317 ex

1107 337 1247 364 Hebraicis
1263 336 1385 364 fontibus
1399 337 1539 371 erupisse?

1143 383 1224 411 XXII.
1245 384 1333 418 Atque
1358 384 1461 410 utinam
1486 392 1536 410 nec
1561 391 1624 411 sero
1649 383 1821 418 profectum,
1846 389 1895 409 nec

1107 430 1231 466 puditum
1254 429 1401 464 aliquando
1421 429 1504 456 fuerit
1531 430 1640 456 lunares
1661 429 1819 456 .ludaaorum
1842 428 1896 462 cpi-

1107 476 1239 510 logismos
1258 475 1284 502 in
1300 475 1431 501 auxilium
1451 482 1600 506 arcessere,
1617 474 1724 509 quoties
1740 474 1766 500 in
1780 474 1894 501 dubium

1107 525 1254 547 vocaretur
1271 527 1419 555 germanus
1435 519 1579 548 Paschalis
1594 521 1666 547 dies!
1686 520 1830 546 Enimvero
1847 527 1896 545 ne-

1107 574 1161 600 que
1177 571 1230 592 tam
1243 566 1320 592 multi
1332 566 1418 593 bonas
1431 566 1513 593 horas
1529 566 1651 600 improbe
1666 566 1803 592 locassent
1815 565 1894 592 novis

1107 617 1189 646 atque
1210 611 1288 639 novis
1303 611 1452 639 condendis
1467 612 1632 643 canonibus,
1649 611 1749 646 quibus
1772 610 1810 637 nil
1827 617 1896 644 prte-

1106 662 1180 685 lerea
1196 657 1380 690 impetratum,
1395 657 1449 684 nisi
1470 662 1499 684 ut
1514 659 1598 684 tutius
1615 662 1790 692 peccaretur;
1807 665 1895 691 neque

1107 707 1147 731 tot
1179 703 1265 730 turbis
1298 702 1427 730 Ecclesia:
1459 703 1676 729 Christianorum
1710 703 1893 729 laborassem.

1107 751 1186 778 Anno
1201 750 1264 783 417,
1277 747 1340 785 quas
1355 750 1503 777 certamina
1529 750 1707 777 intercessere
1728 750 1798 777 inter
1814 750 1895 776 Inno-

1107 796 1226 823 centium
1244 795 1408 826 Romanum,
1420 799 1447 821 et
1460 794 1591 830 Cyrillum
1607 794 1823 821 Alexandrinum
1837 794 1895 828 epi-

1107 847 1222 874 scopos,
1250 840 1325 867 illum
1349 840 1454 867 Pascha
1476 840 1702 867 determinanlem
1724 840 1760 866 ‘22
1776 839 1893 873 Aprilis,

1108 885 1181 913 hunc
1203 886 1239 913 25
1256 885 1365 913 Martii?
1388 886 1487 913 Eadem
1510 891 1602 913 renata
1624 894 1697 913 anno
1713 886 1782 918 614,
1805 886 1896 913 Leone

269 930 379 965 sugillal
408 938 524 966 magnus
548 930 640 958 CaPsar
664 930 860 959 Constantinus
885 931 911 957 in
940 930 1054 964 epistola
1072 930 1896 965 BRomanoPaschadecernenlcdiem26lllartii,Theophila

267 976 385 1009 quadam
415 976 449 1003 ad
482 975 641 1008 Ecclesias,
669 984 752 1011 quam
778 976 887 1004 exhibet
919 975 1053 1002 Eusebius

269 1021 316 1047 lib.
333 1029 362 1048 Ill
378 1021 438 1055 ejus
459 1021 526 1049 Viue
541 1029 601 1056 cap.
623 1022 667 1048 17.
684 1022 819 1049 Caeterum
835 1022 857 1049 si
874 1022 902 1048 in
918 1021 1054 1055 anliquis-

268 1066 339 1094 sima
367 1066 530 1093 Christianae
559 1066 687 1094 Ecclesiae
716 1070 838 1100 tempora
863 1065 1054 1101 inquiramus,

268 1111 445 1139 manifestum
461 1112 541 1140 nobis
558 1112 622 1145 erit,
639 1106 930 1147 terminos/paschales
946 1111 1054 1138 habitos

268 1156 336 1184 adeo
358 1156 418 1184 dies
443 1157 704 1192 anlazquinocliales,
730 1158 804 1191 quod
826 1157 1001 1192 potissimum
1022 1156 1056 1183 li-

268 1208 335 1237 quet
365 1210 398 1230 ex
434 1203 696 1231 heccmdeeaeteride
729 1202 865 1238 Hippolyti
896 1201 1055 1230 Portuensis

269 1246 389 1284 episcopi
413 1257 485 1277 anno
499 1249 601 1277 Christi
621 1249 675 1276 222
689 1249 856 1283 conscripta,
880 1248 906 1275 in
928 1256 983 1283 qua
1001 1252 1055 1274 ler‘

269 1295 379 1322 minalis
404 1295 540 1329 praebetur
564 1295 623 1323 dies
650 1296 681 1322 17
701 1295 791 1322 Martii
815 1295 895 1322 annis
917 1295 944 1328 6,
966 1299 992 1322 el
1011 1295 1054 1326 H,

270 1335 342 1367 unde
368 1341 395 1367 in
426 1341 556 1368 laterculo
581 1340 742 1368 Dominicali
769 1345 1000 1375 repraesentalur,
1033 1340 1056 1368 si

271 1386 406 1413 terminus
434 1386 535 1413 incidat
558 1387 585 1413 in
611 1387 650 1420 A,
671 1387 723 1414 hoc
749 1390 791 1414 est
811 1385 907 1413 feriam
924 1395 932 1413 ι
951 1384 1056 1413 Pascha

271 1430 464 1458 celebrandum
480 1431 515 1458 25
530 1431 635 1465 Martii;
652 1431 676 1459 si
687 1432 714 1459 in
733 1431 763 1464 Ζ,
777 1431 829 1459 hoc
841 1436 883 1458 est
898 1430 995 1458 teriam
1006 1438 1056 1463 vn,

269 1475 304 1501 ‘26
317 1475 424 1508 Martii;
441 1476 464 1504 si
477 1477 504 1504 in
522 1477 552 1508 S,
571 1477 622 1504 hoc
638 1482 680 1505 est
698 1476 791 1504 l‘eriam
807 1485 846 1509 vr,
863 1476 898 1503 20
909 1476 1015 1508 Martii;
1034 1476 1056 1504 si

271 1521 297 1547 in
313 1521 343 1552 E.
360 1523 411 1549 hoc
431 1527 473 1550 est
487 1522 583 1549 feriam
600 1531 626 1556 v,
648 1523 681 1555 21
698 1523 802 1555 Martii;
816 1522 838 1550 si
856 1523 882 1549 in
898 1523 928 1554 Δ,
945 1522 997 1549 hoc
1015 1526 1057 1549 est

271 1566 366 1593 feriam
384 1575 420 1599 tv,
442 1568 477 1595 22
500 1569 603 1601 Martii;
629 1569 651 1596 si
672 1569 700 1596 in
720 1569 749 1602 Γ,
767 1569 820 1597 hoc
840 1573 882 1596 est
899 1568 995 1595 feriam
1011 1576 1053 1600 ιιι,

1104 976 1290 1003 Alexandrino
1301 976 1336 1003 25
1348 977 1467 1011 Aprilis;
1484 984 1572 1011 neque
1583 984 1662 1004 secus
1672 982 1744 1003 anno
1757 975 1820 1008 155,
1831 983 1894 1002 cum

1106 1021 1176 1048 idem
1200 1022 1369 1056 Theophilus
1390 1021 1494 1049 Pascha
1517 1022 1668 1056 conjecerit
1682 1022 1709 1049 in
1728 1022 1764 1049 24
1781 1022 1893 1056 Aprilis.

1105 1067 1152 1094 sed
1176 1066 1230 1094 Leo
1251 1067 1277 1094 in
1302 1067 1335 1093 17
1357 1067 1490 1102 ejusdem.
1515 1068 1594 1094 Anno
1617 1067 1668 1094 577
1684 1075 1733 1102 par
1752 1067 1895 1094 dissensus

1105 1112 1207 1144 Gallos,
1222 1116 1249 1139 et
1266 1112 1403 1148 Hispanos
1423 1113 1543 1140 amicitia
1564 1113 1708 1147 disjunxit.
1731 1113 1773 1139 his
1789 1112 1895 1140 Pascha

1105 1158 1310 1186 conferentibus
1332 1159 1359 1186 in
1374 1159 1409 1186 ‘25
1431 1159 1542 1193 Aprilis,
1563 1159 1644 1194 308
1661 1159 1713 1186 illis
1734 1160 1759 1185 in
1777 1159 1809 1185 l8
1825 1160 1896 1193 ejus-

1106 1204 1179 1236 dem,
1194 1203 1308 1231 Victorii
1318 1204 1428 1238 gentilis
1439 1204 1481 1232 sui
1496 1204 1580 1239 (-yclis
1591 1205 1740 1232 obseculis.
1752 1204 1832 1230 Anno
1843 1204 1896 1231 760

1106 1255 1246 1285 peccatum
1265 1250 1291 1276 in
1307 1249 1417 1276 Oriente
1427 1250 1547 1284 paschali
1563 1250 1606 1277 die
1622 1250 1792 1277 conﬁciendo
1807 1259 1813 1276 :
1831 1257 1894 1277 nam

1106 1295 1151 1322 alii
1166 1295 1231 1322 illud
1252 1296 1395 1322 coluerunt
1408 1294 1434 1325 ϐ,
1457 1295 1502 1321 alii
1519 1295 1549 1321 15
1565 1295 1675 1329 Aprilis.
1693 1295 1730 1321 Ex
1751 1295 1891 1324 laterculo.

1106 1349 1186 1376 quem
1210 1340 1430 1372 construximus,
1449 1346 1506 1368 tute
1529 1341 1587 1376 ipse
1611 1340 1824 1375 dijurlicaveris,
1850 1340 1895 1367 cui

1106 1394 1190 1414 causa
1207 1386 1241 1413 iis
1256 1386 1283 1413 in
1299 1386 1395 1421 litigiis
1408 1387 1523 1416 steterit,
1544 1386 1625 1413 modo
1637 1386 1749 1417 Christi.
1762 1394 1832 1420 quos
1846 1385 1893 1412 tibi

1106 1432 1294 1466 proposueris,
1313 1432 1392 1458 annis
1413 1439 1527 1466 aggeras
1540 1432 1602 1465 511,
1618 1439 1687 1466 quos
1700 1431 1893 1466 Dionysianam

1106 1478 1210 1504 Christi
1237 1478 1368 1512 epocham
1389 1477 1537 1504 antecessit
1561 1477 1893 1513 Calippico-Selcuciana,

1108 1529 1191 1558 atque
1209 1523 1272 1550 inde
1287 1523 1332 1554 76,
1347 1523 1437 1557 quoad
1454 1523 1572 1553 licuerit,
1592 1523 1718 1555 exiutas;
1735 1523 1806 1556 quod
1821 1523 1893 1548 enim

1108 1569 1254 1602 reliquum,
1277 1576 1377 1594 annum
1401 1567 1503 1602 periodi
1520 1568 1701 1598 demonstrat,
1723 1568 1770 1601 qui
1785 1566 1892 1593 ctTisri

269 1612 306 1638 25
322 1611 427 1645 Martii;
453 1613 475 1640 si
501 1613 528 1640 in
546 1613 581 1645 Β,
602 1613 654 1640 hoc
676 1618 718 1640 est
737 1613 832 1640 feriant
852 1621 880 1644 ιι,
901 1612 937 1639 24
955 1612 1054 1639 Martii.
1073 1606 1092 1634 (ἶ
1112 1614 1263 1648 superioris
1290 1615 1354 1641 anni
1384 1614 1547 1648 Septembri,
1582 1614 1624 1640 vel
1640 1615 1763 1648 Augusto
1779 1613 1850 1643 initi.
1867 1617 1895 1639 et

270 1657 352 1691 Quid,
368 1658 441 1692 quod
460 1658 502 1685 vel
517 1666 589 1685 anno
603 1659 656 1686 105
672 1658 792 1686 Ecclesia
813 1658 935 1686 Romana
950 1658 1056 1694 piaculo

272 1703 344 1730 haud
358 1703 436 1730 duail
449 1704 483 1731 ad
503 1704 768 1738 anta’quinoclialem
791 1704 937 1731 terminum
952 1703 1056 1731 Pascha

271 1758 351 1777 suum
366 1750 549 1784 componere?
565 1749 632 1777 Tum
654 1755 764 1778 strenue
781 1751 912 1785 pugnavit
925 1750 1057 1777 innocen-

272 1795 325 1821 tius
340 1795 369 1821 P.
389 1794 424 1820 Μ.
447 1802 496 1828 pro
511 1794 656 1821 indicendo
671 1793 805 1822 Pascbate
816 1794 851 1821 ἓξ.
869 1795 969 1825 Martii,
984 1794 1056 1828 quod

272 1840 360 1867 modis
378 1840 506 1867 omnibus
522 1840 696 1875 oppugnabat
711 1839 879 1874 Theophilus
897 1839 1057 1869 Alexandri-

272 1894 325 1913 nus
342 1886 497 1921 episcopus,
513 1894 601 1920 neque
614 1894 720 1921 passus,
742 1891 772 1914 ut
786 1886 812 1912 id
827 1893 876 1913 sua
893 1886 920 1912 in
936 1885 1057 1912 Ecclesia

271 1932 507 1965 committeretur;
521 1940 583 1959 cum
599 1940 680 1959 verus
692 1931 834 1959 Paschalis
843 1932 901 1959 dies
918 1931 969 1958 sibi
982 1931 1058 1958 visus

270 1978 306 2006 ‘29
321 1979 422 2006 Martii.
435 1977 470 2006 Ut
484 1978 623 2013 paschalia
635 1983 826 2013 peragerentur
841 1978 875 2004 ‘22
888 1977 987 2010 Martii,
1003 1985 1057 2004 non

272 2024 359 2059 putuit
388 2025 521 2051 terminus
543 2024 578 2051 20
592 2024 679 2051 Martii
707 2024 794 2051 serior
818 2023 927 2056 haberi;
952 2030 1014 2050 nam
1033 2022 1057 2050 si

260 2071 299 2095 .in
317 2070 348 2095 21
367 2070 562 2101 concurrisset,
591 2069 672 2096 nullae
692 2069 808 2096 fuissent
823 2069 928 2096 dissidii
946 2076 1056 2096 causte:

272 2124 334 2142 runt
355 2116 428 2142 enim
450 2116 482 2142 21
501 2115 590 2142 Martii
608 2115 752 2143 character
772 2115 854 2142 fuerit
874 2115 939 2142 l‘eria
954 2123 990 2141 vn
1009 2122 1058 2148 pro

272 2161 464 2194 antiquissimo
484 2160 613 2188 [tentante
631 2160 758 2188 Ecclesia:
775 2168 861 2193 more,
876 2161 921 2195 qui
940 2161 982 2187 vel
994 2160 1059 2195 llip—

273 2205 356 2240 polyti
379 2205 535 2232 PortUensis
561 2213 618 2233 aevo
644 2206 770 2240 vigebat,
798 2210 827 2232 ut
849 2210 921 2240 patet
943 2214 976 2233 ex
999 2206 1059 2240 ejus

272 2258 387 2282 canone,
403 2251 605 2285 prorogandum
626 2251 730 2278 Pascha
756 2251 790 2278 ad
807 2251 975 2278 Dominicam
993 2252 1059 2278 alle-

272 2304 342 2326 ram.
359 2304 446 2330 eoque
461 2301 539 2331 pacto
556 2296 678 2324 Romana
690 2305 751 2326 cum
767 2297 949 2324 Alexandrina
960 2304 1058 2323 conve-

274 2343 359 2369 nisset
378 2342 508 2369 Ecclesia.
528 2342 667 2370 Paschalis
687 2343 768 2377 igitur
783 2343 926 2375 terminus,
949 2342 992 2369 cui
1015 2350 1058 2369 re-

273 2389 361 2422 spexit
374 2388 560 2419 lnnoccntius.
578 2389 771 2424 aequinoctium
790 2389 945 2423 przcccssit;
971 2388 1058 2423 siqui—

273 2435 333 2461 dem
351 2434 455 2461 Pascha
467 2434 636 2470 consignavit
651 2435 684 2462 ad
698 2434 732 2460 22
746 2434 847 2461 Martii.
868 2434 934 2467 Qua:
947 2443 1007 2461 cmn
1023 2435 1059 2461 ita

274 2479 337 2510 sint,
362 2479 423 2514 quis
445 2479 552 2506 inficias
579 2479 669 2513 iverit,
683 2480 837 2515 paschalem
859 2480 934 2507 illum
960 2480 1060 2507 saltum

273 2524 417 2552 Jndaicum
427 2524 511 2552 fuisse
522 2525 661 2552 inventum
674 2530 736 2552 ante
747 2525 885 2553 Nicmnum
901 2526 1058 2557 concilium,

273 2579 335 2597 cum
356 2571 455 2598 multos
472 2575 533 2605 post
549 2578 637 2598 annos
666 2571 785 2599 nondum
806 2579 866 2598 mos
884 2571 929 2601 ille
947 2578 962 2598 a
982 2571 1060 2600 Chri-

274 2616 372 2642 stianis
395 2615 517 2642 ascitus?
540 2623 603 2642 nam
627 2614 700 2650 quod
727 2622 800 2643 anno
822 2615 874 2643 405
895 2615 1060 2650 Theophilus

275 2661 412 2694 paschalia
431 2661 562 2688 solemnia
574 2660 721 2688 contulerit
736 2661 763 2688 in
774 2661 809 2688 29
823 2661 925 2693 Martii,
937 2661 964 2688 iu
978 2670 1061 2689 causa

274 2707 335 2739 fuit,
354 2708 426 2742 quod
450 2707 599 2742 legitimum
627 2707 768 2736 Paschalis
790 2709 937 2735 terminum
952 2707 1062 2736 duxerit

273 2752 309 2779 2‘2
325 2751 426 2785 Martii,
451 2752 533 2787 idque
558 2761 589 2779 cx
614 2753 674 2788 ejus
699 2753 775 2788 cyclo
799 2758 871 2788 patet
887 2761 969 2781 :cum
988 2754 1061 2781 cnim

275 2804 365 2826 annus
385 2798 402 2825 Α
426 2799 507 2826 fuerit
527 2798 596 2834 cycli
622 2799 727 2827 lunaris
749 2800 938 2832 Alexandrini,
955 2801 1062 2827 novilu-

277 2844 353 2871 nium
373 2845 501 2880 paschale
521 2846 672 2880 ascriptum.
686 2846 719 2873 15
731 2846 914 2880 Phanlenoth,
929 2847 945 2875 9
960 2846 1060 2881 Martii,

277 2886 394 2928 indeque
419 2891 552 2920 terminus
574 2892 608 2919 ‘26
624 2891 804 2926 Phamcnoth,
831 2893 920 2921 Martii
934 2894 978 2921 ‘22.
995 2894 1062 2927 Quis

1106 1659 1189 1687 Nisan
1206 1660 1376 1686 nenmcniam
1395 1659 1503 1690 Martio,
1522 1659 1563 1686 vel
1576 1659 1661 1694 Aprili
1677 1660 1702 1686 in
1719 1666 1824 1689 mense.
1837 1663 1894 1684 tum

1106 1707 1194 1733 Phase
1217 1706 1286 1732 diem
1311 1706 1444 1736 docuerit.
1471 1706 1542 1732 unde
1567 1706 1682 1740 adeptus
1708 1705 1893 1732 characterem

1107 1752 1182 1779 feria:
1193 1752 1252 1786 ejus
1265 1751 1316 1779 diei
1333 1760 1364 1778 ex
1378 1753 1450 1787 cycl'r
1461 1751 1564 1779 Solaris
1574 1759 1656 1783 anno,
1673 1751 1719 1786 qtti
1732 1756 1788 1778 tum
1802 1755 1892 1783 actus,

1107 1807 1201 1826 verum
1220 1798 1360 1826 Paschalis
1373 1798 1442 1825 diem
1457 1806 1616 1832 cognosces.

1144 1844 1235 1871 ΧΧΙΙΙ.
1256 1843 1315 1871 Jatn
1330 1844 1414 1879 igitur
1427 1844 1508 1878 (utin
1520 1843 1591 1870 viam
1607 1842 1726 1877 redeam)
1741 1842 1763 1869 si
1779 1842 1895 1876 pascha-

1108 1891 1148 1918 les
1162 1891 1381 1918 Christianorum
1409 1889 1529 1922 termini,
1548 1890 1621 1924 itque
1643 1888 1790 1920 emendati,
1813 1888 1895 1922 ipsis-

1109 1937 1177 1963 sima
1189 1941 1251 1964 stitit
1263 1935 1418 1963 Judaaorum
1435 1935 1533 1965 Phase.
1548 1943 1563 1962 a
1578 1935 1678 1969 quiluts
1690 1938 1793 1961 tantum
1807 1941 1895 1967 quan-

1107 1982 1197 2016 doque
1212 1982 1356 2009 discedunt
1369 1981 1411 2008 vel
1427 1981 1462 2008 ob
1481 1980 1594 2008 bissexti
1610 1981 1792 2006 interventum
1812 1978 1894 2006 solari

1109 2028 1136 2054 in
1151 2035 1223 2054 anno
1235 2027 1356 2058 Juliano,
1375 2027 1415 2053 vel
1431 2026 1465 2053 ob
1479 2027 1612 2054 omissum
1632 2025 1703 2052 diem
1717 2024 1894 2052 embolimum

1109 2073 1199 2100 lunari
1225 2074 1250 2100 in
1268 2081 1350 2104 anno,
1367 2079 1451 2099 causa
1474 2075 1598 2106 superest
1616 2071 1700 2102 nulla,
1717 2070 1788 2096 unde
1804 2069 1895 2104 suspi-

1109 2127 1213 2152 cemur,
1225 2126 1297 2146 anno
1307 2118 1355 2145 671
1371 2125 1424 2144 non
1437 2117 1562 2144 eumdem
1578 2116 1720 2143 Palaestina
1736 2116 1761 2142 in
1774 2115 1895 2142 Ecclesia

1109 2164 1250 2192 Paschalis
1271 2164 1341 2192 diem
1357 2162 1458 2194 (uisse,
1475 2168 1556 2197 atque
1581 2162 1608 2188 in
1633 2161 1745 2196 reliquis
1761 2161 1896 2188 Christia-

1109 2219 1217 2238 norum.
1245 2209 1277 2237 Et
1293 2209 1372 2244 plane
1395 2209 1418 2236 si
1445 2208 1603 2235 latcrculnm
1627 2207 1814 2238 consulamus,
1838 2214 1895 2233 rem

1073 2271 1097 2300 ο
1112 2257 1197 2291 ipsam
1208 2257 1361 2291 loquentem
1370 2255 1614 2289 deprehendemus.
1625 2253 1896 2300 Eralannusille9is

1112 2302 1277 2330 Seleucianae
1287 2301 1407 2336 epochze,
1419 2300 1584 2335 proindeque
1595 2300 1630 2326 70
1642 2299 1744 2334 periodi
1756 2299 1799 2326 15.
1811 2298 1898 2326 Pbase

1111 2347 1192 2382 igitur
1218 2345 1361 2373 Judaicum
1383 2354 1445 2373 cum
1468 2345 1614 2372 incurrerit
1637 2344 1664 2371 in
1689 2345 1723 2372 50
1749 2343 1849 2375 Martii,
1871 2349 1898 2370 et

1110 2391 1218 2425 quidem
1243 2390 1338 2417 feriam
1354 2398 1381 2421 ι,
1409 2390 1563 2417 necessario
1587 2389 1711 2423 sequitur
1731 2388 1896 2416 celebratum

1111 2436 1304 2472 Hierosolymis
1318 2436 1423 2464 Pascha
1443 2436 1459 2463 6
1483 2435 1582 2470 Aprilis
1593 2456 1600 2468 ,
1614 2434 1687 2470 quod
1703 2425 1834 2462 Leoniius
1855 2433 1897 2461 di-

1111 2488 1184 2511 serte
1207 2487 1330 2510 testatus.
1348 2481 1530 2515 Quamobrem
1551 2482 1601 2509 etsi
1623 2481 1721 2515 quovis
1746 2480 1800 2507 alio
1815 2480 1898 2507 desti-

1111 2534 1220 2556 luamur
1248 2529 1359 2560 auxilio,
1388 2529 1458 2555 unde
1477 2529 1653 2556 ostendamus
1678 2527 1839 2562 Gregorium
1865 2526 1898 2552 al)

1111 2575 1260 2603 Iustiniani
1276 2575 1285 2601 l
1301 2579 1379 2604 aetate
1391 2575 1596 2607 scmovcndum,
1611 2574 1663 2601 hoc
1675 2581 1730 2600 uno
1743 2572 1898 2600 testimonio

1112 2621 1192 2656 plane
1209 2628 1320 2648 causam
1338 2621 1463 2648 vicimus.
1479 2619 1590 2647 Nullum
1609 2620 1682 2646 enim
1697 2619 1723 2646 in
1739 2619 1801 2646 lotis
1819 2619 1899 2646 annis

1112 2665 1258 2694 Justiniani
1272 2665 1280 2691 l
1294 2666 1400 2699 imperii
1412 2665 1659 2697 occurritPascba,
1673 2665 1746 2700 quod
1758 2669 1899 2698 peractum

1113 2717 1128 2737 a
1141 2710 1306 2741 Christianis
1319 2712 1336 2738 6
1356 2710 1468 2744 Aprilis.
1485 2709 1629 2737 Enimvero
1641 2717 1695 2737 non
1713 2713 1802 2744 potest
1819 2708 1899 2735 Chri—

1113 2761 1173 2784 stus
1193 2756 1227 2784 de
1253 2760 1340 2783 morte
1365 2756 1537 2791 triumphans
1563 2755 1615 2783 coli
1632 2755 1648 2782 6
1662 2754 1774 2790 Aprilis,
1795 2753 1848 2781 nisi
1872 2754 1898 2780 in

1114 2802 1193 2830 annis
1209 2803 1276 2837 cycli
1304 2801 1553 2830 cnneadccaeterici
1570 2803 1594 2834 7,
1616 2801 1643 2834 8,
1659 2800 1703 2833 15.
1721 2801 1749 2833 4,
1768 2801 1812 2833 12,
1835 2807 1899 2826 cum

1115 2848 1223 2875 termini
1247 2848 1389 2883 paschales
1416 2847 1450 2875 26
1478 2852 1506 2875 et
1529 2848 1564 2875 50
1590 2846 1680 2874 Martii
1715 2846 1790 2876 (imo
1816 2850 1842 2872 et
1863 2844 1895 2871 51

1115 2902 1186 2924 anno
1201 2894 1235 2922 59
1251 2894 1366 2929 periodi,
1387 2894 1432 2930 qui
1453 2894 1486 2923 15
1501 2893 1589 2930 οδσὶὶ)
1607 2893 1631 2927 1,
1645 2892 1673 2928 ‘2,
1690 2891 1707 2922 1
1722 2887 1843 2928 Aprilis;
1859 2890 1899 2918 t‘cl
