2041 3159
131 175 197 206 1205

816 179 1080 210 DISSERTATIO.

1688 176 1755 209 1206

128 233 210 260 etiam
225 240 298 259 anno
317 233 326 259 l
345 234 425 268 cycli,
440 234 485 269 qui
501 236 646 263 tertninum
664 237 760 264 statuit
774 237 912 272 5Aprilis,
928 239 951 267 Δ
965 238 1064 270 bravit,
1091 234 1282 264 testimonio-tn
1307 235 1389 264 dicar
1406 235 1529 263 omnium
1555 232 1753 269 certissimum,

129 278 209 304 modo
222 278 291 312 apud
302 277 453 307 Orientales
476 279 611 309 Ecclesias
622 289 681 309 mos
692 282 736 309 ille
747 283 820 310 haud
833 283 914 310 unde-

129 331 236 358 quaquc
250 324 396 363 invaluerit
413 326 565 359 prolatandi
581 326 686 355 Pascha
709 329 742 354 ad
765 329 913 355 secundam

131 369 309 401 Dominicam,
320 371 427 404 quoties
439 372 571 399 terminus
581 373 711 400 incideret
721 374 745 400 in
757 373 852 401 feriant
864 382 912 406 \‘ll,

129 422 181 449 qua
199 416 232 442 de
250 424 279 442 re
299 416 389 443 nobile
414 418 567 451 exemplum
585 418 717 445 habemus
741 419 767 445 in
782 419 914 447 l'ascltate

129 460 192 487 anni
209 460 258 486 760
273 462 339 496 cycli
355 462 459 489 lunaris
475 463 485 488 1
502 471 509 495 ;
527 467 592 490 tunc
607 464 679 490 enitn
699 465 842 492 orthodoxi
863 473 913 492 att-

129 505 204 532 diere
225 507 271 540 qui
288 507 426 541 paschalia
441 513 588 542 exegerunt
615 509 630 535 6
649 508 761 543 Aprilis,
778 515 871 537 contra
887 511 914 538 in

130 549 323 578 llmreticornm
351 562 461 580 censum
486 554 597 588 repositi
621 554 667 589 qui
693 555 725 582 15
746 556 845 590 Aprilis
868 557 912 592 (V.

130 594 251 630 Theoph.
283 596 430 632 Chronogr.
455 603 535 632 atque
561 599 636 626 Pattli
662 600 767 627 diacotti
798 602 912 628 ntiscell.

129 640 176 667 lib.
192 644 262 676 ιιιιι)
287 651 340 670 ιιοιι
358 651 412 678 quo
437 646 706 679 comperendinatum
727 645 831 674 Pascha
852 655 915 681 pro-

130 691 189 721 pler
203 688 348 715 terminutn
365 689 390 715 in
405 688 471 716 feria
486 698 533 722 vti,
550 691 595 717 sed
610 691 674 725 quia
686 692 732 727 qui
744 693 777 719 ad
793 693 826 720 13
837 693 915 728 Apri-

130 732 162 759 lis
175 734 315 766 distulere,
330 734 648 770 tertninntn‘pascltalem
660 737 793 765 habebant
809 739 825 765 6
836 739 915 773 Apri-

129 779 174 812 lis,
191 785 218 807 ttt
234 780 260 807 in
275 788 356 808 omne
372 786 479 817 tempus
494 784 589 810 statuit
605 784 775 812 Antiochena
794 785 915 813 Ecclesia

128 824 156 852 in
184 825 294 853 Canone
327 834 405 854 suo:
428 836 523 862 reapse
550 833 639 856 tamen
664 837 752 864 neque
784 836 915 865 perpetuo

127 879 220 898 verum
237 880 308 899 anno
325 873 337 899 1
357 874 424 908 cycli
443 874 546 901 lunaris
566 875 735 902 terntinalem
752 877 821 903 diem
836 885 915 905 assu-

965 290 1021 318 quo
1034 283 1068 310 ab
1081 290 1113 310 ea
1135 287 1214 309 tutata
1229 282 1392 310 sevocetur?
1407 281 1475 309 Tam
1495 281 1586 308 nobile
1608 288 1754 316 argumen-

966 333 1023 356 tum
1047 329 1189 364 copiosam
1207 328 1289 355 nobis
1311 328 1428 362 praebuit
1442 327 1600 362 disputandi
1621 332 1753 362 segetem,

967 380 996 402 ιιι
1021 376 1096 402 ttullo
1122 375 1209 402 lector
1230 374 1570 408 impeditus“praeiudicio.
1590 380 1680 400 causa:
1702 380 1758 400 no-

964 426 1030 448 strae
1045 422 1109 455 jura
1128 424 1249 448 tueatur.
1266 418 1344 446 Nunc
1361 419 1465 453 reliqua
1480 426 1641 453 prosequar.

1000 466 1096 494 XXIV.
1118 467 1268 501 Cajetanus
1290 465 1381 492 nervis
1397 465 1525 492 omnilnts
1539 465 1653 491 certavit
1668 465 1755 492 inter-

967 511 1051 538 fuisse
1074 511 1237 545 Gregorium
1265 508 1370 544 synodo
1385 516 1401 534 ιι
1429 510 1623 541 meumenicm,
1638 516 1656 535 tt
1683 509 1755 536 Con-

966 558 1226 592 stantinopolitanae,
1240 563 1327 590 eaque
1350 558 1461 589 propter
1484 559 1612 589 suspecta
1627 555 1757 582 venditac

966 603 1022 635 vit,
1051 611 1113 637 quae
1141 603 1168 630 in
1199 602 1307 630 Leontii
1335 601 1542 628 Commentario
1570 600 1696 635 leguntur
1720 602 1757 628 de

968 648 1075 684 Sergio,
1092 649 1174 684 Cyro,
1187 655 1214 676 et
1228 649 1313 676 Paulo
1330 647 1571 675 Monothelitanttn
1585 646 1667 683 309
1679 651 1754 674 ante-

966 694 1099 729 signanis,
1115 698 1142 721 et
1158 695 1183 721 in
1199 694 1317 721 concilio
1339 693 1572 721 anathematismo
1593 692 1761 721 confodienr

966 741 1019 772 dis,
1037 740 1109 775 quod
1130 740 1211 774 plane
1237 739 1394 767 confectum
1411 739 1439 765 in
1457 746 1483 765 Vl
1507 738 1611 774 synodo
1633 746 1754 767 (scamo-

966 785 1039 812 nica.
1056 783 1122 817 Nos,
1140 792 1202 819 qua:
1223 785 1250 811 in
1266 784 1390 813 Caietani
1410 783 1573 824 sententiam
1590 788 1753 818 pugnarent,

967 831 1121 863 attulimus,
1141 835 1171 857 ut
1190 834 1266 857 certe
1291 838 1344 856 non
1362 829 1532 863 dubitemus,
1554 830 1631 864 quin,
1655 830 1678 856 si
1697 831 1755 856 clad

968 877 1095 904 rissitnus
1110 876 1151 903 vir
1166 876 1253 903 lucem
1282 875 1363 902 hodie
1386 875 1550 908 intueretur,
1574 883 1605 902 ex
1624 875 1754 909 opinione

127 918 253 945 mendum
263 919 280 946 5
290 919 398 953 Aprilis.
413 925 440 947 ιιι
454 920 584 953 llomana,
597 921 914 957 Constantinopolitana,
930 915 951 942 Β
965 922 1129 949 discederet.
1152 920 1230 948 Nunc
1254 928 1317 948 vero
1339 928 1388 955 par
1408 925 1450 948 est
1464 921 1696 951 demonstremus,
1718 927 1753 948 ne
1766 932 1772 934 Α

128 963 308 992 Alexandrina
330 965 463 997 Ecclesia,
482 967 522 994 vel
541 967 557 994 6
571 967 682 1001 Aprilis,
699 972 727 995 ut
743 968 913 997 Antioehcna

126 1011 217 1037 sanxit
241 1011 373 1043 Ecrlcsia,
396 1013 441 1039 sed
470 1013 567 1046 partim
592 1013 618 1044 5,
642 1014 740 1047 partim
762 1014 778 1041 6
801 1015 912 1049 Aprilis.

125 1056 204 1082 Auno
218 1056 327 1091 quidem
343 1058 446 1091 periodi
459 1058 474 1084 7
487 1063 513 1085 et
526 1058 571 1091 64,
583 1066 665 1086 verus
676 1060 807 1087 terminus
815 1061 873 1088 dies
884 1062 912 1094 5,

124 1108 198 1127 anno
213 1102 247 1128 26
260 1108 286 1129 et
302 1103 348 1134 45,
365 1103 422 1130 dies
439 1104 455 1130 6
467 1103 580 1138 Aprilis.
595 1105 646 1132 Sed
661 1106 732 1132 enim
749 1114 821 1134 anno
834 1107 913 1134 Chri-

124 1150 159 1172 stt
179 1146 230 1174 760
251 1148 406 1182 agitabatur
428 1148 599 1176 Seleucidum
621 1151 699 1184 1071,
721 1151 767 1185 qui
782 1152 796 1178 7
810 1153 913 1187 periodi

127 1190 158 1217 15
171 1191 325 1226 Calippicaz,
341 1194 508 1229 proindcque
522 1194 658 1231 legitimus
671 1197 806 1230 paschalis
819 1198 913 1225 termi-

124 1244 176 1264 nus
201 1238 216 1264 5
241 1238 352 1273 Aprilis.
378 1239 436 1266 Jant
460 1240 656 1269 .lustinianttsl
677 1243 744 1277 Aug.
768 1244 912 1278 ituperittm

123 1282 186 1309 iniit
210 1291 281 1310 anno
298 1285 401 1311 Christi
426 1285 595 1321 Dionysiano
611 1287 672 1319 5'27,
696 1296 789 1316 mense
812 1291 911 1323 sextili,

123 1334 239 1355 exeunte
248 1328 265 1355 2
274 1329 377 1363 periodi
392 1330 422 1356 l2
431 1331 585 1366 Calippicte,
598 1333 643 1367 qui
657 1332 829 1362 Seleucidum
842 1336 911 1369 838;

123 1374 199 1400 exuit
211 1383 274 1401 vero
291 1375 344 1413 [ato
355 1377 507 1404 exstinctus
522 1386 593 1404 attno
611 1378 673 1411 565,
692 1388 785 1408 mense
799 1381 914 1409 Novem-

125 1418 185 1452 bri;
210 1420 256 1453 qtti
274 1428 360 1448 novus
380 1422 411 1448 41
429 1422 533 1456 periodi
559 1423 592 1449 12
614 1424 771 1459 Calippicce,
791 1426 909 1454 Seleuci-

123 1463 189 1490 dum
206 1465 269 1492 877.
287 1467 315 1493 ln
332 1467 382 1494 hoc
408 1476 543 1495 annorum
570 1470 707 1503 curriculo
728 1471 817 1498 idonei
836 1473 913 1500 insti-

125 1515 183 1537 tuto
206 1517 299 1538 nostro
315 1513 457 1546 paschales
481 1515 590 1541 termini
615 1523 675 1543 sese
693 1516 810 1544 oll‘erttnt
835 1519 913 1547 annis

124 1556 228 1609 periodi
245 1558 272 1590 5,
290 1558 317 1609 7,
344 1559 386 1609 10,
408 1561 451 1592 13,
482 1561 524 1594 18,
541 1562 586 1594 21,
605 1562 649 1593 21,
672 1562 716 1596 9.9,
735 1564 779 1596 ὅτε,
796 1564 841 1597 57,
863 1566 908 1593 40.
927 1582 947 1609 C

129 1601 181 1629 Sed
199 1611 272 1630 attito
289 1605 315 1636 5,
333 1605 434 1634 Christi
458 1607 519 1640 550,
540 1609 616 1643 cyclo
633 1609 698 1636 solis
713 1609 738 1641 7,
756 1610 842 1637 littera
859 1610 912 1639 Do-

125 1648 246 1676 minicali
269 1650 311 1681 F,
341 1652 474 1680 terminus
505 1654 532 1680 in
564 1653 630 1681 feria
658 1662 683 1681 ν.
711 1655 781 1689 Ergo
808 1656 912 1684 Pascha

124 1694 157 1720 51
179 1694 279 1723 Martii.
303 1697 383 1724 Anno
404 1699 431 1732 7,
451 1699 552 1727 Christi
568 1700 630 1732 552,
650 1702 724 1735 cyclo
747 1703 813 1730 solis
826 1703 852 1734 9,
871 1703 914 1730 lit-

124 1745 183 1768 tera
213 1743 372 1770 Dominicali
398 1744 465 1777 DC,
485 1746 618 1773 terminus
645 1747 670 1774 in
697 1747 763 1774 feria
785 1756 815 1777 tt.
843 1749 913 1784 Ergo

125 1787 230 1814 Pascha
246 1789 275 1815 ll
290 1789 403 1823 Aprilis.
415 1790 495 1817 Anno
508 1791 551 1823 10,
563 1791 663 1819 Christi
678 1792 840 1828 Dionysiano
848 1794 912 1827 555,

123 1833 203 1868 cyclo
222 1835 289 1861 solis
314 1835 355 1868 12,
379 1836 468 1863 littera
490 1836 651 1864 Dominicali
675 1838 708 1871 G,
734 1839 869 1866 terminus
886 1840 912 1867 in

125 1878 192 1906 feria
205 1887 252 1906 vn.
268 1879 339 1914 Ergo
353 1880 457 1908 Pascha
477 1882 494 1908 5
509 1883 550 1909 vel
566 1882 596 1909 l0
613 1882 714 1917 Aprilis
733 1884 805 1919 (nam
826 1886 914 1913 nesei-

124 1933 198 1957 mus,
223 1934 283 1960 qua:
307 1926 559 1963 llierosolymitante
584 1929 712 1957 Ecclesia:
732 1933 911 1965 consuetudo,

123 1978 187 1997 cum
203 1972 337 1999 terminus
353 1974 440 2000 exiret
458 1974 484 2000 itt
499 1974 591 2001 feriam
606 1975 664 2010 vn).
680 1976 759 2003 Anno
774 1977 814 2009 l5,
835 1978 913 2005 Chri-

124 2018 160 2044 sti
178 2018 241 2048 558,
258 2020 334 2053 cyclo
353 2020 418 2047 solis
435 2020 480 2052 15,
496 2021 583 2048 littera
597 2021 755 2049 Dominicali
773 2023 803 2054 C,
820 2025 914 2051 termi-

124 2070 177 2089 nus
203 2063 229 2090 in
252 2064 318 2090 feria
335 2073 375 2092 ιιι.
401 2065 471 2100 Ergo
486 2066 591 2094 Pascha
604 2068 620 2093 4
639 2068 749 2102 Aprilis.
775 2069 854 2096 Anno
872 2070 911 2101 l8,

123 2108 228 2135 Christi
249 2109 312 2142 545,
334 2110 411 2145 cyclo
435 2111 501 2138 solis
526 2111 571 2143 20,
587 2112 676 2139 littera
702 2112 861 2140 Dominicali
879 2113 912 2146 D,

125 2155 259 2182 terminus
273 2155 299 2181 in
313 2154 380 2182 feria
392 2164 417 2182 ν.
430 2155 499 2198 Ergo
509 2155 615 2184 Pascha
628 2158 643 2183 7
655 2158 766 2192 Aprilis.
780 2159 859 2185 Arno
867 2159 912 2190 21,

123 2199 227 2227 Christi
249 2200 311 2233 546,
330 2201 405 2236 cyclo
430 2202 494 2229 solis
516 2202 561 2234 25,
585 2203 673 2230 littera
699 2203 857 2231 Dominrcali
879 2204 912 2236 G,

964 967 1006 993 vel
1028 966 1113 993 hilum
1130 967 1240 1001 quidem
1256 966 1337 993 nobis
1354 965 1454 1000 opponi
1467 966 1646 993 Leontianam
1664 966 1753 992 histo-

964 1012 1046 1045 riam,
1062 1012 1128 1046 qttin
1141 1012 1244 1046 potius,
1257 1020 1319 1047 qua:
1332 1012 1366 1039 ad
1383 1012 1454 1040 hanc
1468 1020 1525 1040 rem
1542 1016 1635 1039 narrat
1648 1012 1750 1043 omnia,

964 1059 1072 1093 pondus
1088 1057 1188 1085 addere
1203 1058 1409 1093 gravissimum'
1424 1059 1577 1090 sententiae,
1596 1065 1677 1093 qttatn
1702 1064 1752 1084 ex-

966 1104 1119 1138 posuimus.
1144 1103 1189 1130 Ait
1214 1104 1297 1138 igitur
1324 1103 1467 1136 Leontius,
1489 1103 1664 1138 Gregorium,
1687 1109 1750 1129 cum

964 1148 1203 1183 Constantinopoli
1238 1154 1414 1180 versaretur,
1444 1148 1616 1183 Romamque
1647 1149 1751 1183 cogita-

965 1197 1017 1226 ret,
1035 1200 1050 1220 a
1061 1193 1364 1228 Constantinopolitano
1377 1193 1584 1228 archiepiscopo
1597 1193 1751 1227 detentum,

965 1240 1114 1274 quominus
1131 1243 1184 1266 tam
1206 1239 1295 1266 subito
1308 1239 1358 1266 iret
1376 1248 1382 1267 :
1400 1239 1534 1266 nefarium
1555 1239 1593 1266 illi
1607 1239 1751 1266 hazretico-

965 1284 1169 1311 rum.t"urorem
1196 1284 1348 1317 detexisse,
1374 1285 1424 1320 qui.
1446 1285 1550 1320 Sergii,
1574 1285 1655 1320 Cyri,
1676 1285 1750 1312 Pauli

965 1329 1066 1356 addicti
1081 1330 1203 1363 partibus
1218 1330 1341 1357 lunestas
1360 1330 1388 1357 itt
1405 1330 1523 1357 Ecclesia
1542 1330 1689 1365 tragoedias
1703 1338 1751 1357 ex-

965 1376 1101 1408 citarant;
1130 1376 1231 1410 quibus
1254 1376 1362 1403 obviam
1386 1377 1516 1409 cundum,
1541 1384 1629 1411 eoque
1643 1377 1751 1411 jussatn

965 1421 1111 1455 synodum.
1124 1420 1184 1448 Jam
1201 1429 1233 1448 ex
1249 1426 1346 1449 nostro
1360 1421 1471 1449 Canone
1482 1422 1605 1456 Gregorii
1619 1423 1752 1450 adventus
1798 1455 1800 1458 ν

964 1466 1231 1502 Constantinopolim
1256 1467 1371 1502 contigit
1398 1475 1470 1494 anno
1487 1467 1550 1500 678,
1569 1476 1624 1502 quo
1647 1476 1752 1503 magna:

965 1513 1003 1539 illi
1023 1517 1138 1547 praeerat
1155 1513 1282 1540 Ecclesiae
1307 1512 1469 1551 Tlteodortts
1494 1514 1636 1548 piissimus
1669 1519 1752 1549 atque

964 1560 1136 1587 ortltodoxus
1158 1560 1319 1594 episcopus,
1346 1560 1390 1593 qui
1416 1568 1447 1586 co
1472 1561 1529 1594 ιιικο
1555 1569 1625 1587 anno
1653 1562 1751 1587 throno

965 1612 1092 1639 exactus,
1115 1607 1265 1641 subrogato
1288 1605 1405 1641 Georgio
1427 1606 1664 1633 Monotltclilarunt
1689 1615 1751 1634 etttn

964 1661 1003 1683 re,
1030 1657 1086 1679 lunt
1107 1653 1237 1686 dignitate
1255 1652 1389 1687 principe,
1407 1661 1562 1686 quanquam
1588 1654 1697 1680 tandem
1725 1654 1750 1681 in

965 1699 1069 1733 synodo
1086 1699 1248 1733 sacrilegum
1268 1706 1389 1726 errorem
1407 1700 1530 1734 ejurarit.
1551 1700 1581 1726 lit
1604 1701 1751 1727 concilium

964 1745 1074 1779 quidem
1086 1746 1137 1771 sub
1147 1744 1291 1772 Theodoro
1301 1746 1457 1779 patriarcha
1468 1746 1599 1772 indictum
1611 1753 1681 1771 anno
1689 1746 1750 1776 678,

964 1791 1026 1817 licet
1042 1797 1166 1817 coactum
1185 1790 1325 1817 desinente
1343 1799 1415 1817 anno
1427 1792 1478 1822 680
1495 1796 1567 1825 patet
1583 1799 1615 1817 ex
1637 1792 1751 1818 Anasta-

964 1837 997 1863 sii
1011 1836 1139 1863 Romanae
1152 1836 1280 1863 Ecclesiae
1297 1836 1496 1863 bibliothecarii
1513 1837 1679 1868 testimonio,
1695 1838 1752 1863 ltzcc

965 1885 990 1911 in
1021 1884 1171 1918 Agathonis
1195 1883 1250 1910 vita
1278 1883 1425 1911 scribentis
1451 1881 1610 1909 :Dederant
1638 1883 1751 1916 piissimi

964 1932 1094 1965 principes
1111 1929 1311 1960 Constantinus,
1325 1929 1475 1961 Hernclitts,
1488 1933 1512 1955 et
1530 1928 1651 1955 Tiberius
1666 1928 1750 1961 Augg.

965 1978 1068 2003 litteras
1087 1985 1132 2010 per
1151 1975 1340 2010 Epiphanium,
1353 1975 1397 2010 qui
1422 1979 1478 2001 erat
1494 1975 1527 2000 iis
1548 1983 1564 2000 a
1580 1974 1697 2003 secretis,
1718 1973 1751 1998 (ul

965 2023 1079 2052 Uottttnt,
1096 2030 1170 2056 quem
1193 2021 1279 2047 adhuc
1302 2021 1469 2055 superstitem
1489 2020 1617 2052 putabant
1634 2018 1751 2053 Agatho-

965 2068 1004 2093 nis
1027 2073 1228 2098 nntrccssorem,
1251 2066 1344 2101 quibus
1367 2065 1554 2097 hortabantur,
1575 2065 1648 2091 vellet
1665 2065 1752 2098 ponti«

965 2114 1007 2147 [c.r
1033 2114 1192 2144 sacerdotes,
1211 2113 1308 2139 aliosve
1332 2113 1357 2138 in
1376 2112 1464 2139 urbem
1491 2112 1588 2146 regiam
1606 2111 1691 2145 legare
1718 2114 1751 2136 ad

966 2159 1099 2185 lirclrsias
1115 2159 1260 2193 aliquando
1278 2158 1478 2185 consocinndas.
1497 2157 1546 2184 llis
1559 2158 1671 2192 acceptis
1684 2158 1752 2191 Aga-

966 2205 1009 2230 tlto
1027 2209 1130 2230 (nutant
1152 2212 1204 2230 rem
1223 2205 1338 2239 segnius,
1365 2209 1410 2230 (tut
1431 2203 1527 2230 lentius
1549 2204 1676 2237 agendam
1701 2211 1751 2228 non

125 2246 260 2274 terminus
273 2247 300 2274 in
312 2247 378 2274 feria
392 2255 412 2276 ι.
425 2249 496 2283 Ergo
506 2247 612 2276 Pascha
624 2249 641 2275 8
652 2249 762 2284 Aprilis.
777 2251 855 2277 Atnto
866 2250 910 2283 ‘24,
929 2252 949 2278 D
963 2251 1076 2284 putavit.
1093 2251 1173 2285 Legat
1191 2250 1274 2285 igitur
1296 2250 1425 2283 extemplo
1441 2249 1639 2276 Abundantium
1660 2249 1753 2275 I-‘uter-

122 2292 226 2320 Christi
243 2293 306 2325 549,
330 2295 407 2329 cyclo
429 2295 496 2322 solis
518 2295 563 2327 26,
587 2295 678 2322 littera
704 2296 863 2323 Dominicali
880 2296 912 2329 C,

124 2340 259 2367 terminus
290 2341 317 2367 in
343 2340 410 2368 l'cria
441 2349 471 2368 ιι.
507 2340 577 2376 Ergo
615 2340 721 2369 Pascha
752 2342 769 2369 4
797 2343 910 2377 Aprilis.
932 2374 939 2380 l

120 2385 204 2412 Anno
229 2385 273 2418 29,
297 2385 399 2414 Christi
422 2386 485 2419 554,
510 2387 586 2422 cyclo
613 2387 678 2414 solis
700 2388 727 2419 5,
750 2388 837 2415 littera
863 2389 914 2416 Do-

122 2431 246 2459 minicali
268 2432 307 2465 D,
335 2433 470 2460 terminus
498 2432 526 2458 in
556 2431 624 2459 feria
643 2439 674 2459 ιι.
706 2432 777 2467 Ergo
803 2433 910 2461 Pascha

121 2477 270 2512 8Aprilis.
294 2478 374 2506 Anno
396 2479 448 2512 3‘2,
477 2478 578 2506 Christi
597 2479 663 2511 557,
687 2480 768 2514 cyclo
793 2480 859 2507 solis
879 2481 911 2512 6,

122 2523 224 2551 littera’
237 2524 400 2552 Dominicali
424 2525 458 2557 G,
484 2525 620 2553 terminus
641 2525 668 2551 itt
692 2524 758 2552 feria
780 2533 817 2553 vt.
840 2525 912 2560 Ergo

120 2569 229 2597 Pascha
247 2570 258 2596 1
279 2571 392 2606 Aprilis.
415 2571 495 2598 Anno
515 2571 560 2604 57,
577 2571 679 2599 Christi
695 2571 758 2604 562,
774 2572 851 2607 cyclo
868 2580 913 2599 so-

120 2616 155 2643 lis
170 2616 214 2645 11.
239 2616 327 2643 littera
344 2616 506 2644 Dominicali
530 2617 561 2650 A,
584 2617 720 2645 terminus
742 2618 769 2644 in
786 2617 911 2645 feriant.

120 2661 196 2695 Ergo
211 2661 317 2688 Pascha
333 2662 347 2687 7
365 2662 478 2696 Aprilis.
491 2663 570 2690 Anno
582 2662 628 2695 40,
644 2662 746 2689 Christi
760 2662 821 2694 565,
836 2662 913 2698 cyclo

119 2707 190 2733 solis
206 2706 251 2739 14,
266 2707 356 2734 littera
371 2706 536 2735 Dominicali
553 2707 585 2742 D,
602 2708 736 2735 terminus
749 2708 776 2734 in
793 2707 862 2735 feria
875 2716 911 2734 tv.

118 2752 195 2787 Ergo
217 2752 322 2780 Pascha
345 2754 362 2780 5
380 2753 494 2788 Aprilis.
512 2754 624 2788 Ecquod
646 2754 754 2781 tandem
778 2755 914 2789 supererit

118 2799 247 2835 asylum,
271 2807 327 2834 quo
353 2799 495 2835 confugiat
518 2799 666 2828 Caietanus
692 2800 856 2835 Gregorium
879 2800 912 2826 ad

119 2844 274 2873 Iustiniani
291 2846 301 2873 l
320 2851 441 2881 tempora
468 2854 612 2878 revocans,
640 2853 703 2874 cum
722 2852 776 2874 tam
797 2846 913 2874 illustris

119 2892 268 2921 character
290 2892 442 2927 Paschatis,
466 2888 539 2928 qubd
562 2892 760 2926 Hierosolymis
782 2892 827 2920 ille
844 2892 913 2920 cele-

965 2304 1080 2328 nensem,
1100 2296 1230 2323 Joannem
1254 2295 1410 2330 Rheginunt,
1435 2300 1458 2321 et
1471 2295 1600 2322 Joannem
1621 2295 1753 2321 Portum—

964 2350 1017 2368 sem
1031 2342 1166 2383 ‘episcopos
1178 2362 1185 2372 ,
1204 2340 1366 2367 Theodorum
1384 2346 1510 2373 pra'lt't'ca
1524 2362 1530 2371 ,
1549 2346 1572 2366 ct
1597 2339 1750 2374 Gregorium

964 2388 1140 2422 presbyteros,
1162 2387 1292 2414 Joannem
1313 2388 1470 2418 tlincmtunt,
1498 2392 1520 2412 et
1547 2387 1751 2413 Constantinum

964 2432 1165 2464 subdiaconum,
1186 2432 1352 2458 Theodorum
1376 2433 1437 2458 item
1453 2433 1631 2466 presbyterum
1649 2431 1750 2457 Πανίτη-

965 2483 1064 2510 natent,
1080 2483 1105 2505 et
1128 2479 1268 2505 monac/tos
1289 2478 1338 2504 Dei
1363 2487 1459 2504 scrros.
1480 2478 1579 2504 Abeunt
1598 2478 1751 2504 Constanti—

964 2525 1091 2559 nopolim,
1107 2525 1139 2551 ab
1160 2526 1317 2559 imperatore
1336 2525 1478 2558 honoriﬁce
1499 2526 1674 2559 arripiuntur,
1696 2534 1751 2551 mo-

964 2575 1075 2601 nentur,
1101 2578 1132 2596 ne
1153 2578 1199 2604 per
1227 2569 1367 2596 tumultum
1395 2570 1550 2603 turbasque,
1574 2569 1618 2594 sed
1649 2569 1752 2602 placide

965 2617 1149 2650 moderatoque
1163 2616 1296 2650 negotium
1312 2616 1473 2649 trmtsigant.
1495 2614 1675 2648 Interfurrnnt
1690 2623 1751 2648 syn-

964 2662 1014 2688 odo
1032 2666 1128 2695 prater
1150 2662 1334 2695 imperatorem
1362 2661 1497 2687 Macarius
1518 2661 1703 2690 Antiochcnus,
1727 2666 1750 2686 ct

965 2707 1093 2742 Georgius
1119 2707 1276 2741 patriarcha
1304 2706 1628 2741 Constantinopolitanae.
1652 2707 1752 2740 ipsique

964 2753 1117 2787 apostolica.-
1143 2753 1213 2780 sedis
1234 2753 1325 2788 legati,
1339 2757 1363 2779 et
1385 2761 1417 2779 ea:
1433 2752 1538 2779 Oriente
1561 2753 1674 2787 episcopi
1688 2751 1749 2779 150.

965 2800 1124 2832 Quantum,
1140 2804 1168 2826 ut
1184 2800 1365 2834 explicaretur
1381 2799 1509 2833 apertius,
1532 2807 1566 2825 an
1583 2799 1643 2826 dum
1655 2799 1708 2825 sint
1724 2799 1752 2825 in

965 2846 1071 2873 Christo
1099 2845 1211 2872 Domino
1243 2845 1399 2872 voluntates.
1430 2844 1490 2871 Jam
1520 2844 1602 2879 igitur
1629 2852 1752 2872 «acume-

965 2893 1027 2920 nica
1043 2900 1068 2919 ιιι
1085 2892 1216 2928 synodus,
1233 2899 1286 2927 qua
1304 2892 1337 2919 de
1353 2892 1447 2920 scribit
1461 2891 1633 2924 Anastasius,
1649 2890 1752 2919 indicta
