2041 3159
326 175 392 209 1207

321 234 372 262 sub
388 233 463 259 Dono
480 232 608 262 Romana:
624 235 753 263 Ecclesiae
769 238 911 272 pontiﬁce,
929 239 973 265 cui
989 247 1048 265 eam
1070 239 1102 265 ad

322 286 378 305 rem
396 280 503 313 scriptae
516 279 631 313 litterae,
650 289 710 316 qua:
726 287 818 310 tamen
836 283 950 311 Romam
966 292 1020 312 non
1039 285 1102 312 alla-

321 328 365 356 tae,
390 324 442 351 nisi
467 325 527 359 ipso
553 326 608 353 vita
625 326 766 360 defuncto,
793 329 871 363 sique
893 329 985 356 Donus
1007 337 1104 357 exces-

321 369 357 396 sit
378 377 402 396 Iv
425 370 488 397 ldus
508 371 608 405 Aprilis
631 372 696 398 anni
712 372 773 406 678,
795 373 857 407 quis
880 375 1019 408 negaverit
1034 374 1104 401 indi~

320 419 391 441 ctam
413 416 547 450 synodum
572 416 621 444 hoc
636 417 695 451 ipso
712 426 794 450 anno,
811 426 866 453 quo
887 419 1049 447 Theodorus
1071 420 1103 446 ad

321 460 505 495 gubernacula
531 461 841 497 Constantinopolitanre
865 464 993 492 Ecclesiae
1015 465 1105 492 adhuc

321 506 452 533 sedebat?
473 506 620 534 Panvinius
640 507 665 534 iu
686 508 750 535 Chr.
775 508 846 539 Eecl.
865 510 1039 538 Theodorum
1056 519 1104 546 pa-

321 552 500 579 triarchatum
516 552 610 579 iniisse
631 553 728 582 scribit
742 562 814 581 anno
831 554 893 588 680,
917 564 1033 591 cumque
1048 565 1104 590 ges-

322 598 393 624 sisse
414 605 500 624 annos
527 598 555 629 2,
588 606 697 626 menses
711 600 737 626 3,.
769 600 931 635 Quanquam
954 602 1054 635 istliuc,
1080 603 1104 629 si

320 642 429 675 quidem
446 650 550 675 verum,
574 644 679 672 nullum
695 646 838 672 sententiae
852 650 952 674 nostra
971 647 1104 682 indigeret

321 688 436 720 vulnus;
471 688 498 715 in
524 695 649 723 promptu
679 690 751 716 enim
781 690 852 718 foret
876 693 976 725 dicere,
996 694 1104 721 venisse

320 734 432 768 quidem
453 734 719 769 Constantinopolim
742 735 903 771 Gregorium
932 746 1005 765 anno
1034 739 1103 772 678,

321 780 369 807 sed
396 788 410 807 a
440 780 585 808 Theodoro
608 781 747 809 detentum
770 791 843 810 anno
869 783 935 815 680,
958 786 1103 818 quominus

322 825 434 852 llomam
460 827 566 859 abiret;
594 828 769 856 dissimulare
795 834 884 856 tamen
904 837 956 856 non
979 838 1102 865 possutn,

319 872 425 906 egregie
447 872 473 898 in
491 880 523 899 co
543 872 642 900 falsum
659 873 831 901 Panvinium.
852 875 959 902 Etenim
975 877 997 902 si
1015 875 1103 904 Theo-

319 918 403 945 dorus
423 925 508 944 annos
534 919 561 951 εὶ,
586 926 695 946 menses
720 920 747 951 5,
773 919 1102 955 Constantinopolitanaln

320 968 389 989 rent
402 962 566 997 Ecclesiam,
582 965 606 991 si
619 965 739 999 pontifex
760 966 836 992 audit
850 974 923 992 anno
933 966 994 999 680,
1010 974 1104 994 conse-

306 1016 406 1042 -quens
433 1012 485 1039 est,
513 1014 638 1036 exactum
667 1009 741 1036 ίΙΙιιιι
770 1010 929 1044 pontiﬁcatu
952 1018 1024 1037 anno
1038 1010 1102 1037 682.

317 1054 399 1087 Atqui
413 1059 491 1080 extra
505 1055 699 1081 controversia
716 1054 803 1081 aleam
818 1054 937 1088 positum
953 1059 1005 1086 est,
1020 1054 1104 1081 Geor-

318 1100 392 1134 gium
423 1100 608 1134 patriarcham
637 1100 742 1135 synodo
771 1099 934 1134 prtel'iiisse,
969 1107 1030 1134 quae
1062 1101 1104 1127 in-

318 1145 415 1177 choata
432 1154 467 1172 vu
493 1145 557 1173 ldus
580 1145 746 1173 Novembres
765 1146 827 1173 anui
854 1146 916 1179 680,
941 1146 1021 1173 desiit
1039 1153 1103 1172 vero

318 1199 390 1221 anno
404 1191 466 1219 681.
488 1191 542 1218 Aut
556 1192 637 1226 igitur
658 1199 713 1218 uno
741 1191 894 1226 eodemque
910 1196 1032 1225 tempore
1050 1192 1103 1217 duo

319 1237 346 1263 in
363 1236 673 1270 Coustautinopulitame
687 1235 815 1263 Ecclesiae
829 1236 957 1263 cathedra
973 1235 1104 1262 sedebant

318 1282 450 1316 episcopi,
466 1287 513 1309 aut
532 1283 645 1309 omnino
661 1281 760 1310 falsum
782 1282 855 1316 quod
869 1282 902 1308 de
922 1289 993 1309 anno
1009 1289 1103 1309 susce-

320 1328 357 1362 pti
375 1336 391 1354 a
410 1327 553 1355 Theodoro
569 1327 745 1361 pontiﬁcatus
762 1328 847 1354 sensit
871 1326 1031 1354 Panvinius.
1050 1327 1103 1354 Ita-

319 1382 372 1409 que
399 1374 510 1408 explosa
533 1374 595 1408 ejus
618 1373 759 1407 opinione,
784 1373 891 1400 illorum
917 1373 1102 1400 inhaarendum

319 1419 452 1454 vestigiis,
473 1419 518 1454 qui
544 1423 677 1450 Statuunt,
702 1419 862 1453 pontiﬁcatu
878 1419 994 1453 ejectum
1013 1418 1102 1446 Theo-

319 1466 415 1492 dorum
438 1472 510 1494 anno
534 1465 597 1497 678,
613 1472 693 1499 quem
718 1464 815 1491 iterum
842 1463 940 1497 adierit
961 1471 1034 1491 anno
1051 1463 1104 1491 685

319 1509 512 1539 mortalitatem
529 1514 609 1536 exuto
620 1509 747 1543 Georgio.

353 1554 436 1583 XXV.
458 1554 551 1589 Neque
566 1562 638 1587 vero,
651 1556 724 1589 quod
745 1556 839 1582 auctor
856 1555 985 1582 Breviarii
1002 1555 1104 1590 Grego—

322 1601 404 1628 rianae
425 1600 493 1627 Vitae
517 1601 634 1633 scribat,
661 1600 778 1634 Georgio
799 1601 1104 1635 Constantinopolitanae

321 1646 450 1678 Ecclesia:
470 1646 536 1678 jura
555 1647 645 1677 dante,
665 1645 826 1679 Gregorium
851 1650 976 1672 nostrum
1000 1646 1103 1680 regiam

323 1692 416 1718 urbem
443 1690 570 1725 petiisse,
599 1690 745 1718 consilium
775 1696 886 1719 mutem.
913 1690 995 1717 Multa
1015 1699 1046 1717 ca
1076 1691 1104 1717 in

320 1740 437 1772 epitome
457 1740 663 1771 perecusentur,
676 1745 737 1771 qua:
757 1737 791 1764 ab
809 1736 915 1763 Leontii
931 1738 1106 1764 Commenta-

322 1786 381 1814 rio,
412 1784 523 1817 proinde
553 1792 566 1809 a
592 1791 655 1809 rcio
684 1783 836 1810 discedunt.
861 1783 906 1809 Ait
930 1783 1105 1817 epitomastes

321 1831 480 1865 (Lrugorium
505 1831 535 1856 18
553 1835 676 1864 agentem
700 1837 801 1856 annum
823 1830 897 1856 clero
916 1830 1064 1863 ascriptum
1090 1838 1106 1856 a

323 1877 481 1903 l‘otaiuione
494 1876 733 1910 Agrigentinorum
750 1876 877 1909 episcopo
893 1884 899 1901 τ
915 1875 962 1902 sed
975 1875 1106 1902 Leontius

325 1926 457 1948 uiuum-at
478 1921 578 1947 factum
597 1920 695 1950 isthuc',
715 1927 775 1947 cum
793 1927 878 1946 annos
902 1919 945 1946 ille
965 1924 1046 1946 natus
1062 1919 1104 1951 1‘2,

325 1975 395 1994 anno
412 1975 475 1993 vero
496 1967 527 1992 l8
542 1974 556 1993 c
572 1967 656 2000 patria
674 1965 836 1993 excessisse.
855 1965 961 1999 Excipit
975 1965 1107 2000 epitoma-

324 2019 389 2044 stes,
414 2013 574 2046 Gregorium
602 2013 671 2045 apud
698 2011 817 2039 Marcum
840 2011 964 2038 abbatem
984 2011 1000 2037 4
1020 2018 1107 2038 annos

324 2061 489 2085 diu-malum
507 2058 686 2091 Carthagine.
707 2065 721 2084 a
737 2064 792 2091 quo
810 2065 886 2084 Sacra
908 2056 1052 2090 diseiplina
1067 2056 1108 2083 in-

326 2107 445 2131 stitutus.
466 2104 565 2131 Verum
590 2104 719 2130 Leontius
738 2103 804 2129 nihil
828 2103 881 2130 Iule
900 2102 1042 2137 significat,
1060 2102 1108 2129 sed

324 2152 526 2184 qu..triennium
542 2150 592 2176 hoc
608 2155 733 2180 exactum
746 2149 836 2184 prodit
848 2148 875 2175 in
888 2148 994 2174 Uliveto
1004 2152 1107 2180 monte,

326 2203 466 2230 postquam
486 2196 680 2230 Hierosolymis
701 2195 788 2229 primo
810 2194 965 2229 emigravit,
982 2194 1028 2220 ubi
1044 2200 1108 2220 vere

325 2245 395 2278 apud
418 2245 512 2270 Senem
538 2242 679 2276 queuulam
703 2244 821 2268 ascetam
838 2240 851 2266 4
874 2239 939 2266 vivit
956 2246 1053 2271 annos,
1074 2239 1108 2266 ab

325 2299 412 2323 rdquo
439 2289 545 2315 divinas
574 2296 615 2314 res
642 2287 764 2314 edoctus.
797 2284 879 2312 Addit
908 2286 1108 2318 epitomastes,

324 2335 484 2370 Gregorium
500 2343 553 2361 uua
569 2341 629 2364 cum
645 2332 735 2359 Marco
751 2331 917 2365 Carthagine
936 2330 1107 2357 Antiochiam

324 2382 486 2417 profectum,
503 2385 583 2414 atque
602 2379 663 2406 inde
683 2378 881 2412 Hierosolyma,
904 2376 948 2403 ubi
962 2384 976 2402 a
990 2375 1109 2403 Macario

325 2428 454 2462 cpisvopo
483 2427 554 2453 inter
578 2425 708 2452 diaconos
737 2423 896 2457 repOsitus:
917 2426 945 2448 at
975 2422 1048 2448 enim
1076 2429 1108 2448 ex

325 2474 438 2501 Leontio
463 2476 578 2504 constat,
596 2478 734 2505 nunquam
751 2469 913 2504 Gregorium
935 2476 997 2494 cum
1019 2467 1113 2495 Marco.

326 2519 424 2546 abbate
437 2518 613 2546 Antiochiam
634 2517 772 2545 inrisisse,
795 2515 842 2542 sed
866 2514 969 2541 adiisse
990 2517 1107 2545 tantum,

326 2570 469 2600 postquam
497 2562 693 2597 Hierosolymis
719 2560 838 2588 secundo
858 2560 1011 2594 digressus,
1039 2557 1110 2585 Coti-

326 2610 531 2645 stantiuopolim
551 2608 735 2643 profecturus.
751 2606 816 2632 Tam
838 2605 922 2632 multa
937 2612 998 2632 cum
1021 2604 1111 2631 tradat

325 2658 522 2693 cpitomastcs,
551 2662 611 2689 qua:
631 2661 694 2681 vero
733 2651 803 2679 haud
830 2651 932 2682 alliuia,
955 2651 977 2677 si
1000 2650 1111 2684 quidem

326 2704 510 2731 certissimam
524 2702 602 2729 ﬁdem
618 2700 774 2727 Leontianaa
794 2698 915 2726 historiae
929 2696 1111 2728 vindicemus,

327 2749 368 2777 uti
405 2749 464 2776 sine
498 2747 583 2775 dubio
610 2746 792 2777 vindicanda,
824 2744 870 2779 qui
907 2742 946 2776 illi
981 2742 1112 2776 astipuler

329 2794 493 2828 perbibeuti,
515 2790 823 2826 Constantinopolitanze
841 2787 968 2817 Ecclesiae
983 2787 1111 2814 thronum

329 2839 463 2867 insedisse
477 2838 634 2873 Georgium,
650 2844 710 2864 cum
726 2834 874 2870 Gregorius
894 2833 995 2867 regiam
1018 2832 1112 2860 urbem

332 2885 489 2922 ingressus?
505 2884 557 2912 Sed
573 2884 605 2911 ad
618 2882 761 2911 Leontium
778 2880 859 2910 redeo

766 184 814 212 DE
834 184 963 213 {ETATE
984 186 1012 213 S.
1034 184 1221 214 GREGORU
1238 186 1493 218 AGHlGENTlNI

1851 191 1908 223 1208

1118 244 1140 269 Α
1189 240 1283 267 XXVI.
1314 241 1384 276 Ergo
1414 243 1543 278 subjicit,
1577 243 1727 271 Romanum
1752 244 1905 281 episcopum,

1155 286 1255 321 quippe
1278 287 1416 321 allectum,
1438 289 1541 324 synodo
1564 290 1683 317 libellqu
1704 291 1804 319 misisse
1820 295 1906 328 propria

1154 332 1237 367 310
1250 341 1329 360 manu
1341 335 1519 368 conscriptum
1538 336 1569 361 de
1585 337 1713 363 sententia
1729 338 1907 367 ortliodoxorum

1156 379 1306 404 antistitum
1328 379 1413 412 ipsius
1427 380 1515 406 locum
1527 382 1696 408 servantium.
1709 381 1775 414 Quid
1794 384 1871 411 Vt'l‘llls
1882 385 1908 412 de

1154 423 1295 457 Agathone
1307 424 1359 451 dici
1377 425 1514 458 potuerit?
1531 425 1579 452 Hic
1594 427 1731 453 enimvero
1744 428 1836 461 legatus
1850 431 1909 457 misit

1154 468 1360 496 Abundantium
1388 469 1591 500 Paternensem.
1613 471 1742 501 Joannem
1767 472 1907 508 Rheginum,

1154 517 1181 539 et
1194 511 1324 540 Joannem
1340 515 1517 542 Portuensem
1542 517 1694 551 episcopos,
1713 519 1756 552 qui
1776 519 1814 545 sui
1832 526 1909 553 perso-

1155 565 1217 585 nam
1246 559 1274 585 in
1300 560 1405 594 synodo
1428 566 1569 595 gererent,
1597 562 1731 599 simulque
1755 563 1907 598 synodicam.

1155 605 1199 631 cui
1215 604 1267 631 120
1284 606 1402 641 episcopi
1424 608 1595 641 patriarchiae
1616 616 1672 636 suae
1694 609 1909 640 obnoxiiﬁ'subscri-

1155 658 1243 684 pscre,
1263 651 1302 678 uti
1321 653 1402 678 modo
1419 652 1546 679 laudatus
1563 654 1724 681 Anastasius
1739 655 1824 681 tradit.
1838 654 1909 681 Maca-

1156 694 1223 720 rium
1237 702 1295 721 vero
1308 695 1478 728 pertinacem,
1495 704 1540 722 nec
1555 696 1589 722 ad
1612 696 1763 730 synodicam
1775 697 1907 731 Agat/iouia,

1155 740 1198 765 cui
1213 739 1424 774 subscripserunt
1447 740 1598 768 Occidentis
1618 742 1730 776 episcopi
1747 742 1804 774 120.
1823 743 1908 777 acquie-

1155 790 1279 815 sceutem,
1301 784 1537 817 anathematizant,
1565 792 1578 810 e
1594 786 1692 818 synodo
1712 785 1851 820 exturbant,
1868 784 1908 812 Ηιμ

1156 837 1276 863 mumque
1290 837 1349 855 cum
1368 829 1423 855 suis
1439 829 1548 862 ejiciunt
1564 829 1591 855 in
1606 829 1739 856 exsilium.

1192 873 1296 901 XXVII.
1318 874 1356 901 Ea
1379 874 1405 901 in
1428 875 1532 909 synodo
1555 875 1687 911 Gregorio
1707 880 1795 903 nostro
1818 876 1910 903 deman-

1120 908 1141 937 Β
1155 920 1225 947 datae
1252 924 1343 953 partes
1366 908 1487 954 episcopi
1514 908 1632 948 Sardica)
1655 920 1814 949 Constantia:
1835 922 1908 956 Cypri.

1154 965 1253 999 quippe
1265 965 1312 999 qui
1324 966 1420 992 morbo
1433 970 1588 1000 urgeretur.
1604 966 1636 994 Et
1652 974 1718 994 vero
1727 968 1860 1002 quominus
1870 967 1910 993 hac

1155 1014 1313 1044 tempestate
1334 1009 1500 1037 Constantim
1513 1010 1605 1046 Cypri,
1621 1015 1648 1038 et
1662 1011 1779 1040 Sardicte
1789 1012 1910 1047 episcopus

1154 1062 1225 1082 unus
1244 1054 1371 1089 idemque
1394 1054 1487 1085 fuerit,
1508 1056 1644 1090 adaptatis
1657 1056 1760 1084 scilicet
1777 1056 1807 1083 ad
1823 1060 1909 1089 tempus

1154 1107 1168 1126 a
1183 1099 1339 1127 Sardicensi
1363 1100 1481 1127 Ecclesia
1497 1101 1719 1129 Constantiensis
1736 1102 1844 1138 juribus,
1856 1100 1909 1127 nihil

1153 1152 1210 1179 est,
1246 1146 1319 1181 quod
1348 1146 1503 1181 prohibeat.
1535 1146 1640 1174 Etenim
1671 1155 1742 1174 anno
1766 1147 1781 1173 8
1814 1145 1909 1173 Heraclii

1153 1192 1311 1221 Constantis
1327 1191 1347 1218 ll
1368 1193 1452 1227 Aug.,
1476 1192 1578 1220 Christi
1603 1192 1765 1228 Dionysiano
1786 1192 1842 1225 648,
1862 1191 1910 1218 Bar-

1155 1239 1213 1266 bari
1236 1239 1306 1266 duce
1329 1238 1457 1266 Muhavia
1470 1238 1580 1274 [Egypti
1604 1239 1710 1273 Amira,
1731 1239 1775 1275 qui
1795 1239 1909 1272 deinceps.

1154 1285 1287 1312 exstincto
1302 1284 1433 1317 lloamen,
1449 1285 1506 1312 sive
1520 1284 1793 1317 Othmano,Arabum
1805 1284 1822 1310 ν
1836 1284 1911 1310 Amer-

1154 1338 1279 1358 mumncs
1300 1330 1575 1364 (Amiral-mumanin
1596 1331 1649 1366 ipsi
1676 1331 1791 1365 vocant),
1812 1331 1910 1365 Cyprum

1154 1376 1271 1403 insulam
1296 1377 1435 1409 invaSere,
1463 1375 1628 1403 Christianis
1653 1376 1716 1404 inde
1743 1376 1857 1403 omnibus
1875 1374 1911 1401 de-

1153 1422 1242 1457 pulsis
1255 1421 1390 1457 (Thcoph.
1405 1422 1431 1448 in
1450 1421 1513 1449 Chr.
1525 1421 1543 1456 )1
1562 1422 1607 1456 qui
1622 1421 1649 1448 in
1667 1421 1768 1457 patrios
1783 1421 1849 1448 focos
1868 1427 1911 1446 non

1154 1468 1272 1499 reversi,
1285 1467 1338 1494 nisi
1354 1474 1426 1494 anno
1444 1468 1453 1494 l
1470 1466 1620 1495 Justiniant
1637 1468 1801 1495 Rhinotmeti
1815 1467 1841 1495 ll.
1852 1465 1911 1492 Hab-

1154 1512 1288 1540 diuielech
1313 1512 1434 1538 Arabum
1459 1512 1664 1539 Amermumnis
1677 1509 1849 1544 Vlll,Christi
1862 1506 1910 1538 685,

1117 1575 1138 1604 C
1156 1565 1210 1592 quo
1224 1558 1296 1585 inter
1310 1562 1441 1591 utrosque
1453 1556 1592 1591 principes
1606 1564 1659 1591 pax
1676 1557 1741 1583 inita
1756 1556 1788 1582 iis
1802 1553 1912 1582 conditio-

1156 1604 1246 1633 nibus.
1263 1610 1332 1638 quas
1347 1601 1528 1636 Theophanes
1550 1603 1648 1629 recitat
1663 1602 1696 1629 ad
1711 1608 1808 1628 anitum
1822 1600 1831 1625 l
1844 1597 1911 1626 Justi-

1156 1648 1240 1676 niani.
1261 1647 1332 1673 lnter
1354 1646 1475 1680 reliquos
1496 1651 1620 1673 extorres
1638 1645 1757 1673 Joannes
1772 1641 1912 1672 Constantis:

1157 1693 1380 1728 archiepiscopus
1401 1695 1616 1724 amntmeratus,
1643 1692 1691 1726 qui
1717 1690 1824 1726 proinde
1849 1687 1912 1715 titulo

1158 1743 1237 1765 tenus
1262 1737 1483 1771 archiepiscopus
1506 1736 1701 1769 usurpabatur.
1725 1735 1836 1762 Haecine
1863 1737 1913 1758 vero

1156 1784 1259 1810 diutius
1286 1783 1440 1813 ferendum,
1466 1789 1549 1816 qutun
1575 1781 1749 1816 potissimum
1775 1781 1800 1807 in
1824 1778 1913 1806 Oriente

1157 1837 1217 1856 mos
1237 1828 1412 1860 iucrebuerit,
1436 1832 1464 1854 ut
1479 1827 1625 1854 devastatis
1646 1826 1823 1854 Barbarorum
1840 1823 1914 1850 furore

1156 1876 1290 1907 ecclesiis,
1319 1883 1380 1909 qua:
1408 1875 1590 1909 principatum
1618 1874 1645 1900 in
1670 1872 1851 1908 provinciales,
1871 1869 1915 1896 sive

1157 1921 1455 1953 dimeetieasgereret,
1476 1919 1536 1953 ejus
1549 1919 1611 1953 jura
1628 1919 1655 1945 iu
1677 1919 1756 1945 aliam
1777 1915 1915 1944 transcribe-

1157 1966 1269 1992 reutur?
1292 1965 1360 1992 Ecce
1377 1973 1459 1996 anno,
1479 1972 1533 1999 quo
1549 1964 1681 1999 synodus,
1701 1965 1735 1991 de
1748 1971 1798 1998 qua
1819 1961 1914 1996 agimus.

1158 2013 1268 2045 habita,
1295 2020 1310 2039 e
1342 2012 1649 2046 Conslantinopolitana
1683 2009 1840 2046 patriarchia
1867 2005 1916 2032 Hel-

1158 2059 1298 2094 lespontus
1318 2059 1457 2093 provincia
1473 2060 1577 2091 avulsa,
1599 2067 1689 2093 caque
1701 2057 1796 2085 Joanni
1808 2055 1916 2083 Constatr

1159 2105 1202 2132 lia:
1222 2105 1428 2138 archiepiscopo
1448 2105 1589 2135 attributa,
1615 2104 1661 2130 ubi
1687 2103 1766 2138 jura,
1790 2100 1877 2136 quibus
1895 2097 1916 2123 in

1159 2150 1248 2185 Cypro
1278 2157 1361 2180 usus.
1386 2154 1535 2176 exerceret.
1562 2148 1685 2176 Canonis
1715 2148 1766 2179 59,
1791 2152 1840 2181 quo
1865 2141 1917 2169 illud

1162 2202 1297 2229 sanctum,
1314 2196 1371 2223 hiEC
1383 2195 1464 2222 verba
1477 2204 1484 2221 :
1497 2195 1550 2221 Τοῦ
1565 2194 1693 2229 ἀδελφοῦ,
1712 2194 1758 2221 καὶ
1775 2191 1917 2222 συλλειτουρ·

1122 2241 1208 2277 ι)γοῦ
1229 2243 1307 2277 ἡμῶν
1333 2243 1454 2268 Ἰωάννου
1478 2241 1525 2267 τοῦ
1554 2241 1604 2275 τῆς
1623 2240 1750 2275 Κυπρίου
1772 2239 1847 2273 νήσου
1866 2241 1918 2268 προ·

1160 2289 1248 2324 έδρου.
1266 2288 1322 2323 ἅμα
1335 2287 1374 2323 τῷ
1400 2288 1491 2322 οἰκείῳ
1517 2287 1574 2322 λαῷ
1598 2287 1646 2313 ἐπὶ
1665 2288 1714 2321 τὴν
1742 2282 1918 2319 Ἑλλησπόντιον

1161 2335 1306 2369 ἐπαρχίαν,
1334 2334 1378 2360 διά
1393 2342 1422 2360 τε
1447 2333 1494 2359 τοῦ
1520 2333 1692 2369 βαρῦαρικοῦ
1713 2332 1828 2367 ἐφόδους,
1849 2328 1885 2355 διά
1896 2333 1917 2351 τε

1160 2380 1189 2406 τὸ
1215 2380 1264 2413 τῆς
1286 2379 1395 2413 somn;
1420 2371 1638 2414 ὲλευθερωθῆναί
1662 2379 1799 2408 δουλείας,
1822 2375 1862 2402 καί
1881 2380 1918 2398 ια·

1160 2425 1249 2460 θαρῶς
1270 2426 1325 2455 τοῖς
1353 2425 1504 2460 σκήπτροις
1524 2425 1571 2451 τοῦ
1584 2423 1844 2459 Χριστιανικωτάτου
1865 2417 1918 2459 xei-

1160 2478 1222 2501 τους
1253 2469 1443 2503 ὑποταγῆναι,
1476 2470 1525 2505 τῆς
1555 2470 1706 2505 εἰρημένης
1733 2464 1919 2505 μεταναστᾴντος

1161 2515 1253 2549 νήσου,
1277 2515 1391 2550 προνοίᾳ
1404 2514 1450 2541 τοῦ
1466 2514 1658 2549 φιλανθρώπου
1676 2514 1755 2545 Θεοῦ,
1781 2512 1824 2538 καὶ
1846 2504 1919 2544 μ’όκθῳ

1160 2561 1207 2588 τοῦ
1228 2561 1402 2596 φιλοχρίστου
1420 2562 1466 2588 καὶ
1484 2561 1613 2593 εὐσεϐοῦς
1628 2561 1708 2596 ἡμῶν
1724 2559 1846 2596 βασιλέως
1871 2562 1920 2581 συν·

1161 2608 1269 2643 ορῶμεν
1284 2608 1354 2634 ὥστε
1373 2607 1575 2643 ἀκαινοτόμητα
1592 2606 1805 2641 διαφυλαχθῆναι
1816 2603 1846 2629 τὰ
1861 2597 1920 2632 παρὶι

1161 2655 1215 2681 τῶν
1232 2655 1260 2681 ὲν
1281 2654 1384 2688 Ἐφέσῳ
1402 2654 1432 2680 τὸ
1455 2654 1587 2688 πρότερον
1608 2653 1787 2679 συνελθόντων
1808 2646 1923 2682 θεοφόρων

1163 2700 1292 2735 Πατὲρων
1320 2700 1359 2735 τῷ
1379 2700 1467 2734 θρόνῳ
1500 2699 1547 2726 τοῦ
1575 2697 1819 2735 προγεγραμμένου
1845 2689 1920 2725 ἀνδρδῖ

1164 2746 1371 2781 παρασχεθέντα
1386 2746 1520 2781 προνόμια
1531 2754 1537 2761 ·
1557 2746 1628 2773 ὥστε
1641 2745 1691 2780 τὴν
1706 2744 1768 2770 νέαν
1792 2742 1920 2768 ἰουστινιασ

1163 2791 1290 2818 νούπολιν
1309 2791 1339 2817 τὸ
1353 2792 1455 2818 δίκαιον
1470 2791 1542 2826 ἔχειν
1558 2791 1608 2825 τῆς
1624 2784 1921 2816 Κωνπταντινουπόλεωςσ

1164 2837 1211 2864 καὶ
1226 2837 1272 2863 τὸν
1297 2838 1339 2863 ἐπ’
1354 2838 1423 2871 αὐτῇ
1440 2836 1636 2871 καθιστάμενον
1658 2834 1856 2868 θεοφιλέστατον
1875 2826 1919 2855 ἐπὶ·

1166 2890 1266 2911 σκοπον
1278 2882 1387 2910 πάντων
1399 2882 1569 2916 προεδοεὺειν
1588 2881 1634 2916 τῆς
1644 2879 1839 2914 Ἐλλησπόντων
1852 2877 1920 2907 ἐπαρ-
