2041 3159
188 184 258 219 1209

887 194 1148 225 DISSERTATIU.

1751 196 1822 229 1210

188 249 259 276 χιας,
279 240 386 267 κα¹ιὺπδ
399 241 452 267 τῶν
463 243 570 269 οἰκείων
586 244 746 271 ἐπισκόπων)
765 247 977 280 χειροτονεῖσθαι
993 253 1014 278 Α
1030 250 1151 283 μουμνῇ,
1169 248 1213 274 ἵνα
1231 247 1276 275 τὸν
1295 249 1324 275 ἐν
1342 249 1431 284 Συρίᾳ
1446 249 1511 278 ὂντα
1524 249 1588 276 λαὸν
1601 250 1650 285 τῆς
1667 251 1749 286 νήσου
1765 252 1822 278 Κύ-

187 288 258 314 κατὰ
265 288 315 322 τὴν
324 287 440 322 ἀρχαίαν
451 289 663 324 συνήθειανᾘυς
672 296 713 318 est
724 301 730 318 :
742 291 838 319 Fratre
846 293 977 328 et’colleya

187 338 279 360 nostro
291 333 394 361 Joanne
411 334 491 369 Cypri
501 335 695 371 archiepiscopo
703 346 755 364 una
771 346 829 365 cum
844 339 916 373 plebe
929 347 978 366 sua

188 378 215 404 in
227 378 429 413 Hellespontum
445 381 617 414 provinciam,
636 386 662 408 et
676 387 782 416 propter
797 382 977 410 Barbarorum

189 423 363 455 incursiones,
379 428 403 451 et
424 429 452 451 ut
475 425 508 451 ab
530 426 694 453 ethnicorum
717 428 875 457 eximeretur
895 429 978 455 servi-

193 473 258 500 tute,
275 474 427 504 sceptroque
448 475 552 497 tantum
570 471 791 499 Christianissimi
810 474 915 508 imperii
932 481 978 508 pa-

190 519 274 546 reret,
298 516 371 542 dicta
395 524 428 542 ex
451 517 539 543 insula
564 523 744 552 transgresso,
769 519 905 546 clementis
931 520 979 546 ltei

189 561 365 595 providentia,
383 571 511 598 operaque
527 563 662 591 Christum
680 566 796 592 amomis
825 567 913 601 piique
930 566 979 592 im-

189 607 318 640 peratoris
333 609 427 640 nostri,
443 609 617 642 decrevimus,
633 616 661 637 ut
675 611 754 645 firma
768 617 903 644 maneant,
921 621 979 647 qua:

190 652 223 678 ab
248 654 348 680 sanctis
366 654 492 681 l‘atrihus
510 655 605 690 Ephesi
622 656 685 683 olim
704 659 868 692 congregatis
886 659 979 685 throno

190 698 296 725 laudati
320 699 510 734 archiepiscopi
533 710 657 729 concessa
677 708 737 729 sunt
757 703 906 738 privilegia,
930 705 977 730 ha-

191 743 302 778 beatque
323 753 391 772 nova
409 745 631 782 Justinianopolis
651 748 698 782 jus
721 747 977 782 Constantinopolis,

191 789 288 824 quique
317 790 358 817 illi
386 792 526 825 impositus
557 794 743 821 sanctissimus
769 794 904 828 episcopus
931 794 979 820 toti

191 839 282 871 pra-sit
307 838 471 873 Hellesponti
491 841 642 874 provincite,
669 846 694 868 et
721 841 753 867 ab
776 842 832 868 suis
853 841 979 876 episcopis

191 891 286 910 manus
308 884 501 918 impositionem
516 895 564 921 pro
585 888 664 914 veteri
681 895 751 913 more
772 888 895 921 accipiat.
917 887 979 914 llusc

192 929 250 963 ipsa
276 931 367 957 omnia
391 931 503 966 attingit
527 932 667 967 Angustus
692 933 811 967 scriptor
845 933 979 960 Constan-
997 926 1016 953 Β

193 975 266 1002 linus
282 975 540 1011 Porphyrogenncla
558 978 604 1005 lib.
625 979 658 1005 de
680 979 752 1006 adm.
773 979 838 1014 imp.
854 987 914 1014 cap.
932 980 977 1012 47,

193 1021 240 1047 sed
267 1020 346 1055 (qua).
369 1027 496 1057 perpetua
520 1023 600 1051 istius
619 1024 701 1050 libelli
725 1024 884 1058 calamitas)
910 1026 979 1052 mite

193 1065 220 1092 in
235 1074 370 1094 annorutn
387 1068 578 1103 designatione
596 1070 769 1097 librariorum
790 1071 867 1105 culpa
882 1079 979 1105 pecca-

193 1118 261 1140 tutn.
285 1113 330 1142 Sic
352 1115 434 1150 igitur
454 1117 544 1152 inquit
559 1126 564 1144 :
581 1117 635 1152 Τῆς
655 1119 738 1154 νήσου
756 1118 910 1152 ardeam;
927 1119 979 1147 ὑπὸ

192 1159 246 1185 τῶν
269 1160 472 1196 Σαρρακηνῶν,
505 1163 552 1189 καὶ
577 1163 623 1189 ἐπὶ
648 1165 718 1190 ἑπτὰ
741 1164 829 1191 ἐτεσιν
851 1166 979 1200 ἀοικήτου

194 1205 343 1239 μεινάσης,
371 1206 419 1233 καὶ
443 1207 490 1233 τοῦ
510 1209 728 1244 ἁρχιεπισκὸπου
762 1211 886 1236 Ἰωάννου
911 1210 980 1245 μετὰ

191 1249 238 1276 τοῦ
254 1249 319 1276 λαοῦ
340 1251 423 1278 αὐτοῦ
440 1252 509 1287 πρὸς
529 1253 578 1289 τὴν
600 1253 795 1288 βασιλεύουσαν
813 1254 980 1282 καταλαϐόν-

191 1304 254 1328 τος,
270 1297 378 1330 ἐγένετο
394 1298 534 1333 οἰκονομίᾳ
560 1299 635 1333 παρὰ
651 1299 697 1326 τοῦ
718 1300 851 1335 βασιλέως
870 1301 980 1327 ’Ῑουστι-

192 1342 283 1367 νιανοῦ
298 1343 327 1368 ὲν
341 1344 373 1378 τῇ
392 1343 459 1378 ἁγίᾳ
475 1343 542 1379 ἕκτῃ
557 1345 657 1380 συνόδῳ
674 1345 721 1371 τοῦ
735 1345 783 1378 τὴν
798 1345 915 1377 Κύζινον
931 1354 982 1372 πα-

195 1387 323 1421 ραλαϐεῖν
337 1388 406 1423 μετὰ
430 1389 484 1415 τῶν
509 1390 667 1417 ἐπισκόπων
686 1391 768 1417 αὐτοῦ
790 1391 836 1418 καὶ
859 1391 906 1417 τοῦ
917 1391 981 1418 λαοῦ

193 1432 243 1466 τῆς
255 1432 349 1467 νήσου,
371 1433 418 1460 καὶ
431 1434 567 1461 ποιεῖσθαι
592 1437 638 1462 καὶ
657 1437 824 1471 χειροτονίας
845 1437 926 1472 ἡνίκα
949 1437 981 1463 ἂν

194 1478 273 1513 λειψῃ
295 1479 453 1513 ἐπίσκοπος,
469 1480 537 1515 πρὸς
555 1481 585 1507 τὸ
610 1481 647 1516 μὴ
671 1481 809 1508 διαπεσεῖν
825 1482 873 1517 τὴν
887 1482 982 1509 αὐθεν-

195 1524 256 1551 τίαν
271 1525 318 1551 καὶ
333 1526 368 1552 τὰ
379 1526 473 1553 δίκαια
495 1529 546 1562 τῆς
562 1527 676 1562 Κύπρου
690 1535 697 1543 ·
714 1528 760 1554 καὶ
776 1527 830 1563 γὰρ
844 1528 890 1554 καὶ
903 1527 983 1559 αὐτὺς

195 1570 210 1594 ὁ
235 1570 422 1603 Ἰουστινιανὺς
449 1572 574 1607 βασιλεὺς
604 1573 728 1608 Κύπριος
755 1571 799 1608 ἧν,
820 1573 911 1605 καθὼς
937 1573 983 1603 καὶ

197 1616 272 1650 παρὰ
286 1616 341 1643 τῶν
357 1617 479 1644 παλαιῶν
502 1618 635 1653 Κυπρίων
650 1619 663 1645 ὁ
680 1618 758 1652 λόγος
774 1619 854 1654 μέχρι
869 1619 919 1654 τῆς
939 1619 985 1654 σὴ-

201 1669 284 1696 μερον
310 1663 509 1699 ἐπεκράτησεν.
531 1664 614 1691 Ὥστε
632 1665 678 1690 καὶ
699 1664 804 1699 ὡρίσθη
819 1665 848 1691 ὲν
868 1666 900 1699 τῇ
920 1664 986 1700 ἁγίᾳ

198 1706 264 1742 ἕκτῃ
280 1708 380 1742 συνόδῳ
393 1711 554 1744 χειροτονεῖν
571 1710 616 1736 τὸν
637 1709 851 1744 ἀρχιεπίσκοπον
871 1709 985 1744 Κύπρου

199 1753 246 1779 τὸν
261 1753 310 1788 τῆς
322 1754 442 1786 Κυζίκου
456 1755 587 1790 πρόεδρον
601 1763 607 1769 ·
623 1755 713 1786 καθὼς
724 1756 751 1782 ὲν
762 1755 799 1790 τῷ
809 1754 849 1781 τθ’
860 1754 925 1789 (lege
937 1754 986 1791 λο’)

203 1799 343 1835 κεφαλαίῳ
355 1800 407 1835 τῆς
423 1801 509 1836 αὐτῆς
521 1801 601 1835 ἁγίας
615 1801 698 1836 ἕκτης
711 1802 820 1828 συνόδου
834 1802 988 1838 ἀναγέγρα-

201 1853 277 1873 πται.
303 1846 360 1874 Hoc
376 1851 417 1874 est
435 1856 442 1874 :
467 1847 601 1882 Occupata
617 1848 706 1877 insula
726 1848 757 1875 ab
780 1848 946 1880 Sarracenis,
963 1852 988 1875 et

204 1900 287 1919 annos
301 1901 338 1920 vtt
355 1895 411 1920 sine
429 1893 560 1929 indigenis
583 1900 713 1927 manente,
733 1903 792 1921 cum
811 1895 989 1922 diversaretur

201 1939 316 1967 Joannes
345 1940 555 1975 archiepiscopus
585 1950 635 1968 sua
663 1950 721 1968 cum
749 1941 821 1976 plebe
859 1941 931 1976 regia
961 1941 988 1968 in

203 1985 274 2018 urbe,
297 1993 330 2012 ea:
351 1987 511 2014 auctoritate
527 1986 674 2014 Iustiniani
693 1987 760 2022 Aug.
788 1987 814 2013 in
850 1990 943 2013 sancta
961 1994 988 2014 Vl

202 2032 301 2066 synodo
323 2031 466 2064 decretum,
492 2037 521 2059 ut
544 2032 639 2068 Cyzico
661 2038 866 2067 proponeretur,
883 2033 990 2067 ejusque

202 2077 344 2109 provinciae
357 2077 496 2112 episcOpis,
511 2086 541 2104 ac
552 2077 657 2111 populo,
677 2086 822 2112 manusque
838 2078 989 2112 impositio-

203 2131 262 2150 nem
279 2129 473 2158 exsequeretur,
499 2132 530 2150 ne
550 2124 687 2158 deficiente
710 2124 830 2158 episcopo
854 2124 990 2150 interirent

203 2168 322 2202 deinceps
340 2169 485 2196 auctoritas
507 2173 532 2196 et
545 2169 608 2203 jura
628 2169 719 2204 Cypri.
742 2168 804 2203 Ipse
817 2171 888 2196 enim
902 2170 989 2196 Justi-

204 2214 300 2240 nianus
326 2213 438 2249 Cyprius
460 2218 528 2246 erat,
546 2219 573 2240 ut
599 2214 670 2240 avita
686 2213 845 2248 Cypriorum
869 2214 943 2248 fama
962 2215 990 2242 in

1029 301 1098 328 πρου
1114 293 1245 320 ἀπολύσει
1267 296 1308 326 εἰς
1329 295 1460 325 τὸνὶίίδιον
1479 296 1574 323 τόπον.
1593 297 1648 324 Καὶ
1663 297 1822 329 ὑπακούσας

1028 339 1042 365 ὸ
1067 339 1278 374 Ἀμερμουμνὴς
1298 342 1330 376 τῇ
1348 340 1398 366 τοῦ
1415 340 1546 373 βασιλέως
1558 343 1666 377 γραφῇ,
1679 342 1823 368 ἀπέστειλε

1028 384 1098 410 κατὰ
1107 385 1197 419 πάσης
1207 385 1256 419 τῆς
1266 386 1365 420 Συρίας
1377 385 1501 419 ἐνδόξους
1512 387 1715 424 Σαρρακηνοὺς,
1726 388 1822 413 ὲ-πεσό-

1031 438 1109 464 ρευσε
1123 431 1227 461 πάντας
1241 431 1303 462 τοὺς
1315 432 1470 465 Κυπρίους,
1497 433 1542 458 καὶ
1555 432 1715 467 διεπέρασεν
1725 433 1764 463 εἰς
1777 434 1823 458 τὸν

1031 476 1094 501 ἴδιον
1108 476 1189 502 τόπον
1202 484 1209 490 ·
1226 476 1372 502 ἀπέστειλε
1392 476 1421 502 δὲ
1438 477 1484 502 καὶ
1500 477 1513 503 ὁ
1530 476 1656 511 βασιλεὺς
1671 476 1821 511 βασιλικὸν,

1030 522 1076 548 καὶ
1093 520 1238 556 διεπέρασε
1250 542 1257 554 ,
1279 523 1325 547 καὶ
1343 522 1407 553 τοὺς
1430 523 1459 548 ἐν
1477 522 1619 557 Ῥωμανίᾳ
1637 523 1801 556 οἰκήσαντας
1813 541 1821 553 ,

1029 566 1111 601 ἦγουν
1124 566 1152 592 ἔν
1171 575 1200 592 τε
1219 568 1252 601 τῇ
1266 567 1388 601 Κυζίκῳ,
1405 567 1453 594 καὶ
1473 567 1512 601 τῷ
1530 567 1758 602 Κιϐυρῥαιωτῶν,
1775 568 1823 593 καὶ

1029 610 1068 645 τῷ
1077 611 1233 646 Θρακησίῳ,
1244 612 1290 637 καὶ
1300 612 1434 646 ἐνῳκίσοη
1444 602 1563 646 ἡνῆσος.
1573 611 1629 639 lloc
1642 616 1683 638 est
1693 620 1699 638 :
1713 610 1775 637 Post
1784 619 1821 638 vtt

1030 665 1112 683 amtos
1138 657 1264 691 (auctore
1284 657 1338 683 Deo
1347 657 1356 692 ξι
1378 658 1449 684 stetit
1472 658 1626 691 imperatori
1644 658 1824 691 redintegrare

1030 703 1129 728 civibus
1144 702 1270 736 Cyprum.
1289 701 1374 729 Proin
1390 703 1461 729 misit
1475 703 1509 729 ad
1527 703 1735 730 Antermuntnem
1752 702 1819 737 Bag-

1030 748 1083 774 dad
1095 754 1146 775 tres
1159 757 1172 775 e
1185 749 1313 782 primaria
1328 749 1466 775 nobilitate
1481 747 1563 784 Cypri
1573 748 1711 783 indigenas
1724 746 1824 782 (Pitan-

1032 802 1119 828 yumes
1140 794 1316 827 vocabantur)
1337 795 1429 820 addito
1451 803 1465 821 e
1487 795 1617 820 comitatu
1636 802 1684 821 suo
1708 794 1781 828 gravi
1799 799 1823 820 et

1030 841 1128 867 illustri
1144 841 1216 872 viro,
1229 841 1343 867 scribens
1365 835 1562 873 Amermuntni,
1583 844 1611 866 ιιι
1635 839 1761 874 Cyprium
1775 846 1824 873 po-

1030 887 1121 921 pulum
1143 887 1169 912 in
1188 886 1267 921 Syria
1283 886 1446 913 exsulantem
1464 887 1572 912 domum
1595 885 1748 911 dimitteret.
1766 885 1823 910 An-

1031 932 1087 959 nuit
1111 933 1278 966 imperatoris
1301 933 1367 959 votis
1387 934 1608 962 Amcrmumnes,
1632 930 1753 964 misitque
1778 937 1824 964 per

1032 980 1178 1005 mtiversam
1193 978 1298 1013 Syriam
1323 979 1420 1004 summi
1447 979 1560 1004 nominis
1586 977 1733 1004 Saracenos
1748 996 1755 1007 ,
1779 974 1824 1009 qui

1030 1024 1139 1059 Cyprios
1156 1033 1244 1051 onmes
1258 1026 1438 1058 perquirerent
1450 1043 1457 1056 ,
1472 1032 1565 1058 eosque
1579 1024 1604 1050 in
1621 1023 1737 1056 patriam
1751 1016 1824 1048 able;

1030 1074 1132 1104 garent.
1148 1070 1188 1095 Ad
1206 1070 1259 1097 hinc
1279 1070 1349 1097 misit
1372 1071 1516 1104 imperator
1531 1077 1563 1096 ex
1579 1069 1642 1095 aula
1660 1069 1761 1100 virum,
1779 1070 1826 1102 qui

1030 1117 1056 1142 in
1068 1105 1195 1151 pristinas
1206 1117 1278 1143 sedes
1293 1117 1461 1148 amandaret,
1477 1122 1603 1152 quotquot
1619 1124 1632 1142 ε
1646 1115 1753 1151 Cypriis
1770 1113 1821 1140 Ha-

1030 1162 1156 1193 maniam,
1171 1162 1306 1196 Cyzicum,
1321 1162 1407 1189 thema
1422 1162 1668 1198 Cibgrrhwoticum,
1685 1169 1716 1187 ac
1736 1159 1823 1186 Thra.

1030 1207 1126 1234 cesium
1147 1208 1284 1242 degerent,
1305 1209 1393 1243 sicque
1415 1208 1501 1235 insula
1524 1208 1628 1234 iterum
1644 1207 1820 1242 frequentata.

1030 1257 1125 1281 Annus
1141 1255 1247 1288 scriptu:
1269 1255 1341 1287 pacis
1365 1254 1436 1280 inter
1462 1254 1647 1282 Justinianutn
1664 1258 1698 1280 'et
1718 1252 1820 1280 llabdi-

1033 1299 1135 1325 tnelech
1160 1298 1208 1325 fuit
1231 1299 1332 1333 primtts
1347 1299 1495 1326 Justiniani
1509 1319 1517 1330 ,
1533 1306 1588 1331 quo
1608 1298 1683 1325 solus
1709 1305 1823 1332 regnare

1032 1346 1128 1379 cwpit,
1144 1345 1194 1372 hoc
1210 1350 1250 1371 est
1265 1345 1365 1372 Christi
1385 1345 1565 1380 Dionysia'nus
1592 1344 1645 1372 635
1656 1365 1663 1376 ,
1687 1344 1820 1379 quemad-

1033 1391 1140 1416 modum
1157 1391 1190 1417 ab
1206 1391 1412 1417 :tr‘cnratissitno
1426 1391 1592 1424 Theophane
1607 1390 1733 1416 traditum
1748 1397 1756 1422 ;
1771 1396 1822 1415 an-

1033 1443 1085 1462 nus
1097 1437 1191 1470 synodi
1205 1436 1267 1464 680.
1285 1437 1325 1463 Ab
1340 1440 1445 1472 synodo
1460 1436 1541 1470 igitur
1553 1436 1585 1462 ad
1600 1437 1693 1470 patriae
1708 1435 1822 1462 reditum

1033 1483 1193 1517 Cypriorum
1213 1483 1395 1509 intercessere
1407 1483 1468 1508 anni
1486 1482 1516 1514 5,
1529 1482 1574 1516 qui
1597 1481 1775 1514 restituendi,
1795 1485 1824 1506 ιιι

1033 1531 1136 1564 legatur
1153 1528 1221 1564 μετὰ
1244 1528 1325 1554 πέντε
1341 1528 1388 1562 ἔτη
1415 1535 1464 1562 pro
1481 1527 1551 1562 μετὰ
1567 1527 1636 1554 ἑπτὰ
1652 1527 1711 1561 ἐτη.
1731 1525 1824 1559 Neque

1007 1595 1016 1604 η
1035 1576 1141 1607 dubita,
1159 1575 1223 1609 quin
1238 1574 1601 1608 epilogismusinstituendus
1617 1573 1708 1600 habita
1719 1572 1824 1599 ratione

1037 1621 1100 1649 anni
1119 1621 1214 1656 synodi
1229 1627 1266 1651 vn,
1283 1627 1336 1646 non
1353 1627 1417 1646 vero
1436 1620 1620 1654 quinis-exta},
1637 1624 1738 1646 coacta:
1752 1625 1825 1645 anno

1037 1666 1099 1699 691,
1111 1673 1170 1699 quae
1183 1666 1255 1700 quod
1267 1665 1486 1699 supplementum
1500 1672 1513 1690 ν
1528 1669 1554 1691 et
1568 1672 1591 1691 \‘l
1603 1664 1710 1699 synodi,
1724 1663 1825 1690 idcirco

1039 1712 1065 1739 in
1083 1719 1107 1737 ιι
1121 1711 1225 1745 synodo
1238 1705 1361 1738 sanctum
1375 1710 1426 1736 dici
1444 1710 1580 1744 potuerit,
1596 1711 1668 1742 quod
1688 1716 1782 1743 reapse
1799 1709 1825 1735 in

1038 1757 1191 1791 quinisexta
1207 1777 1214 1789 ,
1231 1756 1311 1782 annis
1326 1756 1431 1782 scilicet
1448 1756 1477 1781 ll
1498 1760 1569 1790 post.
1587 1755 1613 1782 ld
1635 1756 1657 1782 si
1674 1756 1825 1786 arbitrere,

1038 1808 1085 1829 aut
1106 1802 1227 1836 stuporis
1256 1809 1356 1836 arguas
1380 1801 1567 1828 doctissimum
1597 1800 1750 1832 Caesarem,
1779 1804 1828 1827 aut

1039 1852 1159 1875 monstra
1177 1847 1224 1874 tibi
1243 1847 1343 1880 paries.
1362 1846 1432 1880 Quid
1455 1847 1546 1873 enim?
1566 1845 1737 1873 Justinianus
1760 1853 1827 1872 con-

1040 1896 1132 1923 stituta
1155 1894 1239 1922 semel
1263 1901 1328 1928 pace
1352 1901 1413 1920 cunt
1445 1892 1641 1919 llabdimcteclt
1665 1899 1735 1918 anno
1757 1891 1827 1924 685,

1040 1949 1110 1968 anno
1125 1941 1194 1973 690,
1215 1939 1259 1974 qui
1278 1939 1294 1965 6
1310 1939 1369 1973 ejus
1386 1939 1457 1972 regni
1474 1938 1506 1964 ab
1517 1945 1631 1965 excessu
1650 1937 1824 1964 Constantini

1041 1987 1136 2021 patris,
1154 1986 1233 2019 fregit
1250 1985 1333 2016 illam,
1347 1985 1482 2019 jnssitque
1499 1985 1649 2019 demigrare
1664 1985 1760 2011 iterum
1775 1984 1829 2018 Cy-

1041 2034 1114 2066 prios
1131 2040 1164 2059 ex
1180 2032 1279 2064 insula,
1295 2039 1355 2065 quae
1373 2030 1552 2065 partitnsibi,
1568 2032 1665 2064 partim
1683 2030 1830 2057 Habditne‘

1041 2078 1098 2104 ltBt'll
1113 2077 1237 2109 serviret,
1253 2076 1325 2110 quod
1341 2083 1426 2105 unum
1443 2083 1474 2105 ex
1488 2075 1561 2109 pacis
1576 2075 1664 2102 fuerat
1675 2074 1830 2109 capitibus!

1042 2123 1175 2159 (Tlteoplt.
1198 2123 1224 2150 in
1247 2122 1361 2156 Chron.)
1387 2121 1446 2148 Jan)
1465 2122 1487 2148 si
1507 2129 1578 2148 anno
1597 2121 1647 2148 690
1665 2122 1738 2156 pacis
1758 2121 1831 2156 leges

1042 2169 1165 2201 violatae,
1183 2169 1319 2202 domoque
1335 2166 1439 2201 egressi
1459 2166 1566 2201 Cyprii,
1587 2166 1610 2193 si
1626 2174 1698 2192 anno
1714 2165 1762 2193 691
1782 2165 1831 2192 ha-

1043 2215 1096 2242 bita
1122 2213 1241 2249 synodus
1266 2213 1439 2247 quinisexta,
1469 2212 1514 2238 ubi
1545 2211 1716 2246 septennium
1748 2211 1830 2243 illud.

203 2259 272 2286 hunc
291 2268 372 2294 usque
393 2260 462 2286 diem
481 2260 620 2296 prmdicat.
638 2260 776 2289 Statutum
795 2261 896 2295 pariter
921 2262 949 2289 in
964 2269 990 2289 vt
1009 2263 1029 2289 Ι)
1045 2260 1114 2294 quod
1149 2267 1163 2286 ιι
1195 2259 1358 2293 Cypriorum
1396 2257 1596 2291 μεταναστάσει
1632 2257 1666 2284 ad
1695 2257 1831 2292 synodum

204 2311 298 2333 sancta
311 2306 421 2340 synodo,
443 2311 471 2332 at
493 2307 536 2341 qui
556 2306 648 2341 Cyzici
664 2307 745 2341 fuerit
760 2307 940 2341 metropolita,
958 2308 990 2334 ab

207 2352 403 2386 archiepiscopo
425 2352 505 2388 Cypri
528 2353 745 2388 inauguraretur,
769 2353 990 2388 quemadmodum

205 2406 262 2431 cap.
278 2398 312 2426 59
322 2398 404 2433 ipsius
420 2404 521 2425 sancte
547 2398 641 2434 synodi
667 2399 805 2432 scriptum.
824 2399 893 2426 Cum
910 2407 992 2434 syno-

203 2444 257 2470 dus
272 2451 298 2470 vt
323 2444 436 2471 coivcrit
450 2451 524 2471 anno
536 2444 599 2476 680,
623 2452 685 2471 cum
703 2443 795 2478 Cyprii
808 2444 890 2472 domo
905 2444 992 2472 demi-

205 2491 310 2524 grarint
329 2498 401 2517 anno
417 2490 480 2522 648,
496 2498 550 2517 non
568 2490 607 2517 illi
626 2490 661 2517 ab
675 2498 746 2517 anno
765 2492 992 2525 μεταναστάσεως

206 2545 263 2564 suae
276 2538 309 2564 ad
329 2538 463 2572 synodum
485 2537 558 2564 illam
577 2544 722 2564 numerare
748 2537 885 2570 potuerint
901 2537 992 2564 minus

206 2582 288 2609 annis
302 2583 347 2610 52.
369 2583 463 2616 Itaque
477 2590 526 2616 pro
539 2589 583 2612 eo,
601 2581 673 2616 quod
685 2585 774 2608 exstat
793 2580 838 2607 ἐπὶ
853 2581 874 2612 ζ’
893 2580 992 2612 ἔτεσιν,

206 2627 407 2655 ctttendattdum
429 2627 476 2653 ἐπὶ
497 2627 538 2661 λβ¹
553 2627 651 2653 ἐτεσιν.
671 2621 992 2660 ΡοιςίιὨοιιειιιιιιιιιιιει

208 2674 281 2701 Μετὰ
297 2674 324 2700 δὲ
343 2674 413 2700 ἑπτὰ
433 2673 480 2708 ἔτη
497 2672 605 2707 θελήσει
621 2671 688 2698 Θεοῦ
704 2670 816 2706 ἐκινήθη
834 2672 848 2697 ὁ
869 2671 996 2705 βασιλεὺς

207 2719 291 2746 πάλιν
306 2719 420 2753 οἰκῆσαι
435 2719 485 2753 τὴν
500 2718 623 2753 Κύπρον,
644 2717 691 2744 καὶ
707 2716 849 2743 ἀπέστειλε
866 2717 935 2751 πρὸς
951 2716 995 2743 τὸν

214 2764 425 2800 Ἀμερμουμνὴν
437 2763 483 2790 τοῦ
497 2762 603 2797 Βαγδὰδ
623 2762 701 2797 311
716 2763 790 2798 τρεῖς
808 2762 862 2788 τῶν
883 2761 995 2795 ἐνδόξων

209 2810 351 2845 Κυπρίων,
365 2808 528 2844 αὐτόχθονας
542 2808 592 2844 τῆς
604 2809 690 2843 αὐτῆς
702 2808 784 2842 νήσου
801 2805 994 2842 τυγχάνοντας,

208 2857 273 2886 τοὺς
296 2855 460 2891 λεγομένους
481 2854 668 2889 φαγγουμείς,
696 2853 766 2887 μετὰ
787 2853 835 2879 καὶ
856 2853 995 2888 βασιλικοῦ

208 2911 281 2936 τινος
303 2901 414 2939 iul-tau
440 2901 486 2927 τοῦ
510 2901 556 2927 καὶ
579 2899 683 2934 ἐνδόξου
703 2899 809 2935 γράψας
834 2899 871 2934 τῷ
895 2899 993 2934 Ἀμερς

1044 2308 1170 2332 numerat
1181 2303 1377 2331 Constantinus
1389 2300 1462 2332 ?Sed
1476 2301 1525 2331 hoc
1535 2302 1592 2327 leve
1602 2310 1609 2327 :
1620 2303 1730 2334 gravius
1739 2308 1830 2335 urgeo.

1042 2351 1083 2378 Ab
1105 2357 1176 2376 anno
1193 2349 1261 2381 690,
1286 2355 1339 2383 quo
1362 2355 1437 2374 nova:
1460 2348 1562 2374 obortae
1585 2347 1739 2374 simultates
1761 2347 1832 2373 inter

1042 2393 1227 2421 Jnstinianum
1261 2396 1289 2418 et,
1324 2390 1543 2429 llabdinseleclt,‘
1559 2398 1697 2424 nunquatn
1718 2390 1833 2424 amplius

1044 2440 1132 2471 bella,
1154 2438 1271 2471 odiaque
1293 2438 1380 2471 posita
1400 2437 1433 2464 ab
1455 2437 1574 2464 Arabum
1595 2436 1832 2471 Protosymbolis,

1044 2491 1071 2513 et
1092 2483 1401 2517 Constantinottolitanis
1418 2483 1572 2510 Caesaribus
1583 2503 1591 2515 ,
1614 2484 1685 2510 unde
1700 2483 1835 2510 Christia-

1045 2538 1141 2558 norum
1164 2536 1207 2556 res
1221 2529 1372 2556 deteriores
1387 2528 1414 2554 in
1431 2528 1488 2555 dies
1501 2527 1581 2555 facta:
1592 2547 1600 2560 ,
1619 2528 1707 2556 donec
1726 2529 1833 2556 tandem

1045 2577 1124 2604 sedes
1135 2575 1192 2609 ipsa
1206 2574 1311 2608 imperii
1327 2573 1488 2608 Byzantium
1504 2574 1529 2600 in
1547 2573 1727 2601 Barbarorum
1740 2580 1834 2609 tyran-

1045 2622 1134 2649 nidem
1155 2620 1300 2648 concessit.
1319 2619 1411 2654 itaque
1427 2621 1448 2647 si
1469 2627 1540 2647 anno
1554 2620 1606 2647 600
1625 2620 1722 2648 iterum
1740 2621 1833 2655 Cyprii

1045 2669 1131 2703 patria
1149 2667 1326 2698 exsularunt,
1351 2667 1395 2701 qni
1420 2666 1589 2695 Justinianus
1608 2668 1751 2701 septennia
1773 2672 1832 2701 pos!

1020 2720 1022 2722 '
1046 2714 1175 2749 paciﬁcos
1197 2712 1330 2747 delegarit
1351 2712 1536 2739 internuntios
1559 2713 1593 2739 ad
1621 2712 1834 2746 llabdimelech,

1046 2761 1155 2796 quando
1166 2768 1228 2787 cum
1245 2768 1288 2792 eo,
1302 2761 1376 2794 jacto
1393 2760 1477 2787 semel
1497 2760 1702 2787 inimicitiarum
1720 2760 1834 2791 semine,

1016 2836 1020 2839 ,
1047 2813 1188 2841 nunquam
1215 2805 1332 2840 amplius
1355 2805 1381 2831 in
1417 2805 1566 2832 amicitiam
1592 2805 1726 2837 reditum.
1747 2812 1837 2839 neque

1047 2860 1118 2880 anno
1134 2852 1185 2879 697
1204 2852 1260 2886 ipse
1275 2851 1447 2879 Justinianus
1464 2851 1757 2886 Constantinopolitani
1775 2860 1836 2881 δυε-

1048 2898 1100 2934 ptri
1118 2898 1258 2934 potiretur,
1274 2897 1319 2924 svd
1335 2897 1463 2925 Leontius
1475 2918 1482 2931 ,
1503 2906 1516 2924 ιι
1532 2905 1586 2933 quo
1601 2905 1685 2934 regno
1705 2897 1834 2926 abattusi
