2041 3159
229 163 294 196 12η

670 163 719 193 DE
731 164 860 193 .‘ETATE
878 165 908 194 5.
926 164 1113 194 UIlEGUItll
1136 164 1390 194 AGRIGENTINI

1785 163 1850 194 121‘:

227 217 261 243 [ι
284 217 365 251 igitur
383 221 455 243 Slcnt
465 237 472 248 ,
496 224 556 250 qure
573 216 771 244 Constantinus
783 218 890 252 prodit,
905 218 1016 244 omnino
1031 225 1053 251 Α
1067 226 1106 252 gn:
1119 219 1232 252 episcopi
1243 225 1338 252 prwsta
1353 222 1436 245 essent
1449 219 1482 244 ad
1495 217 1625 244 radicitus
1637 217 1780 249 mllrnda,
1796 227 1854 253 quia

225 261 427 294 atlirmandum,
440 261 554 296 Cyprios
568 262 656 288 exsilii
674 262 726 295 sui,
741 263 819 296 cujus
834 263 937 296 epocha
955 263 1015 290 iniit

224 315 296 334 anno
305 306 367 337 618,
379 315 464 334 annos
481 307 516 333 3:2
540 308 730 339 censentibus,
743 308 916 342 prxeposituut
931 307 1014 335 Joan-

225 361 285 380 nem
303 353 383 387 Cypri
400 353 634 387 archiepiscopum
653 353 829 387 Hellespont!)
847 354 1012 388 provincize,

226 401 253 427 in
275 407 327 432 qua
347 399 544 432 adtozerpa‘tiz:
557 399 618 432 jura
639 405 789 429 exerceret,
803 400 882 433 idque
899 407 962 426 vero
981 407 1013 425 cx

225 445 386 470 auctoritate
410 443 518 469 com-iiii
550 451 573 468 γι
601 443 759 469 (ΒίἸΙΙΙὶέξΙιῘυῙ
777 444 840 468 anni
865 441 916 468 680
934 442 1014 475 quin-

225 488 346 521 quennio
362 492 432 521 post,
451 495 522 514 anno
538 487 644 513 scilicet
662 485 714 512 683
731 485 836 519 patrios
855 485 924 511 lares
945 484 1013 511 revi-

227 533 298 560 sisse
318 533 383 565 intp.
401 532 544 559 Iustiniani
566 539 646 565 opt-ra
659 550 666 561 .
684 531 729 565 qui
748 538 807 557 eam
825 531 858 556 ad
874 538 930 556 rem
949 537 1013 556 ora-

227 583 300 604 tores
321 577 425 603 miserit
443 578 475 603 ad
496 577 689 603 llabdimelcch
701 596 707 607 ,
721 575 818 610 quibus
835 575 950 601 feliciter
965 575 1013 601 atl-

227 622 335 648 tnodnm
352 622 419 648 exiit
440 622 548 653 legatio.
573 622 742 654 Quapropter
763 621 812 654 (ut
836 621 862 646 in
882 621 951 646 viam
975 628 1014 646 re—

226 667 304 694 deatn
329 668 372 699 (si
396 675 491 702 passus
521 667 837 701 Constantinopolitanus
861 666 979 700 pontifex
999 673 1014 693 e

227 713 391 746 patriarchia
414 721 462 740 sua
478 713 569 739 divelli
595 713 740 738 mattiutam
763 711 929 744 Hellesponti
952 719 1014 746 pro-

227 758 344 784 vinciam
359 777 366 788 ,
384 758 410 784 in
428 766 479 790 qua
494 755 613 783 Joannes
633 756 892 790 archiepiscopalcm
909 761 1013 790 gereret

227 803 428 837 tttagislratttm,
447 802 541 837 quidni
557 822 564 834 ,
580 805 726 836 antequam
743 807 845 827 mactus
864 802 906 827 illa
921 801 1012 834 fuerit,

228 848 364 875 exstincto
380 847 498 875 Sardium
514 848 658 882 episcopo,
671 856 702 874 ea
718 847 769 874 sibi
787 847 906 874 Ecclesia
921 847 1014 874 crede-

226 899 321 925 retur,
347 894 392 921 ubi
415 894 650 928 archiepiscotmm
670 898 777 928 ageret,
799 888 991 927 coque‘ntagis
1004 911 1011 923 ,

227 939 300 974 quod
314 944 368 967 tum
388 941 521 974 temporis
534 939 694 966 Justiniame
709 940 716 966 I
733 939 860 965 exercitia
878 946 893 965 a
911 937 1010 965 Roma-

226 994 260 1013 na
274 986 438 1020 patriarchia
452 985 598 1016 defecerat,
616 983 1011 1019 atqueConstantinopolitatta:

226 1032 396 1066 adjudieata,
421 1032 460 1058 uti
485 1040 545 1058 mox
568 1032 675 1057 dicant?
696 1030 758 1056 limi:
773 1031 861 1056 locum
883 1037 935 1056 non
961 1029 1010 1056 Ita-

226 1079 290 1104 beut.
307 1077 482 1103 mrumcnicre
497 1084 511 1101 ι’
529 1077 622 1111 ›)ἰιοιίὶ
639 1075 822 1110 temporibus;
843 1083 904 1101 cum
921 1074 1011 1109 Cypro

225 1123 298 1149 nulla
314 1123 460 1157 importata
479 1130 492 1148 a
508 1122 633 1148 Iiat'liaris
645 1122 797 1152 calamitas,
813 1125 1010 1154 mansuetoun

224 1168 519 1202 Coustantinopolilaui
547 1167 720 1201 imperatoris
745 1172 852 1201 sceptro
876 1166 1008 1193 obediret.

224 1213 294 1246 Quid
309 1214 392 1247 igitur
405 1217 504 1244 restat,
519 1218 548 1239 ut
567 1213 646 1247 plane
659 1213 835 1252 allii-menius,
852 1212 1010 1247 Gregorium

224 1261 330 1294 synodo
342 1267 367 1286 vt
383 1261 557 1286 mcnntenieac
570 1259 726 1286 interfuisse
737 1279 743 1290 ,
759 1259 785 1285 in
802 1266 856 1293 qua
871 1259 1010 1285 Mouothe-

224 1306 333 1332 litarum
350 1305 460 1332 lucresis
477 1305 640 1338 proscripta,
656 1310 737 1340 atque
754 1312 819 1330 orco
837 1304 924 1331 devoti
945 1303 1009 1330 Scr-

224 1353 295 1387 gius,
314 1351 445 1387 Pyrrhus,
460 1351 571 1384 Paulus,
590 1351 686 1378 Petrus
700 1350 1008 1384 Constantinopolitani,

224 1399 310 1434 Cyrus
326 1399 545 1431 Alexnndriuus,
568 1398 729 1425 Theodorus
749 1397 931 1424 Faranitanus
952 1397 1010 1432 epi-

223 1444 297 1478 scopi
309 1444 544 1470 lilonothclitarum
555 1443 655 1477 capita,
665 1450 781 1476 quorum
797 1442 899 1476 aliquot
909 1441 1010 1468 disi-rte

225 1490 358 1522 nominat,
377 1497 439 1516 cum
457 1488 874 1521 Leontius,tumMetapltrastcs,
889 1492 916 1514 et
925 1487 1012 1521 epito-

227 1540 328 1562 tnastes
355 1535 441 1562 \'ita::
471 1540 499 1561 ut
525 1534 626 1561 I'rustra
652 1535 687 1560 sil.
710 1534 867 1565 Caielanus,
888 1534 933 1567 qui
959 1534 1010 1560 hoc

224 1580 315 1615 ipsum
329 1601 336 1612 ,
352 1581 424 1615 quod
445 1580 478 1607 ad
493 1588 604 1607 causam
621 1588 699 1607 suam
715 1587 767 1606 non
783 1579 963 1613 conduceret,
982 1579 1010 1606 in

225 1625 411 1659 suspicionem
431 1624 557 1651 vocarit?

263 1670 381 1697 XXVIII.
404 1670 456 1696 Sed
471 1678 533 1696 ecce
549 1690 556 1701 ,
576 1669 665 1701 inquit
679 1669 835 1700 Caietanus,
853 1668 943 1695 adhuc
958 1667 1011 1694 l'ul-

225 1724 301 1743 crum
315 1720 457 1750 superest,
476 1722 530 1749 quo
544 1714 676 1742 sententia
691 1715 821 1753 'fulciatur
839 1714 872 1740 de
887 1713 1010 1750 Gregorii

228 1761 285 1788 Vita
299 1762 349 1788 sub
362 1761 515 1788 Justiniano
528 1762 537 1787 l
552 1761 619 1795 Aug.
637 1768 762 1795 procusa,
775 1765 909 1794 quatenus
926 1760 952 1786 iu
964 1767 1011 1786 co-

227 1807 287 1833 deut
305 1805 412 1832 Leontii
430 1805 633 1832 Coutnwntario
652 1809 704 1830 tant
726 1802 872 1830 manifesto
893 1802 1009 1837 legitur,

226 1853 301 1880 illum
326 1853 377 1879 sub
405 1859 437 1878 co
462 1850 617 1878 Iustiniano
636 1851 755 1881 vixisse,
783 1857 837 1884 quo
861 1850 1011 1883 imperante

225 1906 325 1933 magna
346 1898 466 1933 synodus
485 1897 578 1924 habita
601 1895 841 1930 Constantinopoli
854 1914 861 1926 ,
884 1895 956 1929 quod
972 1895 1011 1921 ,de

226 1950 280 1970 uno
291 1941 446 1969 Iustiniano
463 1941 470 1967 I
486 1940 613 1967 aliirntari
628 1940 725 1974 possit,
738 1939 790 1966 sub
803 1947 857 1974 quo
872 1943 979 1978 peracta
995 1947 1011 1965 v

225 1988 346 2024 synodus
360 1986 543 2018 meumenica;
560 1994 621 2012 nam
640 1993 663 2012 ιί
683 1986 825 2017 convenit,
841 1993 904 2012 cum
920 1993 1010 2015 rerum

225 2033 460 2066 Constantinopoli
477 2033 610 2067 potiretur
624 2031 822 2059 Constantinus
842 2032 1009 2067 Pogonatus.

226 2083 338 2109 Scilicet
360 2082 413 2108 hoc
433 2089 549 2115 magnus
563 2080 607 2106 ille
629 2080 747 2106 Achilles
767 2085 1009 2114 argumentorum,

224 2138 278 2164 quo
295 2125 440 2156 tl'aietanus
453 2129 493 2156 vel
505 2129 578 2154 mille
595 2128 723 2155 IIectoras
736 2133 907 2162 prosternere
923 2129 1011 2156 conli-

224 2175 274 2202 dit.
290 2174 359 2208 Quid
373 2175 455 2209 igitur
467 2175 562 2210 agam?
581 2174 690 2201 Christe
703 2174 774 2201 Deus
786 2195 793 2207 ,
819 2174 898 2201 [idem
918 2180 991 2202 luant
1002 2195 1009 2207 ,

1067 264 1221 290 exstiterant
1239 265 1355 290 zizania.
1371 263 1485 297 Insuper
1507 270 1567 289 cum
1597 262 1654 289 Iure
1677 270 1737 289 mox
1759 263 1853 295 addit,

1065 308 1204 342 praeterito
1237 308 1347 341 insuper
1373 307 1487 342 Augusti
1521 307 1631 333 nomine
1653 315 1659 334 :
1687 306 1731 334 Ita
1758 307 1854 335 multa:

1066 352 1295 387 Constantinopoli
1311 355 1401 379 brutus
1417 353 1455 380 vir
1469 352 1550 379 edidit
1566 360 1626 378 cum
1642 352 1676 378 ad
1691 353 1831 379 dicendum
1845 374 1852 385 ,

1065 404 1119 424 tum
1136 399 1170 426 ad
1189 399 1354 426 laudandum
1376 401 1533 433 composita;
1556 400 1698 431 orationes,
1716 405 1743 425 ut
1765 399 1802 426 rei
1821 400 1855 426 ad

1065 444 1182 476 piissimi
1204 444 1372 478 imperatoria
1397 445 1481 470 nostri
1499 453 1575 471 aures
1599 444 1672 478 fama
1694 445 1854 478 pervaderet.

1067 489 1206 516 Ilactenus
1222 498 1252 516 ea
1267 490 1299 516 de
1315 490 1444 524 Gregorio
1457 494 1552 516 narrat
1563 490 1636 516 Leon
1653 490 1706 521 ius,
1718 498 1779 522 (tum
1792 495 1856 517 ante

1064 534 1211 560 concilium
1237 540 1335 569 gesta;
1362 543 1424 561 nam
1446 535 1538 562 statim
1563 535 1684 568 excipit:
1709 533 1775 561 lude
1797 540 1856 569 post

1065 579 1160 606 multos
1179 580 1233 606 dies
1251 580 1347 607 adsunt
1362 581 1477 614 episcopi
1488 580 1696 612 Alexandrinus,
1715 581 1856 606 Antioche-

1065 634 1123 657 nus,
1141 626 1289 653 Orientales
1307 635 1416 653 nntius:
1439 627 1574 653 Romanus
1587 627 1763 660 vero,quippe
1781 627 1856 661 gravi

1065 671 1154 697 morbo
1173 672 1291 698 detentus
1302 687 1312 703 ,ι
1327 671 1445 698 libellum
1467 672 1547 698 mittit
1562 672 1670 705 propria
1685 679 1767 697 "mnu
1797 679 1856 697 con-

1064 718 1200 751 scriptum.
1215 717 1267 743 Sed
1288 717 1434 751 aliquando
1446 717 1554 744 tandem
1569 717 1741 751 imperatoris
1752 725 1853 744 nomen

1065 763 1167 796 prodit,
1179 771 1241 789 cum
1254 770 1283 789 ea
1296 763 1536 797 exsequitur,qua:
1547 768 1606 797 post
1622 763 1756 797 synodum
1773 767 1832 789 acta
1846 771 1855 790 ι

1064 808 1190 841 Con/ccta
1209 816 1286 841 parra
1305 808 1466 843 (inquiens)
1483 813 1655 835 sacrosancta
1673 809 1772 843 synodo
1791 808 1859 836 Gre-

1063 853 1137 888 gorio
1146 861 1233 879 annm
1244 853 1422 887 gratulari....
1436 858 1463 879 at
1473 858 1569 887 prater
1579 859 1686 880 (cetera:
1703 853 1856 880 incredibile
1884 877 1888 880 ,

1028 896 1048 923 Β
1064 899 1130 932 cepit
1147 906 1179 925 ex
1195 899 1298 925 homine
1315 899 1474 926 desiderium
1492 900 1627 934 piissimus
1646 900 1790 934 imperator
1808 908 1855 926 no-

1061 950 1114 971 ster
1129 943 1310 975 Justinianus,
1328 950 1487 980 satiatusque
1497 947 1645 972 uniuersus.
1656 944 1695 971 Ex
1712 945 1763 972 ltoc
1781 945 1854 980 quod

1060 989 1208 1016 Caietanus
1238 990 1365 1024 putarit,
1400 991 1526 1017 eumdem
1557 990 1630 1018 buttc
1661 991 1854 1025 imperatorem

1062 1034 1144 1062 fuisse
1172 1035 1218 1068 qui
1239 1036 1373 1070 Gregorio
1388 1036 1551 1070 gratulatus,
1565 1041 1646 1070 atque
1661 1037 1736 1062 illnnt
1758 1037 1804 1070 qui
1827 1041 1855 1064 et

1061 1080 1204 1106 concilium
1216 1081 1307 1115 jussit,
1328 1085 1356 1108 et
1372 1081 1406 1108 de
1423 1080 1547 1115 Gregorii
1571 1081 1671 1108 virtute
1688 1081 1787 1108 famam
1804 1089 1851 1108 ex-

1061 1126 1180 1160 cepetit,
1198 1132 1226 1152 ut
1244 1126 1305 1153 inde
1325 1126 1451 1154 conﬁciat
1464 1146 1471 1158 ,
1489 1126 1643 1154 Iustiniano
1668 1127 1678 1154 I
1696 1126 1854 1155 Constanti~

1062 1171 1152 1206 ttopoli
1175 1172 1327 1206 imperante
1343 1172 1437 1199 cadent
1455 1171 1481 1198 in
1503 1172 1571 1199 urbe
1588 1172 1761 1199 diversatum
1783 1171 1848 1201 Gre.

1061 1218 1184 1252 gorium,
1205 1225 1291 1251 eoque
1313 1217 1468 1244 interfuisse
1492 1218 1596 1253 synodo
1617 1226 1631 1244 v
1656 1219 1851 1250 meumenica.

1063 1263 1138 1290 nullo
1156 1263 1237 1289 modo
1261 1263 1430 1301 probandus.
1453 1263 1481 1290 Si
1497 1263 1641 1290 Justiniaui
1665 1264 1734 1298 Aug.
1751 1271 1851 1290 nomen

1061 1308 1221 1342 protulisset
1242 1302 1391 1342 Leontius,
1409 1318 1471 1337 cunt
1491 1310 1532 1337 vel
1553 1310 1687 1345 synodum
1704 1309 1851 1342 indixissa,

1061 1354 1102 1380 vel
1120 1354 1220 1381 famam
1241 1354 1379 1382 inaudisse
1393 1355 1518 1390 Gregorii
1533 1360 1666 1383 memorat
1678 1374 1685 1387 ,
1699 1359 1772 1384 certe
1788 1355 1850 1389 qui-

1061 1399 1122 1427 dem
1138 1407 1227 1431 esset,
1242 1409 1290 1428 cur
1309 1401 1407 1428 merito
1428 1402 1632 1429 sanctissimum
1657 1401 1794 1428 hominem
1816 1401 1850 1428 ad

1061 1445 1207 1473 Justiniani
1221 1445 1230 1472 I
1245 1452 1366 1482 tempora
1379 1452 1516 1474 revocaret
1529 1456 1535 1474 :
1554 1448 1600 1474 sed
1612 1448 1685 1474 enim
1698 1447 1770 1482 quod
1784 1447 1849 1474 illud

1061 1497 1177 1526 usurpat
1197 1493 1222 1518 in
1242 1501 1332 1519 rerum
1354 1494 1521 1524 narratione,
1540 1500 1601 1527 quae
1617 1500 1742 1527 magnam
1767 1501 1849 1528 syno-

1062 1538 1125 1563 dum
1143 1543 1294 1564 consccuta:
1307 1559 1313 1571 ,
1345 1538 1428 1566 libere
1457 1539 1590 1571 dicimus,
1611 1538 1763 1566 foedissimo
1784 1538 1851 1565 vitio

1061 1582 1186 1610 laborare
1197 1584 1298 1619 egregii
1313 1585 1363 1610 viri
1378 1585 1547 1619 opinionem.
1563 1584 1649 1612 Porro
1664 1585 1731 1612 illud
1742 1589 1852 1612 constet

1061 1635 1094 1655 ex
1105 1626 1269 1662 Theophane
1280 1630 1484 1657 accuratissime
1496 1629 1652 1657 Graecarum
1667 1638 1757 1658 rerum
1780 1629 1853 1657 scri-

1062 1678 1151 1708 ptore,
1167 1673 1354 1702 Justinianum
1369 1675 1389 1701 ll
1402 1684 1416 1701 a
1431 1681 1507 1710 patre
1519 1676 1699 1703 Constantino
1712 1675 1851 1710 Pogonato

1062 1719 1217 1756 Augusutm
1234 1721 1429 1754 remmtiatuut,
1448 1729 1480 1749 ea
1508 1722 1642 1757 dignitate
1657 1721 1751 1756 ejectis
1766 1720 1852 1747 Hera-

1062 1766 1115 1793 clio
1146 1770 1172 1793 et
1195 1765 1305 1793 Tiberio
1332 1767 1464 1794 fratribus
1479 1787 1485 1799 ,
1509 1775 1580 1795 auuo
1600 1767 1708 1801 imperii
1732 1766 1774 1792 sui
1800 1766 1851 1797 I3.

1061 1811 1134 1844 quod
1160 1812 1226 1846 iniit;
1253 1820 1323 1839 attno
1357 1813 1427 1844 668,
1453 1820 1548 1840 mense
1569 1812 1651 1840 Julio.
1676 1812 1742 1839 Cum
1769 1811 1852 1846 igitur

1063 1864 1154 1884 mense
1166 1856 1237 1884 Julio
1249 1857 1311 1884 anui
1328 1857 1380 1884 680
1405 1858 1604 1885 Constantinus
1626 1858 1695 1892 Aug.
1714 1857 1788 1892 regni
1807 1856 1852 1883 sui

1062 1910 1163 1929 annum
1187 1903 1220 1930 t3
1245 1903 1398 1934 inchoarit,
1422 1905 1515 1930 eodem
1538 1911 1609 1930 anno
1631 1903 1787 1934 desinente,
1809 1901 1852 1928 vel

1062 1955 1133 1975 novo
1155 1945 1203 1980 68)
1227 1949 1253 1975 itt
1277 1949 1382 1984 imperii
1409 1949 1577 1983 consortium
1595 1949 1699 1976 ascitus
1719 1947 1853 1974 Iustinia-

1062 2002 1114 2021 ttus
1132 1993 1162 2021 F.
1182 2001 1195 2021 ει
1215 2000 1300 2028 patre,
1318 1995 1368 2021 ltoc
1383 2000 1434 2026 est,
1453 1995 1574 2021 nondum
1594 1994 1698 2030 synodo
1716 1992 1850 2020 confecta.

1063 2039 1120 2067 lluc
1140 2046 1166 2066 ct
1186 2041 1249 2066 illttd
1267 2041 1387 2073 accedit,
1409 2041 1500 2067 datam
1519 2040 1617 2067 Joanui
1645 2039 1728 2074 Cypri
1759 2038 1852 2065 archi-

1065 2085 1195 2120 episcopo
1219 2085 1422 2120 llellcspontum
1445 2086 1612 2121 provinciam
1639 2093 1664 2112 vt
1679 2085 1706 2111 iit
1728 2084 1849 2119 synodo,

1062 2136 1174 2157 auctore
1196 2130 1350 2158 Justiuiano
1368 2131 1545 2158 “Ililltlltltt‘lo
1557 2151 1564 2163 ,
1584 2131 1655 2166 quod
1673 2130 1776 2157 diserte
1795 2133 1852 2155 tra-

1062 2177 1149 2204 dituttt
1177 2185 1192 2204 a
1213 2177 1395 2205 Constantino
1423 2177 1679 2213 I‘orpltyrogenneta
1706 2176 1795 2209 capite
1816 2174 1851 2202 ΓΙ

223 2219 332 2247 Christe
357 2219 440 2252 Deus,
459 2228 509 2255 ago
534 2219 581 2247 tibi
603 2220 720 2254 gratias.
746 2227 830 2253 supra
860 2228 941 2254 quatit
964 2220 1019 2248 dici
1034 2228 1056 2255 ι)
1071 2222 1107 2248 De
1134 2223 1206 2249 adm.
1232 2223 1294 2257 imp.
1320 2231 1334 2249 a
1360 2218 1439 2249 nobis
1462 2227 1541 2248 antea
1566 2222 1670 2256 integre
1693 2220 1851 2255 producto:

223 2271 314 2301 queat,
329 2267 422 2293 maxin
431 2275 460 2293 as
474 2275 479 2281 -
507 2265 615 2292 'am'aut
630 2274 728 2292 numen
743 2267 829 2293 sentio
845 2273 934 2300 tuum,
954 2275 1011 2301 quo

224 2313 351 2348 perfusus
366 2311 487 2338 Catetani
508 2319 588 2338 verna
612 2312 685 2338 nulto
702 2312 813 2339 omnino
835 2312 936 2340 diluam
962 2321 1011 2340 ne-

224 2358 307 2392 gotio.
332 2357 496 2384 Evolvamus
513 2356 618 2384 Leontii
641 2356 799 2392 Historiam,
823 2358 943 2393 illudque
963 2367 1012 2386 ex-

224 2404 384 2437 pendamus,
401 2404 542 2438 ecquando
557 2403 638 2438 312
650 2404 825 2438 imperatoris
840 2412 938 2431 nomen
954 2405 1010 2438 pri-

224 2457 269 2479 mo
284 2449 442 2483 prodiderit,
457 2454 486 2475 ut
500 2449 608 2476 laudent
625 2449 689 2476 illttd
703 2454 802 2484 pateat.
815 2458 896 2485 quam
909 2451 1012 2485 impro-

225 2496 258 2522 be
272 2495 416 2523 Caictattus
429 2503 462 2522 ex
473 2503 505 2522 eo
519 2496 698 2528 contenderit,
710 2496 872 2530 Gregorium
887 2502 1009 2524 nostruut

223 2542 335 2570 duxisse
346 2550 432 2568 aerum
454 2542 506 2569 sub
517 2540 670 2569 Iustiniano
685 2542 704 2568 l.
731 2542 802 2570 Sane
819 2543 1010 2577 imperatorem

224 2589 313 2623 primo
331 2587 574 2620 IaudatLeontius,
591 2589 672 2614 tacito
690 2593 778 2614 tamen
799 2589 910 2615 nomine
923 2609 930 2619 ,
948 2597 1009 2615 cum

225 2633 339 2660 scribit:
355 2633 420 2660 Inde
432 2638 490 2667 post
506 2634 607 2668 aliquot
621 2633 675 2660 dies
690 2642 735 2668 per
751 2633 953 2661 Constantium"
967 2643 1010 2669 pe-

225 2679 266 2706 tiit
288 2678 472 2713 (Gregorius)
488 2679 520 2706 ab
538 2679 749 2714 archiepiscopo,
775 2684 803 2706 ut
818 2680 900 2713 ipsimi
920 2680 1010 2714 fausta

224 2729 347 2760 precatus
367 2725 510 2752 dimitteret
530 2732 538 2751 :
562 2726 585 2752 is
607 2734 664 2752 vero
681 2725 835 2760 Gregorium
854 2727 1011 2753 accersitum

225 2776 310 2803 rogat,
330 2778 479 2805 exspectare
495 2771 554 2798 vrlit
573 2771 789 2806 aliquantulum:
811 2772 945 2798 inimicum
963 2773 1010 2799 lio-

226 2813 322 2839 minem
339 2814 365 2840 in
381 2815 464 2841 medio
482 2815 564 2842 tritici
579 2815 714 2842 catholica:
731 2815 854 2843 Ecrleaiic
870 2817 1012 2843 seminasse

229 2858 333 2886 ιὶιτιαηῐα
347 2861 502 2889 :nuuulrtsac
513 2862 661 2897 piissimum
678 2862 870 2897 imperatorem,
888 2868 915 2890 ut
934 2863 1011 2890 colle-

1062 2265 1186 2302 Ἐγένετο
1197 2268 1336 2303 οἰκονομία
1349 2268 1424 2303 παρὰ
1437 2267 1484 2294 τοῦ
1501 2267 1634 2302 βασιλέως
1651 2263 1844 2293 Ὶουστινιανοῦ

1062 2315 1090 2341 ὲν
1105 2315 1137 2349 τῇ
1152 2314 1217 2348 ἁγίᾳ
1228 2314 1295 2350 ἕκτῃ
1311 2313 1420 2349 συνόδῳ.
1438 2314 1502 2341 lude
1518 2313 1547 2340 lit
1561 2313 1762 2344 Justinianum,
1776 2315 1851 2343 ante-

1062 2363 1143 2394 quam
1167 2360 1287 2394 synodus
1305 2360 1508 2391 dimitteretur,
1528 2359 1584 2394 jam
1602 2357 1744 2392 Augustali
1765 2364 1850 2383 orna-

1062 2410 1118 2432 tntn
1134 2405 1262 2439 dignitate
1273 2424 1279 2435 ,
1297 2405 1323 2431 iu
1340 2405 1419 2439 cuius
1434 2404 1548 2439 gratiam
1573 2404 1734 2431 Constantia
1749 2402 1848 2438 Cypri,

1062 2450 1224 2477 Justinianze
1250 2450 1307 2477 sive
1321 2449 1550 2484 .Iostinianopolis
1567 2457 1643 2476 nova:
1655 2455 1734 2476 nacta
1749 2455 1849 2475 nomen

1062 2495 1155 2522 eadem
1175 2496 1200 2522 in
1217 2495 1330 2530 synodo.
1346 2495 1432 2530 Negat
1451 2496 1503 2522 hoc
1516 2494 1684 2529 Nicepltorus
1705 2494 1752 2520 lih.
1773 2501 1848 2524 xvn,

1062 2548 1122 2575 cap.
1142 2540 1182 2567 28»
1203 2541 1238 2567 II.
1255 2540 1288 2567 E.
1302 2561 1309 2574 ,
1331 2541 1377 2576 qui
1403 2541 1436 2567 ab
1451 2540 1606 2567 Justinimo
1629 2540 1639 2567 I
1661 2547 1760 2567 nomen
1783 2538 1849 2566 illud

1063 2587 1275 2622 partumfscribit
1287 2587 1398 2614 honoris
1410 2595 1475 2622 ergo
1489 2587 1639 2614 Theodora:
1651 2586 1755 2616 uxoris,
1765 2593 1848 2620 quam

1061 2632 1143 2659 donto
1160 2633 1285 2668 Cypriam
1302 2632 1433 2667 perhibet.
1456 2631 1553 2659 Verum
1571 2640 1624 2659 non
1643 2639 1675 2659 ea
1692 2631 1741 2657 viri
1754 2634 1849 2667 aucto-

1062 2680 1139 2711 ritas,
1167 2683 1197 2705 ut
1212 2679 1251 2705 vel
1267 2678 1390 2713 ingratiis
1410 2686 1555 2705 assensum
1582 2687 1596 2705 a
1613 2686 1656 2705 me
1671 2681 1846 2712 extorquvat.

1061 2724 1105 2751 Ait
1126 2723 1184 2755 ille,
1202 2723 1386 2756 Constanti-at,
1403 2724 1474 2758 quod
1497 2722 1648 2751 Theodoro;
1667 2724 1735 2758 Aug.
1760 2730 1849 2749 cunas

1062 2771 1225 2806 prtehucrit,
1247 2771 1316 2797 idem
1334 2772 1492 2798 usuvenisse
1504 2791 1512 2803 ,
1538 2778 1620 2805 at.,uc
1637 2769 1747 2796 Achridi
1762 2767 1848 2795 Justi—

1062 2816 1136 2843 niani
1156 2816 1226 2851 Aug.
1243 2816 1347 2850 patrim,
1360 2815 1583 2851 arclticpiscopali
1599 2815 1700 2842 scilicet
1718 2812 1844 2840 aﬂ'ectam

1062 2861 1192 2896 όῑειιὶιιιῑυ
1213 2862 1246 2888 ab
1262 2860 1416 2889 Justiniano
1431 2861 1457 2896 I,
1478 2862 1550 2898 quod
1567 2860 1709 2889 manifesto
1729 2858 1848 2891 falsum;
