2041 3159
176 163 245 196 12λό

172 229 234 249 cum
256 222 337 258 longo
364 231 427 254 ante
455 234 576 264 tempore
597 232 767 262 Constantia),
787 238 965 272 metropolita

171 269 358 304 αὑτικέφαλος
374 274 597 312 archiepiscopus
611 280 748 312 audierit,
764 283 836 315 quod
853 291 867 310 ιι
886 284 966 312 nobis

171 314 401 345 demonstratum.
418 319 444 347 Si
457 321 550 355 lapsus
563 324 589 350 iu
605 325 646 351 via
658 330 712 352 tam
728 327 819 360 plana,
832 329 898 363 quid
915 330 966 356 tui-

171 369 244 394 ruut,
261 363 304 390 ubi
320 365 432 394 salebrae
442 367 452 393 ?
464 367 556 403 Neque
570 370 670 398 desunt
685 373 797 406 iudicia,
812 383 872 409 qum
883 374 965 403 Nice-

169 407 250 443 phori
270 410 510 447 hallucinatioueut
525 416 664 451 detegant.
678 407 827 447 Enimvero
843 425 897 448 tres
914 429 965 448 nu-

171 456 485 487 tuerauturJustiuiante
503 471 509 488 :
525 462 634 496 Achris,
647 473 706 498 qua:
722 464 730 490 Ι
744 485 752 496 ,
773 465 890 501 Cyprus,
906 468 964 495 sive

169 500 347 548 Constantia,
373 513 433 539 qua:
460 506 498 540 ll,
531 508 668 544 Carthago
684 531 692 544 ,
721 519 781 545 qure
798 500 852 546 Vill,
874 521 963 548 eoque

170 546 267 595 ordine
294 556 309 576 a
337 549 456 586 Georgio
481 552 587 580 Cedino
611 562 805 590 perccuscutur
826 567 833 584 :
862 546 960 595 Πρώτη

169 590 349 640 ’μοιλῗςτενιανὴ
371 597 469 632 ’Λχρις
481 619 488 627 .
509 599 623 636 δτυτέρα
644 602 660 637 ἡ
677 602 800 638 Κύπρος,
816 604 864 631 καὶ
880 590 960 640 ’ξριτιξ

169 637 185 672 ὴ
208 639 371 675 Καρχηδὼν.
394 643 538 672 Achridetu
550 667 557 678 ,
574 651 601 674 et
615 637 806 683 Carthaginem
823 650 857 678 ab
875 637 960 678 Justi;

169 684 252 713 niauo
275 687 282 713 Ι
308 696 407 715 novum
432 691 586 720 obtinuisse
616 701 716 722 nomen
746 700 820 730 patet
845 703 876 724 ex
900 697 959 732 ejus

167 731 258 758 novel.
276 740 314 764 xi,
329 734 421 761 collat.
438 735 466 768 Ξ,
485 745 511 765 ιι.
529 738 555 770 6,
573 742 631 766 tum
645 746 677 766 ex
690 739 736 767 lib.
754 741 779 772 ι’,
800 749 826 768 c.
842 742 880 769 De
892 731 957 776 ofﬁc.

166 777 243 811 prwf.
272 784 350 812 prmt.
379 780 440 814 Afr.
471 781 518 808 Lis
543 782 628 818 igitur
651 785 686 812 de,
711 793 763 812 una
787 786 956 815 Constantia.

167 823 249 857 Atqui
264 832 326 851 cum
342 825 399 853 haec
421 827 518 855 ordine
532 829 638 857 dicatur
660 830 677 856 2
689 850 697 863 ,
718 839 779 858 cum
801 839 816 859 a
832 831 957 860 Patribus

168 876 193 895 γι
208 870 306 904 synodi
325 880 393 899 nova
409 874 562 908 appellatur
575 875 734 905 Justiuiana
748 886 811 905 cau.
827 879 872 910 59,
885 879 956 907 ὥστε

166 912 214 948 τὴν
238 914 302 941 νέαν
312 915 600 946 ’Ἰουστινιανούπολιν
626 921 657 947 τὸ
681 922 785 949 δίκαιον
816 923 886 958 ἒχειν
908 924 958 958 τῆς

166 958 374 987 Κωνστπντινου
381 962 483 996 πόλεως
493 986 501 998 ,
518 971 545 992 ιιι
558 974 625 994 naua
636 967 793 995 Justiniana
802 969 848 1004 jus
862 969 957 997 ltabcat

167 1002 412 1041 Constantinopolis
424 1029 432 1042 ,
449 1017 504 1037 nou
520 1011 660 1039 immerito
679 1013 743 1041 hinc
760 1015 889 1047 coniicio,
907 1015 956 1042 .lu-

166 1050 312 1079 stiuianatn
324 1053 425 1082 dictant
439 1055 630 1085 Constantiam
640 1060 673 1086 ab
685 1059 840 1089 Justiuiano
854 1062 886 1094 ll,
902 1070 956 1090 non

166 1095 186 1123 1.
203 1097 232 1124 Si
246 1099 319 1125 enirn
333 1107 348 1126 a
361 1100 382 1132 1,
400 1101 472 1129 haud
489 1111 586 1130 novam
603 1105 677 1132 illam
694 1112 837 1134 vocassent
848 1108 954 1135 concilii

165 1142 260 1171 Patres
271 1165 278 1176 ,
295 1146 405 1179 quando
421 1155 479 1175 eam
502 1150 598 1177 ordine
616 1152 782 1186 sequebatur
796 1153 933 1187 Carthago
946 1173 955 1186 ,

165 1195 224 1222 qua:
241 1197 302 1216 vero
317 1199 395 1226 nova,
413 1193 547 1228 siquidem
576 1196 735 1224 Constantia
751 1198 785 1224 ab
798 1197 955 1226 Justiniauo

163 1234 374 1265 ldenomiuata.
396 1238 474 1271 Quod
495 1239 579 1274 igitur
600 1243 697 1276 synodi
717 1251 741 1269 νι
768 1243 865 1271 Patres
881 1245 954 1271 Cou—

162 1282 290 1309 stautiam
307 1283 400 1311 dicant
414 1285 478 1311 νέειν
495 1285 768 1315 Ἰουστινιανυύπῡλιν
789 1295 957 1325 argumento-

162 1332 202 1354 cst
215 1348 223 1359 ,
243 1337 345 1356 novum
366 1330 433 1358 illud
460 1330 547 1359 fuisse
563 1341 680 1367 nomen,
703 1343 758 1369 quo
775 1340 830 1362 tum
853 1337 955 1364 donata

162 1372 324 1405 Constantia
337 1395 344 1407 ,
361 1383 476 1411 eamque
493 1377 597 1405 idcirco
617 1380 766 1407 secundam
782 1381 882 1409 dictant
903 1382 951 1410 Ju-

163 1420 393 1456 stiuiauam,quzc
406 1431 500 1451 revera
514 1426 643 1459 temporis
656 1432 780 1461 respectu
795 1430 956 1464 tertia.quia

161 1467 249 1500 patria
272 1468 404 1504 Augusti,
437 1478 491 1504 quo
516 1472 628 1499 neruiue
661 1474 842 1508 praaponeuda
871 1475 953 1503 fur-rit

162 1512 333 1549 Carthagini,
346 1515 480 1542 incolumi
497 1523 625 1545 manente
641 1519 752 1546 Achridi
765 1519 926 1549 Justiniauae
941 1522 951 1549 Ι

161 1563 379 1596 uoutcuclatura,
396 1564 460 1599 quia
476 1563 623 1594 Jttstiuiaui
640 1567 647 1593 l
671 1569 768 1601 patria.
786 1567 844 1595 Non
860 1569 948 1596 solum

161 1608 255 1642 igitur,
271 1609 343 1642 quod
357 1609 528 1638 Justiuiauus
545 1610 563 1637 ll
576 1619 590 1637 a
607 1613 702 1647 synodi
719 1621 742 1639 rt
758 1613 884 1641 Patribus
901 1623 948 1642 vo—

164 1654 246 1681 luerit
265 1655 382 1682 dandam
409 1656 490 1691 Cypri
514 1657 722 1693 archiepiscopo
746 1659 949 1694 Hellespontum

162 1701 331 1734 provinciam
348 1709 411 1730 cuut
431 1704 634 1738 αὑτοκεφαλίας
657 1705 730 1739 jure,
754 1706 891 1740 ostendit,
917 1715 950 1734 eo

162 1751 218 1774 tum
238 1752 359 1782 tempore
372 1749 427 1783 jam
444 1750 599 1785 Augustum
616 1752 766 1779 salutatum
786 1753 860 1780 illum
873 1775 880 1787 ,
902 1755 949 1781 sed

161 1793 244 1820 etiam
270 1795 342 1829 quod
368 1795 402 1822 ab
430 1795 528 1824 iisdem
557 1797 684 1825 Patribus
711 1800 759 1826 νέα
793 1800 950 1826 Ἰουστινια-

161 1839 286 1872 νούπολις
301 1846 450 1876 usurpatur
465 1843 627 1871 Constantia
643 1866 649 1876 ,
671 1853 732 1872 cum
748 1854 817 1872 nova
835 1846 950 1873 urbibus

163 1887 275 1914 nomina
297 1888 331 1915 ab
350 1888 482 1924 Augustis
500 1890 714 1925 imponerentur.
739 1892 819 1919 Proin
839 1901 901 1919 cum
922 1893 949 1920 in

161 1933 344 1962 Anastasiana
360 1935 510 1969 Agathonis
532 1937 587 1964 vita
606 1938 742 1972 legimus:
769 1938 814 1964 Ita
838 1939 950 1966 discidio

161 1978 267 2005 subluto
282 1979 415 2014 (loquitur
429 1988 493 2008 vero
505 1981 539 2008 de
554 1982 634 2009 rebus
648 1983 675 2009 iu
691 1983 796 2018 synodo
808 1983 948 2018 Trullaua,

162 2024 214 2050 hoc
228 2030 269 2051 est
286 2033 311 2051 vr
328 2026 497 2053 aecumeuica
511 2027 594 2061 gestis
607 2028 616 2063 )
651 2028 773 2064 civilique
787 2030 857 2056 inter
871 2030 949 2056 Cln'i—

159 2070 261 2097 stianas
273 2071 339 2097 bella
356 2073 509 2107 composito,
522 2074 638 2101 Joannes
651 2076 785 2109 episcopus
798 2075 950 2103 Parmensis

160 2115 203 2142 die
215 2115 362 2150 Prisc/tale,
387 2126 475 2145 coram
503 2120 620 2154 principe
642 2120 723 2156 313
745 2130 776 2147 ac
792 2121 950 2148 Patriarcha

160 2162 187 2187 in
212 2160 331 2188 Ecclesia
348 2162 432 2190 beata:
460 2163 566 2198 Sophia:
591 2165 698 2191 missam
729 2165 811 2193 latine
837 2166 950 2193 celebrat

160 2209 279 2234 erunibus
295 2209 504 2236 acclamantibus
517 2211 749 2246 piissimorumque
772 2212 864 2240 laudes
881 2221 950 2247 prw-

160 2254 329 2287 tlicantibus;
356 2255 440 2282 hosce
467 2255 606 2291 Augustos
629 2258 741 2285 ontniuo
773 2258 949 2293 interpretere

159 2300 372 2328 Constantinum
383 2307 537 2337 patrem,et
556 2302 742 2331 Jusliuianum
757 2305 854 2337 lilium,
870 2305 916 2340 qui
933 2314 949 2333 a

159 2351 240 2381 patre
269 2347 379 2382 imperii
406 2348 512 2383 collega
538 2350 733 2382 renuntiatus,
762 2351 790 2378 in
815 2352 948 2386 privatam

159 2393 241 2419 vitam
255 2393 361 2421 abactis
373 2393 497 2422 Heraclio
525 2400 552 2422 et
564 2394 677 2423 Tiberio
700 2395 842 2425 fratribus.
858 2397 949 2430 Quare

159 2439 232 2474 quod
252 2439 389 2468 Caietanm
406 2441 550 2469 sententiae
569 2441 758 2469 ﬁrmissimum
774 2448 833 2470 erat
847 2443 947 2471 funda-

159 2489 283 2512 mentum
294 2505 303 2518 ,
319 2485 399 2520 plane
428 2485 535 2513 corruit
549 2506 557 2518 ,
577 2494 639 2513 cum
654 2485 824 2514 Justinianus
839 2507 846 2519 ,
866 2495 948 2522 quem

159 2531 297 2566 praecipue
323 2533 448 2559 nominat
466 2532 598 2560 Leontius
617 2537 643 2560 et
660 2532 876 2568 Mctaphrastes,
895 2541 948 2561 non

158 2584 275 2611 magnus
298 2578 343 2605 ille
365 2579 506 2607 habendus
521 2600 527 2610 ,
553 2579 604 2607 sub
628 2587 683 2614 quo
709 2580 907 2608 mcttmeuicum
933 2588 949 2608 v

159 2623 305 2651 concilium
325 2630 450 2652 coactum
464 2644 471 2656 ,
491 2625 538 2653 sed
558 2625 733 2653 Constantini
750 2625 881 2660 Pogouati
897 2626 928 2654 F.
940 2646 947 2659 ,

157 2677 215 2704 quo
238 2670 265 2697 in
296 2671 372 2706 regni
394 2672 565 2699 consortium
591 2680 607 2699 a
630 2677 707 2707 patre
730 2680 826 2700 recens
852 2676 949 2700 vocato

158 2723 257 2746 magna
272 2717 394 2752 synodus
407 2725 433 2745 vt
450 2717 585 2745 confecta.

193 2761 290 2788 XXIX.
308 2763 471 2799 Quanquam
497 2764 575 2799 plura
595 2772 649 2791 non
666 2764 867 2795 desiderantur,
895 2771 950 2798 quo

160 2807 263 2840 liqueat
277 2809 416 2841 omnibus,
432 2809 594 2844 Gregorium
608 2810 659 2837 sub
674 2809 829 2837 Iustiniano
843 2809 865 2836 ll
878 2809 950 2836 Cou-

161 2854 274 2880 stantini
291 2855 377 2889 patris
392 2855 496 2890 collega
510 2864 535 2883 \‘l
553 2857 657 2892 synodo
673 2856 849 2884 occumeuicae
863 2856 948 2882 inter-

163 2899 259 2932 fuisse,
275 2907 361 2936 coquc
377 2901 490 2930 omnino
500 2902 698 2938 Explodcudattt
711 2902 833 2931 Caictaui
844 2902 948 2938 opinio-

862 179 1130 212 DISSERTA'I‘IU-

1445 121 1457 133 4

1734 190 1803 222 ῙΞΜ

981 243 1002 270 Α
1019 248 1081 266 uem
1094 240 1127 267 ad
1141 240 1290 269 Justiuiani
1304 242 1313 268 Ι
1325 248 1447 278 tempora
1458 245 1600 279 elevautis,
1614 254 1704 281 operte
1716 253 1810 278 tamen

1017 285 1133 320 pretium
1153 286 1289 314 facturum
1307 296 1350 315 me
1366 289 1448 322 duco,
1468 291 1491 317 si
1514 291 1629 326 reliqua,
1648 300 1710 327 quae
1725 294 1806 322 Caie-

1018 336 1082 358 tano
1099 332 1225 366 opposui,
1244 334 1310 360 mihi
1329 342 1382 361 non
1402 343 1480 370 aeque
1495 337 1608 364 adversa
1627 339 1806 370 ostenderim.

1016 377 1105 412 Atque
1119 379 1241 405 omnium
1256 380 1373 414 primum
1384 381 1570 410 characterem
1583 383 1658 410 illum
1669 384 1743 412 feriae
1755 393 1801 418 vn,

1015 432 1069 458 quo
1086 424 1200 459 insignis
1217 425 1275 453 dies
1300 426 1330 453 11
1356 427 1541 461 Septembris.
1569 437 1632 457 cum
1655 429 1806 465 Gregorius

1014 469 1100 497 ltoma
1117 471 1202 497 redux
1219 471 1245 497 in
1259 471 1498 506 Agrigentinorum
1516 475 1669 508 emporium
1686 477 1799 510 appulit,

1013 523 1104 543 causm
1125 521 1225 543 nostrze
1249 522 1417 544 momentum
1436 519 1533 546 addere
1556 527 1610 547 non
1636 521 1702 552 leve,
1727 523 1801 549 dete-

1012 570 1091 596 gam;
1114 570 1230 598 eamque
1245 563 1281 590 ob
1298 571 1409 591 causam
1431 572 1531 592 novum
1549 565 1690 594 instituam
1710 567 1802 595 Canos

1013 616 1073 635 nem
1091 609 1126 636 ab
1142 617 1214 636 almo
1230 608 1293 640 682,
1310 609 1336 635 iu
1360 618 1415 645 quo
1436 611 1541 645 primus
1566 612 1715 640 absolvitur
1732 613 1799 641 Gre-

1011 655 1081 689 gorii
1108 655 1283 689 pontiﬁcatus
1314 663 1421 687 annus,
1452 657 1484 683 ad
1515 657 1581 686 711,
1609 658 1655 692 qui
1687 658 1799 686 ultimus

1009 700 1157 727 Justiniani
1180 701 1202 728 ll
1226 703 1306 736 Aug.,
1327 701 1355 728 iu
1371 709 1459 737 eoque
1478 707 1607 735 statuam,
1626 711 1686 738 quae
1698 712 1798 738 propo-

1009 747 1063 774 sito
1080 752 1176 774 nostro
1193 741 1359 775 conducant.

1044 793 1095 820 An.
1113 794 1176 821 Chr.

1032 839 1105 870 ,682.
1128 839 1232 867 Desinit
1251 841 1358 876 Agatho
1381 841 1411 868 P.
1436 841 1472 869 Μ.
1489 841 1534 869 die
1557 842 1591 869 10
1607 841 1728 870 Januarii
1750 851 1798 871 ca-

1009 886 1117 921 ruitque
1145 886 1268 914 Romana
1291 887 1411 915 Ecclesia
1446 896 1606 916 suecessore
1631 897 1732 916 anmun
1765 890 1796 922 1,

1010 940 1047 959 m.
1064 933 1130 964 7,d.
1160 934 1187 960 5.
1212 933 1328 966 (Auast.
1357 934 1485 961 Biblioth.
1511 935 1537 962 in
1564 935 1673 969 Agath.,
1700 940 1797 963 auclor-

1008 977 1109 1005 Chron.
1133 978 1316 1012 Fossznnovaa,
1336 988 1494 1015 quanquam
1518 985 1590 1008 errct
1608 982 1633 1007 iu
1651 981 1795 1008 emortuali

1008 1030 1080 1050 anno
1095 1024 1274 1058 designanda,
1292 1025 1360 1059 alii.)

1042 1069 1105 1096 685.
1124 1068 1179 1096 Lco
1195 1069 1219 1096 ll
1236 1068 1346 1097 Siculus
1365 1070 1395 1097 P.
1421 1070 1455 1098 Μ.
1474 1075 1582 1098 creatur
1597 1071 1641 1098 die
1657 1071 1689 1097 10
1710 1071 1792 1106 Aug.,

1006 1115 1052 1150 qui
1074 1115 1259 1148 pontiﬁcatum
1283 1116 1366 1151 gessit
1388 1124 1425 1143 ut.
1451 1117 1494 1149 10,
1516 1117 1544 1144 d.
1571 1117 1615 1145 18.
1632 1117 1747 1153 (Anast.
1766 1117 1792 1144 in

1006 1160 1103 1194 Leon.)

1041 1206 1103 1233 684.
1125 1207 1179 1234 Leo
1197 1207 1216 1234 ll
1234 1208 1291 1235 obit
1306 1208 1341 1235 28
1359 1208 1444 1241 Junii,
1468 1210 1511 1237 cui
1535 1210 1658 1237 succedit
1674 1213 1735 1244 post
1750 1209 1792 1235 in-

1006 1253 1215 1287 terpoutiﬁcinm
1237 1255 1372 1282 mensium
1393 1256 1420 1287 5,
1444 1256 1471 1283 d.
1506 1257 1549 1289 18,
1576 1257 1738 1284 Benedictus
1760 1255 1791 1285 ll.

1006 1298 1116 1332 (idem)

1040 1344 1102 1371 685.
1116 1344 1233 1372 Moritur
1248 1346 1411 1374 Benedictus
1427 1339 1498 1374 1115
1513 1347 1613 1382 Martii,
1625 1349 1706 1385 eique
1719 1349 1791 1376 suill-

1001 1391 1073 1417 citur
1087 1390 1207 1418 Joannes
1222 1391 1254 1422 V,
1270 1392 1304 1418 9.5
1319 1391 1394 1419 Julii.

1038 1437 1099 1464 686.
1127 1437 1235 1463 ΒηᾙκΗι
1264 1436 1385 1464 Joannes
1413 1437 1444 1468 V,
1476 1438 1508 1465 l3
1535 1438 1603 1473 Aug.
1632 1439 1791 1473 Composito

1003 1481 1121 1515 partium
1139 1481 1255 1508 tllSaitllO
1277 1482 1465 1515 pontiﬁcatum
1489 1483 1539 1509 iuit
1563 1483 1658 1510 Cotton
1679 1483 1791 1510 Siculus

1002 1527 1032 1553 21
1054 1525 1190 1554 Octobris

1037 1572 1099 1599 687.
1122 1572 1194 1600 Vixit
1211 1572 1305 1600 Cotton
1324 1582 1411 1607 usque
1427 1575 1460 1601 ad
1482 1574 1519 1601 22
1541 1573 1720 1608 Septembris,
1742 1581 1791 1601 ex-

1002 1617 1157 1653 stinctaque
1188 1618 1334 1646 schismate
1357 1618 1387 1646 Ρ.
1413 1619 1447 1645 Μ.
1476 1620 1646 1646 renuntiatur
1679 1618 1791 1655 Sergius

1001 1664 1212 1694 Pauormitauus
1231 1665 1264 1691 18
1285 1665 1450 1691 Decembris.

1036 1709 1097 1736 688.
1136 1730 1143 1736 .

1036 1755 1097 1782 689.
1134 1774 1142 1782 .

1037 1799 1722 1828 690...........

1036 1846 1098 1874 691.
1117 1846 1208 1873 Iliense
1233 1846 1342 1873 Octobri
1368 1845 1483 1872 Romam
1508 1846 1618 1880 navigat
1641 1846 1788 1882 Gregorius

1001 1893 1088 1926 stupri
1105 1892 1221 1924 delatus,
1248 1892 1277 1918 l’.
1294 1891 1364 1918 Max.
1383 1891 1517 1925 judicium
1536 1892 1690 1924 subiturus,
1706 1900 1786 1925 quam

1001 1938 1142 1974 ingressus
1165 1937 1312 1964 Novembri
1330 1945 1435 1969 tueuse,
1461 1937 1554 1972 ibique
1570 1939 1663 1965 statim
1683 1938 1710 1965 in
1726 1946 1787 1965 car-

1001 1990 1077 2011 ceres
1093 1982 1236 2017 conjicitur
1253 1990 1266 2009 a
1284 1982 1389 2016 Sergio.

1036 2029 1098 2055 69'2.
1132 2048 1138 2055 .

1037 2120 1098 2147 694.
1119 2119 1155 2147 20
1175 2119 1291 2154 Aprilis,
1319 2121 1371 2148 hoc
1399 2126 1440 2148 est
1466 2121 1598 2155 postridie
1627 2120 1788 2154 Paschalis,

1002 2166 1119 2194 concilio
1135 2166 1241 2194 sistitur
1255 2166 1414 2202 Gregorius,
1432 2168 1596 2202 cognitaque
1611 2176 1692 2194 causa
1709 2169 1789 2194 iuno-

1001 2221 1067 2240 ceus
1081 2213 1230 2247 judicatur,
1249 2214 1311 2240 inde
1328 2214 1385 2240 abit
1402 2213 1681 2249 Constantinopolim.

968 2277 989 2303 ο
1037 2258 1099 2285 695.
1121 2258 1229 2294 Peragit
1254 2259 1358 2286 Pascha
1373 2259 1629 2292 Constantinopoli;
1652 2260 1715 2287 hinc
1734 2259 1790 2286 Κο-

1003 2309 1074 2329 luam
1082 2302 1207 2335 discedit,
1216 2310 1270 2336 quo
1278 2303 1400 2336 pervenit
1409 2302 1525 2331 "ZOJulii.
1535 2303 1654 2330 Tandem
1663 2304 1695 2330 ad
1706 2305 1790 2331 cccle‘

1002 2348 1070 2375 siam
1081 2356 1157 2375 suam
1167 2349 1360 2382 proﬁciscitur,
1373 2349 1482 2383 adpellit
1493 2349 1526 2375 ad
1539 2349 1717 2384 Acragautem
1737 2350 1789 2376 11η-

1000 2393 1114 2420 viuuth
1122 2392 1437 2428 Septembris,postridie
1449 2394 1504 2420 abit
1513 2394 1538 2420 in
1546 2394 1788 2428 Agrigentinorum

999 2439 1161 2473 emporium,
1179 2439 1250 2473 quod
1269 2439 1360 2473 attigit
1375 2439 1530 2466 eademutct
1544 2439 1598 2472 die,
1619 2439 1686 2467 feria
1702 2449 1750 2468 vn.

1034 2485 1090 2513 Hoc
1105 2494 1176 2512 anno
1191 2485 1363 2513 Justinianus
1384 2484 1403 2511 ΙΙ
1420 2486 1490 2521 Aug.
1517 2494 1601 2521 regno
1627 2487 1737 2521 pellitur
1755 2488 1792 2514 alt

999 2531 1123 2563 Leontio,
1141 2540 1233 2558 mense
1246 2531 1329 2558 Julio.
1346 2530 1503 2567 (Theoph.)

1035 2578 1097 2606 696.
1127 2598 1135 2605 .

1034 2625 1787 2655 697............

1034 2670 1097 2698 698.
1117 2670 1278 2698 Absimarus
1301 2671 1429 2698 Tiberius
1453 2670 1536 2706 Aug.,
1550 2676 1645 2699 exacto
1661 2671 1789 2705 Leontio,

1000 2716 1112 2752 (luent)

1035 2762 1096 2790 699.
1128 2784 1135 2790 .

1034 2808 1096 2835 760.
1127 2828 1134 2835 .
1193 2829 1199 2836 .
1261 2829 1288 2839 ,η
1327 2830 1333 2836 .
1392 2830 1399 2837 .
1456 2830 1463 2836 .
1522 2830 1528 2836 .
1586 2830 1592 2837 .
1651 2831 1658 2838 .
1716 2830 1722 2837 .
1779 2831 1787 2838 .

1036 2855 1096 2882 'iOl.
1114 2855 1227 2890 Sergius
1241 2855 1272 2882 Ρ.
1286 2855 1358 2882 Max.
1371 2864 1386 2883 c
1399 2857 1467 2885 rivis
1483 2858 1590 2887 excedit
1605 2858 1639 2886 ‘29
1651 2857 1780 2887 Octobris

1000 2902 1078 2937 eique
1098 2901 1262 2937 subrogatur
1280 2901 1397 2931 Joannes
1414 2902 1447 2930 γι
1766 2901 1780 2912 ”’

974 916 994 943 Β
