2041 3159
239 148 306 181 I215

271 203 335 230 702.
369 223 376 230 .

272 249 336 277 705.
368 269 375 276 .

272 295 1026 323 701............

272 340 334 368 705.
352 339 475 367 Joannes
499 340 531 367 Vl
553 341 608 367 fato
631 340 753 376 fungitur
778 341 792 367 7
816 341 960 376 Januarii,
983 343 1027 371 cui

237 386 297 414 Kal.
317 386 422 413 Martiis
439 387 562 414 succedit
577 386 698 414 Joannes
715 386 771 414 VII.

271 431 445 459 Justiniauus
465 432 485 458 ll
503 432 601 460 iterum
619 439 725 467 regnat.

273 478 1025 508 706............

273 525 324 551 707
356 523 480 551 Joannes
496 523 540 550 Vll
558 529 676 551 mortem
691 524 748 552 obit
767 524 801 550 17
818 523 946 553 Octobris
960 535 967 554 :
983 527 1028 554 die

237 571 363 604 sequenti
380 579 525 598 surccssor
540 570 650 605 eligitur
667 570 805 603 Sisinnus,
826 572 873 605 qui
888 572 1026 601 hominem

237 617 310 642 exuit
328 617 359 642 16
375 616 556 649 Novembris;
579 621 639 643 tum
659 616 693 643 25
716 616 871 644 Decembris
890 617 1027 646 Constitit.

237 661 312 688 tinus
329 661 358 688 P.
376 662 412 688 Μ.
432 663 576 690 salutatur.

275 707 339 734 708.
370 727 378 735 .

273 796 334 824 710.
365 797 564 826 Constantinus
590 799 712 833 pontifex
742 800 841 835 migrat
867 800 1028 828 Constanti-

237 844 368 878 tropolim.

273 890 334 916 711.
356 890 427 917 Idem
444 890 556 919 Romam
573 892 726 926 regreditur
741 892 776 919 24
789 892 925 921 Octobris.
942 892 1027 927 Ilnjus
1044 888 1064 916 Β

235 935 299 962 anni
319 937 394 962 exitu
408 956 414 968 ,
438 936 480 963 vel
502 938 645 972 sequentis
668 938 747 966 initio
764 938 937 967 Justimauus
954 940 1024 974 Aug.

235 981 380 1010 occiditur.

271 1027 355 1055 ΧΧΧ.
374 1029 452 1056 Nunc
467 1029 493 1055 in
511 1029 670 1056 memoriam
688 1035 842 1062 revocetur,
859 1031 931 1066 quod
946 1035 1025 1058 antea

236 1074 370 1106 diximus,
387 1075 549 1110 Gregorium
568 1084 676 1103 incuses
693 1077 839 1104 admodum
856 1077 872 1104 5
884 1085 965 1112 supra
978 1085 1027 1104 an-

236 1128 287 1148 nos
305 1121 322 1147 2
341 1120 434 1148 Itonia:
460 1130 475 1148 a
496 1122 626 1156 pontiﬁce
646 1123 786 1150 detentum
810 1123 967 1150 carceribus
993 1123 1027 1150 ob

236 1167 357 1193 delatum
376 1168 465 1202 stupri
489 1168 548 1202 ejus
570 1176 680 1195 nomen.
697 1169 776 1196 Certe
795 1170 916 1204 quidem,
933 1177 995 1196 cum
1011 1176 1027 1196 a

236 1214 370 1250 Gregorio
386 1215 557 1243 seiscilatum
574 1215 657 1243 fuerit
672 1217 707 1243 ab
726 1217 862 1251 episcopis
881 1217 985 1251 Cyzici,
1000 1220 1028 1243 ct

237 1260 372 1292 Corinthi,
388 1261 434 1296 qui
451 1261 547 1288 Romae.
560 1261 704 1299 aderanta
719 1262 1029 1297 Constantinopolitano

241 1308 318 1334 missi
335 1307 493 1341 patriarcha
513 1307 569 1342 juri
591 1307 710 1334 dicundo
735 1307 763 1334 in
789 1306 915 1342 Gregorii
940 1307 1028 1342 ipsius

238 1360 334 1385 causa,
349 1358 416 1387 quot
429 1361 518 1380 annos
533 1353 559 1380 in
575 1353 715 1387 ergastulo
727 1353 915 1388 transegisset,
930 1353 1029 1381 fatetur

239 1399 284 1426 ille
300 1406 389 1426 annos
410 1399 438 1431 2,
462 1407 571 1426 menses
591 1399 618 1426 1.
638 1398 692 1426 Sed
714 1403 770 1426 tum
792 1404 881 1426 tamen
900 1407 915 1426 e
934 1399 1029 1427 Siriiia

238 1445 376 1473 delatores
392 1446 514 1472 nondum
531 1445 708 1478 adverterant,
731 1445 777 1480 qui
801 1454 855 1473 una
878 1453 940 1473 cum
960 1445 1028 1473 Gre-

239 1492 317 1527 gorio
334 1492 361 1519 in
374 1492 508 1527 judicium
528 1492 653 1519 vocandi.
679 1493 713 1519 At
730 1499 792 1519 eum
806 1493 864 1519 dies
878 1492 986 1519 tandem
1003 1497 1029 1519 et

239 1537 383 1573 Gregorio,
397 1544 424 1565 et
437 1534 657 1569 accusatoribus,
669 1542 696 1565 et
711 1537 878 1565 muliercula:
888 1559 894 1569 ,
910 1545 1028 1572 quacum

242 1582 390 1609 conﬁctam
417 1582 602 1614 consuevisse,
618 1582 701 1613 dicta,
722 1582 794 1609 dicta
819 1589 883 1608 vero
896 1582 1030 1616 postridie

241 1629 397 1661 I'aschatis,
415 1628 604 1663 impurissima
620 1627 666 1655 illa
684 1628 792 1659 mulier,
808 1635 868 1662 qua:
884 1628 955 1655 malo
977 1628 1031 1655 dee-

241 1681 320 1700 mone
341 1673 465 1700 districta
480 1673 562 1708 paulo
593 1677 657 1701 ante
679 1681 762 1708 quam
783 1673 930 1709 Gregorius
953 1674 1031 1710 Agri-

240 1726 322 1754 gento
346 1719 465 1746 solveret
496 1719 612 1746 Romam
639 1719 841 1754 perducendus,
861 1727 977 1754 qureque
998 1727 1032 1746 eo

243 1765 302 1800 ipso
317 1764 372 1797 die.
394 1773 448 1799 quo
472 1771 498 1793 et
523 1765 687 1801 Gregorius,
705 1770 731 1792 et
748 1765 899 1796 delatores,
924 1770 951 1792 et
973 1766 1031 1799 ipsa

243 1812 313 1838 adeo
328 1811 444 1839 concilio
459 1810 542 1846 314
559 1811 699 1843 adstitere,
718 1811 790 1838 fassa
807 1811 915 1838 tandem
928 1812 1032 1839 calum-

243 1858 328 1889 niam,
347 1857 472 1892 Gregorii
493 1857 620 1893 precibus
639 1857 694 1884 Deo
714 1858 812 1886 solutis
827 1858 949 1884 daemone
966 1857 1034 1884 Iibe-

242 1908 330 1934 ratur.
350 1904 461 1938 planum
474 1903 602 1930 oumibus
615 1903 690 1935 fecit,
706 1911 735 1931 se
747 1911 834 1931 annos
844 1903 871 1936 2,
883 1911 993 1930 menses
1004 1903 1032 1934 6,

243 1955 314 1977 tetro
336 1951 416 1985 genio
428 1954 593 1984 correptam,
607 1955 729 1984 quotam
746 1949 858 1983 perdita:
875 1949 1033 1983 impostura:

243 2004 340 2030 ptenas
358 1996 454 2023 lueret.
473 1996 530 2029 Age
547 1996 640 2030 igitur,
668 1996 691 2022 si
715 1994 793 2022 furiis
813 1995 915 2029 agitata
933 1995 1032 2022 femina

246 2050 333 2069 annos
352 2041 380 2073 2,
403 2049 510 2068 menses
532 2041 559 2072 6,
588 2041 610 2068 si
626 2045 704 2075 capta
723 2041 776 2068 illis
791 2040 871 2075 paulo
888 2045 1032 2074 antequam

244 2087 394 2121 Gregorius
408 2086 523 2113 Romam
538 2086 688 2120 navigaret,
705 2087 795 2113 exime
813 2093 933 2112 mensem
949 2093 1033 2112 unttm

244 2140 278 2158 ex
299 2139 359 2163 sex,
388 2131 435 2166 qui
459 2131 526 2158 satis
551 2131 698 2158 admodum
722 2131 757 2158 sit
785 2132 924 2159 tnaritiuto
943 2132 1033 2159 itineri

246 2177 428 2208 ροιιῐίεἱειιιιυ.
453 2182 638 2211 apparetque,
667 2175 828 2211 Gregorium
849 2177 1032 2211 mancipatum

681 149 729 180 DE
747 150 878 180 ZETATE
897 152 926 181 S.
943 152 1131 183 GREGORII
1152 154 1410 186 AGRIGENTINI

1019 227 1026 233 .
1043 211 1064 237 Α
1081 209 1117 234 ita
1138 213 1167 235 ut
1187 216 1274 237 annos
1292 217 1376 245 prope
1392 211 1407 238 1
1426 211 1522 245 procul
1537 210 1571 238 ab
1593 206 1716 238 Ecclesia
1733 219 1782 238 sua
1803 221 1869 238 exe—

1796 152 1863 188 I216

1079 255 1157 290 gerit.
1178 254 1240 283 Haec
1259 263 1292 283 ex
1311 256 1419 283 Leontii
1437 257 1567 284 Historia.
1585 256 1645 284 Jatn
1669 256 1703 283 ab
1725 264 1798 283 anno
1819 257 1870 284 682

1079 300 1111 327 ad
1127 301 1188 333 711,
1200 303 1246 336 qui
1262 302 1376 330 ultimus
1392 302 1539 330 Justiniaui
1553 302 1574 330 Il
1588 310 1687 335 annus,
1700 302 1731 330 11
1746 303 1870 338 Septent-

1079 345 1136 374 bris
1155 347 1214 375 dies
1234 348 1261 374 in
1287 348 1383 376 feriam
1412 356 1448 375 \‘II
1476 349 1591 376 incurrit
1617 356 1690 376 anno
1715 348 1767 376 689
1795 349 1870 384 cyclo

1079 392 1145 418 solis
1164 392 1210 425 26,
1229 401 1302 420 anno
1320 394 1373 421 695
1392 393 1467 429 cycln
1485 393 1552 421 solis
1573 395 1600 426 4,
1623 401 1696 421 anno
1715 394 1769 420 700
1793 394 1870 429 cyclo

1077 438 1144 465 solis
1164 438 1195 469 9,
1219 446 1292 466 anno
1308 439 1359 466 706
1381 440 1457 475 cyclo
1483 440 1548 467 solis
1566 439 1611 467 15.
1629 439 1712 475 Atqui
1728 447 1800 466 anno
1817 439 1870 466 689

1078 483 1200 518 Gregorii
1217 486 1320 513 reditus
1335 486 1368 513 ad
1389 485 1540 514 Ecclesiam
1558 494 1636 513 suam
1652 486 1805 520 adjudicari
1821 493 1870 512 tte-

1077 529 1155 563 quit;
1179 531 1202 558 si
1223 532 1295 558 enim
1314 539 1442 559 reversus
1459 532 1637 567 Agrigentum
1654 540 1726 558 anno
1745 532 1808 564 689,
1826 532 1868 558 in-

1077 575 1167 602 didem
1183 576 1267 610 igitur
1281 577 1408 605 discessit
1423 585 1497 604 anno
1514 577 1566 604 685
1585 582 1712 610 exeunte,
1730 577 1868 612 simulque

1074 621 1210 656 judicium
1237 623 1272 650 de
1302 631 1336 651 ee
1367 624 1524 650 institutum
1557 624 1691 658 postridie
1724 623 1868 651 Paschalis

1077 669 1142 695 anili
1160 668 1222 696 688.
1243 670 1277 696 At
1292 669 1364 696 enim
1382 677 1398 697 o
1415 670 1553 704 praecipite
1567 678 1613 696 an.
1627 669 1680 696 685
1695 669 1728 696 ad
1741 669 1795 696 688
1812 675 1867 696 tres

1077 720 1258 741 numerantur
1272 715 1422 749 pontiﬁces,
1437 714 1557 742 Joannes
1570 715 1602 746 Υ,
1618 714 1724 748 Conon,
1738 707 1866 749 Sergius;

1077 766 1140 786 cum
1159 764 1249 786 tamen
1269 761 1321 788 sub
1338 769 1392 787 111111
1409 761 1543 787 duntaxat
1559 759 1710 794 Gregorius
1730 764 1756 786 et
1775 767 1868 787 carce—

1077 804 1153 832 ribus
1173 805 1318 836 oeclusus,
1347 810 1374 832 et
1400 805 1538 832 calumnia
1566 805 1675 831 tandem
1700 804 1866 831 vindicatus.

1077 847 1172 883 Neque
1186 857 1276 877 annus
1297 850 1348 878 700
1373 850 1406 877 ad
1431 858 1542 878 causam
1560 856 1680 877 nostram
1699 849 1764 876 facit
1781 859 1788 877 :
1812 857 1867 884 quo

1077 895 1149 922 enim
1175 903 1249 922 anno
1265 896 1503 931 Constantinopoli
1527 896 1640 923 Romam
1665 895 1745 923 rediit
1765 895 1865 930 Grego.

1078 941 1147 972 rius,
1163 949 1254 968 rerum
1274 943 1428 976 potiebatur
1442 943 1615 970 Justinianus
1636 942 1672 974 ll,
1697 949 1758 969 cum
1777 946 1865 968 tamen

1078 987 1113 1014 ab
1129 994 1202 1014 anno
1215 987 1267 1014 698
1284 989 1317 1015 ad
1341 989 1391 1016 705
1407 989 1568 1016 Ahsimarus
1588 988 1715 1015 Tiberius
1731 987 1866 1015 Constan-

1078 1032 1193 1068 tinopoli
1211 1034 1368 1068 imperaret.
1383 1035 1535 1061 Contumax
1552 1034 1643 1061 itidem
1653 1038 1695 1062 est
1707 1041 1794 1060 annus
1804 1032 1865 1065 706,

1077 1085 1111 1105 ex
1127 1086 1161 1106 eo
1174 1079 1247 1106 enim
1271 1081 1346 1107 lleret
1369 1081 1394 1107 in
1410 1080 1546 1115 judicium
1561 1085 1689 1107 vocatum
1705 1079 1864 1114 Gregorium

1078 1132 1151 1152 anno
1179 1125 1229 1152 705
1247 1125 1281 1152 ab
1305 1125 1412 1153 Joanne
1430 1125 1492 1158 VII,
1521 1127 1567 1161 qui
1594 1125 1722 1161 pontifex.
1743 1125 1866 1152 audierat

1079 1179 1182 1206 paucos
1203 1177 1266 1200 ante
1283 1172 1353 1204 dies,
1381 1173 1433 1200 hoc
1457 1178 1500 1200 est
1525 1172 1583 1200 Kal.
1606 1172 1722 1204 Martiis,
1748 1179 1810 1199 cum
1833 1179 1865 1198 ex

1079 1216 1194 1244 Leontio
1211 1218 1361 1250 discamus,
1389 1219 1544 1253 pontiﬁcem
1562 1219 1648 1249 illum,
1673 1217 1719 1253 qui
1740 1217 1823 1252 judex
1840 1217 1866 1243 in

1078 1263 1196 1290 concilio
1211 1263 1330 1298 pra-fuit,
1349 1263 1375 1290 in
1394 1271 1448 1298 quo
1465 1264 1590 1299 Gregorii
1607 1263 1867 1298 causadijudieata.

1081 1316 1136 1336 non
1151 1309 1234 1336 alium
1252 1309 1286 1336 ab
1299 1317 1332 1337 eo
1346 1309 1443 1342 fuisse,
1459 1310 1505 1344 qui
1529 1310 1556 1336 in
1579 1310 1720 1337 custodias
1740 1308 1866 1343 coniecit.

1080 1355 1175 1382 Restat
1191 1355 1273 1388 igitur
1288 1363 1376 1382 anuus
1391 1355 1453 1388 695,
1469 1350 1516 1390 qui
1538 1355 1621 1382 nullis
1643 1355 1787 1382 intricatus
1811 1361 1866 1380 am-

1080 1401 1205 1436 bagibus.
1224 1401 1265 1428 Ab
1280 1401 1312 1428 18
1327 1401 1484 1429 Decembris
1498 1401 1563 1428 anni
1580 1401 1631 1428 687
1645 1400 1678 1428 ad
1693 1400 1729 1427 29
1742 1399 1882 1427 Octobris

1080 1447 1144 1473 anui
1161 1446 1212 1472 700
1228 1447 1382 1474 Romanum
1397 1450 1521 1481 gesserat
1535 1446 1723 1482 pontiﬁcatum
1745 1444 1868 1479 Sergius,

1081 1492 1218 1527 simulque
1233 1492 1266 1519 ad
1282 1500 1403 1520 mensem
1420 1491 1521 1519 Julium
1540 1492 1604 1519 anni
1622 1491 1675 1519 695
1694 1491 1722 1518 in
1734 1490 1869 1518 Constan-

1081 1538 1276 1573 tinopolitanos
1296 1545 1340 1566 res
1363 1538 1520 1565 dominatus
1542 1537 1715 1565 Justinianus
1742 1535 1782 1568 lI,
1800 1535 1869 1563 unde

1082 1583 1211 1618 intelligis
1223 1604 1229 1615 ,
1256 1591 1338 1618 quam
1355 1583 1439 1611 nullis
1453 1583 1601 1618 impeditus
1617 1583 1653 1610 sit
1666 1582 1870 1610 difﬁcultatibus

1081 1630 1326 1665 Chronologismus
1344 1634 1447 1657 noster.
1474 1629 1552 1656 Patet
1578 1628 1650 1656 enim
1668 1632 1762 1655 exacta
1778 1626 1869 1654 omnia

1081 1674 1133 1701 sub
1148 1681 1205 1701 uno
1220 1673 1349 1708 pontilice
1373 1673 1480 1709 Sergio,
1501 1680 1620 1708 vereque
1632 1671 1882 1706 Constantinopoli-

1082 1719 1173 1746 adhuc
1195 1720 1346 1754 imperasse
1364 1719 1551 1746 Justinianum
1576 1717 1609 1752 11,
1634 1725 1697 1746 cum
1719 1717 1781 1744 inde
1804 1717 1872 1744 Grec

1083 1767 1175 1801 gorius
1195 1766 1319 1798 recessit,
1335 1765 1450 1792 Romam
1468 1766 1614 1800 petiturus.
1638 1763 1705 1790 Nam
1727 1763 1750 1790 si
1765 1769 1871 1797 regres-

1082 1820 1129 1839 sus
1147 1812 1261 1839 Romam
1277 1811 1308 1838 21
1324 1810 1400 1842 Julii,
1424 1809 1658 1844 Constantinopoli
1674 1808 1812 1844 profectus
1830 1812 1881 1834 est'

1083 1866 1176 1885 mense
1199 1858 1342 1884 minimum
1368 1857 1471 1889 Junio,
1497 1864 1561 1884 cum
1587 1861 1677 1883 tamen
1700 1854 1872 1882 Justittianus

1083 1905 1198 1939 imperio
1211 1904 1306 1939 pulsus
1324 1904 1358 1931 ab
1377 1903 1492 1930 Leontio
1513 1910 1607 1930 mense
1622 1901 1706 1929 Julio.
1727 1901 1766 1928 En
1789 1900 1872 1935 igitur

1083 1958 1133 1985 pro
1148 1950 1226 1977 nobis
1242 1950 1304 1987 uuis
1322 1953 1439 1977 stantem
1455 1949 1641 1976 characterem
1656 1948 1732 1975 illum
1747 1946 1820 1974 feriae
1834 1953 1871 1972 vit

1083 2003 1146 2022 cum
1167 1996 1192 2022 11
1215 1995 1382 2030 Septembris
1397 1994 1605 2026 concurrentis,
1623 1993 1689 2028 qui,
1705 1992 1744 2019 uti
1758 1992 1873 2019 demou-

1084 2041 1243 2074 stravimus,
1262 2041 1288 2068 in
1304 2040 1452 2068 Justiniaui
1470 2040 1477 2066 l
1493 2040 1573 2066 armis
1586 2037 1710 2066 Caietani
1731 2037 1873 2065 sententia:

1085 2095 1225 2121 nunquam
1245 2087 1421 2122 suffragatus.

1120 2131 1228 2158 XXXII.
1247 2131 1292 2163 At,
1310 2130 1436 2165 inquies,
1463 2129 1486 2157 si
1511 2136 1584 2156 anno
1602 2129 1655 2156 695
1678 2127 1872 2155 Constantino-

1086 2178 1140 2212 poli
1164 2177 1305 2212 digressus
1330 2176 1479 2210 Gregorius
1504 2175 1616 2202 dimidia
1635 2173 1774 2209 Agrigenti
1798 2177 1873 2208 parte

248 2224 341 2260 Roma:
357 2223 516 2250 calceribus
545 2230 633 2249 annos
645 2222 672 2254 Ξ,
685 2230 792 2250 menses
808 2222 1034 2256 5-Atqmtlstltuc
1049 2218 1072 2247 υ
1086 2225 1205 2251 donatus
1219 2223 1253 2250 ab
1270 2223 1334 2257 imp.
1351 2221 1508 2249 Iustiniano
1526 2220 1560 2252 ll,
1577 2220 1650 2247 unde
1665 2225 1791 2253 sumptus
1809 2226 1873 2254 sup-

248 2273 305 2300 Cpl,
332 2268 404 2304 quod
423 2273 516 2295 nostra
534 2269 560 2295 111
578 2276 661 2295 causa
682 2273 791 2306 maneat
806 2276 928 2301 11000550,
948 2275 1035 2302 eoque

249 2314 360 2341 evidens
379 2314 470 2346 conﬁt,
499 2314 685 2340 characterem
715 2313 790 2340 illum
823 2313 900 2340 ferire
929 2321 976 2344 VII,
1008 2313 1034 2339 iu

251 2368 331 2395 quam
353 2359 447 2385 incidit
472 2359 498 2385 tt
527 2359 696 2394 Septembris
721 2358 790 2389 dies.
811 2366 864 2393 quo
891 2358 1037 2393 Gregorius

250 2405 282 2430 ad
310 2404 549 2438 Agrigentinorum
570 2404 723 2438 emporium
745 2404 876 2438 pervenit,
898 2404 924 2430 iu
950 2411 1038 2430 unum

251 2457 352 2479 annum
370 2449 420 2476 603
439 2457 614 2480 concurrere,
632 2457 711 2483 quem
739 2448 840 2475 frustra
869 2449 896 2475 in
914 2448 1037 2475 Caietaui

250 2495 478 2530 tibronologismo
495 2495 720 2529 perquisivimus.

286 2540 382 2568 XXXI.
393 2542 479 2568 Porro
489 2541 636 2575 Gregorius
645 2540 802 2568 carceribus
811 2541 935 2568 addictus
947 2541 1039 2568 Romae

253 2587 353 2615 mansit
376 2588 426 2614 sub
446 2595 511 2618 uno,
529 2586 603 2621 quod
621 2591 683 2613 ante
700 2587 829 2618 vidimus,
849 2587 976 2622 pontiﬁce
991 2595 1040 2614 att-

254 2643 304 2663 uos
321 2634 357 2667 '2,
376 2642 483 2661 menses
510 2633 536 2659 5.
565 2633 603 2660 Ex
625 2632 734 2660 concilii
757 2634 891 2660 sententia
908 2633 1040 2660 innocens

251 2680 392 2715 judicatus
417 2679 550 2715 postridie
582 2677 743 2710 Paschalis,
772 2677 1040 2712 Constantinopolim

255 2726 335 2762 paulo
350 2730 412 2760 post
428 2725 620 2760 proﬁciscitur,
640 2724 685 2751 ubi
699 2723 803 2751 Pascha
818 2724 947 2754 celebrat,
963 2724 1043 2750 inde-

254 2778 308 2806 que
325 2775 453 2805 regnante
470 2771 560 2797 adhuc
572 2769 729 2797 .Iustiniano
741 2769 758 2795 II
773 2769 886 2796 Romam
906 2769 972 2801 abit,
986 2777 1042 2804 quo

256 2817 378 2852 pervenit
394 2818 429 2844 ‘20
445 2816 521 2848 Julii,
544 2821 626 2851 atque
644 2816 708 2843 hinc
734 2816 761 2842 in
789 2815 909 2842 Siciliam
933 2816 1043 2843 solvens

255 2860 497 2897 Agrigentinorum
517 2862 590 2889 subit
618 2862 769 2897 emporium
792 2861 820 2891 11
853 2861 1042 2895 Septembris,

1086 2274 1207 2305 peterent
1226 2276 1297 2295 novo
1319 2268 1438 2302 templo,
1468 2265 1646 2301 episcopique
1673 2263 1768 2291 domui
1787 2263 1874 2290 aediﬁ-

1086 2317 1192 2347 candis,
1209 2323 1295 2349 ecqua
1312 2314 1357 2341 illa
1375 2314 1510 2349 Augusta,
1525 2320 1587 2348 qua:
1602 2311 1652 2338 viri
1665 2311 1791 2338 aemulata
1808 2310 1875 2337 libe-

1088 2362 1233 2391 ralitatem,
1248 2364 1275 2387 et
1293 2369 1342 2389 sua
1359 2360 1463 2388 addidit
1477 2357 1610 2393 Gregorio
1627 2364 1753 2388 munera,
1771 2355 1876 2383 scilicet

1088 2405 1275 2441 amplissima?
1302 2404 1350 2432 Hic
1373 2409 1449 2432 certe
1473 2404 1574 2435 haereo,
1599 2409 1662 2429 cum
1685 2408 1729 2428 me
1745 2400 1878 2428 destituat

1089 2452 1215 2480 historia.
1230 2451 1398 2479 Memoratur
1408 2450 1519 2485 quidem
1535 2453 1592 2476 tum
1609 2447 1738 2482 temporis
1753 2446 1875 2480 Augusta

1089 2499 1243 2531 Anastasia,
1265 2498 1312 2525 sed
1336 2505 1397 2532 qua:
1414 2501 1505 2523 tatnen
1531 2493 1679 2522 Justiniaui
1706 2496 1804 2524 mater,
1823 2498 1876 2517 nou

1090 2553 1169 2572 uxor.
1190 2544 1352 2572 Perhibetur
1369 2543 1451 2570 etiam
1470 2540 1623 2569 Justiniaui
1639 2538 1741 2573 conjux
1754 2538 1877 2571 Augusta

1091 2591 1245 2622 Theodora,
1266 2590 1387 2625 Chagani
1402 2587 1543 2616 Chazaria:
1558 2594 1648 2617 soror,
1666 2585 1713 2613 sed
1729 2592 1789 2611 eam
1801 2583 1879 2610 duxit

1092 2644 1165 2664 anno
1176 2636 1237 2669 705,
1250 2643 1312 2663 eum
1331 2641 1416 2670 regno
1432 2633 1582 2664 exsularet,
1598 2631 1614 2658 6
1626 2637 1729 2658 annum
1744 2629 1880 2657 Constan-

1092 2682 1205 2716 tinopoli
1224 2685 1356 2712 regnante
1373 2680 1519 2706 Ahsitnaro
1539 2677 1662 2708 Tiberio,
1683 2674 1880 2706 coronavitque

1094 2735 1147 2754 una
1163 2735 1225 2754 cunt
1246 2726 1357 2752 Tiberio
1380 2724 1410 2752 F.
1427 2732 1499 2751 anno
1514 2723 1580 2754 705,
1595 2730 1651 2757 quo
1667 2721 1785 2755 imperio
1798 2725 1879 2747 resti-

1095 2777 1169 2800 tutus
1198 2771 1339 2807 (Theoplt.
1367 2771 1395 2798 in
1421 2768 1586 2804 Chronogr.)
1613 2767 1730 2802 sumptis
1757 2773 1820 2793 cum
1848 2767 1881 2791 de

1095 2818 1222 2849 Leontio,-
1240 2823 1296 2844 tttm
1314 2817 1348 2844 de
1367 2816 1512 2843 Absimaro
1530 2813 1671 2849 suppliciis
1684 2833 1691 2846 ,
1712 2819 1778 2840 sane
1797 2818 1880 2845 quam

1069 2898 1074 2903 _
1096 2863 1248 2892 horrendis.
1264 2861 1334 2897 Quid
1359 2861 1458 2896 igitur"
1481 2859 1603 2896 nunquid
1627 2858 1664 2887 in,
1685 2857 1807 2886 eamdem
1836 2856 1880 2883 111-
