2041 3159
146 185 216 223 1217

819 184 1080 216 DISSERTATIO.

1702 185 1772 217 1218'

148 248 235 284 gressi
252 253 373 279 nassam,
394 249 473 280 atque
484 243 656 272 Caietanus?
682 243 734 271 Sed
751 243 822 275 vide,
851 251 933 278 quam
951 244 972 272 Α
987 249 1061 267 παπαῖ
1078 246 1166 276 itaque
1183 241 1296 275 Sicilire,
1317 241 1458 270 Calabriw.
1481 247 1628 278 sanrtn‘que
1642 242 1774 271 Sz't't'rinm'

148 295 228 322 facile
248 293 398 323 elabamtk',
422 290 494 325 quod
509 290 641 316 Caietano
655 297 709 316 non
727 289 851 323 contigit.
867 288 935 320 Quis

148 340 200 368 sibi
217 338 340 368 suadeat,
355 336 541 364 Iustinianum
557 335 629 362 hunc
646 334 680 361 ab
700 341 771 361 anno
788 334 841 361 685
852 355 858 365 ,
881 341 935 368 quo

147 385 224 413 solus
244 390 359 418 regnare
378 382 463 415 coepit
483 381 618 408 exstincto
642 384 718 414 patre
741 379 935 411 Constantino,

149 433 177 457 et
190 429 300 464 quidem
321 430 386 453 natu
401 426 459 460 jam
479 425 622 460 grandem,
647 425 679 452 ad
695 424 757 455 695,
783 432 837 458 quo
862 424 937 458 regio

147 480 251 502 nutus
274 474 388 508 imperio
415 480 431 499 a
453 471 578 503 Leontio,
602 471 706 498 nullum
723 471 818 498 iniisse
842 470 938 504 conju-

149 521 236 556 giutu,
263 522 437 553 exspectasse
469 517 576 544 tandem
601 517 749 548 exsilium,
776 523 831 550 quo
861 515 937 542 tredis

151 564 343 600 mpularetur?
367 563 419 590 Sed
442 563 514 590 enim
532 570 593 590 cum
619 561 791 589 Justinianus
816 561 824 587 Ι
848 561 938 587 Theo-

152 612 218 638 dora
240 611 375 640 viduatus.
394 617 495 636 annum
514 608 611 643 agebat
628 608 680 639 66,
701 608 769 634 vixit
791 608 862 634 enim
888 615 938 634 an-

153 663 202 685 nos
219 655 263 685 8‘2,
284 655 408 690 regnavit
423 655 468 687 38,
487 660 594 681 menses
606 654 635 686 7,
648 654 706 680 dies
719 653 762 685 10,
780 657 873 687 erepta
886 652 936 679 sibi

154 701 209 729 fato
227 701 371 728 Theodora
399 707 472 727 anno
492 700 567 735 regni
583 700 626 727 sui
642 699 687 732 2%,
705 704 734 726 ut
755 707 784 726 ea
811 699 838 726 in
860 703 938 726 aetate

153 755 218 774 vero
234 747 346 781 propius
362 753 416 773 non
431 746 477 778 sit,
496 746 604 780 nuptias
618 753 774 773 renovasse.
802 745 891 778 Quare
909 749 938 772 ut

154 792 348 827 historicorum
377 791 515 819 silentium
542 791 574 817 de
594 798 664 817 nava
689 795 750 825 post
764 789 936 817 Theodoram

154 837 274 871 Augusta
291 836 440 864 Justiniani
459 836 468 862 l
489 836 558 863 lavet
574 835 710 868 viduitati,
739 835 766 862 in
786 843 850 870 qua,
874 835 937 862 sub-

154 884 206 910 lata
229 883 281 909 sibi
306 881 459 913 Theodora,
482 881 516 908 ad
542 885 655 908 mortem
681 888 768 915 usque
793 882 936 912 manserit,

986 287 1059 313 sedes
1074 287 1166 313 throno
1179 287 1475 321 Constantinopolitano
1493 297 1509 315 a
1531 288 1646 315 Romano
1661 291 1770 321 urulsw,

986 340 1044 358 cum
1054 333 1170 360 Barbari
1176 334 1333 368 deprehenso
1342 342 1411 368 papa
1424 334 1533 361 Romam
1542 335 1656 368 spolium
1671 335 1770 370 factum

986 378 1013 404 δη
1038 379 1158 413 proprios
1185 387 1247 405 usus
1275 384 1477 412 convcrterunt,
1503 380 1721 414 quemadmodum
1747 386 1772 406 ct

987 423 1066 450 Creta
1086 424 1133 450 sub
1151 424 1270 451 Romano
1288 433 1346 451 cum
1371 430 1456 455 esset,
1484 425 1776 458 Cottslantiuopolitani

987 468 1061 502 facta
1081 475 1130 496 est.
1151 469 1332 496 Nihilominus
1349 470 1468 504 pontifex
1483 470 1544 496 viles
1562 471 1691 504 quasdam
1708 479 1772 504 par-

988 519 1025 540 tes
1036 534 1042 544 ,
1059 519 1084 540 et
1104 515 1273 549 episcopatus
1289 514 1429 540 nonnullos
1445 516 1472 541 itt
1488 515 1592 545 Sicilia,
1609 521 1633 542 et
1647 516 1774 542 Calabria

988 560 1082 587 habere
1096 561 1316 595 depreltendilur;
1334 561 1489 595 metropoles
1504 562 1584 593 enim,
1607 566 1631 588 et
1655 562 1732 597 urbes
1746 563 1772 587 in

988 606 1078 633 eadem
1091 607 1251 634 illustriores
1264 617 1295 635 ac
1319 609 1452 643 digniores
1461 607 1775 641 Constantinopolitano:

987 652 1136 686 possidebat
1150 661 1230 687 usque
1242 654 1275 679 ad
1288 653 1455 680 Francorum
1469 653 1620 679 adventum.
1641 653 1684 680 Sic
1695 654 1775 679 etiam

987 699 1015 725 in
1030 698 1213 733 Lottgobardia
1230 700 1300 733 (hoc
1319 705 1370 732 est,
1390 699 1610 734 traustyberina)
1626 704 1650 726 et
1666 699 1773 732 Apulia.

987 749 1012 771 et
1035 746 1062 772 in
1078 746 1197 773 omnibus
1221 746 1260 784 iis
1286 746 1436 780 regionibus
1462 747 1592 772 maximas
1619 746 1775 780 meti-opulus

989 796 1050 818 ante
1072 793 1223 826 possidebat
1243 792 1566 827 Constantinopolitanae,
1592 793 1705 827 reliquas
1721 789 1775 818 Ro-

989 845 1092 868 manus,
1115 843 1142 864 ut
1172 839 1287 873 regiones
1314 838 1368 866 illa'
1385 847 1430 872 per
1444 843 1532 872 partes
1557 838 1777 872 possiderentur;

990 891 1102 918 namque
1112 885 1229 912 melodus
1242 893 1272 911 ac
1285 889 1361 919 poeta
1370 886 1492 911 dominus
1502 884 1608 911 Marcus
1619 893 1633 910 a
1643 884 1775 911 Constan-

153 929 190 955 ita
207 927 313 955 nullum
328 927 409 956 nobis
426 928 538 955 lacessit
553 927 703 962 negotium,
726 927 873 962 quominus
889 934 939 961 pu-
955 917 975 944 Β
992 929 1169 963 tinopolitano
1184 931 1281 957 missus
1303 931 1387 965 fuisse
1407 930 1578 964 comperitur.
1603 929 1669 956 Cum
1687 935 1776 956 autent

153 979 252 1006 tentus,
279 980 333 1000 non
358 973 478 1006 unicam,
505 981 560 1000 non
592 973 708 1007 primam
734 973 891 1000 Justiniano
916 972 939 999 ll

152 1024 266 1054 nuptam
281 1018 464 1051 Theodoram,
491 1027 580 1053 neque
607 1019 680 1046 hunc
706 1019 831 1046 caalibem
856 1019 939 1046 vitam

154 1064 266 1091 duxisse
280 1064 312 1090 ad
327 1071 428 1090 annum
449 1071 535 1098 usque.
558 1063 621 1096 705,
638 1071 693 1098 qtto
708 1064 794 1090 anatis
811 1071 940 1090 numera-

154 1109 201 1136 bat
214 1109 259 1140 54,
277 1109 388 1144 quippe,
406 1117 468 1136 cum
482 1109 559 1136 solus
576 1116 689 1144 regnare
705 1109 796 1143 cmpit,
812 1109 845 1136 lG
857 1113 938 1136 natus

152 1160 241 1180 annos
253 1157 321 1180 erat.
338 1153 478 1188 ('lheoph.
498 1153 576 1189 ibid.)

189 1191 309 1226 XXXIII.
322 1199 392 1232 Quid
404 1207 477 1226 nunc
485 1199 592 1226 tandem
604 1199 638 1226 de
649 1199 790 1226 Corinthio
799 1201 938 1234 episcopo,

149 1245 201 1279 qui
217 1245 510 1279 Constantinopolitani
527 1245 688 1279 patriarchae
700 1265 708 1278 ,
727 1246 779 1272 hoc
799 1250 841 1272 est
854 1246 939 1273 Calli-

151 1290 210 1316 stici
224 1290 328 1325 legatus
342 1288 434 1317 Romae
446 1289 528 1324 judex
542 1290 645 1317 assedit
661 1291 688 1316 iu
701 1289 824 1324 Gregorii
838 1290 940 1318 causa?

152 1334 253 1362 Notum
277 1335 359 1368 illud,
382 1335 512 1362 Romana:
536 1336 709 1370 patriarchia:
722 1341 776 1362 tres
802 1336 934 1370 singulari

152 1381 214 1416 jure
235 1380 359 1416 paﬂtisse
382 1382 517 1409 exarchos
541 1381 568 1408 in
591 1380 717 1413 Oriente,
748 1380 937 1414 Corinthium,

146 1425 439 1457 Thessalonicensem,
449 1425 529 1461 315
542 1425 812 1460 atqueJustinianam
827 1426 846 1460 Ι,
859 1427 939 1461 cujus

153 1473 265 1508 quidem
277 1471 406 1499 exarchia
420 1479 453 1498 ex
466 1477 542 1506 parte
555 1470 810 1499 Thessalonicensis
824 1473 936 1505 coaluit,

156 1519 237 1553 idque
253 1525 285 1545 ex
300 1517 448 1544 Justiuiani
463 1517 483 1549 Ι,
505 1518 576 1552 qttod
600 1522 663 1544 ante
685 1519 865 1551 ostendimus,
892 1527 941 1546 au-

154 1565 290 1591 ctoritate.
317 1563 368 1591 Sed
395 1562 511 1590 Romani
538 1563 658 1598 episcopi
690 1564 717 1590 in
744 1563 906 1592 .Iustiniana:
922 1564 940 1597 ,Ι

154 1609 312 1636 exarchiam
334 1609 396 1643 jura
420 1608 541 1640 desiere,
569 1609 746 1642 pessumdata
773 1617 788 1635 a
813 1609 939 1645 Bnlgaris

154 1654 287 1686 Ecclesia,
306 1654 351 1689 qui
369 1661 415 1681 eas
431 1658 602 1686 occuparunt
620 1654 747 1689 regiones
767 1663 774 1682 :
794 1663 857 1682 cum
875 1663 939 1683 vero

154 1708 228 1727 anno
244 1700 292 1726 86l
315 1700 410 1734 religio
436 1700 462 1726 in
489 1699 617 1734 Bulgaria
646 1700 774 1727 restituta
799 1700 940 1728 Michaelis

155 1748 227 1782 regis
244 1755 338 1782 opera,
362 1748 527 1774 reclamante
550 1746 653 1774 frustra
682 1747 806 1774 llomano
823 1748 941 1781 patriar-

155 1794 217 1826 cha,
236 1794 344 1820 subdita
367 1793 545 1828 Bulgarurum
563 1792 684 1820 Ecclesia
707 1793 939 1828 Constantinopo-

155 1839 241 1866 litano
257 1840 482 1874 archiepiscopo,
507 1847 594 1874 eaque
610 1839 643 1866 de
663 1847 693 1866 re
712 1841 853 1867 decretum
872 1841 939 1867 seri-

155 1890 230 1920 ptum
248 1893 318 1912 anno
341 1885 394 1912 859
421 1886 448 1912 in
466 1886 571 1920 synodo
586 1893 634 1912 vni
651 1886 819 1913 meumcnica
831 1906 838 1918 ,
866 1887 939 1913 Con-

154 1932 396 1966 stantinopolitana
418 1939 476 1961 vtt.
512 1932 704 1959 obnitentibus
730 1932 792 1960 licet
822 1932 938 1960 Romani

153 1978 293 2012 pontiﬁcis
309 1978 416 2012 legatis.
431 1977 551 2003 Tandem
569 1985 632 2004 vero
648 1978 699 2004 sub
720 1977 820 2004 Basilio
836 1979 855 2005 ll
873 1978 940 2005 Por-

154 2023 369 2057 phyrogenneta,
380 2022 521 2054 Acltridis,
536 2022 593 2049 sive
604 2021 766 2049 Justiniana:
781 2022 789 2048 Ι
803 2024 938 2050 exat-chus

153 2067 339 2102 αὑτοκέφα).ος
351 2068 448 2099 audiit,
462 2068 497 2094 ita
515 2073 543 2093 ut
558 2067 625 2094 nulli
642 2072 749 2102 pareret
765 2068 937 2102 patriarchae,

154 2114 193 2141 uti
209 2114 344 2141 discimus
356 2122 390 2141 ex
401 2113 454 2141 Nili
470 2114 629 2148 Doxopatrii
649 2114 746 2140 notitia
764 2114 937 2148 patriarcha-

154 2167 242 2192 tuum,
258 2167 339 2194 quam
361 2161 447 2188 edidit
465 2160 626 2194 Stephanus
642 2159 768 2195 Moyuius
785 2160 811 2186 in
834 2159 938 2195 sylloge

154 2209 294 2235 variorum
308 2207 516 2243 opusculorum.
535 2207 822 2235 Thessalonicensem.
839 2210 866 2234 ct
882 2206 937 2233 Co-

152 2253 284 2281 riuthiam
302 2253 470 2283 exat-Chiam,
492 2252 722 2287 quemadmodum
747 2256 774 2279 et,
800 2252 935 2283 Siciliam,
953 2263 975 2290 υ
990 2249 1164 2283 patriarcltim
1185 2248 1394 2275 distractionem
1418 2249 1452 2276 ab
1475 2248 1576 2277 Leonis
1599 2251 1684 2277 Isauri
1707 2255 1775 2277 ινῐη-
1821 2287 1823 2290 Ι

151 2304 179 2327 et
196 2294 365 2330 Calabriam;
382 2306 397 2326 c
412 2298 536 2337 Romana
548 2298 716 2332 patriarchia
732 2298 843 2325 avulsas
856 2298 938 2334 vulgo

151 2344 247 2372 volunt
272 2344 306 2370 ab
323 2343 415 2371 Leone
429 2344 500 2378 Aug.
523 2343 654 2377 lsaurico,
671 2351 726 2378 quo
751 2344 880 2378 iniuriam
897 2345 938 2371 ul-

147 2390 303 2418 cisceretur
314 2397 329 2416 a
343 2388 475 2424 Gregorio
491 2388 513 2415 ll
529 2388 652 2416 Romano
665 2389 794 2423 episeopo
808 2389 860 2416 sibi
878 2389 937 2415 illa-

149 2442 218 2468 tam,
230 2435 310 2470 enjus
328 2443 411 2470 opera
425 2434 531 2462 Italiam
547 2435 581 2462 ab
600 2442 632 2462 eo
643 2434 777 2462 defecisse
793 2435 936 2462 traditum.

149 2481 204 2508 Sed
222 2482 301 2516 longe
316 2486 381 2507 ante
399 2481 457 2508 hac
475 2485 597 2514 tempora
615 2480 745 2507 laudatus
765 2481 847 2507 modo
861 2479 938 2507 Nilus

149 2527 252 2555 factum
274 2526 367 2553 isthuc
385 2526 494 2558 scribit,
513 2526 546 2553 de
562 2525 868 2560 Constantinopolitano
890 2534 937 2560 pu-

147 2573 271 2600 triarcha
287 2572 526 2606 disserens,cujus
545 2572 602 2598 haec
620 2572 706 2598 recito
724 2570 802 2598 Latio
818 2572 935 2598 donata:

146 2618 251 2645 Rursus
268 2626 300 2644 ex
324 2617 490 2646 Occidentuli
507 2617 611 2643 dioecesi
628 2617 681 2643 duo
711 2617 819 2643 exat-chi
841 2617 938 2642 simili-

147 2671 197 2697 ter,
212 2665 321 2700 reliquis
335 2663 548 2698 metropolitanis
561 2662 697 2696 subjectis,
710 2662 792 2688 multo
804 2668 936 2696 prtestan-

147 2712 227 2738 tiaris
253 2719 280 2738 se
307 2710 488 2744 subjecerunt,
520 2708 761 2735 Thessalonicensis
787 2716 887 2742 nempe,
912 2713 936 2734 et

146 2757 315 2787 Corinthius,
334 2765 398 2790 quos
419 2756 501 2783 secuti
522 2759 582 2781 sunt
598 2755 773 2789 utetropolita:
792 2754 897 2786 reliqui,
912 2759 936 2781 et

146 2803 349 2836 archiepiscopi,
365 2803 409 2836 qui
423 2801 469 2828 sub
483 2800 536 2827 illis
549 2807 671 2827 erant....
688 2799 784 2827 Sicilia
797 2805 935 2834 pra’lorea,

146 2855 171 2874 et
189 2847 316 2875 Calabria
333 2855 359 2873 se
374 2846 669 2879 Constantinopolitano
689 2852 894 2880 supposuerunt.
912 2853 935 2873 et

146 2899 242 2921 sancta
259 2893 401 2925 Seuerino,
419 2900 477 2928 (ματ
498 2899 520 2919 ct
545 2892 683 2927 Nicopolis
698 2893 853 2919 dicitur”...
879 2893 934 2919 .-ln-

990 975 1120 1002 unirersw
1139 975 1332 1010 Longobardiaa
1350 977 1473 1008 ducatus,
1502 984 1562 1010 qua:
1588 982 1659 1002 vetus
1684 975 1777 1002 Hellas

989 1026 1058 1055 erat,
1074 1021 1120 1047 sub
1136 1022 1294 1054 imperatore
1311 1027 1368 1048 erat
1385 1022 1692 1055 Constantinopolitano,
1707 1029 1776 1056 papa

990 1075 1048 1093 vero
1065 1068 1203 1100 supinatus
1218 1067 1266 1094 sub
1284 1068 1346 1094 aliis
1370 1068 1491 1100 gentibus
1512 1067 1623 1098 virebat,
1639 1073 1778 1100 propterea

989 1113 1147 1146 patriarcha
1167 1113 1302 1139 Ecclesias
1332 1113 1485 1144 obtinebat;
1510 1121 1571 1139 nam
1596 1113 1777 1139 Brundusim

989 1163 1013 1185 et
1030 1158 1172 1185 Tarentum
1191 1167 1207 1184 a
1224 1158 1521 1193 Constantinopolitano
1539 1163 1688 1185 sacerdotes
1705 1159 1776 1185 (lt/[i-

989 1205 1107 1235 oiebant,
1123 1204 1201 1239 idque
1214 1205 1317 1231 nulluttt
1334 1205 1408 1231 latet.
1428 1204 1493 1231 Cum
1510 1213 1568 1231 vero
1587 1204 1687 1231 Franci
1708 1205 1777 1231 hunc

989 1251 1116 1276 ducatum
1144 1255 1317 1284 orcuparunt,
1345 1255 1408 1277 tunc
1436 1250 1569 1278 Romanus
1600 1251 1627 1277 in
1657 1251 1776 1277 omnibus

989 1295 1060 1321 hisce
1075 1294 1193 1322 ecclesiis
1205 1295 1388 1323 ordinationes
1401 1298 1500 1327 tonuit;
1516 1297 1543 1323 in
1559 1297 1591 1323 iis
1606 1297 1675 1323 enim
1693 1297 1777 1331 rrgio-

990 1339 1077 1371 nibus,
1106 1347 1171 1374 quas
1195 1339 1508 1374 Constantinopolitamts
1535 1342 1681 1375 imperator
1709 1342 1776 1368 obti-

990 1386 1076 1416 nebat,
1094 1385 1134 1412 vel
1150 1391 1240 1418 postea
1261 1395 1277 1412 (ι
1302 1386 1422 1414 barbaris
1439 1388 1559 1422 gentibus
1587 1389 1774 1422 recuperabut.

986 1430 1047 1464 jure
1068 1432 1223 1464 patriarcha
1254 1431 1565 1466 Constantinnpulitanus
1593 1434 1776 1461 ordinationes

991 1475 1114 1505 habebat,
1132 1483 1191 1501 cum
1208 1475 1290 1502 Roma
1311 1477 1396 1504 modis
1419 1478 1538 1504 omnibus
1554 1487 1569 1504 a
1590 1478 1777 1505 Constantino-

991 1521 1046 1554 poli
1066 1522 1183 1548 alienata
1210 1522 1272 1548 aliis
1302 1531 1357 1549 sese
1386 1523 1561 1551 submisisset.
1589 1524 1691 1559 Papam
1717 1533 1777 1551 ιιι*νο

953 1586 975 1614 C
991 1573 1080 1601 partes
1108 1567 1213 1601 aliquas
1238 1572 1315 1594 antea
1340 1569 1367 1594 in
1392 1568 1487 1595 Sicilia
1512 1569 1666 1602 obtinuisse,
1688 1571 1776 1596 matti—

991 1613 1088 1647 [estunt
1114 1613 1143 1647 ﬁt
1159 1622 1190 1640 ea:
1221 1613 1281 1639 Vita
1302 1615 1387 1640 sanrli
1405 1614 1526 1649 Gregorii
1550 1614 1777 1650 Agrigentinorum

992 1658 1077 1690 urbis,
1097 1666 1155 1693 quae
1176 1667 1245 1685 nunc
1273 1658 1440 1694 Gregentium
1468 1660 1575 1692 dicitur,
1598 1661 1711 1694 episcopi
1727 1670 1736 1687 :
1751 1662 1775 1687 in

991 1711 1020 1729 ea
1036 1704 1164 1736 siquidem
1180 1704 1307 1737 scriptum
1321 1710 1359 1731 est
1376 1713 1471 1739 papam
1488 1710 1606 1731 sanctum
1623 1705 1777 1740 Gregorium
1806 1732 1811 1737 ,

991 1749 1224 1783 Agrigentinorum
1242 1751 1392 1784 episcopatu
1420 1750 1576 1782 ordinasse;
1600 1751 1645 1777 sed
1660 1759 1689 1777 eo
1713 1756 1777 1777 tent—

990 1801 1052 1827 pore
1076 1793 1160 1821 lloma
1186 1795 1302 1821 nondum
1323 1795 1426 1828 penitus
1451 1801 1576 1827 separata
1594 1801 1650 1822 erat
1669 1804 1685 1822 a
1703 1796 1776 1822 'Cott-

991 1840 1176 1874 stantinopoli.
1194 1840 1309 1867 Tenebat
1328 1841 1418 1875 itaque
1443 1842 1540 1867 multos
1564 1842 1595 1867 ab
1615 1841 1676 1868 hinc
1693 1851 1776 1869 annos

992 1885 1304 1920 Conslanlinopolitanus
1325 1894 1356 1913 ea:
1371 1891 1445 1917 parte
1460 1891 1484 1912 et
1506 1886 1639 1919 Siciliam,
1654 1893 1678 1914 et
1693 1887 1776 1914 Cala-

991 1931 1088 1964 briam,
1104 1937 1127 1958 et
1145 1940 1213 1966 papa
1228 1931 1344 1966 paucula
1361 1931 1494 1966 qua'dant,
1510 1932 1733 1965 quemadmodum
1751 1937 1776 1958 rt

989 1977 1017 2003 in
1036 1975 1232 2010 Longobardia,
1255 1984 1336 2010 usque
1351 1976 1385 2002 ad
1402 1977 1613 2009 saparationcm;
1630 1982 1691 2003 tunc
1707 1979 1774 2003 enim

989 2027 1127 2056 separatus
1151 2027 1189 2048 est
1218 2021 1250 2047 ab
1277 2021 1318 2047 his
1350 2021 1498 2055 regionibus
1529 2030 1599 2056 papa
1627 2030 1708 2056 usque
1739 2023 1774 2048 ad

991 2061 1155 2093 Francorum
1190 2067 1340 2093 adventant.
1371 2066 1449 2093 llaud
1477 2074 1537 2094 sum
1564 2074 1694 2100 gravatus
1721 2072 1774 2094 tam

990 2113 1075 2139 multa
1101 2113 1209 2144 κῆρι-νυ,
1231 2112 1297 2146 quia
1323 2120 1375 2139 non
1394 2120 1477 2147 pauca
1495 2113 1522 2139 in
1546 2114 1580 2141 iis
1602 2115 1775 2141 animadver-

990 2158 1066 2185 sione
1086 2158 1263 2192 dignissima.

1025 2202 1144 2230 XXXIV.
1164 2203 1303 2237 Principio
1322 2202 1381 2230 falsi
1399 2207 1565 2238 arguuntur,
1584 2204 1631 2238 qui
1646 2204 1776 2232 Romamn

991 2296 1103 2329 poribus
1128 2299 1277 2328 repetunt,
1299 2302 1362 2321 cum
1390 2294 1477 2321 multo
1509 2301 1654 2329 antequam
1687 2296 1774 2323 Roma

991 2341 1100 2375 penitus
1128 2348 1142 2366 a
1168 2339 1476 2374 Constantinopolitano
1509 2333 1674 2375 imperatore
1698 2342 1774 2368 doli:-

989 2387 1084 2420 eissct,
1103 2386 1160 2420 jam
1197 2385 1264 2412 illud
1296 2386 1456 2413 usurenisse
1485 2386 1580 2413 doceat
1606 2387 1699 2417 Nilus;
1725 2396 1773 2415 ne-

989 2441 1041 2468 que
1059 2438 1148 2460 tamen
1171 2432 1216 2458 illa
1244 2431 1384 2464 defecerit,
1414 2432 1465 2458 nisi
1489 2432 1540 2459 sub
1565 2432 1654 2459 Leone
1681 2433 1775 2461 Isauro

990 2486 1061 2506 anno
1077 2478 1138 2510 7‘26,
1156 2486 1211 2512 quo
1226 2477 1336 2507 ducem,
1361 2477 1404 2503 cui
1428 2485 1518 2504 rerutn
1536 2485 1643 2505 sntntna
1661 2480 1774 2513 credita,

989 2525 1040 2552 sibi
1069 2529 1183 2552 senatus
1206 2524 1379 2558 populusque
1405 2524 1497 2558 elegit,
1522 2531 1687 2559 quamquam
1713 2533 1774 2560 post

990 2571 1015 2597 in
1032 2570 1151 2597 alliciam
1171 2571 1270 2597 iturum
1297 2570 1418 2602 redacta,
1445 2569 1533 2596 donec
1550 2578 1622 2597 anno
1638 2570 1689 2597 774
1705 2573 1775 2598 tion—

988 2617 1109 2643 stantino
1125 2615 1299 2650 Copronymo
1316 2615 1385 2650 Aug.
1407 2616 1511 2650 regium
1530 2616 1675 2650 imperium
1694 2624 1774 2651 prora

988 2669 1035 2688 sus
1050 2662 1214 2694 excusserit,
1234 2662 1259 2688 in
1277 2661 1416 2695 pontiﬁcis
1436 2661 1478 2688 sui
1500 2661 1564 2696 jura
1583 2669 1645 2688 sese
1671 2663 1774 2689 (ludens

991 2706 1038 2742 (V.
1055 2707 1118 2742 Pag.
1141 2707 1175 2734 ad
1194 2716 1238 2733 an.
1259 2707 1309 2733 796
1331 2712 1358 2733 et
1380 2707 1469 2742 799);
1494 2708 1559 2742 quin
1584 2713 1678 2741 aperte
1699 2707 1775 2735 Nilus

989 2758 1116 2786 testatur,
1135 2754 1286 2780 accessisse
1304 2753 1437 2785 Siciliam,
1465 2754 1639 2785 Calabriam,
1664 2755 1772 2781 Cl't'ltllll

988 2798 1292 2833 Constantinopolilano
1313 2801 1487 2835 patriarcltm,
1513 2808 1574 2827 cum
1595 2800 1710 2827 Barbati
1730 2802 1775 2827 de.

986 2846 1113 2879 prehenso
1129 2854 1197 2879 papa
1218 2845 1326 2872 Romam
1352 2846 1464 2879 spoliant
1489 2846 1631 2885 [ac/41min
1654 2848 1776 2881 proprias

988 2900 1051 2918 usus
1085 2896 1281 2923 converterunt;
1318 2891 1466 2926 itidemque
1489 2893 1586 2920 setibit
1612 2892 1637 2919 in
1667 2893 1774 2927 L:tt'.;-.;o-
