2041 3159
263 172 332 206 1219

718 169 770 203 DE
785 171 915 202 ᾸΞΤΛΤΕ
933 171 962 200 S.
977 169 1165 200 GREGORlI
1185 164 1440 198 AGRIGENTlNI

1828 165 1895 197 1220

263 231 358 258 bardia
382 228 587 262 transtiberina,
615 226 770 263 Apuliaque
789 229 930 264 principes
955 227 1050 255 Eeclc-
1064 231 1084 258 Λ
1100 227 1222 254 rintltius
1238 226 1395 260 episcopus.
1417 223 1501 257 Quid,
1520 223 1593 257 quod
1615 222 1799 249 secessionem
1820 222 1894 249 illam

264 276 320 303 sias
344 275 652 309 Constantinopolitano
673 274 805 309 episcopo
818 274 979 304 adhagsissc.
997 272 1052 300 lio-

262 328 345 347 mano
371 319 504 346 Barbaris
528 320 647 346 maxime
674 320 808 352 obnoxio»,
836 319 948 353 iramque
970 319 999 344 in
1020 325 1052 345 ea

263 367 435 394 conveniunt
448 370 586 401 tempora,
603 373 666 400 quae
686 366 805 393 Leonem
831 365 956 393 laattrum
982 372 1054 398 prae-

262 413 409 442 cesserint,
425 420 487 439 cum
515 412 624 439 scilicet
639 411 814 446 Langobardi
836 419 914 445 reges
933 410 1052 441 Italiam,

263 464 346 493 atque
371 459 459 492 ipsam
476 458 544 484 adeo
570 458 682 484 liomam
707 457 841 484 aartttnnis
864 457 1051 483 cumularunt.

263 494 433 531 Certe'anno
451 503 514 536 658,
541 511 603 530 cum
629 503 731 529 Paulus
754 502 925 536 tnetropolita
954 502 1052 532 Creta},

264 557 326 583 qua:
357 549 613 575 'l‘liessatonicensis
642 547 778 574 exat-clum
807 548 916 582 portio,
948 548 1053 574 irritam

264 589 394 620 habuerit
420 591 536 619 Joannis
552 591 703 626 Loppensis
726 599 775 618 sua
799 592 825 618 itt
841 592 979 626 provincia
998 592 1054 626 epi-

263 639 340 672 scopi
360 639 584 672 provocationem
609 638 642 664 ad
665 637 832 664 Vitalianum
855 646 963 672 papam,
988 639 1053 672 quid

264 683 316 710 hoc
332 688 382 716 est,
401 684 452 710 nisi
472 684 498 710 in
517 682 657 710 Vitaliano
672 683 836 717 patriarcha:
852 684 894 710 sui
909 691 1054 717 personant

264 729 336 756 haud
353 729 516 764 agnovisse?
534 729 644 756 Adeone
661 737 753 755 rerum
766 729 933 763 imperitum.
949 729 992 755 vel
1013 729 1056 755 in-

265 773 361 801 sanum
384 775 463 801 nobis
484 774 559 800 illum
579 775 715 808 litigamus
731 794 737 805 ,
764 782 843 808 qttcm
872 774 913 801 vel
941 773 1054 808 fugerit,

264 820 336 853 quod
354 825 380 846 ct
397 819 541 849 Czrsareis,
556 824 582 846 et
597 820 793 847 ecclesiasticis
810 825 918 846 cautum
939 820 1054 854 legibus.

263 866 347 893 licere
361 865 490 900 episcopo
505 873 519 892 a
538 867 717 901 tnctropolilm
729 866 831 899 judicio
845 866 876 893 ad
892 866 1055 900 patriarchi-

263 919 325 939 cum
339 911 456 938 tribunal
469 912 614 946 appellare,
628 912 681 944 vel,
694 920 756 938 etilli
770 912 834 938 illttd
851 914 934 946 prohc
951 916 1052 944 nosset,

263 957 434 992 prohibuerit
451 961 541 984 tamen
563 957 713 991 legitimum
735 957 902 991 jttdieiorum
921 956 1054 984 cursum?

265 1003 292 1029 Si
313 1003 370 1029 inec
385 1011 436 1029 non
452 1003 559 1035 demus,
577 1003 764 1030 allirmandum
783 1003 906 1035 tandem,
919 995 1053 1030 Joannem

263 1047 432 1082 Loppensem
448 1048 604 1082 episcopum
623 1056 675 1074 nott
693 1049 754 1075 ideo
773 1049 806 1075 ad
824 1047 988 1075 Vitalianum
1006 1055 1054 1082 ap—

263 1092 389 1126 pellasse,
403 1094 475 1126 quod
494 1093 518 1118 in
533 1100 566 1119 eo
581 1093 621 1119 sui
638 1093 833 1127 patriarcham,
845 1094 889 1120 sed
907 1093 978 1128 qttod
995 1094 1055 1120 uni-

263 1144 350 1163 versa:
368 1135 586 1163 Christianorum
603 1137 685 1172 316
700 1137 827 1164 Ecclesia:
844 1132 929 1172 caput.
942 1139 1055 1172 prolite-

264 1187 340 1208 retur
354 1191 361 1214 ;
381 1182 693 1209 intercessissePaulum
709 1183 895 1218 appellationi,
912 1183 976 1218 quia
992 1190 1054 1210 raro

264 1228 296 1255 ad
314 1227 466 1254 Romanum
487 1229 640 1262 pontilicem
659 1234 834 1263 provocatum
848 1229 881 1255 ab
900 1229 932 1256 iis
947 1230 1054 1264 episeo-

264 1274 315 1308 pis,
325 1275 371 1308 qtti
380 1275 424 1300 alii
436 1274 577 1300 subcssenl
587 1275 760 1308 patriarchas,
769 1275 833 1309 quin
843 1274 927 1300 tUrba:
936 1278 1052 1306 exorlzn;

266 1319 377 1352 quando
398 1319 540 1344 invidiosa:
557 1326 663 1352 semper
680 1319 877 1352 appellationes
897 1318 929 1344 ad
953 1318 1055 1345 Roma-

265 1372 330 1391 num
346 1365 522 1398 episcopum;
537 1365 605 1391 adeo
627 1369 655 1390 ut
671 1372 703 1390 tte
719 1364 769 1398 ipsi
790 1363 899 1398 quidem
920 1363 977 1390 Afri
994 1365 1054 1392 illas

264 1409 376 1437 SiVCI‘lnl
390 1417 396 1442 ;
414 1416 440 1436 ct
460 1415 551 1436 tamen
564 1418 658 1436 corn-tn
668 1409 714 1436 Ερι
724 1410 787 1436 lesia
798 1409 927 1436 Romanae
940 1410 1055 1444 patriar-

264 1457 332 1482 chzae
355 1456 529 1487 conti-iiuna;
559 1456 623 1489 quia
651 1456 744 1489 primis
776 1455 905 1482 Ecclesia}
934 1455 1052 1488 sazeulis,

264 1502 375 1535 perinde
389 1509 418 1528 se
432 1506 575 1535 gesserant
586 1501 633 1527 Cat
643 1501 830 1535 thaginienses
849 1500 967 1535 episcopi
981 1500 1054 1527 Alri-

264 1554 340 1574 t‘amc
356 1547 484 1574 Ecclesiae
507 1547 615 1573 exarehi
630 1567 637 1578 ,
663 1552 744 1580 atque
769 1547 827 1573 suis
844 1547 871 1573 itt
889 1546 1054 1573 dioecesibus

264 1592 455 1624 Alexandrini,
476 1592 660 1625 Antiochcni,
679 1591 808 1626 Epltcsini
823 1611 830 1624 ,
859 1592 1054 1624 Cmsarienses,

265 1637 464 1668 lleraclicnscs,
483 1637 593 1672 quando
610 1637 714 1664 nullum
729 1637 871 1671 imperium
881 1646 963 1672 supra
975 1646 1056 1665 exar-

264 1683 373 1709 chicum
390 1683 479 1717 majus
498 1691 504 1708 :
524 1690 614 1717 neque
631 1683 742 1709 tandem
755 1683 893 1717 subjectos
918 1692 978 1711 sese
999 1683 1055 1711 lto-

243 1729 246 1731 ⁴
264 1737 346 1756 mano
364 1729 526 1762 patriarcha:
542 1736 663 1761 sensere,
678 1729 730 1756 nisi
746 1737 776 1755 ex
794 1730 954 1756 auctoritate
968 1729 1055 1758 Justi-

265 1774 362 1802 nianil
383 1775 467 1808 Attg.,
485 1774 530 1808 qui
558 1773 692 1800 novellam
720 1774 806 1801 edidit
831 1775 1054 1803 constitutionem

265 1820 337 1851 195,
365 1828 417 1853 qua
434 1819 565 1846 Romanae
582 1820 755 1854 palliat‘t‘ltia:
768 1820 831 1854 jura
857 1821 883 1847 in
912 1822 1056 1849 universas

264 1864 421 1891 Occidentis
438 1864 577 1891 Ecclesias
592 1885 599 1896 ,
627 1864 654 1891 in
670 1872 785 1898 quarum
803 1872 915 1892 censum
934 1866 1054 1900 reposita

264 1910 391 1937 Africana
402 1928 410 1942 ,
426 1909 523 1937 dill'ttsa
535 1929 542 1943 ,
561 1911 792 1944 quemadmodum
810 1919 858 1946 par
875 1911 959 1938 fatum
975 1916 1053 1938 antea

265 1956 383 1983 tttlcrant
403 1955 502 1987 Miana,
517 1955 638 1986 Pontica,
648 1955 779 1983 'l'hraciea
790 1957 921 1990 Ecclesia,
938 1965 1054 1991 quarum

263 2001 374 2028 cxarchi
405 2001 712 2036 Constantinopolitano
746 2002 907 2036 patriarchae
933 2003 1054 2030 cervices

264 2047 421 2077 subdidere,
444 2047 489 2081 qui
509 2048 629 2081 ipsorum
647 2047 708 2081 jura
726 2048 864 2082 adoptavit
876 2068 883 2080 .
903 2057 963 2076 cum
979 2049 1054 2084 prius

264 2099 357 2118 merus
369 2091 435 2118 foret
449 2092 613 2127 sttli‘ragator
623 2093 768 2127 episcopus
780 2093 893 2128 Europa:
909 2095 1054 2128 provinciae

264 2137 454 2170 nn-tropolittc,
472 2137 523 2163 hoc
537 2142 577 2162 est
596 2137 786 2165 Heracleensis
803 2139 921 2173 episcopi
935 2159 941 2171 ,
956 2140 1001 2173 qui
1017 2139 1053 2166 si-

264 2183 321 2209 tuul
337 2182 471 2208 exat-chus
483 2181 607 2210 Thracia:
619 2184 768 2211 dimcescos
782 2192 814 2211 ex
830 2184 947 2218 Europa,
963 2184 1053 2211 Thra-

1072 901 1092 928 Β

1070 1573 1091 1603 C

1103 271 1227 307 Gregorii
1242 271 1326 299 nostri
1341 273 1509 304 tempestate,
1521 276 1602 304 quem
1612 267 1698 295 Leoni
1718 268 1813 295 lsanro
1829 275 1897 303 prm-

1105 315 1190 344 ivisse
1207 324 1287 344 nemo
1302 316 1422 348 dubitat,
1439 315 1538 342 lactant
1552 314 1609 349 jam
1624 314 1702 340 Nilus
1713 314 1896 345 demonstrat,

1104 371 1159 398 quo
1171 362 1307 389 scribente
1316 361 1462 388 notissima
1474 359 1597 393 exempla
1613 366 1716 390 omnia,
1731 365 1794 392 quae
1805 357 1896 388 nobis,

1104 406 1216 434 amiSsis
1233 410 1387 440 temporum
1406 404 1505 439 injuria
1518 403 1705 430 monumentis
1717 423 1725 435 ,
1752 402 1832 436 plane
1849 401 1898 429 ob-

1104 460 1207 484 scura;
1233 451 1301 478 adeo
1319 455 1349 478 ut
1365 458 1399 477 ne
1413 449 1578 485 Hydruntiui
1599 449 1650 484 ipsi
1667 467 1674 480 ,
1694 448 1742 482 qui
1767 447 1897 474 Ecclesia:

1104 505 1162 525 suae
1179 504 1223 525 res
1240 505 1303 524 cum
1320 496 1493 524 Fet-dinando
1509 495 1624 529 Ughello
1645 493 1896 523 oommunicarunt,

1105 543 1210 578 aliquid
1227 542 1389 569 subodorati
1403 542 1436 568 de
1450 541 1544 568 Marco
1557 541 1697 575 episcopo,
1713 546 1800 572 coque
1814 539 1898 565 omis-

1106 596 1154 616 sus
1174 588 1208 615 ab
1226 586 1366 622 Ugltello?

1141 633 1249 660 XXXV.
1271 633 1372 660 Deinde
1385 641 1417 660 ex
1434 640 1477 664 eo,
1502 630 1575 667 quod
1589 631 1682 662 Nilus,
1715 634 1744 657 ttt
1771 630 1898 658 ostendat

1107 679 1212 714 aliquot
1230 679 1257 705 in
1279 678 1373 706 Sicilia
1398 678 1535 705 Ecclesias
1550 677 1739 712 superstitisse
1763 685 1824 711 qua:
1842 675 1896 703 Bo-

1114 732 1196 752 mano
1215 725 1335 759 pontilici
1356 727 1494 759 parerent,
1515 723 1638 758 Gregorii
1653 723 1895 758 Agrigentinorum

1107 771 1226 806 episcopi
1236 770 1370 805 producat
1380 770 1617 804 inaugurationem
1628 777 1642 795 a
1651 769 1771 796 Romana
1779 769 1899 803 patriar-

1110 817 1161 844 cha
1176 822 1314 851 peractam
1329 837 1337 848 ,
1353 824 1454 844 novum
1467 816 1593 843 elicimus
1617 822 1806 851 argumentum
1819 835 1827 847 ,
1843 823 1897 850 quo

1108 863 1195 897 ipsius
1215 867 1344 896 aetatem,
1373 867 1468 889 contra
1494 869 1576 896 quam
1607 861 1756 888 Caietanus
1783 861 1895 887 sentiat.

1107 907 1344 934 constabiliamus.
1374 906 1459 934 Nemo
1489 906 1555 933 mihi
1585 906 1742 941 negaverit,
1772 905 1896 940 Gregorii

1108 951 1196 988 Magni
1214 957 1336 988 tempore
1352 952 1454 979 Sicilia
1465 953 1600 980 universae
1617 951 1753 980 Ecclesias
1775 951 1823 978 uni
1845 950 1897 977 llo-

1108 1006 1188 1025 mano
1216 998 1378 1032 patriarcha:
1404 999 1628 1033 obtemperasse,
1655 998 1726 1032 quod
1752 1005 1784 1024 cx
1810 997 1896 1031 ipsius

1107 1044 1230 1078 epistolis
1263 1049 1379 1071 constat.
1414 1044 1496 1078 Atqui
1524 1043 1672 1078 Gregorius
1707 1041 1895 1077 pontiﬁcatum

1107 1090 1258 1116 maximum
1276 1090 1418 1123 ingressus
1432 1096 1506 1115 anno
1524 1088 1586 1121 590,
1604 1088 1639 1115 ab
1654 1087 1803 1115 Ilustiniani
1825 1087 1834 1114 |
1850 1094 1896 1114 ex-

1108 1143 1185 1162 cessu
1201 1136 1245 1162 23.
1263 1135 1291 1162 Si
1308 1136 1390 1170 igitur
1400 1136 1549 1170 Gregorius
1568 1135 1763 1170 Agrigentinus
1781 1134 1833 1161 sub
1847 1132 1895 1160 Ju-

1108 1183 1229 1209 stiuiauo
1246 1183 1315 1217 Aug.
1331 1182 1408 1214 vixit,
1423 1187 1450 1208 et
1466 1189 1498 1209 eo
1514 1182 1624 1216 quidem
1654 1180 1810 1208 Jttstiniano
1842 1187 1896 1215 quo

1109 1236 1198 1254 rerum
1212 1227 1580 1262 Constantinopolitanarum
1597 1227 1709 1254 domino
1722 1225 1814 1253 Sicilia
1833 1233 1895 1260 par~

1109 1274 1156 1301 titn
1172 1274 1495 1308 Constantinopolitano,
1514 1273 1616 1308 partim
1641 1272 1764 1299 Romano
1789 1271 1895 1299 subdita

1108 1319 1279 1354 patriarcha‘,
1293 1319 1316 1346 si
1332 1320 1384 1346 suh
1399 1319 1557 1347 Justiniano
1573 1318 1582 1345 l
1612 1318 1685 1345 nulla
1698 1318 1811 1345 omnino
1826 1317 1895 1344 Sici-

1108 1365 1151 1391 lire
1164 1364 1286 1391 licclcsia
1302 1372 1315 1391 ιι
1333 1364 1450 1391 ltomani
1472 1365 1611 1399 pontiticis
1629 1364 1691 1397 jure
1710 1363 1816 1396 avulsa,
1836 1363 1895 1397 quis

1108 1418 1162 1437 nott
1186 1411 1330 1446 intelligat,
1353 1411 1435 1438 tutius
1456 1410 1603 1438 Justiniani
1623 1409 1645 1436 ll
1665 1410 1737 1436 aetati
1755 1409 1894 1436 vindican-

1107 1456 1172 1482 duttt
1184 1456 1197 1482 ‘l
1212 1456 1289 1489 Quod
1307 1456 1329 1484 si
1347 1464 1409 1483 vero
1419 1455 1694 1490 JustinianollAttg.,
1710 1459 1737 1482 ct
1752 1455 1779 1482 in
1792 1455 1895 1487 Sicilia.

1107 1507 1134 1530 el
1152 1502 1179 1529 in
1195 1502 1385 1536 Longobardia
1404 1502 1615 1538 transtybcrina,
1632 1505 1659 1529 et
1675 1501 1749 1533 alibi,
1764 1501 1895 1528 diminuta

1107 1547 1224 1574 Romani
1250 1548 1414 1582 patriarchae
1427 1547 1500 1582 jura,
1521 1555 1582 1582 qua:
1598 1547 1650 1575 sibi
1667 1546 1896 1580 Constantinopo-

1111 1594 1215 1622 litanus
1231 1595 1377 1629 arrogarit,
1393 1595 1489 1629 quidni
1504 1603 1581 1629 a-que
1603 1594 1736 1621 fateamur
1759 1594 1830 1621 idern
1856 1593 1895 1620 fa-

1107 1644 1180 1667 ctum
1191 1639 1218 1666 iit
1229 1639 1468 1667 Thessalonici-nsi
1481 1645 1508 1667 et
1533 1640 1708 1667 Corinthiaca
1723 1640 1893 1674 potissimum

1106 1684 1234 1710 exat-cinia
1249 1703 1257 1714 ,
1287 1684 1398 1718 quando
1421 1683 1552 1712 Leo‘ntitts
1577 1684 1747 1711 certissimus
1779 1684 1895 1718 scriptor

1109 1730 1189 1757 nobis
1216 1730 1327 1764 prodit,
1359 1730 1530 1757 Corinthium
1548 1730 1705 1764 episcopum
1729 1737 1744 1755 c
1761 1734 1894 1757 conventu

1106 1775 1191 1804 fuisse
1205 1776 1511 1811 Constantinopolitano
1526 1771 1716 1803 subCallinico
1729 1775 1894 1810 patriarcha,

1106 1828 1121 1848 a
1134 1829 1186 1855 quo
1205 1821 1285 1855 legati
1300 1821 1342 1848 sui
1359 1829 1471 1848 munere
1481 1820 1594 1847 Romam
1608 1821 1721 1853 missus,
1740 1825 1769 1847 ut
1783 1821 1817 1847 tle
1829 1819 1896 1847 Grc-

1106 1867 1172 1901 gorii
1187 1867 1313 1898 crimine,
1332 1867 1412 1900 cujus
1429 1867 1618 1898 insimulatus,
1635 1866 1791 1901 judicaret?

1141 1914 1262 1942 XXXVI.
1279 1915 1412 1946 Equidem
1429 1916 1451 1943 si
1465 1915 1568 1950 aliquid
1587 1915 1639 1942 hoc
1657 1914 1718 1942 loco
1731 1914 1895 1948 conjectum

1105 1960 1236 1993 dandum,
1250 1968 1304 1987 non
1319 1961 1391 1988 male
1403 1960 1531 1992 dixerim,
1548 1960 1729 1988 defectionem
1750 1960 1824 1986 illam
1842 1959 1894 1986 Ec-

1105 2006 1252 2034 clesiarttm
1277 2005 1376 2041 Illyrici
1390 2025 1398 2038 ,
1424 2005 1552 2038 Achaiae,
1577 2006 1689 2038 Sicilim,
1706 2005 1840 2032 Calabriae
1859 2005 1893 2031 ad

1104 2050 1441 2085 Constantinopolitanttm
1469 2051 1675 2086 patriarcham.
1709 2050 1810 2078 factam
1843 2051 1894 2078 sub

1105 2096 1233 2123 Heraclio
1250 2096 1400 2123 Constante
1415 2095 1436 2122 ll
1447 2116 1454 2128 ,
1478 2101 1506 2124 et
1522 2096 1625 2131 Pyrrho
1641 2096 1893 2131 Constantinopoli-

1105 2146 1167 2168 tano
1179 2141 1319 2176 episcopo,
1328 2141 1569 2169 Monothelitarum
1583 2141 1811 2176 signifero,cujus
1820 2142 1891 2177 quod

1104 2187 1213 2213 ἔχθεσιν
1240 2192 1268 2214 et
1281 2186 1366 2213 τύπον
1381 2187 1622 2215 anathematismis
1645 2188 1801 2215 devorisset
1819 2187 1892 2215 Mar-

264 2227 316 2258 cia,
338 2227 527 2258 lltrmimonte,
542 2225 683 2262 lihodope,
698 2228 791 2256 Maesia
808 2229 839 2259 ll.
857 2230 966 2264 Scythia
987 2238 1051 2264 pro-

1105 2233 1178 2259 tinus
1193 2240 1273 2266 papa,
1290 2239 1362 2259 anno
1385 2232 1453 2266 649,
1483 2232 1510 2260 in
1539 2233 1642 2260 Naxum
1666 2233 1784 2260 insulam
1804 2234 1892 2268 primo

263 2274 361 2299 vinctis
374 2276 522 2305 eompaetm
534 2292 541 2303 ,
558 2280 644 2306 coque
661 2274 772 2300 nomine
795 2274 839 2308 jus
855 2274 1050 2301 Constantino-

263 2318 413 2353 politanttm
432 2318 614 2352 patriareltam
636 2319 779 2346 ordinandi
803 2325 933 2354 perpetuo
951 2321 1052 2348 mansit

264 2362 290 2388 itt
308 2361 483 2388 lleraclccnsi
502 2363 648 2396 episcopo,
676 2363 721 2397 qtti
748 2363 862 2390 honoris
882 2372 946 2399 ergo
961 2364 1051 2391 dictus

263 2407 393 2442 προέδρος
408 2407 461 2433 τῶν
473 2407 642 2442 ὑπερτίμων.
659 2408 747 2440 Quare
766 2409 958 2436 concludimus
979 2417 1050 2436 attuo

263 2453 315 2480 658
329 2452 436 2479 Cretam
454 2453 634 2486 provinciam,
651 2461 711 2487 qua:
731 2461 784 2480 una
799 2462 830 2480 ex
859 2454 875 2480 6
900 2454 971 2481 unde
984 2462 1050 2481 con-

262 2498 324 2525 ﬂata
342 2496 594 2524 Thessalonicensis
609 2499 749 2530 exarchia,
770 2499 929 2526 dis-tractant
954 2508 968 2526 a
996 2500 1050 2527 lio-

263 2544 336 2572 mani
354 2543 517 2578 patriarchae
531 2544 724 2577 jurisdictiotte
737 2563 743 2575 ,
770 2551 856 2578 coque
874 2547 997 2580 exctnp'o
1010 2547 1050 2573 di-

263 2591 356 2617 vinare
370 2597 528 2624 possumus,
549 2598 581 2615 an
595 2597 670 2624 teque
686 2595 741 2616 tttm
759 2592 887 2625 temporis
903 2591 1050 2619 defecerint

262 2636 566 2670 ConSIantinopoljtano
583 2636 744 2669 patriarchm
767 2638 914 2671 provincia:
940 2639 1048 2672 reliqua:

263 2687 354 2717 cjttsce
368 2683 514 2712 cxareltite,
531 2683 583 2709 hoc
606 2687 646 2710 est
670 2682 826 2709 Macedonia
844 2683 864 2712 l.
895 2684 1048 2717 Thessalia,

262 2729 360 2764 Epirus
377 2735 464 2761 vetus,
485 2729 583 2763 l‘lpirus
600 2737 677 2760 nova,
693 2734 719 2755 et
736 2728 899 2756 Macedonia:
919 2731 1048 2758 salutaris

263 2782 336 2809 pars,
360 2779 416 2802 tum
433 2775 500 2802 adeo
516 2775 616 2802 Achaia
630 2794 636 2805 ,
656 2782 715 2809 qme
732 2777 868 2809 quondam
883 2783 946 2810 pars
962 2776 1048 2803 Thes-

262 2822 460 2853 salonicensis,
489 2822 544 2848 sive
561 2821 718 2856 lllyrieianm
735 2822 904 2854 dimecseos;
933 2823 1048 2850 subinde

262 2873 326 2895 vero
344 2867 489 2902 singularis
508 2867 592 2894 audiit
610 2867 735 2894 cvarchia
749 2887 756 2899 ,
789 2866 831 2893 cui
857 2873 970 2902 pra'erat
990 2869 1044 2895 (lo-

1104 2281 1260 2312 asportattts
1274 2297 1281 2310 ,
1309 2278 1371 2305 inde
1397 2277 1665 2312 Constantinopolim
1680 2280 1699 2312 ,'
1715 2279 1760 2306 ubi
1781 2279 1890 2314 injuriis

1102 2323 1232 2349 omnibus
1247 2323 1403 2350 cumulatus
1422 2324 1448 2350 in
1465 2324 1669 2351 Chersonesum
1687 2325 1794 2351 tandem
1813 2325 1889 2352 exsul

1102 2367 1218 2393 mittitttr
1230 2386 1238 2398 ,
1262 2367 1303 2394 sic
1324 2367 1473 2394 Constante
1488 2368 1557 2402 Aug.
1572 2368 1701 2402 jubente,
1729 2369 1775 2402 qui
1794 2369 1889 2403 Pyrrhi

1100 2417 1192 2446 partes
1217 2412 1398 2446 Inercsimque
1433 2413 1570 2440 tuebatur.
1588 2413 1654 2440 Tatn
1677 2414 1792 2441 sceleste
1808 2414 1890 2448 igitur

1100 2458 1214 2484 animati
1230 2466 1292 2485 cum
1314 2458 1429 2486 fuissent
1448 2459 1474 2485 in
1494 2459 1641 2486 Martinum
1654 2467 1716 2487 cum
1735 2461 1800 2495 imp.
1820 2460 1891 2487 Con-

1099 2510 1186 2537 stans,
1201 2509 1257 2531 tum
1274 2505 1393 2540 Pyrrhus
1413 2506 1584 2540 patriarcha,
1604 2506 1698 2541 qttidni
1716 2507 1748 2533 ad
1765 2511 1888 2538 cteteras,

1100 2550 1200 2584 quibus
1217 2551 1260 2577 ille
1276 2551 1388 2578 allectus
1401 2571 1408 2584 ,
1438 2551 1553 2586 injurias
1568 2553 1632 2579 illud
1664 2552 1828 2584 accesserit,
1856 2553 1888 2580 ad

1099 2596 1279 2624 defectionem
1298 2598 1432 2624 excitatas
1450 2598 1550 2625 Sicilia:
1564 2619 1571 2630 ,
1598 2598 1748 2631 Calabriae,
1765 2599 1887 2630 Achaiae,

1099 2642 1254 2677 lllyriciqne
1270 2642 1428 2671 ECClcSiﬂS?
1452 2643 1521 2671 Ecce
1538 2644 1669 2671 Martinus
1691 2645 1747 2679 ipse
1762 2650 1823 2678 post
1839 2645 1888 2672 da-

1100 2692 1220 2714 mnatam
1237 2689 1370 2721 ecthesin,
1387 2694 1411 2716 et
1427 2694 1520 2724 typum
1534 2691 1642 2725 Pyrrhi,
1656 2689 1788 2717 Joannem
1802 2690 1888 2717 Phila-

1099 2733 1213 2767 delphia:
1227 2734 1384 2768 episcopum
1404 2736 1536 2762 vicarium
1562 2744 1642 2770 suum
1670 2737 1696 2763 in
1714 2737 1825 2764 Oriente
1849 2745 1888 2764 re-

1099 2779 1216 2811 nuntiat,
1240 2781 1305 2814 quid
1325 2781 1374 2807 hoc
1391 2786 1449 2814 est,
1480 2782 1532 2808 nisi
1547 2782 1781 2809 evidentissimum
1810 2791 1889 2818 argu-

1099 2830 1230 2854 mentum.
1247 2826 1392 2853 tithCiViSSt'.
1409 2827 1442 2853 ah
1458 2835 1503 2858 eo,
1521 2833 1545 2854 rt
1564 2827 1850 2861 Thessalonicensem,
1862 2835 1888 2856 et

1098 2869 1268 2897 Corinthium
1286 2873 1439 2904 cvarchas,
1468 2873 1565 2907 quibus
1591 2879 1721 2908 perpetuo
1744 2875 1886 2908 injunctus
