2041 3159
235 154 304 185 ιρρει

693 151 742 181 DE
765 149 894 180 ΔἸΞἹἋΓΕ
906 151 934 180 S.
950 149 1117 181 GREGORI
1151 146 1404 180 AGRIGENTINI

1789 146 1854 185 ηεξ

237 222 286 242 nus
303 213 369 246 Aug.
387 214 446 237 ante
463 217 595 237 excessum
612 209 698 237 Set-eri
718 210 801 244 patris
823 209 864 235 sui
876 228 884 241 ,
903 209 1021 235 oratione
1036 214 1056 242 Α
1074 208 1187 235 Romani
1199 208 1342 243 pontifices
1354 208 1518 244 pedetentim
1535 209 1685 244 principale
1694 209 1855 245 jusinvasc—

237 261 265 286 in
281 263 374 286 senatu
393 257 498 289 habita,
513 257 564 291 fuit
577 261 670 283 auctor
684 256 816 287 (uisendi,
833 260 860 281 ut
875 255 977 290 aliquid
992 263 1024 281 ea:

233 307 305 340 juris
326 305 413 339 rigore
439 303 564 335 laxetur;
581 311 672 338 neque
692 303 744 328 alia
762 301 898 328 incessum
926 302 969 328 via
996 301 1023 327 in

239 352 353 378 aliorum
379 354 458 377 aetate
480 349 643 376 deﬁnienda.
673 349 763 383 Itaque
785 348 807 374 si
829 348 1024 374 Constantinus

240 398 293 426 ille.
306 398 351 431 qui
362 396 511 423 Romanam
534 395 680 422 Ecclesiam
695 395 806 421 dimidia
819 394 886 420 urbe
897 394 1024 420 donatam

239 443 335 474 voluit,
349 443 411 475 jura
425 442 501 473 dixit,
517 449 578 467 cum
590 434 701 474 Sergius
714 448 772 467 aevo
790 439 936 469 frueretur,
954 446 1024 464 nuu-

240 496 321 522 quam
335 486 683 521 impetraveritCaietanus,
696 489 725 511 ut
735 485 882 518 Gregorius
892 483 1024 510 Justinia-

242 534 268 560 ni
289 534 297 559 l
315 532 398 567 318
417 531 585 565 temporibus
597 530 776 563 adjudieetur.
792 528 888 555 Nullus
904 531 966 554 ante
977 527 1025 553 .lu-

242 579 391 605 stinianum
405 575 617 603 ICnnstantinus
627 576 707 610 Λιιε.⁷
720 575 764 608 qui
787 574 813 600 in
830 582 873 601 res
888 573 1025 600 Romanas

241 625 407 653 dominatus,
427 622 479 648 nisi
493 620 605 655 Magnus
622 620 678 650 ille.
702 620 917 647 Christianarum
934 626 1024 646 rerum

243 669 398 703 pra-sidium
415 677 420 693 :
440 675 500 693 nam
519 667 550 693 ad
563 666 774 693 Constantinum
791 665 876 691 tilium
895 664 968 699 quod
984 668 1025 690 at-

243 715 320 745 tinet.
343 714 445 740 nullum
461 713 497 740 illi
515 713 656 746 imperium
671 712 764 738 datttm
782 712 808 737 in
825 710 911 742 Italia,
935 709 982 737 sed
999 709 1025 736 in

244 762 349 791 Galliis.
366 759 515 790 Britannia,
530 762 610 792 atque
624 756 714 783 Africa
734 754 933 791 proconsulari.
948 753 1025 787 Quod

244 808 266 835 si
283 807 317 833 ah
332 814 404 832 anno
416 805 478 837 557,
491 811 546 838 quo
564 803 761 830 Constantinus
771 801 885 835 Magnus
898 800 1024 830 excessit.

244 853 277 879 ad
301 853 362 883 560,
382 856 443 878 ante
458 857 538 885 qttem
565 849 696 883 Gregorio
715 849 786 875 diem
811 847 904 874 Roma:
926 847 1025 873 dictam

244 906 298 926 non
313 903 386 932 putat
400 897 557 928 Gaiclanus,
574 895 638 921 anni
654 894 765 920 omnino
782 893 954 920 intercedunt
965 891 1028 924 225,

245 943 318 970 nullo
336 946 413 976 pacto
436 940 613 967 ascribendus
633 937 780 972 Gregorius
791 937 870 963 annis
880 933 1027 962 Justiniani

244 987 266 1020 I,
283 988 334 1016 sub
351 995 406 1022 quo
423 994 510 1020 neque
527 986 690 1020 ipse,nequc
705 983 843 1010 Romanus
856 980 975 1016 pontifex
988 980 1030 1007 di-

244 1034 317 1061 xisse
329 1032 464 1067 poterant,
475 1031 540 1064 itnp.
556 1030 626 1057 Caes.
643 1028 823 1055 Constantino
836 1027 931 1062 Magno
946 1033 1031 1060 quon-

245 1079 308 1106 dam
340 1078 473 1113 paruisse.
491 1076 568 1109 Quod
596 1075 618 1102 si
639 1076 671 1101 ad
695 1073 841 1101 Justiniani
868 1072 887 1098 ll
909 1077 1029 1106 tempora

243 1125 404 1152 diﬂ'eramus
419 1122 591 1157 Gregorium,
609 1121 702 1147 statim
728 1123 853 1146 occurret
875 1117 1030 1144 Constanti—

245 1178 297 1197 nus
315 1170 382 1204 Aug.
404 1167 549 1195 Justiniani
576 1171 661 1200 pater,
680 1165 823 1200 piissimus
838 1171 917 1195 vero,
941 1159 1031 1188 Eccle-

245 1216 346 1249 siazque
363 1215 432 1240 bono
449 1216 529 1239 natus
541 1229 548 1243 ,
564 1219 643 1246 quem
662 1211 839 1244 imperantem
857 1207 991 1235 coluerint
1004 1207 1030 1232 ct

198 1285 203 1289 ,
247 1260 368 1293 Sergius.
384 1263 411 1283 et
427 1256 584 1290 Gregorius.
609 1254 657 1280 llic
671 1255 753 1288 igitur
765 1252 962 1279 Constantinus
978 1250 1032 1284 pri-

247 1312 308 1331 mus
322 1303 444 1329 omnium
466 1300 550 1331 dedit.
571 1300 734 1333 donavitque
758 1298 788 1324 B.
807 1297 887 1324 Petro
907 1295 1031 1330 apostolo

246 1350 393 1377 dimidium
412 1347 518 1387 “opim,
548 1345 598 1372 hoc
623 1349 663 1372 est
695 1344 748 1370 τῶν
778 1343 938 1378 ὡρισμένων
963 1349 1028 1368 συν-

246 1395 357 1432 ηὓειῶν,
372 1395 428 1421 sive
440 1393 571 1421 Canouis,
583 1398 663 1426 quem
677 1393 881 1424 reprtesentaret
892 1388 1031 1414 Romanus

248 1442 379 1478 populus,
396 1439 467 1467 unde
483 1441 607 1472 sumptus
624 1437 779 1463 sufﬁcerent
791 1455 799 1467 ,
819 1434 897 1468 queis
912 1433 1032 1460 Ecclesia

247 1477 305 1515 erat
319 1495 398 1522 opus,
417 1493 470 1512 non
487 1491 566 1511 secus
602 1487 683 1516 atque
702 1480 800 1508 deinde
813 1479 984 1507 Justinianus
1002 1477 1031 1504 F.

247 1533 430 1568 Agrigentinus:
446 1529 589 1560 Ecclesia,
604 1535 658 1562 quo
676 1531 776 1554 noram
797 1530 824 1552 et
849 1525 990 1558 templum,
1007 1527 1033 1550 et

248 1563 368 1614 episcopi
389 1577 459 1603 aedes
480 1579 705 1605 exstruerentur,
731 1571 871 1599 dimidiam
893 1568 1032 1604 Agrigenti
1047 1563 1067 1590 C

248 1629 352 1659 partem
370 1622 454 1654 dedit,
471 1622 497 1647 in
521 1628 583 1654 qua,
602 1626 684 1653 super
701 1618 814 1650 tributa,
830 1624 890 1651 qnze
915 1614 1031 1650 populus

249 1670 386 1705 penderet,
401 1668 438 1694 nil
450 1667 558 1694 demum
580 1664 734 1698 intelligas,
765 1670 827 1689 nam
850 1662 942 1688 datum
964 1659 1032 1686 adeo

250 1715 412 1750 imperiijus
427 1712 560 1747 suspicari
577 1718 630 1738 non
651 1710 733 1741 licet,
755 1716 816 1735 cum
846 1715 898 1734 una
928 1706 1034 1733 eadem-

250 1770 303 1797 que
315 1761 412 1789 civitas
430 1759 536 1785 duobus
552 1764 647 1792 parere
659 1754 776 1783 dominis
787 1755 865 1789 plane
876 1757 1033 1779 monstruo-

250 1795 322 1837 sum,
333 1813 422 1840 neque
437 1804 538 1832 donum
552 1803 682 1829 donatum
698 1808 744 1826 seu
758 1800 889 1829 llomano,
902 1805 948 1824 seu
961 1795 1036 1830 Agri-

250 1852 361 1887 gentino
375 1851 515 1884 episcopo,
536 1848 582 1875 sed
594 1844 674 1874 Petro
685 1851 710 1873 ct
722 1845 787 1876 Deo,
805 1849 833 1870 ut
848 1842 975 1869 Ecclesite
989 1841 1036 1867 im-'

252 1898 343 1932 pensis
362 1896 552 1924 consuleretur
569 1902 576 1926 ;
597 1892 669 1928 quod
694 1891 793 1919 diserte
815 1890 841 1917 in
859 1887 1034 1924 Agrigentina

251 1944 397 1970 donatione
413 1940 595 1975 signiﬁcatum
607 1961 615 1972 ,
644 1946 731 1973 neque
748 1937 839 1964 secius
856 1936 889 1963 de
911 1935 1036 1962 Romana

252 1987 454 2014 uilirmaudum.
867 1983 872 1988 ·

287 2029 411 2069 ΧΧᾚΧ.
432 2041 520 2075 Atque
537 2040 580 2067 hic
594 2038 724 2074 gratulari
746 2038 812 2065 mihi
833 2037 913 2065 liceat
938 2038 1038 2064 littera-

253 2094 341 2115 torum
351 2087 466 2118 civitati,
479 2085 610 2121 singulari
619 2089 720 2111 ornata:
735 2084 864 2110 beneﬁcio
875 2084 909 2110 ab
924 2082 1037 2110 Leontio

254 2138 360 2164 ucstro,
377 2132 420 2158 cui
433 2131 526 2166 gratite
538 2138 571 2156 eo
589 2130 701 2156 nomine
718 2136 784 2156 sane
801 2136 883 2162 quatit
899 2129 975 2154 mira:
989 2129 1037 2154 ha-

254 2178 357 2205 bendae.
373 2178 479 2209 Quotus
495 2177 567 2203 cnitn
588 2175 704 2210 quisque
720 2179 770 2206 est,
780 2175 825 2209 qui
842 2175 954 2205 nesciat,
969 2182 1038 2209 quas

253 2224 368 2251 dividias
399 2222 526 2249 excitarit
549 2220 719 2249 Constantini
746 2220 816 2255 Aug.
837 2219 958 2251 donatio,
984 2227 1036 2253 qua

253 2274 333 2296 aucta
353 2268 439 2295 fertur
458 2268 582 2294 llomana
596 2265 734 2293 Ecclesia?
746 2265 814 2292 Sunt
830 2264 876 2299 qtti
896 2264 969 2290 illam
990 2264 1036 2298 hy-

255 2315 442 2351 pobolimaaam
460 2313 599 2349 sugillcnt,
616 2316 680 2339 sunt
695 2311 741 2346 qui
759 2316 788 2338 ιιι
803 2311 1037 2345 germanissimam

254 2359 426 2388 Constantini
439 2359 603 2393 scripturam
626 2358 825 2392 amplexcntur,
849 2360 913 2383 sunt
927 2355 973 2388 qui
989 2354 1038 2381 de.-

255 2409 395 2440 pra'tatum
413 2404 565 2439 legitimum
591 2411 658 2437 opus
683 2402 825 2434 dictitent,
850 2401 896 2428 sed
914 2400 963 2433 iis,
992 2399 1038 2433 qui

256 2450 420 2477 suhditivam
436 2450 510 2476 illam
525 2449 630 2481 volunt,
643 2447 764 2475 nondum
773 2452 940 2481 compertum
953 2453 1039 2480 ecquo

255 2505 271 2524 ε
286 2496 360 2524 fonte
380 2495 472 2523 fabula
485 2496 528 2522 illa
538 2496 666 2530 eruperit.
688 2494 806 2520 Tandem
819 2500 883 2520 vero
893 2493 1041 2527 aliquando

256 2543 343 2570 facem
362 2542 437 2569 hisee
453 2541 573 2568 tenebris
595 2541 759 2575 depellendis
777 2539 897 2574 przetulit
910 2538 1040 2565 Leontius

256 2591 349 2615 noster
370 2587 526 2614 testimonio
540 2606 547 2618 ,
574 2587 646 2621 quod
674 2593 742 2612 auro
769 2590 865 2612 contra
882 2584 1039 2618 pretiosius,

255 2632 385 2669 quodque
398 2631 500 2658 frustra
517 2631 665 2657 Caietanns
679 2630 816 2657 sollicitat.
835 2629 871 2655 Ex
892 2637 924 2655 eo
941 2628 1040 2654 intelli-

257 2678 357 2712 gimus,
368 2676 520 2703 Romanam
530 2675 678 2702 Ecclesiam
689 2683 703 2702 a
715 2675 893 2702 Constantino
903 2674 1041 2708 Pogonato

256 2725 384 2751 donatam
398 2723 510 2750 dimidio
527 2723 650 2754 canonis,
665 2729 745 2756 quem
768 2721 883 2756 populus
901 2720 1041 2746 liomauus

257 2770 284 2796 iu
303 2769 397 2796 ﬁscum
411 2769 565 2796 Ctesarcnm
583 2768 726 2795 inferebat.
740 2768 791 2794 Sed
804 2768 888 2799 cnitn,
898 2774 959 2793 eum
979 2772 1042 2792 tem-

257 2816 331 2849 poris
348 2824 474 2850 processu
489 2816 628 2843 Ctesarum
656 2815 776 2850 polentia
803 2815 828 2842 in
844 2815 931 2846 Italia,
959 2819 1042 2848 atque

258 2861 314 2896 ipsa
332 2862 396 2888 urbe
411 2862 569 2889 labefactata
585 2867 684 2893 rueret,
701 2870 752 2889 non
766 2860 1040 2895 mihitluhium,quin

1074 255 1130 281 rint
1145 263 1151 280 :
1165 262 1283 290 cumque
1299 259 1403 282 certum
1420 254 1485 282 illud
1498 275 1506 287 ,
1525 254 1736 283 Constantinum
1760 265 1855 292 quem-

1074 300 1136 327 dam
1150 301 1285 328 Caesarem
1299 300 1440 327 dimidiutn
1455 300 1549 328 Romae
1563 302 1718 336 apostolicae
1732 302 1861 332 Ecclesize

1074 346 1215 379 tribuisse,
1235 346 1297 373 inde
1311 346 1380 373 bella
1393 351 1499 380 arrepta
1515 347 1621 373 occasio
1631 355 1728 374 novam
1739 349 1856 376 cudendi

1074 391 1267 424 donationem,
1280 391 1359 426 cujus
1379 396 1475 418 auctor
1489 399 1542 418 non
1562 392 1760 420 Constantinus
1777 393 1862 429 Pogo-

1075 444 1168 470 natus,
1189 438 1234 465 sed
1251 436 1366 472 Magnus
1382 437 1587 472 perhiberetur,
1607 438 1708 473 quique
1723 446 1776 466 non
1793 447 1861 466 con-

1076 483 1251 510 suetudinum
1266 482 1422 514 dimidium,
1437 482 1463 509 in
1478 489 1533 516 quo
1544 482 1655 509 dimidia
1674 482 1757 510 Roma
1775 484 1861 519 signi-

1077 529 1167 560 ﬁcata,
1187 527 1302 560 dederit,
1321 527 1369 554 sed
1384 534 1492 555 omnem
1511 527 1591 562 plane
1612 528 1708 556 urbem
1724 536 1786 555 cum
1800 529 1863 563 jure

1076 574 1157 608 gladii
1175 582 1182 601 :
1199 581 1288 608 neque
1304 573 1418 600 Romam
1433 577 1547 605 tantum,
1565 573 1624 605 sed,
1641 578 1670 600 ut
1685 575 1864 609 magniﬁcen-

1075 620 1130 646 tior
1150 620 1263 646 donatio
1289 624 1451 654 appareret.
1481 619 1637 654 provincias
1666 627 1720 647 non
1750 628 1863 654 paucas.

1076 666 1176 700 quibus
1195 665 1246 693 alia
1269 666 1380 700 insuper
1406 665 1588 699 supplementi
1615 665 1675 692 loco
1698 665 1808 697 addita,
1836 670 1865 692 nt

1078 704 1193 739 Romani
1207 711 1343 746 pontiﬁcis
1359 711 1528 745 principatus
1543 711 1631 745 :equis
1654 711 1866 738 conditionibus

1078 758 1272 785 illustraretur.
1293 757 1383 789 Quare
1405 756 1437 783 ad
1459 760 1566 787 caetera.
1583 763 1644 790 qua:
1659 755 1864 783 Constantinia-

1077 809 1140 829 nam
1159 801 1302 837 proﬂigent
1316 801 1494 829 donationem
1509 800 1588 835 cujus
1602 807 1656 828 non
1670 808 1725 827 una
1741 805 1866 834 prostant

1078 848 1252 882 exemplaria,
1266 847 1454 874 testimonium
1465 845 1573 873 Leontii
1589 846 1712 877 accedat,
1725 846 1798 880 quod
1810 854 1864 872 non

1046 897 1067 924 Β
1081 893 1162 920 modo
1179 892 1407 927 impudentissimi
1424 892 1583 926 impostoris
1609 891 1732 919 fraudem
1753 891 1865 926 detegit,

1081 938 1128 965 sed
1143 945 1230 972 ecquo
1249 945 1264 964 e
1284 937 1388 964 semine
1406 942 1560 963 monstrum
1577 936 1643 964 illud
1661 941 1767 968 natum,
1792 938 1865 971 quo.l

1082 988 1121 1011 tot
1137 984 1235 1011 sarcula
1250 983 1285 1010 ob
1300 980 1394 1010 oculos
1410 983 1551 1010 hominum
1573 988 1708 1010 versatur.

1117 1028 1171 1055 XL.
1188 1029 1250 1056 Haec
1270 1036 1331 1055 cum
1350 1029 1385 1055 ita
1403 1029 1467 1059 sint,
1489 1027 1554 1062 quid
1567 1032 1661 1060 _rcstat
1683 1028 1812 1062 amplius.
1835 1032 1867 1054 ut

1081 1075 1159 1101 t-tl‘cta
1180 1074 1283 1101 viribus
1299 1074 1407 1101 dicatur
1429 1073 1550 1101 Caietaui
1567 1074 1660 1107 opinio
1683 1074 1717 1101 de
1737 1074 1866 1108 Gregorio

1081 1119 1320 1154 Agrigentinorum
1346 1119 1475 1154 episcopo
1499 1118 1656 1146 Justiniano
1683 1118 1692 1145 l
1718 1119 1866 1154 compare?

1082 1164 1147 1190 Tam
1165 1167 1247 1192 multa
1269 1173 1330 1191 cuin
1358 1165 1433 1192 illam
1463 1168 1631 1199 oppugnent,
1654 1169 1750 1191 contra
1774 1165 1866 1191 omnia

1081 1211 1240 1244 conspirent
1255 1210 1288 1236 ad
1303 1210 1507 1243 declarandum,
1526 1211 1610 1238 vitam
1624 1210 1785 1245 Gregorium
1802 1218 1866 1245 pro-

1081 1255 1192 1283 duxisse
1218 1256 1269 1282 sub
1286 1255 1444 1283 .lustiniano
1463 1255 1494 1287 ll,
1511 1255 1573 1290 quis
1597 1261 1650 1283 tam
1673 1257 1768 1283 insane
1785 1256 1865 1283 obﬁr-

1082 1307 1154 1329 mato
1170 1301 1207 1328 sit
1222 1302 1324 1334 animo,
1343 1301 1390 1336 qtti
1405 1301 1431 1328 in
1446 1302 1569 1336 Cajetani
1590 1302 1671 1329 verba
1690 1302 1867 1328 nihilominus

1079 1348 1172 1383 jnret?
1191 1348 1275 1375 Nemo
1293 1355 1363 1374 tmns
1378 1355 1410 1374 ex
1434 1348 1549 1375 vetustis
1567 1348 1746 1382 scriptoribus
1767 1347 1868 1382 Grego-

1082 1393 1154 1420 rittm
1181 1392 1214 1419 ad
1242 1391 1414 1419 Justinianil
1441 1397 1562 1427 tempora
1581 1393 1687 1427 rejecil,
1715 1392 1868 1427 Nicephoro

1083 1440 1194 1467 Callisto
1219 1444 1342 1474 excepto,
1361 1439 1408 1465 lih.
1427 1447 1492 1471 xvu,
1510 1447 1570 1474 cap.
1588 1439 1621 1465 27
1650 1439 1685 1472 Η,
1703 1439 1735 1466 E.
1753 1439 1787 1466 At
1806 1440 1867 1474 quis

1084 1487 1134 1514 iste
1145 1485 1336 1520 Nicephorus?
1350 1485 1446 1513 Sarculi
1461 1494 1504 1512 xiv
1520 1486 1646 1520 scriptor,
1664 1486 1710 1520 qui
1726 1490 1766 1512 tot
1778 1486 1868 1520 sphal-

1084 1537 1157 1559 mata
1175 1533 1312 1560 commisit
1327 1532 1353 1559 in
1381 1532 1578 1560 ecclesiasticis
1597 1532 1867 1563 rebus’enarrandis.

1084 1582 1114 1604 ut
1125 1578 1234 1604 nonnisi
1248 1585 1309 1604 cum
1327 1577 1405 1604 ttedio
1422 1577 1456 1604 ab
1476 1577 1652 1611 acrisjudicil
1670 1578 1735 1604 viris
1752 1578 1869 1612 ejuslii-

1082 1625 1165 1652 Storia
1188 1625 1303 1658 legatur.
1332 1624 1427 1651 Ausim
1445 1624 1525 1659 igitur
1544 1623 1719 1651 Leontianam
1737 1624 1817 1652 [idem
1843 1625 1868 1651 in

1082 1669 1230 1696 discrimen
1248 1677 1345 1696 vocare
1362 1674 1415 1696 tam
1430 1669 1535 1696 lubrico
1556 1670 1723 1701 testimonio,
1740 1670 1815 1704 quod
1833 1675 1870 1696 tot

1083 1715 1135 1741 alia
1156 1715 1330 1749 oppugnant?
1359 1714 1457 1741 Praeter
1482 1715 1664 1749 Epitomasten
1699 1715 1871 1750 Grcgoriaua:

1084 1762 1156 1794 vitae,
1174 1767 1200 1788 et
1225 1762 1403 1796 illeuolugium
1429 1762 1606 1794 Basilianum,
1621 1762 1656 1789 ab
1676 1762 1790 1789 Leontio
1808 1767 1871 1788 sunt
1917 1751 1920 1754 I

1086 1808 1199 1835 Simeon
1213 1804 1421 1842 Metapltrastes,
1445 1807 1625 1843 Menologium
1647 1807 1770 1834 Graecum
1788 1817 1802 1834 a
1819 1808 1870 1835 Gu'

1086 1853 1177 1880 lieltno
1206 1853 1304 1879 birlelo
1324 1853 1418 1880 Latine
1447 1861 1567 1884 versum,
1587 1853 1696 1880 Nicetes
1722 1854 1872 1880 monachus

1087 1897 1206 1930 Stttdita,
1227 1906 1296 1932 quos
1312 1903 1400 1925 tamen
1419 1898 1566 1925 Caietanus
1591 1899 1733 1925 sementim
1753 1907 1810 1926 suae
1824 1908 1873 1926 au-

1086 1949 1175 1971 ctores
1196 1944 1307 1971 laudare
1330 1951 1383 1971 non
1413 1949 1532 1971 veretur.
1560 1943 1684 1972 llreccine
1696 1944 1873 1980 εὐστομχῶς

1087 1989 1225 2021 feremus,
1261 1997 1295 2015 an
1329 1997 1391 2016 cum
1427 1989 1591 2016 Terentiano
1612 1990 1724 2018 Simone
1750 1992 1874 2018 dicamus

1088 2036 1126 2069 (in
1143 2035 1228 2061 Andr.
1243 2038 1296 2061 act.
1313 2042 1340 2066 ν,
1357 2042 1396 2062 sc.
1415 2035 1454 2069 5):

1192 2081 1238 2107 Ita
1254 2081 1405 2114 praedicat?
1420 2083 1549 2116 ingentem
1563 2082 1772 2117 conﬁdentiam!

1124 2127 1191 2154 XLI.
1210 2127 1408 2162 Metapltrastes
1422 2132 1476 2154 tam
1498 2128 1612 2162 liquido.
1638 2136 1719 2163 quam
1744 2129 1789 2156 lux
1807 2129 1874 2163 ipsa.

1089 2174 1219 2208 scripsit,
1259 2174 1416 2201 interfuisse
1449 2174 1609 2209 Gregorium
1645 2183 1748 2209 magme
1772 2177 1875 2211 synodo

1055 2220 1414 2260 DConstautinopolitante,
1442 2229 1503 2255 quae
1530 2222 1658 2248 convenit
1693 2222 1876 2249 Monothelitis

1090 2274 1156 2293 orco
1184 2267 1361 2299 devovcndis,
1383 2267 1556 2301 potissimum
1575 2275 1640 2294 vero
1663 2267 1744 2303 Cyro,
1770 2268 1875 2302 Sergio.

1088 2313 1203 2347 Pyrrho,
1213 2312 1298 2339 Paulo
1309 2312 1551 2339 Monotbelitarum
1563 2313 1708 2347 primipilis
1719 2321 1727 2346 ;
1740 2313 1877 2348 simulque

1088 2359 1172 2386 vitam
1186 2359 1275 2394 egisse
1290 2357 1446 2386 Justiniano
1465 2359 1534 2394 Aug.
1559 2359 1720 2393 imperante.
1734 2358 1808 2391 Quid
1827 2360 1877 2386 hoc

1089 2409 1140 2436 est,
1155 2405 1209 2432 nisi
1224 2405 1367 2433 nobiscum
1383 2406 1485 2432 sentire
1505 2405 1731 2440 Metaphrastem?
1746 2407 1793 2433 sed
1805 2407 1877 2433 enim

1091 2452 1166 2479 illum
1187 2457 1263 2479 ratus
1277 2451 1426 2486 Cajctanus
1442 2452 1475 2479 ad
1496 2460 1559 2480 suas
1575 2453 1721 2479 adductum
1740 2453 1773 2479 iri
1795 2454 1877 2479 ratio.

1091 2505 1150 2528 nes,
1169 2498 1250 2525 ntodo
1279 2498 1494 2525 contaminatam
1515 2498 1618 2525 diceret
1641 2499 1826 2526 narrationem
1847 2499 1878 2525 de

1090 2543 1195 2578 synodo
1235 2543 1366 2570 adversus
1403 2543 1601 2571 oMonothe‘litas
1640 2549 1746 2571 coacta.
1780 2543 1878 2579 Ecqua'

1091 2590 1216 2624 (malum)
1232 2590 1374 2617 calamitas
1389 2590 1450 2622 ista,
1477 2598 1530 2625 qua
1554 2590 1673 2617 etﬂictim
1688 2598 1801 2624 pressus
1817 2599 1878 2617 cum

1092 2634 1241 2666 Leontius,
1279 2639 1335 2660 tum
1352 2634 1568 2669 Metaphraslcs?
1598 2634 1750 2667 Corruptus
1773 2633 1878 2660 Leontii

1091 2679 1321 2711 Commentarius,
1359 2679 1406 2705 ubi
1433 2684 1610 2713 percensetur
1636 2678 1783 2713 Gregorius
1812 2680 1883 2706 inter

1093 2724 1233 2758 theologos
1255 2728 1409 2757 cooptatus,
1425 2725 1472 2758 qui
1499 2732 1606 2751 summo
1625 2723 1650 2750 in
1669 2730 1799 2750 eonsessu
1825 2723 1877 2750 Μυ-

1094 2769 1239 2796 nothelitas
1253 2770 1471 2804 proscribercnt;
1486 2771 1630 2805 depravata
1648 2770 1698 2796 hoc
1711 2770 1770 2803 ipsa
1784 2770 1808 2795 in
1823 2770 1880 2795 lm‘o

1094 2815 1216 2850 Gregorii
1244 2816 1298 2842 \‘ita
1315 2836 1321 2845 .
1361 2824 1442 2850 quant
1467 2817 1665 2850 Mctaplarastes
1695 2816 1878 2842 continuant.

1095 2861 1159 2888 Mira
1177 2869 1231 2897 res,
1248 2862 1290 2888 cui
1308 2870 1360 2888 non
1377 2862 1500 2895 credant,
1518 2862 1570 2889 nisi
1589 2862 1634 2896 (μί
1655 2862 1757 2888 fuerint
1772 2870 1787 2887 c
1803 2865 1881 2895 gente
