2041 3159
170 187 239 217 1225

854 186 1118 216 DISSERTATIO.

1030 145 1034 161 i

1725 186 1794 216 1226

167 241 284 268 ilriumi.
313 239 375 272 Sed,
402 244 428 266 nl
457 240 514 266 IITC
540 240 711 271 omittantur,
729 239 796 266 satis
821 248 955 275 superque
972 245 992 270 Α
1008 246 1109 271 noster,
1131 243 1175 275 qui
1192 241 1223 268 de
1242 242 1372 277 Gregorio
1388 242 1475 269 liena
1498 241 1612 277 appulsu
1626 241 1792 270 l‘anorntrm

168 289 247 314 docet
275 286 474 321 Metapltrastes
500 287 660 321 Gregorium
689 291 812 313 nostrutu
842 287 868 313 itt
895 295 955 313 eam

168 333 303 369 synodum
321 332 403 367 319
414 333 586 364 convenisse,
611 332 637 359 in
654 340 707 367 qua
731 340 774 360 res
788 337 849 359 arta
862 338 955 359 contra

170 379 361 407 Monotbelitas
378 387 384 405 :
400 387 463 406 nam
479 379 517 406 ait
536 379 570 406 ab
589 387 620 406 ea
638 379 759 407 abfuisse
778 388 839 406 cum
852 380 955 412 ltomw,

170 433 226 454 tum
241 427 375 454 Sardinia:
388 426 544 461 episcopos,
557 427 656 461 quippe
673 427 770 453 morbo
784 426 932 460 impliritos
950 435 956 453 :

170 478 199 501 et
213 473 366 500 Romanum
380 473 490 507 quidem
509 473 627 507 legatum
644 473 761 505 misisse,
776 473 820 507 qui
838 473 879 500 sui
898 481 958 508 per-

170 527 264 547 sonam
279 518 377 545 obiret.
393 516 456 544 Ilaec
472 525 525 544 nou
543 518 657 549 cadunt,
672 518 725 544 nisi
739 519 765 544 in
787 518 919 553 synodum
933 526 958 545 vt

170 564 387 596 meumeuicam;
409 571 471 590 natu
486 563 557 598 quod
579 571 594 589 v
614 563 719 596 attinet,
741 571 828 597 neque
843 563 922 598 legati
944 571 958 590 a

171 609 299 644 ponti‘ice
326 608 413 640 missi,
431 608 477 642 qui
503 608 606 642 synodo
629 611 787 642 prmessent,
803 615 891 642 neque
917 608 960 634 hic

172 655 267 682 Romm
285 653 454 682 consulebat.
475 654 521 680 Sed
543 653 600 687 ipsa
626 653 654 680 in
673 654 739 680 urbe
756 654 840 687 regia,
857 653 927 688 quod
945 661 960 680 a

172 700 250 730 nobis
263 701 491 727 demonstratum.
509 698 566 730 Otia
582 706 609 724 re
626 699 779 733 improbum
797 707 866 732 opus
881 700 961 726 desu-

171 745 219 772 dat
231 745 393 777 Caietauus,
419 752 481 770 cum
503 743 714 778 Metaphrastem
733 745 759 771 iit
776 750 872 779 partes
897 753 961 772 suas

172 791 334 826 protrahere
349 794 496 824 pertentat.
831 828 834 831 Ι

208 836 289 864 XLII.
306 836 400 870 Neque
415 835 560 863 candidius
572 834 656 862 fatum
668 839 807 870 expertus,
824 844 885 863 cum
897 844 962 871 sup-

173 882 261 916 petias
279 881 395 908 advocat
411 887 424 906 a
439 880 534 908 Graeco
547 879 700 915 Menologio
715 880 862 913 Sirletano,
878 889 893 909 e
908 890 961 917 quo

172 935 227 954 non
242 927 331 958 video,
344 926 408 961 quid
422 930 563 960 emungat,
575 926 646 960 quod
659 927 692 953 ad
712 935 789 954 suam
802 927 884 954 faciat
897 936 962 955 can-

174 980 244 998 sam.
267 971 304 998 Ex
322 979 354 999 eo
370 972 427 998 hac
447 972 553 1003 recitat,
570 980 630 1006 qme
653 973 757 1000 scilicet
782 973 911 1008 leguntur
929 973 962 1000 ad

173 1017 210 1042 '25
227 1016 387 1043 Novembris
402 1025 408 1042 :
422 1015 644 1043 Commemoratio
671 1018 756 1044 sancti
775 1017 894 1052 Gregorii
910 1019 963 1052 epi-

176 1063 247 1097 scopi
262 1062 436 1097 Agrigentini.
450 1063 500 1089 Hic
515 1062 566 1097 [uit
585 1063 632 1089 sub
650 1063 756 1097 imperio
769 1063 916 1091 Iustiniani
930 1073 964 1091 ea:

173 1110 240 1136 urbe
259 1109 412 1144 Agrigento,
434 1109 483 1143 piis
499 1114 576 1144 atque
591 1109 783 1144 hospitalitatis
812 1115 836 1137 et
854 1111 965 1138 eleetno-

177 1163 301 1191 synurum
323 1155 529 1182 studiosissimis
542 1156 696 1189 parentibus
712 1162 797 1182 ortus.
813 1158 899 1184 Annon
917 1166 963 1183 nu-

178 1208 218 1228 tus
238 1202 326 1227 decem
349 1205 374 1228 et
401 1205 459 1228 octo
487 1200 617 1228 desiderio
632 1202 774 1228 venerandi
793 1206 884 1229 sancta
907 1203 965 1229 loca

179 1247 393 1282 Hierosolymam
405 1248 494 1281 petiit,
514 1247 600 1283 ibique
623 1257 638 1274 a
653 1253 744 1274 sancto
766 1249 885 1275 Morario
905 1249 966 1275 dia-

172 1302 258 1321 conus
273 1294 361 1328 {nctus
379 1302 497 1321 reversus
511 1299 549 1321 est
563 1294 739 1329 Byzantium;
753 1301 841 1329 postea
855 1295 966 1322 Romam

178 1341 259 1373 venit,
287 1341 330 1367 ubi
352 1340 487 1375 episcopus
504 1342 690 1376 Agrigentinus
713 1347 817 1369 creatus
840 1347 888 1373 est,
916 1350 966 1377 quo

179 1394 285 1415 munere
300 1383 427 1420 praetore
443 1386 560 1421 functus,
578 1387 666 1413 multis
677 1387 754 1414 editis
766 1388 918 1421 miraculis,
939 1389 967 1415 in

179 1440 284 1459 summa
306 1436 435 1460 senectute
460 1433 582 1468 migravit
611 1434 645 1459 ad
670 1433 821 1461 Dominum.
848 1434 968 1463 Hoccine

181 1485 309 1513 magnum
331 1478 397 1505 iUud
413 1478 612 1510 testimottium,
634 1487 690 1514 quo
707 1484 848 1515 tantopere
870 1483 968 1516 gestiat

176 1523 348 1557 Cajetanus?
371 1530 440 1550 eone
467 1524 579 1550 nomine
602 1524 681 1552 obvio
706 1525 818 1559 dignum
844 1527 966 1554 habitum

979 916 998 943 B

173 1568 360 1603 .Menologium
377 1569 462 1602 aliud,
478 1569 571 1596 Basilii
587 1571 657 1605 Aug.
686 1571 788 1599 editum
804 1572 894 1606 jussu,
920 1574 964 1601 ubi
979 1579 1000 1609 (ζ

182 1614 306 1641 disertim
325 1613 428 1641 indicat
441 1615 542 1642 vixisse
566 1615 726 1650 Gregorium
743 1617 794 1644 sub
812 1617 967 1646 Justiniano

179 1657 382 1686 Rhinotntcto?
408 1659 519 1693 perinde
545 1667 610 1686 vero
635 1668 678 1693 ac,
707 1661 771 1695 quia
802 1661 967 1690 Sirletanum

182 1704 362 1738 Menologium
388 1705 571 1734 Iustinianum
599 1707 751 1734 nominavit
765 1707 849 1734 “nulla
867 1716 968 1744 cogno-

186 1750 271 1777 menti
290 1751 458 1783 accessione,
479 1751 583 1779 idcirco
600 1751 812 1786 confugiendum
827 1753 862 1780 ad
882 1753 969 1782 Justi-

177 1797 293 1823 Attianum
309 1796 331 1828 I,
345 1796 457 1824 excluso
469 1797 576 1832 penitus
590 1797 783 1826 Justinianoll.
801 1799 854 1827 Sed
868 1807 970 1835 cogno‘

181 1849 237 1873 sce,
255 1850 314 1876 qua!
329 1843 564 1876 comminiscatur,
584 1844 622 1870 uti
646 1852 736 1877 suam,
760 1853 873 1880 quoquo
888 1847 969 1874 modo

183 1887 278 1920 possit,
300 1888 461 1914 sententiam
487 1893 598 1916 tutetur.
624 1889 704 1917 Videt
719 1890 814 1918 eodem
831 1892 857 1918 in
884 1892 968 1920 Sit-le-

180 1937 247 1959 tano
271 1933 423 1971 Menologio
439 1934 473 1961 ad
491 1934 524 1962 19
543 1934 701 1963 Decembris
727 1937 892 1965 mentionem
910 1939 968 1965 tieti

183 1978 216 2004 «te
229 1983 326 2005 sancto
343 1979 474 2014 Gregorio
488 1979 678 2015 Agrigentino,
698 1986 780 2016 atque
795 1982 859 2010 ltinc
875 1983 970 2010 statuit

181 2024 252 2050 duos
270 2023 416 2058 Gregorius
438 2026 676 2060 Agrigentinorum
700 2028 853 2063 episcopos,
874 2023 968 2061 unum,

184 2069 236 2095 hoc
245 2074 287 2096 est
302 2068 495 2104 Leontianum,
509 2072 556 2106 qui
573 2072 670 2099 vixerit
687 2071 843 2101 Iustiniano
860 2073 867 2100 I
884 2074 969 2109 Aug.,

182 2114 263 2148 eique
285 2119 394 2149 arrogat
409 2116 540 2149 elogium,
562 2117 636 2151 quod
650 2118 683 2144 ad
706 2118 741 2145 23
757 2118 918 2146 Novembris
942 2120 967 2146 in

183 2159 319 2188 Sirletano
336 2160 489 2197 Menologio
507 2162 625 2197 legitur;
650 2164 766 2191 alterum
782 2164 930 2192 Iustiniani
947 2165 968 2193 ll

185 2212 268 2238 regno
282 2205 412 2239 vindicat,
425 2215 504 2241 quem
531 2208 688 2236 meminiSse
703 2210 772 2236 idem
788 2209 968 2244 Menologiuin

183 2256 260 2284 putat
280 2252 313 2278 ad
332 2253 364 2279 l9
385 2251 560 2287 Decembris;
587 2262 642 2289 quo
666 2255 825 2282 discrimine
849 2257 971 2290 neglecto

184 2295 285 2323 factum
314 2297 362 2329 ait,
382 2302 412 2324 ut
436 2298 520 2332 priori
539 2300 635 2333 partim
657 2302 788 2335 imputata
817 2302 882 2333 sint,
912 2309 972 2335 qua:

185 2341 268 2368 unius
282 2342 395 2369 secundi
415 2343 535 2378 propria.
552 2348 632 2378 atque
647 2352 679 2371 ex
701 2345 807 2372 duobus
825 2353 895 2372 unus
910 2353 972 2372 coa-

184 2387 267 2414 luerit
290 2387 448 2423 Gregorius.
473 2390 574 2424 Arguto
590 2390 668 2421 satis,
697 2392 744 2418 sed
774 2399 835 2418 vere
852 2391 928 2419 nihil.
943 2391 971 2418 Si

183 2432 364 2468 Menologium
380 2434 545 2462 Sirletanum
561 2436 592 2462 ad
610 2437 643 2463 l9
655 2436 813 2464 Decembris
829 2437 869 2464 vel
890 2437 971 2464 mini-

184 2486 259 2506 mum
274 2479 398 2506 innucret
410 2480 442 2507 de
452 2481 521 2515 ejus,
536 2489 616 2516 quem
633 2482 736 2515 laudat,
749 2482 871 2517 Gregorii
883 2488 970 2515 relate,

156 2558 158 2560 _
184 2529 256 2551 esset
283 2525 354 2552 unde
380 2526 459 2553 nobis
479 2528 682 2561 gratularentur
701 2528 734 2554 de
751 2532 892 2562 comperta
911 2528 971 2562 ejus

183 2568 309 2603 Gregorii
335 2574 426 2602 (etate,
446 2570 512 2605 quin
538 2575 627 2598 tamen
647 2571 827 2599 Leontiauum
853 2581 866 2599 a
882 2571 968 2599 Justi-

184 2613 261 2641 niani
281 2612 301 2640 II
316 2615 485 2648 temporibus
501 2615 713 2643 dimoveremus.
729 2616 825 2650 Porro,
841 2616 972 2652 Gregorio

184 2663 281 2685 nostro
296 2659 435 2693 pra-ivisse
451 2660 508 2687 sive
526 2669 621 2693 uuutn,
634 2651 696 2688 ’sive
711 2662 804 2695 plttrcs
826 2661 972 2696 Gregorios

184 2703 425 2737 Agrigentinorum
447 2704 547 2736 sidera,
577 2706 655 2732 docet
671 2714 732 2732 cuttt
753 2706 864 2733 historia
884 2711 972 2734 trans-

184 2748 295 2775 latimtis
312 2748 398 2776 beatae
412 2749 568 2784 Agrippina:
586 2751 620 2776 ab
638 2751 732 2777 eodem
748 2750 880 2785 Cajctauo
895 2752 972 2778 exiti-

185 2794 238 2821 l‘ila
255 2798 273 2821 t.
291 2794 301 2821 l
318 2795 440 2821 Vitarum
459 2795 507 2822 SS.
525 2795 690 2828 Siculorum,
707 2805 768 2832 quae
784 2798 861 2825 nobis
876 2805 974 2832 suppe-

185 2840 253 2867 ditat
276 2840 327 2867 sub
348 2840 500 2874 Valeriano,
518 2847 545 2869 et
559 2843 682 2870 Gallieno
697 2844 782 2879 Augg.
813 2843 973 2877 Gregorium

182 2885 329 2920 quemdam
340 2885 579 2920 Agrigentinorum
592 2888 656 2922 epist
667 2896 760 2922 opum,
774 2892 830 2915 tum
845 2888 974 2916 Leontius

385 2932 522 2963 PATROL.
539 2933 597 2964 Gn.
613 2933 751 2965 XCVIII.

987 2244 1008 2271 tt

1008 293 1070 311 cunt
1087 284 1177 312 Felice
1193 286 1331 321 episcopo,
1349 294 1363 313 a
1380 295 1434 322 quo
1457 287 1633 323 Agrigentino
1652 287 1677 313 in
1695 287 1794 314 throno

1009 330 1155 363 locaretur,
1176 331 1298 359 scribens
1324 333 1379 359 IIIBC
1403 333 1490 367 inquit
1508 342 1512 358 Ζ
1533 331 1620 367 Igitur
1642 333 1669 360 in
1687 335 1794 367 proprio

1008 376 1137 410 epist-apio
1159 382 1365 410 commorantur,
1390 378 1432 404 cui
1447 377 1478 404 tib
1494 383 1585 404 sancto
1600 377 1727 414 Gregorio
1748 388 1795 406 no-

1009 430 1066 447 men
1080 427 1146 455 erat,
1164 423 1233 456 quod
1244 427 1313 449 certe
1326 423 1389 449 olim
1405 423 1583 457 Agrigentiute
1597 419 1723 452 Ecclesia:
1738 424 1795 459 fue-

1010 472 1062 498 rat,
1078 466 1243 494 Libertinum
1260 468 1431 502 appellatum.
1447 468 1672 503 Agrigentinense
1687 469 1780 503 episcn

1010 513 1084 547 pium
1109 513 1236 540 Panormi
1264 514 1395 548 positum,
1423 514 1651 548 quemadmodum
1679 514 1794 542 Liberti-

1011 566 1075 584 num
1092 560 1176 585 antea
1186 558 1289 586 dictum
1314 567 1327 586 a
1347 559 1485 586 Libet-tino
1499 559 1626 593 episcopo
1642 559 1796 595 Agrigenti-

1011 611 1107 630 norum
1125 605 1224 637 primo,
1241 605 1275 630 ita
1292 604 1451 640 Gregoriaui
1475 613 1572 632 nomen
1591 605 1704 633 subinde
1718 613 1796 631 excc.

1011 650 1083 684 pisse
1098 657 1112 676 a
1130 649 1261 685 Gregorio
1280 651 1398 684 quodam
1419 651 1511 686 ejusce
1532 651 1652 679 civitatis
1669 651 1795 686 episcopo

1012 704 1064 721 non
1094 695 1230 722 immerito
1256 697 1386 730 aucupari
1414 697 1485 723 Πρω.
1511 696 1650 724 lluncciue
1676 696 1796 723 celebrat

1013 741 1177 768 Sirlrluuunt
1195 741 1375 775 Menologium
1394 741 1426 768 ad
1443 743 1474 769 19
1491 735 1658 774 Decembris,
1670 750 1703 769 an
1720 734 1809 768 illuur

1012 785 1044 812 de
1060 793 1114 820 quo
1130 785 1238 812 laudata
1250 786 1406 821 Agrippina‘
1424 786 1548 819 ltistmia,
1564 787 1585 814 si
1601 787 1710 821 quidem
1727 787 1797 813 alius

1013 831 1047 857 ab
1066 838 1110 863 eo,
1134 839 1214 865 quem
1235 831 1321 858 obiter
1339 832 1462 859 nominat
1489 831 1628 866 Leontius,
1652 840 1685 859 an
1713 832 1797 859 alium

1015 877 1151 911 quemvis,
1169 878 1248 905 modo
1269 885 1321 904 non
1341 883 1476 912 nostrum,
1497 880 1576 913 cujus
1596 879 1691 906 notitia
1714 879 1797 906 inter-

1013 923 1094 950 ierit?
1111 922 1225 958 Aflittgat
1239 924 1387 959 Cajelauus
1403 925 1454 951 sub
1469 924 1646 952 Iustiniano]
1664 929 1798 960 quotquot

1014 967 1284 1006 volueritGregorios
1301 969 1480 1005 Agrigentum:
1498 969 1623 998 Ecclesia:
1644 971 1754 1005 episeop
1773 979 1797 1003 s,

1013 1013 1078 1040 dum
1098 1013 1277 1041 Lcoutianum
1289 1022 1303 1041 a
1313 1013 1460 1041 Justinlaui
1472 1014 1493 1041 ll
1505 1020 1583 1042 aetate
1594 1023 1647 1042 non
1660 1015 1797 1044 sollicitet.

1014 1059 1036 1086 si
1057 1064 1158 1086 sartam
1176 1064 1274 1087 tectam
1299 1061 1363 1088 velit
1384 1061 1539 1089 Leontinus:
1563 1061 1687 1089 Ilistorhe
1707 1061 1796 1088 tidem.

1015 1107 1102 1140 Atque
1116 1106 1172 1133 htec
1186 1106 1274 1134 locum
1287 1107 1419 1140 obtinent,
1441 1108 1463 1134 si
1479 1108 1587 1143 quidem
1607 1108 1736 1143 Caietano
1751 1109 1798 1135 de-

1016 1161 1076 1180 mus
1090 1153 1261 1188 Gregorium,
1273 1154 1352 1188 cujus
1367 1155 1548 1189 Menoiogium
1565 1154 1656 1182 Sirleli
1677 1155 1800 1182 meminit

1015 1198 1048 1225 ad
1065 1199 1097 1226 19
1115 1198 1283 1232 Decembris,
1301 1201 1383 1227 alium
1400 1201 1433 1228 ab
1449 1209 1482 1227 eo
1499 1209 1569 1233 esse,
1597 1201 1676 1236 cujus
1691 1209 1734 1229 res
1753 1210 1800 1236 per

1015 1251 1122 1271 summa
1143 1245 1231 1278 capita
1244 1245 1281 1273 25
1292 1244 1455 1273 Novembris
1468 1253 1674 1280 pet-censentur.
1692 1247 1761 1280 Quid
1776 1248 1799 1274 si

1016 1296 1088 1316 unus
1116 1289 1242 1325 idemque
1269 1290 1370 1318 fuerit?
1395 1293 1502 1326 quoties
1527 1293 1553 1319 in
1578 1292 1738 1328 Mcnologiis
1751 1301 1800 1320 oc-

1017 1333 1103 1359 currit
1119 1341 1181 1361 cum
1198 1334 1312 1368 Grtncis,
1328 1340 1383 1362 tum
1405 1336 1519 1370 Latinis,
1534 1343 1562 1363 ut
1578 1337 1611 1364 de
1625 1345 1680 1365 uno
1697 1339 1800 1365 sancti-

1017 1379 1080 1406 tatis
1094 1378 1165 1407 fanta
1179 1380 1278 1407 illustri
1295 1381 1403 1409 homine
1415 1382 1456 1410 bis
1479 1387 1554 1410 terve
1568 1383 1596 1411 in
1610 1391 1684 1410 anno
1698 1383 1801 1411 mentio

1018 1425 1080 1452 liat?
1096 1425 1123 1452 Si
1135 1425 1293 1461 Gregorius,
1307 1428 1352 1462 qui
1367 1428 1536 1456 tantumdem
1551 1429 1686 1457 iudicatur
1703 1430 1736 1457 19
1753 1429 1802 1456 Dc-

1018 1471 1198 1504 cembrisrab
1217 1479 1250 1499 eo
1273 1472 1372 1506 diﬂ‘ert,
1389 1474 1467 1509 cujus
1493 1475 1548 1502 vita
1565 1476 1676 1510 praecise
1698 1475 1802 1503 descri-

1018 1517 1092 1545 bitur
1102 1517 1136 1545 25
1149 1517 1322 1551 Novembris,
1334 1528 1384 1547 cur
1399 1520 1544 1549 illaudatus
1556 1522 1711 1549 omittitur?
1722 1529 1802 1557 θροις

1020 1563 1093 1591 tebat
1119 1571 1184 1591 sane
1205 1567 1231 1591 et
1258 1565 1340 1600 hujus
1364 1573 1408 1593 res
1424 1570 1515 1601 gestas
1542 1566 1638 1594 leviter
1658 1568 1802 1603 attingere.

1019 1608 1192 1646 Quapropter
1208 1611 1230 1639 si
1249 1620 1281 1639 ne
1296 1619 1366 1639 unco
1396 1613 1505 1648 quidem
1524 1613 1626 1649 raptari
1646 1622 1729 1650 queat
1743 1614 1803 1642 Sir-

1020 1655 1139 1683 letanutn
1163 1656 1346 1692 Menologiutn
1373 1658 1538 1686 sustinenda!
1558 1659 1680 1694 Cajctaui
1703 1661 1804 1694 cans-tu

1019 1701 1041 1728 si
1058 1707 1084 1728 et
1101 1701 1191 1729 istltuc
1207 1701 1345 1730 Basiliano
1369 1704 1519 1736 recentius,
1545 1705 1650 1732 nullum
1667 1706 1741 1734 enim
1758 1707 1804 1733 illo

1020 1748 1170 1781 antiquius,
1189 1749 1251 1783 quis
1268 1753 1322 1776 tam
1348 1749 1482 1777 insubida:
1499 1753 1600 1778 mentis
1614 1752 1658 1784 sit,
1675 1753 1741 1787 quin
1764 1753 1805 1780 in~

1019 1793 1133 1829 telligat,
1149 1794 1244 1821 eadem
1272 1794 1438 1822 Sirletannm
1453 1795 1565 1828 dixisse,
1592 1801 1673 1831 atque
1692 1797 1806 1825 Basilia-

1020 1846 1085 1866 num
1112 1839 1306 1875 Menologium,
1335 1841 1503 1876 proindeque
1528 1848 1637 1869 nostras
1661 1843 1687 1870 in
1713 1849 1805 1879 partes

1021 1885 1121 1917 venire,
1142 1893 1156 1912 a
1175 1886 1312 1920 Cajetanis
1328 1887 1495 1914 abscedere?

1056 1930 1148 1958 XLlll.
1163 1930 1250 1958 Venio
1265 1932 1372 1959 laudent
1389 1932 1421 1960 ad
1441 1931 1574 1960 Nicctam.
1601 1934 1650 1961 Hic
1665 1935 1687 1961 si
1706 1935 1805 1962 immo-

1021 1983 1074 2008 rer,
1102 1976 1172 2003 male
1189 1980 1296 2011 tempus
1325 1977 1416 2006 ludam
1434 1985 1441 2003 :
1456 1984 1517 2004 cum
1546 1979 1618 2004 enim
1640 1978 1683 2005 ille
1709 1980 1806 2014 prodat

1022 2022 1080 2057 (lib.
1102 2022 1201 2049 Contra
1218 2022 1326 2050 Latinos
1343 2028 1361 2050 t.
1379 2022 1412 2049 V'l
1427 2022 1535 2059 Antiqq.
1551 2025 1612 2051 lect.
1631 2024 1712 2052 llcnr.
1725 2024 1806 2053 Cani-

1022 2068 1064 2103 sii)
1087 2068 1247 2103 Gregorium
1268 2069 1578 2104 Constantinopolitanae
1600 2071 1705 2106 synodo
1721 2072 1806 2098 intel—

1021 2113 1114 2145 fuisse.
1131 2114 1197 2148 imp.
1216 2114 1285 2141 Cass.
1304 2114 1486 2141 Constantino
1509 2115 1659 2150 Pogonato,
1677 2117 1804 2151 pontifn-n

1022 2167 1086 2187 vero
1100 2160 1217 2187 Maximo
1232 2162 1382 2196 Agathone,
1402 2169 1454 2189 non
1472 2169 1619 2196 possumus
1637 2163 1741 2190 meliori
1757 2164 1806 2190 ad-

1022 2205 1166 2233 vocatione
1179 2213 1271 2233 cattsre
1289 2211 1388 2234 nostra:
1409 2208 1472 2241 jura
1487 2208 1644 2236 defendere.
1661 2207 1806 2243 Gajetanus

1024 2259 1072 2285 pro
1094 2259 1122 2278 se
1141 2256 1257 2279 stantem
1275 2252 1382 2280 dictitat
1397 2252 1529 2286 Nicetam,
1546 2255 1609 2289 quia
1635 2255 1667 2282 de
1682 2263 1715 2283 eo
1731 2256 1807 2282 locn-

1024 2301 1080 2323 lum
1096 2297 1227 2332 Gregorio
1243 2303 1339 2331 certat,
1353 2299 1399 2333 qui
1423 2299 1493 2326 alius
1512 2300 1546 2328 ab
1573 2300 1735 2328 Leontiauo.
1756 2301 1806 2327 \'o~

1023 2350 1082 2369 rum
1103 2343 1242 2370 enimvero
1269 2343 1400 2371 Leontius
1425 2352 1480 2371 non
1505 2345 1587 2372 alium
1615 2345 1695 2373 nobis
1714 2345 1807 2373 laudat

1023 2387 1195 2423 Gregorium,
1213 2389 1265 2416 nisi
1289 2391 1335 2424 qui
1352 2389 1434 2416 vitam
1451 2391 1559 2417 duxerit
1587 2398 1695 2418 summo
1712 2392 1807 2419 huma-

1024 2441 1119 2460 narum
1134 2441 1224 2461 rerum
1249 2434 1371 2470 ltyzantii
1394 2436 1540 2470 praeposito
1557 2436 1740 2466 Constantino
1756 2438 1807 2466 Po-

1024 2484 1133 2513 gonato,
1157 2480 1270 2515 ejusque
1297 2480 1327 2508 Ρ,
1353 2480 1509 2509 Iustiniano
1525 2482 1548 2509 ll
1570 2484 1644 2517 regni
1669 2490 1806 2514 consorte.

1023 2533 1164 2552 sacrorum
1180 2533 1245 2553 vero
1264 2526 1356 2554 Romae
1372 2528 1492 2555 antistite
1508 2529 1668 2564 Agathone;
1687 2534 1716 2557 ut
1727 2530 1810 2564 ipsis-

1024 2571 1109 2599 simus
1126 2572 1160 2599 sit
1175 2572 1275 2600 Nicone
1295 2573 1453 2608 Gregorius,
1473 2579 1554 2609 atque
1574 2574 1692 2606 Leontii,
1721 2576 1808 2602 ltum--

1025 2624 1078 2649 que
1101 2617 1242 2651 duplicare
1264 2618 1341 2652 juxta
1366 2620 1412 2652 sit,
1429 2625 1510 2654 atque
1534 2628 1601 2647 ttova
1627 2620 1809 2648 intermundia

1025 2661 1168 2695 Epicureis
1184 2671 1321 2698 oggerere.
1340 2663 1392 2691 Sed
1412 2665 1520 2692 desinat
1539 2666 1686 2701 aliquando
1702 2666 1810 2701 Gajeta-

1026 2715 1078 2734 ltus
1090 2709 1219 2742 quoniam
1233 2710 1323 2744 gladio
1335 2710 1416 2745 320
1428 2711 1531 2746 nequit,
1545 2713 1665 2740 volsellis
1677 2720 1809 2748 pugnare,

1024 2755 1117 2780 conari
1132 2755 1238 2782 desinat
1254 2763 1382 2783 revocare
1403 2756 1562 2792 Gregorium
1587 2759 1619 2784 atl
1637 2757 1784 2787 Justiniaui
1802 2759 1809 2785 1

1025 2804 1142 2831 atatem,
1157 2801 1230 2835 quod
1251 2806 1359 2828 strenue
1373 2808 1511 2837 oppugnat
1534 2803 1674 2836 Leontius,
1697 2812 1711 2832 c
1728 2805 1809 2839 cujus

1025 2849 1234 2878 commentario,
1262 2848 1395 2882 quidquid
1423 2848 1456 2875 de
1485 2853 1560 2876 tanto
1582 2849 1710 2885 episcopo
1737 2851 1810 2881 novit

1026 2892 1183 2925 posteritas,
1197 2893 1268 2921 velut
1287 2901 1357 2930 aqua
1371 2902 1385 2922 e
1399 2894 1481 2928 fottte,
1495 2895 1655 2923 diutanavit.

1510 2939 1549 2971 39
