2041 3159
227 165 291 198 ῙΞίῙῙ

840 163 1013 195 ΑΝΟΝΥΜΙ
1034 162 1265 194 BECUCCIANI

1785 159 1850 191 1m

222 220 302 248 Patre
317 224 378 247 ante
394 218 491 247 omnia’
501 219 598 247 smeula
614 219 714 254 absque
731 223 826 251 matre,
845 219 904 247 sine
917 226 1012 246 corru-

1069 216 1108 244 ιοῦ
1123 216 1230 251 Πατρὸς
1248 215 1302 251 πρὸ
1316 215 1425 243 πάντων
1449 216 1502 242 τῶν
1518 215 1624 243 αίώνων
1640 214 1800 252 ἀρρεύστως
1809 216 1855 242 καὶ

223 266 315 302 ptione
339 270 420 300 atque
442 265 581 299 paSsione,
602 269 629 292 et
646 272 694 299 per
720 265 807 300 ipsum
834 264 925 292 omnia
943 263 1014 291 facta

223 317 296 340 sunt.
312 311 420 339 Ultimis
440 319 504 338 vero
528 312 692 346 temporibus
710 307 856 339 voluntate
872 310 972 342 Patris,
987 316 1015 338 et

226 357 416 389 cooperationc
450 356 568 392 Spiritus
592 357 677 384 sancti
705 356 844 384 descendit
871 355 956 383 Filius
983 359 1010 383 et

229 401 343 430 Verbum
362 401 419 435 Del,
440 407 466 429 et
491 403 645 429 incarnatus
666 407 706 430 est
724 411 756 429 ex
774 407 867 430 sancta
889 402 1012 437 Deipara,

227 455 385 481 semperque
397 447 500 482 virgine
512 445 606 479 Maria,
619 454 672 474 non
687 451 803 474 mutatus
816 447 841 474 in
857 447 1012 479 divinitate,

226 501 313 529 neque
323 494 469 521 ementitus
482 494 604 520 humana:
616 498 717 520 naturre
729 494 938 528 assumptionem
949 502 955 521 :
968 485 1014 520 sed

226 539 297 567 Deus
306 541 441 567 exsistens
454 539 599 574 perfectus,
613 539 701 566 factus
717 544 754 566 est
765 539 899 574 perfectus
911 539 991 566 homo
1005 558 1012 571 ,

226 586 414 614 intellectualis
427 591 454 613 et
468 587 603 612 animatus
617 594 624 619 ;
640 593 692 613 non
706 585 831 613 deferens
845 593 955 614 carnem
972 586 1012 621 (6)

221 640 240 660 e
255 632 343 665 coelo,
364 636 392 658 ut
419 631 492 665 impii
527 631 637 665 quidam
668 630 787 658 haeretici
821 630 983 658 dictitarunt
1005 650 1013 663 ,

225 686 312 713 neque
325 681 452 712 tanquam
465 685 511 712 per
521 677 612 703 tubum
625 677 718 704 exiens
729 684 762 703 ex
777 681 870 704 sancta
882 676 1014 712 Deipara;

226 725 272 752 sed
289 725 323 751 ab
345 724 503 751 intemerata
519 731 579 750 eam
609 723 711 757 acrcpit
726 723 850 758 Delpara,
871 728 898 750 et
910 731 941 750 ex
958 723 1015 758 ipsa

226 773 306 796 natus
330 773 372 796 est
397 775 509 794 servans
535 768 657 794 eamdem
689 767 826 802 Virginem
846 769 927 795 etiam
955 773 1017 804 post

225 818 342 850 partum,
370 814 463 840 matris
489 813 597 847 quidem
611 819 710 847 expers
737 819 828 846 antea,
846 819 923 848 patre
951 821 1016 842 vero

225 866 320 887 carens
335 863 425 893 postea
441 865 449 891 ;
468 857 539 884 unde
558 857 625 884 duas
639 858 726 893 ipsius
741 859 932 892 generatiOnes
945 866 1013 886 con-

1065 262 1189 294 ἁπαθῶς,
1206 262 1292 297 χωρὶς
1307 261 1421 297 μητρὸς,
1437 261 1483 288 καὶ
1498 261 1532 288 δι’
1548 261 1630 288 αὑτοῦ
1643 262 1677 288 τὰ
1693 261 1781 288 πάντα
1796 262 1856 295 ἐγέ-

1065 317 1134 335 νετο.
1153 308 1208 334 Καὶ
1227 309 1270 334 ἐπ’
1285 308 1409 342 ἐσχάτων
1432 307 1460 334 δὲ
1479 308 1534 334 τῶν
1555 308 1660 343 χρόνων
1681 308 1790 343 εὐδοκία
1809 307 1856 334 τοῦ

1065 353 1173 388 Harpe;
1190 354 1236 379 καὶ
1260 353 1407 388 συνεργείᾳ
1426 352 1472 379 τοῦ
1491 353 1571 387 ἁγίου
1584 352 1744 388 Πνεύματος
1755 352 1856 387 κατῆλ-

1065 400 1111 427 θεν
1129 401 1143 426 ὁ
1161 399 1225 431 Υἱὸς
1251 400 1297 425 καὶ
1324 399 1410 433 Λόγος
1431 399 1477 426 τοῦ
1500 398 1579 431 Θεοῦ,
1603 399 1650 426 καὶ
1667 399 1811 435 ὲσαρκὼθη
1825 400 1857 424 ὲκ

1064 447 1115 480 τῆς
1140 446 1221 480 ἁγίας
1249 444 1376 472 θεοτόκου
1394 445 1441 472 καὶ
1467 446 1510 472 ἀεὶ
1530 444 1668 481 Παρθένου
1688 446 1808 481 Μαρίας,
1825 445 1856 471 οὗ

1065 486 1180 528 τραπεὶς
1195 494 1227 527 τῇ
1245 492 1362 526 θεότητι,
1385 491 1446 517 οὐδὲ
1460 491 1600 526 φαντάσας
1614 491 1663 527 τὴν
1677 492 1834 527 οἰκονομίαν
1846 499 1855 506 ‘

1065 537 1132 564 ἀλλᾶ
1152 537 1218 568 Θεὸς
1233 536 1271 563 ὢν
1285 536 1397 569 τέλειος,
1411 536 1508 570 γέγονε
1523 536 1624 567 τέλειος
1639 536 1794 571 ἄνθρωπος,
1812 536 1856 562 ἓν·

1177 583 1223 609 καὶ
1251 582 1392 617 ἔμψυχος·
1414 583 1444 608 οὺ
1468 582 1642 617 κατενεγκὼν
1660 583 1709 618 τὴν
1725 583 1815 618 σάρκα
1829 583 1859 616 ἐξ

1065 628 1193 664 οὐρανοῦ,
1208 628 1245 660 ὡς
1259 629 1333 656 ἄθεοι
1354 628 1459 664 ἔφησαν
1472 637 1544 660 τινες
1556 629 1611 655 τῶν
1628 629 1776 663 αίρετικῶν
1787 651 1794 662 ,
1811 630 1859 656 καὶ

1065 674 1103 706 ὡς
1117 673 1161 700 διὰ
1184 673 1304 708 σωλῆνος
1327 673 1440 700 διελθὼν
1467 674 1521 701 ἀπὸ
1536 675 1585 710 τῆς
1607 675 1689 709 ἁγίας
1705 675 1857 702 Θεοτὼιῦυ*

1066 718 1135 745 ἀλλὰ
1164 718 1219 745 ἀπὸ
1244 718 1294 752 τῆς
1317 719 1451 754 ἀχρὰντου
1463 719 1599 746 Θεοτόκου
1614 719 1717 755 ταύτην
1733 720 1858 754 ἁνέλαῆε,

1066 763 1112 789 καὶ
1146 763 1280 798 ἐγεννήθη
1299 763 1328 795 ἐξ
1352 763 1447 798 αὐτῆς,
1461 764 1584 798 φυλάξας
1599 764 1704 800 ταύτην
1720 765 1859 800 Παρθένον

1066 808 1114 835 καὶ
1133 808 1202 844 μετὰ
1217 808 1356 843 γέννησιν,
1374 809 1491 845 ἀμήτωρ
1516 809 1565 842 μὲν
1583 809 1613 835 τὸ
1627 809 1772 845 πρότερον,
1785 811 1859 837 ἁττά-

1066 863 1123 890 τωρ
1136 854 1206 881 δὲτὸ
1228 854 1366 890 δεύτερον.
1383 854 1468 881 Ὅθεν
1488 855 1536 881 δύο
1549 855 1633 882 αὑτοῦ
1650 856 1699 888 τὰς
1718 857 1860 892 γεννήσεις

1066 591 1128 615 νους
1140 604 1147 616 ,

226 905 343 932 liteninr.
370 903 457 930 Unum
472 903 676 939 quoqueipsum
693 904 807 931 dicimus
824 903 907 932 Deum
921 908 948 931 et
966 905 1013 932 lto-

1069 899 1264 935 ΰμολογοῦμεν.
1278 899 1336 926 Ἵνα
1351 900 1398 926 καὶ
1413 900 1458 926 τὸν
1473 901 1555 927 αὐτόν
1569 909 1659 936 φαμεν
1674 901 1739 927 Θεὸν
1752 902 1798 928 καὶ
1811 903 1859 928 ἄνφ

225 951 336 982 minem,
364 957 416 976 non
433 953 523 976 autem
549 950 616 976 duas
640 949 760 984 ejusdem
776 957 838 977 esse
853 950 1013 986 hypostases

225 997 413 1032 praedicaturus,
437 994 508 1022 velut
527 995 625 1030 impius
645 995 750 1022 elfutire
767 1003 849 1023 ausus
859 1001 900 1023 est
917 995 1012 1029 Nesto-

227 1043 282 1070 rius
302 1050 362 1069 eum
376 1041 508 1073 asseclis;
524 1042 570 1069 sed
586 1049 666 1068 unam
695 1041 781 1076 ipsius
799 1043 914 1070 dicimus
929 1043 1014 1077 hypo-

223 1089 401 1116 etasinetiam
417 1087 713 1122 postinearnationem.
727 1087 828 1114 Sancta
845 1088 916 1115 enim
934 1088 1010 1123 ejus-

229 1136 288 1163 dem
305 1142 367 1162 caro
384 1135 409 1161 in
427 1134 509 1168 ipsius
531 1133 612 1160 Verbi
631 1132 677 1160 Dei
691 1133 814 1161 Subsistit
839 1134 977 1168 bypostasi
1003 1143 1011 1167 ;

226 1186 254 1209 et
274 1181 345 1207 hanc
357 1180 515 1216 hypostasin
540 1179 635 1206 habuit
650 1183 678 1206 et
694 1179 794 1211 habet;
809 1187 892 1214 quare
905 1181 1016 1207 eontite-

228 1235 290 1254 mur
304 1235 386 1254 untun
403 1231 430 1253 et
456 1226 545 1261 ipsum
563 1225 645 1252 Deum
660 1229 687 1252 et
708 1225 845 1252 hominem
872 1225 1015 1253 Dominum

229 1280 352 1302 nostrum
375 1272 465 1300 Jcsnm
485 1271 632 1299 Christum.
649 1271 709 1307 Ipse
728 1272 801 1299 enim
818 1276 859 1299 est
874 1280 978 1306 nngens
990 1278 1018 1300 et

229 1326 270 1348 est
287 1325 385 1347 unctus
402 1329 408 1347 :
422 1326 526 1354 ungeus
543 1319 662 1353 quidem,
681 1323 710 1346 ut
724 1318 794 1346 Deus
809 1327 817 1352 ;
837 1323 932 1346 unctus
943 1327 1016 1352 vero,

230 1372 258 1393 ut
275 1367 366 1393 immo.
391 1364 517 1392 Christus
537 1363 576 1399 (7)
591 1364 664 1392 enim
687 1369 798 1391 vocatus
813 1365 862 1391 luit
878 1365 904 1392 in
933 1366 1017 1392 altera

230 1412 347 1446 ejusdem
369 1410 551 1445 generatione,
566 1416 618 1436 non
632 1413 732 1441 autem,
747 1414 774 1437 ut
789 1409 944 1445 Origeniani
960 1409 1018 1438 dic-

231 1460 319 1489 titant,
343 1461 405 1484 ante
426 1456 534 1485 saecula.
560 1455 681 1483 Dicimus
692 1460 781 1482 autem
806 1460 834 1483 et
858 1455 1019 1484 confitemur

230 1512 292 1533 eunt
304 1504 436 1538 duplicent
451 1507 558 1534 natura,
571 1500 673 1528 scilicet
687 1500 840 1535 perfectum
861 1501 944 1528 Deum
959 1509 1019 1536 per-

230 1552 387 1585 fectumque
427 1547 765 1594 horninem“,passibilem
791 1547 898 1594 quidem
930 1549 1053 1594 quoadc

231 1596 437 1627 humanitatem,
459 1592 652 1627 impassibilem
675 1599 738 1619 vero
775 1592 863 1626 quoad
895 1592 1019 1620 divinita-

232 1648 284 1670 tem
299 1641 475 1676 ;esurivisse,
485 1643 512 1665 et
523 1637 651 1670 sitivisse,
663 1643 690 1665 et
698 1638 857 1671 comedisse,
870 1643 896 1665 et
906 1638 1018 1671 bibisse,

230 1694 258 1716 et
276 1688 424 1720 laborasse,
444 1691 471 1714 et
492 1685 652 1712 dormivisse
661 1688 757 1718 sponte
767 1687 794 1711 et
808 1684 957 1711 secundum
971 1691 1018 1710 na-

233 1739 300 1760 turtc
311 1732 583 1768 legerinEttanquam
597 1729 667 1757 Deus
683 1724 774 1757 divina
788 1729 851 1756 fecit
864 1733 892 1756 et
915 1728 1017 1764 glorio-

232 1787 280 1806 sa:
300 1785 397 1812 aquam
423 1776 542 1804 veriitin
568 1776 670 1808 vinum,
687 1774 781 1803 oculos
799 1782 871 1802 (εωεο
895 1775 1019 1810 npernit,

233 1829 353 1851 mortuos
370 1823 402 1850 ad
422 1823 503 1849 vitam
528 1821 665 1849 revocavit
681 1841 688 1854 ,
709 1821 790 1848 siccis
806 1821 920 1856 pedibus
932 1829 1016 1856 super

232 1878 308 1896 mare
318 1868 479 1900 ambulavit,
501 1872 527 1894 et
543 1873 652 1894 caetera.
669 1867 705 1895 Ut
719 1867 797 1894 homo
813 1874 877 1894 vero
902 1868 1020 1895 humana

233 1915 358 1950 patravit.
387 1915 458 1941 Duas
485 1921 552 1948 ergo
575 1913 726 1940 voluntates
753 1913 839 1947 ipsius
861 1913 1018 1945 statuimus,

233 1962 355 1995 duasque
381 1959 563 1995 operationes,
591 1959 710 1986 divinam
742 1964 821 1993 atque
849 1960 1019 1986 humanam:

233 2012 338 2035 etcum
371 2006 438 2033 duas
463 2005 582 2032 audieris
596 2005 623 2031 in
654 2003 767 2031 Domino
793 2004 947 2031 voluntates
962 2024 969 2035 ,
986 2011 1021 2030 ne

233 2052 373 2080 existimes
394 2057 454 2078 esse
481 2051 550 2077 inter
568 2057 597 2076 se
622 2055 773 2084 pugnantes
794 2057 826 2076 ae
849 2049 1020 2082 contrarias;

237 2103 328 2123 verum
357 2103 387 2122 ea
417 2095 509 2123 volens
529 2093 643 2121 faciebat
671 2095 790 2121 humana
818 2099 934 2126 natura,
961 2101 1021 2129 qua:

236 2143 323 2169 divina
343 2142 403 2176 ejus
417 2140 502 2168 voluit
523 2141 645 2167 voluntas
661 2149 668 2166 z
684 2147 853 2174 quzecunque
867 2141 937 2167 enim
952 2141 1022 2168 vole-

236 2188 291 2221 bat,
307 2191 420 2222 poterat,
437 2193 467 2213 ac
481 2185 597 2212 faciebat
609 2193 616 2218 ;
629 2193 682 2212 non
698 2186 769 2212 enim
790 2186 902 2213 alterius
915 2186 1020 2221 indige-

1065 945 1183 981 θρωπον.
1204 946 1241 972 Οὐ
1257 945 1303 972 δύο
1325 946 1354 973 δὲ
1376 946 1459 972 αὑτοῦ
1482 946 1598 982 λέγομεν
1617 947 1666 978 τὰς
1684 947 1858 980 ὐποστάσει-,

1064 993 1100 1025 ὡς
1117 994 1131 1020 ὁ
1148 993 1252 1028 ἀσεϐὴς
1268 993 1421 1029 ἐτόλμησεν
1438 994 1526 1021 είπείν
1543 994 1702 1030 Νεστόριος,
1718 995 1796 1025 καὶοί
1810 996 1858 1022 σὺν

1065 1039 1140 1075 αὐτῷ
1151 1048 1157 1055 ·
1173 1039 1240 1066 ἀλλὰ
1253 1040 1318 1075 μίαν
1335 1039 1419 1067 αὐτοῦ
1435 1039 1551 1075 λέγομεν
1572 1041 1622 1077 τὴν
1639 1041 1788 1068 ὑπόστασιν
1812 1042 1860 1069 καὶ

1067 1084 1137 1120 μετὰ
1149 1084 1299 1119 σάρκωσιν.
1315 1085 1347 1111 Ἦ
1357 1086 1410 1121 γὰρ
1418 1086 1485 1120 ἁγία
1495 1086 1578 1114 αὐτοῦ
1596 1086 1664 1124 σὰρξ
1685 1088 1713 1114 ἐν
1725 1089 1757 1123 τῇ
1776 1088 1860 1115 αὑτοῦ

1066 1130 1112 1157 τοῦ
1120 1131 1186 1157 Θεοῦ
1194 1131 1281 1165 Λόγου
1289 1131 1393 1167 ὑπέστη
1403 1132 1561 1166 ὑποστάσει,
1571 1134 1619 1160 καὶ
1629 1134 1731 1170 ταύτην
1741 1134 1803 1170 ἔσχε
1812 1135 1860 1161 καὶ

1066 1177 1123 1212 ἔχει
1137 1178 1286 1205 ὑπόστασιν
1299 1187 1306 1194 ·
1322 1178 1384 1205 ὃθεν
1401 1178 1587 1214 ὁμολογοῦμεν
1597 1179 1646 1206 ἕνα
1663 1181 1710 1207 καὶ
1721 1181 1768 1207 τὶν
1779 1181 1860 1207 αὑτὸν

1067 1222 1133 1250 Θεὸν
1142 1224 1189 1249 καὶ
1197 1223 1351 1259 ἄνθρωπον,
1361 1223 1406 1250 τὸν
1415 1224 1517 1260 Κύριον
1527 1225 1605 1261 ἡμῶν
1619 1225 1722 1261 Ἰησοῦν
1730 1227 1859 1261 Χριστόν.

1068 1271 1154 1302 Αὐτὸς
1167 1271 1222 1306 γάρ
1240 1272 1313 1299 ἐστιν
1325 1273 1339 1299 ὁ
1349 1272 1434 1308 χρίων
1449 1274 1496 1299 καὶ
1510 1274 1524 1299 ὁ
1537 1273 1698 1308 χριόμενος·
1711 1274 1796 1308 χρίων
1813 1276 1860 1308 μὲν

1066 1317 1104 1348 ὡς
1117 1317 1193 1348 Θεὸς,
1206 1318 1350 1354 χριόμενος
1365 1318 1393 1344 δὲ
1405 1318 1442 1350 ὡς
1456 1318 1613 1354 ἄνθρωπος.
1632 1319 1751 1354 Χριστὸς
1761 1319 1789 1346 δὲ
1800 1320 1861 1346 τότε

1068 1362 1170 1398 ἐκλήθη
1199 1364 1227 1390 ὲν
1246 1365 1279 1399 τῇ
1302 1364 1418 1400 δευτέρᾳ
1433 1364 1516 1391 αὑτοῦ
1538 1365 1675 1400 γεννήσει,
1697 1366 1743 1392 καὶ
1761 1366 1859 1401 auxili;

1075 1409 1275 1443 Ὢριγενιασταὶ
1306 1409 1427 1444 λέγουσι,
1445 1409 1498 1445 πρὸ
1522 1409 1577 1437 τῶν
1606 1410 1861 1446 αίὼνων.Λέγομεν

1068 1455 1096 1481 δὲ
1124 1456 1171 1482 καὶ
1195 1455 1384 1491 ὁμολογοῦμεν
1401 1456 1482 1484 αὑτὸν
1497 1456 1608 1484 διπλοῦν
1624 1458 1657 1492 τῇ
1685 1457 1777 1492 φύσει,
1794 1458 1861 1484 Θεὶν

1069 1500 1172 1527 τέλειον
1193 1502 1241 1528 καὶ
1264 1502 1407 1538 ἄνθρωπον
1424 1502 1543 1535 τέιλειον,
1561 1502 1682 1538 παθητὸν
1703 1503 1753 1538 μὲν
1767 1505 1800 1538 τῇ
1817 1504 1862 1529 αν-

1071 1545 1239 1581 θρωπότητι,
1257 1546 1352 1582 ἁπαθῆ
1367 1546 1396 1573 δὲ
1418 1548 1452 1582 τῇ
1466 1547 1574 1583 θεότητι
1586 1556 1594 1563 ·
1612 1548 1742 1575 πεινάσαι
1767 1557 1796 1575 τε
1814 1550 1861 1575 καὶ

1069 1590 1191 1626 ὁιψῆσαι,
1218 1592 1265 1618 καὶ
1287 1593 1396 1626 φαγεῖν,
1420 1593 1467 1619 καὶ
1492 1594 1576 1626 πιεῖν,
1590 1594 1638 1620 καὶ
1655 1594 1800 1630 κοπιάσαι,
1814 1595 1862 1622 καὶ

1070 1637 1193 1664 ὑπνῶσαι
1222 1638 1354 1670 ἑκουσίως
1376 1639 1424 1665 καὶ
1452 1639 1527 1674 νόμῳ
1553 1639 1671 1674 φύσεως.
1686 1640 1743 1667 Καὶ
1757 1640 1794 1672 ὡς
1811 1641 1861 1675 μὲν

1069 1683 1135 1715 Θεὸς
1148 1683 1267 1719 ἔπραττε
1281 1684 1315 1710 τὰ
1332 1684 1393 1711 θεῖα
1409 1685 1455 1711 καὶ
1466 1684 1571 1719 ἔνδοξα,
1582 1686 1612 1713 τὸ
1625 1686 1737 1722 ποιῆσαι
1747 1686 1777 1713 τὸ
1789 1686 1861 1721 ὕδωρ

1069 1727 1151 1762 οῐνον,
1167 1730 1214 1756 καὶ
1229 1729 1260 1756 τὸ
1267 1730 1434 1765 ὀμμτῶσαι
1448 1731 1560 1765 τυφλὸν,
1570 1732 1617 1758 καὶ
1634 1732 1788 1767 ἀναστῆσαι
1799 1734 1862 1764 τοὺς

1070 1776 1193 1810 νεκροὺς,
1210 1776 1258 1802 καὶ
1277 1775 1410 1808 πεζεῦσαι
1435 1776 1482 1804 ἐπὶ
1501 1777 1550 1813 τῆς
1569 1777 1707 1814 θαλάσσης
1732 1778 1860 1814 ἀὸρέχοις

1071 1822 1145 1854 ποσὶ,
1174 1823 1220 1848 καὶ
1247 1822 1281 1849 τὰ
1301 1822 1383 1850 λοιπά
1395 1830 1402 1837 ·
1419 1822 1457 1855 ὡς
1479 1823 1623 1859 ἄνθρωπος
1651 1825 1680 1851 δὲ
1695 1823 1814 1860 ἔπραττε
1826 1825 1862 1851 τὰ

1070 1866 1237 1901 ἀνθρώπινα.
1260 1867 1312 1894 Δύο
1334 1868 1362 1895 δὲ
1385 1867 1469 1894 αὐτοῦ
1488 1868 1637 1904 δοξάζομεν
1655 1869 1704 1901 τὰς
1723 1869 1860 1905 θελήσεις,

1071 1913 1119 1939 καὶ
1135 1913 1183 1945 τὰς
1199 1914 1354 1948 ἐνεργείας,
1367 1914 1442 1941 θείαν
1458 1914 1505 1941 καὶ
1515 1915 1701 1951 ἀνθρωπίνην.
1714 1915 1862 1951 Θελήματα

1071 1959 1098 1985 δὲ
1115 1958 1161 1984 δύο
1175 1958 1296 1990 ἀκούσας
1308 1959 1355 1986 ἐπὶ
1371 1959 1419 1986 τοῦ
1435 1960 1552 1996 Κυρίου,
1569 1961 1607 1996 μὴ
1626 1960 1779 1996 μαχόμενα,
1795 1961 1863 1995 μηδὲ

1071 2004 1266 2045 ἐναντιούμενα
1293 2004 1420 2041 ἀλλήλοις
1442 2006 1507 2032 νόει.
1532 2007 1612 2034 Ἀλλὰ
1642 2007 1728 2034 ταύτὰ
1749 2008 1864 2034 θέλουσα

1071 2049 1205 2085 ἔπραττεν
1230 2051 1246 2084 ὴ
1275 2050 1435 2086 ἀνθρωπίνη
1457 2051 1550 2085 φύσις,
1567 2051 1639 2087 ἅπερ
1663 2053 1680 2088 ὴ
1705 2053 1764 2080 θεία
1780 2053 1863 2080 αὑτοῦ

1072 2095 1152 2130 ἤθελε
1167 2094 1277 2130 θέλησις
1287 2103 1294 2112 ο
1313 2095 1362 2121 ὅσα
1374 2095 1427 2131 γὰρ
1442 2095 1549 2131 ἢθελεν,
1564 2097 1680 2131 ἠδύνατο
1695 2100 1742 2124 καὶ
1753 2098 1841 2124 ἐποίει
1854 2107 1862 2114 ·

1072 2140 1102 2166 οὐ
1118 2140 1172 2175 γὰρ
1199 2140 1288 2167 ἐδέετο
1312 2140 1416 2176 ἑτέρου.
1435 2141 1545 2168 Ἐτιαθε
1556 2141 1585 2168 δὲ
1598 2142 1740 2174 ἑκουσίως,
1757 2144 1862 2178 ἑφραγ-

1073 2186 1190 2222 γελώθη,
1209 2186 1374 2222 ὲνεπτύσθη.
1391 2187 1438 2214 καὶ
1454 2187 1614 2223 ἐσταυρώθη
1625 2208 1632 2218 ,
1650 2189 1783 2224 ὲκεντήθη
1800 2189 1863 2222 λόγ-

238 2234 293 2260 bat.
312 2233 414 2267 Sponte
430 2236 518 2259 autem
537 2238 632 2264 passus
652 2236 704 2263 est,
725 2231 886 2266 ﬂagellatus,
903 2239 1017 2267 conspu-

1073 2240 1107 2268 χῃ
1120 2232 1169 2268 τὴν
1199 2232 1332 2268 πλευρὰν,
1348 2233 1472 2267 ἐπήγασὲ
1497 2241 1526 2259 τε
1556 2233 1586 2265 ἐξ
1608 2233 1694 2268 αὐτῆς
1723 2230 1792 2269 αἷμα
1817 2233 1864 2261 καὶ

237 2284 280 2307 tus
297 2283 324 2306 et
343 2278 499 2309 cruciﬁxus,
516 2277 609 2304 lancea
627 2278 653 2304 in
670 2277 753 2305 latere
768 2277 933 2311 vulneratus,
947 2279 1019 2305 unde

233 2325 345 2361 sanguis
357 2330 383 2351 et
399 2332 468 2359 aqua
481 2324 575 2353 exivit.
593 2324 688 2351 salutis
704 2324 884 2357 conciliatrix,
904 2330 930 2351 et
947 2325 1020 2352 velut

235 2373 316 2398 homo
336 2374 461 2397 mortuus
469 2374 519 2397 est.
536 2368 650 2397 UtDeus
665 2376 729 2396 vero
741 2370 860 2397 surrexit
875 2378 922 2396 sua
935 2371 1020 2405 ipsius

233 2417 381 2448 voluntate,
398 2416 531 2448 excitans,
555 2415 602 2450 qui
614 2423 630 2446 θ
653 2415 751 2443 saeculo
767 2416 951 2447 dormierunt,
966 2424 1019 2443 nctt

234 2468 350 2493 omnes,
383 2461 429 2488 sed
460 2460 565 2495 dignos.
589 2458 776 2494 Quadraginta
803 2463 893 2486 autent
925 2460 1020 2488 diebus

234 2515 287 2536 una
307 2511 482 2535 conversatus
504 2511 546 2535 est
572 2513 633 2534 eum
659 2505 761 2534 sanctis
794 2505 933 2540 discipulis
964 2506 1021 2533 suis

232 2561 292 2589 post
329 2553 573 2584 resurrectionem,
598 2558 625 2580 et
638 2558 803 2579 convescens
821 2559 882 2579 ettm
912 2552 952 2579 eis
979 2559 1021 2579 as-

231 2605 356 2635 sumptus
373 2604 413 2627 est
427 2599 454 2626 in
468 2599 567 2626 coelum
586 2606 637 2625 una
653 2606 713 2625 eum
743 2597 918 2625 immaculato
933 2605 982 2625 suo
996 2603 1021 2625 et

233 2647 356 2681 principe
403 2645 552 2672 viventium
590 2651 723 2678 corpore,
767 2644 920 2671 videntibus
961 2652 1021 2671 san-

232 2693 283 2719 etis
322 2692 405 2726 ipsius
440 2690 590 2725 discipulis.
619 2689 762 2717 Credimus
795 2697 858 2716 vero
896 2690 1019 2716 euuuh-tu

232 2745 326 2765 rursus
342 2743 486 2764 venturum
510 2745 570 2764 cum
595 2735 796 2770 incomparabili
812 2735 908 2770 gloria,
931 2740 957 2760 nt
975 2736 1019 2769 ju-

271 2815 309 2849 (6)
325 2817 360 2844 De
379 2818 429 2844 hoc
442 2824 537 2843 errore
554 2816 688 2843 Valentini
707 2816 766 2840 \iiit!
782 2815 820 2840 εἰς
844 2814 929 2848 Epiph
954 2814 1019 2840 lucr.

233 2850 264 2878 51
282 2857 308 2877 et
326 2852 482 2879 linntast'cn.

268 2886 308 2922 (7)
329 2888 367 2914 Ex
379 2886 548 2915 Damasceno
564 2888 610 2915 lib.
628 2895 652 2914 ιγ
680 2886 789 2914 Orthod.
808 2886 1016 2920 [itlei,:cap‘-6,

1073 2277 1156 2313 ὕδωρ,
1171 2278 1310 2312 σωτηρίας
1321 2277 1463 2313 πρόξενον,
1478 2278 1525 2304 καὶ
1540 2279 1686 2311 ἀπέθανεν,
1703 2279 1740 2310 ὼς
1756 2278 1862 2315 ἄνθρω-

1073 2331 1132 2355 πος.
1154 2323 1196 2354 Ὠς
1212 2323 1239 2349 δὲ
1272 2323 1338 2355 Θεὸς
1363 2323 1463 2359 ἀνέστη
1487 2323 1689 2356 αὐτεξουσίως,
1708 2325 1863 2360 ἀναστήσας

1605 2370 1636 2396 οὺ
1663 2370 1778 2403 πάντας,
1795 2370 1864 2397 ἀλλὰ

1073 2415 1135 2446 τοὺς
1151 2414 1253 2447 ἀξίους.
1276 2415 1339 2441 Ἐπὶ
1362 2414 1480 2450 ἡμέραις
1496 2414 1524 2441 δὲ
1548 2416 1753 2451 τεσσαράκοντα
1767 2424 1863 2442 συναν-

1073 2459 1194 2495 εστρὰφη
1220 2460 1276 2491 τοῖς
1302 2459 1391 2494 ἁγίοις
1404 2459 1486 2486 αὐτοῦ
1505 2460 1650 2495 μαθηταῖς,
1673 2461 1746 2495 μετὰ
1763 2462 1814 2495 τὴν
1832 2462 1864 2488 ὲκ

1073 2506 1177 2542 νεκρῶν
1187 2506 1268 2533 αὑτοῦ
1280 2506 1438 2539 ἀνάστασιν,
1454 2506 1682 2541 συναυλιζόμενος
1696 2508 1799 2540 αὐτοῖς,
1817 2509 1864 2534 καὶ

1074 2552 1213 2587 ἀνελήφθη
1228 2553 1266 2584 εὶς
1282 2552 1415 2588 οὐρανοὺς
1430 2552 1499 2588 μετὰ
1510 2552 1558 2579 τοῦ
1570 2553 1706 2588 ἁχράντου
1720 2554 1766 2580 καὶ
1778 2553 1864 2588 ζωαρι

1076 2598 1154 2633 χικοῦ
1178 2597 1260 2625 αὑτοῦ
1290 2597 1434 2633 σώματος,
1449 2597 1579 2634 ὁρώντων
1603 2598 1658 2625 τῶν
1679 2599 1765 2632 ἁγίων
1781 2598 1863 2625 αὑτοῦ

1078 2643 1215 2678 μαθητῶν.
1247 2642 1415 2675 Πιστεὺομεν
1439 2642 1466 2668 δὲ
1490 2642 1572 2668 πάλιν
1596 2642 1683 2668 ἐλθεῖν
1696 2642 1778 2668 αὐτὸν
1795 2641 1865 2677 μετὰ

1075 2689 1153 2725 δόξης
1167 2689 1333 2724 ἀσυγχρίτου
1360 2689 1452 2721 κρῖναι
1468 2688 1573 2720 πάντας
1587 2688 1624 2719 ὡς
1645 2688 1722 2723 Θεὸς,
1738 2688 1785 2715 καὶ
1799 2689 1864 2714 ἀπο-

1071 2369 1136 2400 τοὺς
1161 2369 1209 2395 ἀπ’
1224 2369 1321 2400 αἰῶνος
1347 2369 1584 2404 κεκοιμημένους,

1078 2736 1170 2762 δοῦναι
1183 2736 1290 2771 ἑκάστῳ
1306 2735 1378 2762 κατὰ
1399 2737 1433 2762 τὰ
1451 2734 1519 2770 ἔργα
1537 2735 1633 2761 αὐτοῦ.
1652 2734 1864 2768 Ιίροσκυνοῦμεν

1075 2822 1100 2848 p.
1121 2814 1182 2841 583.
1196 2814 1313 2841 Consule
1331 2812 1474 2840 Sniecrutn
1486 2814 1512 2839 in
1526 2812 1590 2840 Lex.
1603 2821 1675 2841 \‘ers.
1687 2813 1814 2847 Χριστός.
1833 2812 1866 2839 Et

1075 2849 1204 2912 ξιρῖὶίίιιιη
1223 2849 1270 2877 lib.
1287 2857 1300 2876 v
1321 2849 1422 2876 Contra
1448 2848 1620 2882 Eunomium,
1654 2854 1720 2876 lout.
1748 2849 1781 2881 ll,
1800 2856 1862 2884 pag.
