2041 3159
128 187 196 220 121'.)
225 186 228 188 ⁷

499 190 628 221 SERMO
645 191 660 221 Ϊ
678 189 720 220 ΙΝ
750 190 1170 222 TRANSFIGURATIONEM
1190 193 1224 222 D.
1239 193 1274 223 Ν.
1295 193 1331 237 Ιχ
1343 193 1376 225 C.

1699 195 1710 228 1
1717 197 1768 229 27.0

130 246 244 281 ὲύναμιν
260 245 410 281 ἐσχηκότας
431 256 439 272 ι
461 247 525 279 τοὺς
547 247 673 282 μαϐητὰς
687 267 693 278 .
708 247 782 279 εἰκὸς
802 245 835 283 ἦν
854 248 913 282 τάχε

975 254 1022 281 par
1041 247 1111 275 forte
1133 252 1192 275 erat
1209 253 1236 274 ut
1252 249 1334 275 etiam
1354 249 1457 284 aliquid
1477 249 1604 278 humana:
1620 252 1770 279 imbecilli-

131 300 180 319 που
197 292 243 318 καὶ
261 291 448 327 ἀνθρωπίναις
468 295 629 328 περιπεσεῖν
640 293 796 325 ἀσθενείαις
810 302 817 309 ·
835 293 882 320 καί
896 302 921 319 τι

129 337 249 365 τοιοῦτον
263 338 324 365 καθ’
337 339 453 370 ἑαυτοὺς
469 340 662 375 ὲννενοηκότας
678 341 775 367 εἰπεῖν.
796 341 857 372 Πῶς
872 341 922 376 ἀρ-

130 385 242 420 νήσεται
267 393 309 417 τις
341 386 454 412 ἑαυτόν·
471 386 489 421 ἢ
507 387 566 418 πῶς
590 387 726 420 ἀπολέσας
745 387 794 423 τὴν
821 388 920 414 ἑαυτοῦ

130 431 229 466 ψυχὴν,
245 431 355 466 εὑρήσει
385 432 467 458 πάλιν
487 433 574 469 αὑτήν
590 442 596 465 ;
613 433 645 459 Τί
660 433 689 460 δὲ
703 434 760 465 τοῖς
774 434 853 460 τοῦτο
867 442 920 461 πα-

131 476 209 503 θοῦσι
222 476 251 502 τὸ
266 477 426 504 ίσοσταλοῦν
451 478 528 505 ἔσται
544 479 667 515 χάρισμα
681 488 688 512 ;
704 480 747 506 ἵνα
762 479 852 506 τοίνυν
866 479 922 506 τῶν

129 522 260 548 τοιούτων
276 522 374 555 αὐτοὺς
390 524 534 561 ἀποστήσῃ
559 526 606 552 καὶ
626 525 763 560 λογισμῶν
776 526 821 552 καὶ
836 526 922 561 ῥημά-

129 575 199 595 τωνι
212 569 259 596 καὶ
270 566 326 595 οἷον
356 572 564 606 μεταχαλκεύσῃ
587 572 656 607 πρὸς
682 572 839 608 εὐανδρείαν
850 593 857 606 ,
871 573 921 607 τῆς

124 614 316 651 ¹δοθησομένης
336 616 427 648 αὐτοῖς
452 617 578 650 εὐκλείας
608 618 757 652 ἐπιθυμίαν
780 619 918 645 ὲντεκών·

127 669 142 685 -ι
160 660 240 693 Λέγω
252 660 326 695 ὑμῖν,
341 661 433 696 φησὶν,
454 661 507 688 εἰσί
532 671 603 694 τινες
618 665 673 690 τῶν
691 660 741 690 ὧδε
755 664 919 698 ἑστηκότων,

129 707 155 732 οῖ
171 714 243 735 τινες
255 706 279 732 οι
297 707 333 741 μὴ
350 707 494 740 γεὺσονται
515 708 631 735 θανάτου
642 730 649 742 ,
663 709 716 741 ἓως
737 710 770 736 ἂν
785 710 859 737 ἴδωσι
872 711 920 745 τὴν

124 751 269 786 ’βασιλείαν
288 751 336 778 τοῦ
353 751 432 780 Θεοῦ.
456 762 466 779 ι
485 753 560 789 Ἀρά
577 762 608 787 γε
629 755 669 786 είς
682 755 809 782 τοσοῦτον
828 756 919 788 αὐτοῖς

128 797 323 833 ὲκταθήσεται,
339 799 418 833 φησὶ,
448 798 478 825 τὸ
493 800 543 834 τῆς
568 799 643 834 ζωῆς
659 801 769 836 μέτρον,
787 801 858 828 ὥστε
873 802 920 828 καὶ

128 845 171 875 εἰς
183 844 306 875 ἐκείνους
321 844 425 878 φθάσαι
436 846 499 877 τοὺς
517 846 638 881 χρόνους,
654 847 715 873 καθ’
732 847 777 879 οὓς
797 847 843 874 ἐπὶ
859 855 921 874 συν-

123 890 220 925 τελείᾳ
237 889 292 916 τῶν
306 890 413 918 αἰώνων
428 891 458 923 ἐξ
472 891 588 926 οὐρανοῦ
610 893 759 926 κατελθὼν,
777 894 918 920 ἀποκατα-

130 935 224 970 στήσει
239 937 295 968 τοῖς
313 937 412 970 ἁγίοις,
429 937 478 972 τὴν
491 938 700 974 ἡτοιμασμένην
721 940 814 971 αὐτοῖς
839 940 916 975 βασι-

126 981 202 1007 λείαν
215 991 222 1015 ;
239 982 296 1008 ἀλλ’
311 980 345 1017 ἦν
361 983 410 1017 μὲν
425 983 472 1010 καὶ
486 983 566 1010 τοῦτο
579 985 690 1018 ἐφικτὸν
715 985 790 1021 αὐτῷ
803 994 810 1001 '
827 986 916 1013 πάντα

126 1026 181 1062 γὰρ
194 1026 317 1059 δύναται,
335 1028 382 1054 καὶ
404 1029 486 1055 ὀὐδὲν
510 1029 682 1065 ἀμήχανονῆ
709 1031 838 1066 ἀνήνυτον
859 1034 916 1064 τοῖς

125 1072 210 1099 αὐτοῦ
224 1072 469 1105 πανσθενεστάτοις
489 1075 616 1109 νεύμασι.
643 1075 786 1103 Βασιλείαν
801 1077 830 1103 δὲ
846 1077 914 1104 Θεοῦ

127 1126 209 1153 φησιν
234 1118 320 1153 αὐτὴν
348 1119 398 1154 τὴν
423 1118 488 1146 θέαν
514 1120 566 1160 τῆς
587 1120 677 1156 δόξης,
691 1122 720 1147 ὲν
771 1123 817 1149 καὶ
834 1123 914 1156 αὐτὸς

122 1164 276 1199 ὀφθήσεται
291 1164 351 1191 κατ’
363 1166 452 1192 ἐκεῖνο
469 1165 578 1201 καιροῦ,
604 1167 665 1193 καθ’
681 1167 710 1194 ὃν
726 1167 757 1194 ἂν
771 1169 914 1205 ἐπιλάμψῃ

125 1210 183 1240 τοῖς
196 1209 242 1235 ἐπὶ
255 1209 304 1243 τῆς
319 1209 371 1244 γῆς
383 1218 390 1225 ·
406 1219 415 1236 ι
432 1210 513 1242 Ἥξει
528 1211 581 1246 γὰρ
597 1211 626 1238 ἐν
643 1212 705 1247 δόξῃ
721 1213 768 1239 τοῦ
786 1214 854 1240 Θεοῦ
867 1215 914 1241 καὶ

125 1255 318 1289 Πατρός-,καὶ
333 1255 383 1282 οὐκ
405 1256 433 1282 ἄν
456 1265 487 1290 γε
517 1257 616 1291 μᾶλλον
640 1260 862 1295 σμικροπρεπείᾳ
879 1261 912 1296 τῇ

123 1301 186 1327 καθ’
199 1302 282 1336 ἡμᾶς.
303 1302 365 1334 Πῶς
380 1300 426 1328 οὖν
439 1302 493 1337 ἄρα
509 1301 629 1338 θεωροὺς
641 1304 726 1330 ἐποίει
741 1304 788 1330 τοῦ
805 1305 913 1339 Θαύμα-

123 1355 169 1377 τος
191 1348 253 1378 τοὺς
286 1347 418 1379 λαϐόντας
443 1349 492 1383 τὴν
515 1348 683 1384 ὑπόσχεσιν;
701 1360 710 1375 t
734 1351 854 1377 Ἀνεισιν
873 1352 912 1383 είς

123 1393 154 1419 τὸ
169 1393 231 1427 ὅιρος
248 1402 257 1419 ι
275 1395 350 1428 τρεῖς
375 1394 423 1420 ἀπ’
438 1394 528 1420 αὐτῶν
547 1395 610 1426 τοὺς
636 1395 796 1428 ἐπιλέκτους
820 1396 889 1432 ἔχων
902 1404 910 1412 ⁸

122 1437 182 1465 εἶτα
212 1439 429 1479 μταπλάττεται
455 1441 525 1476 πρὸς
548 1440 686 1477 ἐξαίρετόν
706 1450 766 1469 τινα
785 1444 832 1468 καὶ
851 1443 911 1469 Θεο-

123 1487 216 1521 πρεπῆ
235 1486 416 1522 λαμπρότητα
427 1495 434 1502 ·
448 1487 519 1514 ὥστε
534 1488 581 1514 καὶ
593 1488 639 1515 τὸν
656 1489 801 1525 ἱματισμὸν
817 1491 909 1522 αὐτοῦ,

122 1533 155 1566 τῇ
164 1531 210 1557 τοῦ
222 1533 311 1567 φωτὸς
320 1533 456 1568 προσϐολῇ
463 1533 618 1569 διαλάμψαι
626 1534 713 1562 δοκεῖν
723 1544 730 1550 '
742 1535 801 1563 εἶτα
810 1547 818 1562 ι
831 1538 911 1564 Μωῦ-

975 293 1038 320 tatis
1064 293 1246 325 incurrerent,
1273 300 1354 329 atque
1380 294 1515 329 ejusmodi
1547 297 1685 331 quidpiam
1716 299 1766 331 ipsi

972 339 1043 372 ειμι]
1068 347 1097 366 se
1123 340 1287 374 cogitantes,
1313 340 1447 367 dicerent.
1470 341 1530 374 Quo
1551 349 1581 369 se
1605 343 1686 370 modo
1703 345 1765 378 quis

972 385 1166 419 abuegavcrit?
1189 385 1244 412 Aut
1273 386 1411 420 quomodo
1438 388 1559 414 animam
1590 396 1668 415 suam
1699 397 1764 423 per-

972 430 1074 463 dendo,
1089 431 1188 458 iterum
1202 438 1261 458 eam
1276 432 1439 459 inventurus
1451 433 1512 460 est?
1523 433 1592 466 Quid
1605 441 1669 460 vero
1680 434 1764 461 hocce

972 477 1080 511 passis,
1111 477 1226 512 aequalis
1255 477 1289 504 ad
1314 479 1456 512 praemium
1483 479 1535 506 erit
1561 481 1700 508 muneris?
1729 481 1763 508 Ut

971 529 1036 555 ergo
1061 522 1128 548 tales
1149 530 1246 549 eorum
1263 527 1290 549 et
1305 523 1487 557 cogitationes
1506 528 1533 550 et
1550 526 1632 552 verba
1648 533 1730 561 comp
1749 542 1761 547 -

972 572 1042 599 scat,
1069 569 1199 603 velutque
1223 576 1315 599 asticos
1336 569 1370 596 ad
1395 569 1473 596 virile
1497 570 1581 597 robur
1602 572 1760 605 transferat,

971 613 1067 641 danda:
1097 614 1164 649 ipsis
1195 614 1289 653 gloria:
1315 615 1511 649 cupiditatem,
1541 616 1641 644 animis
1664 625 1759 645 eorum

971 660 1136 694 ingenerans
1153 669 1159 688 :
1180 669 1189 685 ι
1209 659 1274 686 Dico
1291 660 1380 692 vobis,
1401 661 1501 695 inquit,
1523 666 1588 689 sunt
1608 663 1692 697 aliqui
1717 664 1761 691 hic

969 709 1086 735 stantes,
1101 705 1147 739 qui
1163 712 1216 731 non
1242 705 1392 738 gustabunt
1414 710 1531 732 mortem
1547 707 1635 734 donec
1652 707 1762 734 rideant

970 758 1083 784 regnum
1100 749 1147 776 Dei
1160 751 1182 776 θ.
1200 759 1209 775 ι
1233 749 1351 784 Ergone,
1377 750 1478 784 inquit,
1499 759 1586 786 nsqttc
1608 753 1676 779 adeo
1697 758 1760 787 pro-

970 796 1095 823 ducenda
1113 796 1168 823 illis
1187 801 1230 823 est
1245 797 1307 823 vita:
1323 804 1464 828 mensura,
1483 801 1512 823 ut
1535 802 1561 824 et
1577 799 1611 824 ad
1628 806 1659 825 ea
1678 800 1760 826 deve-

971 840 1048 867 niant
1068 845 1202 875 tempora,
1219 841 1329 875 quando
1345 841 1371 867 in
1389 843 1628 870 consummatime
1643 844 1760 870 saeculo-

971 894 1043 918 rutn,
1069 886 1102 914 de
1127 887 1198 913 ctelo
1223 887 1405 920 descendens,
1437 893 1563 922 paratum
1587 889 1691 916 sanctis
1716 898 1759 916 re.

968 940 1051 967 gnum
1080 932 1253 966 repositurns
1278 932 1339 960 est?
1355 933 1439 960 Plane
1463 937 1490 960 et
1514 934 1565 960 hoc
1581 933 1618 959 illi
1634 934 1757 966 pervium

967 983 1048 1006 erat:
1069 987 1133 1006 nam
1157 983 1248 1014 potest
1272 979 1383 1012 omnia;
1409 987 1460 1006 nec
1483 979 1586 1013 aliquid
1609 983 1661 1010 est.
1683 979 1756 1014 quod

967 1026 1158 1061 potentissimo
1183 1031 1252 1053 nutu
1277 1026 1413 1053 coniicere
1443 1029 1562 1060 nequeat
1576 1026 1608 1053 ¹⁰.
1633 1025 1754 1059 Verum,

967 1080 1080 1107 regnum
1098 1072 1157 1105 Dei,
1183 1072 1270 1106 ipsam
1295 1072 1362 1099 dicit
1377 1072 1471 1106 gloriae
1489 1073 1634 1104 visionem,
1656 1072 1682 1098 iu
1700 1080 1754 1107 qua

965 1122 991 1145 et
1009 1118 1067 1152 ipse
1087 1125 1136 1152 per
1154 1117 1181 1144 id
1200 1123 1308 1152 tempus
1332 1118 1517 1152 aspectandus
1538 1122 1613 1149 erat,
1633 1125 1697 1144 curn
1720 1118 1754 1145 iis

965 1164 1111 1195 illuxisset.
1130 1164 1176 1198 qui
1192 1168 1280 1191 essent
1303 1164 1330 1190 in
1345 1168 1426 1190 terra.
1447 1173 1456 1189 ί
1472 1163 1520 1190 Est
1536 1164 1608 1190 enim
1625 1169 1757 1191 venturus

965 1209 991 1236 in
1018 1210 1105 1245 gloria
1130 1209 1175 1236 Dei
1201 1213 1227 1237 et
1244 1208 1385 1243 Patris“;
1403 1219 1412 1235 ι
1434 1217 1488 1236 ιιοιι
1507 1209 1563 1243 jam
1588 1209 1705 1244 atnplius
1730 1211 1757 1236 in

965 1255 1067 1283 vilitate
1081 1255 1160 1282 nobis
1174 1255 1294 1290 propria.
1314 1255 1373 1287 Quo
1390 1255 1473 1290 igitur
1489 1255 1570 1282 modo
1587 1260 1757 1290 spectatores

965 1301 1032 1328 facit
1049 1301 1175 1328 miraculi
1194 1309 1252 1332 eos.
1273 1301 1306 1328 ad
1333 1308 1402 1336 quos
1423 1301 1569 1335 promissio
1588 1300 1659 1328 facta
1681 1301 1759 1328 erat?

966 1356 976 1372 ι
992 1347 1124 1375 Ascendit
1148 1347 1175 1374 in
1194 1351 1314 1374 montem
1330 1347 1363 1380 ",
1380 1357 1389 1373 ι
1412 1351 1466 1374 tres
1483 1355 1516 1374 ex
1535 1347 1589 1374 illis
1604 1348 1758 1382 praecipuos

964 1401 1056 1421 secum
1083 1393 1258 1427 habensyac
1282 1398 1339 1420 tum
1365 1393 1392 1420 in
1406 1393 1538 1420 eximium
1553 1393 1699 1427 quemdam
1724 1401 1757 1420 ac

963 1446 1047 1473 supra
1086 1439 1224 1466 hominem
1261 1439 1435 1473 splendorem
1473 1438 1702 1471 transformatur;
1728 1444 1758 1466 ut

961 1486 1043 1512 etiam
1060 1485 1224 1512 vestimenta
1244 1485 1303 1520 ejus
1328 1485 1442 1512 lutninis
1463 1485 1581 1519 appulsu
1602 1485 1693 1511 lucere
1715 1485 1757 1512 vi-

963 1532 1093 1558 derentur
1108 1541 1114 1558 :
1130 1532 1222 1566 sicque
1240 1540 1249 1557 ι
1266 1531 1372 1566 Moyses
1389 1535 1416 1558 et
1444 1530 1516 1558 Elias
1550 1535 1672 1557 astantes
1692 1539 1754 1558 cum

123 1577 174 1611 σῆς
193 1579 240 1604 καὶ
257 1578 352 1610 Ἠλίας
370 1579 569 1614 πε-ριστηκότες
583 1580 627 1606 τὸν
643 1580 756 1616 Ἰησοῦν,
776 1583 910 1618 προσελά-

964 1577 1038 1610 Jesu,
1057 1577 1175 1604 invicem
1201 1576 1399 1609 conferebant;
1417 1577 1540 1603 dicentes
1556 1577 1658 1603 exitum
1684 1576 1755 1611 ejus,

121 1621 185 1649 λουν
200 1623 326 1658 ἀλλήλοις
342 1624 391 1660 τὴν
405 1624 494 1656 ἔξοδον
509 1625 603 1656 αὑτοῦ,
621 1625 654 1660 ἢν
663 1625 759 1660 ἔμελλε
778 1627 911 1662 πληροῦν,

123 1668 217 1702 φησιν,
235 1669 265 1695 ὲν
289 1669 477 1705 Ἰερουσαλήμ.
503 1680 512 1696 ι
531 1671 671 1704 Τουτέστι,
688 1672 737 1706 τῆς
755 1673 823 1707 μετὰ
844 1681 911 1708 σαρ-

121 1715 170 1746 κὸς
184 1716 338 1750 οικονομὶας
351 1715 381 1742 τὸ
399 1717 557 1751 μυστήριον,
568 1717 615 1743 καὶ
630 1717 661 1743 τὸ
676 1718 810 1753 σωτήριον
826 1718 912 1750 πάθος

120 1759 153 1786 τὸ
167 1761 196 1786 ὲν
211 1760 250 1795 τῷ
264 1761 348 1796 τιμίῳ
371 1761 491 1797 σταυρῷ.
509 1762 565 1788 Καὶ
591 1762 646 1796 γάρ
658 1763 731 1788 ἔστιν
748 1763 857 1798 ἀληθὲς,
870 1764 911 1790 ὅτι

118 1807 135 1833 ὸ
149 1805 194 1833 διὰ
212 1806 335 1838 Μωσέως
358 1807 457 1842 νόμος,
470 1808 517 1834 καὶ
543 1809 556 1834 ὁ
576 1808 630 1834 τῶν
657 1809 742 1841 ἁγίων
763 1809 911 1844 προφητῶν

121 1850 212 1884 λόγος,
230 1851 260 1876 τὸ
280 1851 400 1886 Χριστοῦ
429 1853 581 1888 μυστήριον
601 1853 808 1888 προανὲδειξεν·
824 1855 837 1880 ὁ
861 1855 911 1888 μὲν

120 1897 150 1922 ὲν
163 1895 260 1928 τύποις
278 1897 324 1923 καὶ
338 1899 429 1929 σκιαῖς
441 1906 448 1913 ⁶
462 1899 603 1933 μονονουχὶ
616 1899 742 1933 καθάπερ
757 1900 785 1925 ἐν
817 1900 910 1926 πίνακι

119 1941 309 1976 καταγράφων
330 1943 395 1969 αὐτό
409 1952 415 1958 ·
433 1944 458 1969 oi.
477 1943 522 1976 δὲ,
543 1944 720 1978 πολυτρόπως
743 1952 911 1980 προηγορευ-

117 1987 210 2020 κὸτες,
228 1987 266 2019 ὡς
286 1988 332 2015 καὶ
350 1989 498 2023 ὸςςθήσεται
515 1989 586 2016 κατὰ
606 1991 718 2025 καιροὺς
743 1990 772 2016 ὲν
787 1990 851 2016 εἴδει
872 1991 910 2026 τῷ

117 2033 180 2059 καθ’
201 2034 285 2068 ἡμᾶς,
301 2035 347 2061 καὶ
358 2035 398 2061 ὃτι
415 2035 465 2069 τῆς
474 2035 602 2062 ἁπάντων
616 2036 696 2062 ἕνεκα
715 2037 853 2071 σωτηρίας
863 2037 910 2063 καὶ

116 2079 205 2114 ζωῆς,
221 2080 252 2106 οὺ
269 2082 471 2116 παραιτήσεται
491 2081 521 2107 τὺ
536 2081 633 2108 παθεῖν
647 2082 692 2107 τὸν
707 2083 752 2108 ἐπὶ
769 2082 848 2115 ξύλου
863 2083 910 2109 0d-

117 2134 212 2152 νατον.
230 2127 334 2153 Οὐκοῦν
347 2128 362 2162 ἡ
378 2127 503 2159 Μωσέως
519 2127 567 2154 καὶ
583 2127 660 2154 Ἠλία
668 2128 851 2163 παράστασις,
862 2131 910 2155 καὶ

116 2171 148 2197 τὺ
164 2172 329 2206 προσλαλεῖν
357 2173 483 2207 ἀλλήλοις
509 2173 608 2204 αὐτοὺς
620 2193 627 2205 ,
649 2174 790 2209 οἰκονομία
804 2183 845 2206 τις
862 2173 907 2210 ἦν,

116 2216 148 2244 εὖ
165 2218 238 2253 μάλα
253 2219 483 2246 καταδεικνύουσα
504 2219 736 2255 δορυφορούμενον
754 2221 806 2246 ὑπὸ
822 2221 906 2255 νόμου

116 2264 167 2290 καὶ
193 2265 356 2299 προφητῶν,
374 2265 420 2291 τὸν
434 2265 536 2300 Κύριον
561 2265 640 2300 ήμῶν
659 2266 761 2301 Ίησοῠν
778 2267 906 2301 Χριστὸν,

114 2311 155 2340 ὼς
173 2311 221 2336 καὶ
236 2312 319 2345 νόμου
339 2311 384 2337 καὶ
400 2311 547 2345 προφητῶν
562 2311 697 2347 δεσπότην
714 2313 909 2349 προκαταδειχ-

115 2355 202 2382 θέντα
219 2357 285 2391 παρ’
299 2356 388 2383 αὐτῶν
400 2364 407 2371 ·
425 2357 457 2384 δι’
469 2354 507 2383 ὧν
522 2357 647 2393 ἀλλήλοις
671 2359 776 2393 συνῳδὰ
791 2361 911 2395 προεκή-

117 2401 213 2436 ρυξαν.
233 2402 271 2428 οὐ
288 2403 342 2438 γὰρ
355 2403 502 2438 ἀσύμϐατα
518 2404 574 2434 τοῖς
588 2403 632 2430 διὰ
648 2406 694 2430 τοῦ
708 2404 791 2439 νόμου
805 2406 839 2432 τὰ
854 2405 908 2432 τῶν

114 2448 268 2482 προφητῶν
280 2457 287 2463 ·
302 2450 349 2474 καὶ
364 2448 443 2475 τοῦτό
460 2450 534 2475 ἐστιν
544 2447 620 2484 οἶμαι
633 2449 672 2482 τὺ,
687 2450 812 2485 ἀλλήλοις
822 2460 909 2486 προσ-

114 2491 209 2518 λαλεῖν
240 2492 342 2519 Μωσέα
368 2493 414 2520 τὸν
438 2493 604 2529 ἱερώτατον,
623 2494 669 2520 καὶ
693 2495 748 2522 τῶν
761 2497 909 2531 προφητῶν

114 2538 295 2573 πανάριστον.
319 2538 412 2570 Ἠλίας
428 2539 456 2566 δὲ
480 2537 556 2572 οὗτος
578 2538 623 2576 ἦν.
641 2542 718 2568 Ἔστι
738 2542 767 2569 δὲ
781 2545 829 2570 καὶ
846 2545 910 2570 ἄλλο

113 2593 143 2611 τι
155 2583 285 2619 ἐννοῆσαι
298 2593 305 2600 '
317 2585 412 2621 ἐπειδὴ
424 2587 448 2612 οἱ
462 2586 536 2621 ὄχλοι
549 2587 641 2621 ἔλεγον
655 2596 662 2604 ·
673 2589 696 2614 οὶ
713 2588 773 2623 μὲν,
797 2590 888 2617 Ἠλίαν
901 2600 908 2606 ·

114 2633 140 2658 οἱ
157 2632 198 2663 δὲ,
223 2631 375 2668 Ἱερεμίαν
390 2635 414 2662 0!
427 2634 455 2660 δὲ
471 2634 518 2661 ἕνα
539 2635 594 2661 τῶν
612 2636 770 2671 προφητῶν,
785 2637 848 2668 τοὺς
864 2646 910 2663 κο-

117 2678 252 2712 ρυφειίους
278 2678 351 2712 ἄγει,
367 2679 410 2706 τνα
440 2680 588 2707 κάντεῦθεν
603 2681 633 2708 τὸ
650 2682 731 2716 μέσον
762 2683 837 2709 ἴδωσι
857 2684 911 2709 τῶν

114 2723 221 2749 δούλων
240 2724 346 2750 καὶτοῦ
368 2725 511 2753 δεσπότου.
530 2727 607 2754 Μετὰ
626 2727 728 2763 ταύτην
740 2729 768 2754 δὲ
785 2730 833 2756 καὶ
850 2731 908 2757 ἑτέ-

117 2777 169 2804 ραν
192 2769 298 2796 ἔννοιαν
328 2771 401 2798 ἐστιν
423 2773 509 2798 εἰπεῖν
523 2780 529 2786 '
545 2772 639 2808 ἐπειδὴ
658 2773 712 2809 γὰρ
731 2775 849 2810 συνεχῶς
869 2778 910 2802 ὲν-

153 2861 163 2875 ⁹
176 2858 243 2887 Luc.
260 2868 299 2893 ιι,
316 2861 360 2888 ΞἹ.

116 2894 164 2923 14.

401 2863 420 2876 ’³
435 2862 500 2889 Luc.
519 2870 537 2894 I,
554 2862 598 2890 37.
640 2863 767 2890 “Matth.
788 2871 840 2895 xu,
860 2864 906 2891 ‘37.

964 1631 1057 1658 quem,
1075 1623 1176 1658 inquit,
1196 1623 1385 1658 eompletnrus
1404 1627 1463 1649 erat
1482 1622 1509 1649 in
1524 1621 1676 1649 Jerusalem
1691 1623 1722 1649 ".
1743 1632 1753 1648 ι

963 1669 1021 1696 llue
1044 1674 1100 1702 est,
1128 1669 1343 1704 dispensationis
1372 1669 1398 1695 in
1425 1677 1508 1696 carne
1532 1674 1754 1702 sacramentum,

963 1716 1158 1750 salubremque
1179 1716 1206 1742 in
1227 1716 1348 1750 pretiosa
1370 1715 1459 1742 Cruce
1490 1715 1655 1749 passionem.
1684 1715 1756 1743 Sane

961 1761 1035 1788 enim
1062 1761 1284 1796 praemonstravit
1312 1761 1414 1788 Christi
1441 1766 1667 1793 sacramentum,
1696 1766 1753 1788 tum

963 1807 1003 1834 lex
1019 1815 1068 1842 per
1089 1807 1182 1834 Mosen
1198 1807 1271 1840 data,
1293 1811 1349 1834 tum
1377 1811 1537 1834 sanctorum
1557 1807 1753 1841 prophetarum

962 1860 1052 1880 sermo
1068 1862 1074 1880 :
1089 1853 1133 1880 illa
1150 1852 1274 1887 quidem,
1288 1853 1363 1880 velut
1381 1852 1436 1879 fere
1457 1852 1483 1878 in
1500 1852 1597 1879 tabella
1614 1854 1639 1879 in
1656 1852 1753 1887 ﬁguris

963 1901 1125 1935 umbrisque
1148 1900 1299 1935 dcpingens
1324 1909 1329 1926 :
1359 1900 1385 1926 hi
1411 1905 1515 1933 autem,
1545 1901 1640 1927 multis
1665 1901 1753 1928 modis

962 1946 1020 1973 fore
1043 1947 1268 1981 prmuuntiantes,
1290 1951 1320 1973 ιιι
1336 1947 1503 1981 quandoque
1521 1946 1547 1972 in
1572 1946 1690 1972 humana
1712 1947 1752 1973 vi-

961 1993 1050 2020 sibilis
1067 1993 1158 2028 specie
1177 1997 1332 2027 appareret.
1350 2000 1401 2020 nec
1415 2000 1465 2027 pro
1485 1991 1607 2019 omnium
1625 1993 1712 2019 salute
1726 1998 1752 2019 et

961 2039 1016 2065 vita
1041 2039 1067 2065 in
1097 2038 1170 2074 ligno
1195 2037 1286 2065 crucis
1314 2038 1384 2065 mori
1415 2038 1592 2064 detrectaret.
1619 2037 1663 2063 llla
1686 2044 1752 2072 ergo

960 2084 1045 2112 lllosis
1077 2084 1198 2119 Elimque
1226 2085 1393 2119 praesentia,
1423 2088 1575 2118 mutuaque
1600 2083 1750 2114 fabulatio,

961 2131 1133 2165 dispensatio
1148 2131 1273 2165 quaedam
1288 2135 1347 2157 erat
1365 2138 1371 2157 :
1389 2129 1415 2157 id
1435 2129 1557 2164 apertius
1575 2130 1749 2165 significans;

961 2177 1092 2204 nimirum
1117 2177 1219 2204 muniri
1236 2176 1383 2204 Dominum
1400 2175 1494 2203 Jesum
1515 2175 1668 2208 Christum,
1692 2175 1752 2210 lege

962 2232 994 2252 ac
1009 2224 1167 2258 prophetis;
1191 2224 1262 2251 velut
1283 2223 1383 2258 quibus
1409 2223 1474 2249 olim
1491 2222 1558 2257 legis
1573 2221 1705 2249 Dominus
1725 2228 1751 2249 ct

964 2270 1169 2306 prophetarum,
1191 2270 1347 2304 designatus
1369 2273 1452 2301 esset,
1476 2275 1524 2302 per
1545 2275 1577 2295 ea
1597 2275 1657 2302 qua:
1674 2273 1749 2294 utra-

960 2323 1013 2351 que
1039 2316 1155 2342 inviccm
1178 2321 1300 2342 consona
1324 2315 1350 2341 in
1379 2321 1441 2341 cum
1471 2314 1672 2348 praedixissent.
1695 2312 1749 2340 Nnc

959 2363 1032 2390 enirn
1046 2371 1060 2389 a
1076 2362 1143 2397 legis
1159 2361 1236 2389 scitis
1261 2361 1458 2395 prophetarum
1475 2360 1610 2387 dissident
1625 2361 1747 2387 oracnla.

959 2409 1074 2444 Hocque
1099 2408 1281 2444 signiﬁcatum
1300 2407 1430 2439 arbitror,
1448 2406 1520 2440 quod
1544 2405 1749 2433 sacratissimus
1770 2407 1772 2410 ⁴

960 2455 1062 2488 Moses,
1084 2452 1211 2489 ﬁliasque
1228 2454 1425 2489 prophetarum
1443 2452 1684 2487 prmelarissimus,
1707 2451 1749 2479 in-

960 2502 1045 2528 vicem
1063 2501 1295 2535 colloquerentur.
1312 2500 1407 2526 Potest
1419 2500 1502 2525 etiam
1522 2498 1595 2525 aliud
1607 2498 1748 2534 quidpiam

961 2548 1083 2582 intelligi.
1099 2546 1233 2579 Quoniam
1249 2546 1322 2572 cnim
1339 2546 1425 2572 turba:
1437 2543 1573 2577 dicebant,
1598 2544 1625 2571 hi
1638 2545 1748 2579 quidrm

961 2593 1048 2620 Eliam
1074 2600 1148 2624 esse;
1176 2592 1215 2618 illi
1231 2590 1426 2623 Jeremiam”;
1451 2591 1497 2618 alii
1522 2598 1606 2618 unum
1631 2598 1663 2618 ex
1685 2598 1750 2624 ptu-

961 2638 1076 2673 phctis:
1104 2638 1206 2665 ideirco
1234 2637 1377 2672 apostolici
1400 2638 1508 2665 ordinis
1535 2637 1642 2672 capita,
1673 2644 1750 2663 sum--

960 2692 1076 2718 "105un
1106 2684 1245 2718 principes
1270 2683 1362 2718 ducit,
1392 2688 1422 2710 ut
1447 2683 1511 2710 inde
1535 2682 1660 2710 noverint
1685 2682 1750 2716 quid

961 2731 1032 2757 inter
1057 2738 1150 2756 servos
1169 2730 1368 2763 dominumque
1388 2729 1506 2757 intersit.
1531 2729 1569 2756 Ad
1595 2731 1652 2756 haec
1680 2737 1750 2763 qutt-

960 2785 1012 2812 que
1044 2776 1126 2802 aliam
1163 2775 1297 2802 rationem
1331 2775 1410 2802 nobis
1444 2775 1540 2802 aﬂ‘crre
1569 2775 1641 2802 licet.
1680 2774 1749 2806 Quia

1234 2866 1255 2881 ”
1282 2866 1348 2893 ibid.
1382 2866 1427 2898 3ft,
1458 2866 1500 2893 5i.
1543 2865 1671 2893 “Matth.
1693 2871 1749 2899 XVI,

947 2866 1051 2892 “Luc:-
1079 2874 1117 2898 ις,
1149 2866 1193 2894 28.
1234 2866 1255 2881 ¹⁸
1282 2866 1348 2893 ibid.
1382 2866 1427 2898 23ft,
1458 2866 1500 2893 5L
