2041 3159
133 173 202 207 1257

510 172 638 204 SERMO
652 173 682 203 ῘῙ
701 173 742 204 ΙΝ
757 170 1186 207 ἷΤΒΑΝδἘΙῦΗΒΑΤΙΟΝΕΜ
1209 173 1243 203 D-
1256 174 1291 204 N.
1309 174 1336 204 J.
1355 173 1386 203 C.

1693 173 1762 205 1258

132 229 325 266 ὑπερνικώσης
344 229 475 266 ἑκάτερον
496 229 614 265 φέγγος·
631 229 737 265 βοώσης
754 229 786 256 ὲκ
808 228 855 255 τοῦ
875 228 920 256 νέ-

981 236 1038 256 voce
1057 233 1182 264 paterna,
1199 229 1444 264 Unigenitumquc,
1462 232 1634 256 contestante
1650 228 1761 264 Filium,

132 286 200 313 φους
216 278 265 312 τῆς
280 277 419 312 πατρικῆς
435 277 545 317 φωνῆς,
569 276 618 303 καὶ
643 276 683 312 τῷ
701 276 851 310 Μονογενεῖ
871 274 920 311 τὴν

130 323 358 359 εὐδοκιμηθεῖσαν
373 323 570 359 μαρτυρούσης
579 323 703 358 υίότητα.
718 323 812 354 Ὅπως
822 319 868 348 οὖν
883 321 921 357 μὴ

130 371 163 405 τῇ
182 370 290 405 ταραχῇ
311 369 366 396 τῶν
390 369 496 396 πολλῶν
517 369 671 396 Εκπτυστον
695 368 749 405 πρὸ
769 368 866 404 καιροῦ
891 368 922 394 τὸ

132 415 284 451 μυστήριον
297 415 425 450 γένηται,
441 414 552 446 τούτους
577 415 675 449 μόνους
693 412 919 447 παραλαμϐάνει·

130 460 178 492 οὓς
188 461 236 488 καὶ
245 460 428 496 θερμοτέρους
439 460 559 496 ἐραστὰς
570 459 643 495 ἔχειν
656 459 791 494 ἠπίστατο
800 467 807 473 ·
821 456 863 489 οἷς
874 457 922 496 καὶ

130 507 161 533 τὺ
175 506 346 541 ὲχεμυθῆσαι
366 505 514 541 παρῄνεσε,
537 506 585 532 καὶ
605 504 686 541 μέχρι
698 505 747 542 τῆς
763 505 795 530 ὲκ
814 503 922 539 νεκρῶν

132 553 307 584 ἀναστάσεως
326 552 422 588 μηδενὶ
435 552 486 587 τὴν
499 551 618 586 φοϐερὰν
639 551 748 586 εκείνην
766 550 862 586 ὅρασιν
880 549 923 582 ἒξ-

131 598 299 633 αγορεῦσαι·
321 597 368 630 οὓς
391 597 439 624 καὶ
463 597 606 624 διὰ-τοῦτο
629 597 697 633 πρὸς
716 597 764 632 τὴν
789 595 923 631 ἐσομένην

132 644 266 671 ὀπτασίαν
287 643 455 678 παρέλαϐεν,
472 642 567 678 ἐπειδὴ
584 642 688 677 σφόδρα
703 641 743 677 τῷ
758 642 826 676 πρὸς
839 640 924 668 αὑτὸν

132 689 325 725 διακεχυμένοι
347 689 423 724 πόθῳ
435 709 443 723 ,
457 688 553 720 δεινῶς
575 688 709 723 ἠθύμουν,
728 687 923 722 διαλεγομένου

132 737 179 764 καὶ
195 735 378 771 προλέγοντος
395 735 429 762 τὰ
441 734 508 770 περὶ
524 733 572 761 τοῦ
589 734 693 766 πάθους
710 733 868 765 ἀκούοντες.

168 782 291 818 Πρόσεχε
308 780 356 808 οὖν
370 781 429 813 πῶς
440 781 572 816 ὂυσφορεῖ
586 780 654 817 πρὸς
675 780 725 816 τὴν
750 779 853 807 τούτων
878 779 924 811 ἐξ·

133 829 233 864 ήγησιν
244 828 258 854 ὁ
280 827 394 862 Πέτρος.
413 827 458 858 Ὠς
469 827 524 862 γὰρ
538 827 656 862 ἤκουσεν
674 826 715 853 ὅτι
735 826 776 853 δεῖ
788 824 870 853 αὑτὸν
885 825 925 856 εἰς

141 873 318 908 Ἰεροσόλυμα
343 872 477 905 ἀνελθεῖν,
502 872 550 899 καὶ
573 872 658 899 πολλὰ
678 872 773 899 παθεῖν
798 871 853 899 ἀπὸ
870 871 925 898 τῶν

971 273 998 300 in
1010 281 1065 308 quo
1076 274 1267 308 complaceret.
1284 273 1323 301 Ne
1337 281 1403 309 ergo
1413 273 1532 308 plurium
1545 273 1701 301 turbatione
1715 281 1762 301 sa-

971 324 1154 353 cramentum,
1169 324 1232 347 ante
1248 324 1355 355 tempus
1382 320 1565 348 inconsultius
1577 325 1761 355 promeretur,

971 365 1022 394 bos
1041 370 1146 393 tantum
1176 366 1311 399 assumit,
1336 374 1406 401 quos
1419 368 1500 394 etiam
1514 366 1695 395 ferventiores
1712 375 1763 395 no—

971 417 1048 440 verat
1074 412 1176 440 habere
1188 418 1344 440 amatores:
1374 413 1476 447 quibus
1495 420 1606 448 quoque
1621 413 1762 441 silentium

973 459 1079 492 indixit,
1098 467 1130 487 ac
1154 467 1188 487 ne
1216 459 1347 495 cuiquam
1367 460 1515 487 terribilem
1530 460 1604 487 illam
1627 461 1761 489 visionem

973 505 1156 541 publicarent,
1169 510 1232 533 ante
1252 505 1340 541 ipsius
1350 505 1578 533 resurrectionem
1590 513 1622 534 ex
1636 508 1762 540 mortuis,

973 551 1102 586 injunxit.
1129 551 1182 579 Sed
1212 556 1238 579 et
1264 552 1325 579 ideo
1345 551 1445 579 futura:
1463 552 1579 580 visionis
1592 558 1764 587 spectatores

973 597 1110 629 adhibuit,
1122 597 1195 632 quod
1207 598 1362 625 vehementi
1388 598 1415 625 in
1433 605 1497 625 eum
1525 598 1604 626 eﬂ'usi
1616 599 1763 632 desiderio,

974 644 1046 672 tristi
1060 644 1209 671 admodum
1229 648 1382 679 moestoque
1402 644 1512 677 animo,
1535 645 1713 672 disserentem
1731 645 1765 672 de

975 696 1025 716 sua
1038 689 1177 724 passione,
1190 696 1307 724 eamque
1314 688 1520 724 praedicentem,
1538 689 1676 717 audirent.

1011 774 1139 810 Perspice
1152 775 1236 811 igitur
1253 783 1335 810 quam
1348 774 1445 804 Petrus
1457 776 1649 812 hujuscemodi
1668 785 1766 805 narra-

977 820 1080 848 tionem
1099 821 1214 849 moleste
1228 821 1322 849 ferret.
1346 821 1382 850 Ut
1407 822 1479 850 enim
1504 823 1609 850 audivit
1633 831 1767 852 ascensu-

974 874 1038 894 -rum
1054 866 1266 903 Jerosolymam,
1282 869 1422 904 multaque
1444 877 1460 896 a
1485 869 1656 904 principibus
1673 877 1767 898 sacer-

135 916 288 952 ἀρχιερέων
311 916 361 942 καὶ
385 916 583 952 πρεσϐυτέρων
603 917 650 943 καὶ
665 916 857 952 Γραμματέων
872 915 920 942 τοῦ

981 913 1082 946 lotum,
1098 920 1126 941 et
1147 914 1314 947 senioribus,
1332 918 1360 942 et
1374 914 1480 942 Scribis
1495 916 1586 950 populi
1601 923 1746 950 passurum
1757 936 1766 948 ,

134 961 212 995 λαοῦ,
239 962 285 988 καὶ
305 961 522 996 ἀποκτανθῆναι,
539 961 620 994 εὐθὺς
645 962 775 989 κεντᾶται
792 962 837 988 τὸν
854 961 927 996 λογι-

136 1008 222 1043 σμόν·
249 1007 295 1034 καὶ
324 1007 380 1035 άπὸ
410 1007 511 1043 πολλῆς
536 1007 686 1039 διαθέσεως
714 1007 835 1043 ὲπιπηδᾷ
869 1008 926 1039 τοῖς

134 1053 266 1088 λεχθεῖσι,
292 1053 340 1080 καὶ
364 1053 568 1089 τολμηρότερον
598 1052 646 1079 τοῦ
670 1052 832 1080 διδασκάλου
857 1052 926 1079 καθ-

135 1098 262 1126 άπτεται.
277 1107 286 1124 t
300 1099 526 1134 Προσλαϐόμενος
539 1099 593 1134 γὰρ
606 1098 701 1132 αὑτοῦ,
719 1099 813 1134 φησὶν,
826 1098 928 1134 ἤρξατο

136 1145 268 1180 ἐπιτιμᾷν
279 1145 369 1180 αὐτῷ·
384 1143 479 1176 Ἵλεώς
501 1153 554 1178 σοι,
574 1143 673 1180 Κύριε,
689 1145 721 1171 οὺ
737 1145 775 1180 μὴ
791 1143 868 1170 ἐσται
886 1151 928 1170 σοι

135 1189 227 1216 τοῦτο.
247 1198 256 1214 ι
282 1187 360 1221 Εἶδες
385 1189 508 1224 μαθητοῦ
532 1190 583 1225 τὴν
605 1189 670 1224 περὶ
695 1189 741 1216 τὸν
769 1189 929 1217 διδάσκαλον

137 1236 271 1270 διάπυρον
286 1236 414 1272 ἀγάπην;
431 1234 502 1268 εἶδες
522 1236 645 1263 διάθεσιν
662 1235 731 1272 πρὸς
745 1236 780 1263 τά
793 1235 841 1262 τοῦ
860 1236 930 1270 ἀγαο

137 1283 268 1317 πωμένου
283 1282 412 1317 λυπηρά;
437 1283 471 1309 τὰ
495 1282 544 1317 τῆς
569 1283 727 1318 παρρησίας
747 1282 817 1318 ὑπὲρ
833 1282 930 1309 τούτου

139 1328 222 1364 μόνου
247 1328 285 1363 μὴ
307 1327 465 1362 φυλάξαντα
491 1327 590 1363 μέτρα.
624 1338 633 1354 ε
651 1327 771 1364 Ἤρξατο
796 1328 929 1364 ἐπιτιμᾷν

137 1374 226 1410 αὐτῷ,
251 1375 297 1401 καὶ
319 1374 411 1408 λέγειν
422 1383 428 1390 ·
445 1374 539 1406 Ἵλεώς
556 1383 609 1406 σοι,
625 1374 712 1409 Κύριε
724 1394 731 1407 ,
746 1374 777 1401 οὑ
799 1374 837 1410 μὴ
853 1375 930 1402 ἔσται

140 1430 183 1448 σοι
192 1420 298 1448 τοῦτο.)
311 1421 343 1447 Τί
357 1419 402 1447 οὖν
410 1421 424 1447 ό
433 1420 582 1456 Δεσπότης
591 1421 634 1452 Ὠς
647 1415 813 1452 ὲπιϐλαϐοῦς
822 1420 930 1459 ἐκείνης

140 1466 313 1494 καθάπτεται
323 1465 374 1500 τῆς
386 1465 549 1500 φειδοῦς.οὑ
564 1465 619 1501 γὰρ
635 1465 767 1500 βούλομαι
781 1465 929 1500 φιλεῖσθαι,

139 1512 236 1546 φησὶν,
252 1511 298 1538 ἐπὶ
315 1511 370 1538 τῶν
387 1510 557 1545 ἀγαπώντων
574 1519 608 1546 με
628 1510 726 1546 βλάϐῃ.
745 1510 782 1536 Τὸ
797 1510 864 1545 ἐμὴν
879 1510 931 1537 πά-

140 1557 197 1590 θος,
213 1556 404 1592 οὶχουμενικοῦ
421 1556 524 1587 πάθους
557 1556 628 1587 ῐασις
644 1556 761 1590 γίνεται.
776 1555 810 1581 Τί
827 1564 930 1591 παρεν-

139 1603 230 1638 οχλεῖς
256 1603 433 1640 φυτευομένῳ
455 1602 575 1641 σταυρῷ,
589 1602 636 1629 τὸν
653 1602 782 1637 ἐσόμενον
800 1601 829 1635 ἐξ
845 1601 928 1628 αὑτοῦ

139 1650 248 1686 καρπὸν
263 1649 388 1684 ἀγνοῶν;
408 1648 442 1675 Τί
457 1647 572 1679 κωλύεις
593 1647 701 1684 σφαγὴν
721 1647 931 1682 ὲκνευρίζουσαν

141 1691 268 1728 θάνατον,
297 1696 347 1730 τὴν
374 1694 440 1730 περὶ
468 1695 514 1721 τὸν
538 1694 641 1729 κόσμον
661 1693 772 1728 ἀγάπην
792 1693 840 1719 τοῦ
863 1692 932 1719 Θεοῦ

141 1741 264 1775 ἀγνοῶν;
276 1742 386 1776 ἀγαπᾷς
400 1742 438 1773 ὼς
453 1740 713 1776 ἂνθρωπος,[1έτρε.
728 1740 779 1766 Ἔα
792 1739 933 1774 σπαρῆναι

141 1789 187 1813 τὸν
216 1787 332 1820 κόκκον,’
351 1787 399 1814 καὶ
429 1787 500 1823 πρὸς
526 1787 572 1814 τὺν
600 1787 731 1822 θερισμὸν
759 1786 931 1822 εὑτρεπίζου.

142 1834 239 1861 Ταῦτα
257 1834 345 1868 λέγων
364 1833 458 1860 ἔπεισε
474 1833 524 1869 μὲν
541 1833 587 1860 τὸν
606 1833 731 1869 μαθητὴν
753 1833 792 1868 μὴ
806 1832 934 1864 τοιαύτας

142 1880 266 1915 αίτήσεις
281 1879 321 1915 τῷ
334 1879 487 1914 διδασκάλῳ
503 1879 686 1915 προσφέρειν·
704 1879 734 1906 οὐ
757 1879 811 1914 μὴν
824 1878 872 1904 καὶ
883 1877 933 1911 τὴν

141 1926 191 1952 τοῦ
204 1926 321 1952 θανάτου
340 1925 428 1960 λύπην
438 1945 445 1958 ,
468 1917 516 1952 διὰ¹
529 1926 559 1952 τὸ
575 1925 691 1960 σφοδρὸν
706 1924 755 1960 τῆς
772 1923 836 1959 περὶ
852 1922 934 1949 αὑτὸν

142 1972 267 2007 ἀγάπης,
288 1972 339 2006 τῆς
360 1971 467 1998 ἐκείνου
479 1971 599 2002 διανοίας
615 1970 751 2003 ἐξέϐαλεν.
773 1970 868 2000 Ὅπως
888 1966 934 1994 οῦν

141 2018 188 2044 διά
201 2019 250 2053 τῆς
269 2018 319 2044 οὐκ
340 2018 380 2049 si;
402 2017 513 2052 μακρὰν
536 2016 715 2048 ἀναστάσεως
732 2016 782 2051 τὴν
806 2015 869 2050 περὶ
886 2014 934 2040 τοῦ

143 2064 248 2096 πάθους
263 2063 334 2099 λάϐῃ
348 2064 536 2099 παράκλησιν,
552 2062 633 2089 αὐτόν
654 2070 684 2088 τε
701 2062 749 2088 καὶ
764 2062 829 2093 τοὺς
847 2069 936 2097 παρατ

144 2111 269 2146 πλησῐως
284 2110 452 2144 ἀγαπῶντας
469 2108 638 2144 παραλαϐὼν
649 2128 656 2140 ,
681 2108 725 2134 διὰ
747 2107 798 2143 τῆς
815 2107 935 2143 φοϐερᾶς

144 2157 255 2191 ἐκείνης
270 2156 403 2188 ὀπτασίας
418 2157 448 2183 τὸ
462 2156 576 2182 δυνατὸν
590 2155 639 2190 τῆς
657 2155 685 2181 ὲν
702 2154 776 2190 αὑτῷ
792 2154 936 2180 πιστοῦται

146 2203 286 2238 θεότητος.
313 2212 322 2228 ε
342 2201 553 2237 Μετεμορφώθη
570 2201 636 2236 γὰρ,
663 2201 756 2235 φησὶν,
781 2198 936 2235 ἔμπροσθεν

145 2248 250 2275 αὐτῶν·
270 2247 316 2274 καὶ
335 2247 442 2282 ἔλαμψε
459 2247 490 2273 τὸ
506 2247 655 2282 πρόσωπον
667 2245 749 2272 αὑτοῦ
762 2245 799 2276 ὼς
813 2245 826 2270 ό
839 2244 914 2278 ἥλιος
926 2251 932 2257 ·
951 2258 974 2286 D

145 2294 178 2321 τὰ
192 2294 220 2321 δὲ
234 2293 330 2328 ἱμάτια
341 2293 425 2320 αὑτοῦ
439 2293 566 2328 ἐγένοντο
580 2293 666 2320 λευκὰ
680 2292 718 2324 ὡς
731 2291 762 2318 τὸ
773 2292 841 2326 φῶς.
859 2301 867 2316 ι

183 2351 192 2367 ι
207 2341 263 2368 Καὶ
288 2341 342 2368 ἰδοὺ
363 2341 495 2377 ὤφθησαν
516 2341 609 2371 αὐτοῖς
632 2339 751 2374 Μωῡσῆς
769 2339 816 2365 καὶ
842 2338 936 2370 Ἠλίας

145 2388 205 2422 μετ’
226 2387 309 2414 αὐτοῦ
334 2387 539 2418 συλλαλοῦντες.
557 2397 566 2412 ι
595 2386 774 2421 Ἐχαλίνωσεν
794 2386 808 2411 ό
828 2385 877 2420 τῆς
898 2385 937 2411 δι-

144 2433 292 2468 καιοσύνης
309 2434 404 2465 ’Ἥλιος
418 2434 467 2469 τὴν
490 2433 605 2468 νεφέλην
620 2432 667 2459 τοῦ
689 2431 826 2467 σώματος,
853 2431 900 2458 καὶ
919 2431 935 2466 ἡ

144 2481 225 2511 ἀκτὶς
242 2480 293 2514 τῆς
319 2479 448 2514 θεότητος
467 2479 530 2510 τοὺς
544 2478 643 2509 θεατὰς
663 2477 865 2513 περιήστραψε.
884 2477 936 2503 Νε-

144 2525 215 2560 φέλη
233 2524 288 2559 γὰρ
303 2524 350 2550 τοῦ
373 2524 491 2560 ἀοράτου
515 2523 545 2549 τὸ
566 2522 705 2557 ὁρώμενον
727 2522 839 2557 ένδυμα.
858 2519 936 2548 Οἶδεν

151 2571 265 2602 Ἡσαΐας
278 2569 358 2596 τοῦτο
385 2570 493 2604 σαφῶς·
519 2569 570 2604 τὴν
588 2569 641 2604 γὰρ
663 2568 707 2595 ἐπ’
728 2568 866 2602 Αἴγυπτον
887 2567 935 2594 τοῦ

143 2616 271 2652 Σωτῆρος
287 2615 397 2651 θεωρῶν
416 2615 547 2651 ἐνδημίαν
561 2614 642 2641 ποτέ·
658 2623 667 2640 ι
687 2613 763 2646 Ἰδοὺ,
781 2614 857 2649 φησὶ,
877 2614 935 2640 Κύ-

145 2670 203 2696 ριος
220 2661 337 2695 κάθηται
355 2660 402 2687 ἐπὶ
414 2660 530 2695 νεφέλης
546 2660 662 2694 κούφης,
683 2659 730 2685 καὶ
752 2658 812 2693 ἥξει
833 2659 873 2690 είς
889 2658 934 2684 Αί-

145 2715 259 2741 γυπτον.
277 2706 330 2733 Καὶ
346 2705 401 2732 biiab
414 2705 494 2740 ὤφθη
508 2705 600 2736 αὐτοῖς
623 2705 744 2739 Μωῡσῆς
770 2703 817 2729 καὶ
842 2703 935 2734 Ἠλίας

148 2752 208 2788 μετ’
220 2752 304 2779 αὑτοῦ
323 2751 530 2783 συλλαλοῦντες.
550 2761 558 2777 ι
574 2752 629 2786 Τῆς
643 2751 696 2786 γὰρ
714 2750 840 2784 θεότητος
852 2748 935 2775 αὐτοῦ

147 2797 218 2835 ἦσαν
230 2799 380 2836 ἀχώριστοι
397 2799 524 2825 πάντοτε.
546 2798 623 2824 Διατί
648 2798 676 2823 δὲ
693 2798 739 2823 καὶ
761 2796 831 2831 ὑπὲρ
848 2796 936 2823 πάντα

976 965 1058 995 atque
1075 960 1267 993 occidendum,
1297 961 1388 988 statim
1412 961 1506 989 animo
1519 962 1663 997 pungitur,
1679 971 1768 998 exque

978 1005 1062 1032 multa
1085 1005 1230 1033 aﬂectione
1252 1006 1333 1034 dictis
1362 1007 1459 1041 insilit,
1483 1015 1515 1035 ac
1544 1007 1657 1035 liberius
1681 1007 1768 1043 Magi~

977 1055 1067 1078 strum
1084 1051 1181 1086 carpit.
1199 1061 1208 1077 ‹
1227 1053 1379 1080 Assumcns
1391 1053 1464 1080 enim
1476 1061 1550 1087 eum,
1569 1054 1668 1089 inquit,
1686 1055 1769 1089 coepit

978 1097 1120 1134 increpare
1135 1098 1223 1132 illum,
1243 1099 1356 1127 dicens:
1386 1099 1464 1127 Absit
1479 1108 1495 1127 a
1511 1105 1547 1133 te,
1572 1099 1697 1133 Domine,
1713 1108 1768 1128 non

978 1145 1031 1172 erit
1045 1145 1095 1172 tibi
1112 1145 1164 1172 hoc
1180 1145 1211 1172 ".
1229 1154 1238 1171 ι
1264 1144 1391 1173 Vidistin'
1408 1153 1552 1174 accensam
1582 1146 1710 1181 discipuli
1741 1147 1769 1174 in

979 1189 1141 1225 Magistrum
1158 1189 1357 1218 dilectionem?
1387 1189 1515 1218 Vidistin‘
1531 1195 1561 1218 ut
1571 1191 1663 1219 dilecti
1683 1192 1770 1219 tristi-

979 1235 1031 1262 bus
1047 1235 1220 1263 adiceretur?
1233 1238 1264 1263 ut
1282 1235 1308 1262 in
1327 1235 1381 1263 hoc
1401 1239 1506 1263 tantum
1521 1237 1611 1272 justos
1626 1238 1772 1266 excederet

981 1280 1114 1308 libertatis
1134 1282 1242 1310 modos.
1267 1291 1276 1308 ί
1296 1281 1384 1316 Cmpit
1411 1282 1554 1317 increpare
1570 1283 1658 1316 illum,
1680 1289 1707 1311 et
1725 1284 1770 1311 di-

981 1334 1057 1354 cere:
1073 1326 1152 1354 Absit
1165 1334 1180 1353 a
1193 1331 1229 1358 te,
1241 1326 1367 1358 Domine,
1388 1334 1440 1353 non
1461 1326 1512 1353 erit
1526 1326 1574 1354 tibi
1596 1327 1656 1355 hoc.
1674 1336 1684 1353 ι
1699 1327 1770 1361 Quid

980 1380 1046 1408 ergo
1071 1372 1223 1400 Dominus?
1254 1371 1332 1399 Velut
1367 1372 1552 1407 perniciosam
1576 1371 1771 1407 impensiorein

981 1419 1118 1454 ejusmodi
1146 1427 1241 1447 curam
1274 1419 1444 1455 perstringit.
1471 1419 1529 1447 Non
1562 1421 1647 1453 enim,
1668 1421 1769 1456 inquit,

981 1465 1042 1493 volo
1065 1466 1164 1499 amari,
1194 1473 1256 1493 cum
1284 1465 1386 1493 damno
1410 1465 1593 1500 diligentium.
1614 1466 1670 1493 Mea
1696 1475 1770 1496 mors

976 1511 1056 1539 ,orbis
1067 1512 1151 1539 totius
1169 1511 1291 1538 medetur
1308 1511 1402 1538 mo‘rli.
1417 1510 1487 1544 Quid
1504 1512 1635 1539 molestus
1650 1520 1679 1540 es
1695 1513 1773 1548 plan-

985 1557 1073 1584 tandae
1088 1557 1175 1589 cruci,
1193 1557 1238 1591 qui
1253 1556 1375 1583 futurum
1392 1564 1425 1583 cx
1437 1556 1496 1591 ipsa
1511 1557 1630 1584 fructum
1649 1558 1774 1593 ignoras?

984 1602 1054 1635 Quid
1070 1602 1117 1630 Dei
1141 1609 1205 1637 erga
1222 1599 1353 1630 mundum
1382 1602 1556 1630 dilectionem
1573 1604 1709 1636 nesciens,
1723 1612 1774 1631 nc—

983 1646 1053 1676 cem'
1077 1649 1218 1683 prohibes,
1245 1657 1299 1684 qua
1330 1657 1405 1676 mors
1438 1649 1638 1676 enervabitur?
1665 1649 1772 1685 Diligis,

984 1695 1074 1728 Petre,
1099 1695 1171 1722 sicut
1197 1695 1290 1722 homo.
1304 1694 1369 1722 Sine
1391 1696 1481 1730 spargi
1496 1703 1623 1730 granum,
1641 1700 1720 1730 teque
1740 1697 1775 1723 ad

984 1749 1101 1769 messem
1128 1750 1268 1777 compara.
1285 1741 1332 1769 liis
1356 1741 1467 1776 quidem
1485 1742 1574 1769 suasit
1586 1742 1732 1777 discipulo,
1747 1748 1776 1769 ut

985 1795 1019 1815 ne
1033 1787 1163 1823 Magistro
1175 1788 1368 1822 hujuscemodi
1394 1795 1489 1822 preces
1516 1787 1683 1823 porrigeret;
1702 1789 1774 1815 haud

985 1838 1075 1861 tamen
1097 1834 1194 1861 mortis
1210 1833 1347 1861 tristitiam
1373 1834 1408 1860 ob
1429 1833 1621 1868 impr-nsiorem
1638 1834 1665 1860 in
1683 1834 1774 1868 ipsum

985 1879 1169 1911 dilectionem,
1185 1879 1277 1906 animo
1291 1879 1404 1913 depulit.
1422 1879 1458 1906 Ut
1482 1879 1565 1914 igitur
1587 1887 1620 1907 ex
1651 1887 1776 1907 resurre-

986 1926 1086 1957 ctione,
1102 1932 1163 1959 quaa
1193 1932 1247 1951 non
1271 1924 1418 1951 admodum
1432 1924 1580 1952 dilferenda
1601 1929 1684 1956 esset,
1702 1925 1776 1952 sola—

987 1977 1048 1997 men
1080 1969 1191 2004 aliquod
1220 1976 1270 2004 pro
1291 1968 1420 2004 passione
1442 1969 1612 2004 perciperet,
1632 1975 1775 2005 assumpto

987 2014 1043 2047 illo,
1058 2022 1090 2041 ac
1106 2015 1141 2041 iis
1171 2014 1216 2049 qui
1232 2015 1350 2054 proximi
1374 2014 1520 2042 dilectione
1540 2020 1643 2048 essent,
1660 2016 1775 2043 terribili

988 2061 1032 2088 illa
1046 2060 1154 2087 visione
1169 2060 1239 2094 ejus,
1257 2067 1318 2094 quae
1333 2061 1392 2087 erat
1418 2060 1445 2087 in
1463 2060 1532 2094 ipso,
1545 2060 1707 2094 divinitatis,
1727 2070 1778 2097 po-

988 2107 1100 2134 tentiam
1121 2107 1230 2134 astruit.
1251 2116 1259 2132 ι
1278 2106 1503 2141 Transﬁgnratus
1517 2107 1602 2140 enim,
1618 2108 1717 2143 inquit,
1736 2115 1778 2136 cst

987 2157 1051 2180 ante
1062 2160 1125 2180 eos:
1149 2157 1177 2180 et
1205 2152 1343 2187 splenduit
1367 2152 1451 2180 iacies
1471 2153 1531 2187 ejus
1546 2154 1617 2181 sicut
1630 2154 1681 2186 sol,
1696 2155 1779 2182 vesti-

989 2203 1080 2226 menta
1101 2202 1192 2225 autem
1203 2198 1263 2233 ejus
1279 2197 1349 2225 facta
1364 2203 1428 2225 sum
1443 2199 1503 2225 allia
1519 2199 1588 2226 sicut
1606 2200 1649 2226 nix
1667 2199 1699 2226 ³³.
1712 2209 1721 2224 ι

1027 2343 1036 2358 ι
1052 2333 1084 2360 Et
1097 2340 1159 2360 ecce
1169 2337 1356 2367 apparuerunt
1373 2332 1426 2359 illis
1446 2331 1553 2367 Moyses
1569 2337 1596 2359 ct
1618 2331 1702 2365 Elias,
1715 2340 1777 2359 cunt

987 2387 1020 2407 eo
1032 2379 1175 2414 loquentes
1190 2379 1222 2404 ³³.
1242 2388 1251 2404 ι
1271 2378 1317 2405 Sol
1331 2379 1446 2412 justitize
1477 2378 1600 2412 corporis
1616 2378 1778 2413 compressit

989 2427 1099 2459 nubent,
1119 2425 1265 2459 radiosque
1289 2424 1440 2452 divinitatis
1470 2428 1640 2459 spectatores
1660 2425 1778 2451 circum-

989 2473 1074 2500 lulsit.
1094 2471 1184 2499 Nubes
1210 2471 1294 2502 enim,
1311 2470 1370 2505 ejus
1397 2469 1471 2505 quod
1487 2477 1540 2497 non
1567 2470 1661 2497 subest
1679 2471 1777 2503 oculis,

991 2517 1144 2552 subjectum
1159 2515 1245 2543 oculis
1261 2514 1450 2542 indumentum
1465 2519 1535 2541 crat.
1554 2513 1636 2549 Novit
1652 2513 1703 2541 hoc
1719 2521 1780 2548 per-

989 2565 1083 2600 spicue
1111 2563 1212 2596 Isaias;
1228 2561 1349 2588 futurum
1374 2561 1447 2594 enim
1466 2560 1631 2595 quandoque
1655 2559 1682 2586 in
1699 2559 1780 2595 [Egy-

990 2617 1064 2647 ptnm
1080 2614 1215 2645 contuens
1229 2607 1380 2635 Salvator-is
1393 2606 1541 2633 adventum
1556 2614 1563 2631 :
1575 2614 1583 2630 ε
1602 2604 1672 2632 Ecce
1685 2604 1780 2631 Domi-

990 2667 1051 2689 nus,
1074 2657 1173 2692 inquit,
1195 2655 1272 2683 sedet
1293 2661 1378 2689 super
1394 2653 1492 2680 nubem
1521 2652 1619 2683 levem,
1640 2655 1667 2678 et
1689 2651 1781 2678 veniet

990 2705 1016 2732 in
1028 2704 1174 2739 [Egyptum
1184 2702 1219 2730 ³⁵.
1227 2711 1287 2727 ι--ε
1295 2701 1326 2728 Et
1339 2707 1404 2727 ecce
1415 2701 1602 2734 apparuerunt
1613 2697 1666 2724 illis
1675 2696 1781 2732 Moyses

989 2755 1016 2779 et
1034 2750 1118 2782 Elias,
1130 2756 1192 2777 cum
1224 2755 1257 2775 eo
1287 2747 1441 2781 loquentes.
1459 2754 1468 2771 ι
1497 2743 1638 2779 Nusquam
1655 2743 1727 2770 cnim
1747 2742 1782 2768 ab

990 2797 1050 2832 ejus
1064 2795 1207 2823 divinitate
1215 2793 1331 2828 sejuncti
1345 2797 1434 2820 erant.
1451 2791 1587 2825 Quorsum
1595 2796 1659 2817 vero
1675 2788 1782 2824 Moyses

185 2897 206 2912 "
225 2896 321 2923 Matth.
339 2898 452 2928 xu,25.
491 2897 514 2912 ~“
534 2895 630 2923 Matth.
650 2903 718 2928 xvii,
733 2895 759 2921 εὶ.
800 2893 821 2909 ³⁸
836 2892 900 2921 ibid.
914 2893 930 2920 5

982 2892 1003 2908 ³⁸
1025 2891 1079 2919 lsa.
1099 2898 1155 2923 χιχ,
1176 2890 1200 2918 l.

308 2943 443 2973 Parnm.
459 2943 517 2972 Gn.
538 2942 679 2973 XCVIII.

1561 2933 1596 2963 ’40
