2041 3159
133 181 189 216 1261

567 173 695 206 SERMO
710 172 752 202 IN
769 168 887 201 FESTO
904 167 934 196 S.
948 165 1155 197 MICHAELIS
1176 165 1287 195 ARCH.

1675 157 1741 189 1262

131 248 179 269 ram
194 237 272 274 gerit.
287 241 312 264 et
335 235 378 263 eis
402 233 546 270 providet;
561 236 588 260 et
605 232 651 266 qui
669 228 817 265 cujuslibet
833 225 905 261 quod
922 225 943 253 Α
959 223 998 250 los
1011 223 1045 255 ⁵⁵.
1065 228 1092 250 et
1111 230 1174 250 cum
1189 221 1322 274 Seraphin
1339 220 1385 272 qui
1401 219 1497 274 habe-tit
1517 217 1644 274 sexmalas
1658 218 1743 274 “,Jet

131 273 218 314 dicitur
233 287 260 310 et
282 280 443 316 intelligitur
459 280 575 310 bonum,
596 281 639 305 est
657 275 786 307 efﬁciens,
805 273 905 306 imper-

133 332 202 362 tiens,
218 328 397 363 suppeditans
409 331 438 354 et
451 325 538 361 prima
555 330 652 352 causa.
676 319 802 348 Secundo
815 322 905 363 autem

132 377 199 404 nobis
211 362 355 402 constituit
369 372 477 398 divinos
492 369 602 403 angelos
615 371 642 394 et
657 362 846 400 archan'gelos,
860 362 907 397 qui

132 430 215 450 curam
231 423 358 455 gererent
370 422 397 445 et
414 419 563 452 praeessent
575 413 669 449 generi
685 412 828 439 hominum
844 416 908 444 pro-

132 474 183 505 pter
197 454 344 494 bonitatem
361 463 516 491 naturalem
531 470 538 488 :
557 465 587 488 ιιι
602 459 808 494 suppeditarent
823 454 910 482 homi-

132 515 203 542 nibus
225 512 334 540 divinos
349 509 461 536 nuntios
476 512 504 535 et
521 506 603 537 dona,
629 509 656 532 et
672 505 869 537 componerent
883 504 910 527 et

131 561 271 595 dirigerent
283 564 377 584 eorum
391 555 473 582 vitam
490 553 524 580 ad
536 560 567 579 ea
582 559 643 586 quae
658 554 722 577 sunt
736 548 860 576 meliora.
877 546 911 573 Et

132 614 161 635 ex
176 594 273 633 divinis
291 602 400 638 quidem
418 607 444 628 et
460 599 573 627 infinitis
590 597 704 632 angelis,
716 596 784 623 alios
800 594 911 630 quidem

132 656 347 685 unumquemque
364 647 512 681 unicuique
527 651 644 680 praeesse
659 642 790 674 ﬁdelium,
807 645 834 668 et
848 647 911 668 eum

133 705 217 732 regere
235 696 321 730 jussit
336 691 479 725 Dominus,
496 695 527 718 ut
539 690 605 717 dicit
628 690 655 716 in
672 688 773 716 divinis
789 687 912 721 Evange-

133 745 173 772 liis
189 752 194 769 :
214 751 223 768 ε
252 742 348 768 Videte
364 747 397 767 ne
416 737 576 773 despiciatis
594 744 679 763 unum
695 742 727 762 ex
749 734 792 760 his
809 732 911 768 parvis,

133 787 369 826 quoniam-angeli
391 792 487 812 eorum
504 787 638 818 perpetuo
658 781 796 816 aspiciunt
815 780 913 806 faciem

133 837 214 864 Patris
234 835 289 862 mei
309 833 356 868 qui
379 836 422 859 est
448 831 475 857 in
492 830 571 858 costis
585 829 618 856 ".
641 837 651 854 ι
667 827 799 854 Similiter
822 831 915 868 autem

135 885 197 910 hanc
215 865 326 916 quoque
356 878 501 905 contlrmat
520 874 683 903 sententiam
715 873 825 901 divinus
842 865 914 906 ἰιι-ο-

135 929 207 964 pheta
229 924 324 957 David,
342 924 438 951 dicens
453 931 460 948 :
491 930 501 947 ε
519 920 559 947 Ne
576 920 624 948 des
644 921 670 946 in
698 918 913 946 commotionem

134 963 221 1009 pedem
237 977 324 1003 tuum,
341 973 369 997 et
382 976 437 998 non
456 966 614 1011 dormitabit
628 966 674 1001 qui
690 970 715 993 te
729 964 848 992 custodit
858 963 881 979 ‘°
900 972 909 989 ι

134 1019 249 1052 angelus.
485 1010 489 1011 7
689 1010 692 1013 ’

166 1065 238 1093 Alios
254 1067 356 1095 autem,
374 1065 405 1089 ut
420 1060 525 1088 alienas
550 1063 577 1086 et
593 1058 700 1093 ignotas
725 1060 820 1092 gentes
838 1062 917 1090 rege-

136 1116 201 1142 rent,
215 1114 246 1136 ut
260 1109 308 1143 qui
326 1108 418 1135 omnia
435 1105 618 1137 administret,
633 1103 778 1131 constituit
797 1109 848 1136 pro
863 1109 917 1128 nu—

136 1164 207 1184 mero
222 1155 356 1191 gentium,
374 1156 403 1180 ut
417 1159 488 1179 unus
512 1150 624 1184 angelus
644 1153 726 1176 totam
742 1150 851 1183 gentem
867 1153 918 1181 gu-

136 1203 281 1234 bernaret:
303 1199 441 1234 quomodo
462 1198 544 1226 etiam
562 1196 694 1230 scriptum
710 1194 795 1222 estin
813 1193 919 1220 cantico

136 1248 252 1276 Mosaico
268 1256 274 1273 :
292 1255 302 1272 ε
321 1245 437 1279 Quando
448 1242 586 1271 dividebat
600 1241 757 1269 Altissimus
772 1243 877 1274 gentes,
891 1242 919 1265 ut

136 1293 262 1328 dispersit
287 1292 357 1319 filios
377 1290 475 1318 Adami
495 1298 502 1316 :
525 1288 621 1316 statuit
645 1286 777 1315 terminos
797 1284 920 1320 gentium

136 1341 286 1368 secundum
310 1344 456 1365 numerum
472 1335 632 1370 angelorum
650 1333 697 1360 Dei
713 1333 746 1358 “.
767 1341 777 1357 ι
809 1331 922 1358 Summe

137 1390 225 1412 autem
237 1383 421 1415 benedictum,
433 1386 461 1410 et
475 1381 596 1415 undique
609 1378 821 1408 exaudiendum.
832 1377 922 1404 omni-

138 1439 190 1466 que
206 1438 239 1458 ex
267 1433 344 1465 parte
367 1427 553 1455 venerandum
579 1424 682 1452 militiae
697 1423 847 1459 principem
872 1421 923 1448 Mi—

137 1477 269 1508 chaelem,
288 1475 431 1502 meliorum
447 1477 475 1500 et
488 1471 621 1499 divinitus
636 1470 832 1504 inspiratorum
848 1472 875 1495 et
891 1466 924 1494 ti-

138 1522 342 1557 delissimorum
358 1519 499 1547 hominum
527 1525 589 1545 esse
615 1515 770 1551 praesidem,
788 1519 815 1542 et
828 1519 925 1541 eorum

958 270 1075 304 primum
1100 269 1190 296 locum
1209 268 1333 295 obtinent
1348 267 1417 294 inter
1434 266 1507 293 mille
1532 264 1617 292 millia
1628 284 1636 298 ,
1651 268 1679 291 et
1696 264 1744 291 de-

957 316 1013 343 cies
1042 315 1116 343 mille
1145 314 1282 349 myriades
1311 313 1496 347 angelicorum
1524 311 1688 338 ordinum-2
1718 313 1744 336 ct

959 362 1091 397 proxime,
1106 365 1132 389 et
1145 361 1212 389 citra
1225 360 1311 387 ullum
1326 363 1464 394 stuporem
1478 358 1553 385 canit
1564 362 1606 384 ter
1618 361 1743 384 sanctum

959 415 984 436 et
1000 408 1188 435 admirabilem
1210 407 1352 442 hymnum,
1377 405 1508 432 invehens
1529 404 1557 431 in
1574 403 1702 430 rebellent
1717 407 1745 429 et

959 453 1186 482 scclestissimum
1205 452 1335 479 Satanam
1351 451 1384 483 ⁸⁷,
1411 451 1457 486 qui
1475 455 1604 484 tanquam
1624 448 1717 483 fulgur
1730 455 1746 474 e

960 500 1029 528 caelo
1043 501 1069 527 in
1083 498 1381 533 terram'fuitdejcctus
1391 505 1452 524 cum
1467 496 1616 523 immundis
1628 501 1654 522 et
1666 494 1748 521 malis

960 546 1020 581 ejus
1040 545 1192 580 spiritibus.
1210 544 1335 577 Michael,
1351 544 1398 578 qui
1412 547 1453 570 est
1471 543 1591 570 maxima
1611 546 1638 568 et
1653 541 1748 568 claris-

961 592 1029 619 sima
1051 591 1128 619 stella
1140 590 1262 625 “angelici
1289 590 1397 616 decoris
1426 594 1452 616 et
1478 587 1700 622 pulchritudinis,
1721 592 1750 614 et

962 638 1008 672 qui
1023 637 1111 664 claras
1134 637 1221 664 reddit
1246 643 1277 663 ac
1297 635 1456 663 manifestas
1474 641 1568 661 omnes
1586 633 1687 661 diaboli
1705 632 1751 659 in-

963 683 1057 716 sidias,
1071 682 1118 717 qui
1130 682 1216 709 Adam
1233 689 1247 708 e
1260 681 1390 716 paradiso
1405 680 1522 715 ejectum
1536 679 1632 707 fraude
1648 679 1751 706 daemo-

963 729 1007 757 nis
1024 729 1126 756 iuimici
1143 728 1288 761 bonorum,
1304 727 1381 760 texit,
1403 726 1536 759 traduxit,
1548 731 1575 753 et
1596 726 1709 759 direxit,
1724 730 1753 753 et

964 783 1027 803 eum
1043 781 1143 803 terram
1167 775 1258 810 ligone
1272 774 1367 802 docuit
1382 773 1486 806 fodere,
1510 773 1702 808 seminareque
1725 779 1752 801 et

966 826 1078 852 metere,
1098 826 1125 849 et
1149 820 1182 847 ad
1209 820 1326 855 reliqua,
1343 827 1404 854 qua
1426 819 1570 846 utilitatem
1592 818 1752 850 aﬁ‘erebant,

967 867 1083 895 instituit
1108 875 1114 894 :
1139 870 1166 893 ct
1182 869 1211 893 ut
1228 873 1290 892 cum
1318 864 1507 892 benedictione
1531 868 1558 892 et
1582 859 1754 891 convenieuti

966 913 1115 948 gratiarum
1132 912 1248 945 actione,
1265 919 1327 939 cum
1346 911 1447 939 sudore
1463 918 1533 946 pane
1549 915 1704 938 vesceretur
1716 911 1756 938 ef-

966 956 1029 984 fecit
1042 965 1049 990 ;
1063 962 1092 984 ut
1105 956 1152 991 qui
1168 963 1199 983 ex
1217 956 1315 990 injuria
1327 956 1350 982 ei
1365 956 1518 991 contigerat
1536 956 1638 990 lapsus,
1653 963 1701 991 per
1715 955 1756 983 la-

965 1002 1103 1030 boriosam
1125 1007 1152 1029 et
1174 1002 1228 1029 Deo
1248 1007 1361 1037 gratam-
1374 1002 1480 1030 vivendi
1503 1002 1637 1029 rationem
1658 1010 1755 1030 rursus

966 1048 1158 1083 corrigeretur.
1174 1047 1300 1079 Michael,
1317 1047 1363 1083 qui
1375 1052 1417 1075 est
1432 1055 1513 1076 verus
1528 1053 1555 1076 et
1567 1048 1691 1077 sincerus
1709 1048 1755 1076 Dei

967 1103 1102 1127 assessor,
1118 1099 1145 1122 et
1161 1095 1237 1122 ducit
1251 1095 1362 1122 ordines
1386 1095 1517 1122 virtutum
1543 1095 1713 1129 cmlestium;
1731 1101 1759 1123 et

968 1146 1010 1170 cst
1023 1142 1133 1176 sapiens
1145 1142 1313 1176 gubernator
1328 1148 1423 1168 eorum
1459 1141 1505 1176 qui
1528 1141 1555 1168 in
1571 1141 1657 1168 Deum
1671 1143 1759 1169 credi-

969 1187 1078 1215 derunt.
1091 1187 1141 1220 Qui
1158 1187 1194 1222 pii
1205 1186 1368 1222 patriarchze
1380 1187 1505 1220 Abrahae,
1517 1187 1568 1214 etsi
1584 1195 1637 1214 non
1652 1188 1758 1215 videre-

970 1237 1026 1268 tur,
1043 1233 1183 1269 prohibuit
1195 1234 1316 1268 gladium
1328 1233 1361 1264 ⁸⁸,
1377 1240 1411 1260 ne
1427 1238 1549 1267 tangeret
1582 1233 1638 1262 Deo
1651 1239 1758 1270 gratum

971 1281 1031 1316 ejus
1044 1281 1129 1308 lilium
1144 1280 1228 1312 Isaac.
1247 1284 1390 1316 postquam
1406 1281 1487 1316 230
1501 1278 1674 1316 apparuisset
1684 1283 1759 1309 omni

972 1335 1005 1355 ex
1016 1331 1092 1362 parte
1108 1327 1262 1355 absolutum
1278 1332 1304 1355 et
1324 1327 1378 1355 Deo
1394 1333 1501 1363 gratum
1517 1329 1680 1363 patriarchae
1695 1337 1760 1364 pro-

973 1374 1092 1408 positum
1109 1382 1116 1400 :
1132 1378 1158 1401 et
1176 1374 1203 1401 in
1220 1381 1253 1400 eo
1271 1373 1408 1401 benedixit
1431 1382 1527 1402 omnes
1547 1380 1649 1411 gentes,
1669 1380 1762 1410 utpote

974 1427 1006 1447 ex
1035 1427 1091 1456 quo
1129 1420 1279 1448 secundum
1312 1428 1422 1448 carnem
1461 1426 1534 1449 esset
1558 1422 1762 1456 germinaturus

975 1466 1099 1494 Christus
1111 1474 1191 1494 verus
1205 1466 1276 1494 Deus
1288 1472 1314 1494 et
1328 1466 1454 1494 Servator
1465 1473 1566 1494 noster.
1579 1467 1703 1500 Michael,
1719 1467 1763 1496 fax

977 1513 1128 1541 clarissima
1154 1513 1344 1541 immaterialis
1370 1519 1396 1541 et
1418 1514 1566 1541 inaccessae
1585 1515 1670 1547 lucis,
1682 1519 1709 1542 et
1725 1515 1764 1542 di-

139 1567 235 1597 salutis
249 1573 341 1594 curam
358 1558 573 1600 gerere'votuit:
590 1561 728 1596 quomodo
743 1560 800 1594 ipse
817 1558 926 1586 univer-
940 1561 961 1591 ο
979 1559 1058 1587 vinus
1073 1560 1171 1588 ductor
1194 1560 1378 1596 angelicorum
1393 1560 1530 1587 ordinum.
1548 1560 1599 1594 Qui
1617 1562 1766 1596 legislatori

140 1622 233 1642 eorum
249 1612 320 1640 Deus
333 1611 403 1639 dixit
414 1610 482 1637 Mosi
497 1615 638 1637 sacrorum
652 1607 792 1641 interpreti
805 1615 812 1634 :
828 1615 838 1632 ‹
854 1605 927 1633 Vade

139 1660 172 1687 ad
187 1659 356 1687 Pharaonem
382 1663 472 1691 regem
495 1654 616 1690 Egypti,
632 1658 659 1681 et
678 1652 778 1681 educes
797 1653 927 1688 populum

140 1712 231 1732 meum
249 1704 319 1730 lllios
339 1702 422 1730 lsrael
435 1709 468 1729 ex
484 1699 601 1737 Egvpto
618 1708 625 1727 :
640 1704 668 1727 et
681 1699 785 1726 mittam
802 1697 927 1733 angelunt

141 1757 233 1778 meum
250 1753 314 1777 ante
331 1747 428 1775 faciem
443 1752 529 1780 tuam,
548 1751 578 1774 ut
602 1746 718 1773 deducat
744 1744 874 1779 populum
900 1743 927 1770 in

141 1801 243 1823 terram
269 1795 316 1822 tibi
338 1795 512 1829 promissam,
529 1799 611 1828 quam
630 1790 720 1827 juravi
744 1789 869 1824 patribus
883 1795 929 1815 ve-

140 1840 208 1867 stris
223 1839 257 1866 ".
282 1848 291 1864 ι
310 1838 383 1871 Quin
409 1838 491 1864 etiam
516 1836 647 1872 propheta
663 1835 756 1862 Daniel
774 1834 800 1861 in
825 1834 930 1861 visione

140 1884 243 1919 angeli,
258 1884 363 1911 audivit
373 1890 436 1910 eum
451 1883 587 1910 dicentem
604 1890 612 1908 :
632 1891 641 1907 ί
658 1880 788 1915 Princeps
802 1887 848 1907 seu
861 1886 931 1915 pras-

141 1938 187 1958 ses
203 1930 317 1965 angelus
334 1929 410 1964 regni
436 1928 582 1955 Persarum
601 1927 699 1955 restitit
719 1927 785 1954 mihi
803 1933 836 1953 ne
851 1933 931 1953 revo-

141 1979 255 2004 caretur
277 1975 395 2010 populus
415 1973 500 2002 Israel
524 1981 557 2001 ex
582 1972 739 2007 captivitate
761 1971 929 2007 Babylonis:

111 2056 114 2060 .
140 2029 195 2048 nec
215 2026 258 2048 est
274 2020 346 2048 ullus
365 2020 412 2055 qui
428 2026 476 2047 eos
494 2027 601 2046 mecum
615 2022 733 2051 tueatur,
753 2017 806 2045 nisi
819 2016 932 2044 Michael

139 2067 274 2103 princeps
284 2070 374 2094 vester
389 2066 423 2093 ”.
442 2074 451 2091 ι
465 2064 527 2093 Hoc
542 2070 633 2092 autem
651 2065 739 2099 ipsum
762 2063 802 2090 sic
823 2070 933 2098 quoquo

141 2113 232 2140 David
247 2117 340 2147 aperte
358 2111 514 2146 significat:
531 2120 540 2133 ι
559 2110 806 2138 Castrametabitur
821 2110 933 2144 angelus

142 2159 256 2186 Domini
282 2160 308 2186 in
335 2159 452 2186 circuitu
477 2158 629 2185 timentium
654 2164 736 2188 eum,
761 2160 789 2183 et
810 2155 935 2183 liberabit

141 2214 196 2234 eos
212 2206 247 2232 “.
270 2215 279 2231 ι
301 2206 368 2239 Quis
387 2205 458 2232 enim
485 2208 540 2231 tam
569 2208 698 2231 strenuus
723 2202 843 2229 fidelium
871 2209 933 2236 pro-

978 1605 1046 1634 Mosi
1059 1613 1123 1637 oves
1138 1607 1259 1641 pascenti
1275 1606 1302 1633 in
1319 1610 1410 1634 monte
1424 1607 1524 1634 Chorin
1541 1615 1675 1643 apparens
1692 1612 1766 1637 totus

979 1653 1005 1680 ln
1021 1651 1109 1679 medio
1125 1652 1183 1680 rubi
1199 1653 1231 1684 ⁸³,
1253 1660 1313 1679 eum
1337 1653 1432 1680 urebat
1447 1653 1506 1681 sine
1529 1653 1584 1680 ulla
1603 1653 1725 1686 laesione,
1739 1658 1767 1682 et

979 1705 1033 1725 non
1059 1698 1237 1725 comburebat
1263 1698 1385 1732 omnino,
1407 1699 1484 1734 signa
1509 1700 1690 1728 sanctissimae
1713 1700 1766 1727 Do.

981 1745 1061 1772 mina:
1075 1750 1174 1772 no‘trae
1187 1744 1233 1771 Dei
1250 1745 1371 1779 parentis
1387 1745 1557 1780 significans.
1576 1746 1701 1779 Michael.
1720 1747 1767 1781 qui

980 1791 1072 1818 divino
1091 1795 1158 1817 nutu
1183 1791 1287 1825 primas
1306 1795 1397 1825 partes
1408 1791 1513 1818 obtinet
1534 1791 1606 1819 inter
1628 1792 1698 1827 ignis
1715 1793 1767 1819 mi-

982 1836 1081 1864 nistros
1096 1841 1109 1862 ’:
1128 1840 1155 1863 et
1177 1841 1278 1863 terram
1307 1836 1374 1870 obit,
1395 1836 1512 1871 impleus
1526 1838 1702 1865 voluntatem
1720 1837 1769 1866 Dei

981 1881 1193 1916 omnipotentem
1207 1889 1214 1914 ;
1229 1881 1303 1915 quia
1317 1881 1423 1908 ratione
1439 1881 1558 1909 alienum
1574 1883 1644 1910 vatis
1659 1882 1768 1910 Balaam

981 1926 1120 1962 prohibuit
1140 1927 1269 1962 impetum
1283 1927 1396 1955 terribili
1422 1935 1471 1955 suo
1492 1927 1644 1956 adventu"
1665 1938 1671 1957 :
1688 1936 1768 1963 quem

982 1974 1064 2003 etiam
1078 1982 1140 2002 cum
1156 1975 1267 2002 vidisset
1281 1975 1356 2002 asina
1371 1980 1398 2002 et
1417 1976 1565 2007 timuisset,
1581 1976 1694 2004 rationis
1707 1985 1770 2011 par—

983 2020 1065 2055 ticipe
1075 2027 1141 2048 voce
1153 2027 1244 2047 senem
1262 2025 1397 2047 amentem
1409 2021 1536 2048 correxit.
1545 2021 1671 2055 Michael,
1686 2030 1770 2057 ange-

984 2067 1072 2093 lorum
1092 2066 1189 2093 ductor
1216 2066 1294 2101 longe
1314 2066 1453 2094 maximus
1475 2071 1502 2094 et
1526 2067 1771 2095 excellentissimus

985 2112 1108 2140 minister
1124 2112 1222 2139 divinae
1239 2112 1304 2146 legis
1328 2120 1388 2147 quae
1401 2113 1464 2140 data
1475 2112 1525 2140 fuit
1540 2113 1567 2141 in
1585 2119 1677 2141 monte
1690 2113 1770 2146 Sina;

985 2158 1031 2193 qui
1048 2166 1110 2185 cum
1127 2158 1222 2185 famuli
1238 2159 1284 2185 Dei
1304 2158 1385 2186 Mosis
1401 2159 1522 2186 animam
1547 2160 1707 2195 accepisset,
1721 2161 1771 2188 ob-

987 2212 1097 2233 scurum
1114 2209 1140 2238 et
1153 2205 1298 2232 exitiosum
1311 2205 1447 2233 diabolum
1460 2206 1493 2233 de
1506 2205 1567 2240 ejus
1583 2214 1698 2241 corpore
1709 2214 1772 2233 cum

142 2255 286 2287 pugnator
298 2251 444 2285 insigniter
455 2250 591 2284 apparuit,
605 2248 710 2276 Veteris
722 2253 748 2275 et
763 2247 831 2275 Novi
843 2247 937 2275 TeSta-
952 2244 975 2272 D
988 2253 1047 2287 ipso
1062 2259 1158 2280 ausum
1189 2252 1270 2279 verba
1297 2250 1432 2285 conferre,
1456 2259 1563 2280 cessare
1589 2252 1653 2280 fecit
1675 2256 1702 2279 et
1718 2252 1773 2279 cito

143 2298 235 2325 menti
256 2298 422 2325 intercessor
442 2295 673 2323 illuminationum
689 2303 697 2328 ;
716 2302 823 2329 semper
845 2298 935 2323 castra

141 2344 243 2372 locans
260 2344 286 2370 in
302 2343 418 2371 circuitu
436 2343 567 2375 fidelium,
583 2345 611 2368 et
625 2349 675 2368 nos
692 2341 828 2378 redimens
847 2348 861 2368 a
876 2341 937 2368 telis

141 2390 247 2422 Belial,
266 2395 292 2417 et
308 2390 430 2417 omnium
454 2388 629 2416 inimicorum
648 2393 805 2418 nostrorum
821 2387 868 2422 qui
886 2387 941 2423 sub,

141 2440 264 2470 aspectu
284 2435 386 2462 cadunt
402 2438 428 2461 et
446 2441 499 2461 non
516 2434 629 2465 cadunt,
653 2437 682 2460 ut
702 2432 828 2466 Michael,
849 2433 937 2461 dulcis

142 2487 246 2508 revera
261 2481 304 2507 res
319 2484 346 2506 et
359 2478 480 2506 nomen?

183 2525 314 2558 Michael,
330 2525 377 2560 qui
395 2525 474 2560 plane
497 2529 539 2552 est
563 2523 660 2558 plenus
673 2524 773 2559 pietate
789 2524 939 2559 archange-

141 2573 226 2605 lica;
241 2572 287 2607 qui
312 2577 421 2607 propter
434 2579 493 2598 eam
517 2579 578 2606 quae
594 2571 720 2598 convenit
743 2570 769 2597 in
795 2571 938 2598 Dominum

144 2617 347 2650 reverentiam,
364 2618 492 2652 pietatem
506 2622 533 2644 et
547 2617 615 2652 grati
631 2617 713 2644 animi
730 2616 856 2643 virtutem
872 2616 938 2643 incf.

143 2663 277 2696 labilem,
294 2667 322 2690 et
347 2671 407 2698 qua:
435 2663 535 2690 mutari
564 2669 619 2689 non
650 2666 738 2697 potest
762 2663 938 2690 stabilitatem

143 2717 241 2745 prope
265 2709 394 2737 thronum
416 2709 519 2737 assistit
538 2708 709 2736 Dominlcum
731 2708 896 2736 horrendum
917 2713 944 2736 et

143 2755 319 2788 terribilem,
346 2763 408 2783 cum
424 2755 561 2783 Cherubin
577 2755 623 2790 qui
640 2755 742 2782 multos
759 2755 859 2783 habent
876 2764 943 2784 ocu-

188 2823 216 2840 ”
232 2822 328 2851 Matth.
347 2831 423 2855 xvm,
444 2823 487 2851 10.

539 2824 562 2839 ⁸⁸
577 2823 648 2851 Psal.
668 2830 732 2857 cxx,
747 2822 776 2850 Α.

146 2858 200 2886 15.
243 2858 265 2873 ⁸⁵
283 2858 354 2886 Psal.
372 2867 470 2889 χχχιιι.
489 2859 515 2886 8.

569 2859 591 2875 “
606 2859 705 2886 Ezech.
723 2867 742 2890 ι.
764 2859 806 2886 is.

831 2824 853 2840 “
870 2825 949 2855 Deut.
970 2835 1058 2859 xxx".
1091 2826 1117 2854 8-

854 2860 879 2875 ⁸⁸
894 2861 948 2889 lsa.
970 2871 1007 2895 vt,
1024 2863 1050 2890 5.

147 2901 199 2927 ιιι,
216 2895 242 2922 2.
280 2894 302 2910 ⁸⁸
318 2893 399 2921 Num.
417 2902 485 2946 x'xn,
497 2894 543 2921 25.
579 2895 600 2924 ','
615 2893 692 2922 Judae
703 2894 729 2922 9.
753 2895 868 2923 "Josuc
882 2904 908 2930 v,
929 2897 971 2925 i5.

988 2305 1149 2326 cvanescure
1166 2296 1197 2324 ⁵¹.

1024 2342 1147 2374 Michael,
1166 2341 1214 2376 qui
1228 2341 1250 2369 si
1277 2341 1302 2369 id
1320 2341 1516 2376 interpreteris,
1535 2343 1634 2370 dicitur
1651 2343 1696 2371 Dei
1719 2344 1773 2370 dux

987 2393 1015 2416 et
1029 2387 1174 2420 exercitus,
1192 2392 1219 2415 et
1234 2387 1400 2415 fortissimus
1419 2393 1556 2423 pugnator
1573 2393 1600 2416 et
1616 2395 1773 2424 propugna-

989 2439 1030 2462 tor
1045 2442 1138 2462 corum
1154 2433 1199 2468 qui
1215 2441 1291 2468 spem
1307 2433 1443 2461 collocant
1458 2434 1485 2460 in
1504 2434 1618 2462 Domino
1634 2445 1641 2463 :
1658 2440 1685 2463 ει
1699 2437 1777 2463 llam—

992 2489 1052 2510 ntea
1073 2482 1209 2516 romphaea
1224 2488 1284 2516 quae
1300 2479 1400 2508 scindit
1418 2479 1636 2509 machinationes
1648 2482 1777 2510 adversa--

992 2527 1108 2559 riorum,
1127 2532 1181 2554 tam
1197 2533 1290 2553 eorum
1315 2525 1361 2560 qui
1383 2525 1434 2553 sub
1454 2525 1670 2561 intelligentiam,
1694 2536 1776 2563 quam

992 2581 1086 2601 eorum
1099 2574 1144 2608 qui
1156 2573 1255 2600 cadunt
1268 2572 1318 2600 sub
1330 2579 1440 2599 sensum
1453 2581 1460 2605 ;
1474 2572 1517 2607 qui
1530 2572 1594 2600 ,ιι-ευ
1607 2573 1679 2602 Nave
1692 2575 1777 2602 arium

993 2619 1117 2655 dirigcnti
1132 2624 1225 2646 contra
1242 2618 1412 2645 adversarios
1428 2618 1501 2646 visus
1518 2623 1559 2646 est
1572 2620 1666 2648 stricto
1679 2621 1777 2656 gladio,

995 2669 1020 2692 et
1036 2673 1098 2691 eum
1115 2664 1214 2691 terruit
1234 2664 1285 2690 hoc
1303 2663 1392 2691 alieno
1407 2669 1433 2691 et
1448 2664 1559 2691 terribili
1573 2666 1740 2700 spectaculo,
1754 2672 1781 2693 ct

998 2712 1120 2738 hortatus
1142 2713 1184 2736 est
1204 2713 1233 2736 ut
1252 2717 1362 2736 manum
1386 2715 1550 2743 consereret,
1573 2715 1599 2738 et
1625 2712 1782 2740 concideret

998 2757 1125 2785 inimicos
1143 2756 1188 2784 Dei
1204 2756 1296 2783 hostes
1313 2756 1347 2782 °'.
1368 2755 1492 2788 Michael,
1512 2756 1633 2784 omnium
1654 2765 1782 2792 suprema

1169 2825 1190 2842 “
1208 2823 1413 2862 Εςοᾲειιιιιος-
1457 2832 1535 2857 ulli,
1553 2825 1597 2862 20,
1637 2826 1659 2842 “
1675 2827 1740 2855 Dan.
1756 2837 1782 2862 κ,

1109 2862 1130 2877 ⁸⁷
1148 2860 1214 2888 Luc.
1231 2868 1257 2894 ιι,
1277 2859 1318 2887 l8.
1351 2860 1373 2876 “
1393 2859 1461 2888 Gen.
1498 2869 1566 2894 un,
1586 2861 1628 2888 l2.
1661 2862 1682 2877 “
1698 2859 1782 2897 Exod,
