2041 3159
271 198 338 230 Γ263

834 189 1099 224 PANTALEONIS
1112 187 1269 219 DIACONI
1287 187 1341 218 CP-

1833 182 1903 215 19.64

268 257 413 292 ignemque
429 254 519 281 ferens
536 253 639 287 lampas
652 250 812 282 divinitatis,
830 257 891 285 qum
905 253 946 276 est
956 247 1057 283 princi-
1072 248 1093 275 Α
1109 252 1170 273 sere
1186 243 1271 271 habiti
1289 243 1408 274 fuerant,
1432 240 1459 268 in
1477 240 1616 276 regionem
1635 237 1751 274 patriam
1770 237 1902 267 restituit,

268 305 344 339 pium
371 302 450 334 lucis,
476 301 610 335 unicaque
629 305 656 327 et
676 299 745 326 trina
774 302 800 324 et
821 295 930 324 subtilis
954 299 1059 322 naturae

269 349 431 377 constitutio
450 357 456 374 :
473 347 520 382 qui
537 353 613 374 terra:
627 345 694 372 lines
709 345 766 372 obit
780 343 915 374 celeriter,
928 346 955 369 et
969 341 1012 376 pie
1026 341 1059 368 iis

270 397 369 431 quibus
400 395 458 422 vult
491 394 561 421 Deus
588 397 662 419 muta
692 392 778 425 ﬁgura
803 395 924 424 apparet.
947 387 998 421 Qui
1026 387 1059 416 ad

270 442 426 469 Gedeoncm
439 439 538 467 solaris
552 439 640 465 instar
656 437 724 464 radii
741 436 823 468 venit,
836 440 862 462 et
876 435 911 462 ab
925 435 984 469 ipso
1000 439 1060 461 tart-

271 495 353 523 quam
369 487 478 513 divinus
496 489 522 512 et
539 483 659 511 caelestis
676 482 788 517 angelus
806 481 856 508 fuit
867 481 997 507 adoratus
1013 489 1020 506 :
1034 484 1062 507 et

272 533 352 567 ignea
374 531 449 565 virga
464 535 594 564 tanquam
618 528 810 555 holocaustum
833 526 1004 561 consumpsit.
1021 524 1060 552 ci-

273 581 337 606 bum
357 585 438 610 quem
454 576 606 607 obtulerat;
626 579 653 601 et
667 582 728 601 eum
743 581 803 601 cum
822 572 951 600 trecentis
973 572 1061 600 solum

274 623 470 659 impotentibus
502 621 690 649 corroboravit
714 620 845 646 adversus
870 619 990 645 maxime
1011 618 1062 644 im-

273 672 346 706 piam
364 675 391 697 et
414 669 546 696 inﬁnitant
576 667 785 694 Madianitarum
811 665 1013 692 multitudinem
1028 664 1061 690 ⁸³.

275 717 400 749 Michael,
416 717 533 743 maxime
548 714 720 749 perspicuum
738 712 978 747 purissimumque,
987 715 1014 737 et
1030 710 1064 738 ab

276 763 351 791 omni
365 762 474 790 macula
497 761 616 788 alienum
634 760 776 794 speculum
801 757 948 785 ineﬂ'abilis
970 760 998 784 et
1012 756 1065 784 im-

276 818 377 838 mensae
402 806 614 844 pulchritudinis
642 806 728 834 divini
753 810 779 833 et
807 804 914 832 fontani
942 804 1009 832 radii
1038 809 1065 831 et

276 856 443 891 splendoris;
460 859 486 881 et
500 858 610 881 acutum
631 853 716 880 telum
736 851 854 887 potentis
871 855 898 878 et
914 850 1004 885 magni
1022 857 1065 878 re-

274 903 317 935 gis
333 901 389 928 Dei.
409 900 461 933 Qui
476 900 615 934 propheta:
627 897 734 925 Nathan
745 897 872 931 apparuit
887 895 1063 931 resplenden-

275 954 330 976 tem
347 953 444 974 tenens
470 946 603 977 lanceam,
624 949 652 972 et
670 944 695 971 ei
712 944 832 970 animum
854 942 958 970 addidit
972 942 1005 969 ad
1023 949 1066 968 ar-

277 994 414 1031 guendum
432 993 477 1020 Dei
493 996 632 1027 parentem
654 989 749 1022 David,
770 994 880 1024 propter
897 989 1001 1024 lapsum
1018 988 1066 1023 qui

277 1040 439 1071 acciderat:
465 1043 492 1065 et
519 1037 573 1064 cito
597 1040 627 1063 ut
648 1036 782 1063 bonorum
807 1033 913 1060 amicus
943 1032 1066 1065 recessit,

278 1087 400 1122 quando,
419 1095 428 1111 ‹
444 1084 556 1112 Peccavi
572 1082 687 1110 Domino
697 1081 731 1115 ⁵⁸,
750 1090 760 1107 ι
778 1088 810 1108 ex
826 1079 963 1115 profundo
976 1078 1067 1107 cordis

276 1142 290 1160 a
312 1133 395 1161 David
412 1139 473 1167 rege
488 1130 583 1158 audiit.

314 1202 431 1230 Michael
445 1207 541 1235 purum
554 1202 579 1226 et
593 1205 677 1233 capax
693 1196 894 1231 receptaculum
906 1193 1070 1227 beatissima:

279 1252 350 1279 lucis
363 1249 515 1280 eiiusionis,
532 1251 557 1274 et
571 1247 669 1273 divina:
684 1242 905 1274 illuminationis,
919 1245 947 1269 et
969 1241 1070 1268 acutis-

279 1299 368 1325 simus
383 1300 410 1323 et
423 1292 630 1330 pernicissimus
645 1290 751 1326 gladius
767 1289 793 1316 in
809 1296 856 1316 eos
875 1288 922 1322 qui
944 1285 1071 1320 blaspheu

281 1347 358 1372 maut
373 1341 528 1369 Dominum.
544 1338 594 1371 Qui
608 1342 718 1364 centum
733 1339 761 1362 et
776 1334 974 1370 quinquaginta
991 1332 1071 1367 quin-

281 1397 335 1425 que
352 1388 438 1416 millia
462 1384 622 1413 exsecrandi
648 1387 675 1410 et
698 1381 773 1416 impii
797 1379 984 1408 Seunacherib
999 1378 1071 1413 regis

282 1431 458 1470 Assyriorum
480 1432 507 1459 in
528 1438 582 1458 uno
597 1433 738 1456 momento
752 1431 834 1454 noctu
854 1424 942 1453 morte
956 1425 1046 1453 aﬁ‘ecit
1063 1433 1070 1452 :

282 1486 309 1508 et
325 1481 359 1508 ab
372 1480 432 1515 ejus
446 1477 585 1513 tyrannide
598 1474 723 1502 liberavit
735 1473 808 1508 pium
820 1479 911 1507 regem
927 1470 1070 1498 Ezechiam

283 1535 346 1555 cum
364 1525 472 1552 civitate
485 1522 636 1550 Jerusalem
647 1521 681 1547 ".
699 1518 823 1551 Michael,
841 1517 886 1552 qui
906 1521 948 1544 est
964 1515 1072 1543 lucidus

284 1577 313 1600 et
330 1571 450 1600 candens
467 1569 598 1603 Spiritus,
615 1566 770 1600 multosque
794 1564 899 1591 habens
925 1562 1019 1591 oculos
1044 1565 1072 1590 et

285 1616 502 1653 potentiSsimus,
518 1619 545 1641 et
559 1613 594 1640 ab
608 1611 684 1638 omni
700 1610 834 1638 materiali
847 1609 1018 1644 apparitione
1033 1616 1075 1636 re-

287 1667 390 1694 motus,
406 1665 432 1688 et
449 1659 551 1687 nullam
568 1657 682 1685 ontniuo
697 1656 844 1683 admittens
859 1655 1073 1690 corruptionem;

287 1708 334 1744 qui
360 1714 412 1734 una
427 1713 490 1732 eum
505 1703 602 1731 Azaria
616 1706 643 1729 et
659 1701 772 1736 reliquis
791 1700 940 1736 symbolice
956 1699 1076 1727 ascendit
1104 1712 1106 1715 -

289 1755 316 1781 in
341 1753 481 1780 fornacem
494 1758 501 1776 :
516 1754 544 1777 et
561 1754 617 1776 tres
640 1748 758 1775 maxime
776 1747 836 1782 pios
850 1754 951 1782 pueros
976 1746 1076 1777 illaesos

290 1798 463 1828 conservavit
486 1801 536 1824 :et
561 1795 652 1824 divina
678 1794 769 1829 specie
791 1798 955 1828 conspectus
976 1800 991 1820 a
1016 1799 1078 1827 rege

289 1845 555 1875 Nabuchodonosor,
567 1849 627 1868 eum
642 1847 740 1875 magna
751 1838 840 1866 aﬁ‘ecit
852 1839 1033 1865 admiratione
1044 1838 1077 1865 ⁵⁶.

290 1891 415 1924 Michael,
423 1891 599 1925 quiversatur
607 1887 637 1915 in
648 1886 736 1917 cmlis,
748 1888 775 1912 et
782 1885 909 1912 aetherem
920 1884 1004 1911 ambit
1019 1888 1080 1911 tan-

292 1945 373 1973 quam
389 1934 484 1970 pernix
497 1932 601 1967 fulgur;
614 1935 641 1958 et
654 1931 810 1958 universam
821 1937 882 1964 quae
892 1934 935 1956 est
946 1929 997 1956 sub
1009 1929 1080 1956 caelo

292 1990 393 2011 terram
413 1987 467 2007 uno
493 1982 631 2006 momento
656 1975 788 2011 pervadit,
816 1975 930 2010 piosque
947 1975 994 2008 qui
1014 1973 1081 2001 aﬁli-

294 2033 394 2065 guntur
409 2026 492 2056 addit,
511 2026 616 2051 recreat
632 2026 658 2048 et
670 2021 845 2053 consolatur;
856 2020 903 2054 qui
921 2019 1080 2054 prophetam

295 2074 432 2102 ttaniclem
450 2072 476 2098 in
492 2071 582 2096 lacum
607 2075 654 2102 per
671 2067 799 2101 injuriam
824 2066 978 2100 conjectum
994 2066 1081 2092 celer-

295 2121 364 2146 rime
378 2115 560 2148 conservavit,
576 2118 602 2141 et
616 2120 750 2140 saevorum
768 2112 876 2138 leonum
897 2119 944 2138 ora
961 2111 1082 2138 refrena-

295 2166 350 2195 vit;
372 2169 399 2191 et
423 2163 561 2189 Habacum
584 2159 685 2194 rapuit,
706 2162 733 2185 et
752 2158 784 2184 ad
800 2165 863 2184 eum
882 2150 943 2184 cum
960 2157 1022 2183 cibo
1036 2164 1084 2190 pa-

296 2218 356 2239 rato
368 2219 382 2237 a
397 2208 540 2236 Palatstiua
558 2206 669 2233 adduxit
690 2204 853 2239 Babylonem
866 2208 893 2230 et
908 2211 969 2230 eutn
988 2211 1084 2230 rursus
1099 2194 1121 2221 D

295 2261 407 2293 repente
424 2255 450 2282 in
467 2261 546 2280 suum
562 2252 653 2279 locum
667 2251 785 2277 restituit
801 2250 834 2276 ⁸⁷.
851 2249 965 2276 Michael
981 2249 1028 2284 qui
1044 2253 1085 2276 est

296 2310 414 2338 magnus
430 2301 556 2337 princeps
583 2298 766 2333 angelicorum
782 2296 953 2323 exercituum
970 2299 997 2323 et
1011 2295 1084 2322 ordi-

299 2357 362 2376 num
387 2346 648 2382 archaugclicorunt,
664 2343 883 2377 beatissimeque
898 2346 924 2368 et
944 2342 1085 2368 immensa:

296 2394 413 2430 ὶίτείυηὶε
438 2393 676 2426 incorporeorum;
697 2394 723 2416 et
738 2388 784 2423 qui
811 2387 862 2415 fuit
879 2389 979 2414 veteris
1004 2387 1086 2415 Israel

299 2445 388 2468 rector
403 2439 450 2466 illo
476 2443 609 2471 tempore,
630 2443 725 2462 recens
740 2439 830 2460 autem
848 2434 925 2460 electi
944 2441 958 2460 a
974 2433 1085 2460 Christo

299 2484 482 2522 cognominati
510 2482 617 2509 lsraclis
637 2481 691 2508 dux
711 2481 912 2512 validissimus,
938 2484 965 2507 et
993 2484 1087 2507 custos

300 2533 464 2563 tutissimus,
479 2535 506 2556 et
520 2529 616 2555 doctor
633 2527 677 2554 Dei
695 2530 904 2561 praeceptorum.
921 2525 972 2558 Qui
989 2525 1088 2553 Persa-

297 2587 361 2606 rum
378 2577 519 2613 pnesidem
537 2575 661 2609 angelum
675 2574 858 2605 resistentem,
875 2581 909 2599 nc
923 2581 938 2599 a
954 2572 1089 2607 Babylone

298 2625 482 2653 iiberareutur
497 2621 595 2655 captivi
615 2619 753 2651 Israelita),
776 2618 873 2653 repulit
888 2623 1018 2653 tanquam
1039 2619 1088 2645 ad-

302 2669 452 2697 versarium
471 2672 519 2695 :et
537 2665 659 2700 captivos
679 2665 724 2699 qui
743 2663 916 2699 septuaginta
932 2672 1018 2691 annos
1041 2664 1090 2691 mi-

338 2726 362 2741 ⁵³
382 2724 470 2751 Judic.
489 2731 525 2755 vi,
542 2722 585 2754 12,
605 2722 651 2748 ‘21.
717 2721 739 2736 “
754 2719 775 2747 ll
794 2721 859 2755 Reg.
895 2728 944 2753 xu,
961 2721 1002 2748 15.

303 2762 334 2790 Si
353 2768 428 2794 seqq.
484 2759 506 2774 ⁵⁸
526 2758 592 2783 Dan.
611 2765 638 2788 Χ,
659 2757 694 2794 ἦ
707 2763 782 2794 seqq.
838 2755 960 2794 "mloan.
979 2763 1004 2786 v,
1024 2755 1050 2782 4.

304 2798 326 2813 ⁶¹
346 2791 439 2822 Matth.
457 2801 530 2826 xxtv,
551 2793 566 2819 5
581 2800 668 2826 seqq;
687 2791 772 2818 lCor.
793 2799 837 2824 xv,
859 2791 902 2818 5L

342 2843 378 2878 (2)
396 2841 533 2878 Mil-acula
549 2840 585 2878 in_
601 2839 732 2878 archippo
757 2838 848 2872 templi
863 2837 984 2865 Cerifero
997 2837 1089 2878 iacta,

306 2873 492 2911 euitt'reliquis
509 2877 552 2902 ltic
581 2875 812 2911 insinuatiskseu
824 2909 829 2911 _
842 2881 904 2911 quze
927 2873 1022 2911 angelo
1039 2873 1089 2898 tri»

306 2907 478 2941 buuntur-in
503 2911 657 2944 Scriptura,
680 2908 803 2943 pluribus
824 2908 894 2934 idem
927 2907 1087 2944 Pantaleon,

307 2952 334 2978 et
349 2946 543 2983 Mutapltrastes
551 2943 584 2974 de
594 2943 733 2972 miraculis
748 2944 774 2970 in
796 2944 904 2978 regione
925 2943 1061 2971 Client-usi
1073 2950 1088 2969 ιι

1086 2721 1109 2736 ⁵⁵
1127 2719 1158 2747 IV
1179 2719 1244 2755 Reg.
1266 2719 1380 2755 xtx,35.

1116 2756 1138 2771 °°
1153 2755 1211 2782 Jac.
1223 2754 1251 2787 ⁷1,
1267 2754 1312 2780 17.

945 2795 968 2811 ⁸³
986 2794 996 2822 l
1013 2794 1077 2822 Cor.
1091 2801 1116 2827 v,
1129 2793 1173 2823 10.

1109 295 1219 326 propter
1234 289 1376 317 assiduam
1394 295 1458 315 cum
1475 285 1629 314 vehementi
1642 284 1747 320 jejunio
1771 288 1798 311 et
1811 284 1906 311 multis

1109 337 1240 372 lacrymis
1257 335 1342 363 divini
1359 333 1635 368 Danielis-prophetm
1651 338 1702 366 pro
1717 331 1757 358 eis
1772 331 1804 357 ad
1819 330 1905 358 Deum

1109 383 1296 419 precationem
1310 381 1343 408 ⁸⁸.
1365 379 1493 411 Michael,
1505 378 1552 414 qui
1566 382 1609 405 est
1621 385 1636 405 a
1660 376 1716 404 Deo
1736 376 1906 403 constitutus

1110 436 1234 457 assessor
1266 427 1389 462 mysticae
1406 425 1559 456 Trinitatis,
1579 427 1724 458 mystaque
1737 422 1909 448 illuminator

1110 479 1137 502 et
1160 474 1282 501 initiator
1309 479 1434 506 superna:
1463 469 1637 500 hierarchias,
1662 471 1689 494 et
1715 467 1818 494 Veteris
1834 467 1908 500 quod

1111 519 1244 555 praeteriit
1256 516 1435 546 Testamenti,
1449 519 1477 543 et
1487 514 1571 542 Novae
1582 517 1684 541 nostra:
1698 513 1792 540 electa:
1803 511 1909 539 Christi

1112 565 1290 594 hatreditatis.
1321 563 1374 596 Qui
1407 561 1556 598 probaticze
1589 560 1701 595 piscina:
1726 563 1795 593 quot
1824 558 1907 585 annis

1112 619 1199 647 aquas
1215 609 1405 638 sanctiﬁeabat
1423 608 1449 634 in
1466 607 1581 642 ﬁguram
1599 605 1683 632 divini
1702 603 1876 639 baptismatis
1897 610 1906 630 :

1113 662 1140 685 et
1157 657 1180 685 ei
1199 655 1245 691 qui
1263 656 1367 690 primus
1385 654 1411 681 in
1427 660 1487 680 eam
1514 651 1707 683 descendebat,
1727 650 1820 676 statim
1839 657 1910 684 pm-

1113 703 1194 730 bebat
1210 701 1392 732 curationem,
1421 705 1587 734 quocunque
1606 697 1703 724 inorbo
1719 700 1859 723 teneretur
1873 695 1909 722 ".

1114 748 1228 776 Michael
1244 747 1290 782 qui
1307 751 1348 773 est
1365 745 1520 780 speciosum
1535 747 1562 770 et
1585 743 1706 769 maxime
1719 742 1864 773 decorum,
1882 745 1912 768 et

1115 795 1188 830 quod
1203 802 1256 822 non
1272 792 1373 821 occidit
1383 791 1519 819 luminare
1530 790 1614 817 totius
1629 789 1704 816 orbis
1716 793 1796 816 terra:
1808 788 1854 822 qui
1869 791 1912 814 est

1116 841 1168 869 sub
1182 840 1263 868 ccelo.
1280 839 1358 874 Ignea
1377 843 1404 866 et
1419 845 1500 865 manu
1530 844 1584 864 non
1603 840 1761 863 constructa
1780 835 1912 861 columna

1117 893 1218 915 sanetae
1227 890 1254 913 et
1266 885 1422 920 apostolicae
1437 883 1566 910 Ecclesiae
1583 891 1589 909 :
1606 881 1665 908 auri
1677 881 1797 915 speciem
1810 887 1867 914 prae
1880 886 1913 906 se

1117 933 1237 961 ferentes
1248 935 1275 958 et
1286 930 1320 958 ad
1332 930 1431 957 cmlunt
1447 936 1534 963 usque
1549 927 1738 963 magnitudine
1753 926 1914 960 pertingen-

1117 984 1158 1007 tes
1175 978 1269 1010 scalae,
1288 984 1335 1012 per
1349 983 1417 1010 quas
1432 975 1574 1002 descendit
1589 973 1679 1000 omnis
1696 973 1769 999 datio
1784 972 1866 1003 bona,
1883 975 1912 998 et

1118 1032 1201 1054 omne
1214 1024 1317 1052 donum
1329 1021 1480 1058 perfectum
1496 1020 1530 1054 ⁸⁸,
1546 1013 1610 1055 quid
1625 1019 1743 1046 mittitur
1758 1026 1773 1045 a
1789 1018 1913 1045 beneﬁca

1118 1075 1146 1098 et
1169 1070 1306 1097 bonorum
1326 1067 1463 1102 largitrice
1488 1070 1597 1096 natura,
1623 1064 1657 1091 ad
1683 1064 1757 1090 viros
1774 1063 1862 1090 bonos
1884 1066 1914 1089 et

1119 1114 1225 1143 honesti
1240 1116 1376 1141 amatores
1389 1112 1415 1138 in
1430 1115 1502 1138 terra
1514 1130 1521 1142 ,
1536 1109 1582 1145 qui
1598 1109 1625 1136 in
1640 1109 1767 1136 columna
1781 1108 1853 1143 ignis
1863 1114 1913 1142 ap-

1118 1161 1211 1198 paruit
1233 1159 1410 1188 sauctissimo
1427 1158 1569 1192 archippo,
1599 1160 1626 1184 et
1652 1156 1812 1183 ﬁdelissimo
1830 1155 1913 1182 mini-

1121 1212 1179 1236 stro
1211 1207 1293 1240 huius
1327 1204 1523 1239 archangelicae
1554 1206 1582 1231 et
1611 1203 1774 1230 veneranda:
1800 1202 1913 1234 domus,

1120 1254 1232 1290 quando
1244 1252 1395 1280 sceleratus
1423 1249 1540 1285 populus
1559 1248 1711 1276 conabatur
1732 1247 1824 1282 ipsum
1848 1254 1915 1273 san-

1121 1305 1197 1328 ctum
1219 1305 1281 1326 cum
1303 1296 1404 1331 templo
1427 1295 1546 1322 obruere
1573 1293 1651 1327 aquis
1675 1292 1862 1322 iluviatilibus,
1886 1296 1916 1318 et

1121 1345 1215 1374 divina
1231 1348 1258 1372 et
1272 1341 1461 1376 archangelica
1478 1341 1589 1371 virtute,
1613 1345 1700 1373 aquas
1715 1346 1776 1372 qua:
1792 1337 1916 1364 insolen-

1122 1395 1164 1418 ter
1179 1390 1370 1421 movebantur,
1387 1394 1435 1422 per
1451 1386 1554 1421 virgam
1570 1386 1626 1413 cito
1641 1384 1669 1412 in
1686 1387 1764 1419 petra
1781 1383 1877 1411 eﬁ'udit
1888 1387 1917 1410 et

1123 1436 1277 1465 transmisit
1292 1435 1342 1470 (2).

1158 1481 1285 1514 Michael,
1297 1481 1344 1515 qui
1360 1483 1491 1514 perpetuo
1505 1476 1709 1512 aspicitjfaeiem
1724 1476 1815 1503 Patris
1829 1474 1917 1502 nostri

1125 1528 1173 1563 qui
1185 1532 1227 1555 est
1237 1528 1264 1553 in
1283 1526 1373 1556 caelis,
1382 1531 1408 1552 et
1418 1525 1536 1555 laetatur,
1550 1523 1604 1550 imo
1615 1530 1678 1549 vero
1689 1521 1839 1549 colla-tatur
1852 1528 1917 1547 cum

1088 1590 1109 1617 ε
1127 1573 1242 1601 Domino
1267 1572 1457 1599 universorutu
1483 1567 1593 1605 propter
1612 1568 1798 1594 inventionent
1820 1573 1918 1593 eorutn

1127 1619 1174 1655 qui
1201 1618 1363 1654 perierant:
1381 1620 1409 1644 et
1433 1621 1546 1650 propter
1569 1622 1652 1641 unum
1679 1618 1850 1648 peccatOI-em
1869 1611 1920 1646 qui

1127 1664 1236 1692 ducitur
1251 1661 1421 1698 poenitentia,
1440 1660 1512 1687 diem
1529 1659 1626 1687 festum
1638 1659 1694 1694 agit
1710 1665 1771 1685 cum
1787 1658 1920 1684 omnibus

1127 1708 1289 1736 coelestibus
1306 1704 1486 1744 potestatibus
1502 1704 1536 1732 σί.
1550 1703 1602 1736 Qui
1621 1703 1685 1730 tuba
1700 1703 1746 1729 illa
1763 1702 1876 1729 terribili
1892 1707 1920 1728 et

1130 1754 1236 1790 ingenti
1252 1760 1318 1780 voce
1333 1751 1442 1779 canenti
1457 1755 1499 1778 est
1519 1751 1659 1777 cantturus
1675 1757 1681 1775 :
1698 1753 1725 1776 et
1742 1748 1922 1775 fundamenta

1129 1807 1218 1834 terrae,
1232 1804 1259 1827 et
1276 1807 1337 1834 qua:
1351 1803 1414 1827 sunt
1429 1797 1480 1825 sub
1495 1803 1577 1829 terra,
1599 1800 1641 1823 est
1659 1800 1794 1826 moturus,
1810 1795 1923 1829 quando

1129 1847 1221 1875 veniet
1239 1846 1300 1873 linis
1318 1843 1578 1875 consummationis;
1600 1847 1626 1869 et
1652 1849 1765 1877 surgere
1790 1841 1834 1868 fac
1844 1846 1871 1867 et
1895 1845 1924 1868 et

1130 1891 1307 1927 congregabit
1330 1893 1453 1916 mortuos
1469 1895 1564 1915 omnes
1578 1887 1625 1922 qui
1644 1891 1709 1914 sunt
1731 1895 1747 1914 a
1765 1887 1878 1917 saeculo,
1894 1886 1923 1913 in

1131 1938 1186 1965 ictu
1202 1937 1285 1969 oculi,
1298 1935 1331 1963 ad
1344 1935 1478 1970 judicium
1492 1933 1627 1967 generale,
1644 1937 1670 1959 et
1684 1933 1717 1959 ad
1733 1932 1922 1966 accipiendam

1131 1984 1193 2010 vitae
1203 1979 1451 2009 remunerationem
1468 1979 1502 2010 θ’,
1516 1982 1546 2005 ut
1558 1977 1627 2005 ferat
1638 1977 1716 2012 231
1731 1977 1924 2012 unusquisque

1132 2037 1163 2057 ea
1177 2036 1238 2064 qua:
1248 2027 1310 2054 fecit
1321 2035 1369 2062 per
1381 2032 1491 2058 corpus,
1504 2024 1562 2052 sive
1575 2024 1687 2055 bonum,
1700 2025 1756 2050 sive
1773 2024 1875 2050 malum
1888 2023 1922 2050 ⁸³.

1170 2073 1237 2101 Cum
1255 2073 1329 2099 hunc
1346 2079 1418 2106 .ergo
1434 2069 1639 2104 suscipiendum
1658 2073 1685 2096 et
1705 2069 1857 2096 maximum
1877 2077 1925 2103 pa-

1134 2124 1245 2152 tronum
1263 2121 1455 2152 potentemque
1477 2116 1660 2146 defensorem,
1685 2114 1770 2141 libere
1793 2119 1820 2140 et
1839 2114 1926 2140 couti-

1135 2166 1229 2193 deuter
1244 2165 1399 2197 laquentem
1421 2163 1630 2188 intercessorem
1656 2160 1727 2194 apud
1743 2160 1868 2186 omnium
1883 2167 1926 2186 re-

1136 2217 1195 2245 gem
1213 2209 1309 2240 Deum,
1333 2207 1454 2234 divinum
1473 2206 1575 2233 militiae
1597 2206 1747 2240 principem
1774 2205 1925 2231 habeamus

1135 2252 1306 2284 Miehaclem,
1325 2258 1341 2278 ο
1356 2251 1432 2278 chari
1450 2249 1555 2282 Patres,
1585 2249 1694 2282 fratres,
1710 2254 1737 2276 et
1760 2256 1775 2275 a
1794 2248 1850 2276 Deo
1867 2250 1924 2276 eol-

1134 2299 1205 2326 iecte
1216 2302 1313 2330 coetus,
1329 2297 1372 2332 pie
1385 2297 1474 2331 ipsum
1489 2303 1596 2330 semper
1610 2303 1707 2323 omnes
1723 2300 1752 2322 ut
1768 2303 1862 2322 revera
1876 2303 1926 2329 pu-

1136 2344 1289 2376 rissimum,
1320 2343 1348 2370 in
1372 2342 1482 2370 mundis
1503 2341 1632 2368 cordibus
1655 2348 1763 2375 semper
1783 2341 1927 2375 magniﬁce

1136 2390 1312 2421 extollatitus,
1330 2388 1474 2422 verbisque
1492 2387 1591 2414 laetitias
1606 2392 1634 2414 et
1655 2386 1787 2421 spiritalis
1810 2386 1928 2414 exsulta-

1131 2436 1231 2467 tionis,
1251 2440 1281 2462 ut
1304 2435 1379 2461 decet
1402 2434 1604 2468 archangelum,
1622 2432 1780 2459 honoriﬁcis
1793 2432 1884 2459 verbis
1901 2436 1927 2458 et

1141 2481 1267 2508 laudibus
1286 2479 1365 2507 hodie
1384 2486 1582 2514 prosequamur
1600 2485 1768 2512 :amoreque
1780 2482 1808 2504 et
1823 2477 1928 2504 deside—

1143 2529 1184 2556 rio
1201 2529 1225 2555 ei
1241 2528 1400 2560 oﬂ'eramus,
1418 2532 1446 2554 et
1462 2534 1633 2559 veneremur,
1651 2526 1697 2561 qui
1722 2527 1852 2553 ardenter
1866 2533 1928 2552 con-

1144 2574 1281 2600 currimus
1304 2573 1336 2600 ad
1361 2579 1470 2600 sacrum
1495 2572 1555 2606 ejus
1572 2562 1671 2599 festum
1696 2571 1723 2598 in
1745 2571 1928 2598 venerandum

1142 2619 1204 2655 ejus
1223 2619 1364 2653 templum,
1377 2618 1449 2652 quod
1463 2622 1506 2644 est
1519 2617 1555 2652 pii
1571 2617 1700 2650 nominis,
1716 2622 1745 2644 ut
1757 2617 1860 2643 atl'atiut
1876 2615 1931 2643 col-

1144 2664 1261 2698 Iigamus
1284 2670 1417 2698 perennes
1443 2662 1502 2696 ejus
1520 2666 1546 2689 et
1563 2662 1698 2689 salutares
1712 2661 1816 2696 gratias
1831 2665 1858 2688 et
1885 2661 1930 2687 de-

1436 2718 1459 2734 "
1475 2718 1544 2744 Dan.
1566 2725 1606 2750 nt,
1626 2717 1672 2744 49.
1733 2717 1756 2732 ⁸⁷
1773 2716 1843 2744 Dan.
1876 2723 1929 2747 xw,

1381 2753 1402 2769 “
1438 2753 1532 2780 Matth.
1567 2761 1643 2787 artu,
1674 2752 1723 2781 £0;
1739 2751 1806 2778 Luc.
1825 2759 1868 2783 xv,
1887 2753 1929 2780 52-

1144 2835 1275 2863 Michaele
1291 2835 1380 2865 factis,
1395 2842 1456 2869 quze
1470 2838 1534 2862 sunt
1547 2823 1638 2869 pervia
1656 2833 1727 2867 apud
1738 2831 1928 2869 Lipomanutn,

1145 2877 1174 2898 ut
1186 2876 1213 2897 et
1226 2870 1320 2898 Grreca
1334 2871 1360 2897 itt
1374 2868 1451 2897 libris
1470 2877 1552 2896 tnanu
1566 2870 1696 2901 exaratis,
1714 2876 1745 2895 ex
1759 2869 1860 2900 «lu-bus
1875 2868 1931 2900 ejus

1124 2907 1127 2910 '
1143 2906 1237 2933 Latina
1252 2906 1339 2933 lucem
1352 2906 1508 2937 acceperint
1518 2924 1525 2936 ,
1544 2909 1654 2931 notatur
1662 2902 1786 2929 miraculi
1800 2908 1928 2938 aquarum

1142 2947 1247 2976 tempus
1260 2941 1402 2982 imperium
1419 2940 1558 2967 Michaelis
1575 2945 1601 2967 et
1622 2937 1780 2967 Theudoria.
