2041 3159
169 187 236 219 12ῖῖ

709 188 872 219 ISAGOGE
887 189 928 220 IN
942 190 995 220 SS.
1021 190 1269 225 SCRIPTURAS.

1742 187 1813 219 1273

168 248 247 275 ὕδασι
271 245 305 272 τὰ
331 245 445 281 ὑπερῷα
465 244 568 271 αὐτοῦ·
589 253 598 270 3
618 244 665 272 καὶ
690 245 730 277 τὸ,
751 254 759 270 1
776 245 898 272 Ἐπλασε
916 246 962 273 τὸν

1014 246 1095 282 aquis
1106 247 1250 282 superiora
1263 246 1341 281 ejus;
1360 255 1368 271 3
1384 249 1421 277 et,
1437 253 1446 271 1
1462 245 1613 273 Plasmavit
1634 246 1787 279 hominem;
1802 257 1812 272 ι

169 293 323 328 ἄνθρωπον·
339 302 348 318 ι
367 293 441 324 χαὶ,ι
462 290 646 326 Ἐνεφὺοησεν
659 292 700 323 εἰς
711 292 742 318 τὸ
755 293 904 328 πρόσωπον
916 294 965 319 αὑ-

168 337 217 365 τοῦ
245 337 330 373 πνοὴν
355 338 442 372 ζωῆς·
460 346 470 363 3
493 337 540 364 xui
558 337 600 369 τὸ,
619 346 628 362 1
649 337 746 372 ’Δνέόη
774 339 906 372 ἐμφυσῶν
923 340 964 371 εἰς

169 384 317 420 πρόσωπόν
334 392 395 410 σου·
415 393 424 409 3
443 383 506 410 ἀντὶ
519 384 577 415 τοῦ,
593 392 604 409 ι
616 383 763 418 Φυσήμασι
777 384 964 416 διασκεδάζων

169 431 215 457 ὑπ’
239 430 301 465 ὄψιν
325 437 372 456 σου
392 430 457 461 τοὺς
477 430 672 463 ὑπεναντίους’
694 441 702 456 ι
729 431 773 458 ἴνα
797 432 873 468 εἴπῃ,
891 431 964 458 οὕτω

170 475 271 512 ῥᾳδίως
283 476 330 502 καὶ
345 475 460 510 ἀθρόως
475 477 504 502 τὺ
520 476 585 510 γὰρ,
603 476 760 510 ἐμφυσῶν,
781 477 961 511 σκορπίζων,

168 522 193 548 οἱ
217 521 270 553 ἔξω
295 521 506 556 ἐφιλοσόφησαν.
523 522 587 555 Καὶ,
611 531 620 547 1
643 521 710 548 Ἰδοὺ
727 523 755 548 ὲν
769 523 802 557 τῇ
820 523 893 558 χειρί
911 531 962 558 μου

170 566 358 601 ἐζωγρὰφησα
374 566 407 592 τὰ
421 565 498 601 τείχη
512 574 569 598 σου,
583 566 651 602 πρὸς
663 566 713 602 τὴν
733 567 911 602 Ἰερουσαλήμ
923 577 930 583 '
950 577 959 594 3

169 610 226 642 καὶ,
254 621 263 637 1
285 612 415 647 Φραγμὺν
438 612 612 648 περιέθηκα,
638 614 685 640 καὶ
710 613 890 648 ἔχαράκωσα,
916 617 964 641 καὶ

169 657 309 692 ἐφύτευσά
325 666 354 684 σε
370 658 492 693 ἄμπελον
504 659 612 694 Σωρὴχ,
624 660 672 686 καὶ
683 659 846 694 ᾠκοδόμησα
859 660 964 696 πύργον

170 704 199 730 ὲν
212 703 286 739 μέσῳ
297 704 391 739 αὐτῆς,
407 704 454 730 καὶ
470 704 615 739 προλήνιον
631 704 724 740 ὥρυξα
734 706 762 731 ἐν
775 706 859 741 αὑτῇ’
877 716 886 731 3
905 706 961 738 καὶ,

174 759 182 774 1
198 749 265 776 ’ἰδοὺ
282 749 337 783 ἐγὼ
353 750 470 785 φράσει-ω
486 749 537 784 τὴν
551 749 611 776 ὁδὸν
625 751 710 785 αὐτῆς
728 752 756 777 ὲν
776 751 899 786 σκόλοψι,
916 752 963 778 καὶ

169 795 375 830 ἀνοικοδομήσω
385 796 434 827 τὰς
446 795 556 831 τρίὸους
567 796 661 831 αὐτῆς,
677 796 724 822 καὶ
736 796 766 822 οὐ
782 796 819 831 μὴ
832 796 902 833 εὕρῃ
914 797 964 832 τὴν

168 841 230 867 ὁδὸν
244 842 347 876 αὑτῆς”
366 851 375 868 3
398 843 455 874 καὶ,
475 851 484 868 1
503 842 664 876 Ἐκπετάσω
680 842 711 869 τὸ
725 842 834 869 δίκτυόν
853 848 905 878 μου
919 843 963 870 ἐπ’

168 888 251 914 αὐτόν
263 897 269 904 ·
290 898 300 915 3
320 889 378 921 καὶ,
398 898 406 914 1
424 889 572 916 Πεοοῦνται
584 890 612 915 ὲν
627 889 831 925 ἁμφιὸλήστρῳ
844 890 927 916 αὐτοῦ
938 891 963 917 οἱ

169 934 345 970 ἁμαρτωλοί·
365 945 374 960 3
390 935 437 962 καὶ
452 936 503 962 ὅσα
512 936 606 970 ὃμοια.

203 979 248 1007 ια’,
269 980 336 1006 Ἀπὸ
347 980 453 1007 τόπων⁹
468 980 506 1012 ὡς
515 979 570 1011 sint
581 980 722 1016 Ὑψώθητι
738 981 784 1007 ἐπὶ
801 981 865 1012 τοὺς
878 981 963 1016 οὐρα-

166 1026 230 1057 νοὺς
243 1026 256 1052 ὁ
269 1025 427 1058 Θεόςυικαὶ,
445 1036 455 1052 1
476 1026 589 1060 Ἀνέὁης
600 1027 640 1058 εὶς
653 1025 730 1061 ὕψος,
745 1025 963 1061 ῂχμαλώτευσας

167 1072 377 1107 αἰχμαλωσίανο
400 1081 408 1098 ι
429 1072 487 1103 καὶ,
506 1080 516 1098 1
538 1072 663 1098 Ἕκλινεν
679 1072 822 1107 οὐρανοὺς,
836 1072 884 1098 καὶ
898 1080 964 1098 κατ-

167 1116 234 1152 ἐὸη·
255 1126 265 1142 3
290 1117 348 1149 mi,
373 1127 382 1143 1
402 1117 503 1151 Ἐγγὶις
530 1116 633 1152 Κύριος
654 1117 711 1148 τοῖς
736 1116 963 1151 ἐπικαλουμένοις

167 1163 263 1190 αὐτόν·
283 1172 293 1189 3
312 1163 371 1194 καὶ.
396 1172 405 1188 1
423 1163 482 1189 Ἵνα
496 1163 533 1194 τί,
558 1162 656 1198 Κύριε,
679 1163 841 1198 ἀφέστηκας
858 1162 964 1198 μακρό-

166 1208 230 1241 Θενς
249 1217 258 1234 3
275 1209 333 1240 καὶ,
353 1218 363 1234 ‹
383 1209 449 1235 Ἰδοὺ
461 1208 565 1244 Κύριος
578 1208 698 1244 κάθηται
709 1209 755 1235 ἐπὶ
772 1209 888 1243 νεφέλης
900 1208 964 1235 κού-

166 1262 235 1290 φης·
251 1263 260 1279 3
279 1254 336 1286 καὶ,
352 1263 361 1279 1
383 1253 450 1281 Ἰδοὺ
464 1253 567 1289 Κύριος
580 1253 763 1288 ἐκπορεύεται
777 1254 810 1280 ὲκ
821 1253 866 1280 τοῦ
878 1253 963 1280 τόπου

166 1300 269 1327 αὐτοῦ’
290 1310 299 1326 3
324 1301 383 1332 καὶ,
402 1309 411 1326 1
438 1299 618 1336 Ἐπιΰήσεται
651 1299 698 1326 ἐπὶ
729 1300 764 1326 τὰ
797 1300 887 1336 ὑψηλὰ
914 1300 963 1334 τῆς

166 1354 229 1380 γης.
251 1355 261 1372 3

205 1391 248 1426 ιβ’.
272 1391 339 1418 Ἀπὸ
353 1391 521 1426 στολισμῶν·
534 1391 572 1423 ὡς
592 1391 633 1423 τὸ,
650 1400 660 1417 1
682 1390 843 1418 Ἐνεδύσατο
860 1390 964 1426 Κύριος

166 1437 294 1472 δύναμιν,
318 1438 366 1464 καὶ
384 1436 592 1472 περιεζώσατου
609 1446 619 1463 3
635 1437 694 1469 xui,
714 1447 723 1462 1
743 1436 900 1471 Περίζωσαι
915 1435 964 1471 τὴν

168 1483 308 1518 ῥομφαίαν
322 1491 368 1509 σου
385 1483 433 1509 ἐπὶ
444 1483 490 1509 τὴν
507 1482 596 1518 μηρόν
611 1490 659 1509 σου
670 1490 678 1498 ’
696 1490 705 1507 3
722 1482 781 1512 καὶ,
798 1491 807 1507 1
823 1481 963 1515 Περιεζω-

167 1529 266 1564 σμένος
287 1529 315 1556 ιν
330 1528 493 1564 δυναστείᾳ·
511 1538 518 1554 ι
534 1530 592 1561 καὶ,
614 1538 624 1555 1
643 1528 881 1564 Περιϐαλλόμενος
906 1527 964 1562 φῶς

166 1575 204 1607 ὡς
217 1575 323 1610 ἱμάτιον
333 1583 340 1591 ·
357 1585 366 1601 3
399 1576 457 1607 καὶ,
477 1585 486 1601 1
511 1575 559 1607 Τίς
574 1572 652 1606 οὗτος
666 1576 680 1602 ὁ
693 1574 916 1611 παραγενόμενος
935 1574 964 1608 ἐξ

172 1620 277 1655 Ἐδώμ;
303 1619 429 1655 ἐρύθημα
454 1620 570 1655 ἱματίων
591 1620 673 1648 αὐτοῦ
695 1621 728 1647 ὲκ
750 1619 865 1656 Βοσώρ·
884 1615 963 1651 οὗτος

164 1663 267 1700 ὡραῖος
280 1667 309 1692 ὲν
323 1665 404 1701 στολῇ
419 1665 515 1695 αὑτοῦ,
535 1675 544 1692 3

202 1767 248 1799 ιγ’.
266 1764 334 1792 ’Δπὸ
349 1764 419 1792 ὲθῶν
431 1773 438 1781 ·
466 1765 504 1798 ὡς
519 1765 560 1798 τὸ,
582 1775 591 1791 1
611 1765 802 1801 Ἀπὲστρεψας
824 1765 856 1792 τὺ
873 1765 961 1801 πρόσ-

165 1810 242 1837 ωπόν
258 1818 316 1843 σου,
328 1811 376 1837 καὶ
393 1811 529 1846 ἐγενήθην
543 1812 768 1847 τεταραγμένος·
787 1821 796 1837 3
813 1812 870 1841 καὶ,
886 1811 961 1837 «Ἵνα

165 1855 203 1887 τι,
221 1856 320 1891 Κύριε,
339 1855 462 1888 ἁπωθεῖς
477 1856 526 1892 τὴν
545 1857 636 1892 ψυχήν
650 1865 714 1892 μου,
728 1857 917 1891 ἀποστρέφεις
931 1856 962 1883 τὸ

167 1901 317 1936 πρόσωπόν
337 1908 385 1927 σου
399 1909 406 1935 ;
423 1910 432 1927 3
450 1895 510 1933 iul,
535 1910 544 1926 1
558 1902 605 1937 Μὴ
623 1902 754 1937 ἐκιλίνῃς
769 1903 798 1928 ὲν
815 1902 885 1937 ὀργῇ
907 1902 962 1928 ἀπὸ

165 1947 214 1973 τοῦ
233 1947 329 1973 δούλου
345 1955 394 1973 σου
405 1954 412 1960 ·
433 1955 442 1972 3
460 1947 519 1979 καὶ,
540 1955 550 1972 1
563 1946 609 1981 Μὴ
623 1947 781 1983 ὰπορῤἰψῃς
798 1954 833 1981 με
847 1947 961 1974 ἀπὸτοῦ

167 1992 319 2028 προσώπου
334 2000 399 2018 σου·
415 2001 424 2018 ι
440 1993 498 2026 καὶ,
513 2001 522 2018 1
535 1992 609 2027 Ἐγὼ
624 1993 653 2019 δὲ
669 1991 734 2019 εἶπα
747 1994 776 2019 ὲν
788 1993 821 2028 τῇ
832 1993 962 2020 ἐκστάσει

167 2047 220 2074 μου
235 2047 242 2054 ·
258 2039 453 2075 Ἀπέῤῥιμμαι
475 2040 530 2066 ἀπὸ
558 2039 711 2076 προσώπου
736 2039 783 2066 τοῦ
808 2039 961 2074 ὀφθαλμῶν

167 2092 232 2110 σου·
250 2094 260 2110 ι
283 2085 357 2120 ἆπερ
377 2086 402 2112 οἱ
425 2085 601 2120 ὀργιζόμενοι
624 2085 673 2111 καὶ
692 2084 874 2120 λυπούμενοι,
893 2085 961 2120 πρὸς

165 2129 215 2162 οὒς
233 2131 424 2166 διαφέρονται,
440 2131 489 2158 καὶ
506 2131 736 2158 ὲπιδείκνυνται.’

205 2177 247 2203 ιδ’.
266 2177 334 2204 ’Λπδ
346 2177 510 2213 σχημάτων·
526 2177 564 2209 ὡς
581 2177 622 2209 τὸ,
637 2186 646 2202 1
659 2175 719 2203 Ἵνα
731 2176 756 2203 τι
771 2175 960 2211 ἀποστρέφεις

167 2223 217 2258 τὴν
229 2224 310 2259 χεῖρά
324 2232 370 2250 σου
381 2244 388 2256 ,
406 2224 453 2250 καὶ
469 2224 519 2258 τὴν
531 2224 623 2256 δεξιάν
637 2231 701 2256 σου;
717 2232 726 2248 ›
749 2224 780 2249 ἐκ
799 2223 959 2257 μεταφορᾶς

979 929 1002 959 Β

978 1603 1000 1634 C

1017 297 1055 323 et,
1072 300 1083 317 1
1100 291 1250 326 lnspiravit
1272 291 1299 318 iu
1318 290 1416 318 facietn
1435 291 1496 325 ejus
1516 290 1687 326 spiraculum
1708 292 1783 324 vitae;
1802 301 1811 317 3

1017 343 1054 370 et,
1068 348 1082 364 .1
1108 338 1240 366 Ascendit
1257 338 1304 373 qui
1325 338 1450 366 exsufﬂet
1471 344 1565 365 eorum
1585 343 1621 370 te,
1639 347 1648 364 3
1666 338 1726 365 loco
1742 338 1817 365 illius

1017 383 1149 411 dictionis
1174 392 1181 410 :
1210 392 1219 409 1
1235 383 1358 410 Flatibus
1379 383 1519 418 dissipans
1543 388 1608 410 ante
1632 387 1812 417 conspectum

1017 434 1094 456 tuum
1114 429 1218 461 hostes,
1237 437 1246 454 3
1266 433 1296 455 ut
1316 429 1401 460 dicat.
1415 429 1484 455 adeo
1497 429 1615 456 faciliter
1632 432 1659 455 et
1679 428 1814 460 multig-li-

1017 476 1103 508 ciler;
1118 482 1237 509 namque
1253 474 1395 510 exanimum
1413 482 1462 509 pro
1482 474 1618 509 dissipans
1639 474 1737 509 pagani
1754 474 1814 508 plai-

1017 521 1195 556 losophantes
1222 522 1406 549 admiserunt.
1428 521 1477 554 Et,
1511 529 1520 547 1
1544 521 1615 548 Ecce
1635 522 1663 547 in
1684 522 1814 548 manibus

1017 567 1086 594 meis
1105 567 1241 602 descripsi
1270 575 1366 594 muros
1393 572 1474 599 tuos,
1493 576 1503 592 3
1528 567 1562 593 ad
1579 566 1742 594 Jerusalem.
1765 567 1812 598 Et,

1019 623 1029 640 1
1042 613 1141 648 Sepem
1156 614 1344 648 circumposui
1357 619 1385 641 et
1397 614 1601 648 circumsepivi,
1615 619 1641 641 et
1654 614 1774 648 piautavi
1786 617 1813 640 te

1016 660 1123 687 vineam
1144 659 1259 692 Sorech,
1281 665 1309 687 et
1330 661 1465 688 aediﬁcavi
1482 661 1581 687 turrim
1601 661 1627 687 in
1645 661 1735 688 medio
1752 661 1813 695 ejus

1016 709 1044 733 et
1059 705 1183 732 torcular
1200 705 1256 732 fodi
1280 706 1306 732 iu
1332 713 1375 732 ea.
1393 715 1401 731 3
1424 706 1465 738 Et,
1485 716 1493 730 ι
1514 706 1583 732 Ecce
1603 713 1653 740 ego
1677 706 1753 739 sepio
1771 705 1813 731 vi-

1017 760 1097 780 neam
1121 757 1196 780 tuam
1219 753 1310 787 spinis
1333 756 1360 779 et
1383 751 1557 779 rcmdiﬂcalio
1575 752 1689 779 semitas
1704 751 1764 786 ejus
1786 755 1814 777 et

1017 799 1131 827 semitas
1165 806 1230 826 suas
1258 806 1312 824 non
1340 797 1476 830 inveniet;
1502 807 1511 823 3
1547 802 1573 823 et
1591 817 1598 828 ,
1631 806 1640 822 1
1658 796 1811 823 Extendam

1018 850 1075 872 rete
1103 852 1193 872 meum
1213 846 1302 879 fsuper
1325 851 1407 876 eum;
1426 853 1436 870 3
1463 848 1500 876 et,
1524 852 1533 868 1
1550 842 1656 870 Cadent
1677 843 1703 869 in
1731 842 1814 869 retia-

1017 891 1080 919 culo
1110 891 1170 926 ejus
1198 895 1375 925 peccatores;
1395 899 1404 915 3
1442 894 1470 917 et
1499 896 1672 924 quaecunque
1698 889 1811 916 similia.

1017 937 1106 973 (Ρεαι.
1121 945 1180 969 cm,
1196 937 1224 969 3,
1240 941 1265 963 et
1280 936 1370 970 alibi.)

1052 982 1095 1010 ll.
1116 983 1138 1009 A
1156 982 1242 1009 locis:
1259 987 1289 1008 ut
1303 991 1312 1007 1
1330 981 1445 1009 Elevare
1465 987 1549 1016 super
1567 981 1663 1012 cmlos,
1684 979 1756 1007 Deus
1771 988 1778 1013 ;
1799 988 1809 1005 3

1013 1035 1054 1062 et,
1079 1028 1260 1056 1Asccndisti
1283 1028 1310 1055 in
1339 1028 1438 1059 altum,
1460 1027 1557 1062 cepisti
1577 1026 1781 1062 captivitatem;
1799 1034 1808 1051 ι

1013 1080 1050 1108 ct,
1069 1085 1078 1101 1
1095 1074 1242 1102 inclinavit
1266 1075 1351 1102 caelos
1375 1078 1401 1101 et
1418 1073 1579 1106 descendit;
1598 1082 1607 1099 3
1629 1078 1668 1104 et.
1697 1080 1705 1098 1
1723 1071 1812 1106 Prope

1013 1126 1055 1149 est
1073 1121 1206 1149 Dominus
1227 1121 1421 1148 invocantibus
1434 1129 1516 1154 eum;
1535 1129 1544 1146 3
1565 1125 1611 1153 et,
1642 1127 1651 1145 1
1670 1119 1705 1147 Ut
1729 1119 1808 1154 quiti,

1014 1167 1146 1201 Domine,
1170 1167 1311 1195 recessisti
1336 1167 1435 1202 longe?
1450 1176 1459 1192 3
1489 1167 1541 1199 Et,
1565 1174 1574 1192 1
1594 1167 1663 1194 Ecce
1679 1165 1813 1193 Dominus

1015 1214 1093 1241 sedet
1111 1221 1195 1248 super
1219 1213 1320 1240 nubent
1344 1213 1448 1245 levem;
1466 1222 1474 1238 3
1502 1217 1540 1246 et,
1567 1220 1576 1238 1
1593 1211 1661 1239 Ecce
1678 1211 1811 1238 Dominus

1014 1259 1155 1294 egreditur
1186 1267 1202 1286 e
1232 1259 1296 1286 loco
1321 1266 1388 1291 suo;
1406 1268 1416 1285 3
1448 1263 1494 1291 et,
1532 1267 1541 1284 1
1563 1258 1701 1285 Ascendet
1731 1263 1812 1292 super

1014 1306 1122 1333 exeelsa
1140 1311 1230 1334 terrm.
1253 1305 1342 1340 (Psal.
1361 1312 1418 1335 ut.
1437 1306 1472 1338 6;
1496 1311 1579 1337 wat,
1599 1305 1650 1336 19;
1666 1309 1734 1337 xm,
1757 1303 1811 1337 10;

974 1366 983 1375 ο
1015 1359 1106 1384 cxtnv,
1128 1353 1180 1386 18;Δ
1199 1360 1238 1384 Ix,
1256 1352 1306 1385 2‘2;
1330 1352 1387 1379 Im.
1403 1358 1461 1383 xu,
1481 1353 1488 1378 l
1505 1360 1512 1384 ;
1530 1351 1611 1378 Mich.
1627 1359 1646 1381 ι.
1662 1351 1702 1385 5.)

1053 1399 1097 1425 12.
1118 1398 1159 1426 Ab
1178 1398 1361 1430 indumentis.
1383 1399 1476 1426 sicut:
1493 1406 1502 1423 1
1517 1398 1631 1425 lmlulus
1653 1401 1696 1425 est
1719 1397 1813 1424 Domi-

1015 1451 1068 1470 nus
1081 1443 1270 1471 fortitudinem
1283 1449 1310 1472 et
1326 1444 1471 1478 prmeinxit
1487 1450 1534 1476 se;
1553 1453 1562 1469 3
1578 1448 1617 1475 et,
1635 1451 1643 1468 1
1658 1443 1811 1478 Accingere

1015 1490 1107 1525 gladio
1133 1495 1181 1518 tuo
1209 1497 1292 1525 super
1312 1490 1402 1518 femur
1427 1496 1514 1517 tuum.
1531 1500 1541 1516 ι
1560 1490 1609 1521 Et,
1635 1498 1645 1515 1
1661 1489 1812 1517 Accinctus

1016 1536 1156 1571 potentia;
1170 1544 1179 1562 3
1192 1540 1230 1569 et,
1246 1545 1255 1562 1
1267 1536 1507 1564 Amictuslumine
1519 1536 1590 1562 sicut
1603 1535 1785 1568 vestimento;
1798 1545 1807 1561 3

1015 1585 1053 1614 et,
1082 1590 1091 1608 1
1109 1581 1179 1615 Quis
1202 1587 1246 1609 est
1268 1583 1320 1610 iste
1339 1583 1386 1617 qui
1410 1582 1485 1609 venit
1501 1582 1534 1608 de
1555 1576 1660 1608 Edom?
1685 1581 1807 1608 Rubrum

1016 1627 1208 1655 indumentum
1226 1629 1287 1663 ejus
1300 1628 1334 1656 de
1347 1628 1444 1660 Bosor,
1461 1627 1513 1654 iste
1530 1626 1669 1654 l'omtosus
1683 1628 1710 1654 iu
1740 1627 1811 1655 stola

1012 1680 1073 1700 sua.
1094 1682 1103 1698 ι
1126 1673 1220 1708 {PsaL
1247 1682 1313 1707 xcn,
1338 1674 1371 1707 4;
1398 1681 1472 1706 thv,
1489 1672 1524 1706 4;
1544 1680 1619 1705 thv,
1636 1673 1673 1704 7;
1695 1681 1753 1706 CIII,
1774 1673 1811 1714 ες

1013 1719 1071 1746 Im.
1087 1727 1164 1752 Lxm,
1185 1720 1231 1754 ί.)

1049 1766 1093 1792 15.
1116 1766 1138 1792 Α
1152 1766 1300 1793 moribus:
1319 1775 1328 1791 1
1343 1764 1473 1794 Avertiin
1497 1767 1595 1794 faciem
1620 1771 1694 1794 tuam
1721 1772 1748 1793 ct
1770 1765 1812 1792 fa-

1012 1815 1074 1839 ctus
1096 1819 1157 1838 sum
1182 1812 1381 1844 conturbatus;
1399 1819 1408 1837 3
1438 1815 1475 1841 et.
1502 1822 1511 1837 1
1529 1812 1564 1839 Ut
1583 1812 1660 1847 quid,
1685 1810 1808 1840 Domine.

1013 1858 1122 1893 repellis
1143 1858 1263 1884 animam
1285 1865 1385 1889 meam,
1405 1859 1507 1885 avertis
1522 1857 1733 1886 iaciem'tuam?
1747 1866 1756 1881 3
1771 1861 1808 1889 et,

1015 1911 1027 1928 1
1042 1900 1080 1929 Ne
1094 1902 1217 1929 declines
1237 1902 1264 1928 in
1280 1902 1321 1928 ira
1339 1909 1354 1928 ο
1369 1908 1456 1928 servo
1478 1906 1542 1935 tuo;
1560 1909 1569 1927 3
1583 1906 1621 1933 et,
1646 1910 1655 1926 1
1673 1901 1709 1927 i\e
1725 1899 1810 1934 proji-

1013 1948 1070 1975 cias
1100 1955 1143 1975 me
1168 1955 1182 1973 a
1209 1947 1279 1974 facie
1300 1953 1363 1980 tua;
1381 1955 1392 1973 ι
1423 1952 1460 1979 οι,
1491 1955 1500 1972 1
1521 1947 1576 1982 Ego
1594 1950 1684 1974 autem
1702 1946 1759 1972 dixi
1781 1945 1809 1972 in

1013 2000 1130 2021 excessu
1156 2001 1216 2021 meo
1239 1993 1406 2028 :Projectus
1429 2001 1490 2021 sum
1520 2001 1535 2020 a
1564 1992 1633 2020 facie
1663 1992 1808 2019 oculorum

1014 2047 1136 2069 tuorum.
1155 2051 1164 2068 3
1182 2041 1281 2074 Qualia
1297 2042 1359 2068 irati
1388 2047 1414 2069 et
1436 2041 1528 2069 uillicti
1548 2042 1580 2068 ad
1597 2049 1644 2068 eos
1666 2048 1728 2067 eum
1748 2039 1810 2073 qui-

1013 2087 1213 2115 iiusdiscordcs
1221 2092 1295 2119 sunt,
1306 2091 1421 2114 etsensa
1431 2094 1480 2113 sua
1489 2087 1622 2121 pandunt.
1633 2084 1722 2120 (Psal.
1732 2092 1808 2116 xm,

1012 2134 1046 2168 8;
1064 2141 1187 2166 txxxvn,
1203 2133 1254 2167 i5;
1271 2142 1344 2167 xxvr,
1363 2134 1439 2168 9;t.,
1457 2135 1508 2167 15;
1526 2141 1591 2166 xxx,
1606 2133 1665 2168 25.)

1049 2181 1092 2208 Η.
1112 2181 1136 2208 Α
1147 2180 1228 2212 facie,
1239 2181 1330 2214 sicut:
1346 2190 1356 2206 1
1373 2179 1407 2208 Ut
1418 2180 1482 2216 quid
1496 2181 1597 2207 avertis
1608 2188 1719 2207 manum
1733 2184 1808 2207 tuam

1012 2229 1039 2253 et
1054 2226 1195 2254 dexteram
1217 2226 1313 2253 tuam?
1327 2237 1336 2252 ι
1356 2234 1404 2262 per
1423 2227 1613 2261 metaphoram
1635 2230 1808 2260 assumptam

166 2268 222 2295 τῶν
235 2269 492 2305 παρακαλουμένων
522 2270 568 2296 καὶ
587 2270 627 2301 εἰς
647 2269 771 2295 τούπίσω
792 2269 842 2300 τὰς
863 2269 959 2304 χεῖρας

1014 2273 1047 2301 ab
1064 2273 1106 2301 his
1121 2274 1168 2308 qui
1189 2273 1371 2300 consolantur
1391 2277 1419 2300 et
1435 2279 1530 2308 postea
1547 2281 1647 2300 manus
1669 2277 1808 2299 avertunt.

167 2314 399 2350 ἀποστρεφόντων
413 2324 420 2333 ν
440 2315 505 2347 καὶ,
525 2315 608 2341 «Ὅτι
633 2314 693 2349 ἀρῶ
715 2314 755 2346 εις
779 2315 825 2341 τὸν
846 2314 961 2350 οὐρανὸν

166 2361 218 2396 τὴν
234 2360 316 2396 χεῖρά
331 2370 393 2396 μου,
408 2361 457 2388 καὶ
467 2361 590 2396 ὀμοῦμαι
609 2361 643 2396 τῇ
659 2361 736 2396 δεξιᾷ
753 2369 804 2396 μου
816 2367 823 2374 ·
841 2369 850 2386 3
867 2360 915 2386 xu".
927 2360 961 2386 τὰ

167 2408 262 2443 ὃμοια.

204 2451 245 2480 ιε’.
260 2452 327 2479 Ἀπὸ
341 2452 370 2479 δὲ
392 2452 456 2479 ὅλου
471 2451 520 2479 τοῦ
542 2451 613 2484 ζώου
626 2460 634 2467 ”
651 2451 707 2479 ἀπὸ
729 2452 792 2478 ὅλου
816 2451 863 2478 τοῦ
889 2451 960 2484 ζώου

167 2499 241 2526 κατὰ
254 2499 389 2534 διαίρεσιν
399 2520 406 2531 ,
421 2499 468 2526 νῦν
485 2499 534 2535 μὲν
549 2499 603 2525 ἀπὸ
618 2497 669 2533 τῆς
686 2497 788 2533 ψυχῆς,
801 2497 850 2525 νῦν
865 2498 893 2525 δὲ
908 2498 962 2525 ἀπὸ

165 2546 217 2581 τῆς
231 2545 350 2580 σαρκός·
369 2545 407 2576 ὡς
422 2545 464 2577 τὸ,
483 2554 492 2572 1
507 2545 581 2580 Σάρξ
603 2551 653 2580 μου
674 2545 704 2577 ἐξ
728 2545 831 2577 αὐτῶν,
850 2555 859 2570 3
882 2544 961 2580 παρὰ

165 2591 206 2627 τῷ
221 2591 313 2626 Ὠσηὲ.
331 2591 401 2617 Ἀπὸ
416 2591 446 2617 δὲ
466 2590 572 2626 ψυχῆς·
589 2591 639 2622 ὡς,
660 2600 668 2616 1
681 2590 738 2622 Τὰς
751 2590 900 2625 νεομηνίας
912 2590 960 2616 καὶ

166 2639 202 2664 τὰ
227 2637 356 2664 Σάϐϐατα
373 2637 452 2672 ὑμῶν
471 2638 547 2672 μισεί
567 2638 583 2672 ἡ
603 2638 677 2673 ψυχή
695 2645 765 2673 μου·
779 2647 788 2664 3
808 2637 960 2665 καὶταῦτα

130 2709 134 2712 ι
168 2683 220 2719 μὲν
246 2683 452 2719 ὑποδείγματος
476 2683 558 2719 χάριν
587 2683 655 2719 πρὸς
680 2682 877 2719 ἐντελεστέραν
904 2683 960 2710 τῶν

169 2730 327 2766 ἰδιωμάτων
345 2729 515 2764 αἰτιολογίας
532 2731 707 2765 παράστασιν
723 2729 877 2763 λελέξεται.

263 2794 424 2831 Ἑπιλυσις
442 2796 502 2824 τῶν
511 2798 662 2832 ρηθεισῶν
682 2797 872 2832 διαιρέσεων.

204 2863 241 2898 α’,
257 2863 291 2900 β’.
308 2865 348 2892 Τὸ
359 2865 451 2892 τοίνυν
464 2865 600 2901 ἀλάθητον
609 2865 660 2900 τῆς
673 2865 719 2892 τοῦ
735 2865 804 2893 Θεοῧ
817 2866 958 2900 γνώσεως,

172 2921 183 2938 ι
192 2911 365 2947 ὐφοαλμοὺς
376 2909 430 2939 οἶδε
446 2912 493 2940 καὶ
505 2911 645 2946 ,ϐλέφαρα
655 2912 700 2939 καὶ
713 2912 821 2946 ὅρασιν
832 2912 925 2939 καλεῖν
935 2922 957 2938 ἰ

1013 2319 1059 2351 Et,
1072 2329 1081 2345 1
1095 2318 1203 2346 Levabo
1218 2319 1251 2345 ad
1264 2319 1365 2346 caelum
1380 2326 1490 2346 manum
1505 2318 1750 2352 tncatn,etjurabo
1761 2324 1809 2351 per

1005 2364 1152 2391 'dexteram
1180 2370 1289 2396 meam;
1308 2373 1318 2389 ν
1343 2367 1370 2390 et
1395 2363 1508 2390 similia.
1527 2361 1614 2397 (Paul.
1637 2368 1734 2392 Lxxtu,
1756 2361 1807 2394 H;

1012 2409 1093 2437 Deut.
1110 2417 1198 2440 xuu.
1217 2409 1276 2445 40.)

1049 2456 1094 2483 15.
1114 2455 1138 2483 Α
1153 2459 1211 2483 ιυιο
1228 2455 1357 2488 animali;
1372 2461 1386 2481 a
1402 2459 1460 2482 toto
1477 2453 1590 2481 animali
1607 2453 1689 2480 modo
1706 2452 1809 2485 diviso,

1013 2509 1086 2530 nunc
1103 2502 1137 2529 ab
1151 2502 1255 2534 anima,
1276 2507 1351 2528 nunc
1366 2507 1381 2527 a
1399 2507 1494 2533 carne,
1520 2501 1612 2527 sicut:
1631 2507 1640 2525 1
1657 2498 1728 2526 Caro
1746 2505 1807 2525 mea

1011 2556 1044 2576 ex
1062 2548 1141 2584 ipsis,
1160 2558 1169 2574 ι
1190 2548 1260 2583 apud
1276 2546 1358 2575 Osee.
1386 2547 1428 2574 Ab
1445 2546 1536 2573 anima
1559 2546 1642 2579 sicut,
1668 2554 1677 2570 1
1691 2544 1808 2572 Neome-

1012 2595 1073 2622 nias
1092 2600 1119 2622 et
1135 2594 1254 2622 Sabbata
1269 2599 1361 2622 vestra
1379 2593 1466 2621 Oleil
1479 2593 1570 2620 anima
1588 2599 1667 2624 mea;
1685 2601 1693 2617 3
1713 2597 1738 2618 et
1754 2591 1811 2618 ista

1011 2640 1129 2675 exempli
1147 2640 1234 2675 gratia
1257 2639 1332 2666 dicta
1357 2643 1439 2666 erunt
1459 2643 1487 2665 ttt
1504 2638 1666 2673 corupletius
1687 2637 1810 2664 idioma-

1012 2689 1070 2712 tum
1096 2686 1166 2713 ratio
1188 2685 1329 2713 reddatur.
1346 2683 1429 2722 (Osee
1449 2692 1508 2718 nt,
1528 2683 1624 2720 “(2);
1640 2683 1692 2716 isa,
1711 2690 1731 2717 ι,
1751 2683 1806 2718 ιι.)

1165 2797 1320 2832 Explicuit)
1333 2796 1466 2824 dictarem
1478 2797 1651 2824 divisionum.

1047 2866 1074 2899 1,
1092 2865 1118 2892 ‘2.
1141 2865 1218 2899 Quod
1231 2873 1296 2901 ergo
1309 2865 1393 2893 latere
1405 2873 1459 2892 non
1471 2869 1560 2900 potest
1571 2864 1617 2892 Dei
1627 2864 1808 2900 cognitionis,

1013 2911 1108 2940 Oculos
1140 2912 1216 2940 novit
1239 2917 1265 2940 ct
1293 2911 1435 2948 palpebras
1469 2914 1496 2939 ct
1534 2911 1658 2938 visionem
1682 2917 1803 2944 vocare,
