2041 3159
225 168 293 202 1279

956 176 1120 217 ADIuANt

1790 181 1858 214 1280

220 235 303 261 super
319 227 420 254 bonum
433 227 563 261 quidem;
579 227 652 256 sicut
668 237 674 256 :
693 238 701 255 ι
718 228 797 257 Oculi
811 229 918 258 Domini
932 238 1011 265 super

1066 231 1114 258 ἐπὶ
1131 231 1181 266 μὲν
1197 231 1273 268 καλῷ
1285 240 1292 248 ·
1308 232 1345 264 ὡς
1361 232 1402 264 τὸ,
1424 243 1432 259 ι
1447 232 1603 269 Ὀφθαλμοὶ
1621 234 1726 270 Κυρίου
1745 235 1794 262 ἐπὶ
1817 238 1859 264 δι-

218 273 324 307 justus;
342 283 351 298 )
372 281 454 308 super
474 274 577 301 malum
594 279 686 302 autem
705 285 711 302 :
727 286 736 302 r
753 275 831 304 Oculi
846 277 906 311 ejus
931 285 1013 312 super

220 324 314 354 gentes
331 320 493 355 respiciunt.
514 330 523 346 ι
542 320 630 355 (Psal.
646 329 744 355 xxxttt,
767 323 817 355 £6;
840 331 902 356 va,
920 323 959 360 7.)

255 365 282 392 5.
304 365 520 394 Misericordiam
536 367 596 402 ejus
613 376 693 395 aures
704 372 731 394 et
747 369 885 401 auditum;
898 373 925 397 et
939 369 1012 404 quod

220 410 324 438 indicat
346 412 516 439 voluntatem
534 413 605 447 ejus,
629 413 760 448 loquelam
780 419 807 441 et
824 423 870 447 os;
889 419 915 442 et
930 415 964 443 ab
980 423 1013 450 eo

220 456 291 490 quod
308 464 322 482 a
347 457 427 484 nobis
444 465 492 491 per
514 465 546 485 os
563 463 590 485 et
609 458 721 485 verbum
739 464 892 486 noscuntur
906 467 967 494 qua:
985 461 1011 487 in

220 506 310 529 mente
325 502 491 537 cogitantur,
509 503 573 530 inde
592 508 619 531 et
638 504 871 532 manducationem
886 505 946 540 ejus
961 514 1012 534 no-

220 552 305 575 stram
320 553 400 576 vocat
414 549 447 576 ad
461 557 493 576 ea
505 557 565 584 qua:
577 550 636 577 vult
648 551 836 585 alacritatem;
850 560 883 579 ex
894 559 927 579 eo
939 553 1011 588 quod

221 593 247 619 in
272 593 352 620 nobis
369 601 416 627 per
433 599 532 629 gustus
549 596 736 624 sensationcm
755 597 890 625 naturalis
910 599 1010 626 esuriei

221 639 268 666 iiat
282 639 411 674 expletio.
555 634 559 637 v

254 726 283 753 4.
312 726 390 759 Quod
421 734 561 764 acceptam
592 729 690 758 habeat
717 731 935 762 benevolentiam
963 744 1012 763 no-

220 777 304 799 stram
322 781 385 808 erga
402 774 502 808 ipsum,
519 775 710 804 odorationem.

255 819 281 845 5.
303 819 340 845 Ex
358 820 487 854 operibus
503 821 753 851 manifestationcm
771 825 830 860 ejus
845 826 945 853 vultum
963 835 1011 854 vo-

218 867 273 894 cat,
289 863 361 890 sicut
376 872 438 891 cum
454 872 537 900 super
556 874 607 894 nos
629 867 658 894 iit
671 876 720 903 per
738 869 794 897 haec
812 871 1008 906 manifestatio,

219 913 275 936 tum
293 918 375 944 super
387 911 501 944 bonum,
517 917 573 940 tum
591 921 674 949 super
689 916 803 948 malum,
821 921 850 944 ut
865 927 871 945 :
887 927 896 943 ε
913 919 1009 947 Vultus

218 954 327 982 Domini
346 963 430 991 super
443 957 575 986 facientes
595 959 678 987 mala.
695 970 704 986 ι
725 959 813 996 (Ρδαί.
831 970 929 996 xxxtn,
952 964 1009 1000 l7.)

253 1053 280 1080 6.
302 1052 456 1083 Eliicaciam
469 1058 588 1093 energies
603 1059 664 1094 ejus
677 1080 684 1092 ,
700 1060 799 1090 manus
814 1067 896 1090 vocat-
910 1063 982 1092 sicut
995 1073 1010 1092 a

219 1098 299 1126 nobis
325 1101 402 1128 utilia
423 1110 540 1137 quaeque
563 1112 611 1139 per
636 1113 767 1134 manuum
786 1109 926 1144 energiam
943 1111 1011 1138 diri-

219 1148 336 1177 guntur,
363 1146 423 1173 sive
447 1155 530 1182 super
552 1148 673 1184 bonum,
698 1151 756 1179 sive
783 1160 866 1187 super
889 1155 1008 1189 malum,

219 1189 310 1222 sicut,
343 1199 352 1216 ‹
374 1190 476 1219 Emitte
508 1201 619 1222 martum
652 1199 727 1223 tuam
761 1198 795 1225 de
827 1199 902 1232 alto;
922 1209 931 1226 ι
961 1205 1008 1235 et,

222 1243 230 1258 ι
247 1233 316 1261 Leva
333 1243 431 1264 manus
449 1242 510 1266 tuas
527 1239 553 1266 in
572 1242 716 1274 superbiae
727 1250 823 1270 eorum
841 1244 868 1271 iu
887 1245 979 1274 tinem.
996 1256 1006 1272 ι

219 1278 307 1314 (Prol.
324 1289 419 1316 CXLIII,
437 1283 467 1317 7;
488 1292 585 1319 Lxxnt,
600 1287 638 1321 5.)

255 1326 282 1353 'l.
304 1327 448 1356 Dexteram
465 1337 548 1366 super
568 1332 643 1360 solos
656 1332 757 1367 justos,
776 1339 906 1372 tanquam
922 1328 1010 1366 hono-

219 1372 350 1400 ratiorem
365 1380 470 1409 partem
488 1378 626 1412 appellare
640 1381 794 1408 consuevit.

253 1416 279 1443 8.
303 1417 336 1445 Et
350 1419 522 1454 diligentiam
541 1422 672 1457 majorem
688 1424 714 1451 in
737 1427 842 1461 agendo
858 1432 1010 1456 contactum

219 1468 313 1497 vocat;
339 1464 543 1495 festinationem
569 1469 603 1496 ad
626 1471 763 1505 egentium
781 1474 913 1500 auxilium
934 1476 1009 1509 pedes

218 1514 246 1536 ct
262 1510 392 1538 incessunt
412 1518 503 1545 vocat,
524 1515 596 1542 sicut
620 1525 630 1541 ί
646 1515 789 1544 luclinavit
814 1520 899 1547 caelos
917 1525 945 1547 et
964 1522 1011 1548 de-

220 1556 343 1589 scendit;
358 1567 368 1583 »
388 1562 425 1590 et,
439 1567 448 1583 ι
463 1559 575 1586 Andivit
587 1561 673 1588 Adam
690 1561 773 1590 Deum
788 1564 1008 1595 deambulantem

220 1602 246 1628 in
263 1604 403 1637 paradiso.
421 1613 429 1630 ι
452 1604 539 1640 (Prol.
556 1614 624 1640 xvu,
642 1607 692 1640 1ος
711 1608 774 1637 Gen.
796 1617 836 1644 Ill,
852 1610 892 1646 8.)

255 1689 280 1717 9.
302 1691 429 1719 Attamen
447 1697 474 1720 et
489 1701 560 1728 saepe
576 1702 623 1730 per
647 1699 734 1727 totum
754 1703 844 1726 servat
863 1699 1012 1730 schematis

220 1737 472 1772 continuationem,
497 1740 568 1768 sicut
585 1741 612 1768 in
638 1743 745 1777 psalmo
768 1743 901 1773 describit
927 1746 1010 1775 Deum

222 1788 350 1818 tanquam
369 1785 593 1821 descendentem,
619 1795 684 1815 mox
711 1789 894 1823 clamantem,.
914 1792 1013 1820 deinde

222 1828 274 1854 tela
302 1829 471 1862 mittentem;
496 1831 568 1858 idem
597 1836 624 1859 et
646 1832 737 1861 facere
761 1836 905 1863 consuevit
924 1841 952 1864 et
968 1837 1012 1865 .de

222 1874 390 1907 hominibus.
406 1876 477 1904 sicut
492 1886 498 1904 :
517 1886 527 1903 ‹
542 1877 624 1913 Eripe
639 1879 760 1908 animam
775 1888 863 1909 meam
875 1882 909 1910 de
921 1884 1011 1912 medio

221 1919 343 1950 leonum.
361 1930 371 1947 ι
393 1925 420 1949 ει
433 1930 494 1956 quae
517 1929 688 1958 sequuntur;
715 1925 772 1953 sint
790 1931 882 1954 autem
905 1928 964 1959 haec
978 1930 1012 1957 dc

221 1965 353 1993 membris
367 1970 395 1993 et
408 1966 442 1994 de
455 1967 594 1996 sensibus.
607 1968 695 2004 (Psal.
709 1977 776 2003 xvu,
794 1970 844 2006 ii;
860 1971 958 2002 Ezech.
971 1982 1010 2008 nr,

221 2010 254 2044 1;
270 2011 345 2039 Paul.
362 2020 417 2045 ut,
434 2014 473 2049 5.)

257 2057 301 2084 10.
327 2058 441 2086 Consilii
466 2060 514 2088 Dei
541 2062 742 2096 oppositionem
772 2065 905 2094 adversus
930 2067 1011 2094 mali-

221 2102 297 2136 tiam,
311 2104 380 2130 iram
396 2109 422 2132 et
434 2106 551 2140 furorem
575 2108 711 2142 nominat,
735 2110 769 2137 ab
785 2119 819 2138 eo
842 2112 915 2146 quod
931 2113 1011 2141 nobis

222 2147 248 2173 in
261 2148 324 2175 odio
340 2150 439 2177 accidit
453 2156 564 2186 propter
581 2155 732 2186 contraria,
750 2156 821 2183 sicut
836 2165 843 2184 :
862 2166 871 2183 r
888 2157 926 2185 Ex
947 2163 1011 2187 tunc

221 2194 261 2219 ira
275 2198 332 2225 tua,
349 2204 358 2220 ι
378 2203 439 2229 pro,
457 2205 466 2222 ι
481 2197 522 2224 Ab
535 2197 614 2226 initio
635 2204 663 2227 et
679 2207 797 2236 semperl
813 2211 822 2228 ι
842 2204 1011 2232 contrarium

221 2247 285 2267 esse
310 2242 478 2270 consuevisti
492 2243 584 2278 malo;
606 2250 650 2278 et,
679 2256 687 2272 ι
707 2246 820 2276 Etl‘unde
843 2248 910 2276 iram
934 2254 1009 2278 tuam
1028 2259 1049 2287 ι)

221 2285 248 2312 in
266 2290 360 2321 gentes
376 2295 437 2322 qua;
452 2292 478 2316 te
494 2297 550 2316 nun
567 2296 725 2320 noverunt:
744 2303 752 2319 ι
771 2294 827 2321 sint
842 2294 900 2322 [nec
912 2295 946 2323 de
958 2297 1014 2332 spi-

221 2333 367 2362 ritualibus
380 2335 512 2364 motibus.
527 2336 616 2372 (Paul.
636 2346 717 2372 Lxxv,
732 2339 765 2374 8;
786 2348 902 2375 Lxxvnt,
916 2342 955 2378 6.)

256 2423 301 2450 Η.
321 2423 498 2452 Voluntatem
513 2426 539 2453 in
553 2434 696 2454 servorum
712 2428 856 2462 auxilium,
875 2429 1011 2458 adversa—

221 2468 325 2495 riorum
344 2476 408 2496 vero
428 2470 598 2504 punitionem
621 2472 734 2508 Surgere
758 2464 785 2501 Et
803 2483 897 2502 somno
922 2477 1012 2504 excuti

220 2521 309 2548 vocat,
323 2515 394 2543 sicut
412 2525 422 2542 ι
436 2516 570 2552 Exsurge,
585 2518 711 2551 Domine,
725 2519 824 2554 adjuva
841 2527 903 2548 nos.
921 2531 929 2548 ι
950 2521 1012 2550 Sint

222 2561 279 2589 Inec
295 2562 328 2590 de
343 2563 681 2606 nlOtibus’corporaiibus.
696 2565 788 2601 (Psal.
811 2576 888 2601 mn,
904 2568 962 2603 26.)

259 2651 303 2680 12.
325 2652 516 2681 Tcntationem
533 2653 581 2682 Dei
600 2660 691 2689 vocat,
710 2658 933 2691 provocationem
957 2666 1011 2687 scr-

223 2706 317 2726 vurum
334 2699 395 2734 ejus
406 2699 439 2727 ad
455 2708 524 2734 opus
536 2701 753 2729 benevolentiam
770 2703 962 2736 manifestans,
983 2709 1012 2732 ut

223 2745 385 2774 illustriores
396 2751 423 2775 et
438 2747 659 2775 ltonorabiliores
674 2748 885 2776 manifestcntur
903 2753 930 2777 et
949 2750 1010 2778 aliis

224 2791 399 2819 admirationi
418 2792 486 2824 sint,
507 2797 535 2820 ut
550 2801 556 2820 :
574 2801 584 2818 ‹
600 2793 726 2821 Tcnlavit
743 2793 815 2822 Dens
833 2794 980 2822 Abraham.
996 2804 1005 2820 ›

225 2835 300 2870 (Gen.
318 2845 394 2870 ult,
408 2839 446 2872 Ι.)

268 2882 309 2909 l3.
330 2883 475 2912 Consucta‘,
495 2885 672 2919 protectinnis
691 2886 751 2919 ejus
770 2895 883 2919 moram,
905 2886 1012 2914 obtiriu-

1065 277 1175 308 καίους’
1195 287 1203 303 ι
1222 278 1270 304 ἐπὶ
1284 277 1312 304 δὲ
1331 277 1418 314 κακῷ,
1441 288 1449 304 ι
1462 279 1495 306 οι
1508 279 1646 315 ὀφθαλμοὶ
1663 281 1745 308 αὑτοῦ
1763 281 1812 309 ἐπὶ
1823 283 1859 310 τά

1065 322 1131 356 ἔθνη
1147 323 1354 350 ὲπιὸ).έπουσιν.
1369 333 1379 350 ι

1100 369 1134 404 γ’.
1154 370 1191 396 Τὸ
1201 370 1230 396 δὲ
1245 370 1420 403 ὲξιλεωτικὺν
1433 371 1529 404 αὑτοῦ,
1545 369 1605 400 ὦτα
1625 373 1673 400 καὶ
1690 373 1789 408 ἀκοήν
1800 383 1806 389 ·
1827 375 1858 402 τδ

1064 415 1093 441 δὲ
1118 416 1287 444 ἐνδεικτικὸν
1308 417 1360 452 τῆς
1378 417 1534 453 βουλήσεως
1549 419 1644 452 αὑτοῦ,
1670 420 1785 447 λαλιὰν
1810 422 1859 448 καὶ

1064 462 1163 496 στόμα
1175 470 1182 477 ”
1198 462 1253 489 ἀπὸ
1268 462 1296 489 δὲ
1310 462 1358 490 τοῦ
1377 463 1443 499 παρ’
1459 464 1525 499 ἡμῖν
1541 464 1585 491 διὰ
1604 465 1738 500 στόματος
1751 467 1799 494 καὶ
1813 467 1858 494 λό-

1063 516 1119 541 γων
1137 509 1321 543 γνωρίζεσθαι
1335 509 1370 537 τὰ
1394 512 1466 537 κατὰ
1481 510 1597 546 γνώμην
1617 512 1794 547 φρονήματα,
1812 515 1858 540 ὲν-

1063 552 1158 581 τεῦθεν
1177 555 1226 581 καὶ
1235 555 1355 589 βρῶσιν
1370 556 1454 583 αὑτοῦ
1467 556 1516 592 τὴν
1532 557 1673 592 ἡμετέραν
1690 559 1771 585 καλεῖ
1787 560 1857 595 πρὸς

1062 599 1076 626 ὃ
1094 600 1221 635 βούλεται
1241 602 1412 639 συνδρομήν
1439 604 1471 629 ὲκ
1486 602 1533 629 τοῦ
1560 604 1626 639 παρ’
1646 605 1714 640 ἡμῖν
1740 605 1785 633 διὰ
1804 606 1857 642 τῆς

1062 647 1211 681 γευστικῆς
1230 647 1386 683 αἰσθήσεως
1405 649 1455 683 τῆς
1476 649 1597 685 φυσικῆς
1621 650 1727 683 ὲνδείας
1749 652 1858 687 ἐγγίνε-

1063 691 1127 719 σθαι
1140 693 1232 727 κόρον.

1097 737 1129 766 δ’.
1145 739 1182 765 Τὸ
1200 739 1228 765 δὲ
1257 739 1438 767 ἁποδεκτικδν
1460 740 1509 776 τῆς
1536 742 1577 773 είς
1602 741 1684 768 αὑτὸν
1702 742 1782 778 ἡμῶν
1810 743 1857 771 εὗ-

1062 784 1148 817 νοίας,
1165 785 1330 819 ὄσφρησιν.

1097 833 1128 857 ε’.
1146 831 1202 866 Τὴν
1218 832 1247 857 δὲ
1265 832 1311 858 ἐπὶ
1330 833 1503 868 πραγμάτων
1516 833 1634 867 ἔνδειξιν
1649 834 1746 866 αὐτοῦ,
1759 836 1856 870 πρόσ-

1063 884 1145 903 ωπον
1160 877 1252 911 καλεῖ,
1268 878 1306 910 ὡς
1322 879 1377 905 ἀπὸ
1395 878 1443 905 τοῦ
1462 880 1528 914 παρ’
1544 881 1612 915 ἡμῖν
1629 881 1674 908 διὰ
1689 881 1786 910 τούτου
1810 883 1855 918 γί-

1063 921 1156 948 νεσθαι
1180 922 1230 958 τὴν
1256 924 1428 958 ἐμφάνειαν·
1455 925 1511 951 εἴτε
1532 926 1581 951 ἐπὶ
1610 926 1707 962 καλῷ,
1731 927 1786 953 είτε
1807 929 1856 955 ἐπὶ

1062 967 1156 1002 κακῷ·
1183 968 1231 1000 ὠς.
1251 978 1260 994 ι
1275 969 1427 1004 Πρόσωπον
1448 969 1476 997 δὲ
1503 971 1609 1006 Κυρίου
1631 972 1680 998 ἐπὶ
1707 973 1854 1007 ποιοῦντας

1062 1013 1144 1040 κακά.
1161 1023 1170 1038 ι

1098 1062 1134 1091 ς’.
1158 1059 1195 1085 Τὸ
1211 1059 1358 1087 ἀνυστικδν
1381 1060 1432 1096 τῆς
1448 1061 1593 1097 ἐνεργείας
1621 1062 1724 1096 αὐτοῦ,
1758 1065 1855 1100 χεῖρας

1060 1105 1201 1141 ὀνομάζει,
1215 1106 1253 1138 ὡς
1266 1106 1321 1133 τῶν
1333 1107 1399 1142 παρ’
1412 1108 1479 1142 ἡμῖν
1493 1108 1528 1134 τὰ
1545 1109 1664 1144 μάλιστα
1675 1110 1797 1146 χρειώδη
1808 1111 1854 1138 διὰ

1059 1152 1109 1187 τῆς
1129 1152 1184 1179 τῶν
1208 1153 1309 1189 χειρῶν
1337 1153 1479 1188 ἐνεργείας
1497 1155 1708 1190 κατορθοῦσθαι,
1730 1156 1787 1183 εἴτε
1806 1158 1854 1184 ἐπὶ

1061 1197 1145 1232 καλῷ,
1163 1198 1218 1224 είτε
1244 1199 1290 1224 ἐπὶ
1317 1199 1394 1234 κακῷ
1407 1207 1414 1215 ’
1436 1199 1473 1231 ὡς
1493 1200 1533 1234 τὸ,
1551 1210 1560 1226 ι
1576 1200 1785 1233 Ἐξαπόστειλον
1803 1202 1854 1239 τὴν

1060 1243 1141 1279 χεῖρά
1163 1253 1210 1270 σου
1226 1243 1256 1276 ἐξ
1279 1244 1381 1279 ὕψους⁸
1397 1254 1407 1271 ι
1427 1246 1484 1278 καὶ,
1508 1255 1518 1272 (
1539 1247 1662 1282 Ἐπαρον
1685 1247 1736 1280 τὰς
1758 1250 1853 1284 χεῖράς

1061 1297 1109 1315 σου
1118 1289 1163 1315 ἐπὶ
1178 1288 1228 1320 τὰς
1244 1289 1442 1324 ὑπερηφανίας
1458 1290 1548 1317 αὐτῶν
1564 1292 1605 1322 εἰς
1617 1292 1704 1324 τέλος.
1722 1302 1731 1318 ι

1056 1356 1060 1360 .
1095 1333 1129 1366 ζ’.
1148 1333 1204 1369 Τὴν
1221 1333 1313 1368 μέντοι
1329 1333 1422 1367 δεξιὰν
1439 1335 1485 1361 ἐπὶ
1515 1335 1605 1370 μόνων
1621 1336 1676 1363 τῶν
1693 1336 1801 1371 αἰσίων,
1816 1337 1855 1370 ὡς

1060 1380 1116 1408 ἀπὸ
1130 1381 1297 1416 τιμιωτέρου
1312 1380 1360 1407 τοῦ
1373 1380 1486 1415 μέρους,
1503 1381 1638 1415 ἐπιφωνεῖν
1652 1382 1753 1410 ἔοικεν.

1095 1425 1130 1462 η’.
1147 1427 1203 1453 Καὶ
1220 1426 1252 1453 τὸ
1265 1426 1299 1453 δι’
1313 1426 1460 1462 ἀκριϐείας
1476 1427 1560 1453 αὐτοῦ
1574 1428 1615 1459 είς
1628 1428 1783 1464 πρακτικὸν
1795 1429 1855 1455 ἑπι-

1060 1471 1256 1507 τατικώτερον,
1272 1472 1460 1505 ψηλάφησιν
1480 1471 1578 1497 καλεῖν
1596 1472 1646 1507 τὴν
1661 1472 1689 1498 δὲ
1706 1473 1773 1507 πρὸς
1794 1473 1854 1499 ἑπι-

1061 1518 1176 1552 κουρίαν
1199 1517 1253 1543 τῶν
1271 1517 1408 1552 δεομένων
1426 1516 1523 1552 ῥοπὴν,
1541 1517 1636 1550 πόδας
1662 1518 1710 1544 καὶ
1726 1517 1856 1550 βάδισιν

1023 1579 1045 1609 c
1061 1563 1211 1597 ὀνομάζει·
1229 1563 1268 1594 ὡς
1283 1563 1323 1596 τὸ,
1344 1572 1352 1588 ι
1365 1563 1422 1590 Καὶ
1431 1563 1542 1590 ἔκλινεν
1560 1563 1707 1599 οὐρανοὺς,
1725 1564 1773 1590 καὶ
1789 1573 1856 1591 κατ-

1063 1608 1113 1643 έῦη
1127 1616 1132 1620 ·
1146 1617 1155 1633 ι
1170 1608 1229 1640 καὶ,
1251 1617 1260 1633 ι
1273 1608 1411 1635 Ἤκουσεν
1423 1608 1511 1643 Ἀδὰμ
1525 1609 1573 1636 τοῦ
1586 1609 1653 1636 Θεοῦ
1669 1609 1856 1645 περιπατοῦν-

1062 1662 1106 1685 τος
1126 1653 1155 1680 ὲν
1170 1653 1208 1688 τῷ
1221 1653 1390 1689 παραδείσῳ.
1408 1663 1417 1679 ›

1098 1699 1130 1726 θ’.
1149 1700 1284 1733 Μέντοιγε
1298 1699 1346 1726 καὶ
1358 1699 1444 1731 σώζει
1455 1700 1587 1732 πολλάκις
1596 1700 1644 1727 τοῦ
1660 1701 1857 1736 σχηματισμοῦ

1062 1745 1095 1772 δι’
1115 1745 1178 1772 ὅλου
1194 1745 1245 1781 τὴν
1262 1745 1429 1772 ἀκολουθίαν
1440 1754 1446 1761 ·
1464 1746 1503 1778 ὼς
1524 1747 1553 1773 ὲν
1572 1746 1728 1782 τῷψαλμῷ
1742 1747 1855 1782 διαγρά-

1064 1799 1109 1826 φει
1124 1790 1171 1817 τὸν
1186 1791 1255 1818 Θεὸν
1279 1790 1318 1823 ὡς
1334 1791 1512 1825 καταϐάντα,
1535 1789 1597 1819 εἶτα
1619 1792 1774 1828 κράξαντα,
1796 1791 1859 1821 εἶτα

1063 1837 1212 1872 πέμψαντα
1224 1837 1290 1873 βέλη
1300 1847 1307 1854 ·
1323 1837 1355 1864 τὺ
1369 1837 1437 1865 αὐτὸ
1456 1838 1484 1864 δὲ
1502 1839 1590 1865 ποιεῖν
1605 1835 1660 1865 οἵδε
1676 1839 1723 1866 καὶ
1742 1840 1789 1866 ἐπὶ
1807 1841 1858 1867 ἁν-

1063 1883 1196 1919 θρώπων·
1210 1883 1248 1915 ὡς
1263 1883 1305 1915 τὸ,
1322 1893 1331 1910 ι
1345 1884 1474 1919 Ἐρῤύσω
1484 1884 1532 1920 τὴν
1541 1884 1634 1920 ψυχήν
1651 1894 1703 1920 μου
1720 1885 1753 1913 ὲκ
1772 1886 1857 1921 μέσου

1063 1930 1209 1965 σκύμνων·
1231 1939 1240 1955 ι
1261 1930 1308 1956 καὶ
1327 1930 1362 1957 τὰ
1378 1930 1461 1965 ἑξῆς·
1485 1930 1527 1966 εἴη
1545 1930 1568 1957 δ’
1588 1931 1622 1958 ἂν
1645 1931 1735 1959 ταῦτα
1758 1932 1814 1959 ἀπό
1828 1941 1859 1959 τι

1061 1976 1116 2003 τῶν
1132 1975 1223 2011 μελῶν
1241 1975 1355 2004 καὶτῶν
1372 1975 1542 2012 αἰσθήσεων.

1098 2051 1124 2080 t'.
1144 2052 1201 2088 Τὴν
1214 2051 1284 2088 πρὸς
1300 2051 1352 2088 τὴν
1365 2052 1467 2080 κακίαν
1479 2053 1663 2090 ἐναντιότητα
1672 2054 1724 2090 τῆς
1733 2055 1780 2081 τοῦ
1789 2054 1858 2082 Θεοῦ

1062 2097 1162 2133 βουλῆς
1178 2099 1274 2133 θυμὸν
1288 2099 1336 2126 καὶ
1361 2099 1456 2134 ὀργὴν
1473 2099 1617 2135 ὀνομάζει,
1643 2101 1698 2128 ἀπὸ
1716 2101 1765 2128 τοῦ
1790 2102 1859 2139 παρ’

1061 2144 1127 2178 ἡμῖν
1144 2143 1195 2179 τὴν
1217 2143 1368 2179 ἀπέχθειαν
1384 2145 1454 2180 πρὸς
1471 2146 1605 2173 τάναντία
1620 2146 1785 2181 συμϐαίνειν
1795 2156 1806 2176 ·,
1820 2148 1859 2180 ὡς

1061 2189 1102 2223 τὸ,
1118 2198 1128 2215 ι
1141 2189 1210 2216 Ἀπὸ
1229 2189 1291 2216 τότε
1305 2190 1321 2224 ή
1337 2189 1408 2226 ὀργή
1424 2199 1472 2218 σου
1483 2199 1489 2206 ·
1508 2201 1517 2217 r
1536 2192 1610 2224 ἀντὶ,
1630 2201 1638 2217 ι
1651 2192 1699 2224 Ἐξ
1710 2193 1798 2228 ἀρχῆς
1810 2193 1859 2220 καὶ

1062 2236 1118 2262 αίεὶ
1133 2245 1142 2261 ι
1161 2235 1292 2267 ἐναντίως
1309 2235 1438 2270 πέφυκας
1453 2236 1527 2272 ἔχειν
1544 2237 1614 2273 πρὸς
1629 2237 1659 2264 τὸ
1677 2239 1780 2265 κακόν·
1798 2239 1857 2270 καὶ.

1068 2291 1077 2308 ι
1091 2282 1208 2317 Ἔχχεον
1217 2281 1267 2317 τὴν
1284 2282 1369 2317 ὀργήν
1386 2291 1434 2309 σου
1452 2283 1499 2309 ἐπὶ
1514 2283 1549 2309 τὰ
1567 2283 1632 2319 ἔθνη
1652 2283 1687 2310 τὰ
1711 2284 1749 2319 μὴ
1775 2285 1859 2319 γινώ-

1065 2327 1167 2354 σκοντά
1187 2335 1233 2353 σε’
1248 2336 1257 2353 ›
1275 2327 1320 2362 είη
1338 2327 1359 2354 δ’
1378 2327 1410 2354 ἂν
1433 2327 1522 2355 ταῦτα
1543 2329 1598 2355 ἀπὸ
1622 2330 1757 2364 κινήσεων
1775 2330 1858 2366 ψυχι-

1065 2382 1131 2400 κων.

1101 2419 1147 2446 ια’.
1160 2419 1216 2454 Τὴν
1230 2419 1277 2446 ὲπὶ
1293 2419 1343 2455 μὲν
1359 2420 1392 2455 τῇ
1405 2419 1460 2446 τῶν
1472 2419 1582 2446 οἰκείων
1596 2419 1721 2456 βοηθείᾳζ
1735 2423 1861 2458 τιμωρίᾳ

1063 2466 1092 2493 δὲ
1101 2466 1156 2492 τῶν
1167 2467 1286 2502 ἐχθρῶν,
1304 2466 1608 2502 αῖρεσιν,ἀνᾱστασιν
1621 2476 1650 2494 τε
1664 2467 1711 2495 τοῦ
1728 2468 1798 2495 Θεοῦ
1812 2471 1860 2504 καὶ

1064 2512 1187 2546 ἔγερσιν
1201 2513 1296 2539 καλεῖ’
1308 2513 1345 2545 ὠς
1362 2513 1403 2547 τὸ,
1423 2522 1432 2538 ε
1463 2513 1593 2547 Ἀνάστα,
1607 2514 1706 2550 Κύριε,
1723 2515 1860 2550 βοήθησον

1065 2560 1150 2594 ἡμῖν’
1171 2568 1181 2585 t
1207 2559 1250 2594 εἴη
1273 2559 1296 2585 δ’
1326 2559 1360 2586 ἂν
1374 2558 1465 2586 ταῦτα
1491 2560 1545 2586 ἀπὸ
1573 2560 1710 2600 κινήσεων
1736 2569 1861 2595 σωματι-

1066 2613 1132 2631 κων.

1105 2652 1147 2686 ιβ’.
1165 2652 1267 2686 Πεῐραν
1280 2651 1328 2677 τοῦ
1339 2650 1408 2678 Θεοῦ
1422 2651 1511 2683 καλεῖ,
1527 2651 1578 2686 τὴν
1591 2652 1633 2683 είς
1648 2652 1729 2687 ἔργον
1741 2653 1792 2687 τῆς
1804 2653 1860 2680 τῶν

1065 2697 1176 2724 οἰκείων
1199 2697 1283 2724 αὐτοῦ
1311 2697 1416 2729 ἑννοίας
1434 2697 1577 2732 ἐκκληπιν,
1595 2697 1664 2733 πρὸς
1685 2697 1716 2723 τὸ
1732 2697 1859 2733 λαμπρο-
1898 2700 1900 2702 ’

1065 2732 1162 2780 τέρους
1181 2744 1230 2771 καὶ
1247 2743 1470 2779 ἐπισημοτέρους
1495 2743 1596 2774 αὐτοὺς
1614 2742 1790 2778 καταστῆσαι
1813 2744 1860 2770 καὶ

1065 2790 1349 2826 περιϐλεπτοτέρους·
1365 2789 1404 2820 ὡς
1423 2788 1465 2821 τὸ,
1492 2797 1502 2814 ι
1521 2789 1551 2815 '0
1566 2788 1634 2820 Θεὸς
1659 2788 1794 2824 ἑπείραζε
1814 2789 1859 2816 τὸν

1074 2838 1211 2873 Ἀϐραάμ.
1229 2848 1238 2864 ι

1106 2884 1149 2918 ιγ’.
1179 2885 1235 2919 Τὴν
1254 2884 1302 2920 τῆς
1324 2883 1456 2919 συνήθους
1476 2881 1557 2910 αὐτοῦ
1576 2881 1744 2917 προστασίας
1761 2880 1858 2909 ἀνασο-
