2041 3159
177 181 243 213 1281

704 177 868 208 ISAGOGE
890 176 928 206 IN
949 176 1000 206 SS.
1016 174 1274 206 'SCRIPTURAS.

1735 175 1804 208 1282

175 240 235 275 λὴν.
256 238 358 271 λήθην
386 237 534 272 ὀνομάζει·
556 237 593 268 ὡς
618 237 659 268 τὺ,
680 245 688 262 ι
709 236 895 271 Ἐπιλανθάνῃ
915 235 964 271 τῆς

1028 243 1074 261 rem
1103 235 1247 266 nominat,
1277 233 1348 261 sicut
1369 243 1375 260 :
1397 242 1405 258 ι
1422 233 1599 261 Oblivisceris
1624 233 1722 268 inopiae
1757 245 1804 261 nn-

175 285 317 320 πτωχείας
333 283 426 319 ἡμῶν.
442 293 451 310 ι

213 329 253 355 ιδ’.
277 329 332 364 Τὴν
356 329 406 364 τῆς
425 328 584 363 προθέσεως
598 329 638 360 εἰς
654 328 734 363 ἔργον
749 328 874 360 ἔκϐασιν,
890 329 968 360 πλη-

175 376 320 410 ροφορίαν
335 375 383 410 τῆς
397 375 444 401 τοῦ
461 375 530 402 Θεοῦ
546 375 684 410 γνώσεως
699 375 844 406 ἀποκαλεῖ,
857 375 895 406 ὡς
914 373 966 410 [τὸ]

178 422 244 456 παρ’
259 423 328 457 ἡμῖν
345 421 557 456 ἀξιοπιστότερα
572 422 628 447 τῶν
649 421 739 454 λόγων
753 421 787 447 τὰ
801 421 966 455 πράγματα,

178 469 216 499 ώς
229 468 270 500 τὸ,
288 477 298 493 ί
311 468 442 499 Καταὸὰς
456 466 502 495 οὖν
520 468 635 503 ὄψομαι·
649 468 674 493 εί
690 467 762 493 κατὰ
777 466 828 502 τὴν
841 466 967 501 κραυγὴν

178 514 268 540 αὐτῶν
279 513 328 548 τὴν
349 514 501 549 ἐρχομένην
525 513 594 549 πρός
615 522 648 548 με
667 512 872 539 συντελοῦνται·
895 512 919 537 εί
940 511 968 537 δὲ

181 559 229 594 μὴ,
242 559 285 585 ἵνα
301 558 357 592 γνῶ
367 564 374 572 ⁸
391 568 401 584 ι
416 558 462 585 καὶ
478 559 519 590 τὸ,
537 568 546 584 ι
565 558 622 585 Νῦν
635 558 722 592 ἔγνων
735 558 776 584 ὅτι
789 557 859 592 φοϐῇ
876 557 908 583 σὺ
923 556 968 582 τὸν

180 605 256 630 Θεόν.
279 614 289 629 ›

216 653 257 677 ιε’.
277 649 313 676 To
329 649 451 685 ἄφυκτον
469 650 516 676 τοῦ
542 649 612 676 Θεοῦ
627 649 716 685 δίκης,
732 650 861 684 ἔρευναν
875 649 967 676 καλεῖ·

180 697 218 728 ὠς
235 696 273 729 τὺ,
290 705 298 722 ι
312 697 366 723 Καὶ
383 696 459 723 ἔσται
475 697 505 725 ὲν
519 697 553 732 τῇ
569 697 662 732 ἡμέρᾳ
679 695 782 731 ἐκείνῃ,
798 695 969 732 ὲξερευνήσω

122 759 126 767 .
179 743 230 777 τὴν
250 742 431 777 Ἰερουσαλὴμ
445 743 515 778 μετὰ
526 742 652 777 λύχνου.)
667 741 717 777 Εῐη
729 742 751 768 δ’
764 742 797 768 ἂν
811 741 897 768 ταῦτα
915 741 970 768 ἀπὸ

181 787 277 813 παθῶν
292 787 430 822 ψυχικῶν.

218 836 267 865 ις’.
286 832 341 864 Τὴν
358 833 408 867 τῆς
423 832 496 860 κατὰ
510 833 564 859 τῶν
584 832 689 868 ἐχθρῶν
702 833 741 868 (5)
762 833 846 860 αὑτοῦ
861 833 971 869 ἀμύνης

181 878 341 912 ὑπέρθεσιν,
353 879 403 913 τήν
413 887 442 904 τε
459 878 529 914 πρὸς
539 879 603 910 τοὺς
614 879 733 912 οἰκείους
745 879 893 915 ἐπίκουρον
909 879 971 915 βρα-

180 924 298 959 δυτῆτα,
325 913 502 959 νυσταγμὸν
525 925 573 951 καὶ
597 925 697 952 ὕπνον
719 927 767 953 καὶ
788 913 972 960 καρὴόαρίαν
986 913 1008 941 Β

182 970 329 997 ἀποκαλεῖ·
342 969 380 1002 ὡς
398 969 439 1003 τὸ,
459 980 467 996 ι
482 970 671 1005 Ἐξεγέρθητι,
689 971 733 998 ἴνα
748 971 775 997 τί
795 972 901 1003 ὑπνοῖς,
916 970 972 998 Κύ-

183 1024 243 1050 ριε;
260 1025 269 1042 ι
289 1016 346 1048 καὶ,
363 1025 372 1042 ι
386 1017 424 1042 Οὐ
445 1015 483 1052 μὴ
511 1016 636 1052 νυστάξῃτ
658 1016 720 1044 οὐδὲ
748 1017 862 1053 ὑπνώσῃ
882 1019 896 1044 ὁ
919 1026 971 1051 φυ-

182 1061 290 1088 λάσσων
305 1061 350 1088 τὸν
362 1061 484 1098 Ἰσραήλ.
505 1071 514 1088 ι
532 1062 584 1098 Et!)
605 1062 628 1089 δ’
647 1062 680 1090 ἂν
696 1062 785 1090 ταῦτα
807 1063 861 1090 άπὸ
876 1063 972 1090 παθῶν

183 1108 362 1142 σωματικῶν.
796 1136 802 1142 ,

221 1155 264 1186 ιζ’.
282 1154 338 1190 Τὴν
351 1154 524 1190 καταθύμιον
538 1154 576 1190 τῷ
589 1154 649 1190 Θεῷ
662 1154 801 1181 πολιτείαν
812 1154 891 1189 ἡμῶν
902 1154 974 1190 ἀτά-

184 1209 248 1234 πην
264 1200 348 1227 αὐτοῦ
367 1201 440 1236 μάλα
455 1209 486 1235 γε
503 1201 617 1232 είκότως
637 1199 778 1236 ὀνομάζει.

222 1247 268 1282 ιη’.
289 1248 375 1279 Mica;
392 1247 430 1279 δὲ,
451 1247 481 1273 τὸ
496 1246 546 1282 τὴν
565 1245 692 1272 ἐναντίαν
702 1246 751 1281 τῆς
761 1245 843 1273 αὐτοῦ
856 1244 976 1280 βαδίζειν

186 1293 353 1328 βουλήσεως.

223 1338 266 1365 ιο’.
284 1339 339 1366 Καὶ
354 1337 457 1372 ζῆλον,
473 1337 504 1364 τδ
514 1337 577 1369 τοὺς
590 1337 708 1369 οἰκείους
717 1337 849 1372 τιμωρεῖν
859 1344 866 1351 ·
881 1336 920 1368 ὡς
933 1335 974 1369 τὸ,

189 1393 199 1409 ι
214 1384 352 1418 Ἐςὴλωσε
367 1382 469 1418 Κύριος
484 1382 533 1418 τὴν
544 1383 597 1418 γῆν
611 1382 706 1410 αὑτοῦ.
725 1392 734 1409 ι
746 1382 796 1418 Είη
811 1382 834 1409 δ’
846 1382 878 1409 ἂν
890 1381 975 1408 ταῦτα

187 1429 243 1456 άπὺ
259 1429 418 1456 διαθέσεων.

223 1479 257 1503 κ’.
281 1476 336 1511 Τὴν
353 1475 402 1510 τῆς
420 1474 600 1510 Ἰερουσαλὴμ
618 1474 666 1502 καὶ
683 1475 734 1511 τὴν
754 1475 803 1510 τῆς
818 1474 976 1510 Σαμαρείας

187 1522 257 1557 πρὸς
265 1521 310 1549 τὸν
320 1521 387 1548 Θεδν
395 1521 545 1553 οῑκείωσιν,
558 1521 728 1555 μνηστείαν
737 1521 792 1548 τοῦ
801 1520 876 1548 Θεοῦ
886 1521 974 1554 καλεῖ,

1017 286 1089 308 stne.
1110 290 1118 306 ι
1140 280 1226 315 (Psal.
1244 288 1322 314 xuii,
1338 280 1395 315 24.)

1052 328 1096 355 14.
1117 327 1232 355 Consilii
1259 328 1464 355 exsecutionem
1490 328 1516 355 in
1544 335 1629 362 opus,
1661 328 1805 363 perfectam

1018 375 1066 402 Dei
1079 375 1256 410 cognitionem
1271 380 1358 408 vocat,
1376 379 1506 410 tanquam
1526 383 1587 410 quae
1600 382 1682 409 opera
1695 383 1708 402 a
1726 376 1805 402 nobis

1018 422 1116 448 melius
1138 421 1228 448 verbis
1248 421 1309 448 ﬁdei
1327 422 1527 454 convenientia,
1552 423 1634 454 sicut,
1660 432 1668 448 ι
1686 421 1806 449 Descen-

1017 467 1079 494 dam
1103 472 1130 494 et
1146 467 1242 494 videbo
1266 471 1356 494 utrum
1374 468 1523 495 clamorem
1549 469 1594 502 qui
1613 468 1686 494 venit
1707 468 1740 494 ad
1764 476 1807 495 me

1018 520 1100 547 opere
1117 513 1324 547 eompleverint,
1339 520 1373 539 an
1390 520 1445 539 non
1458 517 1501 540 est
1516 513 1562 546 ita,
1580 518 1609 540 ut
1623 514 1726 546 sciam;
1741 524 1751 540 ι
1768 519 1804 546 et,

1022 567 1031 583 ι
1048 557 1127 585 Nunc
1145 558 1260 593 cognovi
1281 557 1356 593 quod
1382 559 1463 586 times
1489 558 1584 586 Deum.
1600 569 1610 584 ι
1630 559 1705 594 (Gen.
1727 568 1805 592 xvnt,

1018 604 1072 636 21ς
1090 613 1157 636 xx",
1177 605 1232 638 12.)

1058 650 1100 676 15.
1132 650 1209 683 Quod
1235 651 1316 678 vitari
1344 651 1390 678 Dei
1406 651 1514 685 justitia
1537 656 1663 686 nequeat,
1692 653 1808 679 scrutari

1019 702 1110 728 vocat,
1132 697 1213 729 sicut,
1235 706 1244 722 ι
1259 696 1292 723 Et
1314 697 1366 724 erit
1389 697 1416 723 in
1440 701 1562 732 tempore
1583 698 1628 724 illo
1641 718 1648 728 .
1665 699 1808 725 scrutabor

1019 741 1170 769 Jerusalem
1189 742 1216 768 in
1239 742 1372 769 lucernis.
1389 752 1399 768 ι
1422 742 1483 769 Sint
1505 743 1563 770 haec
1578 744 1611 770 de
1632 744 1806 778 passionibus

1020 787 1221 822 spiritualibus.
1234 786 1327 822 (Sapit.
1338 795 1357 820 1,
1375 787 1431 821 12.)

1057 832 1100 859 16.
1123 832 1211 867 ipsius
1235 833 1262 859 in
1286 832 1404 860 vindicta
1429 838 1526 860 contra
1542 833 1635 861 hostes
1654 834 1808 862 cunctatio-

1022 885 1101 910 nem,
1128 877 1155 904 in
1183 877 1350 905 auxiliandis
1374 879 1462 906 servis
1486 885 1613 911 moram,
1635 887 1756 906 somnum
1781 886 1810 908 et

1021 931 1152 958 soporem,
1166 927 1193 950 et
1207 924 1304 958 capitis
1318 923 1485 958 gravedinem
1507 928 1605 956 vocat;
1621 924 1692 951 sit-nt
1703 944 1710 956 ,
1730 933 1740 950 ι
1754 925 1810 952 Ex-

1022 976 1115 1004 surge.
1133 976 1218 1003 quare
1235 969 1386 1000 obdormis.
1414 969 1544 996 Domine?
1559 978 1568 995 ι
1591 974 1628 1001 et,
1647 978 1656 994 ι
1671 968 1729 996 Νοιι
1746 969 1811 997 dor-

1022 1014 1130 1042 mitabit
1154 1022 1241 1049 neque
1267 1015 1386 1043 dormiet
1400 1015 1448 1050 qtti
1471 1014 1591 1042 custodit
1606 1014 1698 1042 Israel.
1715 1024 1725 1041 ι
1750 1014 1812 1042 Sint

1023 1061 1082 1087 haec
1106 1061 1140 1087 de
1168 1061 1344 1096 passionibus
1369 1061 1571 1097 corporalibus.
1600 1061 1695 1096 (Ριαι.
1725 1069 1809 1095 mn,

1022 1106 1073 1139 25;
1092 1113 1156 1140 cxx,
1172 1107 1198 1133 4.
1211 1106 1219 1139 )
1351 1130 1355 1135 .

1059 1151 1103 1178 i7.
1124 1150 1235 1178 Gratam
1253 1151 1308 1179 Deo
1322 1152 1419 1187 agendi
1434 1153 1567 1180 rationem
1581 1152 1680 1184 nostri,
1694 1161 1810 1180 antorem

1024 1197 1084 1232 ejus
1098 1197 1178 1224 valde
1196 1198 1391 1224 convenienter
1406 1202 1497 1225 vocat.

1061 1243 1105 1271 18..
1127 1242 1226 1270 Odium
1249 1243 1319 1278 ejus,
1335 1245 1503 1273 contrarium
1525 1245 1586 1279 ejus
1603 1245 1753 1273 voluntatis
1771 1246 1813 1272 in-

1024 1288 1130 1316 cedere.

1061 1334 1104 1361 i9.
1128 1334 1160 1362 Et
1185 1335 1280 1366 zelum,
1309 1342 1403 1362 servos
1427 1335 1534 1370 punire,
1562 1335 1652 1369 sicut,
1678 1345 1687 1362 I
1703 1335 1814 1364 Zelatus

1025 1384 1065 1407 est
1083 1380 1211 1407 Dominus
1230 1385 1330 1408 terram
1351 1381 1420 1416 ejus.
1436 1391 1446 1408 ι
1463 1381 1526 1408 Sint
1541 1382 1599 1410 haec
1611 1383 1645 1410 de
1660 1382 1812 1411 affectibus.

1026 1425 1096 1461 (Joet
1122 1433 1154 1458 ιι,
1169 1425 1226 1461 18.)

1061 1471 1107 1500 20.
1128 1472 1282 1500 Jerusalem
1294 1477 1321 1500 et
1333 1471 1464 1500 Samaria:
1477 1480 1542 1508 erga
1554 1472 1638 1500 Deum
1653 1473 1814 1506 amicitiam,

1027 1517 1167 1551 sponsalia
1182 1517 1228 1544 Dei
1246 1521 1332 1550 vocat,
1349 1518 1375 1545 in
1392 1517 1525 1546 feminina
1539 1519 1815 1554 enuntiationejuxta

187 1569 232 1595 διὰ
249 1567 278 1594 τὸ
297 1567 424 1602 θηλυκῶς
446 1567 518 1594 κατὰ
540 1567 717 1602 μετωνυμίαν
731 1566 786 1593 ἀπὸ
801 1567 856 1594 τῶν
871 1567 977 1594 πόλεων

1029 1563 1147 1590 nominis
1170 1563 1323 1598 analogiam
1346 1571 1408 1591 cum
1433 1564 1543 1592 urbium
1567 1564 1768 1592 habitatoribus
1781 1573 1815 1592 ex

187 1613 253 1645 τοὺς
272 1613 419 1648 οἰκήτορας
437 1612 599 1647 ὀνομάζειν,
628 1613 661 1639 ὲκ
677 1612 836 1648 μεταφορᾶς
861 1612 915 1638 τῶν
931 1621 978 1646 γυ-

189 1657 309 1684 ναικῶν
327 1656 365 1688 ὡς
375 1656 417 1690 τὸ,
438 1665 447 1682 ι
463 1656 680 1692 Μνηστεύσομαί
700 1665 730 1682 σε
743 1656 856 1692 ἐμαυτῷ
875 1657 915 1688 είς
932 1657 978 1684 τὸν

191 1703 290 1730 αἰῶνα.
306 1712 316 1728 ι

225 1762 278 1786 καν.
292 1759 399 1794 ’Ὠσπερ
423 1758 470 1785 καὶ
491 1757 542 1794 τὴν
568 1758 638 1794 πρὸς
658 1758 693 1785 τὰ
718 1758 816 1786 εἴδωλα
841 1759 979 1786 οἰκείωσιν

189 1805 329 1840 μοιχείαν
343 1805 490 1831 ἀποκαλεῖ·
509 1804 543 1831 δι’
565 1805 598 1840 ἡν
620 1805 667 1832 καὶ
690 1804 792 1840 βιϐλίον
811 1805 979 1832 ἀποστασίου

192 1852 232 1882 είς
246 1851 297 1883 τὰς
310 1852 407 1886 χεῖρας
421 1850 556 1885 λαμϐάνει
573 1850 764 1886 Ἰερουσαλήμ.

229 1907 280 1942 κβ’.
299 1907 385 1934 Οὐδὲν
400 1904 482 1942 ἧττον
498 1907 545 1934 καὶ
563 1908 596 1942 τῇ
611 1907 658 1933 τοῦ
681 1907 788 1942 Harpe;
806 1907 980 1943 προσηγορίᾳ

191 1953 222 1979 τὺ
240 1953 309 1987 πρὸς
326 1953 427 1984 αὐτοὺς
445 1952 492 1978 τοῦ
513 1952 581 1979 Θεοῦ
610 1951 691 1983 κῦδος
717 1952 858 1987 ὲμφαίνειί
876 1953 922 1978 καὶ
946 1954 978 1988 τῇ

192 1998 240 2024 τοῦ
256 1999 444 2034 Πρωτοτόκου.
463 1998 513 2034 Εῐη
536 1998 558 2024 δ’
586 1998 619 2025 ἂν
636 1997 723 2025 ταῦτα
745 1998 800 2025 ἀπὸ
825 1998 923 2024 κοινῶν
937 1998 980 2024 δο-

194 2043 258 2076 ξῶν.

228 2102 283 2134 κγ’.
302 2100 338 2126 Τὸ
351 2100 451 2134 κράτος
462 2099 510 2127 καὶ
522 2099 571 2134 τὴν
584 2099 663 2132 δίκην
674 2099 721 2126 τοῦ
730 2099 800 2126 Θεοῦ
812 2099 933 2127 κάθισιν
942 2100 979 2135 (ι)

193 2143 276 2170 αὑτοῦ
295 2145 340 2171 καὶ
354 2145 463 2178 θρόνον
478 2144 617 2179 ὀνομάζει,
633 2144 687 2170 ἀπὸ
699 2145 745 2171 τοῦ
759 2143 823 2180 παρ’
837 2147 904 2180 ἡμίν
918 2147 982 2178 τοὺς

195 2190 244 2224 τὴν
260 2190 307 2217 τοῦ
324 2190 431 2225 κρίνειν
447 2198 477 2216 τε
499 2190 547 2216 καὶ
569 2190 694 2222 κολάζειν
721 2190 832 2226 ἔχοντας
845 2191 980 2225 ἐξουσίαν,

1029 1608 1175 1636 mulierum
1204 1610 1376 1644 metaphora,
1400 1609 1482 1641 sicut,
1508 1619 1517 1635 ι
1536 1609 1681 1645 Sponsabo
1704 1615 1729 1638 te
1747 1611 1815 1638 mihi

1029 1653 1056 1681 in
1072 1655 1281 1690 sempiternum.
1300 1665 1309 1681 ι
1329 1655 1407 1690 (Osee
1424 1664 1456 1689 ιι,
1469 1655 1532 1692 ~19.)

1062 1753 1107 1781 2i.
1136 1753 1212 1781 Sicut
1243 1758 1270 1780 et
1294 1761 1357 1788 erga
1376 1754 1448 1782 idola
1478 1754 1625 1783 servitium
1655 1754 1816 1783 adulterium

1029 1804 1108 1826 vocat
1126 1807 1173 1834 per
1189 1799 1261 1833 qttod
1282 1805 1309 1826 et
1326 1800 1447 1827 libellum
1465 1801 1572 1835 repudii
1591 1800 1617 1827 in
1634 1808 1732 1829 manus
1746 1802 1818 1829 acci-

1029 1845 1065 1880 pit
1081 1844 1246 1872 Jerusalem.

1064 1902 1110 1928 22.
1131 1901 1185 1928 Nec
1208 1900 1298 1928 minus
1320 1905 1347 1928 et
1371 1901 1396 1928 in
1421 1902 1593 1930 invocatione
1617 1902 1706 1932 Patris
1729 1904 1818 1931 hono-

1031 1955 1088 1975 rem
1114 1947 1161 1974 Dei
1186 1946 1219 1973 ad
1243 1946 1318 1980 ipsos
1343 1947 1520 1981 manifestat,
1546 1949 1619 1975 etin
1644 1949 1818 1978 invocatione

1031 1993 1223 2029 Primogeniti;
1244 1993 1300 2021 sint
1315 1992 1373 2020 haec
1388 1993 1422 2020 de
1439 1994 1578 2021 communi
1595 1994 1693 2030 gloria.

1067 2105 1111 2131 9.5.
1134 2103 1285 2131 Potentiam
1309 2109 1335 2132 et
1357 2103 1491 2140 justitiam
1515 2105 1561 2134 Dei
1586 2107 1727 2136 cessionem
1757 2110 1820 2144 ejus

1032 2155 1059 2177 et
1074 2151 1197 2177 thronum
1221 2156 1318 2183 vocat.
1343 2159 1376 2178 ex
1402 2159 1434 2179 eo
1460 2153 1532 2187 quod
1560 2154 1631 2188 apud
1655 2163 1706 2182 nos
1726 2156 1752 2183 hi
1772 2159 1818 2192 qni

1030 2196 1172 2231 jutlicandi
1191 2201 1220 2223 et
1238 2197 1367 2231 puniendi
1380 2197 1443 2232 jure
1462 2197 1589 2225 fruuntur
1610 2207 1693 2234 super
1706 2201 1821 2228 thronos

195 2237 242 2263 ἐπὶ
257 2236 359 2271 θρόνων
375 2236 549 2271 καθῆμένους
564 2236 701 2263 ποιεῖσθαι
719 2237 768 2272 τὴν
781 2236 908 2269 ἐξέτασιν
919 2246 926 2254 ⁸
944 2238 977 2270 ὡς

1035 2243 1161 2270 sedentes
1172 2243 1218 2276 jus
1231 2248 1389 2275 exerceant,
1407 2243 1487 2276 sicut,
1510 2253 1519 2270 ι
1535 2243 1635 2272 Sediin
1651 2253 1733 2279 super
1746 2248 1820 2274 thro-

196 2283 235 2315 τδ,
257 2292 266 2308 ι
279 2283 427 2314 Ἐκάθισας
445 2283 491 2308 ἐπὶ
506 2282 601 2317 θρόνου
616 2284 629 2309 ὁ
646 2283 747 2318 κρίνων
762 2283 936 2319 δικαιοσύνην
947 2293 954 2300 ·
971 2294 980 2310 ι

195 2329 255 2361 καὶ,
277 2337 285 2354 ι
303 2328 334 2354 '0
353 2328 418 2359 Θεὸς
436 2327 554 2360 κάθηται
575 2329 620 2355 ἐπὶ
643 2329 737 2364 θρόνου
758 2329 838 2363 ἁγίου
855 2329 956 2356 αὑτοῦ·
974 2340 984 2356 ι

197 2375 256 2406 καὶ,
274 2384 283 2400 ι
308 2375 336 2402 '0
355 2374 449 2410 θρόνος
466 2383 530 2406 σου,
557 2376 570 2401 ὁ
596 2374 664 2407 ’Θεὸς
676 2395 684 2407 ,
699 2376 740 2407 εις
762 2375 809 2402 τὸν
833 2375 921 2403 αἰῶνα
936 2376 985 2403 τοῦ

198 2421 314 2451 αἰῶνος·
333 2430 342 2446 ι
359 2421 417 2452 καὶ,
438 2430 446 2447 ι
465 2421 493 2447 '0
507 2420 662 2455 καθήμενος
678 2422 725 2448 ἐπὶ
745 2421 800 2449 τῶν
813 2422 957 2458 χερουείμ.
976 2432 985 2448 ›

199 2467 249 2502 Είη
269 2467 291 2494 δ’
306 2467 339 2494 ἂν
353 2467 438 2494 ταῦτα
453 2467 508 2494 ἀπὸ
523 2467 699 2502 ἀξιωμάτων.

233 2524 283 2551 κδ’.
304 2525 359 2559 Τὴν
372 2524 570 2561 δημιουργικὴν
583 2523 666 2551 αὑτοῦ
682 2524 837 2559 ἐνέργειαν,
849 2525 915 2551 ποτὲ
932 2526 982 2560 μὲν

198 2569 243 2596 διὰ
270 2570 496 2604 προστάγματος,
512 2570 550 2602 ὡς
573 2570 619 2596 ἐπὶ
642 2570 695 2596 τῶν
713 2570 833 2596 λοιπῶν·
866 2571 931 2597 ποτὲ
954 2571 983 2598 δὲ

197 2616 232 2642 δι’
247 2615 423 2651 αὺτουργίας,
438 2614 534 2650 ὥσπερ
547 2616 590 2650 ἐφ’
603 2615 682 2651 ὴμῶν
697 2616 848 2651 παρίστησι
869 2617 916 2643 καὶ
932 2616 984 2648 Cu).

199 2663 316 2698 γραφεῖν
340 2663 389 2697 τὴν
409 2662 603 2698 Ἰερουσαλὴμ,
624 2662 672 2690 καὶ
695 2663 825 2698 φράττειν
844 2663 893 2699 τὴν
915 2663 984 2696 ὁδὸν,

1035 2296 1099 2315 num
1130 2287 1176 2322 qui
1200 2288 1309 2322 judicas
1330 2288 1485 2322 justitiam;
1502 2299 1512 2314 ι
1541 2294 1585 2322 ct,
1616 2300 1625 2316 ι
1642 2290 1714 2318 Deus
1744 2292 1820 2320 sedit

1033 2340 1115 2368 super
1140 2332 1231 2359 sedem
1261 2337 1383 2359 sanctam
1410 2341 1506 2366 suam;
1523 2342 1532 2358 ›
1561 2339 1599 2366 et,
1627 2343 1637 2359 ι
1653 2334 1736 2363 Sedes
1763 2341 1819 2368 tua,

1035 2378 1116 2409 Deus.
1136 2378 1163 2404 in
1183 2377 1312 2405 saeculum
1329 2378 1438 2410 smt-uli;
1456 2388 1464 2403 ι
1483 2382 1522 2410 et,
1542 2388 1550 2403 ι
1567 2378 1618 2412 Qui
1639 2380 1719 2408 sedes
1739 2389 1822 2416 super

1034 2423 1192 2455 Clierubim,
1210 2432 1218 2449 ι
1238 2423 1293 2450 sint
1309 2423 1366 2450 haec
1378 2423 1412 2450 de
1425 2423 1613 2458 dignitatibus.
1629 2424 1716 2460 (Psal.
1732 2434 1768 2459 Ix,
1782 2427 1817 2459 5;

1034 2478 1105 2502 xavt,
1119 2471 1154 2503 9;
1174 2477 1247 2503 xuv,
1263 2469 1294 2502 8;
1315 2477 1408 2503 Lxxtx,
1423 2469 1464 2504 τὶ.)

1069 2527 1114 2553 24.
1136 2526 1301 2554 Creatricem
1322 2525 1383 2560 ejus
1404 2525 1556 2560 energinm,
1580 2527 1637 2555 sive
1653 2536 1701 2563 per
1717 2529 1821 2563 jussio-

1037 2579 1098 2599 nem
1114 2571 1186 2599 sicut
1199 2573 1231 2599 de
1244 2571 1369 2606 reliquis,
1385 2572 1442 2598 sive
1457 2579 1505 2606 per
1517 2572 1604 2607 ipsam
1623 2575 1822 2609 operationem,

1039 2619 1111 2647 sicut
1127 2626 1176 2653 pro
1197 2619 1275 2645 nobis
1290 2618 1436 2652 exprimit;
1452 2623 1479 2644 et
1491 2618 1645 2647 describere
1659 2619 1822 2655 Jerusalem,

1040 2668 1066 2690 et
1086 2663 1259 2691 circumdare
1283 2663 1365 2696 viam,
1381 2667 1407 2690 et
1430 2664 1556 2699 laqueum
1579 2670 1689 2701 reteque
1713 2667 1746 2695 ad
1761 2676 1823 2703 per-

773 2721 888 2749 DAVID.
912 2721 1110 2750 “(ESCHELII
1131 2722 1248 2751 NOT/E.

237 2768 275 2801 (3)
299 2767 386 2805 Yet-lia
414 2768 440 2795 in
466 2776 533 2796 mss.
559 2769 744 2804 transposita,
769 2769 820 2804 τὴν
843 2769 913 2796 καέὰ
938 2771 988 2805 τῆς

198 2803 255 2831 τῶν
272 2803 387 2837 ἐχθρῶν.

239 2838 277 2874 μ)
299 2838 350 2865 Pro
365 2838 473 2874 κάθισιν
485 2838 584 2873 legitur
597 2838 624 2865 in
641 2846 708 2866 mss.
724 2838 894 2874 καθίστησιν.

239 2872 305 2900 Mira
331 2873 474 2907 utriusque
500 2872 603 2900 codicis
623 2874 797 2908 depravatio,
827 2872 859 2901 ex
885 2882 984 2902 sensus

203 2908 445 2936 verisimililmline
468 2914 528 2936 orta
545 2916 552 2935 :
572 2916 633 2936 nam
651 2916 765 2944 serpens
791 2909 835 2936 ille
851 2910 983 2944 antiquus

1041 2771 1069 2798 in
1099 2771 1233 2798 Adamum
1263 2769 1399 2797 hostiliter
1433 2770 1561 2804 impetum
1591 2771 1654 2799 fecit
1681 2780 1688 2798 :
1715 2773 1762 2800 sed
1789 2781 1822 2800 ex

1041 2806 1110 2834 Gen.
1128 2815 1202 2838 χιιι.
1218 2806 1262 2834 17.
1281 2806 1334 2840 leg.
1355 2805 1471 2840 ἐγενήθη
1489 2806 1545 2840 (sic
1561 2811 1588 2833 et
1604 2806 1690 2834 Proco
1713 2808 1754 2835 ius
1770 2817 1822 2836 ms.

1041 2846 1067 2868 at
1085 2841 1208 2868 Romana
1223 2841 1318 2868 editio.
1336 2844 1363 2868 et
1380 2839 1502 2868 una'dam
1525 2841 1600 2868 aliae.
1617 2815 1771 2868 vevntiiim)
1786 2843 1822 2868 τῶ

1039 2846 1070 2879 at
1085 2841 1208 2879 Romana
1222 2839 1318 2879 editio;
1336 2844 1363 2868 et
1380 2839 1502 2875 qna-dam
1525 2841 1600 2875 aliae,
1617 2839 1771 2878 γενηθήτω)
1786 2843 1825 2879 τῷ

1039 2876 1091 2903 Δᾶιν
1108 2875 1168 2911 ὄφις
1187 2876 1228 2910 ἐφ’
1246 2875 1316 2902 ὁδοῦ.
