2041 3159
143 189 204 220 tam

660 190 821 219 [SAGUGE
838 189 877 220 ΙΝ
890 189 940 219 SS.
955 186 1202 218 SCRII’TURAS.

1701 183 1768 216 1298

171 244 208 278 μβ
219 262 226 270 .
241 242 277 269 Τὸ
302 242 358 275 ἕως
384 242 518 278 πολλαχοῦ
545 242 584 278 (7)
599 243 649 270 οὺχ
672 245 718 270 ἐπὶ
730 244 827 279 χρόνου
841 243 925 277 λέγει,

1014 241 1061 267 42.
1077 239 1166 266 Donec
1194 246 1334 273 saepe-non
1354 237 1387 264 de
1415 241 1538 272 tempore
1562 236 1639 268 dicit,
1661 236 1708 263 scd
1736 238 1768 264 de

136 289 190 315 ἀλλ’
200 289 247 314 ἐπι).
259 288 307 315 τοῦ
322 288 405 314 αὑτοῦ
421 289 584 324 πράγματος
594 297 601 304 ·
618 289 655 320 ὡς
675 289 716 321 τὸ,
737 298 746 314 1
771 289 826 315 Καὶ
850 289 879 314 ἐν
891 283 924 323 τῇ

136 335 198 369 σκιᾷ
210 335 264 361 τῶν
276 334 419 369 πτερύγων
429 342 476 360 σου
489 333 575 360 ἐλπιῶ
588 334 640 366 ἕως
653 331 685 361 οὗ
694 335 821 370 παρέλθῃ
837 335 926 369 ἡὰνο-

137 380 195 415 μία.
213 390 223 405 ι
244 380 282 407 Οὐ
307 380 362 414 γὰρ
381 380 451 414 μετὰ
474 380 555 407 τοῦτο
569 380 619 416 τῆς
641 380 708 416 πρὸς
731 380 798 407 Θεὸν
818 380 926 411 ἐλπίδος

137 425 248 459 ἔμελλεν
275 425 514 453 ἀπαλλάττεσθαι·
544 426 603 458 καὶ,
635 436 643 452 ι
663 427 734 457 Ἕως
750 427 783 453 ἂν
805 425 845 452 θῶ
863 426 926 457 τοὺς

135 471 248 506 ἐχθρούς
266 480 312 498 σου
328 472 472 498 ὑποπόδιον
488 472 541 499 τῶν
557 472 643 498 ποδῶν
655 481 702 498 σου
714 480 720 487 ’
737 481 745 498 ι
761 473 819 504 καί,
835 482 844 498 1
856 471 925 506 Ἐγώ

137 518 192 552 εἰμι
210 517 261 548 ἓως
277 517 310 543 ἂν
326 516 550 552 καταγηράσητε.
579 526 588 542 ι
610 517 677 549 Καὶ,
702 528 711 543 1
739 516 925 551 Ἐκζητήσατε

136 564 179 589 τὸν
191 562 294 597 Κύριον
304 561 356 594 ἕως
369 562 417 588 τοῦ
430 562 518 589 ἐλθεῖν
530 563 599 597 ὑμῖν
610 563 769 597 γεννήματα
787 561 926 588 δικαιοσύ-

136 616 183 641 νης
195 617 202 623 -
220 617 228 633 ι
245 607 304 638 καὶ,
323 616 332 632 1
347 607 384 634 Οὐ
397 607 546 642 προσέθετο
559 606 686 642 Σαμουὴλ
703 607 767 633 ιδείν
780 606 826 633 τὸν
840 605 927 633 Σαοὺλ

137 654 187 684 ἓως
207 653 315 688 ἡμέρας
341 652 458 679 θανάτου
474 652 558 679 αὐτοῦ
571 660 578 667 ·
606 662 615 678 ι
634 652 680 679 καὶ
694 653 733 685 τὺ,
762 661 772 678 ‹
790 651 854 679 Ἰδοὺ
871 652 927 686 ἐγὼ

139 698 196 733 μεθ’
213 698 291 733 ὑμῶν
310 698 368 733 ειμι
395 698 486 730 πάσας
500 697 550 729 τὰς
565 699 683 733 ἡμέρας,
704 698 757 730 ἕως
768 698 818 733 τῆς
833 706 928 726 συντε-

137 744 209 775 λείας
225 743 274 770 τοῦ
302 743 400 775 αἰῶνος
412 751 418 758 ·
439 753 448 769 ι
466 744 530 776 καὶ,
564 753 572 769 1
594 744 651 770 Οὺκ
663 744 812 778 ἐγίνωσκεν
830 743 926 779 αὐτὴν,

137 790 187 822 ἕως
201 787 232 816 οὗ
243 789 322 816 ἔτεκε
338 789 385 816 τὸν
401 789 458 816 υίὺν
470 789 558 824 αὐτῆς
578 789 624 816 τὸν
643 789 823 825 πρωτότοκον.
843 799 853 815 ι

175 836 231 871 μγ’.
244 837 284 871 Τῇ
299 835 354 862 τῶν
366 835 470 871 χρόνων
485 835 619 871 ὲναλλαγῇ
633 836 767 871 κέχρηται
797 836 925 871 συνεχῶς·

140 883 266 918 μέλλοντι
282 882 331 917 μὲν
345 882 405 909 ἀντὶ
418 881 654 917 παρεληλυθότος·
673 881 710 913 ὡς
729 882 776 915 τὺ,
801 891 811 908 1
832 881 928 908 Λούσω

138 928 197 956 καθ’
223 928 343 963 ἑκάστην
373 927 460 954 νύκτα
487 928 537 962 τὴν
562 927 655 962 κλίνην
672 935 738 962 μου·
761 936 771 953 ι
796 928 855 955 ἀντὶ
868 927 927 960 τοῦ,
945 915 966 944 Β

137 975 270 1001 ἔλθω-α’
298 973 357 1004 καὶ,
378 983 386 998 1
410 973 455 999 Ἐν
479 972 596 1008 ποταμῷ
613 973 794 1000 διελεύσονται
817 973 895 1000 ποδί·
917 983 926 999 ι

137 1020 197 1046 ἀντὶ
212 1019 270 1050 τοῦ,
282 1019 424 1052 διῆλθον
451 1019 509 1051 καὶ,
530 1028 540 1045 1
567 1019 611 1050 Ὠς
627 1018 740 1054 χελιδὼν
750 1018 821 1046 οὕτω
837 1020 929 1055 φωνή-

139 1073 187 1091 σω.
205 1074 215 1090 ›
232 1065 285 1090 Καὶ
299 1063 499 1099 παρεληλυθότι
536 1064 596 1090 ἀντὶ
630 1063 789 1096 μέλλοντος·
819 1064 857 1096 ὠς
887 1064 928 1097 τὸ,

141 1120 149 1136 1
173 1110 244 1144 Ἐγὼ
262 1109 331 1144 πρὸς
350 1109 396 1136 τὸν
412 1109 478 1135 Θεὸν
504 1109 653 1144 ἐκέκραξα,
671 1111 718 1137 καὶ
733 1111 746 1136 ὁ
759 1110 860 1145 Κύριος
874 1111 930 1137 εἰσ-

138 1154 238 1190 ήκουσέ
253 1161 321 1188 μουσ
350 1163 359 1178 ι
375 1153 436 1179 ἀντὶ
456 1153 515 1185 τοῦ,
536 1153 748 1181 είσακούσεται
769 1163 842 1188 μου·
870 1154 928 1188 καὶ,

141 1209 150 1225 1
169 1199 236 1226 Τότε
261 1199 398 1225 ἔσπευσαν
424 1199 557 1233 ἡγεμόνες
578 1198 678 1234 Ἐδώμ.
698 1209 707 1224 ι
731 1198 787 1225 Καὶ
805 1198 929 1234 μέλλοντι

138 1247 198 1274 ἀντὶ
223 1246 393 1277 ἐνεστῶτοςο
416 1245 453 1277 ὡς
474 1245 515 1278 τὸ,
538 1255 546 1270 1
566 1246 767 1281 Παροικήσουσι
780 1247 827 1272 καὶ
844 1254 929 1273 κατα-

139 1292 303 1328 κρύψουσιν·
325 1301 333 1317 ι
351 1291 412 1317 ἀντὶ
427 1292 474 1317 τοῦ
489 1311 496 1324 ,
525 1291 718 1325 παριικοῦσισ
740 1292 797 1325 καὶ,
817 1300 826 1317 1
843 1291 929 1326 Φοέγ-

139 1339 229 1372 ξονται
242 1338 289 1365 καὶ
301 1337 474 1372 λαλήσουσιν.
493 1347 502 1362 ι

175 1440 227 1474 μᾶ.
243 1440 294 1466 Τὸν
306 1439 392 1466 αἰῶνα
412 1439 515 1474 τριχῶς
534 1438 625 1473 λέγει⁸
649 1439 708 1474 ἦτοι
730 1439 775 1466 τὸν
791 1439 839 1475 τῆς
856 1439 930 1475 ζωῆς

139 1487 256 1513 ἑκάστου
273 1486 379 1520 χρόνον,
391 1486 407 1520 ἢ
421 1485 469 1520 τὴν
479 1485 527 1512 τοῦ
549 1486 645 1521 χρόνου
663 1485 776 1512 καθόλου
790 1486 930 1521 παρέκτα-

141 1541 192 1564 σιν,
213 1532 229 1566 ἦ
247 1532 278 1557 τὸ
293 1531 416 1566 διηνεκές
432 1539 462 1557 τε
481 1532 529 1557 καὶ
542 1531 736 1566 ἀτελεύτῃον·
752 1532 798 1558 ἐπὶ
812 1532 861 1566 μὲν
882 1531 930 1559 οὖν

139 1578 186 1605 τοῦ
205 1579 254 1612 τῆς
279 1577 340 1604 καθ’
357 1577 474 1604 ἕκαστον
495 1577 570 1611 ζωῆς
597 1578 711 1612 χρόνον
729 1578 767 1610 ὼς
781 1579 822 1611 τὸ,
847 1588 856 1604 1
875 1579 930 1605 Καὶ

139 1625 284 1651 ἐκοπίασεν
299 1625 338 1655 εἰς
353 1624 398 1650 τὴν
423 1623 520 1657 αἰῶνα,
538 1625 586 1650 καὶ
610 1624 723 1659 ζήσεται
751 1625 791 1656 είς
806 1624 897 1656 τέλος·
917 1634 928 1651 ι

139 1670 196 1701 καὶ,
217 1679 226 1695 1
243 1669 367 1699 Ἔδωκας
383 1668 459 1702 αὺτῷ
480 1668 642 1704 μακρότητα
663 1669 773 1704 ἡμερῶν
794 1670 833 1701 εἰς
844 1669 930 1697 αίῶνα

139 1715 251 1745 αἰώνος·
271 1723 281 1739 ι
299 1713 356 1745 καὶ,
375 1722 384 1738 1
403 1714 451 1744 Εἰς
464 1713 613 1740 τὸν-αἰῶνα
630 1714 864 1750 ἐξομολογήσομαί
877 1723 929 1742 σοι’

138 1762 219 1795 ἄχρις
230 1760 263 1786 ἂν
276 1759 318 1791 ζῶ
332 1759 379 1786 καὶ
394 1759 452 1793 εἰμί
464 1767 471 1775 ·
491 1768 500 1784 ι
516 1759 572 1790 καὶ,
601 1760 666 1786 «τοὺ
682 1760 878 1796 σαλευθήσεται
890 1762 937 1793 είς·

138 1806 186 1831 τὸν
197 1805 283 1831 αἰῶνα
297 1805 311 1830 ὁ
328 1804 464 1831 κατοικῶν
485 1804 664 1840 Ἰερουσαλήμ
674 1813 681 1820 ο
694 1814 704 1830 ι
719 1806 777 1838 καὶ,
798 1815 807 1831 1
817 1806 931 1833 Δουλεύ-

140 1859 182 1877 σει
205 1858 246 1876 σοι
261 1851 301 1881 εἰς
314 1850 360 1876 τὸν
376 1849 480 1876 αἰῶνα·
501 1859 511 1875 ι
531 1850 595 1882 καὶ,
623 1859 632 1874 ι
648 1850 686 1876 Οὐ
708 1851 745 1886 μὴ
769 1850 849 1887 νίψῃς
866 1852 930 1884 τοὺς

139 1896 223 1927 πόδας
237 1905 287 1930 μου
300 1896 340 1927 εἰς
351 1895 396 1922 τὸν
413 1895 513 1922 αἰῶνα·
534 1905 544 1921 ι
562 1896 618 1927 καὶ,
637 1905 645 1922 ι
660 1897 699 1922 υὺ
716 1897 754 1932 μὴ
771 1897 850 1931 φάγω
862 1897 931 1933 κρέα

139 1944 180 1973 εἰς
206 1943 252 1968 τὸν
282 1942 383 1969 αἰῶνα·
408 1951 418 1967 ι
446 1941 515 1975 καὶ,
541 1951 550 1967 1
576 1942 612 1968 Οὐ
639 1942 677 1977 μὴ
702 1942 801 1978 διψήσῃ
828 1943 867 1975 είς
884 1944 931 1970 τὸν

139 1997 237 2016 αιωνα.
255 1998 266 2014 1

182 2082 245 2109 Ἐπὶ
261 2082 289 2108 δὲ
299 2082 350 2116 τῆς
361 2081 409 2108 τοῦ
420 2081 518 2117 χρόνου
533 2081 647 2108 καθόλου
664 2081 876 2116 παρεκτάσεως·
892 2081 930 2114 ὡς

138 2129 181 2161 τὸ,
197 2137 207 2154 ‹
227 2126 419 2154 Εἰσελεύσεται
430 2126 482 2158 ἕως
498 2128 597 2161 γενεᾶς
614 2127 739 2162 πατέρων
761 2126 857 2159 αὑτοῦ,
878 2126 930 2158 ἕως

139 2175 242 2206 αἰῶνος
256 2175 306 2200 οὐκ
321 2173 418 2208 ὄψεται
444 2172 519 2207 φῶς·
539 2182 550 2198 ι
578 2173 638 2199 ἀντὶ
669 2173 728 2205 τοῦ,
746 2173 842 2209 Ἀχρις
858 2173 892 2200 ἃν
914 2174 934 2209 ἡ·

139 2220 272 2256 παροῦσα
297 2219 365 2254 μένῃ
393 2219 580 2251 κατάστασις’
605 2219 634 2245 οὑ
655 2219 710 2254 γὰρ
728 2220 771 2246 ἐπ’
791 2219 931 2256 ἀναιρέσει

944 1587 1035 1621 cque
1070 1580 1104 1607 de
1138 1585 1264 1614 tempore
1304 1579 1442 1614 cujusque
1465 1578 1538 1612 vitae,
1572 1579 1673 1606 sicut:

977 287 1072 314 eadem
1089 294 1129 318 re,
1147 285 1218 313 sicut
1230 295 1238 312 ι
1269 294 1278 310 1
1294 283 1379 311 lit-in
1406 283 1628 311 umbraalarum
1657 288 1766 310 tuarum

977 333 1104 368 sperabo,
1135 332 1225 359 donec
1253 335 1377 358 transeat
1408 330 1561 365 iniquitas;
1585 339 1593 355 I
1619 329 1766 356 non-enim

976 385 1039 414 post
1055 379 1107 406 hoc
1122 386 1138 405 a
1151 385 1200 412 spe
1225 377 1252 404 in
1271 377 1356 404 Dcum
1370 377 1511 404 immutari
1525 376 1630 408 debuit;
1641 381 1679 408 et,
1695 385 1704 401 1
1718 376 1770 403 Do—

977 433 1027 453 nec
1035 433 1133 460 ponam
1145 425 1340 452 iuimicostuos
1349 424 1497 452 scabellum
1513 424 1609 458 pedum
1623 427 1743 451 tuorum.
1757 433 1766 449 ι

977 471 1021 504 Ει,
1040 481 1049 497 1
1066 472 1123 506 Ego
1151 472 1220 506 ipse,
1234 471 1321 498 donec
1336 472 1502 499 seneseatis.
1519 480 1528 495 ι
1547 469 1589 504 Et,
1620 480 1629 496 1
1646 470 1767 503 Qua-nite

978 517 1124 544 Dominum
1137 517 1225 544 donec
1243 517 1354 544 veniant
1368 516 1447 544 vobis
1461 516 1600 552 genimina
1610 516 1743 551 justitiae;
1758 525 1766 540 I

978 569 1015 595 et,
1034 571 1043 589 1
1058 563 1117 590 Non
1134 563 1278 598 proposuit
1293 561 1404 590 Samuel
1430 562 1522 590 videre
1546 561 1611 589 Saul
1634 569 1720 596 usque
1735 563 1769 588 ad
1789 566 1799 572 '

979 609 1051 637 diem
1073 609 1169 636 tnortis
1193 616 1271 640 sum;
1291 617 1300 633 ι
1319 612 1356 640 et,
1372 617 1382 633 1
1400 608 1470 636 Ecce
1481 615 1532 643 ego
1550 608 1693 635 vobiscum
1708 615 1768 634 sum

978 655 1106 683 omnibus
1112 654 1209 682 diebus
1217 661 1304 688 usque
1312 654 1346 681 ad
1354 654 1618 681 consummationem
1639 653 1746 686 saeculi;
1760 662 1769 679 ι

978 705 1015 733 et,
1033 710 1041 726 1
1055 700 1114 728 Non
1132 699 1319 735 cognoscebat
1336 706 1396 726 eam
1415 699 1504 726 donec
1519 698 1625 734 peperit
1645 698 1742 726 ﬁlium.
1760 708 1769 724 ι

980 746 1064 782 (Psal.
1090 745 1192 778 ι.ι”ι,2;
1212 753 1267 778 ctx,
1287 745 1299 771 1
1318 752 1326 777 ;
1353 743 1411 771 lea.
1429 752 1505 777 ιιι-ιιι,
1525 744 1543 771 4
1559 753 1567 776 ;
1584 746 1659 778 ,Osee
1671 753 1698 776 ι,
1717 744 1772 777 12;

977 792 993 819 Ι
1006 791 1071 827 Reg.
1090 791 1209 828 xv,V55;
1228 790 1326 817 Matth.
1341 796 1437 823 xxvur,
1455 789 1492 817 20
1505 798 1514 823 ;
1529 798 1549 822 ι,
1565 790 1626 825 24.)

1013 838 1059 865 45.
1075 837 1242 873 Temporum
1280 837 1475 864 immutatione
1502 837 1637 864 continuo
1663 837 1771 865 utitur:

980 883 1073 911 futuro
1093 884 1203 919 quidem
1225 891 1274 918 pro
1287 883 1438 918 prmerito,
1451 883 1545 911 sicut:
1564 893 1573 908 1
1597 883 1705 911 Lavabo
1725 891 1773 918 per

981 930 1102 965 singulas
1126 934 1223 956 noctes
1247 929 1346 956 lectum
1365 936 1467 960 meum,
1483 919 1496 954 ἰ
1511 936 1560 963 pro
1576 928 1638 955 lavi.
1655 927 1699 962 Et,
1717 937 1727 953 1
1742 927 1771 955 Ιιι

981 976 1092 1003 ﬂumine
1117 975 1325 1010 pertransibunt
1345 975 1423 1010 pede,
1442 984 1450 1000 ι
1480 982 1529 1009 pro
1543 975 1770 1009 pertransierunt.

982 1020 1024 1054 Et,
1042 1030 1050 1046 1
1065 1020 1142 1047 Sicut
1158 1021 1248 1054 pullus
1263 1020 1419 1047 hirundinis
1432 1020 1472 1047 sic
1485 1019 1629 1052 clamabo;
1645 1029 1654 1045 ι
1669 1024 1696 1047 et
1704 1027 1773 1054 pra:-

981 1067 1063 1094 terito
1075 1074 1125 1101 pro
1140 1066 1246 1098 futuro,
1263 1066 1359 1093 sicut:
1392 1075 1401 1091 1
1422 1065 1477 1101 Ego
1505 1070 1597 1092 autem
1626 1064 1660 1092 ad
1685 1065 1771 1092 Deum

980 1113 1106 1146 clamavi,
1122 1117 1150 1141 et
1173 1112 1306 1140 Dominus
1321 1112 1461 1140 exaudivit
1481 1119 1535 1144 tne,
1557 1121 1565 1137 ι
1586 1119 1635 1146 pro
1646 1111 1771 1139 eraudiet

981 1168 1034 1188 me.
1051 1161 1094 1194 Et,
1112 1170 1122 1187 1
1140 1161 1217 1188 Tunc
1231 1161 1387 1188 conturbati
1414 1161 1628 1196 suntprineipcs
1643 1160 1740 1187 Edent.
1761 1171 1770 1186 ι

981 1209 1013 1236 lit
1034 1209 1128 1236 futuro
1156 1209 1218 1237 loco
1235 1209 1390 1244 praesentis,
1417 1209 1490 1236 sicut
1508 1218 1514 1236 :
1548 1217 1558 1234 1
1577 1208 1773 1236 Inhabitnbunt

980 1260 1008 1283 et
1025 1255 1207 1289 abscondent,
1223 1265 1232 1281 ι
1252 1262 1301 1290 pro
1317 1255 1493 1287 inhabitant;
1525 1258 1563 1287 et,
1583 1264 1591 1280 1
1610 1254 1771 1282 Elfabuntur

980 1306 1006 1329 et
1023 1301 1183 1336 loquentur.
1201 1301 1307 1336 )(Psul.
1326 1309 1362 1334 tv,
1382 1301 1414 1334 7;
1440 1308 1503 1333 va,
1520 1301 1556 1333 6;
1583 1300 1641 1327 15a.
1656 1307 1771 1331 xxxvttt,

981 1350 1014 1377 14
1030 1358 1037 1383 ;
1055 1349 1130 1378 l’sal.
1164 1357 1218 1382 Liv,
1236 1349 1267 1375 ΓΙ
1285 1357 1291 1382 ;
1322 1348 1407 1376 Exod.
1425 1356 1469 1381 xv,
1491 1348 1544 1382 15;
1573 1347 1649 1375 Psal.
1672 1356 1716 1380 ιν,
1733 1348 1747 1373 7
1764 1355 1772 1379 ;

980 1403 1055 1427 mn,
1070 1395 1109 1431 4.)

1016 1443 1059 1469 44.
1079 1442 1290 1477 Perpetuitatem
1306 1441 1407 1477 triplici
1427 1441 1509 1469 modo
1524 1441 1601 1474 dicit,
1623 1445 1682 1468 tum
1703 1445 1772 1468 Letu-

981 1489 1058 1524 poris
1079 1489 1215 1524 cujusque
1234 1489 1308 1522 vitas,
1336 1493 1394 1515 tum
1416 1488 1546 1522 temporis
1563 1487 1646 1515 totius
1677 1491 1773 1514 exteri--

980 1534 1098 1567 sionem,
1138 1538 1196 1561 tum
1242 1533 1403 1561 continuum
1442 1538 1469 1560 et
1514 1533 1686 1565 inﬁnitum;
1722 1532 1775 1559 ita-

1715 1576 1775 1604 1Et

982 1626 1114 1653 laboravit
1142 1625 1168 1652 in
1183 1630 1315 1652 aeternum
1341 1629 1367 1652 et
1379 1625 1454 1652 vivet
1476 1624 1569 1651 adhuc
1593 1623 1621 1651 iu
1653 1623 1745 1650 linem.
1762 1632 1772 1648 ι

981 1671 1025 1705 Εῑ,
1049 1681 1058 1698 1
1072 1671 1206 1698 Tribuisti
1224 1672 1248 1698 ei
1259 1670 1458 1706 longitudinem
1477 1671 1581 1698 dierum
1602 1669 1629 1696 in
1645 1669 1777 1697 smculuut

981 1719 1075 1746 saeculi
1089 1726 1099 1751 ;
1115 1728 1124 1744 ι
1141 1722 1178 1751 el,
1200 1727 1209 1744 1
1229 1718 1259 1745 In
1280 1722 1412 1744 mlernum
1444 1716 1598 1744 conﬁtebor
1624 1715 1684 1748 tibi,
1709 1715 1779 1742 dum

981 1765 1043 1792 vivo
1054 1769 1079 1791 et
1091 1771 1162 1791 sum.
1181 1773 1190 1789 ι
1206 1763 1250 1795 Et,
1268 1762 1340 1790 1Non
1355 1762 1575 1789 commovebitur
1592 1762 1619 1789 in
1640 1767 1773 1788 aeternum

980 1810 1028 1846 qui
1045 1810 1149 1837 habitat
1161 1809 1187 1836 in
1202 1808 1356 1836 Jerusalem
1373 1817 1379 1841 ;
1398 1817 1407 1834 ι
1419 1812 1456 1840 et,
1473 1816 1482 1833 1
1501 1806 1608 1834 Serviet
1622 1806 1669 1833 tibi
1685 1814 1771 1840 usque

981 1856 1009 1883 in
1024 1860 1155 1883 alternum
1172 1874 1179 1888 ,
1203 1863 1212 1880 ι
1231 1859 1268 1886 et,
1299 1863 1309 1879 1
1325 1853 1386 1881 Non
1416 1853 1521 1880 lat-abis
1549 1853 1615 1880 mihi
1647 1852 1728 1886 pedes
1745 1854 1771 1878 in

980 1907 1124 1930 aeternum.
1145 1911 1154 1927 ι
1188 1900 1231 1932 Ει.
1264 1900 1352 1926 1Non
1389 1899 1564 1926 manducabo
1599 1906 1710 1925 carnem
1744 1898 1771 1924 in

981 1952 1123 1975 attentum.
1145 1956 1154 1972 ι
1195 1955 1203 1971 1
1223 1945 1282 1972 Non
1313 1945 1387 1972 sitiet
1413 1944 1439 1971 in
1471 1948 1615 1971 allCl'ltllnl.
1636 1954 1644 1969 ι
1675 1943 1772 1977 (Paul.

982 1993 1121 2026 XLVIII,9;
1138 2000 1185 2025 xx,
1200 1992 1234 2025 5;
1256 1999 1334 2023 xm,
1347 1991 1381 2018 15
1397 1998 1404 2022 ;
1426 1998 1474 2024 ιιι,
1487 1990 1524 2023 6;
1540 1997 1632 2023 cxxvr,
1651 1988 1772 2023 hbent.

982 2047 1016 2066 xv
1031 2060 1038 2071 ,
1050 2039 1081 2066 Π
1097 2037 1197 2071 ;Joan.
1213 2044 1274 2069 xut,
1290 2036 1306 2064 8
1321 2035 1536 2070 ;ICor.vut,15
1550 2043 1557 2069 ;
1569 2035 1697 2068 Joan.tv,
1716 2035 1779 2070 15.)-

1018 2084 1056 2112 De
1072 2083 1205 2119 temporis
1225 2083 1310 2111 totius
1321 2082 1495 2115 extensione,
1509 2081 1581 2110 sicut
1596 2091 1602 2108 :
1621 2091 1630 2107 1
1650 2081 1775 2108 lntroibit

982 2138 1071 2165 usque
1095 2130 1122 2157 in
1140 2129 1286 2165 progenies
1306 2132 1417 2163 patrum
1448 2135 1574 2159 suorum,
1592 2132 1619 2155 ct
1643 2135 1731 2163 usque
1747 2128 1773 2154 in

982 2180 1114 2203 attentum
1133 2182 1187 2202 non
1208 2174 1309 2201 videbit
1323 2174 1425 2206 lumen,
1440 2182 1519 2208 tpro,
1557 2173 1682 2207 Quandiu
1696 2182 1774 2201 man-

983 2221 1049 2249 serit
1071 2228 1162 2248 rerum
1178 2219 1247 2247 ordo
1261 2227 1401 2254 praesens;
1439 2228 1494 2247 non
1518 2220 1591 2247 cuitn
1609 2220 1642 2247 de
1657 2220 1773 2255 abroga-

139 2267 191 2302 τῆς
209 2266 383 2297 ἀναστάσεως
395 2265 556 2300 ἀπεράντως
567 2264 717 2299 ἐφθέγξατο
726 2274 733 2281 ·
748 2265 805 2298 καὶ,
818 2276 827 2292 1
844 2267 930 2293 Ὄνει-

985 2269 1059 2294 tione
1080 2266 1291 2294 resurrectionis
1305 2266 1332 2292 in
1353 2265 1492 2293 infinitum
1514 2266 1622 2300 locutus
1649 2270 1710 2297 est;
1735 2269 1771 2297 ct,

139 2313 185 2344 δος
201 2313 314 2339 αἰώνιον
325 2311 425 2338 ἔδωκεν
437 2311 543 2342 αὐτοῖς’
562 2311 609 2337 ὲπὶ
622 2311 678 2337 τῶν
700 2311 866 2346 ἀλλοφύλων,
887 2312 931 2338 ἵνα

139 2359 206 2394 εἴπῃ
230 2357 336 2393 χρόνιον
349 2376 357 2389 ,
374 2356 444 2382 ὥστε
469 2357 515 2382 καὶ
539 2356 591 2382 ὑπὸ
606 2356 662 2383 τῶν
685 2355 763 2389 αὖθις
783 2357 931 2392 αἰσχίστων

141 2402 381 2440 μνημονεύεσθαι·
400 2411 409 2427 ι
426 2401 474 2428 καὶ
487 2401 529 2434 τδ,
548 2411 557 2427 1
573 2401 620 2432 Εἰς
634 2402 805 2436 μνημόσυνον
822 2402 932 2429 αἰώνιον

139 2450 219 2476 ἔσται
234 2448 339 2479 δίκαιος
351 2455 357 2462 ·
375 2456 384 2473 ι
399 2447 458 2480 καὶ,
477 2456 487 2473 1
509 2446 618 2482 Ἰσραὴλ
635 2446 751 2479 σώζεται
766 2447 818 2473 ὑπὸ
828 2448 931 2482 Κυρίου

140 2493 283 2529 σωτηρίαν
309 2493 435 2519 αἰώνιον·
461 2502 470 2519 ι
488 2493 556 2523 καὶ,
577 2502 586 2518 1
612 2493 680 2519 Οὐδὲ
697 2493 734 2528 μὴ
758 2493 932 2526 ἐντραπῶσιν

138 2540 195 2571 ἓως
212 2539 250 2575 (8)
265 2539 312 2565 τοῦ
323 2539 420 2571 αἰῶνος
436 2540 465 2566 ὲν
479 2539 537 2574 ὄρει
555 2538 635 2570 Σιὼν,
645 2538 699 2565 ἀπὸ
713 2539 761 2565 τοῦ
774 2538 822 2565 νῦν
835 2539 882 2566 καὶ
892 2540 932 2571 εἰς

135 2585 189 2612 τὸν
216 2584 320 2611 αἰῶνα·
339 2594 348 2610 ι
382 2584 455 2611 Ἀντὶ
480 2583 540 2617 τοῦ,
567 2584 614 2610 ἐπὶ
628 2583 712 2610 πολὺν
735 2584 842 2620 χρόνον.
865 2585 935 2619 Καὶ,

143 2640 155 2657 1
181 2630 297 2658 Ἰουδαία
312 2630 353 2663 εἰς
372 2631 418 2657 τὸν
430 2630 516 2657 αἰῶνα
531 2629 779 2666 κατοικισθήσεται.
796 2639 805 2657 ι

988 2322 997 2339 1
1011 2311 1195 2347 Opprobrium
1208 2311 1408 2345 sempiternum
1425 2310 1500 2338 dedit
1517 2310 1580 2343 illis,
1598 2319 1610 2336 ι
1633 2310 1666 2337 de
1677 2310 1772 2337 alieni-

985 2358 1073 2393 genis,
1094 2362 1125 2385 ut
1138 2357 1212 2384 dicat
1229 2357 1404 2389 diuturnum,
1421 2356 1458 2382 ita
1474 2360 1502 2382 ut
1519 2361 1547 2383 et
1566 2364 1581 2382 a
1598 2360 1773 2390 posterorum

984 2403 1317 2431 iul‘amissimismemoria
1334 2406 1477 2434 servetur;
1494 2405 1532 2432 et,
1564 2410 1573 2426 1
1592 2401 1620 2428 In
1639 2402 1771 2428 memoria

985 2455 1086 2476 aeterna
1100 2448 1148 2475 erit
1163 2448 1274 2483 justus;
1297 2457 1306 2473 ι
1324 2452 1360 2480 et,
1379 2456 1387 2472 1
1402 2446 1483 2473 Israel
1499 2446 1620 2474 salvatus
1629 2446 1703 2473 estin
1718 2446 1767 2473 Do-
1809 2468 1821 2483 κ

985 2494 1061 2522 mino
1077 2494 1165 2521 salute
1177 2498 1300 2527 αξιοι-ηας
1322 2503 1331 2519 ι
1351 2498 1388 2524 et,
1407 2503 1415 2517 1
1436 2491 1495 2519 Non
1505 2491 1775 2527 confundaulusque
1807 2481 1812 2487 ⁴

985 2540 1013 2567 in
1029 2544 1160 2567 aeternum
1188 2539 1214 2566 in
1234 2544 1326 2566 mome
1359 2537 1426 2565 Sion
1456 2546 1489 2565 ex
1508 2538 1560 2565 hoc
1591 2545 1664 2565 nunc
1694 2543 1720 2566 ct
1748 2539 1774 2565 in

982 2589 1141 2617 aeternum,»
1160 2591 1208 2618 pro
1224 2583 1250 2610 in
1265 2583 1381 2611 multum
1410 2587 1530 2618 tempus.
1566 2582 1624 2615 Et,1
1642 2581 1733 2610 Judzea
1748 2584 1774 2610 in

986 2634 1117 2657 internum
1129 2627 1396 2662 salvabitur.t(PsaI.
1413 2636 1508 2662 vatu,
1523 2628 1558 2655 ΞΟ
1572 2636 1579 2661 ;
1595 2636 1697 2661 Lxxvn,
1715 2630 1749 2656 (its
1766 2636 1774 2661 ;

989 2684 1030 2709 ιιι,
1046 2676 1081 2709 7;
1098 2675 1153 2704 lsa.
1168 2683 1229 2709 XLV,
1245 2675 1299 2709 17;
1319 2674 1377 2703 Joel
1393 2682 1433 2707 ιιι,
1448 2674 1505 2709 50.)

712 2761 827 2790 DAVID.
859 2760 1060 2790 "(ESCHELII
1086 2759 1203 2788 NOT/E.

176 2811 216 2845 (Τ)
247 2810 281 2837 Τὸ
300 2811 379 2843 Ἕως
408 2809 578 2844 πολλαχοῦ,
602 2809 633 2836 τὺ
661 2809 733 2845 Ἕως
762 2810 793 2836 οὐ
821 2810 932 2841 πάντως

136 2844 351 2880 ἀντιδιαιρεῖται
370 2845 410 2880 τῷ
437 2845 582 2880 μέλλοντι·
614 2844 682 2871 ἀλλὰ
710 2844 740 2870 τὸ
768 2845 848 2880 μέκρι
881 2845 931 2879 μὲν

135 2881 219 2908 τοῦδε
233 2879 335 2914 τίθησι,
353 2881 383 2906 τὸ
396 2879 473 2915 μετὰ
490 2879 568 2906 τοῦτο
583 2880 613 2906 δὲ
628 2880 678 2905 οὐκ
695 2879 846 2912 ἀναίνεται,
865 2880 930 2907 an.

135 2918 219 2943 (λιιι.
238 2916 256 2943 Il
277 2916 313 2942 De
330 2914 410 2942 Filio;
423 2915 527 2943 Similia
542 2915 602 2942 νίιΙο
623 2915 693 2948 apud
708 2914 786 2941 [last].
801 2915 835 2941 M.
854 2915 931 2942 llum.

136 2952 166 2977 in
187 2951 253 2979 Nat.
276 2950 388 2983 Christi,
417 2950 523 2985 p.955,
556 2955 581 2978 ει
613 2953 682 2984 ειιιιιιι
716 2950 809 2978 Isid-rt.
845 2951 932 2978 I‘clus.

988 2809 1037 2835 lib.
1055 2816 1074 2840 I,
1090 2809 1171 2842 epist.
1189 2807 1233 2838 i8,
1249 2808 1275 2832 in
1292 2814 1343 2840 qua
1359 2804 1471 2842 σφάλμα
1487 2808 1633 2842 reponitur
1648 2804 1661 2828 ὁ
1674 2803 1778 2842 ulna;-

986 2839 1114 2878 denique
1126 2843 1195 2876 apud
1214 2842 1245 2869 D.
1275 2839 1388 2875 August.
1417 2839 1455 2865 lle
1473 2847 1590 2865 zcrtttuttc
1620 2839 1724 2864 [lumini
1753 2839 1778 2864 in

988 2884 1086 2904 monte.
1102 2886 1127 2904 1'.
1143 2878 1188 2904 ‘21.

988 2884 1159 2950 "uigiliis;
1167 2884 1222 2949 Ιὶιη
1245 2909 1445 2947 ἑντραπῶσιν.
1462 2908 1504 2938 Al.
1519 2911 1565 2937 καὶ
1579 2909 1609 2937 οὗ
1629 2909 1665 2945 μὴ
1682 2909 1779 2944 ἐντρα-

990 2951 1135 2980 πήσονται.
