2041 3159
164 147 228 178 1301

691 154 852 186 ISAGOGE
874 156 915 185 IN
941 156 993 186 SS.
1013 157 1262 188 SCRIPTURA'S.

1727 157 1807 190 1302'

160 204 175 230 ὁ
188 204 306 238 πτωχὸς,
324 204 365 231 ὅτι
381 204 535 234 ἐπαινεῖται,
549 208 563 234 ὁ
578 208 756 244 ἁμαρτωλός·
775 220 783 236 3
802 219 950 246 παρεγκει-

1003 211 1077 237 niam
1099 210 1228 238 laudatur
1254 210 1586 246 peecatorpinterposita
1612 211 1703 246 phrasi
1721 220 1793 238 com-

162 250 244 284 μένου
265 249 312 276 ’τθῦ
329 253 616 286 συλλαμϐάνονταιο
644 257 702 287 καὶ,
731 266 739 283 1
759 258 820 283 Ὅτι
843 257 952 293 ἡμέρας

160 296 208 323 καὶ
220 296 315 328 ννκτδς
330 297 466 334 ὲῦαρὺνθη
489 300 532 326 ἐπ’
551 301 600 335 ἐμὲ
614 302 629 336 ή
646 302 706 337 χείρ
731 311 789 336 σου,
805 305 833 330 ἐν
848 303 887 339 τῷ
901 306 952 338 ἐμ-

161 340 284 377 παγῆναι
312 352 357 378 μοι
383 344 522 372 ἄκανθαν·
545 356 554 372 3
575 347 604 373 τὸ
621 349 684 383 γὰρ,
706 358 714 374 1
729 349 885 385 Ἐστρὰφην
912 351 952 381 είς

160 387 359 423 ταλαιπωρίαν,
373 388 411 424 τῷ
425 390 478 415 ἀπὸ
494 392 542 418 τοῦ
558 393 670 427 κράζειν
687 403 720 429 με
737 395 801 430 ὃλην
816 395 865 430 ’τὴν
882 396 952 431 ὴμέ-

161 441 238 468 ραν,›
255 435 369 467 εἰκότως
395 437 566 464 ἀποδίδοται·
615 441 662 466 καὶ
678 441 718 472 τὸ,
739 451 747 466 1
766 442 806 468 Τὰ
824 441 888 477 βέλη
905 451 951 469 σου

159 480 330 515 ἠκονημένα.
347 480 697 519 δυνατέηπαρεγκειμένου
713 487 759 512 τοῦ
771 488 852 515 λαοί.

197 526 264 552 Κατ’
279 528 405 554 ἐπίτασιν
422 529 452 555 τὸ
462 529 528 556 αὐτὸ
546 530 637 564 λέγει’
655 531 693 563 ὡς
711 532 741 558 τὸ
753 553 760 564 ,
781 542 790 558 1
811 534 951 561 Παιδεύων

160 573 304 599 ἐπαίδευσέ
319 583 352 608 με
366 576 379 600 ὁ
391 574 508 610 Κύριος-
524 587 533 603 3
545 577 602 609 καὶ,
618 588 628 602 1
645 578 805 613 ’Υπομένων
818 580 952 614 ὑπέμεινα

158 619 205 644 τὸν
218 618 330 653 Κύριον.
355 629 363 645 ›
380 620 445 653 Καὶ,
461 627 470 643 1
487 619 523 647 Ἦ
540 622 593 657 μὴν
606 622 726 656 εὐλογῶν
741 623 879 659 εὐλογήσω
892 633 949 653 σε.»

195 707 232 734 Τὸ
244 708 310 735 ἰδοὺ
326 709 396 737 κατὰ
421 711 584 746 περισσείαν
605 713 735 746 πολλάκις
756 714 831 748 λέγει
843 725 848 731 ·
862 716 899 747 ὡς
911 716 952 749 τὸ,

164 763 172 779 1
197 754 262 780 Ἰδοὺ
276 755 331 793 γὰρ
344 755 472 790 ἀλήθειαν
484 757 632 792 ἠγάπησας
642 768 648 774 ·
669 768 677 784 3
695 774 729 780 —
743 770 752 786 1
777 761 843 787 Ἰδοὺ
855 762 870 796 ἡ
884 763 958 798 Παρ-

159 799 234 831 θένιος
252 792 282 826 ἐν
310 801 409 837 γαστρὶ
433 801 499 834 ἔξει.
519 812 528 829 3
558 804 611 830 Καὶ
626 804 655 830 τὸ
680 805 775 839 πλὴν,
791 792 870 833 οὐδὲν
884 792 953 840 ὅλως

161 846 383 880 συμϐαλλόμενον
396 856 404 862 ·
422 848 459 880 ὡς
470 849 511 881 τὸ,
530 859 538 874 1
553 849 626 884 Πλὴν
643 851 732 886 μάτην
748 853 924 888 ταράσσεται.
941 864 950 880 3

1003 256 1210 290 pre/tenduntur.
1229 257 1271 288 Et,
1291 266 1300 282 1
1320 257 1457 290 Quoniam
1474 257 1518 284 die
1535 266 1566 284 ac
1585 264 1665 285 nocte
1680 262 1792 292 gravata

1004 307 1045 328 est
1063 309 1143 335 super
1167 309 1209 328 me
1222 309 1320 329 manus
1335 307 1381 329 tua
1401 302 1466 329 dum
1493 303 1642 339 conﬁgitur
1657 304 1736 338 spina
1755 311 1760 330 :
1781 312 1790 329 3

1004 354 1066 373 nam
1081 367 1088 378 ,
1120 357 1128 372 1
1153 355 1221 374 conv
1241 356 1301 375 rsus
1326 356 1386 375 sum
1408 351 1433 376 in
1460 357 1592 382 terumna,
1613 359 1623 376 3
1654 350 1794 377 evidenter

1004 394 1153 429 separatim
1179 394 1259 421 datur
1275 403 1290 421 a
1305 405 1314 421 1
1328 395 1394 422 Dnnt
1412 397 1561 423 clamarem
1578 401 1634 423 tota
1647 396 1710 430 die;
1727 405 1736 422 3
1755 402 1794 428 et,

1007 449 1017 466 1
1040 439 1149 474 sagittae
1167 445 1220 467 tute
1239 445 1335 472 uentre,
1353 447 1460 476 potens.
1484 453 1492 469 3
1516 443 1679 477 interposito
1698 443 1791 478 phrasi

1003 485 1200 520 populi.(l’sa.’.
1219 493 1256 518 Ix,
1276 487 1322 518 ‘25,
1340 487 1392 520 24;
1412 497 1486 521 xxxt,
1504 489 1531 520 4,
1547 490 1580 522 5;
1600 497 1672 520 xt.|v,
1691 489 1731 524 7.)

1040 531 1091 558 Per
1107 533 1295 560 cxtensionem
1315 533 1385 560 idem
1403 534 1480 566 dicit,
1503 535 1597 562 sicut:
1620 545 1628 562 1
1649 535 1793 570 Castigans

1004 577 1150 612 castigavit
1166 585 1210 604 me
1230 578 1372 611 Dominus,
1392 588 1401 605 3
1421 584 1459 611 ct.
1481 580 1678 615 17E|spcctans
1697 576 1829 618 exspor}.

1004 623 1076 649 clari
1105 623 1272 655 Dominum,
1292 634 1301 650 3
1333 629 1379 657 et,
1408 634 1418 650 1
1438 625 1608 653 Benedicens
1635 626 1794 654 henedicam

1005 668 1063 694 tibi.
1086 678 1095 693 3
1122 668 1206 704 (Psal.
1228 677 1312 701 cxvn,
1330 670 1382 703 18;
1401 679 1496 704 χχχιχ,
1513 671 1548 704 2;
1567 671 1632 698 Gen.
1651 679 1719 703 m1,
1737 671 1795 705 ΠΖ),

1041 713 1108 741 Ecce
1133 723 1181 749 per
1203 716 1390 750 pleonasmum
1416 725 1488 752 srepe
1511 719 1588 750 dicit,
1616 723 1668 746 ut:
1690 727 1699 743 1
1723 717 1794 755 Ecce

1004 758 1078 784 enim
1108 759 1250 786 veritatem
1278 760 1413 794 dilexisti;
1430 777 1465 782 —
1482 762 1553 789 Ecce
1577 763 1653 798 virgo
1670 763 1697 790 in
1714 767 1794 790 utero

1005 804 1126 832 habebit.
1150 816 1158 831 3
1189 804 1221 832 Et
1247 811 1366 833 attamen
1393 816 1447 834 non
1475 809 1588 835 omnino
1617 809 1792 841 servientem,

1006 847 1076 874 sicut
1088 855 1116 875 :1
1136 849 1262 877 Attamen
1274 849 1375 878 frustra
1387 853 1579 880 conturbatur.
1605 862 1613 877 3
1632 852 1745 884 Etcum,
1756 854 1794 881 si-

159 888 214 918 Καὶ
227 893 256 918 τὸ
272 893 348 919 σύν·
367 893 403 924 ὡς
419 893 460 926 τὸ,
488 903 497 919 1
516 894 619 930 Κύριος
642 896 763 929 ἐξετάζει
790 898 838 924 σὺν
850 898 894 924 τὸν
912 899 950 925 δί-

1003 898 1067 920 cnt:
1083 894 1395 931 1Dominusinterrogat
1406 905 1468 924 cum
1482 897 1586 932 justum
1598 904 1623 925 et
1639 898 1765 932 impium;
1780 908 1790 925 3

159 946 237 964 καιον
254 940 301 964 καὶ
317 940 364 965 σὺν
388 940 432 965 τὸν
448 939 552 975 ἀσεϐῆ·
573 951 582 967 3
603 942 660 973 καὶ,
682 951 690 967 1
711 941 763 969 Σὺν
787 942 833 969 τὸν
848 943 951 971 δίκαιον

160 983 207 1009 καὶ
221 984 324 1011 σὺντέιν
335 985 419 1020 ἀσεϐῆ
439 989 527 1021 κρινεῖ
541 988 555 1014 ὁ
578 988 653 1020 Θεός.
665 998 674 1014 3
694 989 747 1015 Καὶ
769 989 799 1015 τὸ
823 989 895 1024 γάρ’
914 991 951 1022 ὡς

158 1029 200 1060 τὸ,
214 1040 222 1055 1
234 1028 329 1064 Φωνὴν
346 1031 450 1059 ἔδωκαν
466 1034 493 1059 αξ
509 1033 630 1068 νεφέλαι,
646 1034 693 1061 καὶ
709 1034 763 1070 γὰρ
778 1036 811 1062 τὰ
823 1036 887 1072 βέλη
905 1046 950 1064 σου

158 1075 379 1111 διαπορεύονται·
401 1088 409 1104 3
428 1079 474 1105 καὶ
487 1099 495 1112 ,
523 1088 532 1104 1
551 1079 606 1106 Καὶ
632 1081 685 1115 γὰρ
708 1080 888 1114 ἀπειθοῦντας
904 1082 950 1110 τοῦ

159 1123 389 1156 κατασκη-νῶσαι·
410 1133 419 1149 3
437 1125 495 1155 καὶ,
515 1133 525 1150 1
548 1125 609 1152 ’Ότι
622 1125 676 1161 γὰρ
692 1126 805 1162 ἁδελφός
823 1136 874 1162 μου
887 1126 922 1156 εἶ.
938 1137 948 1155 3

159 1166 216 1193 Καὶ
229 1167 260 1202 δὴ
278 1169 326 1194 καὶ
340 1168 389 1203 τὴν
401 1170 455 1197 τοῦ
469 1178 519 1204 γε,
540 1171 572 1206 ἢν
591 1171 709 1205 μάλιστα
732 1173 808 1208 παρὰ
826 1173 875 1207 μὲν
896 1175 951 1205 τοῖς

160 1210 296 1243 πλείστοις
311 1214 401 1240 αὐτῶν
417 1215 447 1240 οὑ
465 1216 611 1248 σπανιάκις
626 1216 700 1244 ἔστιν
719 1219 825 1253 εὑρεῖν·
844 1219 952 1254 ἐξαιρέ-

158 1265 212 1288 τως
227 1257 254 1283 δὲ
269 1259 345 1293 παρά
362 1268 390 1285 τε
406 1261 438 1295 τῇ
451 1260 504 1286 τῶν
516 1260 666 1288 Βασιλειῶν
686 1261 780 1298 βίϐλῳ,
795 1265 842 1290 καὶ
851 1262 891 1299 τῷ
904 1265 951 1291 Σο-

158 1299 275 1336 λομῶντι
286 1311 292 1317 ·
304 1304 318 1329 ὁ
335 1303 385 1338 μέν
401 1313 443 1330 τοι
459 1305 594 1341 μακάριος
618 1307 700 1333 Δαυῖδ
714 1309 746 1343 τῇ
766 1309 801 1335 ἐν
823 1310 884 1336 ἀντὶ
902 1312 952 1346 τῆς

158 1344 210 1373 Σζιν
225 1348 378 1383 κέχρηται·
398 1350 436 1381 ὡς
463 1351 504 1382 τὸ,
522 1360 531 1376 1
555 1351 610 1378 Καὶ
638 1353 831 1387 μετατίθεσθαι
846 1354 896 1391 ὅρη
922 1344 950 1383 εν

158 1394 283 1428 καρδίαις
298 1394 457 1422 θαλασσῶν·
477 1406 486 1422 3
503 1398 560 1430 καὶ,
577 1407 586 1423 1
611 1398 656 1425 Ἑν
675 1400 917 1436 ὁλοκαυτώμασιν,
937 1412 946 1427 3

158 1439 230 1469 ἀντὶ,
247 1440 299 1466 Σὺν
318 1440 541 1476 ὁλοκαυτώμασιν
552 1453 558 1459 ·
575 1445 632 1476 καὶ,
652 1454 661 1471 1
686 1445 731 1473 Ἐν
749 1447 845 1482 εἰρήνῃ
860 1447 907 1474 ἐπὶ
921 1447 951 1474 τὸ

158 1485 244 1511 αὑτό·
262 1495 271 1512 3
289 1488 347 1518 καὶ,
364 1497 374 1513 1
397 1488 468 1522 Ὶίγὼ
483 1490 511 1516 δὲ
527 1491 555 1516 ὲν
571 1491 675 1527 ἁκακίᾳ
691 1501 742 1526 μου
759 1493 921 1528 ἐπορεύθην·
939 1504 948 1520 3

158 1530 216 1560 καὶ.
232 1541 242 1557 ‹
269 1532 365 1568 Ἀνέϐη
378 1535 392 1560 ὁ
408 1535 474 1566 Θεὸς
492 1536 520 1562 ὲν
531 1536 699 1572 ἀλαλαγμῷ·
721 1548 731 1564 ›
750 1540 816 1571 καὶ,
837 1549 846 1565 1
859 1540 947 1576 Φωνὴ,

158 1576 274 1611 Κυρίου.
292 1579 320 1604 ἐν
336 1580 417 1613 ἰσχύϊ,
431 1582 507 1615 φωνὴ
525 1583 628 1618 Κυρίου
641 1570 676 1610 Ἲὲν
694 1570 946 1621 μεγαλοπρεπείᾳ..έ
964 1570 986 1600 c

159 1623 191 1650 υἱ
204 1624 343 1650 σπουδαῖοι
360 1624 405 1651 οὖν
422 1627 470 1657 τὰς
486 1627 613 1663 ἀφορμὰς
633 1629 760 1655 ἐντεῦθεν
784 1630 948 1665 δανεισάμε-

158 1674 209 1699 νοι,
263 1670 323 1696 ὁδόν
339 1680 398 1697 τινα
413 1672 459 1698 καὶ
472 1673 559 1708 πύλην
579 1675 610 1708 τῇ
633 1674 782 1710 φιλομαθίᾳ
802 1675 949 1711 εὑρήσουσι

159 1716 229 1751 πρὸς
244 1716 292 1751 τὴν
311 1717 360 1752 τῆς
377 1719 453 1753 ἱερᾶς
475 1719 586 1755 Γραερῆς
601 1720 769 1756 ὁδηγηϐἦναι
781 1722 912 1749 διάνοιαν.

192 1807 258 1834 Εἰσὶ
277 1807 312 1834 δὲ
328 1809 377 1835 καὶ
391 1809 494 1844 τρόποι
506 1810 602 1844 αὐτῆς
613 1811 802 1846 γενικώτατοι
818 1810 911 1842 οὗτοι.

194 1852 273 1879 Κατὰ
288 1854 457 1889 μεταφορὰ-ι,
473 1856 545 1882 κατὰ
562 1857 729 1892 παραϐολὴν,
752 1858 822 1884 κατὰ
836 1858 949 1893 σύγκρι-

159 1905 212 1930 σιν.
226 1898 296 1924 κατὰ
312 1900 485 1935 συνεκδοχὴν,
503 1901 572 1927 κατὰ
588 1902 752 1937 ὑπόδειγμα.
771 1903 842 1929 κατὰ
862 1911 950 1937 μετω-

158 1943 275 1977 νυμιαν.
294 1945 364 1970 κατὰ
390 1945 564 1980 ἀντίφρασιν.
582 1947 653 1972 κατὰ
673 1948 851 1982 περίφρασιν,
879 1947 950 1974 κατὰ

158 1989 398 2022 ἀνακεφαλαίωσιν
412 1991 460 2017 εἴτ’
476 1989 522 2017 οὖν
541 1991 722 2026 ἐπανάληψιν,
739 1992 811 2018 κατὰ
824 1993 950 2028 ἀπόχρη-

159 2042 213 2065 σι-ι,
229 2035 300 2061 κατὰ
314 2036 550 2070 προσωποποιίαν,
569 2037 641 2063 κατὰ
660 2039 861 2072 σχηματισμὸν,
879 2037 950 2065 κατὰ

159 2079 343 2115 ἀλληγοριαν,
364 2081 434 2108 κατὰ
462 2082 625 2118 ὺπερὸολὴν,
654 2083 716 2109 κατ’
745 2084 948 2118 ὲπιτωθασμδν,

157 2124 231 2151 κατὰ
252 2126 393 2161 εἰρωνείαν
408 2148 416 2160 ,
436 2127 506 2154 κατὰ
533 2128 703 2163 σαρκασμδν,
727 2129 797 2155 κατὰ
822 2129 949 2164 αῐνιγμα,

157 2170 230 2196 κατὰ
241 2167 366 2206 ἀπειλὴν,
384 2172 454 2198 κατὰ
477 2172 624 2207 ἀπόφασιν,
654 2174 724 2199 κατὰ
745 2173 949 2208 ἀποσιώπησιν,

157 2214 231 2241 κατὰ
243 2216 417 2250 παραίνεσιν,
434 2216 570 2251 παρεκτὸς
589 2216 710 2250 δηλονότι
723 2217 778 2244 τῶν
796 2217 950 2254 ἰδιωμάτων

157 2261 253 2295 αὐτῆς.

1002 943 1054 970 et,1
1068 939 1135 966 Cum
1144 940 1250 974 justum
1263 945 1289 968 et
1299 942 1410 976 impium
1420 942 1554 976 judicabit
1565 943 1646 970 Deus.
1655 953 1663 969 3
1674 943 1792 977 Etenim,

1003 985 1076 1012 sicut
1096 995 1101 1012 :
1126 995 1134 1010 1
1155 986 1256 1013 Vocem
1282 988 1416 1015 dederunt.
1434 989 1539 1022 nubes;
1561 989 1661 1016 etenim
1687 990 1793 1024 sagittae

1002 1035 1056 1058 tua:
1075 1036 1227 1059 transeunt.
1253 1042 1261 1058 3
1282 1033 1323 1066 Et,
1349 1042 1357 1058 1
1379 1034 1486 1061 Etenim
1508 1041 1562 1061 non
1585 1034 1728 1062 credentes
1749 1034 1792 1062 itt-

1003 1076 1147 1110 habitare;
1169 1087 1177 1103 3
1198 1083 1236 1111 ct,
1257 1087 1266 1103 1
1286 1079 1355 1112 Quia
1378 1080 1450 1106 enim
1472 1079 1558 1107 frater
1575 1087 1652 1108 meus
1668 1088 1707 1108 es.
1728 1089 1736 1105 3
1759 1079 1794 1108 Ει

1002 1123 1117 1150 verbum
1134 1124 1206 1151 illius
1225 1130 1307 1157 certe,
1325 1133 1407 1160 quam
1424 1126 1576 1160 przcsertim
1591 1127 1663 1161 apud
1682 1127 1791 1154 illorum

1002 1169 1096 1204 plures
1115 1177 1170 1197 non
1190 1178 1254 1198 raro
1275 1171 1399 1199 invenire
1416 1175 1469 1205 est,
1487 1173 1514 1199 in
1529 1173 1626 1207 primis
1642 1173 1669 1200 in
1686 1174 1791 1209 Regrm

1002 1215 1074 1241 libro
1091 1219 1117 1242 et
1141 1214 1300 1243 Salomone.
1324 1217 1424 1246 Beatus
1447 1218 1531 1245 David
1553 1219 1744 1254 propositione
1765 1221 1794 1248 in

1002 1269 1051 1296 pro
1069 1270 1129 1289 cum
1148 1263 1244 1294 utitur,
1269 1264 1352 1296 sicut,
1377 1273 1386 1289 1
1407 1263 1624 1293 Transferentur
1639 1272 1747 1294 montes
1765 1267 1792 1294 in

1002 1315 1050 1335 cur
1074 1308 1177 1341 maris;
1199 1319 1210 1335 3
1234 1314 1270 1343 et,
1299 1319 1308 1335 1
1327 1308 1356 1337 In
1380 1310 1683 1346 haulocautomatibns;
1707 1323 1716 1339 3
1743 1321 1792 1349 pro

1006 1363 1014 1379 1
1027 1353 1095 1380 Cum
1106 1354 1386 1390 holocautnmatibus;
1401 1367 1409 1383 3
1424 1361 1460 1390 et,
1471 1367 1480 1383 1
1490 1357 1519 1385 ln
1529 1357 1789 1394 paceinidipsum.3

1003 1399 1045 1432 Et,
1077 1409 1086 1425 1
1110 1399 1137 1426 ln
1167 1400 1324 1428 innocentia
1357 1410 1416 1430 mea
1441 1403 1585 1438 ingressus
1614 1412 1686 1433 sum.
1706 1415 1716 1431 3
1748 1404 1791 1449 Εἰ,

1006 1454 1014 1470 1
1039 1446 1169 1473 Ascendit
1187 1447 1257 1475 Deus
1273 1448 1298 1474 in
1313 1448 1419 1482 jubilo;
1442 1459 1451 1476 3
1470 1455 1506 1483 et,
1528 1463 1537 1479 1
1559 1451 1614 1479 Vox
1635 1451 1744 1479 Domini

1003 1488 1223 1526 magniﬁcentia.
1245 1502 1255 1518 3
1283 1493 1378 1529 Itaque
1396 1493 1513 1523 studiosi
1536 1497 1706 1525 elocutiones
1727 1498 1792 1525 inde

1006 1542 1178 1565 assumcntes
1193 1538 1264 1565 viam
1283 1540 1428 1573 quamdam
1445 1545 1472 1568 et
1486 1542 1587 1569 ostium
1608 1543 1749 1571 invenient
1764 1544 1791 1590 il)

1003 1582 1127 1609 scientia:
1143 1590 1236 1610 amore
1253 1584 1286 1611 ad
1304 1585 1475 1620 dirigendnm
1496 1588 1523 1614 in
1540 1596 1625 1616 sacra:
1643 1582 1793 1624 Scripturé

1002 1626 1192 1661 intelligentia.
1204 1628 1289 1663 (l’sal.
1302 1636 1327 1661 L,
1340 1628 1356 1656 Β
1368 1639 1374 1662 ;
1388 1630 1484 1659 Matt/1.
1498 1639 1516 1664 ι,
1526 1632 1575 1665 25;
1590 1632 1661 1660 Psat.
1677 1624 1790 1667 xxxv-nl.

1000 1672 1035 1705 7;
1054 1681 1080 1706 κ,
1098 1674 1131 1704 6;
1145 1673 1231 1701 Eccle.
1251 1675 1437 1709 nt,l7;Psal.
1463 1686 1554 1712 Lxxw,
1572 1680 1624 1713 18;
1641 1689 1725 1714 uvn,
1743 1681 1792 1715 l9;

1001 1717 1066 1744 Cen.
1100 1727 1174 1753 xxu,
1201 1720 1250 1754 l5;
1279 1721 1356 1749 Psal.
1386 1724 1520 1758 at.v,.2;
1539 1734 1583 1759 tv,
1613 1726 1645 1759 9;
1666 1735 1737 1760 xxv,
1761 1729 1791 1761 ις

1002 1772 1071 1796 XLVI,
1089 1765 1121 1799 6;
1139 1774 1236 1799 xxvttt,
1251 1768 1290 1802 Δ.)

1107 1810 1174 1838 Sunt
1191 1818 1215 1839 et
1237 1813 1318 1847 Tropi
1337 1814 1393 1849 ejus
1414 1817 1607 1851 generaliseimt'
1625 1819 1678 1845 isti.

1038 1855 1195 1884 Secundum
1215 1859 1405 1894 metaphoram
1417 1882 1424 1894 ,
1442 1862 1594 1890 secundum
1610 1864 1768 1898 parabolam
1782 1885 1789 1898 ,

1002 1903 1151 1931 secundum
1178 1906 1433 1940 comparationem,
1472 1909 1624 1936 secundum
1661 1911 1790 1946 synecdo-

1000 1949 1080 1981 chen.
1107 1951 1258 1977 secundum
1291 1953 1466 1986 exemplum,
1493 1954 1642 1982 secundum
1666 1961 1775 1993 metony

1001 1996 1083 2021 mia."
1101 2015 1108 2026 ,
1138 1997 1289 2023 secundum
1311 1998 1511 2032 antiphrasim,
1546 2001 1695 2028 secundum
1720 2003 1791 2037 peri-

1001 2040 1136 2074 phrasim.
1159 2041 1309 2068 srcundum
1329 2043 1591 2076 recapitulalionem,
1612 2049 1658 2071 aut
1675 2045 1789 2072 reditum

1001 2085 1033 2111 ad
1056 2085 1176 2117 initium,
1203 2087 1353 2114 secundum
1371 2088 1500 2122 abusum,
1527 2091 1677 2118 secundum
1694 2099 1791 2126 proso-

1001 2130 1151 2165 popmiam,
1170 2132 1321 2159 secundum
1343 2133 1489 2168 ﬁguratam
1508 2136 1673 2168 orationem,
1691 2145 1792 2165 secun-

1001 2174 1066 2202 dum
1085 2176 1255 2211 allegoriam,
1275 2179 1621 2216 secundum‘hyperbolen,
1640 2185 1791 2212 secundum

1002 2219 1236 2255 n‘njurgatiouetn,
1250 2225 1402 2251 secundum
1418 2226 1546 2259 ironiam,
1561 2229 1710 2256 secundum
1728 2237 1792 2257 acu-

968 2262 988 2289 D
1004 2266 1104 2293 iratum
1123 2267 1239 2301 dictum,
1258 2272 1408 2298 secundum
1424 2273 1552 2308 aenigma,
1574 2275 1724 2301 secundum
1743 2276 1793 2302 mi.

162 2314 223 2338 nas.
265 2308 416 2335 secundum
453 2309 678 2344 explicationem,
703 2311 854 2338 secundum
891 2312 1071 2345 reticentiam,
1098 2314 1249 2340 secundum
1276 2316 1485 2350 correctionem,
1511 2320 1633 2353 exceptis
1668 2320 1792 2347 videlicet

158 2353 337 2381 idiomatibns
354 2354 450 2390 ipsius.

196 2402 275 2429 Κατὰ
297 2402 346 2437 μὲν
377 2405 546 2440 μεταφορὰν,
573 2405 639 2431 ὅταν
659 2406 694 2432 τὰ
712 2405 818 2441 ἑτέροις
840 2406 856 2440 ἢ
878 2406 948 2433 κατὰ

158 2446 260 2483 πρᾶξιν
282 2448 299 2483 ἦ
319 2449 391 2475 κατὰ
410 2450 492 2484 φύσιν
512 2451 606 2477 ἐνόντα
629 2451 668 2482 εἰς
689 2451 772 2485 ἕτερα
788 2452 947 2486 μεταφέρῃ·

157 2490 214 2519 οἷον
224 2493 264 2525 εἰς
280 2493 355 2529 ἡμᾶς
368 2503 398 2521 τε
414 2495 461 2522 καὶ
473 2496 521 2522 τὸν
535 2495 602 2522 Θεόν
613 2504 620 2511 ·
637 2496 676 2528 ὼς
690 2495 730 2528 τὸ,
748 2505 756 2522 1
776 2496 877 2531 Κύριος
892 2504 950 2522 ποι-

159 2539 252 2574 μαίνει
273 2548 326 2574 με·
348 2550 356 2566 3
374 2541 432 2574 καὶ,
457 2550 466 2567 1
489 2541 646 2577 Ποιμαινειν
674 2542 771 2569 Ἰακὼϐ
791 2543 837 2569 τὸν
857 2541 950 2568 δοῦλον

158 2584 243 2611 αὐτοῦ
254 2593 260 2601 ·
286 2595 294 2612 3
312 2586 370 2619 καὶ,
389 2596 398 2612 1
411 2587 456 2623 Μὴ
473 2587 607 2623 βύσκωσιν
616 2589 641 2615 οἱ
657 2589 787 2624 ποιμένες
805 2587 946 2619 ἑαυτούς-ι

159 2630 218 2662 καὶ,
234 2640 243 2656 1
264 2632 404 2668 Διεσπάρη
424 2633 457 2660 τὲ
473 2633 598 2668 πρόϐατά
614 2642 677 2669 μου,
701 2634 745 2660 διὰ
771 2634 802 2660 τὺ
820 2634 857 2670 μὴ
879 2631 949 2660 εἴναι

159 2676 292 2711 ποιμένας
305 2685 313 2693 ·
335 2687 344 2704 3
364 2681 422 2711 καὶ,
445 2688 455 2705 ‹
475 2679 558 2707 Δεῦτε
575 2680 663 2707 ὀπίσω
691 2689 753 2716 μου,
773 2681 821 2707 καὶ
843 2681 950 2715 ποιήσω

158 2722 231 2757 ὑμᾶς
244 2721 328 2754 ἁλιεῖς
345 2722 507 2758 ἀνθρώπων.
528 2734 537 2750 3
557 2726 668 2752 Δίκτυα
685 2726 737 2760 γὰρ
757 2726 888 2757 πολλάκις
903 2726 950 2752 καὶ

156 2766 370 2801 ἀμφίϐληστρα
387 2769 437 2800 τὰς
448 2768 593 2805 χειρώσεις
605 2770 655 2805 τῆς
669 2770 716 2797 τοῦ
731 2771 799 2797 Θεοῦ
812 2771 890 2805 δίκης
905 2771 951 2797 λέ-

158 2822 202 2848 γει
212 2822 218 2828 ·
234 2812 300 2847 οἷον,
321 2825 330 2840 1
357 2816 516 2844 Ἐκπετάσω
527 2817 558 2844 τὺ
572 2817 679 2845 δίκτυόν
695 2827 747 2853 μου
763 2819 806 2844 ἐπ’
820 2818 901 2845 αὐτόν
911 2826 917 2832 ·
939 2828 947 2843 3

159 2861 208 2888 καὶ
224 2862 445 2898 Ιιάτακλυσμὸν
459 2864 486 2890 δὲ
500 2863 547 2899 τὴν
562 2863 713 2900 ἐρήμωσιν
732 2865 786 2891 τῶν
814 2865 949 2901 πολεμίων

1039 2405 1198 2432 Secundum
1217 2407 1417 2441 metaphoram,
1436 2415 1497 2436 cum
1521 2417 1583 2445 qua:
1596 2411 1654 2438 sive
1671 2411 1697 2438 in
1714 2412 1792 2446 praxl

1004 2451 1061 2477 sive
1079 2450 1105 2477 in
1119 2456 1217 2478 natura
1234 2452 1351 2479 aliorum
1368 2458 1446 2487 sunt,
1464 2454 1523 2481 haec
1539 2456 1572 2483 ad
1585 2456 1637 2483 alia
1653 2458 1794 2491 transfert,

1005 2497 1080 2523 verbi
1095 2497 1182 2532 gratia
1201 2505 1265 2533 erga
1282 2506 1332 2526 nos
1349 2504 1375 2526 et
1390 2508 1454 2534 erga
1476 2501 1573 2535 Deum,
1591 2503 1664 2530 sicut
1681 2513 1686 2530 :
1709 2513 1718 2529 1
1740 2505 1794 2532 Do-

1004 2542 1097 2570 minus
1121 2543 1209 2577 pnscit
1226 2552 1286 2578 me;
1309 2555 1318 2571 3
1345 2551 1382 2579 ct,
1402 2555 1410 2571 1
1428 2547 1544 2575 Pasccre
1569 2548 1655 2577 Jacoh
1681 2557 1793 2580 servum

1002 2595 1101 2621 suum;
1122 2599 1130 2614 3
1159 2595 1194 2622 et,
1221 2599 1230 2615 1
1246 2589 1301 2618 Nec
1323 2598 1438 2626 pascant
1461 2594 1580 2628 amplius
1600 2601 1725 2631 pastores
1750 2606 1794 2626 se-

1003 2636 1155 2669 metipsos;
1179 2645 1187 2662 3
1217 2642 1263 2669 ct,
1287 2647 1295 2662 1
1315 2637 1451 2674 Dispersm
1481 2645 1545 2668 sunt
1574 2650 1641 2670 oves
1667 2652 1735 2672 mea:
1761 2653 1794 2672 ρο

1002 2681 1075 2715 quod
1094 2688 1149 2708 non
1166 2687 1238 2710 esset
1259 2689 1370 2718 pastor;
1391 2694 1400 2710 3
1418 2690 1456 2716 et,
1474 2695 1483 2712 1
1504 2685 1603 2717 Venite
1622 2696 1682 2724 post
1705 2699 1747 2717 me
1768 2697 1796 2718 ct

1004 2727 1102 2754 faciam
1117 2735 1166 2756 vos
1183 2730 1241 2756 lieri
1258 2730 1409 2764 piscatores
1423 2733 1581 2762 hominum.
1601 2747 1610 2763 3
1630 2737 1706 2764 Retia
1721 2739 1794 2765 cnim

1004 2779 1030 2802 et.
1049 2775 1179 2804 turricula
1201 2785 1271 2812 saepe
1292 2779 1497 2808 dominationes
1516 2780 1564 2809 Dei
1584 2782 1700 2817 justititr
1715 2785 1793 2818 diri',

1005 2821 1076 2848 sicut
1096 2830 1101 2847 ε
1123 2831 1132 2847 1
1154 2823 1304 2855 Extendunt
1331 2829 1388 2852 rete
1410 2834 1500 2853 meum
1522 2836 1606 2863 super
1619 2837 1700 2863 eum;
1722 2840 1729 2855 3
1757 2837 1794 2865 cl,

1005 2866 1207 2895 lnuudatiwtem
1221 2874 1247 2896 ct
1267 2871 1454 2899 tle-sulutionem
1481 2873 1643 2903 bellatorum
1668 2880 1791 2913 exponit,
