2041 3159
255 153 324 186 1303

988 157 1151 188 ADRIANI

1817 160 1886 192 1304

254 213 346 241 sicut:
376 223 385 240 1
405 213 540 241 Dominus
577 215 711 242 diluvium
737 215 891 243 inhabitare
923 215 1008 248 facit;
1031 225 1040 240 ι

1095 217 1257 251 ἀποφαίνει·
1277 219 1315 250 ὡς
1332 219 1371 252 τὸ,
1391 228 1399 244 ι
1425 218 1526 254 Κύριος
1540 218 1585 245 τὸν
1607 218 1803 253 κατακλυσμόν
1819 228 1886 245 κατ-

254 264 294 292 et,
313 270 322 286 1
343 259 395 292 Qui
419 265 498 288 vocat
517 267 605 296 aquas
622 261 728 293 maris;
748 270 758 287 ι
776 265 806 288 ut
821 260 896 288 dicat
916 260 1044 296 Assyrios

254 311 282 333 et
306 306 528 340 multitudinem,
555 312 598 339 et,
630 317 639 333 1
661 307 803 335 Protector
829 311 925 335 noster
953 306 1045 342 aspice

255 352 349 386 Deus;
371 362 380 379 ι
398 359 436 385 et,
460 364 468 378 ι
489 354 546 381 Sub
567 354 664 381 umbra
682 353 787 381 alarum
805 359 915 381 tuarum
933 359 1044 388 protege

254 405 314 430 me,
334 408 343 424 ι
359 403 396 431 et,
417 408 425 425 1
448 399 614 434 Expandens
628 400 686 426 alas
697 407 774 432 suas,
791 399 942 434 assumpsit
955 407 1013 430 eos,
1031 409 1041 425 ι

253 449 280 471 et
292 450 448 479 perseverat
464 445 490 471 iu
504 445 628 472 oratione
643 445 768 480 figurata.
782 444 872 479 (l’sal.
891 453 959 476 xxu,
973 444 999 478 5,
1012 445 1021 471 ί
1035 454 1043 478 ;

254 498 358 522 Lxxvu,
376 491 425 523 71;
448 490 546 518 Ezech.
563 498 656 522 xxxiv.
672 491 699 522 8,
715 490 766 523 10;
781 498 874 522 xutv,
888 490 923 523 5;
945 489 1042 518 Matth.

253 544 292 568 tv,
308 536 359 569 19;
382 536 480 563 Ezech.
499 544 547 569 xu,
566 536 619 568 l5;
636 535 714 562 Psal.
733 543 829 568 xxvm,
845 536 880 569 9;
901 536 981 562 Amos
1003 543 1044 568 ιιι,

253 580 290 614 6;
310 580 384 608 Ρδιιί.
406 589 523 614 LXXXIII,
542 581 594 614 10;
612 590 668 614 XVI,
685 582 721 614 8;
742 581 820 609 Deut.
841 589 930 616 xuii,
949 582 1006 617 Η.)

291 625 449 652 Secundum
461 625 634 660 parabolam,
649 625 722 653 sicut
736 634 742 652 :
760 635 769 652 1
785 625 900 660 Vigilavi
913 631 940 654 et
954 626 1044 662 factus

253 677 314 696 sum
332 669 404 697 sicut
428 677 534 703 passer,
550 679 560 696 ›
582 675 619 703 et,
640 679 649 696 1
669 670 747 698 Sicut
763 670 833 698 Ovis.
852 680 861 696 ι
884 669 979 706 (Paul.
1003 678 1041 704 (τι,

252 714 288 747 8;
308 715 364 743 Ιιια.
383 724 440 748 LIII,
457 716 496 751 7.)
954 711 956 713 ’

289 762 446 790 Secundum
460 762 707 796 comparationem,
723 762 797 789 verbi
812 763 910 796 gratia,
926 769 1043 796 praesen-

252 806 291 833 tia
310 807 430 841 antiquis
444 814 476 833 ex
491 807 630 834 similibus
646 807 706 835 vult
721 807 877 834 assimilare
892 807 1043 842 baptisma-

253 852 289 879 tis
306 853 433 888 giatiam,
455 853 524 880 mari
540 853 657 886 Rubro;
677 857 704 881 et
719 853 876 881 divinorum
898 854 1044 890 mysterio-

252 906 312 924 rum
342 898 602 932 participationem,
627 906 735 927 manna:
756 903 784 927 et
815 907 894 934 aquae
915 907 930 927 e
955 905 1043 935 petra.

251 942 284 977 (1
302 942 364 969 Cur.
387 950 413 975 κ,
430 942 475 977 5.)

288 988 446 1016 Secundum
476 989 667 1024 synecdochen
698 997 760 1017 cum
793 997 826 1018 ex
853 993 931 1024 parte
957 993 1044 1018 totum

251 1035 381 1066 ostendit,
407 1035 502 1062 sicut:
527 1045 536 1061 1
555 1035 682 1062 Animam
705 1043 793 1063 meam
817 1036 962 1069 convertit,
982 1045 992 1063 ι
1014 1041 1045 1064 ιιι

251 1081 326 1107 dicat
341 1088 391 1107 me.
410 1080 450 1113 Et,
470 1090 480 1107 ι
498 1080 611 1115 insuper
626 1086 653 1109 ct
675 1088 743 1108 caro
771 1089 830 1109 mea
847 1081 1000 1117 requiescet
1016 1082 1043 1110 iu

250 1133 309 1161 spe,
328 1135 336 1151 ι
352 1133 402 1160 pro
413 1135 477 1161 ego;
495 1131 534 1159 et,
554 1136 562 1151 1
580 1125 619 1153 Ex
634 1131 712 1154 utero
726 1131 789 1154 ante
801 1126 947 1155 luciferum
961 1128 1042 1163 genui

251 1176 287 1203 te,
303 1180 312 1196 ι
332 1179 393 1207 pro,
410 1182 419 1198 1
436 1177 500 1199 ante
515 1179 625 1199 omnem
638 1172 817 1200 creationem.
841 1181 850 1198 ι
868 1172 962 1208 (Prol.
974 1181 1042 1207 ιλιι,

251 1216 348 1250 3;“.
370 1217 404 1251 9;
424 1225 486 1250 ctx,
505 1217 550 1252 3.)

290 1261 449 1289 Secundum
477 1262 658 1297 exemplum,
688 1262 801 1298 quando
829 1270 891 1298 qum
917 1262 1043 1291 facienda

253 1312 320 1335 sunt
333 1315 382 1343 per
394 1308 496 1335 similia
511 1308 637 1344 quazdam
651 1314 838 1344 exponuntur,
852 1309 925 1337 sicut
939 1318 945 1336 :
963 1319 972 1336 1
989 1309 1042 1337 Co-

250 1358 346 1389 guovlt
364 1356 414 1382 bos
437 1362 627 1390 possessorem
648 1362 730 1383 suum
747 1364 753 1370 ·
774 1364 784 1381 ι
801 1360 845 1389 et,
870 1364 880 1381 1
898 1355 996 1384 Milvus
1015 1356 1042 1383 in

250 1400 321 1427 cazlo
347 1402 476 1436 cognovit
503 1406 612 1437 tempus
632 1409 733 1434 suum;
753 1410 762 1428 ι
789 1405 826 1434 et,
852 1410 861 1427 1
878 1401 965 1429 Homo
985 1407 1044 1429 erat

249 1446 443 1480 paterfamilias
461 1455 468 1479 ;
499 1456 509 1474 ι
525 1452 563 1480 et,
583 1455 592 1472 1
609 1446 733 1474 llomiuis
746 1446 888 1480 cujusdam
911 1447 1014 1475 divitis.
1031 1457 1040 1474 ι

250 1490 328 1526 (Ιεα.
351 1500 370 1525 ι,
387 1492 423 1525 5;
449 1492 549 1521 Jerem.
573 1500 632 1526 \‘Itl,
650 1492 685 1525 7',
707 1491 806 1519 Manli.
825 1500 879 1526 ur,
899 1493 953 1527 55;
975 1493 1040 1521 Luc.

248 1544 298 1570 xu,
319 1537 382 1572 16.)

285 1582 444 1611 Secundum
463 1586 660 1621 metonymiam
686 1587 797 1621 quando
821 1586 863 1614 vel
887 1593 903 1613 a
918 1586 1038 1614 circum-

249 1629 382 1657 dantibus
408 1630 592 1663 circumdata,
619 1631 661 1659 vel
677 1640 727 1667 pro
749 1632 947 1661 habitationem
969 1641 1040 1668 pra:—

250 1675 382 1703 bcntibus
400 1676 553 1704 habitantia
569 1678 712 1712 nominat;
731 1683 758 1707 et
774 1687 788 1706 a
805 1679 1040 1707 circumdantibus

248 1721 430 1756 circumdata,
447 1723 519 1750 sicut
533 1732 539 1750 :
557 1719 570 1749 ό
584 1723 618 1751 Ει
630 1724 700 1752 calix
714 1732 793 1752 meus
805 1724 944 1759 inebrians
957 1717 1039 1760 quam

248 1767 414 1802 praeclarus;
429 1778 438 1795 ι
457 1774 494 1802 et,
512 1779 520 1796 1
539 1770 657 1803 Ululate,
676 1779 760 1799 naves
776 1771 859 1807 Tyri;
878 1780 889 1797 ι
907 1776 945 1805 et,
962 1781 971 1797 1
986 1771 1040 1798 Ca-

251 1813 331 1852 licem
351 1815 456 1843 sororis
480 1820 533 1843 tuae
550 1816 636 1845 bibes.
656 1826 665 1843 ι
688 1817 730 1844 Ab
747 1817 948 1845 habitationem
972 1825 1041 1852 prat-

249 1861 380 1889 bentibus
405 1861 579 1896 habitantia,
604 1863 677 1891 sicut
702 1873 710 1891 :
734 1873 743 1889 1
763 1863 915 1892 Advocabit
939 1864 1039 1892 caelum

248 1906 414 1940 desursum;
430 1917 439 1934 ι
461 1911 499 1942 et,
519 1917 528 1934 1
543 1907 708 1942 Jerusalem,
724 1908 891 1942 Jerusalem,
911 1917 973 1945 qum
990 1917 1039 1937 oc-

247 1953 318 1981 cidis
334 1954 504 1988 prophetas;
523 1964 532 1981 »
551 1959 590 1987 et,
610 1965 618 1980 1
636 1954 775 1982 Lmtcntur
792 1955 890 1983 insulae
905 1956 1008 1983 multae.
1027 1965 1037 1982 ι

247 1998 345 2032 (Paul.
369 2009 438 2033 xx",
457 2001 493 2034 6;
517 2001 574 2028 Isa.
594 2010 674 2033 xxni,
698 2002 732 2035 l;
762 2001 858 2029 Ezeclt.
885 2011 964 2035 χχιιι,
986 2002 1039 2035 52.;

246 2045 325 2073 Psal.
345 2054 420 2079 xm,
442 2047 474 2081 4;
492 2047 592 2074 Matt/1.
609 2056 688 2080 χχιιι,
707 2047 754 2083 37;
775 2048 851 2075 Psal.
869 2055 941 2082 XCVI,
961 2049 1004 2083 Ι.)

249 2110 273 2124 κ
285 2091 445 2119 Secundqu
464 2093 661 2127 autiphrasim,
677 2093 788 2128 quando
803 2101 852 2128 per
868 2094 1039 2122 contrarium

247 2138 381 2171 ostendit,
397 2139 474 2166 verbi
490 2138 578 2173 gratia
595 2147 602 2165 :
625 2148 634 2164 1
653 2138 710 2166 Nisi
727 2139 754 2166 iu
769 2139 870 2166 faciem
891 2140 1040 2169 benedixe-

247 2183 284 2210 rit
297 2183 358 2215 tibi,
377 2193 386 2209 ι
401 2191 451 2218 pro
466 2184 698 2218 blasp/zemavarit.
713 2184 756 2217 Et,
774 2194 782 2210 ‹
797 2184 938 2213 Benediin
953 2185 1037 2214 Deum

245 2234 274 2256 et
302 2236 405 2263 regem,
431 2238 440 2255 ι
471 2236 521 2264 pro
549 2229 756 2262 contumeliose,
785 2228 853 2256 male
882 2229 968 2263 di\it;
995 2235 1039 2264 et,

248 2287 258 2303 1
276 2276 348 2310 Quia
363 2277 516 2305 celebratus
537 2286 545 2303 ι
571 2282 611 2305 est
628 2285 695 2310 rex;
713 2281 750 2310 et,
781 2286 790 2303 1
810 2277 975 2306 Benedictus
1003 2279 1039 2306 sit

246 2322 330 2351 homo
347 2323 401 2351 illc.
422 2333 431 2350 ι
452 2323 520 2359 (Job
537 2331 557 2356 1,
575 2323 624 2357 li;
653 2331 683 2356 ll,
701 2323 734 2356 5;
763 2322 808 2349 111
824 2322 888 2359 Reg.
907 2331 964 2358 xxi,
984 2325 1038 2357 10;

244 2367 346 2396 larem.
363 2377 410 2402 xx,
428 2369 492 2404 16.)

282 2413 441 2441 Secundum
458 2413 654 2448 periphrasin),
673 2413 785 2449 quando
797 2414 831 2441 de
849 2414 883 2442 iis
897 2421 958 2449 qua:
973 2422 1040 2449 pau-

245 2460 288 2487 cis
299 2460 392 2488 verbis
404 2460 522 2495 exprimi
535 2464 663 2495 possunt,
676 2461 803 2495 pluribus
816 2467 861 2488 res
875 2466 1017 2496 exponunt
1031 2470 1038 2488 :

246 2504 318 2532 sicut
341 2514 347 2532 :
377 2514 387 2531 1
404 2504 476 2534 Ecce
503 2505 665 2541 alienigenae
690 2510 718 2533 et
745 2505 835 2541 Tyrus
864 2509 892 2533 ct
922 2505 1039 2540 populus

245 2550 408 2586 [Ethiopum
423 2551 450 2579 hi
470 2551 580 2579 fuerunt
598 2551 665 2579 illic.
687 2560 696 2577 ι
719 2551 813 2587 (Psol.
829 2560 941 2584 Lxxxw,
957 2552 1002 2587 ί.)

284 2597 442 2625 Secundum
465 2597 724 2632 recapitulationem
740 2601 787 2624 aut
804 2598 919 2625 reditum
936 2598 969 2625 ad
986 2599 1040 2626 ini-

247 2641 319 2670 tium
333 2643 445 2678 quando
461 2651 522 2678 quae
540 2651 588 2678 per
605 2643 684 2678 plura
701 2644 775 2670 varie
783 2649 956 2682 lnarrantur,
977 2653 1039 2679 pro-

247 2691 307 2722 pter
332 2689 516 2717 tliilicultatem
537 2697 599 2725 qua:
621 2689 709 2717 oritur
731 2697 745 2716 ιι
770 2690 974 2725 (Ιίίςτεεεὶοιιιιιη
994 2692 1037 2719 in-
1054 2703 1061 2709 -

1095 264 1191 289 οικιεῖ·
1210 272 1219 289 ι
1244 264 1303 297 καὶ,
1331 273 1340 289 1
1372 263 1401 290 ’0
1426 263 1667 299 προσκαλούμενος
1695 263 1725 290 τὸ
1745 263 1818 299 ὕδωρ
1837 264 1886 299 τῆς

1096 308 1235 344 Θαλάσσης
1246 317 1252 324 ·
1270 318 1279 335 ›
1297 309 1340 336 ἵνα
1355 309 1419 345 εἴπῃ
1443 310 1507 341 τοὺς
1527 310 1690 342 Ἀσσυρίους
1713 310 1805 337 καὶτὸ
1821 310 1887 344 x171-

1096 353 1160 386 Θοςο
1175 355 1231 387 καὶ,
1252 363 1262 380 1
1289 355 1497 390 Ὑπερασπιστὰ
1512 355 1592 391 ἡμῶν
1609 356 1671 383 ῐδεό
1688 356 1755 388 Θεός
1767 363 1773 370 ·
1797 366 1807 382 ›
1824 356 1884 388 καὶ,

1097 407 1108 426 1
1132 399 1177 426 Ἑν
1188 401 1222 436 τῇ
1236 400 1326 437 σκέπῃ
1338 401 1394 428 τῶν
1404 401 1548 437 πτερύγων
1563 410 1610 428 σου
1636 402 1784 434 σκεπάσεις
1801 409 1836 436 με
1846 409 1854 417 ’
1873 410 1883 427 ι

1096 446 1153 479 καὶ,
1171 456 1181 472 1
1200 447 1272 480 Διεὶς
1284 447 1335 479 τὰς
1347 447 1488 483 πτέρυγας
1509 446 1593 473 αὑτοῦ
1609 447 1718 480 ἐδέξατο
1740 447 1854 479 αὐτούς·
1873 457 1883 474 ι

1095 491 1142 519 καὶ
1159 492 1322 528 ὲναπομένει
1341 492 1380 528 τῷ
1393 491 1590 528 σχηματισμῷ.

1131 625 1208 652 Κατὰ
1222 626 1250 653 δὲ
1265 626 1423 662 παραϐολήν
1441 633 1449 642 ⁸
1465 626 1503 658 ὼς
1517 627 1558 659 τὸ,
1585 635 1594 652 1
1619 626 1810 662 Ἰίγρύπνησα,
1838 626 1886 653 καὶ

1109 670 1229 705 γενόμην
1244 670 1282 702 ὡς
1303 671 1461 706 στρουθίον,
1471 680 1480 697 ι
1491 670 1550 703 καὶ,
1565 679 1574 696 1
1593 671 1636 703 Ὠς
1647 670 1796 706 πρόϐατον.
1817 681 1826 698 ι

1128 760 1209 787 Κατὰ
1225 760 1379 796 σύγκρισιν,
1395 758 1451 786 οἷον
1477 760 1511 787 τὰ
1531 759 1653 795 παρόντα
1680 761 1736 792 τοῖς
1759 759 1888 792 παλαιοῖς

1093 805 1127 831 ἐκ
1144 804 1199 831 τῶν
1213 805 1314 840 ὁμοίων
1331 804 1417 831 ἐθέλει
1432 804 1553 836 εἰκάζειν
1569 812 1576 819 ⁸
1593 804 1642 839 τὴν
1658 804 1704 831 τοῦ
1729 804 1886 840 βαπτίσμα-

1094 859 1141 883 τος
1157 850 1248 886 χάριν,
1262 851 1296 886 τῇ
1313 849 1435 885 Ἐρυθρᾷ
1449 849 1573 886 θαλάσσῃ
1585 856 1593 864 ·
1609 850 1657 876 καὶ
1671 850 1722 884 τὴν
1734 850 1789 876 τῶν
1804 850 1886 876 θείων

1097 896 1257 932 μυστηρίων
1273 896 1437 932 μετάληψιν,
1456 897 1490 932 τῇ
1503 904 1533 922 τε
1550 895 1599 922 τοῦ
1613 896 1702 931 μάννα
1726 895 1824 931 καὶτῷ
1854 896 1887 922 ἐκ

1094 942 1198 976 πέτρας
1213 941 1301 968 ὕδατι.

1129 988 1208 1017 Κατὰ
1219 988 1395 1023 συνεκδοχὴν,
1411 987 1477 1015 ὅταν
1495 987 1550 1015 ἀπὸ
1565 988 1666 1024 μέρους
1680 988 1710 1015 τὺ
1725 988 1784 1015 ’ὁλον
1799 987 1884 1022 δηλοῖ·

1093 1033 1130 1066 ὡς
1145 1033 1185 1068 τδ,
1202 1043 1212 1060 1
1228 1033 1283 1069 Τὴν
1297 1033 1388 1068 ψυχήν
1416 1042 1468 1069 μου
1496 1033 1663 1069 ἐπέστρεψεν
1676 1042 1682 1048 ·
1701 1043 1711 1060 ι
1746 1033 1790 1060 ἴνα
1819 1032 1886 1069 εῐπῃ

1093 1080 1145 1115 ἐμέ
1161 1089 1168 1097 ·
1188 1079 1247 1112 καὶ,
1268 1089 1277 1105 1
1298 1080 1359 1106 Ἔτι
1372 1079 1400 1107 δὲ
1416 1079 1472 1111 καὶ,
1486 1080 1503 1114 ἡ
1516 1079 1584 1115 σάρξ
1601 1088 1652 1115 μου
1675 1078 1886 1113 κατασκηνώσει

1094 1126 1138 1153 ἐπ’
1155 1125 1244 1152 ἑλπίδι
1258 1134 1264 1140 ·
1287 1134 1297 1151 ι
1313 1125 1375 1151 ἀντὶ
1386 1125 1443 1157 τοῦ,
1466 1124 1524 1160 ἐγώ
1542 1133 1550 1140 ·
1566 1125 1622 1158 καὶ,
1641 1134 1650 1150 1
1691 1125 1738 1151 Ἐκ
1764 1124 1885 1160 γαστρὸς

1094 1171 1148 1206 πρὸ
1162 1171 1302 1206 ἑωσφόρον
1322 1170 1458 1205 ὲγέννησά
1483 1178 1513 1196 σε
1528 1179 1535 1186 ·
1555 1179 1564 1196 ι
1595 1170 1666 1204 ἀντὶ,
1684 1179 1694 1195 1
1715 1169 1769 1205 πρὸ
1794 1169 1886 1205 πάσης

1092 1217 1143 1252 τῆς
1157 1217 1285 1247 κτίσεως.
1310 1227 1320 1243 ›

1128 1262 1208 1290 Κατὰ
1226 1262 1388 1298 ὑπόδειγμα,
1413 1263 1477 1289 ὅταν
1507 1263 1543 1289 τὰ
1563 1261 1688 1297 πρακτέα
1723 1262 1757 1288 δι’
1783 1262 1886 1298 ὁμοίων

1093 1309 1174 1336 τινῶν
1187 1308 1345 1335 ὑποτίθεται
1357 1315 1364 1323 ‘
1385 1306 1451 1341 οἷον,
1465 1317 1474 1334 1
1495 1308 1585 1343 Ἔγνω
1601 1307 1664 1343 βοῦς
1679 1308 1723 1334 τόν
1737 1308 1886 1344 κτησάμε-

1093 1364 1139 1382 νον
1151 1363 1159 1371 ο
1178 1364 1188 1381 ι
1207 1355 1265 1388 καὶ,
1281 1364 1290 1381 1
1312 1355 1345 1382 Ἦ
1364 1354 1444 1382 ἀσίδα
1459 1355 1488 1380 ὲν
1500 1353 1538 1389 τῷ
1562 1353 1669 1389 οὐρανῷ
1683 1353 1754 1388 ἔγνω
1768 1355 1815 1381 τὸν
1822 1362 1886 1380 και-

1095 1401 1142 1436 ρὸν
1162 1402 1247 1436 αὐτῆς
1264 1409 1270 1418 ·
1282 1411 1291 1428 ι
1309 1393 1392 1434 καὶη
1413 1399 1573 1436 Ἄνθρωπός
1587 1408 1629 1432 τις
1643 1399 1838 1435 οἰκοδεσπότης
1849 1407 1858 1414 ·
1873 1409 1884 1426 ι

1094 1445 1152 1478 καὶ,
1170 1454 1180 1470 1
1199 1444 1360 1480 ’Δνθρώπου
1375 1445 1448 1476 τινὸς
1461 1445 1601 1472 πλουσίου.
1622 1454 1633 1471 ι

1127 1586 1206 1613 Κατὰ
1220 1587 1402 1622 μετωνυμίαν,
1417 1586 1480 1613 ὅταν
1492 1586 1508 1622 ἦ
1519 1586 1573 1613 ἀπὸ
1582 1585 1637 1613 τῶν
1648 1585 1829 1621 περιεχόντων
1853 1585 1888 1612 τᾶ

1092 1633 1285 1668 περιεχόμενα,
1295 1633 1312 1669 ἢ
1321 1633 1434 1660 ἁπδτῶν
1442 1633 1588 1660 οἰκούντων
1600 1633 1634 1659 τὰ
1653 1632 1802 1667 οἰκούμενα
1820 1640 1888 1666 μετ-

1094 1678 1224 1713 ονομάζει
1235 1678 1283 1705 καὶ
1291 1678 1344 1705 ὰπὸ
1356 1679 1406 1714 μὲν
1419 1679 1475 1705 τῶν
1485 1678 1667 1714 περιεχόντων
1678 1678 1712 1705 τὰ
1724 1677 1888 1713 περιεχόμε-

1093 1731 1126 1750 να
1141 1731 1148 1738 ·
1158 1723 1196 1755 ὡς
1211 1723 1252 1756 τὸ,
1269 1732 1279 1750 1
1302 1724 1358 1750 Kal.
1374 1723 1403 1750 τὸ
1415 1723 1546 1760 ποτήριόν
1555 1732 1602 1750 σου
1616 1723 1751 1758 μεθύσκον
1772 1731 1806 1757 με
1819 1722 1888 1748 ὡσεὶ

1093 1770 1239 1805 κράτιστον
1251 1777 1259 1785 ·
1283 1779 1292 1796 ι
1310 1769 1367 1802 καὶ,
1386 1778 1395 1795 1
1419 1769 1672 1803 Ὀλολύζετε,πλοῖα
1685 1767 1885 1803 Καρχηδόνοςί

1092 1817 1141 1844 καὶ
1156 1827 1164 1843 1
1182 1817 1219 1844 Τὸ
1236 1817 1365 1852 ποτήριον
1378 1816 1427 1852 τῆς
1455 1816 1574 1852 ἀδελφῆς
1590 1825 1638 1843 σου
1657 1815 1750 1842 πίεσαι
1768 1823 1774 1829 ·
1795 1823 1805 1840 ι
1832 1813 1888 1840 ἀπὸ

1092 1863 1121 1891 ὁὶ
1133 1863 1187 1890 τῶν
1200 1862 1346 1890 οἰκούντων
1363 1861 1399 1889 τὰ
1415 1861 1562 1898 οἰκούμενα
1575 1870 1582 1877 ·
1603 1861 1641 1894 ὠς
1661 1861 1703 1893 τὺ,
1735 1869 1744 1886 1
1758 1860 1887 1895 Προσκα-

1092 1909 1203 1935 λέσεται
1224 1908 1269 1935 τὸν
1298 1907 1412 1942 οὐρανὸν
1444 1907 1520 1935 ἄνω·
1539 1907 1620 1939 ικαὶ,
1659 1915 1668 1932 1
1693 1905 1886 1941 Ἰερουσαλὴμ,

1099 1954 1291 1990 Ἰερουσαλὴμ,
1305 1955 1322 1988 ἡ
1335 1953 1540 1981 ἀποκτείνουσα
1554 1953 1619 1985 τοὺς
1633 1952 1808 1988 προφήτας-ι
1827 1951 1888 1984 καὶ,

1097 2010 1116 2036 ι,
1123 1999 1317 2035 Ἀγαλλιᾶσϐε,
1327 2000 1407 2035 νῆσοι
1416 1999 1525 2027 πολλαί.
1539 2008 1549 2026 1

1129 2103 1209 2131 Κατὰ
1226 2102 1389 2137 άντίφρασιν
1404 2101 1456 2136 (9),
1476 2102 1541 2129 ὅταν
1556 2101 1591 2128 δι’
1606 2100 1729 2128 ἐναντίου
1747 2099 1780 2126 τὸ
1807 2100 1887 2126 ἐναν-

1093 2149 1150 2175 τίον
1160 2148 1234 2183 δηλοῖ
1249 2156 1257 2164 ο
1270 2144 1384 2181 οἷον,«Εὶ
1395 2148 1449 2183 μὴν
1465 2148 1504 2179 εἰς
1516 2146 1698 2183 πρόσωπόνσε
1709 2144 1863 2179 εὐλογήσει.
1874 2153 1885 2171 ι

1095 2194 1155 2220 ἀντὶ
1170 2193 1230 2227 τοῦ,
1243 2193 1467 2228 ,βλασφημήσῃ
1482 2202 1490 2209 ’
1510 2193 1569 2225 καὶ,
1585 2201 1595 2218 1
1612 2192 1750 2227 Εύλόγησε
1763 2190 1831 2217 Θεὸν
1838 2190 1888 2217 καὶ

1060 2236 1081 2263 D
1095 2238 1227 2274 βασιλέα·
1250 2247 1259 2264 ›
1279 2239 1340 2265 ἀντὶ
1369 2237 1429 2270 τοῦ,
1457 2238 1591 2272 ὕϐρισεν,
1623 2236 1800 2264 ἐκάκωσεν·
1824 2236 1886 2269 καὶ,

1096 2294 1105 2311 1
1122 2285 1184 2312 Ὅτι
1199 2284 1356 2317 δεδόξασται
1376 2285 1390 2311 ό
1417 2283 1560 2319 βασιλεύς·
1580 2292 1589 2309 ι
1611 2283 1668 2316 καὶ,
1701 2291 1710 2308 1
1730 2281 1888 2317 Εὐφραινό-

1095 2338 1175 2365 μενος
1191 2329 1261 2356 ἔστω
1275 2329 1289 2356 ό
1301 2329 1444 2364 ἄνθρωπος
1459 2329 1574 2360 ἐκεῖνος.
1595 2337 1604 2353 ›

1127 2418 1206 2445 Κατὰ
1221 2416 1399 2452 περίφρασιν,
1413 2417 1478 2444 ὅταν
1492 2418 1549 2449 τοῖς
1564 2417 1597 2444 δι’
1621 2416 1720 2452 όλίγων
1750 2416 1889 2451 ἐκφωνεῖ-

1091 2463 1155 2490 σθαι
1172 2463 1331 2498 δυναμένοις
1343 2463 1392 2499 τὴν
1406 2463 1450 2490 διὰ
1465 2463 1598 2490 πλειονων
1614 2463 1716 2498 φράσιν
1735 2462 1886 2498 περιτίθη-

1091 2518 1133 2536 σιν
1143 2518 1150 2525 ·
1164 2507 1230 2540 οἷον,
1248 2518 1257 2534 1
1277 2509 1333 2537 Καὶ
1350 2509 1405 2536 ἰδοὺ
1420 2509 1577 2544 ἀλλόφυλοι,
1586 2509 1634 2536 καὶ
1647 2508 1747 2545 Τύρος,
1760 2509 1808 2535 καὶ
1820 2508 1888 2540 λαὸς

1089 2555 1142 2582 τῶν
1168 2555 1317 2588 Αἰθιόπων,
1335 2551 1408 2582 οὗτοι
1422 2555 1610 2591 ἐγεννήθησαν
1625 2555 1693 2582 ἐκεῖ.
1711 2564 1721 2581 ι

1126 2602 1205 2630 Κατὰ
1218 2601 1459 2636 ἀνακεφαλαίωσιν
1473 2602 1524 2628 εἰτ’
1540 2599 1589 2628 οὖν
1600 2600 1787 2635 ὲπανάληψιν,
1815 2600 1885 2627 ὅταν

1093 2647 1126 2674 τὰ
1140 2647 1185 2673 διὰ
1202 2646 1333 2673 πλειόνων
1346 2646 1477 2678 ποικίλως
1493 2645 1686 2681 εἰσηγηθέντα,
1699 2644 1742 2671 διὰ
1761 2644 1813 2679 τὴν
1830 2643 1889 2670 ὰπδ

1092 2694 1142 2728 τῆς
1158 2693 1212 2719 τῶν
1243 2691 1442 2728 παρεκϐάσεων
1472 2690 1632 2726 ἀνωμαλίας
1663 2690 1826 2725 δυσχέρειαν
1855 2689 1887 2715 ἐν

827 2767 940 2796 DAVID.
960 2769 1157 2798 HOESCHELII
1181 2769 1298 2798 NOTA‘Z.

284 2850 322 2883 (εδ)
344 2850 410 2876 Κιιτ’
427 2849 616 2883 ἁνιὶςμισιν,
637 2847 765 2882 Exempla
785 2848 862 2883 plura
887 2849 1027 2883 suppa-lita

1102 2850 1215 2885 August.
1232 2850 1279 2876 lib.
1295 2849 1392 2876 Contra
1410 2847 1582 2880 mendacium,
1617 2846 1649 2874 ad
1690 2845 1882 2875 COIISCIIIIIIID.

249 2891 298 2918 (tu;
328 2887 367 2911 to.
