2041 3159
155 167 225 199 1305
697 171 860 202 ISAGOGE
881 172 921 202 IN
939 172 990 202 SS.
1006 173 1252 202 SCRIPTUR.\S.
1716 170 1786 204 1306

151 222 253 256 ὀλίγοις
270 217 349 252 αὖθις
374 220 570 258 διεξέρχεται·
595 223 633 255 ὡς
664 225 677 250 ὁ
708 224 812 260 Μωσῆς
845 233 939 260 φησιν,

994 225 1157 260 aequalitate,
1176 234 1222 260 per
1237 225 1365 260 pauciora
1386 226 1484 252 iterum
1501 229 1690 260 exponuntur,
1710 227 1782 254 sicut

156 277 166 294 ι
182 267 257 302 Δΰτη
279 269 296 303 ἡ
314 266 406 302 βίελος
429 268 564 302 γενέσεως
592 269 706 305 οὐρανοῦ
726 279 755 297 τε
780 270 828 297 καὶ
846 271 908 306 γῆς.
930 280 940 296 1

151 313 273 339 Τοιαῦτα
287 312 334 339 καὶ
348 313 377 339 ὲν
391 313 451 344 ταῖς
474 313 639 348 Βασιλεζαις,
673 315 720 342 καὶ
745 316 774 342 ὲν
800 315 839 351 τῷ
860 316 944 343 ’Λπορ

153 358 253 393 στόλῳ.

187 404 268 430 Κατὰ
290 404 456 441 ἀπόχρησιν,
489 405 555 432 ὅταν
591 408 624 441 τῇ
646 406 748 441 ἑτέρων
771 408 945 443 προσηγορίᾳ

151 450 200 475 καὶ
214 450 243 475 ὲν
257 450 362 486 ἑτέροις
370 451 546 486 καταχρᾶται
559 459 565 466 ·
586 450 664 487 [οἷον]
679 452 717 484 ὡς
732 452 773 483 τὸ,
794 461 803 478 1
822 453 944 485 Φύλαξόν

153 503 197 529 με,
207 494 349 530 Κύριε,ιῦ,ῖ
362 496 448 531 κόρην
465 496 606 531 ὀφθαλμοῦ
620 505 626 512 ·
641 506 650 522 1
662 498 717 530 καὶ,
731 507 740 522 1
757 498 802 524 ‘Ev
819 498 860 524 σοὶ
880 499 944 530 τοὺς

151 540 267 576 ἐχθροὺς
278 541 358 576 ήμῶν
371 542 553 577 κερατιοῦμεν
564 550 573 558 ο
597 551 607 568 1
626 543 682 573 καὶ,
693 553 701 569 1
718 543 746 570 ’0
761 543 899 577 στεγάζων
916 544 945 570 ἐν

151 585 231 613 ὕδασι
243 586 276 613 τὰ
288 587 401 622 ὑπερῷα
413 588 497 614 αὐτοῦ
510 596 518 604 ·
532 597 542 614 1
561 589 621 622 καὶ,
633 597 643 614 1
667 589 712 621 Ὠς
727 589 827 625 ὄρθρος
857 589 944 626 χυθή-

152 640 231 658 σεται
246 631 292 658 ὲπὶ
311 631 346 658 τὰ
363 632 414 667 ὅρη
441 632 506 665 λαδς
522 633 606 666 πολὺς
635 634 683 661 καὶ
699 635 809 670 ἰσχυρός
824 643 832 650 ·
854 645 862 661 1
880 636 944 671 περὶ

150 678 202 712 τῆς
218 678 329 713 ἀκρίδος
344 678 445 713 λέγων.

187 767 266 794 Κατὰ
279 769 505 802 προσωποποιιαν
513 769 577 796 ὅταν
586 770 642 796 τισὶ
656 769 711 797 τῶν
723 769 847 805 ἀψύχων,
858 770 945 798 ἐνίοτε

151 812 180 839 δὲ
200 813 247 840 καὶ
261 814 469 847 ἀνυποστάτων,
487 815 623 850 πρόσωπά
636 824 667 842 τε
691 815 739 842 καὶ
754 815 852 850 λόγους
878 816 945 843 ὐπο-

150 859 278 886 τίθεται·
314 860 361 886 ἐπὶ
384 860 434 894 μὲν
462 860 590 896 ἀψύχων·
617 861 655 892 ὡς
680 861 722 893 τδ,
755 871 764 887 1
792 862 945 897 Ἐπάρθητε

151 905 236 932 πύλαι
252 905 358 932 αῑὼνιοι
378 914 385 921 ·
407 915 416 931 1
433 906 490 938 καὶ,
503 916 512 932 1
537 906 570 932 Ol
598 906 710 942 οὐρανοὶ
736 906 894 942 διηγοῦνται
907 915 914 922 ’
932 916 941 932 1
961 901 981 928 Β

151 951 199 978 καὶ
217 961 226 977 1
242 951 418 987 Πορευόμενα
433 951 570 987 ἐπορεύθη
585 951 620 978 τὰ
636 951 703 985 ξύλα
720 959 727 966 ·
745 961 755 978 1
773 952 820 978 ἐπὶ
847 952 876 978 δὲ
890 952 945 979 τῶν

149 997 346 1024 ἁνυποστάτων
358 1004 366 1012 ο
386 996 425 1028 ὡς
439 996 469 1023 τὸ
487 1006 496 1022 1
513 997 678 1032 Δικαιοσύνη
693 997 742 1024 καὶ
767 997 865 1033 εἰρήνη
878 1007 946 1024 κατ-

150 1042 283 1078 εφίλησαν
298 1050 305 1057 ·
338 1051 348 1068 1
379 1043 437 1075 καὶ,
459 1051 468 1068 1
494 1042 624 1069 Ἑκάλεσε
646 1043 696 1077 τὴν
718 1042 798 1078 δίκην
827 1044 855 1070 ὲν
879 1043 947 1079 πυρὶ

149 1088 253 1124 Κύριος
268 1097 275 1105 ι
297 1097 306 1114 1
326 1089 391 1121 καὶ,
407 1097 416 1114 1
435 1088 553 1124 Ἐρῤιῲε
576 1089 623 1116 τὸν
650 1088 722 1115 λίθον
745 1089 786 1121 εἰς
802 1089 832 1115 τὸ
859 1089 947 1124 στόμα

148 1135 199 1169 τῆς
213 1135 331 1169 ἀνομέας
343 1143 350 1150 ·
373 1144 383 1161 1
398 1136 455 1167 ml,
478 1145 487 1160 1
509 1132 621 1170 Εἷπενή
636 1135 727 1169 σοφία,
744 1135 848 1170 Κύριος
865 1135 945 1162 ἐκτι-

151 1181 181 1206 σέ
203 1188 248 1213 με·
268 1189 277 1205 1
293 1179 352 1211 καὶ,
370 1189 378 1204 1
402 1178 472 1212 Ἐγὼ
485 1179 559 1214 ήμην
605 1179 773 1213 προσέχαιρε
786 1178 848 1205 καθ’
877 1178 944 1214 ὴμέ-

150 1232 219 1258 ραν·
241 1234 250 1250 1
265 1225 322 1257 καὶ,
337 1233 347 1250 1
374 1223 556 1259 ’ῼκοδόμησεν
572 1225 655 1259 ἑαυτῇ
676 1221 760 1250 οἷκον.
779 1232 788 1248 1

994 269 1096 304 Moysis
1125 270 1192 297 dicit
1217 279 1223 297 :
1256 281 1264 295 ι
1282 269 1332 297 llic
1363 270 1431 296 liber
1456 270 1641 304 generationis
1665 271 1726 298 εωιί
1756 275 1785 299 et

994 320 1086 343 terrae.
1106 325 1115 342 1
1134 316 1210 343 Talia
1229 321 1256 343 ct
1273 317 1299 343 in
1321 316 1399 343 libris
1415 315 1531 351 Regum,
1546 319 1573 343 et
1591 315 1617 342 in
1634 317 1778 351 Apostolo.

994 359 1081 394 (Gen.
1101 369 1132 394 ιι,
1151 360 1198 394 4.)

1031 405 1189 434 Secundum
1210 407 1326 434 abusum
1351 415 1413 434 cum
1439 407 1557 434 aliorum
1582 415 1683 434 nomen
1705 412 1731 434 et
1756 408 1783 435 in

995 451 1056 479 aliis
1071 451 1183 479 adhibet
1195 451 1283 487 [verbi
1295 451 1396 488 gratia]
1411 460 1418 479 :
1436 462 1444 477 1
1461 452 1573 479 Custodi
1588 460 1642 484 me,
1659 453 1783 484 Domine,

996 502 1026 524 ut
1046 498 1178 532 pupillam
1197 499 1292 528 oculi;
1313 507 1322 523 1
1346 503 1383 529 et,
1407 507 1416 522 ι
1436 498 1464 524 In
1489 503 1514 524 te
1532 499 1659 526 inimicos
1677 503 1785 526 nostros

995 543 1192 579 ventilabintus
1211 551 1313 576 cornu;
1338 552 1347 568 1
1367 547 1404 574 et,
1427 552 1435 568 1
1453 543 1504 576 Qui
1522 543 1590 577 tegis
1608 544 1686 578 aquis
1701 550 1783 578 supe-

996 588 1070 616 riora
1094 588 1174 623 ejus;
1195 598 1204 614 1
1221 594 1256 620 et,
1277 598 1286 614 1
1304 588 1387 622 Quasi
1411 596 1491 616 mane
1506 589 1679 622 expandetur
1702 596 1786 623 super

996 639 1104 661 montes
1119 636 1236 669 populus
1252 635 1354 662 multus
1375 639 1401 662 et
1417 634 1507 664 fortis.
1538 643 1547 659 1
1565 633 1599 660 dc
1616 633 1729 661 locustis
1745 634 1786 660 lo-

995 687 1092 714 quens.
1124 679 1218 715 (Psal.
1246 687 1301 713 xvt,
1328 679 1362 713 8;
1391 687 1469 713 mn,
1497 679 1533 712 6;
1562 687 1627 712 Clll,
1658 679 1694 711 5;
1726 679 1786 705 Joel

996 733 1027 758 ιι,
1043 725 1090 761 2.)

1034 772 1192 800 Secundum
1208 772 1428 807 prosopopcciam
1445 772 1557 806 quando
1573 772 1739 806 quibusdam
1754 779 1788 799 ex

997 817 1168 849 inanimatis,
1191 818 1358 852 quandoque
1381 822 1408 844 et
1423 825 1455 844 ex
1481 817 1514 844 iis
1538 825 1600 851 qum
1617 825 1664 851 per
1679 817 1788 852 excogi-

997 863 1073 890 tandi
1096 864 1150 890 vim
1174 869 1279 890 tantum
1304 864 1461 895 exsistunt,
1487 871 1634 897 personam
1659 868 1686 890 et
1707 863 1787 890 verba

997 910 1146 944 supponit;
1164 910 1198 937 de
1214 910 1383 942 inanimatis,
1402 909 1494 936 sicut;
1516 919 1522 934 1
1545 908 1707 938 Elcvamini.
1725 916 1788 942 por-

997 959 1031 981 tae
1046 955 1205 987 acternalcs;
1223 964 1231 980 1
1248 959 1284 984 et.
1301 964 1310 979 1
1327 954 1397 982 Galli
1412 958 1561 987 enat-rant;
1580 963 1588 979 1
1606 958 1641 985 et,
1660 962 1668 978 1
1686 953 1788 980 Eunles

998 999 1088 1026 ierunt
1106 999 1189 1034 ligna.
1211 1009 1220 1025 1
1252 1000 1289 1027 De
1319 1000 1352 1027 iis
1370 1007 1431 1034 quae
1457 1007 1506 1034 per
1530 999 1703 1034 excogitandi
1732 998 1786 1024 vim

997 1049 1103 1071 tantum
1122 1045 1273 1077 exsistunt,
1295 1045 1389 1073 sicut:
1409 1055 1418 1071 1
1437 1044 1547 1072 Justitia
1566 1049 1593 1072 et
1611 1051 1661 1079 pax
1676 1043 1786 1071 oscula-

999 1095 1032 1117 ιω
1045 1095 1128 1124 sunt;
1149 1100 1158 1116 1
1181 1095 1219 1123 et,
1244 1100 1253 1116 1
1271 1090 1393 1118 Vocabat
1410 1090 1545 1125 judicium
1569 1089 1603 1116 ad
1629 1089 1717 1124 ignem
1736 1089 1788 1115 Do-

998 1134 1108 1165 minus;
1130 1144 1140 1160 1
1158 1140 1195 1168 et,
1215 1144 1224 1160 1
1245 1135 1319 1162 Misit
1342 1134 1459 1169 lapidem
1485 1134 1512 1160 in
1536 1141 1567 1161 os
1592 1133 1753 1167 impietatis.
1773 1142 1783 1158 1

997 1179 1042 1212 Et,
1068 1189 1077 1205 1
1097 1181 1170 1208 Dixit
1197 1180 1332 1216 sapientia
1348 1190 1355 1208 :
1373 1179 1506 1207 Dominus
1530 1180 1654 1214 possedit
1678 1186 1742 1211 me;
1774 1188 1784 1204 1

996 1229 1032 1257 et,
1047 1234 1056 1250 ι
1072 1225 1128 1260 Ego
1145 1234 1220 1253 eram
1234 1226 1278 1253 cui
1290 1225 1476 1253 delectabatur
1487 1233 1535 1260 per
1548 1224 1672 1259 singulos
1685 1223 1759 1256 dies;
1775 1232 1785 1248 1

149 1278 187 1304 ιι,
226 1282 236 1298 1
254 1272 411 1300 Ediﬁcavit
437 1273 489 1300 sibi
516 1273 640 1300 domum.
657 1281 666 1298 1
696 1271 792 1307 (Psal.
818 1279 897 1304 xxm,
918 1272 951 1306 7;
971 1280 1050 1304 mn.
1082 1275 1116 1307 ‘1;
1135 1274 1226 1302 Judic.
1252 1282 1289 1306 Ix,
1314 1274 1346 1307 8;
1366 1281 1475 1305 Lxxxrv,
1499 1273 1546 1305 ll;
1582 1272 1660 1299 Amos
1680 1280 1728 1304 vn,
1751 1272 1786 1303 4;

150 1320 234 1348 Zach.
250 1328 276 1354 ν,
292 1320 327 1353 8-,
343 1319 424 1346 Prov.
442 1327 500 1352 vni,
517 1318 561 1353 l2,
578 1319 614 1346 22
627 1339 634 1352 ,
649 1319 706 1355 50.)
722 1332 725 1333 ν

186 1367 266 1394 Κατὰ
278 1365 479 1401 σχηματισμὸν,
506 1366 571 1392 ὅταν
598 1365 632 1392 τὰ
655 1364 726 1391 αὐτὰ
753 1367 942 1401 σχηματοποιῇ

150 1411 220 1447 πρὸς
233 1412 283 1447 τὴν
296 1411 350 1438 τῶν
364 1411 536 1446 πραγμάτων
552 1411 692 1446 ὑφήγησιν
706 1417 713 1425 '
727 1410 764 1442 ὡς
777 1411 817 1443 τὸ,
838 1420 847 1437 1
865 1412 943 1446 Πιρ-

150 1457 218 1491 έστη
250 1457 268 1492 ή
284 1456 431 1491 βασίλισσα
455 1457 488 1482 ὲκ
504 1456 600 1489 δεξιῶν
618 1464 665 1482 σου
679 1462 685 1469 ·
706 1464 715 1481 ι
735 1457 792 1489 καὶ,
827 1466 835 1482 1
854 1457 942 1483 Ποτα-

151 1502 199 1538 μοὶ
220 1503 385 1538 κρατήσουσι
401 1503 473 1538 χειρὶ
493 1502 540 1528 ἐπὶ
553 1502 584 1528 τὸ
605 1502 691 1528 αὐτόο
708 1511 718 1527 1
741 1502 799 1535 καὶ,
811 1511 821 1528 1
838 1503 870 1529 Οἱ
895 1511 945 1538 μα-

151 1547 210 1575 σοοῑ
225 1557 272 1575 σου
292 1548 508 1584 ἀνωρθώθησαν,
530 1548 578 1575 καὶ
608 1549 625 1584 ὴ
641 1548 702 1584 θρίξ
728 1556 775 1575 σου
801 1548 941 1575 ἀνέτειλε·

151 1595 184 1622 σὺ
209 1594 238 1621 δὲ
251 1593 323 1630 ἦσθα
345 1594 437 1630 γυμνὴ
467 1593 513 1621 καὶ
534 1594 728 1630 ἀσχημονοῦσα
740 1602 749 1610 ⁸
763 1605 772 1621 1
786 1594 923 1630 μασθοὺς
935 1603 942 1610 ο

149 1639 379 1675 καταχρηστικῶς
394 1640 429 1666 τὰ
444 1639 498 1674 ὄρη
514 1639 642 1674 λέγουσα,
656 1640 710 1667 ἀπὸ
723 1640 773 1666 τοῦ
787 1640 944 1675 σχήματος

149 1685 230 1722 τρίχα
246 1686 284 1717 δὲ,
297 1686 346 1721 τὴν
359 1687 407 1721 τῆς
415 1686 468 1721 γῆς
480 1685 611 1720 εὐφορίαν
623 1694 630 1701 ·
647 1686 849 1718 κατασκευάζει
859 1686 888 1713 δὲ
897 1687 944 1713 καὶ

150 1733 204 1760 ἀπο
222 1732 393 1768 πραγμάτων
414 1731 616 1767 σχηματισμὸν,
634 1731 672 1763 ὡς
696 1732 725 1758 ἐν
739 1733 772 1767 τῇ
804 1732 876 1758 κατὰ
897 1732 943 1759 τὸν

151 1779 289 1813 μακάριον
310 1777 370 1804 Ἰὼϐ
384 1777 531 1804 ὑποθέσει·
547 1775 604 1804 οἷον
618 1776 659 1810 τὸ,
677 1788 686 1804 1
706 1777 884 1813 Παραστῆναι
898 1778 943 1804 τδν

148 1823 274 1852 διάϐολον
290 1824 407 1851 ἐνώπιον
431 1823 479 1850 τοῦ
495 1823 576 1850 Θεοῦ.
598 1831 608 1848 1

187 1870 266 1897 Κατὰ
275 1869 452 1905 ἀλληγορίαν,
468 1869 533 1895 ὅταν
547 1869 581 1895 τὰ
596 1868 700 1903 ἄπειρα
714 1867 802 1903 πλήθη
821 1869 942 1904 συνεχῶς

152 1917 181 1943 Ἴ
190 1917 256 1943 δατα
271 1916 351 1952 λέγῃ,
367 1915 415 1942 καὶ
429 1915 480 1950 τὴν
496 1914 600 1941 τούτων
612 1914 708 1949 ἔφοδον
729 1914 923 1950 κατακλυσμόν
933 1923 940 1930 ·

1035 1365 1192 1393 Secundum
1209 1366 1352 1399 ﬁguratam
1375 1365 1537 1397 orationem,
1563 1365 1672 1398 quando
1687 1363 1785 1391 eadem

997 1411 1096 1446 ﬁgurat
1118 1417 1215 1446 prtetcr
1231 1419 1322 1438 rerum
1339 1411 1536 1442 narrationem,
1553 1411 1642 1437 sicut:
1662 1419 1672 1435 1
1697 1410 1786 1437 \stitit

984 1457 1091 1492 .regina
1117 1465 1132 1484 a
1157 1457 1263 1484 dextris
1288 1457 1361 1489 tuis;
1381 1466 1390 1482 1
1415 1460 1451 1488 et,
1479 1465 1487 1481 1
1506 1455 1633 1483 Flumina
1658 1455 1787 1490 paudcnt

998 1510 1082 1530 manu
1099 1503 1131 1530 de
1152 1503 1259 1534 eodem,
1281 1512 1289 1528 1
1317 1507 1353 1534 et,
1381 1512 1390 1528 1
1408 1502 1499 1529 Ubera
1518 1507 1562 1528 tua
1582 1501 1785 1531 intumuerunt.

996 1553 1023 1576 et
1046 1548 1117 1583 pilus
1140 1553 1203 1576 tuus
1218 1548 1399 1583 germinavit;
1423 1552 1451 1574 et
1466 1555 1528 1574 eras
1550 1547 1623 1574 nuda
1641 1549 1668 1573 et
1689 1546 1786 1573 confu-

996 1594 1074 1622 sione
1089 1593 1168 1629 plena
1184 1603 1190 1621 :
1213 1603 1222 1620 1
1241 1593 1320 1620 ubera
1335 1601 1383 1628 per
1397 1593 1577 1620 catacl-resim
1594 1597 1693 1618 montes
1707 1591 1786 1625 dicit,

995 1647 1010 1667 a
1029 1639 1128 1672 forma,
1145 1640 1228 1674 pilum
1244 1647 1308 1666 vero
1325 1639 1494 1667 fertilitatem
1514 1644 1593 1666 terra:
1608 1648 1614 1665 :
1635 1643 1663 1665 et
1678 1643 1755 1673 parat
1769 1645 1785 1665 a

996 1685 1080 1712 rebus
1096 1684 1241 1719 ﬁguratam
1259 1684 1426 1717 orationem,
1444 1685 1518 1712 sicut
1531 1685 1558 1712 in
1573 1688 1735 1718 argumento
1751 1684 1787 1712 de

995 1731 1075 1758 beato
1089 1730 1150 1762 Job.
1167 1738 1276 1765 nempe,
1299 1740 1308 1756 1
1330 1731 1460 1758 Astitisse
1476 1730 1559 1758 Satan
1580 1738 1673 1758 coram
1691 1730 1787 1757 Domi-

994 1786 1040 1805 no.
1061 1787 1070 1803 1
1095 1777 1191 1811 (Psal.
1217 1785 1290 1809 κων,
1317 1777 1368 1811 l0;
1396 1785 1479 1811 xcv",
1497 1777 1532 1811 8;
1559 1777 1655 1804 [ἔχει-11.
1673 1785 1731 1809 va,
1751 1777 1785 1810 7;

993 1823 1044 1850 Job
1064 1831 1083 1856 1,
1100 1823 1148 1858 6.)

1030 1869 1187 1897 Secundum
1200 1868 1358 1904 allegoriam
1370 1889 1377 1901 ,
1394 1868 1505 1903 quando
1522 1868 1644 1896 inﬁnitas
1658 1867 1787 1895 multitu-

993 1915 1072 1943 dines
1088 1919 1220 1950 perpetuo
1240 1922 1326 1949 aquas
1340 1919 1438 1946 vocat,
1461 1919 1488 1940 ct
1511 1913 1607 1940 borum
1638 1912 1785 1939 transitum

149 1964 198 1990 καὶ
216 1963 256 1994 τὸ,
273 1972 283 1989 ‹
302 1964 398 1989 Ἔσται
414 1963 451 1994 ὡς
465 1963 495 1989 τὸ
509 1962 587 1994 ξύλον
603 1962 648 1988 τὸν
681 1963 887 1998 πεφυτευμένον
903 1971 910 1978 ·
929 1972 939 1988 ›

994 1961 1224 1991 inundationem;
1240 1966 1267 1988 et
1278 1980 1285 1992 ,
1307 1969 1316 1986 1
1334 1960 1392 1987 Erit
1408 1960 1480 1988 sicut
1496 1960 1600 1994 lignum
1620 1959 1693 1993 quod
1706 1959 1786 1993 plan-

150 2008 220 2035 καὶὸ
239 2008 400 2040 ’Λπόστολος
415 2007 465 2043 τὴν
481 2008 570 2043 ’Ἅγαρ
589 2007 747 2043 ἀλληγορεῖ.

994 2010 1080 2033 latum
1104 2010 1156 2033 ομι.
1173 2016 1182 2032 1
1218 2006 1250 2033 Et
1283 2005 1431 2040 Apostolus
1453 2006 1526 2040 Agar
1557 2012 1606 2039 per
1624 2003 1784 2039 allegoriam

992 2052 1071 2079 citat.
1086 2057 1094 2087 t
1109 2051 1185 2078 Psal.
1204 2060 1231 2084 ι,
1252 2053 1282 2084 3;
1301 2051 1390 2079 Galut.
1412 2058 1449 2084 Iv,
1464 2050 1522 2086 ‘24.)

185 2097 254 2124 Καθ’
269 2097 424 2133 ὑπερϐολὴν
440 2096 506 2132 (10),
525 2097 590 2123 ὅταν
605 2096 644 2128 εις
665 2096 750 2123 πολλὰ
765 2096 870 2130 μείζονι
896 2097 942 2124 κέ-

1029 2097 1186 2125 Secundum
1207 2097 1376 2132 hyperbolen
1397 2096 1508 2132 quando
1529 2095 1556 2122 in
1574 2095 1669 2122 multis
1687 2094 1785 2129 majori

149 2152 249 2180 χρηται
261 2143 299 2178 τῷ
309 2144 358 2178 τῆς
369 2144 532 2178 ὑφηγήσεως
548 2143 660 2178 μεγέθει
674 2143 750 2178 παρὰ
762 2143 796 2169 τὰ
809 2143 942 2178 γινόμενα

994 2145 1077 2171 utitur
1100 2151 1156 2179 pra:
1181 2144 1350 2172 narrationis
1379 2143 1515 2178 gravitate
1542 2150 1592 2178 pro
1619 2141 1698 2169 lactis
1725 2141 1787 2169 sive

149 2190 167 2226 ἢ
194 2190 371 2226 προσόντα,ἢ
387 2189 552 2224 ἐνδεχόμενα
565 2197 571 2204 ·
595 2189 633 2219 ὡς
645 2189 685 2221 τὸ,
706 2198 714 2212 ι
735 2189 940 2217 ’Λναὸαίνουσιν

994 2191 1205 2224 excedentibus,
1230 2191 1288 2218 sive
1311 2189 1509 2224 possibilibus;
1534 2189 1627 2216 sicut:
1646 2198 1656 2214 ι
1677 2188 1784 2215 Ascen-

151 2239 203 2268 ἓως
217 2236 272 2263 τῶν
289 2235 415 2271 οὐρανῶν
431 2243 439 2252 ⁸
461 2235 526 2271 περὶ
539 2235 595 2263 τῶν
608 2235 841 2271 ναυτιλλομένωνο
859 2245 869 2262 1
882 2237 938 2270 καὶ,

994 2237 1061 2264 dunt
1075 2245 1162 2272 usque
1177 2237 1210 2263 ad
1227 2236 1322 2269 coclos,
1338 2236 1371 2263 de
1386 2235 1595 2271 navigantibus;
1608 2243 1617 2260 1
1635 2238 1662 2261 et
1674 2253 1681 2266 ,
1706 2243 1715 2259 1
1731 2233 1785 2260 Ve-

152 2293 161 2308 1
179 2283 251 2318 Πλὴν
267 2283 281 2309 ό
296 2282 362 2314 Θεὸς
379 2281 525 2309 συνθλάσει
549 2281 672 2316 κεφαλὰς
686 2282 793 2318 ἐχθρῶν
810 2282 893 2310 αὑτοῦ
904 2292 910 2299 ·
926 2293 937 2310 1

994 2287 1147 2310 rumtamen
1163 2281 1234 2309 Deus
1248 2282 1401 2316 confringet
1428 2281 1517 2316 capita
1535 2280 1708 2307 inimicorum
1721 2286 1785 2306 suo-

149 2329 208 2361 καὶ,
225 2338 234 2355 1
253 2328 348 2356 Δούσω
363 2328 426 2355 καθ’
442 2329 561 2364 ἑκάστην
570 2327 654 2354 νύκτα
669 2327 719 2363 τὴν
729 2328 824 2363 κλίνην
841 2337 892 2364 μου
903 2337 911 2346 ⁸
926 2339 936 2356 ›

994 2335 1072 2361 rum;
1089 2337 1099 2354 1
1122 2332 1149 2355 et
1162 2348 1169 2361 ,
1195 2337 1202 2352 1
1222 2326 1332 2354 Lavabo
1353 2334 1401 2361 per
1418 2326 1544 2361 singulas
1567 2330 1662 2352 noctes
1681 2325 1786 2352 lectum

149 2374 207 2406 καὶ,
226 2383 236 2400 1
253 2373 294 2400 Τὰ
306 2374 359 2410 ὅρη
373 2374 540 2410 ἐσκίρτησαν
554 2371 620 2400 ὠσεὶ
643 2373 737 2408 κριοί·
754 2382 764 2400 1
781 2374 840 2408 καὶ,
870 2383 882 2401 ‹
897 2374 938 2402 Τὰ

994 2381 1094 2407 meum,
1110 2383 1119 2399 1
1137 2378 1173 2405 et,
1186 2382 1195 2398 1
1209 2372 1315 2400 Montes
1326 2372 1535 2399 exsultaverunt
1549 2377 1579 2398 ut
1594 2371 1706 2403 arietes,
1720 2380 1728 2396 1
1744 2375 1782 2402 et,

149 2420 216 2452 ξύλα
233 2420 280 2447 τοῦ
300 2420 388 2456 ἀγροῦ
420 2420 602 2456 ὲπικροτήσει
621 2421 677 2451 τοῖς
694 2419 818 2452 κλάδοιςο
841 2428 852 2447 1
878 2422 937 2453 καὶ,

150 2477 161 2494 1
178 2467 376 2502 Εὐκοπώτερον
393 2467 453 2493 ὲστι
473 2467 614 2501 κάμηλον·
633 2466 698 2492 »καὶ
713 2466 776 2501 περὶ
794 2466 845 2500 τῆς
856 2466 937 2502 ἀκρε-

147 2513 281 2546 δος,‹”οτι
298 2513 374 2544 ἔθνος
395 2513 481 2548 ἀνέϐη
494 2513 541 2539 ἐπὶ
556 2512 604 2548 τὴν
621 2511 672 2548 γῆν
689 2520 740 2547 μου
766 2512 886 2547 ἰσχυρὸν,
912 2513 938 2539 οι

147 2559 254 2591 ὀδόντες
269 2559 351 2586 αὑτοῦ
363 2560 470 2590 ὀδόντες
484 2559 591 2590 λέοντος
605 2566 612 2572 ·
634 2567 643 2584 1
679 2558 738 2589 καὶ,
768 2567 777 2583 1
803 2559 936 2593 ’Λπηλλο-

147 2605 304 2641 τριώθησαν
316 2606 342 2631 οἱ
357 2605 516 2640 ἁμαρτωλοῖ
531 2605 586 2632 ἀπὸ
603 2604 712 2639 μήτρας
725 2611 732 2618 ·
758 2612 768 2628 1
787 2604 845 2636 καὶ,
866 2613 874 2630 1
891 2605 937 2640 Μή

147 2651 246 2684 γνώτω
272 2652 288 2685 ή
303 2651 436 2686 ἀριστερά
451 2658 498 2676 σου
514 2650 539 2676 τί
558 2650 630 2676 ποιεῖ
642 2651 658 2684 ἡ
670 2648 746 2681 δεξιὰ
766 2657 812 2676 σου
826 2658 833 2665 ’
854 2659 863 2676 1
880 2651 937 2680 καὶ.

151 2706 161 2722 1
179 2697 209 2723 Εἱ
224 2698 238 2723 ὁ
253 2696 393 2732 ὀφθαλμὸς
407 2697 421 2723 ὁ
438 2695 525 2730 δεξιὸς
538 2695 714 2728 σκανδαλίζει
738 2704 779 2727 σε.
800 2696 874 2730 ἐξελε
890 2698 939 2724 αὐ-

147 2742 208 2769 τόν·
229 2752 238 2768 1
256 2743 314 2774 καὶ,
334 2752 343 2769 1
361 2742 424 2769 Ἐὰν
440 2742 520 2777 ὑμεῖς
536 2742 705 2778 σιωπήσητε,
722 2743 825 2769 οιλίοοι
837 2744 939 2779 κεκρά-

993 2421 1098 2455 1Ligna
1113 2419 1233 2454 regionis
1248 2418 1377 2454 plaudent
1393 2418 1489 2450 ramis,
1503 2427 1512 2443 1
1531 2422 1568 2450 et,
1588 2427 1596 2443 1
1611 2417 1728 2444 Facilius
1741 2421 1784 2444 est

989 2467 1141 2499 camelum;
1171 2473 1181 2490 1
1208 2469 1234 2493 et
1251 2466 1283 2492 de
1306 2465 1431 2497 locusta,
1453 2473 1462 2490 1
1478 2463 1548 2497 Quia
1572 2471 1638 2499 gens
1658 2463 1784 2490 accendit

989 2520 1072 2547 super
1085 2516 1184 2539 terram
1201 2518 1288 2538 meam
1302 2531 1309 2542 ,
1332 2510 1411 2538 fortis
1423 2530 1429 2541 .
1447 2510 1543 2538 dentes
1559 2510 1619 2544 ejus
1641 2514 1670 2536 ut
1685 2509 1786 2536 dentes

990 2559 1076 2586 leonis
1090 2567 1097 2590 ;
1111 2568 1120 2584 1
1141 2563 1186 2589 et,
1207 2567 1216 2584 1
1233 2558 1349 2584 Alienati
1365 2562 1430 2585 sunt
1452 2561 1611 2592 peccatores
1632 2564 1647 2583 a
1663 2556 1752 2584 vulva.
1770 2565 1781 2582 1

991 2605 1036 2636 Et.
1053 2615 1062 2631 1
1078 2604 1185 2632 Nesciat
1200 2605 1312 2632 sinistra
1329 2609 1374 2631 tua
1391 2605 1456 2639 quid
1474 2604 1674 2632 faeiatdextera
1689 2609 1753 2636 tua;
1770 2612 1782 2628 1

991 2656 1031 2684 et,
1055 2660 1064 2677 1
1083 2651 1110 2678 Si
1132 2651 1229 2678 oculus
1254 2654 1318 2678 tuus
1337 2651 1432 2678 dexter
1454 2651 1621 2678 scandalizat
1645 2655 1690 2682 te,
1716 2657 1782 2676 erue

991 2706 1070 2730 eum;
1087 2707 1096 2723 1
1109 2702 1145 2728 et,
1165 2707 1173 2722 1
1187 2697 1214 2724 Si
1228 2705 1278 2724 vos
1293 2697 1445 2729 taeneritis,
1462 2697 1564 2732 lapides
1576 2696 1754 2728 clamabunt;
1769 2705 1781 2720 1

992 2748 1029 2776 et,
1047 2754 1055 2769 1
1071 2743 1126 2770 lota
1149 2751 1233 2770 unum
1259 2748 1306 2770 aut
1329 2751 1400 2771 unus
1417 2752 1504 2779 apex;
1524 2754 1533 2770 1
1548 2748 1591 2776 et,
1611 2753 1621 2769 1
1636 2744 1739 2770 (licium
1756 2746 1785 2769 εἰ

730 2821 842 2850 DAVID.
863 2822 1062 2851 lltESCllELll
1087 2821 1205 2850 NOTIE.

189 2877 246 2909 (ιο)
269 2876 340 2905 Καθ’
367 2877 546 2912 enarratur.
569 2877 671 2905 Deliae
698 2879 753 2913 agit
781 2880 851 2908 idem
878 2881 943 2915 Aug.

994 2881 1084 2916 xposit.
1104 2888 1165 2915 (Ἦν.
1185 2880 1232 2907 ult.
1251 2880 1343 2915 Evaug
1370 2879 1450 2907 Joan.
