2041 3159
284 180 350 213 1319

777 182 978 213 EPIPHANII
995 183 1117 213 CATAN
1120 183 1168 214 EN
1173 183 1233 214 SIS
1244 181 1399 214 DIACONI

1843 181 1911 213 1320

280 237 439 272 sanguinem
456 237 545 264 crucis
560 243 627 269 sum,
643 237 701 265 sive
715 244 777 271 qua:
795 237 821 264 iu
839 241 922 268 terra,
936 238 993 264 sive
1007 245 1060 272 qua

1122 246 1183 268 πον.
1197 239 1226 264 ἐν
1241 237 1347 272 κόσμῳ,
1362 235 1590 269 ἀποκαταλλάξας
1607 234 1640 261 τὰ
1657 235 1746 263 πάντα
1762 235 1802 268 εἰς
1818 236 1916 264 ἑαυτῢν

279 283 305 309 in
322 282 398 309 emlis
422 287 486 309 sunt
505 282 537 309 '°.
561 291 570 307 ι
593 281 615 309 Ο
632 282 778 310 sublimem
807 283 876 309 lianc
895 283 1068 316 praedicatio-

279 328 360 356 nem!
381 328 403 355 0
421 328 632 355 inonarrabilem
650 328 730 356 istam
747 327 983 356 misericordiam!
1004 328 1070 355 Uni-

278 375 385 410 genitus
400 374 485 402 Filius
500 375 546 402 Dei
563 375 654 402 omnia
673 376 700 402 in
712 375 804 410 seipso
824 375 1006 402 reconcilians
1020 382 1068 410 pa-

277 419 394 447 ciﬁcavit
412 427 461 454 per
482 419 643 454 sanguinem
668 419 757 446 crucis
782 426 850 447 sum.
874 419 907 446 Et
931 419 1068 454 quomodo

277 465 387 500 quidam
409 469 470 500 post
490 469 592 492 tantam
622 463 787 492 ineﬂ‘abilem
815 465 1066 492 reconciliationem

277 518 327 538 nos
347 510 404 537 ﬁeri
425 511 547 545 priorum
576 509 772 536 seditiosorum
795 510 970 538 inimicorum
992 509 1067 538 allir-

276 555 368 582 luant?
400 555 542 588 Quomodo
575 559 636 589 post
664 555 747 582 unius
775 560 802 582 et.
826 556 913 584 solius
932 556 989 584 veri
1020 557 1066 584 Dei

276 601 441 636 agnitionem
462 601 577 627 adorare
598 600 670 627 idola
692 600 868 629 Christianos
893 602 985 629 dicere
1004 604 1065 630 ausi

275 651 340 673 sunt
351 646 362 672 ?
373 646 528 673 Praesertim
541 654 602 673 eum
620 646 751 681 propheta
763 647 950 674 onmimodam
966 649 1064 676 horum

275 691 519 719 comminutionem
540 692 743 726 quodammodo
772 692 890 727 clamet,
916 699 944 722 et
966 694 1039 722 dicat
1057 704 1063 723 :

276 747 286 764 ι
310 737 338 765 In
356 737 400 765 die
419 738 463 764 illa
491 737 633 772 apparebit
660 737 802 770 Dominus,
820 743 847 765 et
873 741 1066 769 exterminabit

273 785 339 811 deos
359 784 479 818 gentium
498 788 576 810 terra:
592 792 598 809 :
615 787 642 810 et
656 783 781 810 adorabit
797 791 860 812 eum
875 786 1064 821 unusquisque

273 830 306 856 de
320 829 381 856 loco
396 836 457 861 suo,
474 835 570 856 omnes
584 828 681 856 insulae
693 829 814 863 gentium
830 830 862 857 “.
888 839 896 855 ι
917 830 985 858 Ecce
998 832 1064 859 sub-

273 874 427 901 versionem
442 874 589 905 idolorum.
605 878 632 901 ct
648 874 702 901 Deo
718 874 911 903 celebrandam
925 876 1062 905 adoratio-

272 928 333 947 nem
349 920 384 948 ab
409 927 576 955 unoquoque
594 921 628 947 de
648 920 708 947 loco
734 928 785 948 suo
805 921 970 950 audivimus.
989 923 1064 956 Quo-

271 965 353 993 modo
381 965 464 1001 igitur
496 973 545 993 nos
564 966 610 1000 qui
646 966 698 993 hoc
725 966 852 1001 agimus,
881 967 1063 997 idololatriam

271 1018 398 1039 exercere
415 1011 596 1039 accusamnr?
610 1011 677 1044 Quis
690 1016 782 1039 autem
803 1017 830 1040 et
844 1014 957 1041 omnino
972 1021 1064 1050 posset

270 1057 297 1083 in
311 1057 502 1091 antiquitatem
523 1057 656 1084 idolorum
683 1065 804 1085 errorem
826 1066 958 1087 renovare
982 1068 1064 1095 super

271 1103 395 1130 terram?
409 1102 437 1130 Si
455 1103 527 1130 enim
548 1103 709 1138 nequissimi
727 1103 867 1132 daemones
881 1106 927 1140 qui
943 1113 991 1140 per
1007 1107 1064 1136 haec

270 1151 425 1185 placantur,
447 1149 499 1177 hoc
515 1148 605 1176 facere
624 1154 750 1184 possunt,
776 1151 914 1185 quomodo
941 1160 995 1179 non
1015 1153 1062 1181 de-

270 1200 391 1224 struetur
419 1200 506 1223 totum
537 1195 749 1230 dispensationis
776 1198 949 1231 mysterium.
968 1203 1062 1227 sancta

268 1242 413 1269 manifeste
439 1243 575 1269 clamante
605 1241 745 1276 Scriptura
766 1250 773 1269 :
797 1251 806 1267 ι
829 1242 897 1276 Quia
926 1244 1061 1278 percussit

269 1288 396 1315 initnicos
412 1295 477 1315 suos
497 1287 523 1314 in
539 1287 745 1322 posteriora“?
764 1297 773 1313 ι
797 1286 825 1314 lu
845 1295 899 1323 quo
924 1289 1059 1323 innuitur,

268 1334 332 1369 quia
345 1334 471 1361 Christus
486 1333 567 1360 etiam
581 1333 758 1368 opprobrium
774 1334 971 1368 sempiternum
985 1335 1061 1363 dedit

267 1379 317 1406 eis.
338 1378 388 1411 Qui
414 1379 486 1405 enim
516 1381 604 1412 potest
633 1377 736 1412 aliquid
766 1380 885 1413 operati,
902 1388 955 1407 non
989 1380 1060 1408 inter

268 1430 403 1457 mortuos,
429 1425 475 1452 sed
507 1424 578 1451 inter
601 1423 723 1452 viventes
748 1424 840 1452 adhuc
863 1426 956 1460 procul
975 1427 1059 1455 dubio

266 1471 455 1499 constituitur.
492 1469 636 1503 Quomodo
663 1475 754 1497 autem
788 1475 814 1498 et
845 1472 902 1506 ipse
933 1473 1058 1508 proprios

267 1518 425 1544 confortans
440 1515 601 1550 discipulos,
621 1519 648 1542 et
662 1516 696 1542 ad
709 1523 806 1543 omnes
827 1518 868 1544 vel
894 1518 1058 1552 qualescun-

267 1569 320 1596 que
339 1560 510 1588 dillicultates
525 1559 641 1586 viriliter
657 1559 814 1586 subeundas
835 1559 996 1594 adhortans,
1011 1569 1057 1588 ve-
1071 1576 1092 1604 ο

266 1608 376 1634 ritatem
394 1607 475 1638 dicet,
493 1613 554 1632 cum
585 1611 690 1633 asserat
707 1614 714 1632 :
735 1615 744 1631 ι
764 1605 910 1638 Coutidite,
934 1615 985 1642 ego
1006 1608 1057 1635 νίιτί

267 1653 400 1680 nmndum
418 1653 461 1679 ”?
480 1663 488 1678 ι
511 1652 539 1679 Si
553 1651 626 1678 enim
643 1651 713 1686 quod
730 1651 774 1679 hic
799 1652 898 1680 vicisse
916 1661 944 1680 se
963 1662 1057 1689 repro-

267 1699 360 1731 mittit,
383 1699 435 1725 hoc
460 1698 498 1725 illi
520 1698 665 1725 valuerunt
687 1705 782 1725 rursus
806 1706 852 1733 per
880 1700 1056 1728 rebellionem

266 1744 386 1776 auferre,
402 1751 455 1770 non
474 1744 568 1777 utique
584 1743 635 1770 tale
650 1742 714 1777 quid
732 1743 845 1770 victoria
860 1744 1056 1777 nominabitur.

267 1799 317 1818 nec
336 1791 407 1816 inter
423 1789 504 1816 fortia
519 1789 591 1816 facta
614 1790 867 1817 eounumerabitur.
893 1789 960 1818 Nam
988 1799 1057 1826 quo-

267 1836 349 1864 tnodo
365 1835 480 1862 victoria
494 1835 557 1868 erit,
576 1835 598 1862 si
617 1834 747 1862 liberator
762 1834 916 1871 [liberatos]
933 1836 959 1863 in
977 1837 1056 1864 tinem

267 1883 380 1911 minime
395 1882 559 1914 lucrifaciat,
578 1881 624 1909 sed
651 1881 789 1908 similibus
805 1882 839 1909 ab
859 1883 902 1909 his
918 1883 964 1918 qui
982 1884 1058 1918 prius

266 1929 389 1964 superati
408 1929 526 1959 fuerant,
549 1927 744 1955 luctantiuibus
761 1928 900 1963 redigatur
916 1928 1056 1965 [redigan-

265 1975 342 2011 tur]?
363 1983 457 2003 verum
479 1983 529 2001 nec
547 1974 694 2007 similibus,
713 1974 759 2002 sed
786 1975 964 2004 fortioribus?
988 1976 1056 2004 Nam

265 2020 408 2055 possidere
426 2019 490 2054 quid
519 2023 546 2046 ct
571 2019 694 2053 perdere,
722 2019 781 2053 plus
805 2019 883 2051 inibi,
901 2028 982 2054 quam
1003 2029 1056 2048 non

264 2064 430 2098 acquisitutu
449 2072 502 2090 noti
523 2064 673 2097 possidere,
689 2064 715 2090 in
737 2065 869 2091 rationem
885 2065 1057 2101 imbecillita-

266 2109 301 2135 tis
328 2109 521 2143 repulabitur?
539 2108 625 2135 Porro
648 2108 692 2135 tibi
710 2115 790 2142 putas
811 2110 946 2137 idolorum
970 2116 1057 2141 status

265 2151 414 2188 [stratus]?
429 2153 474 2186 qui
490 2153 539 2179 hoc
554 2152 676 2180 dicentes
692 2154 832 2187 posuistis,
850 2155 938 2183 aiunt.
958 2156 1014 2185 Etsi
1030 2159 1055 2184 in

264 2199 386 2233 antiquis
408 2199 624 2226 (hnmouieorutu
646 2199 812 2234 templorum
835 2200 955 2234 sedibus,
987 2212 1056 2230 non-

1121 282 1169 309 καὶ
1183 283 1398 317 εἰρηνοποιήσας
1413 281 1457 308 διὰ
1474 280 1520 308 τοῦ
1538 281 1655 315 αἵματος
1668 281 1716 308 τοῦ
1730 282 1849 317 σταυροῦ
1866 283 1915 310 αὐ-

1120 327 1178 359 τοῦ,
1192 329 1246 354 εἴτε
1260 328 1295 355 τὰ
1312 328 1359 354 ἐπὶ
1374 328 1425 362 τῆς
1441 328 1493 362 γῆς
1513 327 1568 353 εἴτε
1583 326 1617 353 τὰ
1631 327 1660 353 ἐν
1676 328 1731 358 τοῖς
1748 327 1885 363 οὐρανοῖς.
1902 337 1912 354 ι

1121 372 1154 398 Ὢ
1177 372 1226 399 τοῦ
1247 372 1351 408 ὑψηλοῦ
1368 373 1465 400 τοὺτου
1488 372 1680 408 κηρύγματοςί
1696 369 1718 399 ὦ
1733 373 1782 407 τῆς
1806 373 1914 399 ἀνεκδι-

1119 419 1226 452 ηγήτου
1251 417 1354 453 ταύτης
1378 418 1597 453 φιλανθρωπίας.
1627 417 1656 445 ’0
1680 417 1829 453 μονογενὴς
1853 418 1914 450 Υἱὸς

1118 462 1165 488 τοῦ
1181 463 1248 490 Θεοῦ
1264 464 1298 490 τὰ
1316 463 1405 490 πάντα
1419 464 1461 495 εἰς
1478 463 1576 490 ἑαυτὸν
1595 462 1822 494 ἀποκαταλλάξας
1836 463 1913 499 εἰρη-

1118 507 1249 543 νοποίησε
1272 508 1317 535 διὰ
1333 508 1380 535 τοῦ
1397 508 1515 543 αἵματος
1538 507 1587 534 τοῦ
1605 507 1724 542 σταυροῦ
1741 506 1824 534 αὐτοῦ
1835 514 1841 520 ·
1867 509 1914 533 καὶ

1118 553 1177 585 πῶς
1199 562 1272 586 τινες
1292 553 1362 589 μετά
1381 553 1431 589 τὴν
1444 553 1580 588 τοσαύτην
1601 553 1788 589 ἀνέκφραστον
1813 552 1913 579 καταλ-

1117 600 1214 637 λαγὴν,
1246 601 1299 628 ὑπὸ
1322 596 1402 637 χεῖρα
1425 601 1480 627 τῶν
1502 601 1587 628 πάλαι
1613 600 1784 627 στασιαστῶν
1807 600 1913 636 ἐχθρῶν

1117 648 1191 683 ἡμᾶς
1204 647 1333 683 γενέσθαι
1344 647 1576 683 διῖσχυρίζονται;
1592 647 1651 678 πῶς
1664 647 1733 682 μετὰ
1748 647 1798 682 τὴν
1813 647 1853 678 εἰς
1867 646 1912 673 τὸν

1116 693 1164 719 ἕνα
1193 694 1242 720 καὶ
1268 693 1348 728 μόνον
1372 692 1500 728 ἀληθινὸν
1521 692 1588 719 Θεὸν
1614 693 1762 726 ἐπίγνωσιν
1793 691 1912 724 εἰδώλοις

1116 738 1181 769 τοὺς
1197 738 1378 773 Χριστιανοὺς
1395 737 1585 773 προσκυνῆσαι
1600 738 1688 763 εἰπεῖν
1708 737 1909 771 τετολμήκασις
1948 744 1952 746 ·

1115 782 1206 808 καίτοι
1219 782 1266 809 τοῦ
1279 782 1420 817 προφήτου
1435 781 1484 817 τὴν
1499 781 1617 817 παντελῆ
1631 781 1735 808 τούτων
1749 782 1909 816 ὲκμείωςιν,

1116 827 1213 863 ῶσπερ
1238 827 1410 860 ἀναϐοῶντος
1431 828 1478 854 καὶ
1501 827 1627 862 λέγοντος
1640 836 1646 843 ·
1667 837 1676 853 ι
1699 827 1744 854 Ἐν
1763 829 1796 863 τῇ
1817 829 1910 863 ἡμέρᾳ

1115 873 1209 910 ἐκείνῃ
1226 873 1425 908 ἐπιφανήσεται
1450 873 1565 909 Κύριος,
1585 874 1632 900 καὶ
1646 872 1834 909 ὲξολοθρεὺσει
1846 875 1910 906 τοὺς

1081 907 1101 934 Β
1116 907 1263 950 θεοὺςγτῶν
1279 907 1365 946 ἐθνῶν
1380 919 1428 954 τῆς
1445 907 1513 954 γῆξ·
1531 919 1578 946 καὶ
1600 907 1840 955 προσκυνήσουσιν
1861 921 1910 947 air-

1115 963 1154 1000 τῷ
1168 964 1284 996 ἕκαστος
1307 965 1339 991 ὲκ
1353 965 1400 991 τοῦ
1420 965 1503 992 τόπου
1520 965 1605 992 αὑτοῦ
1621 966 1706 992 πᾶσαι
1722 966 1750 992 αί
1762 967 1838 1000 νῆσοι
1856 967 1909 993 τῶν

1115 1009 1212 1036 ἐθνῶν.
1233 1019 1243 1035 ›
1281 1009 1406 1040 Ἀκούεις
1429 1009 1479 1044 τὴν
1505 1009 1604 1045 ἡλίκην
1624 1009 1680 1036 τῶν
1709 1010 1814 1036 πολλῶν
1839 1011 1909 1037 θεῶν

1114 1056 1318 1092 καταστροφὴν,
1336 1057 1384 1083 καὶ
1394 1056 1443 1092 τὴν
1458 1056 1489 1088 ἑξ
1501 1057 1609 1092 ἁπάσης
1620 1057 1669 1089 τῆς
1683 1057 1735 1091 γῆς
1749 1057 1864 1084 ἕκαστον
1877 1060 1909 1084 ἐκ

1113 1103 1161 1129 τοῦ
1177 1103 1260 1129 τόπου
1275 1103 1358 1130 αὑτοῦ
1373 1102 1411 1137 τῷ
1425 1102 1484 1137 Θεῷ
1499 1102 1685 1129 ἀποτελοῦντα
1702 1103 1907 1139 προσκύνησινς

1113 1148 1172 1181 πῶς
1187 1149 1278 1176 τοίνυν
1291 1149 1316 1175 οἱ
1326 1148 1405 1175 τοῦτο
1419 1148 1585 1184 πράττοντες
1600 1148 1806 1184 είδωλολατρεῖν
1821 1150 1908 1176 αἰτιώ-

1114 1195 1203 1230 μεθα;
1229 1195 1273 1227 τίς
1297 1195 1324 1221 δὲ
1340 1195 1408 1226 ὅλως
1426 1194 1472 1221 καὶ
1486 1194 1595 1230 ἴσχυσεν
1620 1196 1659 1226 είς
1678 1195 1710 1221 τὸ
1727 1197 1842 1230 ἀρχαῖον
1856 1196 1906 1232 τὴν

1111 1241 1168 1267 τῶν
1186 1239 1302 1267 εἰδώλων
1317 1240 1422 1276 πλάνην
1439 1240 1486 1266 ἐπὶ
1504 1240 1556 1274 γῆς
1571 1240 1799 1274 ὲπανακαινίσαις
1817 1242 1841 1268 εἰ
1857 1242 1906 1276 μὲν

1111 1287 1164 1323 γὰρ
1185 1287 1210 1313 οί
1226 1286 1269 1313 διὰ
1288 1286 1390 1313 τούτων
1415 1286 1629 1322 θεραπευόμενοι
1648 1287 1831 1322 πονηρότατοι
1845 1288 1904 1315 δαί-

1113 1340 1193 1367 μονες
1204 1331 1284 1359 τοῦτο
1299 1332 1410 1368 ποιῆσαι
1422 1332 1555 1365 δέδονται,
1571 1332 1629 1364 πῶς
1645 1333 1696 1359 οὐκ
1710 1334 1905 1369 ἀνατραπήσε-

1110 1387 1155 1406 ται
1167 1379 1228 1406 ὅλον
1236 1378 1267 1405 τὸ
1277 1379 1326 1414 τῆς
1334 1378 1491 1413 οἰκονομίας
1504 1379 1665 1414 μυστήριον,
1676 1379 1726 1415 τῆς
1736 1380 1818 1414 ἁγίας
1827 1381 1905 1417 διαρ-

1111 1425 1195 1460 ρήδην
1216 1425 1322 1461 βοώσης
1343 1425 1466 1460 Γραφῆς·
1481 1434 1490 1451 t
1505 1425 1567 1452 Ὀτι
1580 1425 1698 1460 ἐπάταξε
1713 1427 1777 1457 τοὺς
1788 1427 1904 1463 ἐχθροὺς

1109 1470 1192 1497 αὑτοῦ
1215 1471 1255 1502 εἰς
1279 1470 1310 1497 τὸ
1336 1470 1439 1503 ὀπίσω;
1457 1480 1466 1496 ι
1482 1471 1567 1506 Δῆλον
1598 1471 1626 1497 δὲ
1650 1472 1691 1498 ὅτι
1713 1473 1831 1508 Χριστὸς
1857 1475 1904 1501 καὶ

1109 1516 1209 1548 δνειδος
1227 1516 1336 1543 αἰώνιον
1351 1516 1451 1544 ἔδωκεν
1462 1518 1563 1548 αὐτοῖς.
1578 1518 1690 1550 Πάντως
1705 1519 1760 1554 γὰρ
1774 1520 1816 1546 ὅτι
1830 1521 1844 1547 ὁ
1859 1521 1905 1547 δυ-

1108 1562 1226 1596 νάμενός
1242 1571 1269 1588 τι
1285 1563 1407 1597 ἐνεργεῖν
1430 1563 1480 1589 οὐκ
1504 1563 1532 1589 ὲν
1555 1565 1612 1595 τοῖς
1629 1565 1785 1597 τεθνεῶσιν,
1801 1567 1860 1593 ἀλλ’
1875 1569 1904 1594 ὲν

1109 1609 1167 1639 τοῖς
1179 1607 1264 1639 ζῶσιν
1277 1607 1316 1634 ἔτι
1328 1608 1543 1636 κατατέτακται.
1562 1610 1623 1641 Πῶς
1634 1610 1663 1636 δὲ
1680 1612 1727 1637 καὶ
1742 1612 1824 1644 αὐτὸς
1840 1614 1905 1646 τοὺς

1111 1654 1194 1685 ἰδίους
1219 1654 1413 1690 ὲπιθαρῤύνων
1435 1655 1562 1690 μαθητὰς
1585 1656 1632 1682 καὶ
1647 1657 1715 1691 προς
1741 1659 1794 1685 πᾶν
1812 1660 1904 1686 ὁτιοῦν

1107 1700 1162 1726 τῶν
1181 1700 1320 1735 δυσχερῶν
1338 1700 1473 1736 ἀνδρικῶς
1490 1702 1557 1728 ἰέναι
1575 1703 1838 1738 παρακελευόμενος
1854 1707 1904 1732 ἐπ-

1108 1745 1254 1780 αληθεύσει
1270 1745 1357 1779 λέγων
1369 1753 1376 1760 ·
1393 1756 1402 1771 ι
1418 1745 1561 1782 Θαρσεῖτε,
1579 1746 1636 1780 ἐγὼ
1649 1748 1779 1783 νενίκηκα
1794 1750 1842 1776 τὸν
1859 1751 1903 1777 x6-

1111 1799 1190 1826 σμον.
1207 1801 1216 1815 ι
1235 1791 1265 1818 Εἰ
1278 1791 1333 1826 γὰρ
1343 1791 1390 1823 οὓς
1402 1792 1513 1826 νικῆσαι
1523 1793 1630 1824 ἐκεῖνος
1644 1794 1814 1829 ἐπήγγελται
1824 1797 1905 1823 τοῦτο

1108 1837 1208 1863 ἐκεῖνοι
1225 1837 1348 1872 ἴσχυσαν,
1362 1837 1408 1864 διὰ
1418 1838 1467 1872 τῆς
1486 1835 1523 1864 ὧν
1535 1839 1717 1874 ἀφῃρέθησαν
1729 1842 1905 1878 ἀνταναρῤἠ-

1109 1891 1188 1916 σεως,
1201 1883 1256 1909 οὐδ’
1269 1883 1302 1910 ἂν
1312 1884 1342 1910 τὸ
1353 1884 1474 1910 τοιοῦτον
1485 1884 1702 1920 ὀνομασθήσεται
1717 1887 1791 1923 νίκη,
1803 1889 1859 1915 οὐδ’
1871 1891 1905 1916 ἂν

1107 1929 1167 1960 ταῖς
1189 1929 1229 1960 εἰς
1251 1929 1376 1965 ἀνδρείαν
1399 1929 1552 1966 ἀριστείαις
1574 1932 1804 1965 κατατετῖὶξεται.
1841 1935 1905 1967 Πῶς

1108 1975 1162 2010 γὰρ
1186 1974 1248 2010 νίκη
1265 1976 1282 2010 ὴ
1297 1976 1359 2007 τοὺς
1372 1975 1562 2011 λυτρωθὲντας
1584 1978 1624 2009 εἰς
1636 1978 1714 2011 τέλος
1728 1979 1766 2015 μὴ
1780 1981 1904 2016 ἀποκερ-

1108 2020 1225 2056 δήσασα,
1243 2021 1311 2048 ἀλλὰ
1325 2023 1381 2053 τοῖς
1397 2022 1502 2057 ὁμοίοις
1518 2023 1572 2050 ὑπὸ
1589 2024 1643 2050 τῶν
1662 2025 1797 2061 πρότερον
1818 2028 1905 2064 ἡττη-

1110 2065 1201 2100 μένων
1214 2066 1401 2102 ὑποϐληθεῖσα
1418 2067 1613 2103 παλαίσμασι;
1628 2069 1751 2105 καίτοιγε
1767 2073 1830 2100 οὐδὲ
1849 2076 1906 2106 τοῖς

1107 2112 1210 2146 ὁμοίοις
1223 2112 1321 2138 πολλοῦ
1336 2121 1368 2146 γε
1381 2113 1428 2139 καὶ
1443 2113 1483 2139 δεῖ
1496 2122 1502 2146 ;
1518 2113 1548 2140 τὸ
1565 2114 1619 2149 γὰρ
1641 2116 1797 2150 κτήσασθαί
1810 2127 1836 2144 τι
1854 2120 1903 2146 καὶ

1107 2156 1240 2184 ἀπολέσαι
1267 2157 1347 2184 πλέον
1367 2159 1462 2193 ἔμοιγε
1477 2159 1524 2186 τοῦ
1536 2180 1544 2192 ,
1573 2161 1603 2186 τὸ
1622 2161 1811 2197 ἀφῃρημένων
1831 2165 1906 2192 ἀντι-

1108 2203 1269 2238 κατασχεῖν,
1286 2205 1326 2235 εἰς
1344 2204 1507 2240 ἀνανδρείας
1530 2207 1793 2242 κατηγορηθήσεται
1813 2209 1905 2244 λόγον.

263 2246 326 2272 dum
341 2246 391 2272 hoc
405 2245 568 2272 Christianis
587 2245 613 2272 in
638 2253 749 2272 causam
773 2247 898 2274 criminis
918 2249 1053 2284 irrogabi-

1111 2248 1163 2274 Ποῦ
1181 2248 1210 2274 δὲ
1225 2249 1273 2275 καὶ
1288 2248 1342 2284 ἄρα
1359 2250 1409 2281 τὰς
1424 2251 1477 2276 τῶν
1491 2251 1611 2278 εἰδώλων
1629 2254 1756 2287 στάσειςς
1780 2256 1806 2281 οἱ
1825 2256 1908 2284 τοῦτο

263 2295 319 2317 tur.
337 2290 468 2316 Videmus
484 2290 556 2316 cuitu
587 2290 720 2322 reliquias
744 2291 769 2317 iu
798 2292 960 2326 quibusdam
988 2295 1053 2322 locis

262 2336 415 2370 priscorum
441 2336 655 2362 tilﬂllltnllt'OI'tllll
685 2337 847 2372 templorum
876 2346 891 2364 a
916 2340 1053 2368 veteribus

261 2384 415 2414 derelictas,
432 2385 464 2410 ad
482 2392 620 2419 pompam,
639 2389 667 2410 ut
687 2393 759 2416 reor,
776 2393 870 2412 eorum
892 2387 939 2422 qui
968 2388 993 2414 in
1012 2388 1054 2415 his

261 2429 487 2462 immolaverunt;
503 2430 544 2456 vel
560 2430 641 2457 etiam
660 2430 692 2457 ad
712 2431 885 2463 memoriam,
905 2433 978 2467 quod
1004 2442 1054 2462 nos

261 2475 391 2510 redempti
407 2483 512 2508 sumus,
528 2475 592 2502 etin
614 2476 763 2511 gratiarth
778 2477 899 2506 actiones
910 2480 1053 2508 ducentem

261 2529 304 2555 per
324 2521 445 2548 visibiles
468 2522 646 2557 inﬁrmasque
671 2523 849 2551 formationes
871 2533 877 2552 :
900 2532 932 2553 ex
955 2527 1055 2561 quibus

261 2567 479 2594 Christianorum
499 2568 695 2595 abominabiles
711 2569 788 2597 facta:
811 2575 875 2598 sunt
899 2571 1022 2604 culturae,
1040 2581 1055 2600 a

260 2613 359 2648 quibus
377 2621 423 2648 per
445 2613 584 2641 Christum
612 2615 697 2650 erepti
714 2623 821 2648 sumus,
858 2617 910 2644 nisi
931 2618 957 2644 in
973 2619 1054 2646 Chri.

260 2659 438 2686 stianissimis
473 2660 540 2692 hmo,
567 2660 705 2695 inquiunt,
736 2662 860 2690 ccclesiis
891 2664 993 2692 nostris
1013 2666 1052 2692 in-

262 2705 430 2732 venireutur.

293 2889 315 2906 ¹⁶
327 2889 433 2918 Coloss.
446 2899 463 2924 ι,
478 2892 523 2918 20.
563 2893 582 2908 ¹¹
597 2893 679 2921 Zarh.
695 2904 723 2929 ιι,
742 2895 783 2923 ll.

875 2895 896 2910 “
916 2895 987 2923 Psal.
1013 2905 1113 2932 turn,
1134 2898 1178 2925 66.

1107 2294 1233 2328 λέγοντες
1249 2294 1394 2321 τεθεᾶσθαί
1417 2304 1511 2330 φασιν.
1530 2297 1562 2324 Εἰ
1581 2298 1630 2332 μὲν
1651 2300 1681 2326 ἐν
1703 2302 1759 2332 τοῖς
1780 2301 1907 2336 ἀρχαίοις

1107 2340 1162 2366 τῶν
1177 2340 1343 2375 δαιμονικῶν
1358 2342 1480 2376 τεμενῶν
1492 2343 1641 2379 ίδρύμασιν
1657 2345 1734 2373 οὔπω
1750 2348 1832 2374 τοῦτο
1851 2351 1908 2381 τοῖς

1108 2383 1281 2418 Χριστιανοῖς
1302 2385 1343 2416 εἰς
1364 2385 1443 2419 λόγον
1459 2387 1633 2423 ἐγκλήματος
1658 2392 1906 2427 προστριὸήσεται.

1118 2426 1244 2461 Ὁρῶμεν
1261 2427 1317 2463 γὰρ
1334 2428 1448 2462 λείψανά
1469 2439 1521 2457 που
1538 2432 1647 2467 ἐνιαχοῦ
1662 2434 1716 2461 τῶν
1728 2426 1814 2462 πάλαι
1834 2438 1907 2464 εὶδωα

1108 2473 1194 2500 λικῶν
1214 2475 1338 2509 τεμενῶν
1353 2476 1429 2510 παρὰ
1443 2477 1498 2504 τῶν
1514 2479 1637 2506 παλαιῶν
1654 2481 1910 2519 ἐγκαταλελειμμέ-

1107 2528 1150 2552 να,
1169 2520 1238 2555 πρὸς
1263 2521 1407 2556 θρίαμϐον,
1429 2520 1507 2556 οἶμαί
1525 2533 1587 2558 που,
1603 2526 1658 2552 τῶν
1677 2527 1707 2554 ὲν
1721 2536 1828 2560 τουτοις
1843 2530 1892 2556 ἐπι

1107 2563 1265 2591 θυσάντων·
1283 2567 1329 2593 καὶ
1348 2567 1440 2602 μέντοι
1464 2569 1512 2595 καὶ
1527 2570 1596 2605 πρὸς
1619 2572 1733 2607 μνήμην
1754 2573 1835 2608 ήμῶν
1853 2576 1909 2602 τῶν

1106 2609 1322 2646 λελυτρωμὲνων
1343 2614 1384 2644 εἰς
1404 2614 1582 2650 εὐχαριστίαν
1596 2617 1669 2652 ἡμᾶς
1694 2618 1848 2652 ὲνὰγουσαν
1863 2621 1909 2647 διὰ

1107 2656 1163 2683 τῶν
1179 2658 1327 2693 ὁρωμένων
1343 2659 1476 2695 ὲξιτήλων
1493 2664 1689 2698 μορφωμάτων
1701 2673 1707 2679 ·
1723 2666 1757 2692 ὲκ
1775 2667 1861 2694 ποίων
1878 2667 1909 2694 ’ὦ

1108 2704 1282 2739 Χριστιανῶν
1301 2705 1381 2740 γένος
1399 2706 1552 2741 βδελυκτῶν
1573 2710 1755 2746 σεϐασμάτων
1773 2712 1818 2739 διὰ
1840 2713 1910 2749 Χρια

1110 2749 1174 2776 στοῦ
1201 2749 1420 2786 ἑκλελύτρωται·
1451 2753 1476 2779 εἰ
1500 2754 1529 2779 δὲ
1558 2753 1590 2790 δὴ
1614 2756 1642 2782 ἐν
1663 2757 1723 2787 ταῖς
1747 2757 1910 2792 Χριστιανι·

1108 2795 1248 2827 κωτάταις
1273 2795 1353 2832 ἡμῶν
1383 2797 1544 2833 ἐκκλησίαις
1565 2800 1654 2829 ταῦτά
1678 2810 1762 2836 φασιν
1788 2803 1909 2839 εὕρηκεν

1109 2851 1163 2870 ναι.

1233 2899 1255 2914 ¹³
1270 2897 1349 2926 Joan.
1377 2909 1431 2935 xw,
1448 2902 1493 2930 55.
