2041 3159
173 158 239 192 1391

766 146 890 185 sanato
920 144 1201 186 LAUDATORIUS.

1729 146 1797 178 1322

211 218 243 243 Ὦ
276 215 324 250 τῆς
354 213 475 241 ἐντεῦθεν
506 212 639 243 ἀτοπίαςι
676 211 699 238 ὣ
729 213 777 245 τῆς
811 209 957 242 παγκάκου

1046 206 1068 234 Ο
1093 207 1251 240 pravitatem
1273 213 1333 240 qua:
1357 205 1419 232 hinc
1453 200 1584 232 eﬂiciturl
1614 213 1629 230 υ
1651 204 1795 238 pessimam

173 260 348 297 βλασφημίας
362 260 369 286 !
382 260 444 290 Πῶς
459 259 514 294 γὰρ
529 258 594 285 ἔνθα
607 257 724 293 Χριστὸς
738 255 843 291 κεφαλὴ
859 255 906 282 καὶ
920 253 963 280 οε-

175 306 264 341 μέλιὸς
277 306 346 336 ἐστι,
359 303 431 330 κατὰ
444 303 489 329 τὸν
502 302 659 336 σοφώτατον
669 301 784 331 Παῦλον,
796 299 874 326 τοῦτο
884 297 962 331 γενέ-

175 352 236 378 σθαι
253 350 409 385 ﬁssum—tat;
424 348 610 383 Ἐψεύσθημεν
630 347 713 377 ὅντως
725 344 884 381 Χριστιανοὶ
912 342 963 377 τῆς

174 396 297 427 ἐλπίδος·
317 394 541 429 πεφενακίσμεθα
559 394 586 420 δὲ
607 393 654 420 καὶ
673 393 733 423 ταῖς
753 391 807 417 τῶν
833 389 963 424 κηρύκων

176 443 290 476 φωναῖς,
307 441 334 467 οἴ
349 448 381 474 γε
401 439 468 466 Θεὸν
482 440 548 474 ἡμῖν
570 440 619 474 τῆς
636 438 689 463 τῶν
713 436 846 471 δαιμόνων
869 434 965 461 πλεον-

177 487 250 520 εξίας
262 487 336 521 ἡμᾶς
348 485 553 513 ἀπαλλάττοντα
565 482 791 518 ἐπιδεδημηκέναι
803 480 842 515 τῷ
858 480 909 515 βίῳ
921 487 964 505 κε-

179 531 324 566 κηρύχισι.
339 531 399 561 Πῶς
411 530 438 556 δὲ
449 530 517 561 ὅλως
526 528 605 555 τοῦτο
618 529 662 554 καῖ
671 528 799 562 ῐσχυσαν;
812 524 886 560 Ἀρα
899 524 964 558 γὰρ,

179 578 294 612 ἐροίμην
307 575 340 602 ἂν
354 576 415 607 τοὺς
435 574 505 601 οὓτω
522 574 698 610 φρονοῦντας,
710 573 747 603 ὡς
761 571 841 598 τοῦτο
856 571 906 605 τῆς
920 577 962 596 κε’

180 622 267 656 φαλῆς
282 622 360 656 ἡμῶν
377 620 596 656 παραχωρούσης
611 619 767 653 γεγένηται,
783 618 799 652 ἤ
820 616 904 650 τυχδν
921 614 967 641 οε-

181 667 279 702 λούσης
292 667 340 700 μὲν
354 667 390 701 μὴ
404 665 537 699 γίνεσθαι,
552 665 589 699 μὴ
602 663 753 698 δυναμένης
767 662 794 689 δὲ
811 660 966 696 ὲτταμύναι;

182 712 299 742 καὶπῶς
317 712 368 737 οὐκ
383 711 510 737 ἐπέκεινα
529 709 605 736 τοῦτό
621 717 653 743 γε
666 709 756 743 πάσης
771 707 966 742 βλασφημίαςς

183 757 215 783 Εἰ
231 756 285 790 γάρ
307 756 380 781 ἐστιν
400 755 502 789 ἀληθὴς
526 755 540 780 ὁ
555 753 701 788 ἱερώτατος
721 752 826 783 Παῦλος
851 750 969 785 Χριστὸν

183 802 250 828 Θεὸν
266 800 381 834 δύναμιν
403 799 451 826 καὶ
466 798 533 825 Θεοῦ
550 798 646 832 σοφίαν
664 795 805 831 ὀνομάζων
823 795 869 821 τὸν
885 794 949 820 Υίὸν
960 815 968 827 ,

185 847 244 877 πῶς
258 844 313 881 ἆρα
333 845 381 871 καὶ
397 845 491 879 ἴσχυσε
509 844 558 878 τὴν
571 842 618 869 τοῦ
634 842 740 876 Πατρὸς
754 840 969 874 ἁκαταμὰχητον

185 890 298 924 δύναμίν
308 898 338 915 τε
354 890 402 916 καὶ
414 889 519 923 σοφίαν,
531 888 580 923 τὴν
598 887 664 913 πᾶσι
680 887 710 912 ea
726 884 796 912 εἶναι
809 884 906 911 δοῦσαν
917 883 970 909 τῶν

185 936 269 962 ὄντων
294 933 530 969 κατευμεγεθῆσαί
551 941 596 965 τι;
619 931 704 966 Δῆλον
721 931 776 965 γὰρ
794 930 836 956 ὅτι
853 930 877 955 εί
893 929 972 955 τοῦτο

185 980 272 1015 ταύτῃ
286 978 536 1015 συμϐέϐηκεν,οὐδὲ
549 977 594 1004 τὸν
606 974 636 1004 οὗ
648 977 705 1003 ἐστι
719 976 805 1002 ταῦτα
818 974 872 1000 τῶν
887 973 973 1000 τοιού-

187 1034 242 1052 των
267 1024 502 1059 κατηγορημάτων
530 1023 706 1057 ἑξωθήσουσι.
731 1020 793 1051 Πῶς
826 1020 880 1053 γὰρ
907 1019 973 1050 Θεὸς

187 1070 384 1105 παντοκράτωρ
398 1068 509 1100 δυνατός
521 1076 549 1094 τε
567 1068 615 1094 καὶ
627 1066 734 1102 ισχυρὺς
749 1067 762 1092 ὁ
777 1065 870 1099 Πατὴρ
882 1064 922 1090 ἔτι
934 1064 974 1089 λέ-

188 1124 275 1150 γοιτο,
291 1116 340 1150 τῆς
359 1115 427 1145 ιδίας
447 1115 541 1148 ὥσπερ
557 1112 732 1149 ἀφῃρημένος
749 1111 902 1145 δυνάμεως,
927 1109 974 1136 καὶ

189 1163 242 1190 ὑπὸ
261 1164 340 1198 χεῖρα
353 1163 406 1188 τῶν
424 1162 498 1196 σφῶν
517 1161 621 1196 ἐχθρῶν
645 1160 847 1195 γεγενημένος;
874 1159 930 1190 πῶς
946 1158 975 1184 δὲ

190 1209 238 1235 καὶ
259 1209 327 1239 ὅλως
348 1207 567 1242 παρακεχώρηκε
587 1207 636 1242 τὴν
649 1206 689 1242 τῷ
704 1206 761 1241 [δίῳ
774 1205 858 1232 αὑτοῦ
878 1205 975 1239 αἵματι

191 1254 378 1289 ἁρμοσθεῖσαν
395 1253 469 1288 αὐτῷ
480 1253 643 1287 Ἐκκλησίαν
658 1253 712 1283 τοῖς
725 1251 831 1286 ἀγρίοις
845 1250 916 1277 οὓτω
930 1250 976 1277 καὶ

191 1300 411 1334 ἀφιλοικτίρμοσι
441 1298 677 1332 καταδουλωθῆναι
697 1297 854 1332 πνεύμασις
880 1296 977 1323 Καίτοι

192 1344 240 1371 τοῦ
259 1344 448 1379 ’Υμνογράφου
463 1344 586 1377 λέγοντος
597 1351 603 1358 ’
624 1343 702 1369 «Ὅτι
720 1342 790 1368 κατὰ
802 1340 832 1367 τὸ
848 1340 915 1374 ὕψος
931 1340 977 1367 τοῦ

193 1390 309 1425 οὐρανοῦ
332 1390 387 1415 ἀπὸ
407 1389 458 1423 τῆς
479 1389 530 1423 γῆς
551 1387 721 1422 ὲκραταίωσε
743 1386 844 1422 Κύριος
861 1386 892 1412 τὸ
906 1386 979 1417 ἔλεος

194 1433 278 1460 αὐτοῦ
301 1434 347 1460 ἐπὶ
372 1434 434 1465 τοὺς
457 1433 640 1468 φοϐουμένους
665 1433 755 1459 αὐτόν.
772 1442 782 1458 ›
808 1433 839 1459 Εἰ
858 1433 912 1468 γὰρ
933 1433 979 1458 ἐπὶ

194 1478 274 1506 τοῦτο
290 1479 470 1514 σεσάρκωται,
483 1478 553 1504 ὥστε
565 1478 614 1512 τῆς
628 1477 729 1504 τούτων
740 1478 813 1512 ἡμᾶς
826 1477 978 1509 ἀπαλλάξαι

195 1525 296 1561 χειρὸς,
316 1525 388 1552 κατὰ
404 1525 452 1556 τὰς
470 1524 642 1560 προφητικάς
666 1524 902 1560 προαναρῤήσεις·
926 1525 980 1550 ἀπ-

196 1569 355 1606 ηλλάγμεθα
370 1570 407 1602 δὲ,
426 1569 462 1601 ὣς
479 1578 556 1603 φασι,
569 1569 636 1604 πρὸς
650 1568 751 1604 βραχύ·
766 1569 808 1600 τίς
828 1569 920 1603 δνησις
933 1569 982 1603 τῆς

197 1617 265 1651 πρὸς
290 1616 395 1652 βραχὺ,
418 1616 468 1642 οὐκ
487 1615 570 1650 οὔσης
599 1615 659 1650 μὲν,
682 1614 813 1648 δοκούσης
831 1615 859 1640 δὲ
875 1614 982 1640 ἐλευθε-

199 1663 275 1697 ρῖας;
289 1662 326 1687 Οὐ
342 1662 396 1696 γάρ
409 1670 449 1687 τοι
461 1661 558 1695 χαρᾶς,
575 1660 641 1686 ἀλλά
658 1659 779 1689 πλείονος
790 1660 836 1685 καὶ
853 1659 981 1693 δυσχερε-

199 1706 296 1740 στέρας
309 1705 430 1737 δουλείας
446 1706 575 1740 πρόξενον
586 1707 652 1739 ἡμῖν
663 1705 770 1738 γέγονε,
779 1703 906 1730 τοσοῦτον
920 1704 983 1733 τοὺς

198 1752 259 1778 καθ’
279 1751 358 1786 ἡμῶν
381 1751 494 1786 ἐχθροὺς
520 1751 703 1785 ἀγριωτέρους
733 1749 980 1785 παρασκευάσασα,

198 1799 260 1824 ὅσον
273 1797 388 1828 ἐκείνοις
401 1798 483 1831 ἡμεῖς
497 1796 698 1829 ἀπαλλαγέντες
718 1796 831 1830 ᾠόμεθα
845 1802 982 1827 κατεκαγ-

200 1843 328 1877 χάζομεν.
343 1842 399 1869 Ποῦ
414 1843 445 1877 δὴ
455 1840 502 1869 οὖν
513 1844 543 1868 τὸ
558 1843 680 1875 διηνεκὲς
691 1841 860 1871 αὐτοῦ’ἕλεος
875 1841 915 1866 ἔτι
929 1840 981 1866 σώ-

200 1888 272 1919 ζοιτο
283 1887 327 1919 ἂν,
340 1888 408 1922 ὅπερ
421 1888 490 1914 κατὰ
502 1888 532 1914 τὺ
541 1887 595 1914 ἀπὸ
605 1887 654 1920 τῆς
667 1887 717 1921 γῆς
730 1886 799 1921 προς
816 1885 845 1912 τὸ
857 1885 984 1920 οὐράνιον

201 1933 266 1967 ὕψος
277 1933 421 1968 διάμετρον
435 1933 603 1968 κραταιῶσαι
617 1933 659 1966 ἐφ’
670 1933 744 1967 ἡμᾶς
761 1931 954 1966 ἐπηγγείλατο,
969 1930 983 1957 ὅ

199 1979 275 2014 δηλοῖ
286 1979 316 2005 τὸ
331 1979 535 2014 ἀπεριόριστον;
551 1979 609 2010 πῶς
619 1979 646 2005 δὲ
658 1978 705 2004 καὶ
718 1977 767 2008 τὰς
780 1977 894 2012 ἀνομίας
905 1977 983 2012 ἡμῶν

201 2023 272 2050 κατὰ
286 2023 316 2050 τὸ
325 2024 376 2058 τῆς
392 2023 523 2058 ἀνατολῆς
535 2023 580 2050 ἐπὶ
593 2024 623 2049 τὺ
632 2023 739 2049 δυτικδν
752 2023 837 2057 κλίμα
848 2023 985 2057 διάστημα

201 2069 248 2103 ἀφ’
263 2069 341 2104 ἡμῶν
356 2069 492 2104 μακρύναι
506 2069 625 2103 λέγεται,
637 2069 704 2104 ὅπερ
720 2069 768 2103 τὴν
783 2068 901 2102 παντελῆ
918 2068 985 2094 ἀπο.

201 2114 335 2150 λύτρωσιν
349 2115 486 2150 σημαίνει,
500 2116 524 2141 εἰ
538 2115 578 2141 ἔτι
596 2114 738 2146 τοσαύταις
754 2114 901 2149 ὲνεχόμεθα
916 2114 984 2140 πλά-

203 2169 276 2192 ναις;
289 2161 342 2186 Καὶ
348 2161 411 2194 γοῦν
425 2161 532 2194 ὁρῶμεν
542 2162 604 2192 τοὺς
614 2161 668 2187 τῶν
681 2160 779 2195 ἰατρῶν
789 2160 983 2194 ἐπιστήμονας,

202 2206 226 2231 οἳ
241 2205 351 2231 ἐπειδάν
368 2214 429 2232 τινα
447 2206 501 2232 τῶν
521 2205 641 2237 ἀσθενῶς
660 2206 691 2232 τὸ
708 2207 787 2240 σῶμα
807 2206 985 2241 διακειμένων

201 2252 258 2282 τοῖς
280 2252 313 2278 ὲκ
337 2252 387 2286 τῆς
412 2251 508 2286 τέχνης
532 2252 715 2287 ἀκριϐασμοῖς
736 2252 926 2287 ἑπαμύναντες
946 2254 985 2284 εἰς

203 2297 299 2331 ὑγείαν
316 2297 502 2330 ὲπανάξωσιν,
517 2298 566 2332 οὐχ
580 2298 652 2329 ὅπως
669 2299 718 2332 μὲν
729 2298 810 2325 αὐτὸν
825 2298 871 2324 τοῦ
887 2298 987 2333 παρόν-

203 2351 248 2374 τος
258 2343 432 2376 ἀπαλλάξωσι
453 2343 567 2376 πάθους,
584 2343 633 2378 τὴν
650 2344 754 2370 ἑαυτῶν
768 2344 926 2378 εεσφέρουσι
941 2353 986 2370 τε-

203 2390 298 2423 χνικὴν
322 2389 479 2425 ἐμπειρίαν,
502 2389 569 2416 ἀλλά
594 2398 625 2422 γε
650 2389 698 2415 καὶ
719 2389 766 2424 τὴν
782 2390 846 2423 ἑξῆς
867 2389 912 2415 τοῦ
929 2389 987 2424 βίου

204 2434 328 2468 περίοδον
339 2434 546 2470 ἀσφαλεστέραν
559 2434 631 2469 αὐτῷ
648 2434 692 2461 διά
706 2442 787 2460 τινων
803 2434 988 2469 προφυλακτι-

203 2479 261 2505 κῶν
286 2479 466 2514 βοηθημάτων
486 2480 742 2515 πραγματεύονταιθ
760 2479 797 2511 ὡς
818 2479 851 2506 ἂν
870 2480 906 2514 μὴ
933 2481 988 2511 τοῖς

205 2525 296 2555 αὐτοῖς
314 2527 395 2559 τυχὸν
419 2524 448 2557 ἐξ
471 2526 597 2560 ἀπειρίας
624 2525 749 2560 ὀχληροῖς
777 2526 857 2552 πάλιν
881 2534 989 2552 συνενε-

204 2569 294 2604 χθείη.
311 2570 342 2596 Et
355 2570 384 2596 δὲ
401 2570 432 2606 δὴ
454 2571 535 2597 πάλιν
549 2571 648 2605 ἀληθές
663 2572 747 2603 ἐστιν,
763 2570 857 2606 ὥσπερ
875 2571 921 2597 οὖν
943 2571 989 2597 καὶ

204 2614 348 2646 δέδεικται,
360 2615 400 2641 ὅτι
415 2616 463 2649 τὴν
475 2617 612 2650 ἡμετέραν
622 2618 635 2643 ὁ
648 2617 794 2651 μονογενὴς
806 2617 852 2642 τοῦ
864 2617 931 2643 Θεοῦ
943 2617 989 2643 καὶ

205 2659 312 2693 Ματρὸς
328 2660 392 2692 Υἱὸς
406 2661 543 2696 πεφόρεκε
561 2662 651 2695 φύσιν,
665 2662 743 2697 δῆλον
758 2663 797 2688 ὅτι
817 2662 870 2688 τῶν
882 2662 989 2688 οἰκείων

204 2704 290 2738 αὐτὴν
303 2705 492 2740 πεπλούτηκεν
503 2707 621 2740 ἀγαθῶν,
635 2708 681 2733 καὶ
697 2707 751 2734 τῶν
767 2708 813 2734 τοῦ
830 2708 991 2743 Πνεύματος

204 2749 352 2785 ὲξαιρέτων
373 2751 505 2786 ἐνέπλησε
532 2752 694 2788 θησαυρῶν·
717 2753 754 2784 ὡς
772 2754 870 2788 μηκέτι
887 2754 990 2788 ταύτην

203 2796 244 2826 εἰς
275 2795 305 2822 τὺ
330 2796 392 2831 ἑξῆς
417 2797 546 2832 δευτέρας
576 2798 728 2825 ὲπιδέεσθαί
756 2808 828 2831 τινος
853 2800 988 2835 βοηθείας,

242 2861 290 2888 "1
308 2862 371 2891 Cor.
386 2872 426 2895 III.
449 2863 491 2891 Η.
543 2865 586 2891 ¹⁵1
607 2865 670 2893 Cor.
689 2875 707 2898 ι,
728 2867 774 2893 24.

389 2910 523 2941 Parum"
541 2912 598 2941 Gn.
623 2913 755 2942 XCVlll.

1014 251 1228 286 blasphemiam!
1247 250 1388 283 Quomodo
1406 250 1489 280 enim.
1506 250 1550 277 ubi
1577 249 1702 277 Christus
1716 254 1798 284 caput

1014 303 1041 326 et
1072 298 1278 324 fundamentum
1299 301 1350 327 est,
1380 296 1528 323 secundum
1563 295 1796 329 sapientissimum

1014 342 1129 370 Paulum
1145 342 1177 373 “,
1199 341 1251 368 hoe
1274 340 1331 367 ﬁeri
1346 339 1463 375 poterit?
1477 339 1603 366 Fraudati
1621 347 1684 366 vere
1703 347 1799 366 sumus

1015 392 1062 423 spe
1079 395 1128 414 nos
1141 386 1291 414 Christiani
1308 395 1314 412 :
1336 386 1440 420 decepti
1460 393 1556 413 sumus
1575 385 1656 412 etiam
1670 385 1800 419 prmdiea-

1016 440 1104 461 torum
1115 433 1238 461 vocibus.
1252 431 1298 466 qui
1321 432 1401 458 etiam
1418 431 1501 458 Deum
1519 431 1598 458 nobis
1613 438 1627 458 a
1653 430 1800 458 daemonio-

1017 485 1076 505 rum
1107 475 1302 511 superstitione
1334 482 1385 501 nos
1410 474 1587 501 liberaturum
1615 475 1641 501 in
1668 473 1798 501 mundum

1016 523 1124 550 venisse
1144 521 1372 555 prmdicaverunt.
1389 519 1531 553 Quomodo
1550 519 1631 545 etiam
1657 519 1708 547 hoc
1727 519 1801 553 peni-

1017 568 1164 595 tusdieere
1183 567 1349 601 potuerunt?
1370 564 1437 593 Nam
1452 565 1688 598 interregaverunt
1708 565 1741 601 [f.
1762 565 1802 591 in-

1018 612 1200 648 terrogemtts]
1218 619 1266 640 eos
1282 613 1327 646 qui
1345 612 1386 639 sic
1403 613 1522 647 sapiunt.
1545 619 1635 638 utrum
1650 611 1701 638 hoc
1716 611 1803 645 capite

1018 663 1112 686 nostro
1125 658 1300 692 permittente
1314 655 1415 684 factum
1428 657 1475 689 sit,
1493 664 1525 683 an
1541 657 1610 684 forte
1626 657 1731 683 volente
1744 656 1804 691 qui-

1018 704 1079 731 dem
1108 711 1142 730 ne
1166 703 1251 734 ﬁeret,
1278 709 1331 729 non
1360 703 1466 729 valente
1491 706 1579 729 tamen
1611 702 1737 728 auviliari
1755 710 1762 728 :
1779 705 1806 728 et

1019 750 1156 785 quomodo
1171 749 1370 783 subsequentur
1389 748 1440 775 hoc
1462 756 1515 774 non
1532 749 1567 774 sit
1584 748 1666 787 totius
1678 747 1805 781 blaspheo

1021 795 1091 822 miae.
1117 794 1144 821 Si
1159 795 1231 821 enim
1246 800 1327 820 verax
1345 798 1387 821 est
1401 793 1602 820 saeratissimus
1617 793 1729 824 Paulus,
1742 795 1805 818 dum

1021 841 1160 868 Christum
1177 840 1275 866 Filium
1295 839 1352 871 Dei,
1374 839 1500 866 virtutem
1525 842 1551 866 et
1575 838 1621 865 Dei
1646 838 1805 873 sapientiam

1023 887 1147 913 nominat
1159 886 1191 917 ",
1207 885 1358 920 quomodo,
1369 892 1473 920 qumso,
1488 885 1572 911 valuit
1586 882 1674 911 Patris
1691 884 1807 917 inexpu-

1023 932 1157 966 guabilem
1171 932 1298 958 virtutem
1311 934 1338 957 et
1348 931 1520 964 Sapientiam,
1535 936 1594 964 quae
1607 929 1735 956 omnibus
1746 936 1807 956 esse

1024 977 1130 1009 tribuit,
1149 977 1298 1011 quidquam
1326 983 1419 1003 eorum
1446 983 1506 1010 qua:
1532 980 1595 1003 sunt
1620 975 1806 1009 exsuperare?

1024 1023 1200 1056 Perspicuum
1218 1023 1290 1049 enim
1315 1027 1366 1054 est,
1383 1023 1447 1056 quia
1462 1023 1484 1050 si
1509 1022 1580 1049 istud
1606 1022 1670 1049 huic
1695 1021 1806 1051 accidit,

1025 1071 1073 1091 nr-c
1087 1065 1112 1091 id
1129 1066 1200 1099 quod
1225 1073 1277 1092 ncn
1293 1072 1333 1092 est
1357 1066 1425 1097 haec,
1440 1073 1455 1093 a
1472 1066 1570 1094 talibus
1586 1066 1806 1093 accusationibus

1025 1111 1135 1144 pellent.
1151 1109 1295 1143 Quomodo
1309 1111 1380 1137 enim
1395 1111 1467 1138 Deus
1480 1112 1663 1146 omnipotens.
1679 1115 1773 1146 potens
1783 1116 1810 1139 et

1027 1155 1104 1183 fortis
1119 1155 1199 1183 Pater
1211 1156 1300 1183 adhuc
1316 1156 1432 1188 dicatur.
1449 1158 1472 1185 si
1485 1166 1546 1192 quze
1560 1166 1609 1185 sua
1626 1159 1731 1185 sublata
1746 1164 1811 1186 sunt

1027 1201 1136 1233 virtute,
1152 1201 1260 1228 subdita
1274 1201 1393 1228 inimicis
1405 1207 1468 1229 sunt
1481 1203 1574 1230 elTectu
1584 1203 1596 1230 ?
1608 1202 1653 1229 Vel
1667 1211 1721 1238 quo
1733 1207 1811 1238 pacto

1028 1246 1113 1274 Filius
1133 1247 1247 1275 indulsit
1272 1248 1299 1275 in
1320 1247 1480 1279 Ecclesiam,
1509 1256 1591 1283 quam
1611 1248 1723 1283 proprio
1749 1256 1812 1275 salt-

1028 1293 1111 1327 guiue
1126 1300 1176 1319 suo
1202 1293 1254 1320 sibi
1271 1293 1455 1328 tlesponsavit,
1479 1294 1645 1321 immanibus
1670 1295 1759 1321 taliter
1786 1299 1812 1321 et

1029 1337 1292 1365 immisericordibus
1308 1346 1403 1366 rursus
1418 1339 1556 1366 deservire
1570 1340 1730 1374 spiritibus?
1743 1347 1812 1374 prm-

1029 1382 1122 1410 sertim
1135 1390 1197 1410 cum
1214 1382 1442 1419 Hymnographus
1453 1385 1525 1411 dicat
1538 1393 1544 1411 :
1560 1394 1570 1410 ι
1582 1385 1650 1418 Quia
1661 1388 1812 1412 secundum

1030 1429 1200 1456 altitudinem
1221 1430 1282 1457 coeli
1305 1439 1319 1457 a
1337 1435 1405 1457 terra
1428 1431 1599 1457 conﬁrmavit
1617 1430 1748 1458 Dominus
1763 1431 1814 1457 mi-

1031 1476 1206 1502 sericordiam
1221 1484 1297 1503 suam
1311 1484 1392 1510 super
1407 1478 1533 1505 timentes
1548 1485 1610 1505 eum
1624 1478 1654 1504 “.
1672 1487 1680 1503 ι
1697 1476 1725 1504 Si
1740 1478 1813 1504 enim

995 1527 1017 1556 ο
1033 1523 1059 1550 in
1076 1525 1127 1551 hoc
1145 1527 1301 1551 incarnatus
1316 1529 1368 1556 est,
1383 1531 1412 1552 ut
1426 1525 1458 1552 de
1473 1533 1568 1552 eorum
1582 1533 1632 1553 nos
1648 1533 1730 1552 mauu
1749 1525 1815 1552 libe-

1034 1574 1105 1596 raret
1120 1569 1268 1597 secundum
1282 1571 1456 1604 prophetieas
1470 1571 1672 1605 prolocutioncs
1688 1580 1694 1597 :
1707 1571 1815 1597 liberati

1032 1619 1121 1641 autem
1142 1623 1247 1645 sumus.
1265 1619 1294 1641 ut
1314 1616 1401 1649 aiunt,
1418 1616 1450 1642 ad
1477 1616 1613 1643 modicum
1641 1625 1646 1642 :
1678 1624 1732 1643 non
1754 1616 1815 1649 fuit,

1033 1661 1078 1687 sed
1095 1665 1186 1694 putata
1201 1665 1252 1688 est.
1267 1660 1324 1688 Non
1348 1662 1420 1688 enim
1436 1662 1516 1695 gladii
1531 1661 1658 1698 [gaudii].
1670 1662 1716 1689 sed
1731 1662 1817 1689 abun-

1032 1706 1165 1732 dantiori;
1178 1711 1206 1732 et
1220 1706 1380 1733 dilllcilioris
1405 1707 1545 1733 servitutis
1569 1707 1646 1733 nobis
1670 1706 1759 1734 factus
1776 1713 1818 1734 est

1032 1757 1126 1782 Causa,
1140 1755 1215 1777 tanto
1229 1751 1355 1778 inimicos
1364 1757 1474 1779 nostros
1487 1752 1634 1780 leroeiores
1645 1758 1816 1785 construens,

1033 1800 1136 1830 quanto
1162 1797 1223 1823 illos
1241 1804 1289 1824 nos
1305 1797 1423 1830 liberati,
1442 1803 1471 1824 ut
1496 1799 1651 1833 opinantur,
1668 1799 1814 1827 irrisimus.

1036 1843 1086 1869 Ubi
1116 1847 1204 1870 autem
1242 1844 1371 1878 continua
1408 1844 1594 1871 misericordia
1628 1851 1816 1874 Const-rratur.

1033 1896 1114 1922 quam
1127 1889 1279 1915 secundum
1295 1889 1466 1916 altitudinem
1488 1890 1626 1917 emlestem
1646 1898 1660 1917 a
1677 1897 1748 1919 terra
1765 1891 1816 1918 im-

1035 1942 1128 1962 mensa
1145 1933 1330 1970 [immensam]
1353 1942 1435 1968 super
1454 1942 1504 1962 nos
1519 1936 1696 1963 confirmasse
1720 1944 1749 1963 se
1775 1945 1817 1964 rc-

1036 1981 1171 2014 promisit,
1198 1981 1269 2015 quod
1296 1980 1396 2008 indicat
1425 1981 1580 2008 inﬁnitum?
1609 1982 1653 2009 Vel
1682 1984 1818 2018 qumnodo

1036 2026 1194 2060 iniquitates
1209 2031 1317 2054 nostras
1331 2027 1472 2062 elongasse
1486 2035 1501 2054 a
1520 2027 1597 2054 nobis
1611 2028 1721 2060 dicitur,
1734 2037 1820 2063 quau-

1035 2075 1093 2097 tum
1105 2072 1192 2099 Iistat
1216 2072 1250 2099 ab
1271 2073 1374 2099 oriente
1397 2080 1482 2107 usque
1502 2073 1535 2100 ad
1554 2074 1748 2102 occidentalem
1766 2076 1821 2110 pla-

1037 2125 1108 2152 gam.
1124 2118 1195 2152 quod
1221 2119 1404 2145 omnimodam
1432 2120 1643 2154 redemptionem
1672 2121 1771 2155 signat,
1798 2122 1820 2148 si

1038 2163 1127 2190 adhuc
1143 2163 1245 2190 eisdem
1268 2163 1439 2198 implicantur
1453 2165 1615 2192 erroribus?
1632 2165 1663 2192 Et
1683 2170 1756 2193 certe
1782 2167 1822 2192 \‘i-

1039 2209 1135 2236 demus
1150 2209 1316 2236 medicorum
1342 2210 1533 2243 peritissimos,
1549 2218 1611 2237 cum
1636 2212 1753 2245 aliquem
1779 2211 1821 2238 iu-

1040 2254 1119 2280 lirmo
1135 2262 1250 2288 corpore
1271 2255 1406 2289 jacenlem
1424 2256 1491 2282 artis
1508 2263 1564 2283 suae
1581 2256 1728 2290 diligentiis
1743 2257 1820 2291 adju-

1038 2300 1136 2331 verint,
1150 2305 1175 2327 et
1188 2300 1221 2327 ad
1236 2300 1379 2327 sanitatem
1394 2301 1561 2332 reduxerim,
1582 2309 1634 2328 non
1651 2309 1711 2328 eum
1727 2310 1788 2328 umx
1806 2310 1819 2328 τι

1039 2345 1164 2380 pra-senti
1190 2346 1362 2373 liberareriut
1395 2347 1543 2381 passione.
1571 2347 1730 2373 subtrahere
1755 2348 1821 2374 artis

1039 2392 1245 2426 esperientiam,
1258 2392 1304 2419 sed
1314 2397 1386 2419 certe
1398 2392 1432 2427 [f.
1446 2398 1526 2420 certa:
1538 2392 1637 2429 HARD.]
1651 2394 1709 2420 vita!
1722 2394 1822 2421 eirrui-

1040 2442 1096 2464 tum
1111 2438 1258 2464 cautiorem
1277 2440 1300 2464 ei
1329 2446 1375 2472 per
1390 2438 1511 2472 qua-dam
1529 2439 1629 2465 auxilia
1647 2441 1819 2474 pnenmnire.

1040 2482 1155 2508 valentia
1168 2483 1314 2509 sollicitum
1329 2484 1435 2517 operari
1459 2492 1465 2509 z
1488 2489 1624 2518 quatenus
1646 2492 1698 2511 non
1719 2485 1820 2512 eisdem

1040 2526 1108 2553 forte
1126 2535 1173 2561 per
1195 2527 1355 2561 imperitiam
1380 2527 1477 2554 iterum
1496 2529 1626 2555 molestiis
1641 2530 1822 2563 opprimatur.

1040 2571 1087 2597 Ast
1099 2579 1195 2598 rursus
1207 2572 1228 2598 si
1244 2579 1335 2597 verum
1349 2576 1400 2603 est,
1417 2572 1644 2605 tptemadmodum
1660 2578 1685 2599 et
1698 2578 1822 2606 compro.

1041 2617 1134 2643 batum
1152 2621 1211 2647 est,
1232 2616 1295 2651 quia
1311 2622 1430 2643 nostram
1447 2617 1603 2652 unigenitus
1619 2617 1664 2644 Dei
1685 2623 1712 2644 et
1737 2617 1824 2644 Patris

1040 2662 1125 2690 Filius
1142 2663 1229 2689 induit
1247 2668 1371 2690 naturam
1386 2672 1392 2689 :
1407 2663 1582 2690 manifestum
1597 2666 1649 2695 est,
1672 2664 1744 2698 quod
1762 2671 1823 2698 pro-

1041 2709 1106 2743 priis
1121 2717 1179 2735 eam
1190 2709 1268 2736 bouis
1278 2709 1413 2742 ditaverit,
1426 2714 1450 2736 et
1460 2709 1603 2744 prmcipuis
1613 2709 1730 2744 Spiritus
1744 2711 1823 2737 donis

1041 2757 1192 2791 repleverit,
1215 2765 1247 2783 ue
1258 2756 1291 2784 de
1301 2761 1400 2784 cetero
1409 2757 1500 2784 sarculi
1514 2757 1648 2793 [secundi]
1661 2758 1822 2793 cujusquam

1041 2805 1130 2834 egeret
1147 2801 1258 2832 emilio,
1273 2801 1356 2828 semel
1373 2801 1450 2828 abeo
1464 2802 1560 2830 robore
1574 2803 1619 2836 qui
1633 2804 1703 2830 hanc
1718 2811 1825 2831 assum-

815 2868 835 2882 ”
853 2867 927 2895 Psal.
939 2877 987 2902 ett,
1009 2871 1050 2897 ll.

1606 2917 1644 2947 ιο
