2041 3159
207 150 275 183 1325

805 137 932 176 ‘ssumo
952 140 1231 172 LAUDATORIUS.

1758 132 1827 162 1:26

202 205 299 234 ἄσυλον
313 203 481 236 διασώσασα,
497 203 556 238 ἦτοι
578 201 626 236 τὴν
644 200 766 227 δοθεῖσαν
786 199 828 225 ἐπ’
843 198 927 232 αὐτὴν
942 197 989 222 τοῦ

1058 199 1082 220 st
1099 194 1132 225 η,
1146 193 1249 221 Christi
1267 192 1361 227 sponsi
1377 192 1419 219 sui
1439 191 1547 218 arrham
1566 189 1747 217 lnviolabileut
1772 196 1826 216 ser-

202 250 361 286 Πνεύματος
375 249 465 284 χάριν.
492 247 637 282 Τοιγάρτοι
653 246 700 274 καὶ
714 246 728 272 ὁ
746 245 817 277 θεῖος
830 245 912 272 Δαὸὶδ
928 244 990 270 πολ-

202 292 262 327 λαῖς
288 295 421 330 πρότερον
441 294 551 328 γενεαῖς
572 293 602 319 τὺ
626 293 694 327 πρὸς
717 292 767 327 τὴν
786 292 878 318 πίστιν
905 290 991 325 αὐτῆς

203 341 309 376 ἑδραῖον
322 338 517 375 ἀνακηρύττων
530 338 624 372 ἔλεγεν
637 345 644 352 '
664 347 672 363 ι
690 337 718 363 ὐ
732 336 798 368 Θεὸς
812 337 841 363 ὲν
853 337 928 371 μέσῳ
941 336 990 362 αὐ-

204 387 263 421 τῆς,
279 381 325 412 καὶ
332 385 362 411 οὐ
381 377 577 421 σαλενθήσεται
589 391 600 420 '_
611 393 620 408 ι
635 382 682 410 καὶ
697 382 777 409 πάλιν
788 390 794 396 ·
811 381 992 416 «Ἐστερέωσε

204 420 253 465 τήν
265 424 430 464 οἰκουμένην
446 420 506 463 ἥτις
517 427 548 454 οὐ
559 427 756 462 σαλευθήσεται
766 434 772 441 ·
785 436 794 452 ι
808 427 867 457 ταῖς
883 434 993 452 σατανι-

205 477 266 507 καῖς
279 474 399 510 δηλονότι
420 472 638 508 πολιορκουμένη
655 473 799 507 μηχαναῖς.
818 471 867 497 Ἂν
883 471 937 505 γάρ
951 478 994 496 τι-

205 530 251 552 νες
263 519 294 547 τδ
310 514 455 554 στερέωμα
470 518 518 544 τοῦ
534 519 574 549 είς
593 517 678 553 αὐτὴν
693 517 862 548 διαδοθέντος
880 516 995 549 εὐαγγε-

207 560 283 593 λικοῢ
301 558 481 601 κηρύγματος
491 564 546 591 τῶν
562 556 646 590 πάλαι
671 563 687 598 ἢ
702 561 757 589 τῶν
776 561 824 588 νῦν
847 561 995 601 αῐρετικῷν

207 609 370 639 καταὰεἰσαι
386 602 578 645 τεθελήκασιν,
593 601 710 638 tum;
733 607 782 642 μὲν
803 607 833 634 τὸ
848 606 996 642 μελετηθὲν

208 656 248 689 εἰς
264 653 343 692 ἔργον
359 651 504 690 ἐκϐέβηκε.

244 734 339 780 Ταύτῃ
357 732 385 770 δὲ
404 739 472 778 μόνῂ
495 734 526 769 xi.
550 735 698 769 ἀσάλευτον
723 741 762 772 είς
777 740 863 767 αἰῶνα
880 739 997 774 τετήρη-

209 799 265 822 ται,
288 788 359 816 κατὰ
379 786 429 823 τὴν
452 787 556 822 ἀψευδῆ
581 786 628 813 τοῦ
650 787 787 822 φήσαντος
812 784 996 819 ἐπαγγελίαν

214 844 224 860 ‹
241 835 274 862 El
290 833 447 868 ἐπιλήσεται
466 831 535 867 γυνὴ
550 831 596 858 τοῦ
613 830 719 857 παιδίου
734 830 829 864 αὐτῆς,
847 830 863 864 ἢ
887 828 934 855 τοῦ
961 828 999 864 μὴ

211 877 322 913 ἐλεῆσαι
335 866 369 904 τά
379 877 478 910 ἔκγονα
491 866 541 910 τῆς
556 875 659 909 κοιλίας
672 871 773 909 αὺτῆς;
792 874 824 901 Εἰ
836 873 865 900 δὲ
878 874 926 907 καὶ
940 873 1000 899 ὲπι-
1015 866 1039 897 Β

212 923 324 959 λήσεται
338 922 425 949 ταῦτα
443 918 523 956 γυνὴ,
537 918 596 948 ἀλλ’
609 921 665 955 ὲγὼ
683 921 734 947 οὐκ
754 919 919 955 ἐπιλήσομαι
939 927 999 951 σου,

211 968 284 1002 λέγει
297 968 409 1002 Κύριὸς.
428 976 437 993 ι
464 966 607 997 Ἐάσαντες
625 960 769 1000 τοιγαροῦν
787 965 836 996 τὰς
854 965 882 991 ὲν
895 963 1001 996 τούτοις

212 1015 302 1041 αὐτῶν
313 1012 369 1039 τῶν
383 1012 471 1047 λόγων
490 1009 620 1048 στροφὰς,
636 1011 683 1038 καὶ
698 1011 792 1046 μακρὰ
809 1006 869 1041 ταῖς
883 1006 1002 1045 ὶρλυαρη-

215 1059 346 1094 μοᾶύναις
370 1058 459 1084 αὐτῶν
482 1058 588 1093 χαίρειν
612 1051 745 1088 εἰπόντες,
761 1050 821 1087 ταῖς
845 1055 900 1082 τῶν
917 1055 1002 1089 ἁγίων

214 1105 344 1140 Πατέρων
361 1100 643 1137 ἀνθυπονοστήσωμεν
660 1101 759 1134 δόξαις.
778 1101 844 1128 Θεὸν
858 1094 1003 1135 τοιγαροῦν

214 1149 334 1181 ᾶπαντες
345 1150 374 1176 ὲν
384 1148 542 1184 ἀνθρωπεία
554 1145 644 1183 μορφῇ
658 1147 698 1182 τῷ
711 1144 761 1181 βίῳ
773 1145 1002 1181 ὲπιδεδημηκότα,

213 1196 264 1231 τῆς
275 1195 330 1222 τῶν
343 1183 460 1222 εἰδώλων
480 1183 652 1228 πολυτρόπου
672 1192 778 1227 πλάνης
800 1183 873 1227 ἡμᾶς
889 1189 1004 1225 ἠλευθε-

217 1241 334 1276 ρωκέναι
353 1240 519 1275 δεδὲίχὰσιν·
541 1238 629 1270 οὕτως
650 1236 862 1273 αῑεπροφητικαὶ
884 1231 1004 1272 προαγο-

217 1285 324 1321 ρεύσεις
350 1284 554 1317 τεθεσπίκαὰιν,
581 1283 668 1314 οὕτως
692 1285 708 1319 ή
732 1281 900 1317 ἀποστολικὴ
925 1283 1005 1317 χάρις

217 1332 364 1367 ἑτράνωσε.
378 1330 487 1365 Ταύτην
504 1323 585 1366 ἡμεῖς
601 1329 650 1364 τὴν
659 1327 834 1355 διδασκαλίαν
845 1328 896 1354 οὐκ
905 1328 934 1353 ἐν
944 1335 1005 1353 πει-

217 1377 273 1409 θοῖς
295 1377 391 1410 σοφίας
413 1376 586 1411 ἀνθρωπίνης
608 1375 714 1409 λόγοις,
736 1374 793 1402 ἀλλ’
824 1375 853 1401 ὲν
872 1374 1006 1404 διδακτοῖς

218 1422 440 1458 Πνεύματος,ὼς
451 1422 616 1458 γέγραπται,
643 1417 860 1456 ὲὸεϐαιώθημεν.
885 1412 923 1447 Οὐ
952 1419 1006 1455 γὰρ

218 1469 292 1504 ἡμᾶς
307 1468 335 1494 al
355 1468 409 1494 τῶν
422 1467 509 1502 λόγων
524 1467 656 1502 κομψεῖαι
676 1466 763 1498 οὕτως
783 1466 855 1500 ἔχειν
873 1465 1007 1492 πεπείκα-

221 1521 263 1541 σιν
274 1522 282 1529 ·
302 1513 438 1549 Ἐλλήνων
452 1513 508 1548 γὰρ
521 1513 600 1539 τοῦτο
610 1520 617 1527 ⁸
635 1512 693 1539 ἀλλ’
707 1512 723 1546 ἡ
735 1511 788 1537 τῶν
806 1519 894 1546 συμπε
900 1511 1007 1546 ρασμά-

218 1567 274 1586 των
291 1559 381 1585 αὐτῶν
402 1559 527 1594 ἀλήθεια.
550 1556 606 1585 Ποῦ
622 1557 677 1593 γὰρ
691 1558 731 1584 ἔτι
747 1558 777 1584 τὺ
793 1557 845 1584 τῶν
858 1556 1006 1592 δαιμονίων

219 1603 342 1638 ὀλέθριον
357 1603 467 1638 στίφος;
484 1602 536 1629 ποῦ
559 1603 587 1629 al
608 1598 725 1628 διάκενοι
745 1597 793 1628 καλ.
813 1601 939 1637 βδελυραὶ
953 1601 1007 1627 τῶν

220 1650 338 1677 εἰδώλων
350 1649 475 1682 salerni;
493 1649 543 1675 ποῦ
558 1649 586 1676 αἱ
599 1647 652 1674 τῶν
665 1648 848 1683 ψευδωνύμων
862 1647 931 1674 θεῶν
945 1649 1006 1674 ἐπι-

222 1695 336 1729 σφαλεϊς
350 1694 398 1722 καὶ
414 1694 580 1730 ψυχοςθόροι
600 1696 739 1728 μαντείαις
758 1693 809 1720 ποῦ
830 1695 857 1719 al
881 1691 1007 1728 βακχεῖαι

220 1741 270 1775 τῆς
291 1738 461 1776 Ἀφροδίτης,
477 1741 524 1767 καὶ
546 1740 581 1767 τὰ
604 1740 684 1774 δργια
709 1739 759 1773 τῆς
786 1736 945 1773 Δημήτρας,
961 1739 1008 1765 καὶ

221 1787 270 1821 τῆς
287 1786 445 1821 Ἀρτέμιδος
463 1786 490 1812 αἱ
508 1782 673 1817 ξενοκτονίαι
687 1793 693 1816 ;
712 1784 763 1810 ποῦ
777 1783 805 1810 αἱ
820 1784 866 1810 τοῦ
880 1783 1007 1810 Διονύσου

223 1832 376 1866 παράφοροι
400 1831 504 1866 ἑορταὶ,
523 1831 591 1866 μετὰ
613 1831 662 1865 τῆς
677 1831 797 1865 ἀθέσμου
815 1829 1007 1864 ἀνδρομανίας,

222 1877 269 1903 καὶ
281 1878 297 1912 ὴ
311 1877 357 1903 τοῦ
369 1877 514 1911 λεγομένου
533 1873 637 1911 Μίθρου
655 1874 757 1906 ἔνδικος
774 1875 891 1910 μύησις;
915 1874 966 1901 ποῦ
981 1875 1008 1900 αἰ

223 1921 357 1955 ὑπόγειοι,
374 1921 421 1948 καὶ
435 1922 587 1956 ὐπέργειοι,
606 1922 654 1947 καὶ
671 1921 760 1956 ἀέριοι
773 1919 1009 1955 ἀνθρωποκτονίαι

221 1967 277 1992 τῶν
296 1967 454 2002 λεγομένων
478 1967 548 1993 θεῶν
575 1966 660 1998 οὓτως
683 1966 925 2002 ἑπιτερπομένωνι
949 1966 1010 2000 οὐχὶ

223 2012 312 2040 πάντα
332 2015 364 2048 τῇ
384 2013 518 2048 ἐπιδημίᾳ
541 2012 587 2039 τοῦ
605 2012 765 2047 μονογενοῦς
787 2012 853 2039 Υίοῦ
871 2011 918 2038 τοῦ
941 2008 1009 2038 Ε)εοῦ

222 2059 351 2089 ὥλλυντο,
366 2059 414 2085 καὶ
428 2059 504 2090 τέλος
516 2059 570 2084 πᾶν
583 2058 696 2093 βέϐηλον
710 2058 850 2090 ὲδέξαντο;
865 2058 924 2093 οὐχί
937 2059 970 2084 τὰ
981 2059 1010 2083 ἐν

224 2105 317 2132 κάλλει
332 2103 473 2139 δομήσεών
489 2112 554 2130 ποτε
569 2103 776 2138 ὲκπεποιημένα
798 2103 887 2129 αὐτῶν
909 2103 1009 2138 τεμένη

223 2150 272 2176 νῦν
284 2150 434 2184 ἡρίπωται,
456 2150 503 2176 καὶ
520 2150 561 2180 εἰς
578 2149 630 2183 γῆν
647 2149 858 2184 καταϐέϐληται,
875 2149 1010 2184 αὐτοκρα-

1042 246 1120 271 raus,
1136 238 1162 264 id
1178 242 1229 270 est,
1251 237 1344 264 datam
1369 236 1395 263 in
1414 243 1443 263 se
1464 234 1580 270 Spiritus
1594 234 1721 270 gratiam.
1743 233 1828 267 Cujus

1041 285 1080 311 rei
1093 284 1180 319 gratia
1198 288 1225 310 et
1241 283 1349 310 divinus
1378 281 1462 308 David
1488 280 1583 308 multis
1599 280 1674 314 prius
1702 279 1829 315 gentibus

1042 329 1259 357 immobilitatem
1279 328 1335 355 ﬁeri
1358 327 1444 363 [ﬁdei]
1464 327 1499 354 ab
1522 327 1566 353 illa
1588 326 1717 353 exhibita:
1733 326 1830 360 prredi-

1041 383 1109 410 cans
1124 374 1263 402 asserebat
1281 383 1287 400 :
1302 383 1311 399 (
1329 373 1400 401 Deus
1417 373 1443 400 in
1460 373 1550 400 medio
1564 372 1624 406 ejus
1640 379 1693 398 non
1712 379 1832 399 commo-

1044 420 1169 452 vebitur;
1186 419 1286 447 ctenitn
1311 418 1349 454 [et
1363 417 1473 453 iterum]
1492 417 1610 445 ﬁrmavit
1633 417 1726 444 orbem
1742 421 1830 448 terrae,

1043 467 1090 500 qui
1114 474 1169 494 non
1190 466 1407 493 comm0vebitur
1432 465 1473 498 '°;
1496 474 1504 490 I
1535 464 1678 492 diabolicis
1706 463 1833 491 videlicrt

1045 513 1220 547 impugnatus
1235 510 1471 538 machinamentis.
1482 509 1551 537 Nam
1565 510 1615 537 etsi
1631 510 1833 537 ﬁrmamentum

1045 557 1209 592 evangelicae
1224 556 1424 592 praedicationis
1437 563 1499 591 qua:
1511 555 1538 582 in
1554 563 1614 582 eam
1629 555 1691 582 data
1704 560 1757 588 est,
1776 555 1834 590 qui-

1045 603 1109 630 dam
1125 602 1301 636 antiquorum
1319 601 1361 628 vel
1384 601 1545 628 instantium
1563 600 1753 628 haereticorum
1773 607 1836 627 eon-

1047 653 1140 676 cutere
1155 649 1312 680 voluerunt,
1340 646 1393 674 illis
1409 651 1499 674 tamen
1516 646 1588 681 quod
1618 646 1738 673 meditati
1760 651 1835 676 sunt,

1046 694 1073 720 in
1092 701 1161 728 opus
1176 698 1334 728 reputalttm
1351 696 1404 720 est.

1083 739 1153 767 lluic
1177 743 1270 766 autem
1294 738 1345 766 soli
1371 737 1550 766 immobilitas
1572 738 1599 764 in
1620 743 1752 766 aeternum
1777 747 1836 767 ser-

1058 790 1121 812 vata
1140 789 1182 812 est
1195 777 1270 819 juxta
1286 782 1528 818 repromissionem
1542 782 1616 809 illius
1629 783 1674 817 qui
1690 791 1744 811 non
1760 792 1820 812 men
1831 801 1838 806 -

1051 831 1129 864 titur,
1147 831 1264 858 dicens:
1284 837 1293 855 t
1314 820 1343 856 Si
1364 828 1448 855 oblita
1465 827 1548 855 fuerit
1566 828 1666 855 mulier
1683 830 1760 864 pueri
1782 831 1836 861 sui,

1053 881 1083 904 ut
1101 883 1157 903 non
1171 875 1337 903 misereatur
1355 874 1458 901 sobolis
1478 874 1583 901 ventris
1601 874 1665 901 sui?
1683 877 1756 909 quod
1773 876 1796 903 si
1811 881 1838 903 et

1051 922 1136 950 oblita
1151 921 1233 949 fuerit
1252 921 1334 956 hujus
1347 920 1456 950 mulier.
1478 920 1525 948 Sed
1545 927 1596 955 ego
1616 927 1673 948 non
1689 921 1839 948 obliviscar

1052 967 1103 1000 tui,
1119 967 1187 994 dicit
1203 966 1338 993 Daminus
1351 967 1383 992 ".
1401 974 1410 990 ι
1429 965 1555 993 Dimissis
1570 965 1662 1000 itaque
1676 973 1837 993 sermonum

1051 1020 1147 1040 eorum
1174 1011 1352 1044 tortionibus,
1378 1011 1480 1046 quibus
1503 1011 1530 1038 in
1552 1011 1594 1039 his
1618 1012 1659 1039 usi
1678 1016 1753 1045 sunt,
1776 1017 1803 1039 et
1823 1021 1838 1039 a

1053 1058 1133 1091 longe
1169 1057 1287 1092 garrulis
1321 1056 1598 1085 sermocinationibus
1634 1058 1756 1092 ipsorum
1791 1066 1840 1085 ave

1052 1103 1144 1135 dicto,
1177 1107 1335 1129 sanctorum
1361 1101 1473 1131 Patrum
1500 1103 1608 1137 saporis
1620 1104 1642 1119 ¹²
1669 1104 1839 1131 delectemur

1053 1148 1242 1183 opinionibus.
1265 1139 1348 1174 Deum
1370 1147 1453 1182 igitur
1473 1155 1566 1175 omnes
1583 1149 1661 1176 nobis
1678 1150 1703 1176 in
1720 1149 1838 1177 humana

1054 1193 1141 1221 forma
1158 1193 1184 1220 in
1200 1194 1330 1220 mundum
1345 1193 1496 1228 profectum
1512 1201 1526 1220 a
1543 1194 1704 1221 multimodo
1718 1202 1768 1222 nos
1779 1195 1840 1222 ido—

1055 1240 1145 1267 lorum
1174 1247 1267 1267 errore
1291 1239 1421 1266 liberasse
1442 1244 1685 1268 monstraverunt:
1706 1241 1745 1268 sic
1776 1250 1839 1276 pro—

1057 1287 1174 1321 phetica:
1199 1285 1405 1320 prolocutiones
1428 1286 1688 1320 promulgaverunt,
1713 1287 1754 1315 sic
1773 1295 1840 1322 apo-

1057 1331 1156 1359 stolica
1171 1331 1258 1367 gratia
1276 1331 1444 1365 explanavit.
1462 1330 1519 1358 Hae
1536 1339 1587 1358 nos
1601 1331 1725 1360 doctrina
1740 1340 1794 1360 non
1813 1332 1840 1360 in

1057 1377 1287 1412 persuasibilibus
1314 1377 1440 1404 humana:
1459 1378 1598 1413 sapientiae
1619 1378 1718 1409 verbis,
1743 1378 1790 1405 sed
1814 1379 1841 1406 in

1057 1424 1215 1451 ostensione
1236 1423 1364 1458 Spiritus,
1384 1423 1601 1459 sicutlscriptum
1619 1429 1669 1456 est,
1698 1425 1840 1452 certiﬁcati

1058 1476 1163 1496 Sumus.
1190 1468 1248 1495 Non
1268 1469 1340 1495 enim
1370 1475 1422 1495 nos
1441 1476 1598 1495 sermonum
1629 1469 1772 1496 suasiones
1800 1469 1841 1497 sic

1058 1515 1158 1542 habere
1185 1514 1325 1547 fecerunt;
1359 1521 1525 1550 paganorum
1546 1515 1618 1541 enim
1640 1521 1681 1542 est
1709 1516 1775 1549 hoc;
1793 1517 1840 1543 sed

1059 1561 1179 1595 ipsarum
1204 1568 1294 1587 rerum
1327 1567 1388 1594 quae
1408 1559 1575 1587 conﬁrmatae
1605 1560 1841 1599 [consummatae]

1060 1611 1134 1639 sunt,
1153 1606 1265 1633 veritas.
1293 1606 1358 1632 Nam
1377 1605 1422 1632 ubi
1448 1609 1489 1632 est
1512 1606 1669 1640 perniciosa
1690 1606 1841 1635 daemonio—

1061 1660 1120 1678 rum
1136 1651 1228 1679 acies?
1240 1651 1283 1678 ubi
1299 1651 1395 1678 inanes
1410 1655 1438 1678 et
1451 1652 1625 1679 exsecranda!
1642 1652 1775 1679 idolorum
1791 1653 1842 1680 im-

1061 1697 1246 1724 molationes?
1263 1697 1308 1723 ubi
1327 1696 1388 1723 lulsi
1412 1697 1532 1723 nominis
1548 1697 1661 1733 deorum
1681 1698 1844 1732 deeeptorim

1060 1743 1269 1776 animarumque
1295 1742 1480 1781 corruptrices
1494 1743 1699 1770 divinationes?
1727 1743 1775 1772 Ubi
1795 1745 1843 1771 de-

1061 1787 1255 1814 bacchatioues
1278 1787 1402 1818 Veneris.
1428 1791 1453 1814 et
1481 1794 1558 1814 sacra
1578 1789 1707 1823 mysteria
1733 1788 1842 1816 Cereris

1060 1837 1142 1867 atque
1165 1832 1256 1859 Dianae
1281 1832 1475 1866 hospitiridla?
1492 1831 1541 1859 Ubi
1561 1832 1681 1868 Dionysii
1697 1832 1759 1869 [pro
1778 1834 1844 1861 Dio-

1062 1878 1130 1912 nysi.
1151 1876 1262 1912 “ARD.],
1278 1884 1386 1903 vesana:
1415 1876 1576 1903 festivitates
1601 1884 1663 1903 cum
1687 1877 1780 1905 illicita
1802 1879 1843 1905 vi-

1062 1930 1155 1949 rorum
1172 1923 1293 1954 vesania.
1317 1926 1344 1949 et
1365 1922 1512 1955 nuncupati
1538 1921 1642 1948 Mithrae
1659 1921 1731 1956 justa
1755 1923 1844 1950 imbu-

1063 1967 1120 1994 tio?
1145 1966 1196 1994 Ubi
1217 1967 1315 1994 subtus
1336 1971 1436 1993 teriam
1459 1971 1485 1993 et
1509 1974 1591 2001 supra
1608 1971 1708 1994 terram
1732 1967 1803 1996 facta
1819 1976 1845 1996 et

1062 2011 1137 2038 aeria
1157 2011 1306 2038 homicidia
1332 2017 1492 2038 vocatorum
1518 2011 1630 2039 deorum
1658 2013 1749 2039 taliter
1772 2013 1845 2041 dele-

1062 2055 1217 2082 ctautium?
1246 2055 1341 2082 Nonne
1366 2055 1457 2082 omnia
1481 2055 1614 2090 unigeniti
1640 2055 1700 2082 Filii
1728 2056 1774 2083 Dei
1795 2057 1843 2083 ad-

1065 2105 1146 2128 ventu
1164 2100 1313 2135 perierunt,
1329 2105 1356 2128 et
1373 2100 1454 2127 ﬁnem
1471 2100 1694 2135 profanissimum
1717 2110 1846 2137 suscepe-

1063 2146 1148 2172 runt?
1174 2145 1270 2172 Nonne
1295 2146 1408 2180 pulchre
1432 2146 1571 2180 quondam
1600 2147 1723 2174 dedicata
1750 2156 1845 2175 eorum

223 2197 343 2229 τορικοῖς
361 2194 588 2229 παρακελεύμασι
611 2194 690 2221 τοῦτο
711 2194 802 2220 αὐτῶν
817 2194 1005 2226 πεπονθότωνς

1064 2193 1175 2226 templa,
1203 2201 1275 2219 nunc
1300 2193 1485 2226 imperaturiis
1508 2192 1573 2220 elisa
1593 2193 1682 2228 jussis
1701 2197 1728 2220 et
1746 2194 1778 2221 ad
1795 2199 1847 2221 ter-

224 2240 292 2274 Οὐχὶ
305 2240 337 2266 ὲκ
351 2239 400 2274 τῆς
411 2240 538 2266 ἁπάντων
554 2237 724 2274 Χριστιανῶν
738 2239 852 2275 καρδίας
865 2240 891 2266 αἱ
907 2239 1008 2266 τούτων

226 2286 318 2319 μνεῖαι
332 2283 564 2319 ὲξηφανίσθησαν,
573 2284 620 2310 καὶ
632 2283 662 2310 τὸ
674 2285 723 2319 τῆς
737 2285 903 2320 προφητείας
917 2285 1009 2316 αὐτοῖς

226 2329 371 2363 πράγμασι
386 2329 578 2364 περατωμένον
589 2330 696 2364 ὁρᾶται,
714 2329 743 2355 τὸ
761 2339 770 2355 ι
784 2330 922 2365 Ἐπλήσθη
936 2331 1009 2356 πᾶσα

225 2374 242 2407 ἡ
258 2374 293 2407 γῆ
308 2373 355 2399 τοῦ
367 2373 468 2406 γνῶναι
479 2373 524 2399 τὸν
538 2373 651 2408 Κύριον,
666 2376 703 2405 ὼς
719 2372 790 2409 ὕδωρ
806 2375 872 2402 πολὺ
891 2383 1010 2402 κατακα-

226 2418 326 2445 λύπτον
350 2419 507 2450 οαλάσσας;
530 2427 539 2444 ›
573 2419 810 2454 Προσκυνήσωμεν
844 2421 934 2446 τοίνυν
964 2421 1010 2446 τὸν

227 2463 393 2496 ἐπιφανέντα
410 2463 523 2499 Κύριον,
541 2463 588 2489 καὶ
604 2464 653 2497 τῆς
668 2463 768 2490 τούτων
782 2466 855 2500 ἡμᾶς
875 2465 1024 2500 λελυτρω-“

227 2508 294 2534 κάτα
323 2508 501 2543 παγχαλέπου
525 2508 640 2543 πλάνης.
671 2508 852 2545 Ὑμνήσωμεν
879 2511 961 2538 αὑτοῦ
982 2512 1013 2538 τὸ

226 2554 418 2588 ἀπεριόριστον
435 2554 485 2588 τῆς
502 2553 724 2589 φιλανθρωπίας·
741 2555 905 2590 κηρύεωμεν
925 2558 954 2582 ἐν
973 2557 1012 2591 τῷ

226 2600 276 2633 τῆς
284 2598 590 2633 ἡμετέραςἘκκλησίας
599 2599 759 2634 ὑψηλοτάτῳ
768 2600 826 2635 δρει
836 2601 884 2635 τὴν
896 2601 1013 2636 φρικτὴν

226 2645 273 2670 καὶ
291 2645 481 2679 ἁνέκιρραστον
495 2645 578 2671 αὑτοῦ
594 2644 644 2679 τῆς
666 2646 821 2680 οἰκονομίας
838 2649 1012 2680 συγκατάὃα-

226 2697 286 2716 σινο
300 2689 454 2724 ὑψὼσωμεν
474 2689 523 2721 τὰς
538 2690 628 2724 φωνὰς
649 2691 678 2716 ὲν
694 2689 776 2726 ίσχΰι,
794 2692 840 2718 καὶ
858 2693 895 2728 μὴ
912 2693 1012 2728 φεισώ-

227 2733 297 2768 μεθα
312 2733 362 2769 τὴν
378 2734 617 2769 μεγαλοπρέπειαν
638 2735 686 2771 τῆς
701 2735 780 2772 δόξης
800 2737 894 2769 αὑτοῦ,
910 2739 1010 2774 δηλαδὴ

262 2811 283 2829 ¹¹
297 2810 318 2837 ΙΙ
333 2810 397 2838 Cor.
413 2820 450 2844 ιι,
461 2815 488 2840 '2.

1063 2246 1121 2264 ram
1139 2243 1275 2272 prostrata
1292 2238 1376 2265 sunt?
1392 2238 1488 2265 Nonne
1512 2239 1651 2265 memoria:
1672 2239 1793 2273 ipsorum
1812 2241 1846 2266 ah

1064 2283 1188 2310 omnium
1204 2283 1288 2310 corde
1307 2283 1528 2310 Christianorum
1544 2285 1750 2318 disparuerunt,
1772 2291 1796 2313 et
1815 2287 1847 2313 il-

1065 2330 1110 2357 lud
1128 2330 1276 2364 prophetiae
1293 2329 1361 2364 ipsis
1379 2331 1460 2357 rebus
1483 2329 1584 2357 factum
1600 2331 1743 2364 aspicitur,
1771 2332 1846 2358 vide-

1065 2376 1129 2403 licet
1146 2385 1151 2403 :
1174 2385 1182 2400 ι
1203 2375 1314 2410 chleta
1335 2380 1376 2402 cst
1401 2380 1472 2402 terra
1490 2376 1672 2410 cognoscendi
1689 2375 1845 2409 Dominum,

1066 2421 1143 2455 quasi
1168 2429 1238 2455 aqua
1264 2421 1348 2447 multa
1371 2428 1431 2454 quo!
1453 2421 1540 2455 operit
1562 2428 1638 2448 mare
1649 2421 1692 2447 ³³2
1711 2431 1719 2447 ι
1742 2422 1842 2451 Adore-

1066 2474 1127 2493 mus
1146 2466 1229 2501 igitur
1247 2465 1393 2492 Dominum
1409 2466 1456 2500 qui
1481 2467 1617 2501 apparuit,
1635 2472 1662 2494 et
1678 2467 1713 2494 ab
1728 2467 1780 2495 hoc
1795 2476 1845 2496 nos

1064 2512 1214 2538 saevissimo
1247 2511 1373 2538 liberavit
1402 2519 1506 2538 errore.
1549 2512 1686 2547 Hymnum
1722 2513 1846 2541 dieamtts

1064 2557 1151 2591 ipsius
1166 2557 1278 2584 inﬁnita
1295 2557 1501 2589 misericordiae,
1518 2558 1700 2592 praedicamus
1717 2558 1847 2587 Ecclesia:

1066 2607 1165 2630 nostrae
1185 2603 1321 2629 altissimo
1345 2603 1430 2630 monti
1456 2603 1614 2631 horribilem
1635 2608 1662 2631 et
1685 2605 1846 2633 ineffabilem

1063 2648 1279 2684 dispensationis
1304 2648 1364 2683 ejus
1393 2648 1609 2677 condescensum
1644 2649 1846 2687 [consensum].

1063 2694 1221 2722 Exaltemus
1246 2702 1328 2722 voces
1347 2695 1373 2721 in
1393 2693 1572 2728 fortitudine,
1593 2701 1620 2723 et
1644 2703 1678 2724 ne
1702 2704 1848 2731 parcamus

1068 2740 1299 2775 magniﬁcentiam
1323 2740 1473 2775 maiestatis
1499 2740 1557 2775 ejus
1582 2741 1845 2777 incomprehensibi-

537 2813 560 2829 ὀ
572 2812 647 2854 Ρξοι.
669 2821 731 2845 νιν,
761 2813 795 2845 6;
819 2816 959 2854 xcv,__ln._
977 2816 999 2831 “

1060 2837 1066 2844 .
1091 2824 1164 2849 XLIX,
1182 2817 1225 2844 15.
1263 2818 1286 2832 ”
1303 2816 1322 2851 f.
1337 2817 1449 2854 sapidis.
1465 2816 1541 2854 Vare.»
1556 2816 1625 2852 Jolyi
1653 2819 1722 2846 nihil
1750 2823 1849 2854 mutat,

225 2853 315 2875 neque
346 2854 409 2874 vero
443 2856 555 2876 necesse
571 2847 622 2876 fuit
646 2856 707 2875 cum
731 2857 842 2882 superus
863 2851 994 2884 adjective
1006 2852 1115 2878 dicatur
1131 2847 1183 2879 non
1200 2859 1280 2879 secus
1300 2847 1331 2878 ac
1346 2847 1456 2886 sript'dis.
1495 2853 1517 2868 ’³
1535 2852 1586 2880 lsa.
1601 2847 1643 2885 'xt,
1660 2854 1685 2880 9.
