2041 3159
211 154 276 188 1327

715 156 879 186 EPIPHAN
886 157 911 185 II
932 157 1163 188 CATANENSIS
1183 159 1335 189 DIACONI

1777 162 1787 195 ί
1792 165 1842 196 328

211 211 275 243 lem,
301 210 407 238 scilicet
433 208 566 237 affectum
593 217 674 244 quem
698 217 762 245 erga
790 218 840 238 nos
865 210 999 242 exhibuit,

1053 212 1101 247 τὴν
1126 213 1190 248 περὶ
1209 214 1283 247 ἡμᾶς
1307 213 1390 241 αὐτοῦ
1416 214 1611 251 ἀκατάληπτον
1635 217 1843 254 ἐκδιηγούμενοι

211 260 384 283 enm-antes.
414 255 542 283 Dicamus
570 255 604 282 ad
631 263 693 282 eum
716 261 745 282 ct
771 263 821 283 nos
846 263 908 282 cum
935 263 1000 291 pro-

213 301 295 336 pheta
314 309 320 328 :
342 311 351 328 t
371 301 439 334 Quis
453 301 528 329 Deus
543 301 614 329 sicut
629 306 668 335 tu,
684 301 812 329 auferens
829 302 997 336 iniquitates,

212 351 239 374 et
256 347 397 374 occultans
413 351 525 381 peccata
544 347 663 374 residuis
678 347 846 374 haereditatis
864 347 968 374 tum"?
987 357 997 374 ι

212 393 346 419 Praeterea
376 393 477 420 choros
506 393 641 420 ducamus
672 400 733 420 cum
760 394 888 428 praesenti
921 401 1000 422 sacro

212 438 390 470 commercio,
409 445 459 465 ave
474 438 511 465 illi
527 438 598 464 atl‘ati
616 443 744 473 tanquam
771 440 861 474 gaudii
877 440 998 467 bravium

213 483 373 510 tribuentes.
385 483 478 510 Gaude
495 483 588 517 igitur,
614 483 832 510 sacratissimum
854 485 997 519 collegium

212 529 297 556 divini
323 536 356 556 ac
379 528 479 555 sacrati
504 533 665 555 conventus.
682 528 828 561 Gaudete,“
842 534 999 557 sanctorum

212 575 322 603 Patrum
350 573 520 601 sanctissimi
556 579 785 608 propugnatores.
815 573 921 607 Gaude,
941 576 1000 603 sine

212 620 356 648 mendacio
371 619 557 654 congregatio,
575 619 601 646 in
618 619 698 653 cujus
715 619 804 646 medio
820 619 891 647 Deus
911 620 999 648 inam—

212 666 296 697 bulat,
314 665 385 692 sicut
400 665 537 699 scriptum
551 669 592 691 cst
605 666 639 690 ".
655 664 759 697 Gaude,
781 666 928 693 concilium
945 666 1001 701 spi-

213 712 284 739 ritali
301 711 471 746 apparitione
483 710 614 737 refertum
634 720 640 737 :
656 718 688 737 ex
702 718 755 745 qua
772 711 817 745 qui
835 711 1000 742 illustratur,

212 765 267 785 non
285 756 404 784 offendet
421 756 453 783 ad
476 755 592 790 lapidem
618 756 751 783 batreticte
776 757 905 792 falsaeque
922 758 998 785 locu-

214 803 298 831 tionis
322 802 460 837 spiritales
482 801 581 828 aniumt
605 801 697 836 pedes.
714 802 820 835 Gaude,
845 804 1001 838 speculator

214 849 368 877 divinarum
392 847 618 882 indagatiouum;
645 855 725 882 quem
748 849 794 882 qui
819 850 940 876 modeste
956 858 1000 877 se-

211 895 315 929 quitur,
333 902 348 921 a
362 894 507 921 minitante
516 893 674 928 rhomphaea
689 895 804 921 eruitur.
820 894 924 928 Gaude,
936 903 1004 923 sem-
1019 887 1040 916 Β

211 948 260 975 per
277 939 372 967 ﬂoride
388 938 526 974 paradise,
546 939 572 965 in
592 939 673 974 cujus
699 940 789 967 medio
812 940 874 968 vita:
894 942 998 976 lignum

212 986 361 1020 plantatum
385 990 437 1018 est,
463 993 512 1020 per
538 985 770 1020 quadripertitum
794 986 1000 1022 Evangeliorum

211 1032 318 1058 laticem
348 1038 501 1065 aspersum.
533 1030 638 1063 Gaude,
654 1039 736 1058 aurea
754 1032 892 1066 iguitaquc
903 1033 1006 1060 colunt-

212 1085 258 1110 na,
287 1085 387 1103 novum
422 1076 468 1103 Dei
495 1076 589 1107 Israel.
612 1077 710 1104 lucidis
727 1077 884 1112 dogmatum
900 1079 1004 1106 doctri-

212 1123 256 1150 nis
279 1122 313 1149 ab
338 1121 500 1157 Egyptiaca
526 1129 629 1153 manu,
660 1123 684 1148 id
714 1128 755 1149 cst
781 1123 999 1151 htcretizantium

211 1175 306 1194 errore
325 1168 463 1198 liberans,
480 1172 507 1194 et
531 1168 565 1194 ad
591 1172 693 1195 terram
711 1169 932 1203 repromissionis
953 1169 1001 1196 Pa-

213 1218 285 1240 trutn
302 1213 466 1240 orthodoxia
484 1213 631 1241 deducens.
649 1213 786 1241 Audacter
801 1214 827 1241 in
840 1215 1001 1242 ostensione

213 1260 337 1286 veritatis
355 1264 382 1287 ct
397 1259 560 1287 ﬁducialiter
577 1267 637 1294 age.
657 1259 788 1287 Revelata
801 1260 871 1288 facie
886 1261 999 1295 gloriam

212 1313 296 1333 sacra:
309 1311 334 1332 ct
349 1305 491 1333 Catholica:
506 1305 636 1333 Ecclesiae
648 1306 777 1340 praedica.
793 1306 880 1341 Supra
898 1312 1000 1341 petram

212 1351 318 1379 stabilis
331 1352 550 1379 conversationis
565 1352 708 1380 versatiles
725 1353 906 1387 quorumdam
924 1361 998 1380 meu-

217 1403 258 1425 tcs
274 1397 409 1424 doctrinis
427 1397 571 1425 conﬁrma.

1054 258 1182 292 στοργήν.
1201 259 1333 294 Εἴπωμεν
1362 260 1431 294 μετὰ
1456 260 1503 287 τοῦ
1528 263 1668 297 προφήτου
1692 264 1739 290 καὶ
1763 265 1844 300 ἡμεῖς

1053 302 1121 338 πρὸς
1136 303 1232 329 αὐτόν·
1250 313 1259 329 (
1277 303 1325 335 Τίς
1337 304 1403 336 Θεὸς
1416 304 1510 340 ὥσπερ
1527 305 1569 338 σὺ,
1585 305 1701 342 ἐξαιρῶν
1715 309 1841 343 ἀνομίας,

1053 348 1100 374 καὶ
1113 348 1297 384 ἀποκρύπτων
1310 349 1448 384 ἁμαρτίας
1460 350 1516 381 τοῖς
1528 351 1702 383 καταλοῖποις
1718 353 1766 387 τῆς
1781 353 1843 388 κλη-

1054 392 1181 426 ρονομίας
1200 402 1246 419 σου
1260 403 1267 426 ;
1288 403 1296 419 ι
1314 394 1546 429 Συγχορεύσωμεν
1561 396 1588 422 δὲ
1604 396 1651 423 καὶ
1665 399 1698 432 τῇ
1716 390 1857 434 παρούσῃ]

1055 438 1114 472 ἱερᾷ
1121 438 1285 473 πανηγύρει,
1295 438 1335 470 τὸ,
1345 439 1441 473 Χαῖρε,
1450 440 1518 474 αὐτῇ
1528 441 1791 476 προσφθεγτὸμενοι,
1805 443 1843 474 ὡς

1053 484 1101 518 τῆς
1117 484 1205 519 χαρᾶς
1228 484 1437 520 βραϐευτήριον.
1456 486 1570 520 Χσῐροις
1593 487 1694 519 τοίνυν,
1716 484 1738 514 ὦ
1764 489 1844 520 ἱερώ-

1052 538 1117 556 τατε
1135 530 1248 564 σύλλογε
1264 530 1340 562 Θείας
1357 531 1403 557 καὶ
1423 531 1563 566 ἱερατικῆς
1583 533 1757 568 ὁμηγύρεως.
1773 534 1842 560 Χαί-

1054 583 1122 610 ροις,
1137 575 1225 608 ἁγίων
1245 575 1377 610 Πατέρων
1405 576 1539 610 ἀγιώτατε
1558 577 1693 612 πρόμαχε.
1718 578 1842 614 Χαέροις,

1053 619 1120 646 Θεοῦ
1147 620 1347 654 ἀψευδέστατον
1374 621 1522 657 ἄθροισμα,
1542 623 1571 647 ὲν
1586 619 1608 656 ᾧ
1633 623 1698 654 Θεὸς
1719 625 1747 650 ἐν
1768 624 1844 659 μέσῳ

1054 666 1238 701 περιπολεύει,
1252 666 1289 697 ὡς
1297 667 1464 701 γέγραπται.
1476 668 1601 703 Χαίροις,
1617 670 1711 703 χορεία
1724 678 1844 704 πνευμα-

1053 712 1132 745 τικῆς
1148 711 1291 746 δᾳδουχίας
1312 712 1443 744 ἀνάπλεε,
1459 712 1489 745 ἑξ
1508 711 1543 748 ἦς
1563 714 1577 739 ὁ
1596 714 1844 750 καταλαμπόμενος

1053 758 1083 784 οὺ
1098 757 1247 791 προσκόψει
1262 757 1328 791 πρὸς
1339 757 1412 783 λίθον
1429 758 1573 794 αίρετικῆς
1585 758 1767 793 ψευδοδοξίας,
1780 761 1844 792 τοὺς

1053 803 1165 836 νοητοὺς
1189 803 1239 837 τῆς
1263 802 1353 837 ψυχῆς
1376 804 1468 835 πόδας.
1483 804 1607 840 Χαίροις,
1633 805 1646 831 ὀ
1665 806 1765 837 σκοπὶς
1788 806 1843 832 τῶν

1053 849 1133 876 θείων
1154 848 1306 883 δηλώσεων,
1328 846 1349 883 ᾧ
1372 851 1386 876 ὁ
1406 850 1551 885 εὐρύθμως
1571 851 1702 886 ἑπόμενος
1727 851 1776 886 τῆς
1790 853 1842 879 ἀπ-

1054 896 1180 930 ειλούσης
1201 895 1338 930 ρομφαὶας
1356 896 1494 931 ὲκρύεται.
1508 897 1632 932 Χαίροις,
1650 897 1842 925 ἀειθαλέστατε

1054 942 1215 976 παράδεισε,
1228 943 1257 968 ὲν
1273 939 1295 975 ᾧ
1314 942 1363 976 τῆς
1383 942 1457 978 ζωῆς
1474 944 1503 970 ὲν
1518 943 1595 979 μέσῳ
1614 944 1644 970 τὸ
1659 944 1737 977 ξύλον
1755 945 1842 978 πεφὺ-

1053 996 1156 1019 τευται,
1171 987 1214 1014 διὰ
1227 988 1277 1023 τῆς
1287 988 1472 1024 τετραστόμου
1492 989 1546 1015 τῶν
1554 988 1728 1024 Εὑαγγελίων
1742 990 1843 1020 νοτίδος

1054 1032 1244 1066 ἀρδευόμενον.
1263 1032 1388 1068 Χαίροις,
1411 1032 1645 1068 χριποπὺρσευτε
1665 1033 1754 1064 στύλε,
1773 1035 1787 1060 ὁ
1799 1034 1843 1059 τὸν

1054 1078 1113 1104 νέον
1131 1078 1177 1103 τοῦ
1193 1077 1262 1104 Θεοῦ
1284 1077 1393 1113 Ἰσραὴλ
1412 1079 1471 1109 ταῖς
1487 1079 1643 1113 φωτοφαέσι
1664 1079 1718 1105 τῶν
1739 1079 1842 1113 δογμά-

1054 1132 1107 1150 των
1116 1123 1305 1154 διδασκαλίαις
1316 1124 1365 1157 τῆς
1375 1124 1566 1158 Αἰγυπτιακῆς
1574 1125 1664 1159 χειρὸς
1673 1126 1842 1159 ἀπαλλάξας,

1053 1169 1103 1202 τῆς
1118 1167 1172 1194 τῶν
1188 1168 1382 1202 αἱρετίςόντων
1397 1167 1635 1202 περιπλανήσεως,
1652 1171 1698 1195 καὶ
1712 1170 1780 1205 πρὸς
1793 1171 1843 1206 τὴν

1054 1213 1107 1247 γῆν
1121 1214 1170 1248 τῆς
1185 1212 1350 1246 ἐπαγγελίας
1367 1214 1398 1248 τῇ
1414 1212 1468 1239 τῶν
1483 1213 1612 1247 Πατέρων
1627 1214 1764 1249 ὀρθοδοξίᾳ
1777 1216 1843 1242 καθ-

1054 1259 1203 1293 οδηγήο-ας.
1220 1258 1367 1293 Εὺτὸλμως
1382 1258 1428 1284 ἐπὶ
1444 1259 1476 1292 τῇ
1494 1258 1626 1290 ἀναδείξει
1644 1259 1692 1294 τῆς
1713 1259 1841 1295 ἀληθείας

1057 1304 1291 1340 παρῤησιὰσθητι.
1328 1304 1594 1340 ’Λναγεκαλυμμένῳ
1627 1305 1767 1341 προσώπῳ
1794 1307 1843 1342 τὴν

1054 1351 1134 1384 δόξαν
1161 1350 1211 1385 τῆς
1241 1350 1317 1385 ἱερᾶς
1334 1350 1381 1376 καὶ
1402 1349 1550 1385 καθολικῆς
1566 1350 1730 1386 Ἐκκλησίας
1756 1352 1842 1387 κήρυ-

1064 1398 1119 1431 ξον,
1133 1397 1180 1424 ἐπὶ
1198 1397 1248 1431 τὴν
1269 1396 1372 1432 πέτραν
1386 1396 1436 1430 τῆς
1469 1396 1582 1431 στερεᾶς
1616 1397 1763 1431 ὁμολογίας
1793 1398 1843 1427 τὰς

211 1443 416 1478 εὐμεταφψους
429 1444 483 1470 τῶν
497 1452 577 1470 τινων
591 1443 711 1475 διανοίας
727 1445 788 1476 ταῖς
810 1444 998 1478 διδασκαλίαις
1009 1444 1208 1479 ὑποστηρῖζων.

247 1488 342 1523 Tuque
360 1489 514 1522 praecipue,
534 1496 551 1516 ο
572 1494 731 1516 sanctorutn
751 1490 862 1516 Patrum
883 1497 997 1517 concors

1087 1488 1122 1515 Σύ
1140 1497 1168 1514 τε
1185 1487 1246 1514 κατ’
1263 1487 1412 1521 ἐξαίρετον,
1431 1484 1453 1513 ὦ
1468 1487 1549 1522 ἱερῶν
1569 1488 1699 1523 Πατέρων
1717 1489 1841 1525 σύστοιχε

211 1539 239 1562 et
255 1534 442 1562 sacratissime
467 1541 566 1569 praeco,
590 1539 672 1569 atque
690 1535 818 1562 instantis
839 1535 926 1561 nostri
945 1542 1000 1562 ρω-

212 1585 256 1607 tus
280 1578 410 1611 exarchc,
434 1579 482 1612 qui
508 1579 655 1605 sublimem
681 1579 761 1606 nobis
787 1586 835 1613 per
861 1579 999 1606 Christum

212 1626 342 1652 thronum
356 1624 487 1655 adornas,
503 1624 593 1658 magni
609 1630 636 1650 ct
651 1624 731 1658 primi
747 1623 869 1652 Pastoris
885 1625 1001 1658 diligen-

215 1671 349 1698 tissimum
364 1669 516 1704 speculum,
529 1668 648 1703 Spiritus
665 1669 876 1697 mundissimum
893 1669 1000 1696 habita-

213 1716 318 1747 culum,
335 1715 488 1742 rectissima
514 1714 732 1741 orthodoxorum
755 1714 912 1749 dogmatum
934 1722 1002 1749 pon-

213 1761 330 1793 deratio,
347 1760 486 1795 politaque
502 1760 530 1786 iu
544 1759 654 1787 Christo
669 1760 889 1787 conversationis
903 1760 1002 1787 habitae

213 1809 320 1844 regula,
337 1806 560 1834 nominatissima
577 1806 701 1837 lucerna,
723 1811 751 1833 et
774 1811 876 1841 septem
903 1805 1002 1833 cande-

212 1855 351 1882 labrorum
367 1852 518 1880 luminibus
540 1856 596 1878 tota
613 1851 805 1887 fulgidissima.
820 1851 1002 1886 Rcsplendcre

213 1901 257 1928 fac
275 1899 356 1927 nobis
371 1903 502 1934 tanquam
519 1905 552 1925 ex
571 1898 704 1925 invisibili
725 1898 893 1926 candelabro
918 1905 1002 1925 sacrae

214 1947 353 1974 cathedra
375 1944 648 1972 evidentissimorum
674 1943 820 1970 verborum
850 1943 1001 1977 perspicui-

214 1996 295 2020 tates.
322 1989 461 2017 Distribue
484 1992 575 2016 autem
601 1992 628 2016 et
652 1988 839 2016 esurientibus
863 1988 1001 2015 vivilicum

214 2035 299 2063 divini
325 2033 476 2070 magisterii
504 2039 602 2067 panem
618 2052 625 2064 ,
652 2036 678 2058 et
703 2033 776 2059 nutri
811 2033 941 2067 populum
974 2032 1001 2059 in

213 2086 345 2108 extranea
376 2083 447 2106 terra
484 2085 581 2113 vagum
614 2077 743 2105 effectum
773 2078 895 2105 hzeretici
928 2078 1003 2106 inco-

214 2128 296 2154 latus.

1052 1534 1209 1569 ίεροκῆρυξ,
1225 1533 1272 1559 καὶ
1284 1533 1332 1559 τοῦ
1347 1534 1480 1568 παρόντος
1494 1533 1573 1567 ἡμῶν
1588 1534 1718 1568 συλλόγου
1731 1535 1841 1570 ἐξαρχε,

1051 1582 1064 1607 ὁ
1095 1580 1140 1606 τὸν
1168 1579 1315 1613 μετάρσιον
1337 1579 1402 1613 ἡμῖν
1423 1578 1467 1604 διὰ
1487 1578 1606 1612 Χριστοῦ
1625 1581 1842 1612 κατασκευάζων

1051 1626 1155 1660 θρόνον,
1171 1625 1200 1651 τὺ
1219 1624 1264 1650 τοῦ
1286 1624 1405 1659 μεγάλου
1424 1623 1471 1650 καὶ
1490 1624 1598 1659 πρώτου
1615 1625 1747 1659 Ποιμὲνος
1762 1627 1842 1660 ἀκρι-

1051 1672 1181 1698 ϐέστατον
1199 1670 1342 1705 ἔσοπτρον,
1358 1670 1388 1696 τὸ
1401 1669 1449 1696 τοῦ
1467 1670 1624 1704 Πνεύματος
1647 1671 1842 1706 καθαρώτατον

1051 1717 1225 1751 ἐνδιαίτημα,
1250 1717 1266 1751 ὴ
1293 1716 1428 1750 εὐθυτάτη
1449 1716 1503 1742 τῶν
1525 1716 1673 1751 ὸρθοδόξων
1695 1717 1843 1752 δογμάτων

1052 1763 1170 1798 στάθμη,
1194 1763 1208 1788 ὁ
1231 1761 1415 1796 ἁπεξεσμένος
1438 1761 1488 1795 τῆς
1511 1762 1539 1787 ὲν
1567 1761 1678 1796 Χριστῷ
1703 1762 1840 1794 πολιτείας

1051 1808 1153 1841 κανὼν,
1177 1808 1192 1833 ὁ
1216 1807 1390 1842 περιώνυμος
1407 1807 1454 1833 καὶ
1477 1807 1637 1842 ἐπταφώτου
1655 1808 1765 1842 λυχνίας
1779 1809 1841 1835 ὀλο-

1051 1854 1260 1889 λαμπρέστατος
1273 1853 1383 1888 λέχνος⁸
1402 1853 1522 1888 πύρσευε
1536 1854 1603 1888 ἡμῖν
1618 1853 1655 1885 ὡς
1670 1855 1700 1887 ἐξ
1715 1855 1840 1882 ἀπόπτου

1052 1899 1162 1935 λυχνίας
1185 1900 1234 1933 τῆς
1258 1899 1333 1934 ἱερᾶς
1354 1898 1486 1933 καθέδρας
1501 1898 1555 1925 τῶν
1571 1900 1737 1933 φανωτάτων
1753 1899 1841 1934 λόγων

1051 1945 1100 1976 τὰς
1116 1944 1268 1978 διαυγείας.
1286 1944 1439 1978 Διάθρυπτε
1461 1943 1488 1969 δὲ
1507 1945 1552 1970 καὶ
1577 1946 1633 1976 τοῖς
1655 1945 1767 1972 πεινῶσι
1793 1946 1841 1972 τὸν

1052 1989 1240 2022 ζωτικώτατον
1255 1989 1305 2024 τῆς
1319 1989 1395 2020 Θείας
1410 1988 1584 2020 διδασκαλίας
1598 1989 1680 2024 ἄρτον
1692 1999 1698 2005 ·
1717 1991 1764 2017 καὶ
1777 1991 1841 2026 θρέ-

1051 2035 1102 2069 ψον
1117 2034 1180 2061 λαὸν
1195 2035 1224 2060 ὲν
1240 2034 1304 2070 ξένῃ
1317 2035 1363 2069 γῇ,
1381 2034 1484 2069 ἀλήτην
1500 2035 1683 2070 γεγενημένον
1699 2036 1748 2071 τῆς
1762 2038 1840 2071 αἰρε-

1052 2080 1130 2115 τικῆς
1142 2079 1313 2110 ἀποικεσίας.

249 2170 362 2197 Είῐὶεθτο
385 2168 465 2196 nobis
482 2175 570 2194 novus
588 2167 689 2201 Joscph
711 2166 843 2195 frumenti
864 2168 951 2200 dator.
973 2171 1000 2194 et

1087 2166 1170 2194 Γενοῦ
1183 2168 1248 2202 ἡμῖν
1262 2167 1322 2198 νέος
1345 2166 1447 2202 Ἰωσὴφ
1461 2168 1601 2202 σιτοδότης
1624 2171 1685 2201 ταῖς
1711 2170 1840 2205 ἀπορίαις

215 2216 408 2251 ambiguitates
423 2214 628 2248 scripturalium
646 2213 796 2248 cxplanans
812 2214 998 2248 :enigmalum,

214 2264 315 2298 opimis
342 2268 391 2288 nos
411 2265 438 2288 et
457 2259 627 2294 spiritalibus
648 2260 924 2294 interpretationibus
950 2267 1001 2286 nu-

215 2313 259 2340 tri.
277 2311 359 2338 Eleva
373 2309 469 2336 oculos
492 2313 566 2340 tuos,
591 2311 618 2334 et.
642 2306 703 2333 vide
724 2314 806 2341 super
831 2313 855 2333 te
871 2306 1001 2334 collectos

217 2358 287 2385 ﬁlios
307 2362 379 2388 tuos,
400 2355 447 2389 qui
464 2353 596 2388 luporum
618 2352 865 2387 congressionibus
884 2351 1001 2386 dispersi

215 2409 289 2432 sunt.
314 2403 426 2430 Plenum
452 2400 500 2427 tibi
523 2407 584 2427 esse
605 2406 687 2426 omne
707 2397 927 2425 sacratissimum
949 2397 1000 2424 hoc

215 2451 307 2477 divino
321 2449 430 2476 decreto
447 2445 578 2480 templum
593 2444 772 2478 conspicitur.
795 2443 899 2470 Crebro
921 2450 1001 2469 tuen-

216 2499 251 2525 tis
269 2502 323 2523 tuae
347 2494 416 2522 saltu
443 2492 594 2520 bestiarum
618 2497 778 2525 praeoccupa
807 2489 946 2524 impetus.
976 2493 1002 2515 et.

217 2545 267 2571 hos
294 2538 462 2577 pt'mvcniens
491 2536 627 2571 sapientia
655 2539 700 2562 tua
725 2533 849 2562 exclude.
887 2533 1003 2568 Semper

216 2589 280 2618 ovili
297 2592 344 2614 tuo
357 2583 582 2619 tranquillitatem
600 2581 729 2609 concilia.
745 2579 883 2607 Przemuni
907 2583 1000 2606 autent

217 2638 270 2665 hoc
295 2631 486 2667 frequentibus
510 2636 542 2656 ac
565 2628 635 2655 bene
665 2627 828 2654 sonantibus
855 2625 889 2653 ad
917 2625 1000 2652 Deum

216 2681 326 2711 emissis
344 2677 528 2707 orationibus,
554 2678 583 2701 ιιι
599 2673 648 2701 tibi
671 2673 699 2700 in
723 2672 926 2700 multitudinem
951 2679 1000 2698 au-

217 2733 312 2763 geatur
342 2723 494 2753 secundum
521 2720 751 2755 repromissioncs
785 2725 846 2753 quae
873 2721 939 2745 sunt
974 2717 1001 2744 in

217 2774 354 2801 Abraham
379 2771 467 2798 instar
493 2771 630 2795 astrorum
657 2764 766 2792 numeri
791 2764 877 2791 factae.
909 2762 1003 2791 Gaude

218 2826 282 2846 vero
297 2823 323 2845 ct
340 2821 380 2850 tu,
398 2813 578 2842 Nicaeensium
592 2811 693 2846 inclyta
721 2809 796 2842 urbs,
809 2809 879 2837 inter
903 2813 1004 2836 metro-

254 2875 277 2892 “
296 2873 376 2901 Mich.
393 2879 443 2905 V‘ll,
459 2871 503 2898 l8.
541 2869 563 2885 "
579 2867 651 2895 Psal.
667 2874 693 2901 ο,
708 2867 736 2894 2.

1052 2213 1105 2240 τῶν
1127 2212 1274 2248 Γραφικῶν
1298 2212 1469 2247 αἰνιγμάτων
1490 2214 1551 2245 ταῖς
1574 2214 1746 2248 εὐπορίστοις
1771 2215 1839 2241 ἀνα-

1052 2259 1166 2293 πτύξεσι
1190 2259 1244 2286 τῶν
1265 2259 1459 2294 πνευματικῶν
1481 2259 1637 2295 ἑρμηνειῶν
1656 2261 1730 2295 ἡμᾶς
1744 2261 1841 2295 ἐκτρέ-

1052 2315 1120 2340 φων.
1133 2303 1218 2341 *Αρον
1231 2305 1323 2339 κύκλῳ
1340 2305 1404 2336 τοὺς
1423 2304 1579 2340 ὀφθαλμούς
1600 2314 1647 2332 σου
1660 2326 1667 2338 ,
1683 2307 1730 2333 καὶ
1742 2307 1779 2333 ἴδε
1793 2308 1841 2333 ἐπὶ

1053 2352 1084 2378 σὲ
1099 2351 1257 2386 συνηγμένα
1276 2351 1311 2378 τὰ
1329 2350 1412 2377 τέκνα
1430 2358 1476 2376 σου
1489 2370 1495 2382 ,
1509 2350 1527 2377 ἃ
1537 2352 1597 2382 ταῖς
1619 2351 1673 2377 τῶν
1686 2352 1775 2379 λύκων
1791 2353 1841 2384 ὲφ-

1052 2397 1122 2428 όδοις
1147 2396 1361 2431 διεσκόρπιστο·
1380 2395 1490 2430 πλήρης
1515 2403 1556 2422 σοι
1584 2397 1638 2427 πᾶς
1657 2397 1671 2422 ὁ
1694 2396 1842 2431 ἱερώτατος

1052 2439 1130 2473 οὗτος
1157 2441 1203 2468 τοῦ
1226 2441 1299 2467 θείου
1332 2442 1524 2475 συντάγματος
1537 2442 1603 2474 νεὼς
1617 2443 1724 2477 ὁρᾶται.
1742 2444 1842 2479 Πυκνῷ

1053 2498 1099 2515 σου
1123 2488 1172 2523 τῆς
1194 2487 1314 2519 διανοίας
1332 2487 1434 2522 ἅλματι
1452 2487 1503 2519 τὰς
1530 2487 1585 2514 τῶν
1603 2487 1696 2524 θηρῶν
1717 2489 1841 2524 προλάμ-

1053 2533 1118 2560 ϐανε
1143 2532 1265 2566 ἐφόδους,
1282 2532 1329 2559 καὶ
1354 2532 1458 2563 ταύτας
1480 2534 1515 2568 τῇ
1545 2533 1577 2568 σῇ
1611 2533 1693 2568 σοφίᾳ
1718 2542 1841 2569 προαπο-

1053 2577 1159 2605 κλείων.
1182 2577 1239 2604 Ἀεί
1257 2586 1304 2604 σου
1319 2578 1353 2612 τῇ
1375 2576 1477 2612 ποίμνῃ
1492 2576 1522 2602 τὸ
1543 2577 1682 2612 ἀτάραχον
1703 2577 1841 2613 προξένει.

1053 2622 1228 2659 Προσοχύρου
1244 2631 1276 2657 γε
1299 2622 1389 2654 τοῦτο,
1409 2622 1456 2648 καὶ
1483 2623 1543 2654 ταῖς
1573 2625 1691 2655 πυκναῖς
1718 2624 1774 2650 τῶν
1794 2624 1842 2650 εὑ-

1053 2670 1128 2705 ήχων
1144 2671 1184 2701 εἰς
1195 2669 1260 2695 Θεὸν
1274 2668 1433 2704 προσευχῶν
1451 2677 1498 2695 σου
1512 2668 1668 2702 ἐπάλξεσιν·
1686 2670 1729 2696 ἵνα
1746 2678 1788 2696 σοι
1803 2671 1844 2703 εἰς

1054 2715 1156 2751 πλῆθος
1167 2714 1272 2750 ἐπιδοίη
1284 2714 1357 2742 κατὰ
1371 2714 1420 2746 τὰς
1436 2714 1465 2741 ὲν
1476 2714 1515 2750 τῷ
1535 2714 1662 2750 Ἀϐραὰμ.
1673 2716 1844 2750 ἐπαγγελίας

1053 2763 1110 2793 τοῖς
1118 2761 1228 2796 ἄστρων
1241 2761 1332 2796 χοροῖς
1346 2759 1557 2796 παραπλησίως.
1571 2761 1723 2796 Χαίροιςδὲ
1740 2756 1843 2793 καὶσὺ,

1053 2806 1182 2834 Νικαέων
1197 2805 1361 2841 περίκλυτον
1374 2805 1455 2838 ἄστυ,
1467 2806 1499 2833 τὸ
1513 2806 1542 2834 ὲν
1560 2806 1745 2842 μητροπόλεσι
1758 2807 1844 2842 περί-
