2041 3159
174 194 241 227 i329
273 212 276 215 -

778 193 905 223 SERMO
922 192 1202 223 LAUDATORIUS.

1741 198 1809 225 13350

174 257 276 277 πυστον
290 249 387 284 ὄνομα.
403 249 452 284 τῆς
467 249 587 276 Βιθυνῶν
602 249 738 284 ἐπαρχίας
760 248 791 275 τὸ
808 248 968 275 εὐκλεέστα-

1027 248 1097 282 poles
1121 247 1345 282 opinatissimum
1372 255 1483 281 nomen,
1508 248 1727 284 Bithyniensium
1746 257 1810 284 pro-

175 302 219 320 τον
249 293 426 328 ἀκροθίνιον·
445 294 609 330 ἡπρότερον
639 294 689 329 μὲν
712 294 773 325 ταῖς
800 293 855 319 τῶν
880 293 967 326 ὰγίων

174 338 363 366 ὀκτωκαίδεκα
397 340 446 366 κα)⁴
470 339 637 375 τριακοσίων
672 338 810 374 θεοφόρων
836 338 968 373 Πατέρων

176 386 279 420 ἴχνεσιν
301 385 475 421 ἁγιασθεῖσα,
500 386 549 412 νῦν
576 385 604 411 δὲ
625 386 681 417 τοῖς
711 384 815 411 τούτων
832 384 968 419 διαδόχοις

175 432 260 466 τριῶν
283 431 471 458 ἑκατοντάδων
492 432 541 458 σὺν
563 431 645 457 πέντε
658 430 773 457 δεκάσιν
786 430 905 466 ἀριθμὸν
923 431 970 456 ὲκ-

177 474 345 511 πληροῦσιν·
362 475 485 502 εὺλαὸῶν
506 484 537 501 τε
554 474 679 510 μοναχῶν
704 474 756 500 οὐκ
775 473 970 508 εὐαριθμὴτων

178 521 288 556 πλήθει,
303 522 364 552 ταῖς
386 521 484 552 αὑταῖς
506 521 561 546 τῶν
576 519 710 554 εὑλογιῶν
731 517 970 555 περικυκλουμένη

178 567 298 602 χάρισιν.
321 567 365 593 Ἐν
387 567 430 593 σοὶ
446 566 501 601 γὰρ
513 565 710 601 τῆςὸρθοδόξου
726 565 845 595 πίστεως
860 564 874 590 ὁ
890 564 967 599 Θεμέ-

178 611 234 642 λιος
247 611 299 637 ὑπό
314 618 388 641 τινος
404 610 558 644 Σατανικῆς
573 610 740 646 δυστροπὶας
760 609 900 644 σεισθῆναι
914 617 971 635 κιν-

178 657 298 684 δυνεύων
313 657 459 692 έδραίωσιν
484 656 636 691 ἀκλόνητον
663 656 786 691 εἴληφεν.
808 656 852 681 Ἐν
871 655 912 681 σοὶ
925 653 971 680 τὸν

179 703 276 738 ἄγριον
293 705 398 731 ἐκεῖνον
418 704 466 730 καὶ
480 703 626 730 ὰτίθασσον
651 703 723 738 θῆρα
748 703 857 738 Ἀρειον
870 703 883 728 ό
901 701 972 733 θεῖος

179 751 284 781 ἐκεῖνος
313 750 367 777 τῶν
377 750 511 784 Πατὲρων
537 750 616 784 χορὸς
639 750 673 776 τὰ
702 750 762 784 ἱερᾷ
788 749 842 775 τῶν
857 748 972 783 Γραφῶν

180 794 393 829 ὲφιιπλὼσαντες
420 795 482 822 λίνα
509 794 671 830 ἐζώγρησαν
682 815 690 827 ,
704 794 752 821 καὶ
776 795 832 826 τοῖς
846 794 974 829 φοϐεροῖς

181 841 384 876 κατηκόντισαν
413 842 567 877 ἁναθέμασι
580 851 586 857 ·
604 841 753 868 κάντεῦθεν
779 841 825 867 τδν
842 840 906 866 rm
926 839 973 866 τοῦ

180 886 250 913 Θεοῦ
277 887 325 914 καὶ
350 887 456 923 Πατρὸς
474 886 618 921 ὁμοούσιον
642 887 683 922 τῷ
703 887 881 922 γεγεννηκότι
898 887 974 913 πᾶσα

182 933 264 968 φύσις
278 932 430 969 ἀνθρώπων
451 934 588 968 θεολογεῖν
602 934 851 969 ὲκμεμαθήκαμεν.
869 933 919 960 Διά
931 941 973 959 τοι

182 978 264 1005 τοῦτο
272 979 319 1005 καὶ
337 979 367 1005 τὸ
381 980 468 1015 παρὸν
484 979 635 1015 ἱερώτατον
651 979 794 1014 σύνταγμα
820 979 869 1014 τῆς
883 979 972 1014 ἰσαρί-

183 1023 253 1058 θμου
270 1024 373 1059 ταύτης
393 1025 504 1060 χορείας
521 1025 588 1057 δυὰς
605 1025 727 1052 εὐσεϐῶν
743 1024 878 1060 βασιλέων
891 1025 919 1051 ὲν
933 1024 973 1051 σοὶ

183 1070 407 1106 συγκροτηθῆναι
427 1071 598 1104 τεθέσπικεν,
612 1072 715 1107 Εἰρήνη
743 1072 791 1098 νέα
817 1071 908 1106 Ἑλένη
926 1071 974 1097 σὺν

184 1115 236 1151 ιιἰῷ
266 1117 372 1151 γνησίῳ
401 1117 454 1151 νέῳ
481 1116 692 1151 Κωνσταντινῳ,
711 1116 758 1147 οὓς
778 1116 794 1151 ἡ
820 1117 849 1142 ἐν
871 1117 913 1142 σοὶ
926 1115 973 1142 τοῦ

183 1160 349 1196 Πνεὺματος
366 1161 447 1196 χάρις
471 1162 529 1192 τοῖς
552 1161 614 1187 τότε
629 1161 677 1188 καὶ
694 1160 742 1187 νῦν
757 1160 847 1195 ἁγίοις
863 1161 976 1196 ἐπιλάμ-

183 1205 260 1240 ψασα
278 1207 414 1242 Πατρόισι,
429 1207 543 1242 φυλάξοι
569 1207 694 1242 δαψιλέσι
714 1207 822 1242 χρόνοις
839 1206 976 1242 ἀτάραχον

184 1251 277 1283 αὐτοῖς
296 1252 327 1278 τὸ
342 1253 445 1286 κράτος
463 1253 624 1288 δωρουμένη
637 1274 643 1285 ,
660 1255 707 1279 καὶ
736 1253 791 1279 τῶν
814 1252 921 1287 ἐχθρῶν
943 1251 978 1278 τὰ

185 1296 256 1331 φῦλα
272 1297 326 1332 πρὸ
341 1298 431 1324 ποδῶν
443 1298 619 1333 καταστρῶσι
632 1306 638 1312 ·
648 1298 686 1329 ὡς
694 1298 727 1325 ἂν
741 1299 807 1333 ἡμῖν
819 1299 836 1333 ἡ
845 1298 899 1324 τῶν
910 1298 979 1332 ἁγα-

185 1341 240 1368 θῶν
257 1342 295 1378 μὴ
314 1343 432 1370 διαλίποι
445 1344 575 1378 χορηγία.

1018 294 1115 322 vincia:
1129 293 1337 329 gloriosissima:
1357 294 1505 329 primitiae:
1524 302 1585 328 qua
1600 298 1678 330 prius
1699 296 1809 330 quidem

1019 345 1176 368 sanctorum
1194 341 1288 368 decem
1305 345 1332 368 et
1352 345 1416 368 octo
1433 346 1676 376 trccentorumque
1693 341 1810 368 deil‘ero-

1019 394 1080 414 rum
1098 385 1211 413 Patrum
1227 386 1356 422 vestigiis
1377 387 1547 414 sanctiﬁcata
1567 394 1608 419 es,
1624 394 1697 413 nunc
1719 391 1809 413 autem

1021 433 1117 459 horum
1134 439 1326 459 successorum
1346 439 1424 466 aeque
1444 436 1629 460 trecentorum
1650 439 1713 459 cum
1731 431 1811 466 quin-

1020 484 1076 512 que
1099 476 1250 504 decadibus
1272 485 1417 504 numrrum
1443 478 1651 511 complcntium,
1678 485 1710 505 ac
1734 484 1810 504 rere-

1023 522 1169 549 rendorum
1203 522 1407 550 monachorum
1434 522 1481 556 qui
1513 529 1580 556 pene
1605 521 1811 548 innumerabili.

1022 573 1090 595 sunt
1112 568 1309 599 multitudinis,
1337 567 1441 595 eisdem
1464 567 1702 594 benedictionibus
1719 566 1812 602 [bene-

1024 613 1192 649 dictionum]
1207 614 1378 641 circumdata
1393 622 1422 641 es
1441 614 1546 648 gratiis.
1564 612 1592 640 In
1613 616 1640 640 te
1653 612 1752 646 quippe
1768 620 1814 639 or-

1024 660 1162 687 thodoxia:
1185 659 1358 694 [orthodoxae
1386 659 1460 695 ﬁdei]
1484 658 1692 686 fundamentum
1712 666 1726 685 ιι
1747 666 1814 692 qua-

1023 706 1086 733 dam
1102 705 1230 732 Salanica
1245 705 1424 733 subversione
1439 712 1605 732 concussum
1620 705 1813 740 pcreclitnrum

1024 751 1265 787 [pet-ielitatttrum,
1298 751 1366 785 forte
1381 752 1454 778 deest
1479 752 1526 778 scd
1545 749 1623 786 nori},
1645 750 1816 791 stabilimen—

1025 803 1082 825 tum
1098 797 1157 824 sine
1180 797 1387 832 perturbatione
1400 797 1533 832 percepit.
1550 796 1580 823 ιιι
1597 801 1622 823 te
1639 795 1724 823 feram
1743 795 1815 822 illam

1025 848 1052 870 et
1073 842 1206 870 immitem
1222 842 1352 874 bestiam,
1378 843 1472 869 Arium
1496 841 1612 874 scilicet,
1636 841 1747 868 divinus
1772 840 1818 868 ille

1025 888 1138 916 Patrum
1161 889 1265 916 chorus
1282 887 1368 915 sacris
1389 887 1598 923 Scripturarum
1621 887 1752 921 expansis
1771 893 1818 913 ca-

1025 933 1113 968 ptavit
1139 933 1256 966 retibus,
1278 938 1304 960 et
1321 932 1492 960 terribilibus
1514 931 1738 959 anathematibus
1756 938 1818 966 per-

1027 978 1105 1008 culit,
1132 982 1159 1005 et
1180 978 1244 1006 hinc
1262 977 1361 1005 Filium
1386 977 1433 1005 Dei
1451 982 1478 1005 et
1502 977 1603 1009 Putris,
1625 975 1774 1011 Dominum
1789 981 1818 1003 et

1027 1024 1296 1052 consubstantialem
1324 1024 1458 1060 gignenti,
1487 1024 1579 1051 omnis
1605 1027 1704 1051 natura
1729 1023 1818 1050 homi-

1027 1079 1092 1098 num
1112 1071 1260 1105 [medicare
1287 1070 1443 1098 didicimus
1468 1075 1494 1098 et
1513 1071 1618 1098 idcirco
1636 1076 1756 1105 praesens
1775 1076 1818 1096 sa-

1027 1116 1212 1144 cratissimum
1226 1121 1402 1151 compactum
1418 1116 1500 1151 huius
1514 1116 1654 1144 numerosi
1666 1118 1818 1143 conventus

1024 1162 1143 1189 dualitas
1168 1162 1278 1196 piorum
1310 1161 1509 1196 imperatorum
1531 1161 1709 1189 consolidans
1726 1159 1817 1195 colligi

1026 1206 1127 1238 sanxit,
1149 1206 1229 1234 lrene
1243 1207 1371 1234 videlicet
1396 1215 1464 1234 nova
1481 1206 1584 1235 Helena
1601 1215 1663 1234 cum
1680 1206 1737 1233 ﬁlio
1754 1213 1818 1241 pro—

1026 1253 1086 1288 prio
1104 1253 1286 1280 Constantino
1303 1261 1386 1286 novo,
1403 1261 1474 1288 quos
1490 1254 1516 1280 in
1535 1258 1562 1281 te
1581 1252 1702 1288 Spiritus
1718 1252 1816 1288 gratia,

1026 1306 1088 1333 quae
1105 1304 1172 1327 tunc
1186 1304 1213 1327 et
1232 1307 1305 1327 nunc
1321 1301 1426 1328 sanctis
1442 1300 1532 1327 illuxit
1550 1299 1691 1331 Patribus,
1707 1305 1818 1326 conser-

1027 1348 1073 1371 vet
1088 1353 1136 1380 per
1148 1345 1302 1381 largissima
1318 1351 1452 1381 tempora,
1469 1345 1698 1381 imperturbabile
1712 1344 1819 1372 donans

185 1389 226 1416 eis
253 1389 419 1424 imperium,
447 1389 626 1425 hostiumque
656 1392 784 1418 nationes
805 1393 869 1417 ante
895 1389 978 1424 pedes
997 1394 1174 1425 prosternat,
1203 1396 1340 1426 quatenus
1375 1391 1455 1420 nobis
1484 1392 1619 1419 honorum
1659 1391 1737 1426 copia
1765 1397 1818 1418 non

184 1437 304 1464 deﬁciat.

221 1484 337 1520 Χαίροις
347 1483 449 1516 τοίνυν,
459 1481 481 1511 ὦ
495 1484 692 1520 μητροπόλεων
708 1485 849 1520 περίδοξον
864 1485 974 1516 κάλλος,

186 1531 216 1556 ὲν
234 1530 338 1561 τούτοις
349 1551 356 1562 ,
374 1530 415 1557 δτι
428 1531 457 1557 ἑν
475 1531 517 1557 σοὶ
536 1531 567 1557 τὸ
587 1531 696 1566 πρῶτον
711 1532 779 1566 ἡμῖν
794 1531 848 1557 ⁴τῶν
865 1530 977 1565 ἀγαθῶν

1067 1482 1162 1510 Gaude
1179 1482 1272 1517 itaque
1288 1482 1315 1509 in
1331 1482 1383 1515 his,
1401 1490 1418 1510 ο
1435 1483 1624 1518 metropoleon
1639 1482 1740 1517 inclyta
1756 1489 1819 1517 spe-

1030 1529 1104 1562 cies;
1133 1529 1263 1563 quoniam
1294 1529 1320 1555 in
1348 1533 1373 1556 te
1400 1529 1480 1557 nobis
1509 1534 1536 1556 et
1563 1529 1652 1563 primo
1682 1529 1818 1555 bonorum

185 1575 282 1610 ἀνέφυ,
300 1577 330 1602 ὲν
348 1575 391 1602 σοὶ
413 1575 446 1611 δὴ
461 1576 508 1602 καὶ
531 1577 561 1603 τὸ
583 1577 672 1609 τέλος,
689 1577 738 1612 οὐχ
754 1577 792 1609 ὡς
810 1577 879 1612 πρὸς
898 1576 975 1609 ἀξίαν

1031 1576 1187 1608 exordium,
1206 1581 1234 1603 et
1248 1582 1321 1602 nunc
1338 1575 1399 1602 linis
1415 1580 1528 1602 exortus
1544 1581 1596 1608 est,
1621 1574 1820 1602 venerabilium

187 1621 256 1658 πρὸς
271 1621 389 1657 ἀριθμὸν
404 1621 433 1648 δὲ
449 1622 509 1657 ἥτις
527 1622 586 1648 ἐστὶ
608 1622 663 1649 τῶν
675 1623 849 1649 σεπτοτάτων
864 1622 977 1648 εἰκόνων

190 1671 236 1705 τῆς
246 1668 480 1704 καθολικῆςήμῶν
499 1669 689 1704 Ἑκκλησίαςή
701 1669 803 1704 ἀρχαία
814 1669 976 1704 παράδοσις,

187 1714 217 1740 ὲν
232 1715 288 1746 τοῖς
303 1714 379 1745 ἰδίοις
391 1715 649 1742 ἀποκατασταθεῖσα
657 1715 741 1750 ὅροις.
765 1715 822 1741 Νῦν
836 1715 922 1745 ὅντως
937 1714 979 1741 εὐ-

188 1760 314 1793 φαίνεται
337 1761 492 1797 δούρανὺς,
527 1763 574 1788 καὶ
604 1761 632 1787 αἱ
660 1760 772 1794 νεφέλαι
803 1760 979 1795 δικαιοσύνην

188 1806 375 1837 ἀποστάζουσι
387 1815 393 1821 ·
410 1808 456 1833 καὶ
468 1807 499 1833 τὸ
523 1807 683 1842 μεσότοιχον
695 1806 744 1832 τοῦ
759 1806 889 1841 φραγμοῦ
902 1806 980 1831 λέλυ-

187 1860 234 1878 ται
247 1853 279 1888 τῇ
292 1852 389 1878 ἐνὼσει
408 1853 458 1887 τῆς
481 1852 649 1884 διαστάσεως
662 1852 917 1887 παραχωρησάσης,
932 1851 979 1877 καὶ

188 1900 228 1929 εἰς
245 1897 309 1933 μίας
326 1898 517 1933 ὁμοφροσύνης
541 1898 697 1932 σύμπνοιαν
716 1898 731 1932 ἡ
753 1898 852 1932 τετρὰς
873 1897 922 1932 τῆς
938 1898 978 1923 al-

189 1944 327 1979 κουμένης
347 1945 523 1979 συνήνεκται.
546 1944 603 1970 Νῦν
617 1945 643 1970 αἱ
657 1944 752 1970 πολλαὶ
772 1944 826 1970 τῶν
841 1943 978 1978 διαφόρως

189 1990 383 2025 ὐποσυρέντων
400 1992 440 2022 είς
456 1990 486 2017 ἓν
508 1990 707 2026 συνεληλύθασι
727 1989 821 2022 δόξαι·
837 1990 885 2016 καὶ
908 1987 978 2025 σύμῖ-

189 2043 277 2068 φωνος
306 2035 392 2070 ὕμνος
419 2036 473 2062 ἀπὸ
503 2036 629 2071 περάτων
654 2036 704 2071 γῆς
732 2035 785 2066 ἕως
801 2035 929 2070 περάτων
939 2034 979 2070 τῷ

188 2080 248 2115 Θεῷ
276 2081 482 2116 ἀναπέμπεται.
508 2082 621 2117 Χαίροις
637 2081 793 2116 τοιγαροῦν,
813 2082 860 2108 καὶ
879 2081 978 2117 σκίρτα

188 2126 237 2152 ἐπὶ
248 2126 354 2158 τούτοις
368 2127 415 2152 καὶ
431 2127 475 2159 σὺ,
499 2127 649 2162 Ἐκκλησία
664 2126 807 2161 καθολικὴ,
826 2128 842 2162 ὴ
857 2127 887 2153 ὲν
901 2127 978 2162 πάσῃ

188 2172 222 2206 τῇ
235 2171 385 2208 οἰκουμένῃ
399 2181 405 2188 ·
421 2172 519 2208 χόρευε
537 2172 730 2208 ἆγαλλιωμένη
741 2172 787 2198 ἐπὶ
802 2173 835 2207 τῇ
845 2172 898 2198 τῶν
912 2171 978 2199 υἱῶν

190 2225 238 2243 σου
255 2217 450 2244 ὲπανελεύσει’
466 2218 570 2244 ἀπόθου
595 2218 625 2244 τὸ
645 2219 694 2253 τῆς
716 2218 865 2248 διαλύσεως
882 2217 977 2254 ῥάκος,

1030 1622 1158 1648 nimirum
1175 1620 1326 1656 imaginum
1342 1620 1485 1648 catholicae
1505 1619 1637 1648 Ecclesia:
1651 1620 1744 1655 prisca
1765 1623 1822 1647 tra-

1030 1669 1098 1695 ditio
1113 1667 1139 1695 in
1156 1668 1215 1695 suis
1234 1667 1361 1695 terminis
1377 1667 1514 1695 restituta.
1535 1666 1615 1694 Nunc
1631 1674 1697 1694 vero
1713 1666 1822 1694 lmtatur

1030 1714 1141 1746 emtum,
1161 1718 1188 1740 et
1207 1713 1294 1741 nubes
1311 1713 1416 1741 stillant
1438 1713 1585 1748 justitiam.
1611 1713 1692 1741 Nunc
1714 1712 1822 1740 medius

1029 1759 1121 1794 paries
1138 1759 1265 1786 maceria:
1279 1759 1435 1786 dissolutus
1461 1763 1504 1786 est
1522 1759 1646 1786 unitione
1668 1759 1822 1786 diSSensio-

1030 1806 1074 1833 nis
1089 1812 1232 1837 concessa,
1253 1808 1280 1832 et
1302 1805 1330 1831 in
1352 1805 1434 1832 unius
1449 1805 1623 1832 assensionis
1640 1805 1821 1839 conspiratio-

1032 1860 1093 1878 nctn
1124 1851 1296 1886 quaternitas
1320 1851 1397 1878 orbis
1425 1855 1505 1878 terra:
1529 1850 1644 1878 collecta
1664 1855 1716 1877 est.
1742 1849 1821 1877 Nunc

1031 1897 1124 1924 multa:
1155 1905 1215 1931 quae
1244 1897 1270 1924 in
1300 1896 1410 1924 diversa
1441 1897 1596 1929 trahebant,
1633 1902 1819 1924 convenerunt

1030 1944 1186 1978 opiniones,
1216 1947 1244 1970 et
1264 1950 1404 1970 consonus
1426 1944 1545 1979 hymnus
1570 1951 1586 1970 a
1612 1942 1713 1970 llnibus
1741 1948 1820 1970 terra!

1030 1998 1118 2025 usque
1132 1991 1164 2018 ad
1186 1991 1253 2018 lines
1279 1995 1359 2017 terrae
1382 1989 1437 2017 Deo
1461 1989 1602 2024 dirigitur.
1623 1989 1721 2016 Gaude
1738 1989 1821 2024 igitur

1030 2038 1184 2072 tripudians
1208 2044 1289 2071 super
1312 2036 1357 2063 his
1371 2041 1399 2063 et
1416 2039 1456 2068 tu,
1471 2036 1607 2063 catholica
1632 2035 1765 2066 Ecclesia,
1793 2035 1819 2062 in

1030 2089 1087 2112 toto
1105 2088 1242 2111 terrarum
1258 2083 1326 2111 orbe
1340 2083 1449 2111 diﬂ'usa.
1478 2083 1535 2111 Duc
1557 2083 1657 2110 choros
1679 2082 1822 2110 exsultans

1032 2138 1116 2166 super
1132 2130 1251 2157 ﬁliorum
1275 2134 1385 2157 tuorum
1401 2133 1539 2157 conventu
1557 2137 1564 2156 :
1583 2129 1690 2164 depone
1707 2128 1822 2156 divisio-

1031 2177 1074 2204 nis
1091 2184 1209 2211 pannos,
1231 2181 1258 2204 et
1281 2175 1396 2203 induere
1417 2176 1522 2211 integra
1543 2175 1702 2203 orthodoxa:
1728 2175 1821 2201 tunica

1031 2223 1156 2251 unitatis.
1184 2222 1243 2249 Jam
1272 2229 1325 2249 non
1355 2222 1465 2256 poneris
1493 2222 1672 2256 opprobrium
1702 2220 1822 2247 inimicis

190 2263 237 2289 καὶ
254 2263 363 2289 ἔνδυσαι
388 2263 434 2290 τὸν
452 2263 601 2299 ὁλόκληρον
626 2264 676 2298 τῆς
687 2263 828 2299 ὁρθοδόξου
854 2263 975 2297 ἑνώσεως

1032 2269 1098 2302 tuis,
1122 2268 1305 2296 subsannalio
1320 2273 1347 2295 et
1362 2268 1466 2295 derisio
1477 2268 1587 2302 populis
1599 2268 1646 2302 qui
1663 2268 1688 2293 in
1703 2267 1821 2293 circuitu

191 2309 303 2344 χιτῶνα.
320 2308 420 2335 Οὐκέτι
435 2308 537 2345 τεθήσῃ
549 2309 650 2340 ὄνειδος
663 2310 718 2340 τοῖς
734 2309 838 2342 γείτοσι
857 2317 915 2341 σου,
932 2318 980 2344 μυ-

189 2355 343 2391 κτηρισμδς
372 2355 417 2382 καὶ
445 2354 601 2390 χλευασμὸς
629 2355 686 2386 τοῖς
709 2354 802 2390 κύκλῳ
826 2363 873 2381 σου
892 2355 977 2387 λαοῖς.

189 2399 291 2426 Οὐκέτι
312 2399 459 2435 φοϐηθήσῃ
480 2398 672 2432 ὲξουδενώσεις
685 2398 772 2425 ἀθέων
788 2398 834 2425 καὶ
849 2399 980 2434 ἀμυήτων

189 2444 355 2480 ἀνθρώπων,
371 2443 508 2480 Ἐϐραίων
529 2443 561 2479 δὴ
576 2443 648 2476 λέγω
657 2443 704 2469 καὶ
712 2443 870 2479 Ἀγαρηνῶν
881 2452 887 2459 ·
897 2444 935 2475 ὡς
947 2443 978 2479 δή

191 2498 233 2517 σοι
252 2491 290 2526 μὴ
313 2490 361 2517 τοῦ
383 2489 487 2516 τελείου
513 2490 564 2525 τῆς
579 2489 698 2521 πίστεως
712 2491 771 2521 ταῖς
785 2490 979 2523 ἀποστολικαῖς

190 2536 393 2572 παραδοθέντος
410 2536 607 2567 διδασκαλίαις.
627 2535 727 2562 Οὐκέτι
742 2535 791 2570 τὴν
809 2537 840 2562 ἐκ
858 2536 906 2562 τοῦ
920 2536 980 2568 ἑνὸς

189 2581 258 2608 Θεοῦ
284 2582 463 2617 ἀναψοίτησιν
485 2581 530 2608 διὰ
557 2581 608 2617 τὴν
621 2581 691 2616 πρὸς
706 2582 768 2613 τοὺς
790 2581 874 2608 αὐτοῦ
887 2582 979 2616 φίλους

190 2628 423 2664 πρεπωδεστάτην
436 2629 520 2664 τιμὴν
528 2629 583 2659 τοῖς
594 2627 649 2654 τῶν
664 2627 811 2664 αῑρετικῶν
822 2627 980 2664 ἐγκληθήσῃ

191 2674 334 2708 στόμασιν.
347 2674 446 2701 Οὐκέτι
463 2675 520 2706 τοῖς
533 2674 588 2700 τῶν
603 2673 721 2700 εἰδώλων
742 2674 869 2708 τεμένεσι
884 2674 914 2700 ὲν
931 2674 980 2709 ἴσῳ

191 2720 413 2756 καταλογισθήσῃ
427 2740 434 2752 ,
453 2720 497 2747 διὰ
522 2719 571 2755 τὴν
585 2721 613 2747 ὲν
634 2721 676 2746 σοὶ
696 2719 750 2747 τῶν
765 2721 919 2755 ἱερωτάτων
933 2721 980 2746 καὶ

191 2766 299 2793 σεπτῶν
314 2766 400 2800 ἁγίων
413 2767 526 2794 εἰκόνων
538 2766 736 2801 ἀναστήλωσιν.

226 2812 336 2846 Πρέπον
361 2812 416 2848 γάρ
446 2821 488 2839 σοι
502 2812 540 2844 ὡς
563 2811 602 2848 τῷ
618 2811 724 2847 βασιλεῖ
740 2811 792 2838 τῶν
804 2811 912 2838 οιίὼνων
923 2812 980 2847 Υἱῴ

191 2860 239 2885 καὶ
255 2858 334 2893 Λόγῳ
348 2859 394 2885 τοῦ
410 2858 479 2885 Θεοῦ
494 2858 692 2895 νυμφευθείσῃ,
707 2858 757 2893 τὴν
779 2859 830 2893 τῆς
845 2858 979 2894 ἔνσάρκου

191 2904 277 2932 αὐτοῦ
291 2905 446 2941 alato-Iouis;
460 2906 695 2942 ἀνθρωπόμορφον
708 2905 799 2932 εἰκόνα
814 2905 857 2932 διὰ
870 2907 979 2940 γραφῆς

1031 2320 1078 2343 ιιιο
1095 2319 1170 2343 sunt.
1187 2313 1247 2342 Non
1264 2314 1321 2348 jam
1343 2314 1452 2341 timebis
1472 2318 1645 2348 contemptus
1669 2313 1820 2344 hominum,

1030 2361 1209 2389 Hebrzeorum
1233 2360 1335 2388 scilicet
1358 2364 1385 2386 et
1402 2360 1602 2394 Agarcnorum,
1619 2359 1667 2394 qui
1692 2359 1750 2386 sine
1767 2358 1821 2385 Deo

1030 2411 1057 2434 et
1075 2414 1154 2434 sacra
1171 2406 1327 2434 initiatione
1341 2406 1510 2438 consistunt,
1530 2406 1610 2440 quasi
1628 2405 1675 2433 tibi
1695 2413 1748 2432 non
1763 2405 1822 2432 fue-

1031 2452 1066 2479 rit
1080 2452 1216 2487 pcriectio
1232 2452 1294 2479 lidei
1313 2452 1446 2479 doctrinis
1458 2452 1618 2487 apostolicis
1633 2452 1742 2479 tradita.
1760 2450 1819 2479 Jatn

1031 2506 1083 2526 non
1108 2499 1142 2526 ab
1166 2498 1358 2526 haereticorum
1377 2505 1424 2525 ore
1449 2498 1651 2530 criminaberis,
1673 2498 1751 2532 quasi
1777 2506 1819 2525 rc:

1031 2546 1148 2573 cesseris
1166 2545 1200 2572 ab
1219 2553 1273 2572 uno
1294 2545 1348 2572 Deo
1365 2549 1476 2580 propter
1492 2544 1716 2572 decentissimum
1735 2544 1821 2571 hono-

1031 2600 1088 2619 rem
1110 2599 1174 2627 erga
1193 2591 1280 2626 ipsius
1295 2592 1398 2619 amicos
1414 2591 1572 2618 cxhihitnm.
1594 2591 1654 2618 Jam
1669 2599 1723 2618 non
1741 2599 1821 2626 repu-

1032 2639 1135 2666 laberis
1155 2638 1292 2665 idolorum
1315 2639 1415 2666 similis
1434 2639 1542 2673 tctnplis
1560 2643 1671 2673 propter
1689 2639 1821 2666 sacratis-

1031 2684 1164 2712 simarum
1181 2684 1208 2712 itt
1228 2689 1254 2713 te
1270 2675 1420 2720 imaginum
1437 2683 1754 2712 ercctionem‘cii'ectutn.

1068 2813 1150 2840 Decet
1165 2813 1238 2840 cnim
1256 2817 1282 2840 te
1296 2817 1425 2847 tanquam
1451 2812 1505 2847 regi
1524 2811 1688 2839 smculorum
1704 2810 1774 2838 Filio
1793 2814 1821 2837 et

1032 2859 1121 2886 Verbo
1139 2858 1187 2885 Dci
1209 2863 1333 2893 nuptam,
1352 2859 1378 2886 in
1400 2866 1482 2885 carne
1498 2857 1586 2893 ipsius
1606 2857 1820 2892 dispensationis

1033 2905 1180 2933 humanam
1211 2905 1327 2932 formam
1356 2904 1501 2932 habentem
1546 2903 1817 2940 unthropomorphon
