  <div class='ocr_page' id='page_1' title='image "/cluster/home/n/w/nwhite01/storage/ocr_20150623/98/njp.32101077772851/745.png"; bbox 0 0 2041 3159; ppageno 0'>
   <div class='ocr_carea' id='block_1_1' title="bbox 224 191 288 225">
    <p class='ocr_par' dir='ltr' id='par_1_1' title="bbox 224 191 288 225">
     <span class='ocr_line' id='line_1_1' title="bbox 224 191 288 225; baseline -0.063 0"><span class='ocrx_word' id='word_1_1' title='bbox 224 191 288 225; x_wconf 70' lang='lat'><strong>1331</strong></span> 
     </span>
    </p>
   </div>
   <div class='ocr_carea' id='block_1_2' title="bbox 563 191 1495 227">
    <p class='ocr_par' dir='ltr' id='par_1_2' title="bbox 563 191 1495 227">
     <span class='ocr_line' id='line_1_2' title="bbox 563 191 1495 227; baseline 0.005 -5"><span class='ocrx_word' id='word_1_2' title='bbox 563 191 761 223; x_wconf 75' lang='lat' dir='ltr'><strong>EPIPHANII</strong></span> <span class='ocrx_word' id='word_1_3' title='bbox 780 192 1014 226; x_wconf 74' lang='lat' dir='ltr'><strong>CATANENSIS</strong></span> <span class='ocrx_word' id='word_1_4' title='bbox 1035 193 1190 224; x_wconf 81' lang='lat' dir='ltr'><strong>DIACONI</strong></span> <span class='ocrx_word' id='word_1_5' title='bbox 1210 196 1323 226; x_wconf 82' lang='lat' dir='ltr'><strong>SERM.</strong></span> <span class='ocrx_word' id='word_1_6' title='bbox 1344 197 1495 227; x_wconf 81' lang='lat' dir='ltr'><strong>LAUDAT</strong></span> 
     </span>
    </p>
   </div>
   <div class='ocr_carea' id='block_1_3' title="bbox 1785 197 1852 230">
    <p class='ocr_par' dir='ltr' id='par_1_3' title="bbox 1785 197 1852 230">
     <span class='ocr_line' id='line_1_3' title="bbox 1785 197 1852 230; baseline 0 0"><span class='ocrx_word' id='word_1_7' title='bbox 1785 197 1852 230; x_wconf 69' lang='lat'><strong>1332</strong></span> 
     </span>
    </p>
   </div>
   <div class='ocr_carea' id='block_1_4' title="bbox 223 248 1007 298">
    <p class='ocr_par' dir='ltr' id='par_1_4' title="bbox 223 248 1007 285">
     <span class='ocr_line' id='line_1_4' title="bbox 223 248 1007 285; baseline 0.004 -11"><span class='ocrx_word' id='word_1_8' title='bbox 223 249 369 283; x_wconf 64' lang='lat' dir='ltr'><strong>imaginem</strong></span> <span class='ocrx_word' id='word_1_9' title='bbox 392 256 439 283; x_wconf 83' lang='lat' dir='ltr'><strong>per</strong></span> <span class='ocrx_word' id='word_1_10' title='bbox 459 248 595 283; x_wconf 61' lang='lat' dir='ltr'><strong>picturam</strong></span> <span class='ocrx_word' id='word_1_11' title='bbox 615 249 696 281; x_wconf 80' lang='lat' dir='ltr'><strong>ferre,</strong></span> <span class='ocrx_word' id='word_1_12' title='bbox 721 255 750 276; x_wconf 91' lang='lat' dir='ltr'><strong>ut</strong></span> <span class='ocrx_word' id='word_1_13' title='bbox 767 250 921 277; x_wconf 78' lang='lat' dir='ltr'><strong>innotescat</strong></span> <span class='ocrx_word' id='word_1_14' title='bbox 936 250 1007 285; x_wconf 72' lang='lat' dir='ltr'><strong>quod</strong></span> 
     </span>
    </p>
   </div>
   <div class='ocr_carea' id='block_1_5' title="bbox 1060 248 1848 298">
    <p class='ocr_par' dir='ltr' id='par_1_5' title="bbox 1064 252 1848 298">
     <span class='ocr_line' id='line_1_5' title="bbox 1064 252 1848 298; baseline 0.003 -20"><span class='ocrx_word' id='word_1_15' title='bbox 1064 253 1168 287; x_wconf 60' lang='grc' dir='ltr'>φέρειν,</span> <span class='ocrx_word' id='word_1_16' title='bbox 1194 253 1237 280; x_wconf 81' lang='grc' dir='ltr'>ἵνα</span> <span class='ocrx_word' id='word_1_17' title='bbox 1259 255 1381 290; x_wconf 75' lang='grc' dir='ltr'><strong>γνωρίζῃ</strong></span> <span class='ocrx_word' id='word_1_18' title='bbox 1405 253 1534 289; x_wconf 80' lang='grc' dir='ltr'>βασιλικὴ</span> <span class='ocrx_word' id='word_1_19' title='bbox 1561 252 1723 298; x_wconf 81' lang='grc' dir='ltr'>ὑπάρχουσα</span> <span class='ocrx_word' id='word_1_20' title='bbox 1744 254 1848 290; x_wconf 76' lang='grc' dir='ltr'>νύμφη.</span> 
     </span>
    </p>
   </div>
   <div class='ocr_carea' id='block_1_6' title="bbox 220 294 1005 329">
    <p class='ocr_par' dir='ltr' id='par_1_6' title="bbox 220 294 1005 329">
     <span class='ocr_line' id='line_1_6' title="bbox 220 294 1005 329; baseline 0.004 -8"><span class='ocrx_word' id='word_1_21' title='bbox 220 303 293 329; x_wconf 70' lang='lat' dir='ltr'><strong>regia</strong></span> <span class='ocrx_word' id='word_1_22' title='bbox 312 302 412 329; x_wconf 80' lang='lat' dir='ltr'><strong>sponsa</strong></span> <span class='ocrx_word' id='word_1_23' title='bbox 429 295 480 322; x_wconf 87' lang='lat' dir='ltr'><strong>sis.</strong></span> <span class='ocrx_word' id='word_1_24' title='bbox 500 294 583 322; x_wconf 86' lang='lat' dir='ltr'><strong>Decet</strong></span> <span class='ocrx_word' id='word_1_25' title='bbox 599 295 673 322; x_wconf 86' lang='lat' dir='ltr'><strong>enim</strong></span> <span class='ocrx_word' id='word_1_26' title='bbox 691 295 737 323; x_wconf 90' lang='lat' dir='ltr'><strong>Dei</strong></span> <span class='ocrx_word' id='word_1_27' title='bbox 751 296 892 329; x_wconf 67' lang='lat' dir='ltr'><strong>genitricis</strong></span> <span class='ocrx_word' id='word_1_28' title='bbox 907 295 1005 324; x_wconf 81' lang='lat' dir='ltr'><strong>Matris</strong></span> 
     </span>
    </p>
   </div>
   <div class='ocr_carea' id='block_1_7' title="bbox 219 340 1007 376">
    <p class='ocr_par' dir='ltr' id='par_1_7' title="bbox 219 340 1007 376">
     <span class='ocr_line' id='line_1_7' title="bbox 219 340 1007 376; baseline 0.005 -10"><span class='ocrx_word' id='word_1_29' title='bbox 219 340 321 367; x_wconf 73' lang='lat' dir='ltr'><strong>Christi</strong></span> <span class='ocrx_word' id='word_1_30' title='bbox 347 341 394 375; x_wconf 89' lang='lat' dir='ltr'><strong>qui</strong></span> <span class='ocrx_word' id='word_1_31' title='bbox 416 345 441 368; x_wconf 90' lang='lat' dir='ltr'><strong>Ie</strong></span> <span class='ocrx_word' id='word_1_32' title='bbox 459 341 648 376; x_wconf 79' lang='lat' dir='ltr'><strong>desponsarit,</strong></span> <span class='ocrx_word' id='word_1_33' title='bbox 673 342 819 376; x_wconf 81' lang='lat' dir='ltr'><strong>imaginem</strong></span> <span class='ocrx_word' id='word_1_34' title='bbox 843 342 896 370; x_wconf 90' lang='lat' dir='ltr'><strong>tuis</strong></span> <span class='ocrx_word' id='word_1_35' title='bbox 914 350 1007 370; x_wconf 87' lang='lat' dir='ltr'><strong>sacra-</strong></span> 
     </span>
    </p>
   </div>
   <div class='ocr_carea' id='block_1_8' title="bbox 220 386 1004 421">
    <p class='ocr_par' dir='ltr' id='par_1_8' title="bbox 220 386 1004 421">
     <span class='ocr_line' id='line_1_8' title="bbox 220 386 1004 421; baseline 0.003 -9"><span class='ocrx_word' id='word_1_36' title='bbox 220 386 334 414; x_wconf 78' lang='lat' dir='ltr'><strong>tissimis</strong></span> <span class='ocrx_word' id='word_1_37' title='bbox 359 386 510 421; x_wconf 77' lang='lat' dir='ltr'><strong>parietibus</strong></span> <span class='ocrx_word' id='word_1_38' title='bbox 534 386 635 418; x_wconf 78' lang='lat' dir='ltr'><strong>factam</strong></span> <span class='ocrx_word' id='word_1_39' title='bbox 656 387 682 414; x_wconf 93' lang='lat' dir='ltr'><strong>in</strong></span> <span class='ocrx_word' id='word_1_40' title='bbox 706 388 812 421; x_wconf 86' lang='lat' dir='ltr'><strong>pictura</strong></span> <span class='ocrx_word' id='word_1_41' title='bbox 831 392 855 415; x_wconf 85' lang='lat' dir='ltr'><strong>et</strong></span> <span class='ocrx_word' id='word_1_42' title='bbox 882 388 1004 416; x_wconf 76' lang='lat' dir='ltr'><strong>musivo—</strong></span> 
     </span>
    </p>
   </div>
   <div class='ocr_carea' id='block_1_9' title="bbox 220 431 1004 468">
    <p class='ocr_par' dir='ltr' id='par_1_9' title="bbox 220 431 1004 468">
     <span class='ocr_line' id='line_1_9' title="bbox 220 431 1004 468; baseline 0.003 -11"><span class='ocrx_word' id='word_1_43' title='bbox 220 440 279 458; x_wconf 87' lang='lat' dir='ltr'><strong>rum</strong></span> <span class='ocrx_word' id='word_1_44' title='bbox 297 439 379 465; x_wconf 87' lang='lat' dir='ltr'><strong>opere</strong></span> <span class='ocrx_word' id='word_1_45' title='bbox 401 431 474 459; x_wconf 81' lang='lat' dir='ltr'><strong>ferre</strong></span> <span class='ocrx_word' id='word_1_46' title='bbox 490 431 529 467; x_wconf 92' lang='lat' dir='ltr'><strong>[in</strong></span> <span class='ocrx_word' id='word_1_47' title='bbox 551 433 657 468; x_wconf 74' lang='lat' dir='ltr'><strong>pictura</strong></span> <span class='ocrx_word' id='word_1_48' title='bbox 683 432 752 459; x_wconf 70' lang='lat' dir='ltr'><strong>facta</strong></span> <span class='ocrx_word' id='word_1_49' title='bbox 777 440 811 463; x_wconf 71' lang='lat' dir='ltr'><strong>ex</strong></span> <span class='ocrx_word' id='word_1_50' title='bbox 836 432 1004 460; x_wconf 80' lang='lat' dir='ltr'><strong>mnsivorum</strong></span> 
     </span>
    </p>
   </div>
   <div class='ocr_carea' id='block_1_10' title="bbox 219 477 1003 513">
    <p class='ocr_par' dir='ltr' id='par_1_10' title="bbox 219 477 1003 513">
     <span class='ocr_line' id='line_1_10' title="bbox 219 477 1003 513; baseline 0.004 -10"><span class='ocrx_word' id='word_1_51' title='bbox 219 477 314 513; x_wconf 84' lang='lat' dir='ltr'><strong>opere]</strong></span> <span class='ocrx_word' id='word_1_52' title='bbox 331 486 336 503; x_wconf 92' lang='lat'>:</span> <span class='ocrx_word' id='word_1_53' title='bbox 354 482 491 511; x_wconf 78' lang='lat' dir='ltr'><strong>quatenus</strong></span> <span class='ocrx_word' id='word_1_54' title='bbox 506 478 593 512; x_wconf 78' lang='lat' dir='ltr'><strong>gratia</strong></span> <span class='ocrx_word' id='word_1_55' title='bbox 609 486 670 512; x_wconf 75' lang='lat' dir='ltr'><strong>quae</strong></span> <span class='ocrx_word' id='word_1_56' title='bbox 683 477 731 504; x_wconf 89' lang='lat' dir='ltr'><strong>tibi</strong></span> <span class='ocrx_word' id='word_1_57' title='bbox 752 485 798 512; x_wconf 91' lang='lat' dir='ltr'><strong>per</strong></span> <span class='ocrx_word' id='word_1_58' title='bbox 815 478 886 504; x_wconf 85' lang='lat' dir='ltr'><strong>hanc</strong></span> <span class='ocrx_word' id='word_1_59' title='bbox 902 478 1003 508; x_wconf 78' lang='lat' dir='ltr'><strong>illuxit.</strong></span> 
     </span>
    </p>
   </div>
   <div class='ocr_carea' id='block_1_11' title="bbox 220 523 1005 558">
    <p class='ocr_par' dir='ltr' id='par_1_11' title="bbox 220 523 1005 558">
     <span class='ocr_line' id='line_1_11' title="bbox 220 523 1005 558; baseline 0.001 -9"><span class='ocrx_word' id='word_1_60' title='bbox 220 523 301 554; x_wconf 62' lang='lat' dir='ltr'><strong>tacita</strong></span> <span class='ocrx_word' id='word_1_61' title='bbox 323 523 519 558; x_wconf 68' lang='lat' dir='ltr'><strong>przedicatione</strong></span> <span class='ocrx_word' id='word_1_62' title='bbox 547 523 732 555; x_wconf 85' lang='lat' dir='ltr'><strong>communiter</strong></span> <span class='ocrx_word' id='word_1_63' title='bbox 759 523 866 552; x_wconf 84' lang='lat' dir='ltr'><strong>cunctis</strong></span> <span class='ocrx_word' id='word_1_64' title='bbox 896 523 1005 558; x_wconf 84' lang='lat' dir='ltr'><strong>populis</strong></span> 
     </span>
    </p>
   </div>
   <div class='ocr_carea' id='block_1_12' title="bbox 220 568 1005 603">
    <p class='ocr_par' dir='ltr' id='par_1_12' title="bbox 220 568 1005 603">
     <span class='ocr_line' id='line_1_12' title="bbox 220 568 1005 603; baseline 0.004 -10"><span class='ocrx_word' id='word_1_65' title='bbox 220 569 395 602; x_wconf 65' lang='lat' dir='ltr'><strong>praedicetur.</strong></span> <span class='ocrx_word' id='word_1_66' title='bbox 413 568 470 595; x_wconf 80' lang='lat' dir='ltr'><strong>Nisi</strong></span> <span class='ocrx_word' id='word_1_67' title='bbox 492 568 565 595; x_wconf 89' lang='lat' dir='ltr'><strong>enim</strong></span> <span class='ocrx_word' id='word_1_68' title='bbox 582 576 613 595; x_wconf 76' lang='lat' dir='ltr'><strong>ex</strong></span> <span class='ocrx_word' id='word_1_69' title='bbox 637 569 686 595; x_wconf 87' lang='lat' dir='ltr'><strong>hac</strong></span> <span class='ocrx_word' id='word_1_70' title='bbox 709 569 909 602; x_wconf 72' lang='lat' dir='ltr'><strong>incarnaretur,</strong></span> <span class='ocrx_word' id='word_1_71' title='bbox 935 577 1005 603; x_wconf 79' lang='lat' dir='ltr'><strong>quo-</strong></span> 
     </span>
    </p>
   </div>
   <div class='ocr_carea' id='block_1_13' title="bbox 221 613 1005 648">
    <p class='ocr_par' dir='ltr' id='par_1_13' title="bbox 221 613 1005 648">
     <span class='ocr_line' id='line_1_13' title="bbox 221 613 1005 648; baseline 0.005 -10"><span class='ocrx_word' id='word_1_72' title='bbox 221 613 301 640; x_wconf 85' lang='lat' dir='ltr'><strong>modo</strong></span> <span class='ocrx_word' id='word_1_73' title='bbox 329 618 382 640; x_wconf 88' lang='lat' dir='ltr'><strong>tam</strong></span> <span class='ocrx_word' id='word_1_74' title='bbox 409 614 533 647; x_wconf 87' lang='lat' dir='ltr'><strong>specioso</strong></span> <span class='ocrx_word' id='word_1_75' title='bbox 564 621 664 648; x_wconf 75' lang='lat' dir='ltr'><strong>sponso</strong></span> <span class='ocrx_word' id='word_1_76' title='bbox 695 618 722 640; x_wconf 96' lang='lat' dir='ltr'><strong>tu</strong></span> <span class='ocrx_word' id='word_1_77' title='bbox 758 613 873 648; x_wconf 85' lang='lat' dir='ltr'><strong>spiritali</strong></span> <span class='ocrx_word' id='word_1_78' title='bbox 908 614 1005 648; x_wconf 85' lang='lat' dir='ltr'><strong>copula</strong></span> 
     </span>
    </p>
   </div>
   <div class='ocr_carea' id='block_1_14' title="bbox 218 657 1005 692">
    <p class='ocr_par' dir='ltr' id='par_1_14' title="bbox 218 657 1005 692">
     <span class='ocr_line' id='line_1_14' title="bbox 218 657 1005 692; baseline 0.004 -9"><span class='ocrx_word' id='word_1_79' title='bbox 218 657 399 692; x_wconf 71' lang='lat' dir='ltr'><strong>jungat-eris?</strong></span> <span class='ocrx_word' id='word_1_80' title='bbox 418 659 500 686; x_wconf 84' lang='lat' dir='ltr'><strong>Decet</strong></span> <span class='ocrx_word' id='word_1_81' title='bbox 525 660 597 686; x_wconf 88' lang='lat' dir='ltr'><strong>enim</strong></span> <span class='ocrx_word' id='word_1_82' title='bbox 615 667 640 686; x_wconf 83' lang='lat' dir='ltr'><strong>te</strong></span> <span class='ocrx_word' id='word_1_83' title='bbox 652 664 679 686; x_wconf 90' lang='lat' dir='ltr'><strong>et</strong></span> <span class='ocrx_word' id='word_1_84' title='bbox 703 660 823 686; x_wconf 90' lang='lat' dir='ltr'><strong>omnium</strong></span> <span class='ocrx_word' id='word_1_85' title='bbox 846 665 1005 687; x_wconf 82' lang='lat' dir='ltr'><strong>sanctorum</strong></span> 
     </span>
    </p>
   </div>
   <div class='ocr_carea' id='block_1_15' title="bbox 221 704 1006 740">
    <p class='ocr_par' dir='ltr' id='par_1_15' title="bbox 221 704 1006 740">
     <span class='ocr_line' id='line_1_15' title="bbox 221 704 1006 740; baseline 0.004 -11"><span class='ocrx_word' id='word_1_86' title='bbox 221 704 419 737; x_wconf 68' lang='lat' dir='ltr'><strong>apostolorum,</strong></span> <span class='ocrx_word' id='word_1_87' title='bbox 443 709 470 732; x_wconf 83' lang='lat' dir='ltr'><strong>et</strong></span> <span class='ocrx_word' id='word_1_88' title='bbox 494 705 700 739; x_wconf 77' lang='lat' dir='ltr'><strong>prophetarum,</strong></span> <span class='ocrx_word' id='word_1_89' title='bbox 730 704 934 738; x_wconf 75' lang='lat' dir='ltr'><strong>confessor-um,</strong></span> <span class='ocrx_word' id='word_1_90' title='bbox 957 713 1006 740; x_wconf 83' lang='lat' dir='ltr'><strong>pa-</strong></span> 
     </span>
    </p>
   </div>
   <div class='ocr_carea' id='block_1_16' title="bbox 221 749 1004 786">
    <p class='ocr_par' dir='ltr' id='par_1_16' title="bbox 221 749 1004 786">
     <span class='ocr_line' id='line_1_16' title="bbox 221 749 1004 786; baseline 0.003 -12"><span class='ocrx_word' id='word_1_91' title='bbox 221 749 421 781; x_wconf 73' lang='lat' dir='ltr'><strong>triarcharum.</strong></span> <span class='ocrx_word' id='word_1_92' title='bbox 446 756 474 777; x_wconf 84' lang='lat' dir='ltr'><strong>et</strong></span> <span class='ocrx_word' id='word_1_93' title='bbox 499 754 655 777; x_wconf 88' lang='lat' dir='ltr'><strong>sanctorum</strong></span> <span class='ocrx_word' id='word_1_94' title='bbox 681 749 804 782; x_wconf 78' lang='lat' dir='ltr'><strong>Patrum,</strong></span> <span class='ocrx_word' id='word_1_95' title='bbox 829 749 1004 786; x_wconf 76' lang='lat' dir='ltr'><strong>[ascelarurn,</strong></span> 
     </span>
    </p>
   </div>
   <div class='ocr_carea' id='block_1_17' title="bbox 219 794 1006 832">
    <p class='ocr_par' dir='ltr' id='par_1_17' title="bbox 219 794 1006 832">
     <span class='ocr_line' id='line_1_17' title="bbox 219 794 1006 832; baseline 0.003 -11"><span class='ocrx_word' id='word_1_96' title='bbox 219 794 370 821; x_wconf 82' lang='lat' dir='ltr'><strong>solitariam</strong></span> <span class='ocrx_word' id='word_1_97' title='bbox 392 796 474 822; x_wconf 89' lang='lat' dir='ltr'><strong>vitam</strong></span> <span class='ocrx_word' id='word_1_98' title='bbox 492 795 662 831; x_wconf 75' lang='lat' dir='ltr'><strong>degentium]</strong></span> <span class='ocrx_word' id='word_1_99' title='bbox 682 797 865 824; x_wconf 78' lang='lat' dir='ltr'><strong>studiosorum</strong></span> <span class='ocrx_word' id='word_1_100' title='bbox 893 796 929 832; x_wconf 87' lang='lat' dir='ltr'><strong>[in</strong></span> <span class='ocrx_word' id='word_1_101' title='bbox 944 797 1006 824; x_wconf 85' lang='lat' dir='ltr'><strong>eod.</strong></span> 
     </span>
    </p>
   </div>
   <div class='ocr_carea' id='block_1_18' title="bbox 219 833 1008 878">
    <p class='ocr_par' dir='ltr' id='par_1_18' title="bbox 219 833 1008 878">
     <span class='ocr_line' id='line_1_18' title="bbox 219 833 1008 878; baseline 0.003 -10"><span class='ocrx_word' id='word_1_102' title='bbox 219 840 272 868; x_wconf 82' lang='lat' dir='ltr'><strong>Jul.</strong></span> <span class='ocrx_word' id='word_1_103' title='bbox 289 841 314 868; x_wconf 89' lang='lat' dir='ltr'><strong>id</strong></span> <span class='ocrx_word' id='word_1_104' title='bbox 335 846 376 868; x_wconf 87' lang='lat' dir='ltr'><strong>est</strong></span> <span class='ocrx_word' id='word_1_105' title='bbox 393 833 578 873; x_wconf 78' lang='lat' dir='ltr'><strong>confessornm</strong></span> <span class='ocrx_word' id='word_1_106' title='bbox 592 841 603 878; x_wconf 72' lang='lat'>1</span> <span class='ocrx_word' id='word_1_107' title='bbox 619 850 727 877; x_wconf 80' lang='lat' dir='ltr'><strong>quoque</strong></span> <span class='ocrx_word' id='word_1_108' title='bbox 748 850 780 870; x_wconf 86' lang='lat' dir='ltr'><strong>ac</strong></span> <span class='ocrx_word' id='word_1_109' title='bbox 797 847 958 877; x_wconf 86' lang='lat' dir='ltr'><strong>martyrum,</strong></span> <span class='ocrx_word' id='word_1_110' title='bbox 981 847 1008 870; x_wconf 83' lang='lat' dir='ltr'><strong>et</strong></span> 
     </span>
    </p>
   </div>
   <div class='ocr_carea' id='block_1_19' title="bbox 220 887 1006 924">
    <p class='ocr_par' dir='ltr' id='par_1_19' title="bbox 220 887 1006 924">
     <span class='ocr_line' id='line_1_19' title="bbox 220 887 1006 924; baseline 0.003 -11"><span class='ocrx_word' id='word_1_111' title='bbox 220 887 304 914; x_wconf 82' lang='lat' dir='ltr'><strong>totius</strong></span> <span class='ocrx_word' id='word_1_112' title='bbox 328 887 364 921; x_wconf 88' lang='lat' dir='ltr'><strong>pii</strong></span> <span class='ocrx_word' id='word_1_113' title='bbox 388 887 496 921; x_wconf 68' lang='lat' dir='ltr'><strong>collegii</strong></span> <span class='ocrx_word' id='word_1_114' title='bbox 524 887 656 920; x_wconf 78' lang='lat' dir='ltr'><strong>formatas</strong></span> <span class='ocrx_word' id='word_1_115' title='bbox 682 889 817 924; x_wconf 73' lang='lat' dir='ltr'><strong>imagines</strong></span> <span class='ocrx_word' id='word_1_116' title='bbox 841 889 956 916; x_wconf 76' lang='lat' dir='ltr'><strong>interius</strong></span> <span class='ocrx_word' id='word_1_117' title='bbox 981 889 1006 916; x_wconf 95' lang='lat' dir='ltr'><strong>in</strong></span> 
     </span>
    </p>
   </div>
   <div class='ocr_carea' id='block_1_20' title="bbox 1061 298 1851 335">
    <p class='ocr_par' dir='ltr' id='par_1_20' title="bbox 1061 298 1851 335">
     <span class='ocr_line' id='line_1_20' title="bbox 1061 298 1851 335; baseline 0.001 -10"><span class='ocrx_word' id='word_1_118' title='bbox 1061 299 1164 334; x_wconf 77' lang='grc' dir='ltr'><strong>Πρέπει</strong></span> <span class='ocrx_word' id='word_1_119' title='bbox 1181 307 1221 325; x_wconf 88' lang='grc' dir='ltr'><strong>σοι</strong></span> <span class='ocrx_word' id='word_1_120' title='bbox 1238 300 1288 334; x_wconf 86' lang='grc' dir='ltr'>τῆς</span> <span class='ocrx_word' id='word_1_121' title='bbox 1305 299 1353 326; x_wconf 76' lang='grc' dir='ltr'>τοῦ</span> <span class='ocrx_word' id='word_1_122' title='bbox 1365 300 1596 335; x_wconf 81' lang='grc' dir='ltr'>νυμφευσαμένου</span> <span class='ocrx_word' id='word_1_123' title='bbox 1608 307 1637 327; x_wconf 87' lang='grc' dir='ltr'><strong>σε</strong></span> <span class='ocrx_word' id='word_1_124' title='bbox 1651 298 1773 334; x_wconf 79' lang='grc' dir='ltr'><strong>Χριστοῦ</strong></span> <span class='ocrx_word' id='word_1_125' title='bbox 1785 300 1851 326; x_wconf 76' lang='grc' dir='ltr'>Θεο‹</span> 
     </span>
    </p>
   </div>
   <div class='ocr_carea' id='block_1_21' title="bbox 1062 344 1851 380">
    <p class='ocr_par' dir='ltr' id='par_1_21' title="bbox 1062 344 1851 380">
     <span class='ocr_line' id='line_1_21' title="bbox 1062 344 1851 380; baseline 0 -10"><span class='ocrx_word' id='word_1_126' title='bbox 1062 344 1182 380; x_wconf 81' lang='grc' dir='ltr'>μήτορος</span> <span class='ocrx_word' id='word_1_127' title='bbox 1211 345 1259 371; x_wconf 81' lang='grc' dir='ltr'>καὶ</span> <span class='ocrx_word' id='word_1_128' title='bbox 1285 345 1481 380; x_wconf 77' lang='grc' dir='ltr'>Ἀειπαρθένου</span> <span class='ocrx_word' id='word_1_129' title='bbox 1516 345 1628 380; x_wconf 65' lang='grc' dir='ltr'>Μητρὸς</span> <span class='ocrx_word' id='word_1_130' title='bbox 1649 345 1851 380; x_wconf 75' lang='grc' dir='ltr'>ἑμμουσούργῳ</span> 
     </span>
    </p>
   </div>
   <div class='ocr_carea' id='block_1_22' title="bbox 1060 389 1849 426">
    <p class='ocr_par' dir='ltr' id='par_1_22' title="bbox 1060 389 1849 426">
     <span class='ocr_line' id='line_1_22' title="bbox 1060 389 1849 426; baseline -0.001 -10"><span class='ocrx_word' id='word_1_131' title='bbox 1060 391 1153 426; x_wconf 82' lang='grc' dir='ltr'>γραφῇ</span> <span class='ocrx_word' id='word_1_132' title='bbox 1183 390 1231 425; x_wconf 83' lang='grc' dir='ltr'>τὴν</span> <span class='ocrx_word' id='word_1_133' title='bbox 1252 390 1344 416; x_wconf 72' lang='grc' dir='ltr'>εἰκόνα</span> <span class='ocrx_word' id='word_1_134' title='bbox 1372 391 1429 421; x_wconf 77' lang='grc' dir='ltr'>σοις</span> <span class='ocrx_word' id='word_1_135' title='bbox 1456 390 1597 425; x_wconf 84' lang='grc' dir='ltr'>πανιέροις</span> <span class='ocrx_word' id='word_1_136' title='bbox 1621 389 1724 424; x_wconf 78' lang='grc' dir='ltr'><strong>τοίχοις</strong></span> <span class='ocrx_word' id='word_1_137' title='bbox 1737 391 1849 425; x_wconf 78' lang='grc' dir='ltr'>φέρειν·</span> 
     </span>
    </p>
   </div>
   <div class='ocr_carea' id='block_1_23' title="bbox 1060 435 1850 471">
    <p class='ocr_par' dir='ltr' id='par_1_23' title="bbox 1060 435 1850 471">
     <span class='ocr_line' id='line_1_23' title="bbox 1060 435 1850 471; baseline -0.001 -9"><span class='ocrx_word' id='word_1_138' title='bbox 1060 436 1098 468; x_wconf 81' lang='grc' dir='ltr'>ὡς</span> <span class='ocrx_word' id='word_1_139' title='bbox 1111 436 1143 462; x_wconf 85' lang='grc' dir='ltr'>ἂν</span> <span class='ocrx_word' id='word_1_140' title='bbox 1156 436 1172 471; x_wconf 89' lang='grc' dir='ltr'>ἡ</span> <span class='ocrx_word' id='word_1_141' title='bbox 1187 436 1230 463; x_wconf 83' lang='grc' dir='ltr'>διὰ</span> <span class='ocrx_word' id='word_1_142' title='bbox 1246 435 1349 470; x_wconf 83' lang='grc' dir='ltr'><strong>ταύτης</strong></span> <span class='ocrx_word' id='word_1_143' title='bbox 1371 444 1412 462; x_wconf 83' lang='grc' dir='ltr'><strong>σοι</strong></span> <span class='ocrx_word' id='word_1_144' title='bbox 1435 435 1621 470; x_wconf 81' lang='grc' dir='ltr'>ὰναλάμψασα</span> <span class='ocrx_word' id='word_1_145' title='bbox 1635 435 1722 471; x_wconf 83' lang='grc' dir='ltr'>’χάρις</span> <span class='ocrx_word' id='word_1_146' title='bbox 1737 435 1850 469; x_wconf 82' lang='grc' dir='ltr'>σιγῶντι</span> 
     </span>
    </p>
   </div>
   <div class='ocr_carea' id='block_1_24' title="bbox 1060 481 1849 517">
    <p class='ocr_par' dir='ltr' id='par_1_24' title="bbox 1060 481 1849 517">
     <span class='ocr_line' id='line_1_24' title="bbox 1060 481 1849 517; baseline -0.003 -9"><span class='ocrx_word' id='word_1_147' title='bbox 1060 481 1219 517; x_wconf 80' lang='grc' dir='ltr'><strong>κηρύγματι</strong></span> <span class='ocrx_word' id='word_1_148' title='bbox 1231 482 1328 513; x_wconf 84' lang='grc' dir='ltr'><strong>κοινῶς</strong></span> <span class='ocrx_word' id='word_1_149' title='bbox 1340 483 1395 513; x_wconf 81' lang='grc' dir='ltr'>τοῖς</span> <span class='ocrx_word' id='word_1_150' title='bbox 1407 481 1481 513; x_wconf 80' lang='grc' dir='ltr'>λαοῖς</span> <span class='ocrx_word' id='word_1_151' title='bbox 1491 481 1679 515; x_wconf 84' lang='grc' dir='ltr'>διαγγὲληται.</span> <span class='ocrx_word' id='word_1_152' title='bbox 1699 481 1730 506; x_wconf 84' lang='grc' dir='ltr'><strong>Ει</strong></span> <span class='ocrx_word' id='word_1_153' title='bbox 1744 481 1782 515; x_wconf 82' lang='grc' dir='ltr'>μὴ</span> <span class='ocrx_word' id='word_1_154' title='bbox 1793 481 1849 515; x_wconf 80' lang='grc' dir='ltr'><strong>γὰρ</strong></span> 
     </span>
    </p>
   </div>
   <div class='ocr_carea' id='block_1_25' title="bbox 1059 525 1848 563">
    <p class='ocr_par' dir='ltr' id='par_1_25' title="bbox 1059 525 1848 563">
     <span class='ocr_line' id='line_1_25' title="bbox 1059 525 1848 563; baseline -0.003 -9"><span class='ocrx_word' id='word_1_155' title='bbox 1059 529 1092 554; x_wconf 82' lang='grc' dir='ltr'>ὲκ</span> <span class='ocrx_word' id='word_1_156' title='bbox 1115 527 1217 563; x_wconf 78' lang='grc' dir='ltr'><strong>ταύτης</strong></span> <span class='ocrx_word' id='word_1_157' title='bbox 1235 527 1403 562; x_wconf 80' lang='grc' dir='ltr'>σεσάρκωτο,</span> <span class='ocrx_word' id='word_1_158' title='bbox 1423 526 1481 557; x_wconf 80' lang='grc' dir='ltr'>πῶς</span> <span class='ocrx_word' id='word_1_159' title='bbox 1507 526 1539 552; x_wconf 85' lang='grc' dir='ltr'>σὺ</span> <span class='ocrx_word' id='word_1_160' title='bbox 1564 526 1603 561; x_wconf 86' lang='grc' dir='ltr'>τῷ</span> <span class='ocrx_word' id='word_1_161' title='bbox 1624 525 1740 561; x_wconf 75' lang='grc' dir='ltr'><strong>τοιούτῳ</strong></span> <span class='ocrx_word' id='word_1_162' title='bbox 1754 525 1848 561; x_wconf 79' lang='grc' dir='ltr'>ὡραίῳ</span> 
     </span>
    </p>
   </div>
   <div class='ocr_carea' id='block_1_26' title="bbox 1060 571 1847 609">
    <p class='ocr_par' dir='ltr' id='par_1_26' title="bbox 1060 571 1847 609">
     <span class='ocr_line' id='line_1_26' title="bbox 1060 571 1847 609; baseline -0.004 -9"><span class='ocrx_word' id='word_1_163' title='bbox 1060 574 1169 609; x_wconf 83' lang='grc' dir='ltr'>νυμφίῳ</span> <span class='ocrx_word' id='word_1_164' title='bbox 1195 574 1223 599; x_wconf 78' lang='grc' dir='ltr'>ἐν</span> <span class='ocrx_word' id='word_1_165' title='bbox 1253 574 1425 607; x_wconf 82' lang='grc' dir='ltr'><strong>πνευματικῇ</strong></span> <span class='ocrx_word' id='word_1_166' title='bbox 1459 571 1592 607; x_wconf 69' lang='grc' dir='ltr'>συναφείᾳ</span> <span class='ocrx_word' id='word_1_167' title='bbox 1617 571 1847 606; x_wconf 80' lang='grc' dir='ltr'>προσεπέλασας;</span> 
     </span>
    </p>
   </div>
   <div class='ocr_carea' id='block_1_27' title="bbox 1061 615 1848 654">
    <p class='ocr_par' dir='ltr' id='par_1_27' title="bbox 1061 615 1848 654">
     <span class='ocr_line' id='line_1_27' title="bbox 1061 615 1848 654; baseline -0.005 -9"><span class='ocrx_word' id='word_1_168' title='bbox 1061 619 1167 654; x_wconf 72' lang='grc' dir='ltr'>Πρέπει</span> <span class='ocrx_word' id='word_1_169' title='bbox 1186 627 1227 645; x_wconf 84' lang='grc' dir='ltr'><strong>σοι</strong></span> <span class='ocrx_word' id='word_1_170' title='bbox 1245 619 1292 645; x_wconf 71' lang='grc' dir='ltr'><strong>καὶ</strong></span> <span class='ocrx_word' id='word_1_171' title='bbox 1313 617 1366 644; x_wconf 87' lang='grc' dir='ltr'>τῶν</span> <span class='ocrx_word' id='word_1_172' title='bbox 1394 618 1505 644; x_wconf 80' lang='grc' dir='ltr'>πάντων</span> <span class='ocrx_word' id='word_1_173' title='bbox 1537 617 1624 650; x_wconf 85' lang='grc' dir='ltr'>ἁγίων</span> <span class='ocrx_word' id='word_1_174' title='bbox 1646 615 1803 642; x_wconf 80' lang='grc' dir='ltr'><strong>ἀποστόλων</strong></span> <span class='ocrx_word' id='word_1_175' title='bbox 1816 624 1848 642; x_wconf 85' lang='grc' dir='ltr'><strong>τε</strong></span> 
     </span>
    </p>
   </div>
   <div class='ocr_carea' id='block_1_28' title="bbox 1060 660 1846 699">
    <p class='ocr_par' dir='ltr' id='par_1_28' title="bbox 1060 660 1846 699">
     <span class='ocr_line' id='line_1_28' title="bbox 1060 660 1846 699; baseline -0.005 -9"><span class='ocrx_word' id='word_1_176' title='bbox 1060 665 1106 690; x_wconf 82' lang='grc' dir='ltr'>καὶ</span> <span class='ocrx_word' id='word_1_177' title='bbox 1139 663 1286 699; x_wconf 82' lang='grc' dir='ltr'>προφητῶν</span> <span class='ocrx_word' id='word_1_178' title='bbox 1300 683 1307 694; x_wconf 86' lang='grc'>,</span> <span class='ocrx_word' id='word_1_179' title='bbox 1326 661 1519 698; x_wconf 76' lang='grc' dir='ltr'>πατριαρχῶν,</span> <span class='ocrx_word' id='word_1_180' title='bbox 1545 662 1591 687; x_wconf 82' lang='grc' dir='ltr'>καὶ</span> <span class='ocrx_word' id='word_1_181' title='bbox 1606 661 1687 687; x_wconf 75' lang='grc' dir='ltr'>ὁσίων</span> <span class='ocrx_word' id='word_1_182' title='bbox 1705 660 1846 699; x_wconf 77' lang='grc' dir='ltr'>Πατέρων,</span> 
     </span>
    </p>
   </div>
   <div class='ocr_carea' id='block_1_29' title="bbox 1060 705 1846 744">
    <p class='ocr_par' dir='ltr' id='par_1_29' title="bbox 1060 705 1846 744">
     <span class='ocr_line' id='line_1_29' title="bbox 1060 705 1846 744; baseline -0.006 -8"><span class='ocrx_word' id='word_1_183' title='bbox 1060 709 1189 744; x_wconf 80' lang='grc' dir='ltr'><strong>ἀσκητῶν</strong></span> <span class='ocrx_word' id='word_1_184' title='bbox 1212 717 1242 735; x_wconf 83' lang='grc' dir='ltr'><strong>τε</strong></span> <span class='ocrx_word' id='word_1_185' title='bbox 1267 708 1427 743; x_wconf 77' lang='grc' dir='ltr'>μαρτύρων,</span> <span class='ocrx_word' id='word_1_186' title='bbox 1449 707 1495 733; x_wconf 68' lang='grc' dir='ltr'><strong>καὶ⁹</strong></span> <span class='ocrx_word' id='word_1_187' title='bbox 1513 706 1613 738; x_wconf 80' lang='grc' dir='ltr'>παντὸς</span> <span class='ocrx_word' id='word_1_188' title='bbox 1637 705 1766 737; x_wconf 76' lang='grc' dir='ltr'>εὑσεὸοῦς</span> <span class='ocrx_word' id='word_1_189' title='bbox 1782 706 1846 732; x_wconf 85' lang='grc' dir='ltr'>συλ-</span> 
     </span>
    </p>
   </div>
   <div class='ocr_carea' id='block_1_30' title="bbox 1060 752 1846 788">
    <p class='ocr_par' dir='ltr' id='par_1_30' title="bbox 1060 752 1846 788">
     <span class='ocr_line' id='line_1_30' title="bbox 1060 752 1846 788; baseline -0.005 -8"><span class='ocrx_word' id='word_1_190' title='bbox 1060 754 1140 788; x_wconf 83' lang='grc' dir='ltr'>λόγου</span> <span class='ocrx_word' id='word_1_191' title='bbox 1152 753 1201 784; x_wconf 83' lang='grc' dir='ltr'><strong>τὰς</strong></span> <span class='ocrx_word' id='word_1_192' title='bbox 1218 753 1325 783; x_wconf 71' lang='grc' dir='ltr'>εἰκόνας</span> <span class='ocrx_word' id='word_1_193' title='bbox 1342 752 1415 778; x_wconf 71' lang='grc' dir='ltr'>ἔνδον</span> <span class='ocrx_word' id='word_1_194' title='bbox 1428 752 1487 782; x_wconf 83' lang='grc' dir='ltr'>ταῖς</span> <span class='ocrx_word' id='word_1_195' title='bbox 1501 752 1651 785; x_wconf 85' lang='grc' dir='ltr'>γραφικαῖς</span> <span class='ocrx_word' id='word_1_196' title='bbox 1663 752 1846 782; x_wconf 79' lang='grc' dir='ltr'>κατασκευαῖς</span> 
     </span>
    </p>
   </div>
   <div class='ocr_carea' id='block_1_31' title="bbox 1062 795 1846 833">
    <p class='ocr_par' dir='ltr' id='par_1_31' title="bbox 1062 795 1846 833">
     <span class='ocr_line' id='line_1_31' title="bbox 1062 795 1846 833; baseline -0.004 -9"><span class='ocrx_word' id='word_1_197' title='bbox 1062 799 1265 833; x_wconf 81' lang='grc' dir='ltr'>ὲντυπουμένας</span> <span class='ocrx_word' id='word_1_198' title='bbox 1292 797 1385 832; x_wconf 83' lang='grc' dir='ltr'>φέρειν</span> <span class='ocrx_word' id='word_1_199' title='bbox 1398 816 1405 828; x_wconf 83' lang='grc'><em>,</em></span> <span class='ocrx_word' id='word_1_200' title='bbox 1423 796 1460 828; x_wconf 84' lang='grc' dir='ltr'>ὡς</span> <span class='ocrx_word' id='word_1_201' title='bbox 1476 796 1508 822; x_wconf 75' lang='grc' dir='ltr'>ἄν</span> <span class='ocrx_word' id='word_1_202' title='bbox 1528 804 1569 822; x_wconf 87' lang='grc' dir='ltr'><strong>σοι</strong></span> <span class='ocrx_word' id='word_1_203' title='bbox 1586 795 1617 822; x_wconf 79' lang='grc' dir='ltr'>τὸ</span> <span class='ocrx_word' id='word_1_204' title='bbox 1635 795 1738 822; x_wconf 80' lang='grc' dir='ltr'>τέλειον</span> <span class='ocrx_word' id='word_1_205' title='bbox 1754 795 1803 830; x_wconf 83' lang='grc' dir='ltr'>τῆς</span> <span class='ocrx_word' id='word_1_206' title='bbox 1816 796 1846 828; x_wconf 73' lang='grc' dir='ltr'><strong>ἐξ</strong></span> 
     </span>
    </p>
   </div>
   <div class='ocr_carea' id='block_1_32' title="bbox 1061 840 1846 878">
    <p class='ocr_par' dir='ltr' id='par_1_32' title="bbox 1061 840 1846 878">
     <span class='ocr_line' id='line_1_32' title="bbox 1061 840 1846 878; baseline -0.005 -8"><span class='ocrx_word' id='word_1_207' title='bbox 1061 844 1147 878; x_wconf 66' lang='grc' dir='ltr'>ὕψους</span> <span class='ocrx_word' id='word_1_208' title='bbox 1176 852 1205 869; x_wconf 85' lang='grc' dir='ltr'><strong>σε</strong></span> <span class='ocrx_word' id='word_1_209' title='bbox 1233 842 1444 878; x_wconf 73' lang='grc' dir='ltr'>περιλαμψάσης</span> <span class='ocrx_word' id='word_1_210' title='bbox 1471 841 1615 876; x_wconf 84' lang='grc' dir='ltr'>ἀνατολῆς,</span> <span class='ocrx_word' id='word_1_211' title='bbox 1635 841 1709 876; x_wconf 71' lang='grc' dir='ltr'>πάσῃ</span> <span class='ocrx_word' id='word_1_212' title='bbox 1725 842 1758 875; x_wconf 83' lang='grc' dir='ltr'><strong>τῇ</strong></span> <span class='ocrx_word' id='word_1_213' title='bbox 1785 840 1846 875; x_wconf 60' lang='grc' dir='ltr'>θείᾳ.</span> 
     </span>
    </p>
   </div>
   <div class='ocr_carea' id='block_1_33' title="bbox 1061 887 1844 924">
    <p class='ocr_par' dir='ltr' id='par_1_33' title="bbox 1061 887 1844 924">
     <span class='ocr_line' id='line_1_33' title="bbox 1061 887 1844 924; baseline -0.005 -8"><span class='ocrx_word' id='word_1_214' title='bbox 1061 889 1227 916; x_wconf 79' lang='grc' dir='ltr'>καταστάσει</span> <span class='ocrx_word' id='word_1_215' title='bbox 1246 889 1324 924; x_wconf 80' lang='grc' dir='ltr'>μένῃ.</span> <span class='ocrx_word' id='word_1_216' title='bbox 1341 888 1401 914; x_wconf 80' lang='grc' dir='ltr'><strong>Τῶν</strong></span> <span class='ocrx_word' id='word_1_217' title='bbox 1416 888 1466 922; x_wconf 83' lang='grc' dir='ltr'>μὲν</span> <span class='ocrx_word' id='word_1_218' title='bbox 1480 888 1529 923; x_wconf 84' lang='grc' dir='ltr'>τὴν</span> <span class='ocrx_word' id='word_1_219' title='bbox 1539 887 1600 923; x_wconf 75' lang='grc' dir='ltr'>σὴν,</span> <span class='ocrx_word' id='word_1_220' title='bbox 1615 887 1710 922; x_wconf 80' lang='grc' dir='ltr'>ὥσπερ</span> <span class='ocrx_word' id='word_1_221' title='bbox 1725 895 1844 921; x_wconf 82' lang='grc' dir='ltr'>προανα-</span> 
     </span>
    </p>
   </div>
   <div class='ocr_carea' id='block_1_34' title="bbox 219 922 1007 970">
    <p class='ocr_par' dir='ltr' id='par_1_34' title="bbox 219 932 1006 969">
     <span class='ocr_line' id='line_1_34' title="bbox 219 932 1006 969; baseline 0.004 -10"><span class='ocrx_word' id='word_1_222' title='bbox 219 932 391 966; x_wconf 83' lang='lat' dir='ltr'><strong>pictnrarum</strong></span> <span class='ocrx_word' id='word_1_223' title='bbox 421 933 640 965; x_wconf 78' lang='lat' dir='ltr'><strong>eoul‘cctionibus</strong></span> <span class='ocrx_word' id='word_1_224' title='bbox 664 933 735 963; x_wconf 79' lang='lat' dir='ltr'><strong>ferre</strong></span> <span class='ocrx_word' id='word_1_225' title='bbox 755 944 761 961; x_wconf 93' lang='lat'>:</span> <span class='ocrx_word' id='word_1_226' title='bbox 783 940 921 969; x_wconf 81' lang='lat' dir='ltr'><strong>quatenus</strong></span> <span class='ocrx_word' id='word_1_227' title='bbox 946 935 1006 969; x_wconf 88' lang='lat' dir='ltr'><strong>ipsa</strong></span> 
     </span>
    </p>
   </div>
   <div class='ocr_carea' id='block_1_35' title="bbox 1060 922 1846 970">
    <p class='ocr_par' dir='ltr' id='par_1_35' title="bbox 1060 922 1846 970">
     <span class='ocr_line' id='line_1_35' title="bbox 1060 922 1846 970; baseline -0.005 -8"><span class='ocrx_word' id='word_1_228' title='bbox 1060 936 1221 970; x_wconf 69' lang='grc' dir='ltr'>φωνούντων</span> <span class='ocrx_word' id='word_1_229' title='bbox 1238 922 1313 970; x_wconf 71' lang='grc' dir='ltr'>ἱερὰν</span> <span class='ocrx_word' id='word_1_230' title='bbox 1339 922 1522 970; x_wconf 17' lang='grc' dir='ltr'>πρόσκλησινν,</span> <span class='ocrx_word' id='word_1_231' title='bbox 1539 922 1651 964; x_wconf 76' lang='grc' dir='ltr'>καὶτοῖς</span> <span class='ocrx_word' id='word_1_232' title='bbox 1665 932 1711 959; x_wconf 81' lang='grc' dir='ltr'>τοῦ</span> <span class='ocrx_word' id='word_1_233' title='bbox 1727 933 1846 967; x_wconf 71' lang='grc' dir='ltr'>νυμφίου</span> 
     </span>
    </p>
   </div>
   <div class='ocr_carea' id='block_1_36' title="bbox 219 977 1005 1014">
    <p class='ocr_par' dir='ltr' id='par_1_36' title="bbox 219 977 1005 1014">
     <span class='ocr_line' id='line_1_36' title="bbox 219 977 1005 1014; baseline 0.003 -10"><span class='ocrx_word' id='word_1_234' title='bbox 219 977 415 1012; x_wconf 77' lang='lat' dir='ltr'><strong>perfectionem</strong></span> <span class='ocrx_word' id='word_1_235' title='bbox 430 979 546 1007; x_wconf 80' lang='lat' dir='ltr'><strong>orientis</strong></span> <span class='ocrx_word' id='word_1_236' title='bbox 565 979 611 1014; x_wconf 81' lang='lat' dir='ltr'><strong>qui</strong></span> <span class='ocrx_word' id='word_1_237' title='bbox 635 984 660 1006; x_wconf 92' lang='lat' dir='ltr'><strong>te</strong></span> <span class='ocrx_word' id='word_1_238' title='bbox 681 980 715 1006; x_wconf 92' lang='lat' dir='ltr'><strong>ab</strong></span> <span class='ocrx_word' id='word_1_239' title='bbox 730 980 786 1006; x_wconf 91' lang='lat' dir='ltr'><strong>alto</strong></span> <span class='ocrx_word' id='word_1_240' title='bbox 808 979 1005 1012; x_wconf 82' lang='lat' dir='ltr'><strong>circumfulsit,</strong></span> 
     </span>
    </p>
   </div>
   <div class='ocr_carea' id='block_1_37' title="bbox 219 1024 1007 1060">
    <p class='ocr_par' dir='ltr' id='par_1_37' title="bbox 219 1024 1007 1060">
     <span class='ocr_line' id='line_1_37' title="bbox 219 1024 1007 1060; baseline 0.003 -10"><span class='ocrx_word' id='word_1_241' title='bbox 219 1024 295 1050; x_wconf 92' lang='lat' dir='ltr'><strong>omni</strong></span> <span class='ocrx_word' id='word_1_242' title='bbox 322 1024 429 1052; x_wconf 72' lang='lat' dir='ltr'><strong>iisione</strong></span> <span class='ocrx_word' id='word_1_243' title='bbox 452 1029 583 1056; x_wconf 81' lang='lat' dir='ltr'><strong>ostentcs.</strong></span> <span class='ocrx_word' id='word_1_244' title='bbox 613 1024 679 1055; x_wconf 74' lang='lat' dir='ltr'><strong>Aliis</strong></span> <span class='ocrx_word' id='word_1_245' title='bbox 705 1025 813 1059; x_wconf 83' lang='lat' dir='ltr'><strong>quidem</strong></span> <span class='ocrx_word' id='word_1_246' title='bbox 837 1029 911 1057; x_wconf 86' lang='lat' dir='ltr'><strong>tuam</strong></span> <span class='ocrx_word' id='word_1_247' title='bbox 938 1033 1007 1060; x_wconf 88' lang='lat' dir='ltr'><strong>quo-</strong></span> 
     </span>
    </p>
   </div>
   <div class='ocr_carea' id='block_1_38' title="bbox 220 1070 1007 1105">
    <p class='ocr_par' dir='ltr' id='par_1_38' title="bbox 220 1070 1007 1105">
     <span class='ocr_line' id='line_1_38' title="bbox 220 1070 1007 1105; baseline 0 -7"><span class='ocrx_word' id='word_1_248' title='bbox 220 1070 367 1098; x_wconf 86' lang='lat' dir='ltr'><strong>dammodo</strong></span> <span class='ocrx_word' id='word_1_249' title='bbox 393 1071 642 1105; x_wconf 57' lang='lat' dir='ltr'><strong>praenuntiantibus</strong></span> <span class='ocrx_word' id='word_1_250' title='bbox 671 1071 859 1104; x_wconf 82' lang='lat' dir='ltr'><strong>vocationem,</strong></span> <span class='ocrx_word' id='word_1_251' title='bbox 888 1075 915 1098; x_wconf 87' lang='lat' dir='ltr'><strong>et</strong></span> <span class='ocrx_word' id='word_1_252' title='bbox 941 1078 1007 1105; x_wconf 86' lang='lat' dir='ltr'><strong>pro-</strong></span> 
     </span>
    </p>
   </div>
   <div class='ocr_carea' id='block_1_39' title="bbox 221 1116 1007 1151">
    <p class='ocr_par' dir='ltr' id='par_1_39' title="bbox 221 1116 1007 1151">
     <span class='ocr_line' id='line_1_39' title="bbox 221 1116 1007 1151; baseline 0 -8"><span class='ocrx_word' id='word_1_253' title='bbox 221 1116 323 1151; x_wconf 89' lang='lat' dir='ltr'><strong>phetiis</strong></span> <span class='ocrx_word' id='word_1_254' title='bbox 355 1117 414 1144; x_wconf 89' lang='lat' dir='ltr'><strong>suis</strong></span> <span class='ocrx_word' id='word_1_255' title='bbox 447 1124 548 1151; x_wconf 77' lang='lat' dir='ltr'><strong>sponso</strong></span> <span class='ocrx_word' id='word_1_256' title='bbox 583 1117 664 1151; x_wconf 86' lang='lat' dir='ltr'><strong>quasi</strong></span> <span class='ocrx_word' id='word_1_257' title='bbox 699 1117 862 1151; x_wconf 81' lang='lat' dir='ltr'><strong>quibusdam</strong></span> <span class='ocrx_word' id='word_1_258' title='bbox 898 1116 1007 1144; x_wconf 84' lang='lat' dir='ltr'><strong>dotibus</strong></span> 
     </span>
    </p>
   </div>
   <div class='ocr_carea' id='block_1_40' title="bbox 221 1161 1006 1196">
    <p class='ocr_par' dir='ltr' id='par_1_40' title="bbox 221 1161 1006 1196">
     <span class='ocr_line' id='line_1_40' title="bbox 221 1161 1006 1196; baseline 0.003 -8"><span class='ocrx_word' id='word_1_259' title='bbox 221 1166 300 1188; x_wconf 89' lang='lat' dir='ltr'><strong>antea</strong></span> <span class='ocrx_word' id='word_1_260' title='bbox 318 1161 560 1196; x_wconf 77' lang='lat' dir='ltr'><strong>desponsantibus.</strong></span> <span class='ocrx_word' id='word_1_261' title='bbox 583 1162 652 1189; x_wconf 80' lang='lat' dir='ltr'><strong>Aliis</strong></span> <span class='ocrx_word' id='word_1_262' title='bbox 670 1169 734 1188; x_wconf 87' lang='lat' dir='ltr'><strong>vero</strong></span> <span class='ocrx_word' id='word_1_263' title='bbox 751 1161 939 1196; x_wconf 80' lang='lat' dir='ltr'><strong>evangelicum</strong></span> <span class='ocrx_word' id='word_1_264' title='bbox 959 1162 1006 1190; x_wconf 84' lang='lat' dir='ltr'><strong>tibi</strong></span> 
     </span>
    </p>
   </div>
   <div class='ocr_carea' id='block_1_41' title="bbox 221 1207 1006 1242">
    <p class='ocr_par' dir='ltr' id='par_1_41' title="bbox 221 1207 1006 1242">
     <span class='ocr_line' id='line_1_41' title="bbox 221 1207 1006 1242; baseline 0 -7"><span class='ocrx_word' id='word_1_265' title='bbox 221 1207 446 1240; x_wconf 88' lang='lat' dir='ltr'><strong>ministrantibus</strong></span> <span class='ocrx_word' id='word_1_266' title='bbox 468 1208 593 1240; x_wconf 85' lang='lat' dir='ltr'><strong>verbum,</strong></span> <span class='ocrx_word' id='word_1_267' title='bbox 617 1212 643 1234; x_wconf 89' lang='lat' dir='ltr'><strong>et</strong></span> <span class='ocrx_word' id='word_1_268' title='bbox 659 1215 706 1242; x_wconf 89' lang='lat' dir='ltr'><strong>per</strong></span> <span class='ocrx_word' id='word_1_269' title='bbox 729 1207 884 1235; x_wconf 82' lang='lat' dir='ltr'><strong>universam</strong></span> <span class='ocrx_word' id='word_1_270' title='bbox 907 1213 1006 1235; x_wconf 80' lang='lat' dir='ltr'><strong>terrain</strong></span> 
     </span>
    </p>
   </div>
   <div class='ocr_carea' id='block_1_42' title="bbox 222 1252 1008 1288">
    <p class='ocr_par' dir='ltr' id='par_1_42' title="bbox 222 1252 1008 1288">
     <span class='ocr_line' id='line_1_42' title="bbox 222 1252 1008 1288; baseline 0.001 -9"><span class='ocrx_word' id='word_1_271' title='bbox 222 1252 346 1287; x_wconf 78' lang='lat' dir='ltr'><strong>dispersa</strong></span> <span class='ocrx_word' id='word_1_272' title='bbox 365 1253 538 1280; x_wconf 87' lang='lat' dir='ltr'><strong>rationabilia</strong></span> <span class='ocrx_word' id='word_1_273' title='bbox 559 1252 608 1281; x_wconf 83' lang='lat' dir='ltr'><strong>tibi</strong></span> <span class='ocrx_word' id='word_1_274' title='bbox 622 1252 705 1280; x_wconf 81' lang='lat' dir='ltr'><strong>ovilia</strong></span> <span class='ocrx_word' id='word_1_275' title='bbox 720 1253 924 1288; x_wconf 73' lang='lat' dir='ltr'><strong>colligentibns.</strong></span> <span class='ocrx_word' id='word_1_276' title='bbox 941 1254 1008 1280; x_wconf 82' lang='lat' dir='ltr'><strong>Aliis</strong></span> 
     </span>
    </p>
   </div>
   <div class='ocr_carea' id='block_1_43' title="bbox 223 1299 1008 1334">
    <p class='ocr_par' dir='ltr' id='par_1_43' title="bbox 223 1299 1008 1334">
     <span class='ocr_line' id='line_1_43' title="bbox 223 1299 1008 1334; baseline 0 -8"><span class='ocrx_word' id='word_1_277' title='bbox 223 1303 313 1326; x_wconf 86' lang='lat' dir='ltr'><strong>autem</strong></span> <span class='ocrx_word' id='word_1_278' title='bbox 329 1300 387 1327; x_wconf 86' lang='lat' dir='ltr'><strong>suis</strong></span> <span class='ocrx_word' id='word_1_279' title='bbox 401 1300 480 1334; x_wconf 86' lang='lat' dir='ltr'><strong>quasi</strong></span> <span class='ocrx_word' id='word_1_280' title='bbox 497 1299 645 1333; x_wconf 87' lang='lat' dir='ltr'><strong>sudoribus</strong></span> <span class='ocrx_word' id='word_1_281' title='bbox 657 1306 705 1333; x_wconf 85' lang='lat' dir='ltr'><strong>per</strong></span> <span class='ocrx_word' id='word_1_282' title='bbox 717 1299 842 1326; x_wconf 81' lang='lat' dir='ltr'><strong>eamdem</strong></span> <span class='ocrx_word' id='word_1_283' title='bbox 855 1299 882 1326; x_wconf 92' lang='lat' dir='ltr'><strong>in</strong></span> <span class='ocrx_word' id='word_1_284' title='bbox 895 1299 1008 1334; x_wconf 77' lang='lat' dir='ltr'><strong>dogma-</strong></span> 
     </span>
    </p>
   </div>
   <div class='ocr_carea' id='block_1_44' title="bbox 223 1345 1010 1380">
    <p class='ocr_par' dir='ltr' id='par_1_44' title="bbox 223 1345 1010 1380">
     <span class='ocr_line' id='line_1_44' title="bbox 223 1345 1010 1380; baseline 0 -8"><span class='ocrx_word' id='word_1_285' title='bbox 223 1345 296 1372; x_wconf 89' lang='lat' dir='ltr'><strong>tibus</strong></span> <span class='ocrx_word' id='word_1_286' title='bbox 310 1345 482 1380; x_wconf 76' lang='lat' dir='ltr'><strong>diligentiam</strong></span> <span class='ocrx_word' id='word_1_287' title='bbox 503 1345 786 1380; x_wconf 84' lang='lat' dir='ltr'><strong>incorrnptibilitatem</strong></span> <span class='ocrx_word' id='word_1_288' title='bbox 809 1345 937 1380; x_wconf 76' lang='lat' dir='ltr'><strong>gregibus</strong></span> <span class='ocrx_word' id='word_1_289' title='bbox 955 1346 1010 1373; x_wconf 86' lang='lat' dir='ltr'><strong>tuis</strong></span> 
     </span>
    </p>
   </div>
   <div class='ocr_carea' id='block_1_45' title="bbox 225 1390 1010 1426">
    <p class='ocr_par' dir='ltr' id='par_1_45' title="bbox 225 1390 1010 1426">
     <span class='ocr_line' id='line_1_45' title="bbox 225 1390 1010 1426; baseline 0 -7"><span class='ocrx_word' id='word_1_290' title='bbox 225 1391 425 1425; x_wconf 74' lang='lat' dir='ltr'><strong>mercantibus.</strong></span> <span class='ocrx_word' id='word_1_291' title='bbox 443 1391 532 1425; x_wconf 73' lang='lat' dir='ltr'><strong>Porro</strong></span> <span class='ocrx_word' id='word_1_292' title='bbox 552 1391 614 1423; x_wconf 79' lang='lat' dir='ltr'><strong>aliis</strong></span> <span class='ocrx_word' id='word_1_293' title='bbox 630 1390 811 1425; x_wconf 76' lang='lat' dir='ltr'><strong>sanguinibus</strong></span> <span class='ocrx_word' id='word_1_294' title='bbox 827 1391 885 1419; x_wconf 87' lang='lat' dir='ltr'><strong>suis</strong></span> <span class='ocrx_word' id='word_1_295' title='bbox 899 1399 961 1426; x_wconf 80' lang='lat' dir='ltr'><strong>erga</strong></span> <span class='ocrx_word' id='word_1_296' title='bbox 984 1396 1010 1419; x_wconf 88' lang='lat' dir='ltr'><strong>te</strong></span> 
     </span>
    </p>
   </div>
   <div class='ocr_carea' id='block_1_46' title="bbox 224 1437 1009 1472">
    <p class='ocr_par' dir='ltr' id='par_1_46' title="bbox 224 1437 1009 1472">
     <span class='ocr_line' id='line_1_46' title="bbox 224 1437 1009 1472; baseline 0 -8"><span class='ocrx_word' id='word_1_297' title='bbox 224 1438 361 1465; x_wconf 85' lang='lat' dir='ltr'><strong>sinceram</strong></span> <span class='ocrx_word' id='word_1_298' title='bbox 394 1438 565 1465; x_wconf 71' lang='lat' dir='ltr'><strong>alfectionem</strong></span> <span class='ocrx_word' id='word_1_299' title='bbox 597 1437 679 1464; x_wconf 90' lang='lat' dir='ltr'><strong>etiam</strong></span> <span class='ocrx_word' id='word_1_300' title='bbox 710 1445 799 1472; x_wconf 87' lang='lat' dir='ltr'><strong>usque</strong></span> <span class='ocrx_word' id='word_1_301' title='bbox 832 1437 865 1464; x_wconf 84' lang='lat' dir='ltr'><strong>ad</strong></span> <span class='ocrx_word' id='word_1_302' title='bbox 894 1441 1009 1464; x_wconf 85' lang='lat' dir='ltr'><strong>mortem</strong></span> 
     </span>
    </p>
   </div>
   <div class='ocr_carea' id='block_1_47' title="bbox 223 1481 1012 1521">
    <p class='ocr_par' dir='ltr' id='par_1_47' title="bbox 223 1481 1012 1521">
     <span class='ocr_line' id='line_1_47' title="bbox 223 1481 1012 1521; baseline 0 -11"><span class='ocrx_word' id='word_1_303' title='bbox 223 1483 466 1516; x_wconf 82' lang='lat' dir='ltr'><strong>conservantibus.</strong></span> <span class='ocrx_word' id='word_1_304' title='bbox 495 1488 521 1511; x_wconf 88' lang='lat' dir='ltr'><strong>et</strong></span> <span class='ocrx_word' id='word_1_305' title='bbox 545 1482 597 1510; x_wconf 89' lang='lat' dir='ltr'><strong>hoc</strong></span> <span class='ocrx_word' id='word_1_306' title='bbox 618 1482 699 1517; x_wconf 84' lang='lat' dir='ltr'><strong>modo</strong></span> <span class='ocrx_word' id='word_1_307' title='bbox 720 1481 913 1521; x_wconf 71' lang='lat' dir='ltr'><strong>eertitudinem</strong></span> <span class='ocrx_word' id='word_1_308' title='bbox 935 1482 962 1509; x_wconf 92' lang='lat' dir='ltr'><strong>in</strong></span> <span class='ocrx_word' id='word_1_309' title='bbox 985 1486 1012 1510; x_wconf 90' lang='lat' dir='ltr'><strong>te</strong></span> 
     </span>
    </p>
   </div>
   <div class='ocr_carea' id='block_1_48' title="bbox 223 1527 1012 1561">
    <p class='ocr_par' dir='ltr' id='par_1_48' title="bbox 223 1527 1012 1561">
     <span class='ocr_line' id='line_1_48' title="bbox 223 1527 1012 1561; baseline 0.001 -7"><span class='ocrx_word' id='word_1_310' title='bbox 223 1528 350 1556; x_wconf 85' lang='lat' dir='ltr'><strong>veritatis</strong></span> <span class='ocrx_word' id='word_1_311' title='bbox 365 1528 628 1561; x_wconf 73' lang='lat' dir='ltr'><strong>demonstrantibus.</strong></span> <span class='ocrx_word' id='word_1_312' title='bbox 647 1527 754 1561; x_wconf 69' lang='lat' dir='ltr'><strong>Quibus</strong></span> <span class='ocrx_word' id='word_1_313' title='bbox 774 1535 835 1554; x_wconf 89' lang='lat' dir='ltr'><strong>cum</strong></span> <span class='ocrx_word' id='word_1_314' title='bbox 851 1528 930 1556; x_wconf 90' lang='lat' dir='ltr'><strong>denis</strong></span> <span class='ocrx_word' id='word_1_315' title='bbox 943 1529 1012 1560; x_wconf 84' lang='lat' dir='ltr'><strong>mil—</strong></span> 
     </span>
    </p>
   </div>
   <div class='ocr_carea' id='block_1_49' title="bbox 1060 977 1845 1017">
    <p class='ocr_par' dir='ltr' id='par_1_49' title="bbox 1060 977 1845 1017">
     <span class='ocr_line' id='line_1_49' title="bbox 1060 977 1845 1017; baseline -0.006 -8"><span class='ocrx_word' id='word_1_316' title='bbox 1060 991 1090 1009; x_wconf 87' lang='grc' dir='ltr'><strong>σε</strong></span> <span class='ocrx_word' id='word_1_317' title='bbox 1106 981 1390 1017; x_wconf 72' lang='grc' dir='ltr'>προμνησεευομένων</span> <span class='ocrx_word' id='word_1_318' title='bbox 1407 979 1555 1015; x_wconf 81' lang='grc' dir='ltr'>προικῴοις</span> <span class='ocrx_word' id='word_1_319' title='bbox 1567 980 1626 1010; x_wconf 87' lang='grc' dir='ltr'>ταῖς</span> <span class='ocrx_word' id='word_1_320' title='bbox 1644 977 1826 1014; x_wconf 67' lang='grc' dir='ltr'>προφητείαις</span> <span class='ocrx_word' id='word_1_321' title='bbox 1838 985 1845 992; x_wconf 86' lang='grc'><strong>”</strong></span> 
     </span>
    </p>
   </div>
   <div class='ocr_carea' id='block_1_50' title="bbox 1057 1024 1847 1062">
    <p class='ocr_par' dir='ltr' id='par_1_50' title="bbox 1057 1024 1847 1062">
     <span class='ocr_line' id='line_1_50' title="bbox 1057 1024 1847 1062; baseline -0.005 -8"><span class='ocrx_word' id='word_1_322' title='bbox 1057 1028 1112 1054; x_wconf 84' lang='grc' dir='ltr'>τῶν</span> <span class='ocrx_word' id='word_1_323' title='bbox 1125 1028 1153 1053; x_wconf 78' lang='grc' dir='ltr'>δὲ</span> <span class='ocrx_word' id='word_1_324' title='bbox 1168 1027 1206 1062; x_wconf 83' lang='grc' dir='ltr'>τῷ</span> <span class='ocrx_word' id='word_1_325' title='bbox 1222 1026 1395 1061; x_wconf 78' lang='grc' dir='ltr'>εὐαγγελικῷ</span> <span class='ocrx_word' id='word_1_326' title='bbox 1413 1034 1454 1052; x_wconf 86' lang='grc' dir='ltr'><strong>σοι</strong></span> <span class='ocrx_word' id='word_1_327' title='bbox 1480 1024 1680 1052; x_wconf 80' lang='grc' dir='ltr'>διακονούντων</span> <span class='ocrx_word' id='word_1_328' title='bbox 1701 1024 1784 1059; x_wconf 84' lang='grc' dir='ltr'>λόγῳ,</span> <span class='ocrx_word' id='word_1_329' title='bbox 1799 1025 1847 1050; x_wconf 78' lang='grc' dir='ltr'>καὶ</span> 
     </span>
    </p>
   </div>
   <div class='ocr_carea' id='block_1_51' title="bbox 1058 1072 1846 1109">
    <p class='ocr_par' dir='ltr' id='par_1_51' title="bbox 1058 1072 1846 1109">
     <span class='ocr_line' id='line_1_51' title="bbox 1058 1072 1846 1109; baseline -0.005 -8"><span class='ocrx_word' id='word_1_330' title='bbox 1058 1075 1093 1101; x_wconf 75' lang='grc' dir='ltr'><strong>τὰ</strong></span> <span class='ocrx_word' id='word_1_331' title='bbox 1117 1074 1255 1109; x_wconf 80' lang='grc' dir='ltr'>πανταχοῦ</span> <span class='ocrx_word' id='word_1_332' title='bbox 1270 1074 1321 1108; x_wconf 82' lang='grc' dir='ltr'>γῆς</span> <span class='ocrx_word' id='word_1_333' title='bbox 1339 1072 1545 1107; x_wconf 77' lang='grc' dir='ltr'>ἐσκορπισμένα</span> <span class='ocrx_word' id='word_1_334' title='bbox 1569 1080 1611 1098; x_wconf 89' lang='grc' dir='ltr'><strong>σοι</strong></span> <span class='ocrx_word' id='word_1_335' title='bbox 1626 1072 1846 1105; x_wconf 73' lang='grc' dir='ltr'>ὲπισυναγὸντων</span> 
     </span>
    </p>
   </div>
   <div class='ocr_carea' id='block_1_52' title="bbox 1058 1117 1847 1155">
    <p class='ocr_par' dir='ltr' id='par_1_52' title="bbox 1058 1117 1847 1155">
     <span class='ocr_line' id='line_1_52' title="bbox 1058 1117 1847 1155; baseline -0.008 -7"><span class='ocrx_word' id='word_1_336' title='bbox 1058 1120 1158 1155; x_wconf 78' lang='grc' dir='ltr'>λογικὰ</span> <span class='ocrx_word' id='word_1_337' title='bbox 1172 1119 1285 1154; x_wconf 77' lang='grc' dir='ltr'>ποίμνια</span> <span class='ocrx_word' id='word_1_338' title='bbox 1299 1127 1305 1134; x_wconf 93' lang='grc'><strong>·</strong></span> <span class='ocrx_word' id='word_1_339' title='bbox 1324 1119 1418 1145; x_wconf 78' lang='grc' dir='ltr'>τῶνδὲ</span> <span class='ocrx_word' id='word_1_340' title='bbox 1435 1120 1493 1149; x_wconf 85' lang='grc' dir='ltr'>τοῖς</span> <span class='ocrx_word' id='word_1_341' title='bbox 1511 1118 1587 1150; x_wconf 84' lang='grc' dir='ltr'>ίδίοις</span> <span class='ocrx_word' id='word_1_342' title='bbox 1598 1139 1605 1149; x_wconf 88' lang='grc'><strong><em>,</em></strong></span> <span class='ocrx_word' id='word_1_343' title='bbox 1624 1117 1719 1152; x_wconf 81' lang='grc' dir='ltr'>ὥσπερ</span> <span class='ocrx_word' id='word_1_344' title='bbox 1741 1117 1847 1152; x_wconf 77' lang='grc' dir='ltr'>ἱδρῶσι,</span> 
     </span>
    </p>
   </div>
   <div class='ocr_carea' id='block_1_53' title="bbox 1058 1162 1847 1202">
    <p class='ocr_par' dir='ltr' id='par_1_53' title="bbox 1058 1162 1847 1202">
     <span class='ocr_line' id='line_1_53' title="bbox 1058 1162 1847 1202; baseline -0.009 -8"><span class='ocrx_word' id='word_1_345' title='bbox 1058 1167 1103 1194; x_wconf 76' lang='grc' dir='ltr'><strong>διὰ</strong></span> <span class='ocrx_word' id='word_1_346' title='bbox 1112 1167 1162 1202; x_wconf 81' lang='grc' dir='ltr'>τῆς</span> <span class='ocrx_word' id='word_1_347' title='bbox 1171 1167 1199 1192; x_wconf 85' lang='grc' dir='ltr'>ὲν</span> <span class='ocrx_word' id='word_1_348' title='bbox 1210 1165 1327 1200; x_wconf 81' lang='grc' dir='ltr'>δόγμασι</span> <span class='ocrx_word' id='word_1_349' title='bbox 1335 1163 1536 1198; x_wconf 77' lang='grc' dir='ltr'>ταυτομολόγου</span> <span class='ocrx_word' id='word_1_350' title='bbox 1547 1162 1701 1198; x_wconf 58' lang='grc' dir='ltr'>συμπνυὴς</span> <span class='ocrx_word' id='word_1_351' title='bbox 1709 1162 1739 1188; x_wconf 80' lang='grc' dir='ltr'><strong>τὸ</strong></span> <span class='ocrx_word' id='word_1_352' title='bbox 1754 1162 1847 1198; x_wconf 64' lang='grc' dir='ltr'>ἀδιάρσ</span> 
     </span>
    </p>
   </div>
   <div class='ocr_carea' id='block_1_54' title="bbox 1061 1208 1848 1248">
    <p class='ocr_par' dir='ltr' id='par_1_54' title="bbox 1061 1208 1848 1248">
     <span class='ocr_line' id='line_1_54' title="bbox 1061 1208 1848 1248; baseline -0.005 -10"><span class='ocrx_word' id='word_1_353' title='bbox 1061 1213 1162 1248; x_wconf 83' lang='grc' dir='ltr'>ρηκτον</span> <span class='ocrx_word' id='word_1_354' title='bbox 1176 1212 1230 1242; x_wconf 79' lang='grc' dir='ltr'>τοῖς</span> <span class='ocrx_word' id='word_1_355' title='bbox 1245 1212 1302 1241; x_wconf 81' lang='grc' dir='ltr'>σοῖς</span> <span class='ocrx_word' id='word_1_356' title='bbox 1323 1210 1462 1244; x_wconf 85' lang='grc' dir='ltr'>ποιμνίοις</span> <span class='ocrx_word' id='word_1_357' title='bbox 1482 1208 1756 1244; x_wconf 82' lang='grc' dir='ltr'>πραγματευομένων</span> <span class='ocrx_word' id='word_1_358' title='bbox 1768 1217 1774 1223; x_wconf 90' lang='grc'><strong>·</strong></span> <span class='ocrx_word' id='word_1_359' title='bbox 1793 1208 1848 1234; x_wconf 79' lang='grc' dir='ltr'><strong>τῶν</strong></span> 
     </span>
    </p>
   </div>
   <div class='ocr_carea' id='block_1_55' title="bbox 1060 1253 1848 1293">
    <p class='ocr_par' dir='ltr' id='par_1_55' title="bbox 1060 1253 1848 1293">
     <span class='ocr_line' id='line_1_55' title="bbox 1060 1253 1848 1293; baseline -0.006 -10"><span class='ocrx_word' id='word_1_360' title='bbox 1060 1258 1088 1284; x_wconf 80' lang='grc' dir='ltr'>δὲ</span> <span class='ocrx_word' id='word_1_361' title='bbox 1103 1258 1159 1288; x_wconf 87' lang='grc' dir='ltr'>τοῖς</span> <span class='ocrx_word' id='word_1_362' title='bbox 1174 1255 1279 1283; x_wconf 79' lang='grc' dir='ltr'>ἑαυτῶν</span> <span class='ocrx_word' id='word_1_363' title='bbox 1295 1255 1393 1290; x_wconf 76' lang='grc' dir='ltr'>αἵμασι</span> <span class='ocrx_word' id='word_1_364' title='bbox 1410 1255 1440 1280; x_wconf 84' lang='grc' dir='ltr'><strong>τὺ</strong></span> <span class='ocrx_word' id='word_1_365' title='bbox 1450 1254 1518 1290; x_wconf 78' lang='grc' dir='ltr'>πρὸς</span> <span class='ocrx_word' id='word_1_366' title='bbox 1536 1254 1566 1280; x_wconf 79' lang='grc' dir='ltr'>σὲ</span> <span class='ocrx_word' id='word_1_367' title='bbox 1579 1254 1689 1293; x_wconf 69' lang='grc' dir='ltr'>γνήσιον</span> <span class='ocrx_word' id='word_1_368' title='bbox 1700 1253 1745 1280; x_wconf 76' lang='grc' dir='ltr'>καὶ</span> <span class='ocrx_word' id='word_1_369' title='bbox 1764 1253 1848 1288; x_wconf 78' lang='grc' dir='ltr'>μέχρι</span> 
     </span>
    </p>
   </div>
   <div class='ocr_carea' id='block_1_56' title="bbox 1061 1298 1849 1336">
    <p class='ocr_par' dir='ltr' id='par_1_56' title="bbox 1061 1298 1849 1336">
     <span class='ocr_line' id='line_1_56' title="bbox 1061 1298 1849 1336; baseline -0.01 -5"><span class='ocrx_word' id='word_1_370' title='bbox 1061 1304 1177 1331; x_wconf 77' lang='grc' dir='ltr'>θανάτου</span> <span class='ocrx_word' id='word_1_371' title='bbox 1206 1300 1439 1336; x_wconf 75' lang='grc' dir='ltr'>διαφυλαξάντων,</span> <span class='ocrx_word' id='word_1_372' title='bbox 1455 1299 1501 1328; x_wconf 80' lang='grc' dir='ltr'>καὶ</span> <span class='ocrx_word' id='word_1_373' title='bbox 1528 1299 1614 1334; x_wconf 81' lang='grc' dir='ltr'>ταύτῃ</span> <span class='ocrx_word' id='word_1_374' title='bbox 1628 1298 1658 1325; x_wconf 83' lang='grc' dir='ltr'><strong>τδ</strong></span> <span class='ocrx_word' id='word_1_375' title='bbox 1676 1298 1785 1333; x_wconf 69' lang='grc' dir='ltr'>βέϐαιον</span> <span class='ocrx_word' id='word_1_376' title='bbox 1797 1298 1849 1332; x_wconf 79' lang='grc' dir='ltr'>τῆς</span> 
     </span>
    </p>
   </div>
   <div class='ocr_carea' id='block_1_57' title="bbox 1060 1341 1849 1382">
    <p class='ocr_par' dir='ltr' id='par_1_57' title="bbox 1060 1341 1849 1382">
     <span class='ocr_line' id='line_1_57' title="bbox 1060 1341 1849 1382; baseline -0.009 -6"><span class='ocrx_word' id='word_1_377' title='bbox 1060 1351 1089 1377; x_wconf 74' lang='grc' dir='ltr'>ὲν</span> <span class='ocrx_word' id='word_1_378' title='bbox 1104 1350 1145 1376; x_wconf 74' lang='grc' dir='ltr'>σοὶ</span> <span class='ocrx_word' id='word_1_379' title='bbox 1172 1347 1405 1382; x_wconf 73' lang='grc' dir='ltr'>ἐπιδεικνυμένων</span> <span class='ocrx_word' id='word_1_380' title='bbox 1431 1345 1561 1380; x_wconf 81' lang='grc' dir='ltr'>ἀληθείας</span> <span class='ocrx_word' id='word_1_381' title='bbox 1575 1353 1582 1360; x_wconf 94' lang='grc'><strong>·</strong></span> <span class='ocrx_word' id='word_1_382' title='bbox 1597 1341 1639 1376; x_wconf 77' lang='grc' dir='ltr'>οἷς</span> <span class='ocrx_word' id='word_1_383' title='bbox 1653 1345 1702 1371; x_wconf 78' lang='grc' dir='ltr'>σὺν</span> <span class='ocrx_word' id='word_1_384' title='bbox 1716 1344 1849 1379; x_wconf 78' lang='grc' dir='ltr'>μυριάσιν</span> 
     </span>
    </p>
   </div>
   <div class='ocr_carea' id='block_1_58' title="bbox 1062 1387 1848 1426">
    <p class='ocr_par' dir='ltr' id='par_1_58' title="bbox 1062 1387 1848 1426">
     <span class='ocr_line' id='line_1_58' title="bbox 1062 1387 1848 1426; baseline -0.008 -7"><span class='ocrx_word' id='word_1_385' title='bbox 1062 1392 1235 1426; x_wconf 75' lang='grc' dir='ltr'>ἐπουρανίων</span> <span class='ocrx_word' id='word_1_386' title='bbox 1256 1390 1380 1424; x_wconf 81' lang='grc' dir='ltr'>ἀγγέλων</span> <span class='ocrx_word' id='word_1_387' title='bbox 1412 1388 1615 1424; x_wconf 81' lang='grc' dir='ltr'>στεφανηφόρος</span> <span class='ocrx_word' id='word_1_388' title='bbox 1645 1387 1848 1423; x_wconf 79' lang='grc' dir='ltr'>πομπεύουσα,</span> 
     </span>
    </p>
   </div>
   <div class='ocr_carea' id='block_1_59' title="bbox 1062 1435 1850 1474">
    <p class='ocr_par' dir='ltr' id='par_1_59' title="bbox 1062 1435 1850 1474">
     <span class='ocr_line' id='line_1_59' title="bbox 1062 1435 1850 1474; baseline -0.006 -9"><span class='ocrx_word' id='word_1_389' title='bbox 1062 1438 1208 1474; x_wconf 79' lang='grc' dir='ltr'>ἐξάγγελλε</span> <span class='ocrx_word' id='word_1_390' title='bbox 1220 1438 1269 1468; x_wconf 87' lang='grc' dir='ltr'><strong>τὰς</strong></span> <span class='ocrx_word' id='word_1_391' title='bbox 1283 1437 1383 1472; x_wconf 84' lang='grc' dir='ltr'>ἀρετὰς</span> <span class='ocrx_word' id='word_1_392' title='bbox 1399 1435 1446 1462; x_wconf 81' lang='grc' dir='ltr'>τοῦ</span> <span class='ocrx_word' id='word_1_393' title='bbox 1462 1436 1494 1462; x_wconf 74' lang='grc' dir='ltr'>ὲκ</span> <span class='ocrx_word' id='word_1_394' title='bbox 1512 1436 1625 1467; x_wconf 87' lang='grc' dir='ltr'>σκότους</span> <span class='ocrx_word' id='word_1_395' title='bbox 1640 1443 1670 1461; x_wconf 83' lang='grc' dir='ltr'><strong>σε</strong></span> <span class='ocrx_word' id='word_1_396' title='bbox 1684 1435 1733 1469; x_wconf 84' lang='grc' dir='ltr'>τῆς</span> <span class='ocrx_word' id='word_1_397' title='bbox 1741 1435 1850 1461; x_wconf 87' lang='grc' dir='ltr'>εἰδωλο-</span> 
     </span>
    </p>
   </div>
   <div class='ocr_carea' id='block_1_60' title="bbox 1061 1479 1849 1520">
    <p class='ocr_par' dir='ltr' id='par_1_60' title="bbox 1061 1479 1849 1520">
     <span class='ocr_line' id='line_1_60' title="bbox 1061 1479 1849 1520; baseline -0.006 -9"><span class='ocrx_word' id='word_1_398' title='bbox 1061 1485 1161 1520; x_wconf 76' lang='grc' dir='ltr'>λάτρου</span> <span class='ocrx_word' id='word_1_399' title='bbox 1178 1484 1283 1518; x_wconf 82' lang='grc' dir='ltr'>πλάνης</span> <span class='ocrx_word' id='word_1_400' title='bbox 1303 1481 1468 1512; x_wconf 75' lang='grc' dir='ltr'>καλέσαντος</span> <span class='ocrx_word' id='word_1_401' title='bbox 1490 1482 1530 1512; x_wconf 85' lang='grc' dir='ltr'><strong>είς</strong></span> <span class='ocrx_word' id='word_1_402' title='bbox 1545 1480 1576 1508; x_wconf 77' lang='grc' dir='ltr'><strong>τὺ</strong></span> <span class='ocrx_word' id='word_1_403' title='bbox 1593 1480 1750 1515; x_wconf 74' lang='grc' dir='ltr'>θαυμαστὸν</span> <span class='ocrx_word' id='word_1_404' title='bbox 1765 1479 1849 1507; x_wconf 76' lang='grc' dir='ltr'>αὐτοῦ</span> 
     </span>
    </p>
   </div>
   <div class='ocr_carea' id='block_1_61' title="bbox 1063 1525 1851 1566">
    <p class='ocr_par' dir='ltr' id='par_1_61' title="bbox 1063 1525 1851 1566">
     <span class='ocr_line' id='line_1_61' title="bbox 1063 1525 1851 1566; baseline -0.008 -9"><span class='ocrx_word' id='word_1_405' title='bbox 1063 1531 1140 1566; x_wconf 82' lang='grc' dir='ltr'>φῶς·</span> <span class='ocrx_word' id='word_1_406' title='bbox 1158 1530 1230 1564; x_wconf 82' lang='grc' dir='ltr'>λέγω</span> <span class='ocrx_word' id='word_1_407' title='bbox 1253 1529 1284 1564; x_wconf 85' lang='grc' dir='ltr'>δὴ</span> <span class='ocrx_word' id='word_1_408' title='bbox 1300 1528 1350 1563; x_wconf 79' lang='grc' dir='ltr'>τὴν</span> <span class='ocrx_word' id='word_1_409' title='bbox 1367 1528 1407 1560; x_wconf 79' lang='grc' dir='ltr'><strong>είς</strong></span> <span class='ocrx_word' id='word_1_410' title='bbox 1433 1527 1515 1554; x_wconf 85' lang='grc' dir='ltr'>αὐτόν</span> <span class='ocrx_word' id='word_1_411' title='bbox 1536 1535 1566 1553; x_wconf 84' lang='grc' dir='ltr'><strong>τε</strong></span> <span class='ocrx_word' id='word_1_412' title='bbox 1589 1525 1636 1552; x_wconf 78' lang='grc' dir='ltr'>καὶ</span> <span class='ocrx_word' id='word_1_413' title='bbox 1661 1526 1708 1552; x_wconf 79' lang='grc' dir='ltr'>τὸν</span> <span class='ocrx_word' id='word_1_414' title='bbox 1729 1525 1851 1560; x_wconf 72' lang='grc' dir='ltr'>ἄναρχον</span> 
     </span>
    </p>
   </div>
   <div class='ocr_carea' id='block_1_62' title="bbox 226 1570 1007 1617">
    <p class='ocr_par' dir='ltr' id='par_1_62' title="bbox 226 1573 1007 1610">
     <span class='ocr_line' id='line_1_62' title="bbox 226 1573 1007 1610; baseline 0.001 -8"><span class='ocrx_word' id='word_1_415' title='bbox 226 1575 298 1602; x_wconf 87' lang='lat' dir='ltr'><strong>libus</strong></span> <span class='ocrx_word' id='word_1_416' title='bbox 322 1576 475 1610; x_wconf 65' lang='lat' dir='ltr'><strong>caelestium</strong></span> <span class='ocrx_word' id='word_1_417' title='bbox 504 1575 666 1609; x_wconf 80' lang='lat' dir='ltr'><strong>angelorum</strong></span> <span class='ocrx_word' id='word_1_418' title='bbox 692 1581 823 1601; x_wconf 83' lang='lat' dir='ltr'><strong>coronam</strong></span> <span class='ocrx_word' id='word_1_419' title='bbox 850 1573 952 1608; x_wconf 77' lang='lat' dir='ltr'><strong>ferens,</strong></span> <span class='ocrx_word' id='word_1_420' title='bbox 985 1580 1007 1603; x_wconf 85' lang='lat' dir='ltr'><strong>el</strong></span> 
     </span>
    </p>
   </div>
   <div class='ocr_carea' id='block_1_63' title="bbox 1060 1570 1850 1617">
    <p class='ocr_par' dir='ltr' id='par_1_63' title="bbox 1064 1570 1850 1610">
     <span class='ocr_line' id='line_1_63' title="bbox 1064 1570 1850 1610; baseline -0.01 -6"><span class='ocrx_word' id='word_1_421' title='bbox 1064 1576 1148 1605; x_wconf 82' lang='grc' dir='ltr'>αὐτοῦ</span> <span class='ocrx_word' id='word_1_422' title='bbox 1164 1575 1283 1610; x_wconf 87' lang='grc' dir='ltr'>Πατέρα,</span> <span class='ocrx_word' id='word_1_423' title='bbox 1296 1575 1343 1601; x_wconf 84' lang='grc' dir='ltr'>καὶ</span> <span class='ocrx_word' id='word_1_424' title='bbox 1357 1573 1389 1600; x_wconf 84' lang='grc' dir='ltr'>τὸ</span> <span class='ocrx_word' id='word_1_425' title='bbox 1401 1573 1534 1601; x_wconf 67' lang='grc' dir='ltr'>ωναῖδιον</span> <span class='ocrx_word' id='word_1_426' title='bbox 1549 1572 1596 1599; x_wconf 77' lang='grc' dir='ltr'>καὶ</span> <span class='ocrx_word' id='word_1_427' title='bbox 1610 1571 1753 1607; x_wconf 84' lang='grc' dir='ltr'>ὀμοούσιον</span> <span class='ocrx_word' id='word_1_428' title='bbox 1766 1570 1850 1597; x_wconf 76' lang='grc' dir='ltr'>αὐτοῦ</span> 
     </span>
    </p>
   </div>
   <div class='ocr_carea' id='block_1_64' title="bbox 227 1619 1011 1655">
    <p class='ocr_par' dir='ltr' id='par_1_64' title="bbox 227 1619 1011 1655">
     <span class='ocr_line' id='line_1_64' title="bbox 227 1619 1011 1655; baseline 0.001 -7"><span class='ocrx_word' id='word_1_429' title='bbox 227 1621 397 1655; x_wconf 81' lang='lat' dir='ltr'><strong>amplissime</strong></span> <span class='ocrx_word' id='word_1_430' title='bbox 422 1621 584 1655; x_wconf 58' lang='lat' dir='ltr'><strong>praedicans,</strong></span> <span class='ocrx_word' id='word_1_431' title='bbox 609 1619 721 1646; x_wconf 88' lang='lat' dir='ltr'><strong>enuntia</strong></span> <span class='ocrx_word' id='word_1_432' title='bbox 747 1619 863 1647; x_wconf 72' lang='lat' dir='ltr'><strong>virtutes</strong></span> <span class='ocrx_word' id='word_1_433' title='bbox 880 1620 940 1654; x_wconf 75' lang='lat' dir='ltr'><strong>ejus</strong></span> <span class='ocrx_word' id='word_1_434' title='bbox 964 1622 1011 1655; x_wconf 91' lang='lat' dir='ltr'><strong>qui</strong></span> 
     </span>
    </p>
   </div>
   <div class='ocr_carea' id='block_1_65' title="bbox 227 1665 1014 1699">
    <p class='ocr_par' dir='ltr' id='par_1_65' title="bbox 227 1665 1014 1699">
     <span class='ocr_line' id='line_1_65' title="bbox 227 1665 1014 1699; baseline 0.001 -5"><span class='ocrx_word' id='word_1_435' title='bbox 227 1667 260 1694; x_wconf 89' lang='lat' dir='ltr'><strong>de</strong></span> <span class='ocrx_word' id='word_1_436' title='bbox 284 1666 405 1694; x_wconf 85' lang='lat' dir='ltr'><strong>tenebris</strong></span> <span class='ocrx_word' id='word_1_437' title='bbox 421 1671 446 1693; x_wconf 86' lang='lat' dir='ltr'><strong>te</strong></span> <span class='ocrx_word' id='word_1_438' title='bbox 460 1665 623 1699; x_wconf 79' lang='lat' dir='ltr'><strong>idololatrici</strong></span> <span class='ocrx_word' id='word_1_439' title='bbox 637 1665 741 1693; x_wconf 89' lang='lat' dir='ltr'><strong>erroris</strong></span> <span class='ocrx_word' id='word_1_440' title='bbox 756 1666 862 1697; x_wconf 76' lang='lat' dir='ltr'><strong>vocavit</strong></span> <span class='ocrx_word' id='word_1_441' title='bbox 877 1666 904 1694; x_wconf 90' lang='lat' dir='ltr'><strong>in</strong></span> <span class='ocrx_word' id='word_1_442' title='bbox 919 1667 1014 1695; x_wconf 84' lang='lat' dir='ltr'><strong>adrni-</strong></span> 
     </span>
    </p>
   </div>
   <div class='ocr_carea' id='block_1_66' title="bbox 229 1710 1014 1748">
    <p class='ocr_par' dir='ltr' id='par_1_66' title="bbox 229 1710 1014 1748">
     <span class='ocr_line' id='line_1_66' title="bbox 229 1710 1014 1748; baseline 0.001 -9"><span class='ocrx_word' id='word_1_443' title='bbox 229 1712 315 1740; x_wconf 80' lang='lat' dir='ltr'><strong>rabile</strong></span> <span class='ocrx_word' id='word_1_444' title='bbox 340 1712 430 1739; x_wconf 87' lang='lat' dir='ltr'><strong>lumen</strong></span> <span class='ocrx_word' id='word_1_445' title='bbox 454 1719 546 1745; x_wconf 86' lang='lat' dir='ltr'><strong>suum,</strong></span> <span class='ocrx_word' id='word_1_446' title='bbox 573 1711 599 1738; x_wconf 87' lang='lat' dir='ltr'><strong>id</strong></span> <span class='ocrx_word' id='word_1_447' title='bbox 617 1714 671 1745; x_wconf 74' lang='lat' dir='ltr'><strong>est,</strong></span> <span class='ocrx_word' id='word_1_448' title='bbox 695 1711 723 1738; x_wconf 90' lang='lat' dir='ltr'><strong>in</strong></span> <span class='ocrx_word' id='word_1_449' title='bbox 739 1718 768 1738; x_wconf 87' lang='lat' dir='ltr'><strong>se</strong></span> <span class='ocrx_word' id='word_1_450' title='bbox 784 1719 817 1742; x_wconf 85' lang='lat' dir='ltr'><strong>ae</strong></span> <span class='ocrx_word' id='word_1_451' title='bbox 839 1710 946 1746; x_wconf 74' lang='lat' dir='ltr'><strong>Patrem</strong></span> <span class='ocrx_word' id='word_1_452' title='bbox 966 1713 1014 1748; x_wconf 86' lang='lat' dir='ltr'><strong>qui</strong></span> 
     </span>
    </p>
   </div>
   <div class='ocr_carea' id='block_1_67' title="bbox 1067 1616 1852 1656">
    <p class='ocr_par' dir='ltr' id='par_1_67' title="bbox 1067 1616 1852 1656">
     <span class='ocr_line' id='line_1_67' title="bbox 1067 1616 1852 1656; baseline -0.008 -8"><span class='ocrx_word' id='word_1_453' title='bbox 1067 1621 1180 1656; x_wconf 80' lang='grc' dir='ltr'>Πνεῦμα</span> <span class='ocrx_word' id='word_1_454' title='bbox 1192 1629 1198 1636; x_wconf 92' lang='grc'>·</span> <span class='ocrx_word' id='word_1_455' title='bbox 1211 1619 1261 1655; x_wconf 85' lang='grc' dir='ltr'>τὴν</span> <span class='ocrx_word' id='word_1_456' title='bbox 1280 1619 1344 1654; x_wconf 88' lang='grc' dir='ltr'>μίαν</span> <span class='ocrx_word' id='word_1_457' title='bbox 1356 1618 1545 1654; x_wconf 79' lang='grc' dir='ltr'>ὑπεραρχικὴν</span> <span class='ocrx_word' id='word_1_458' title='bbox 1571 1617 1664 1652; x_wconf 77' lang='grc' dir='ltr'>φύσιν,</span> <span class='ocrx_word' id='word_1_459' title='bbox 1685 1617 1789 1648; x_wconf 80' lang='grc' dir='ltr'>πίστιν,</span> <span class='ocrx_word' id='word_1_460' title='bbox 1803 1616 1852 1643; x_wconf 64' lang='grc' dir='ltr'>καὶ</span> 
     </span>
    </p>
   </div>
   <div class='ocr_carea' id='block_1_68' title="bbox 1065 1662 1852 1703">
    <p class='ocr_par' dir='ltr' id='par_1_68' title="bbox 1065 1662 1852 1703">
     <span class='ocr_line' id='line_1_68' title="bbox 1065 1662 1852 1703; baseline -0.008 -9"><span class='ocrx_word' id='word_1_461' title='bbox 1065 1667 1222 1703; x_wconf 76' lang='grc' dir='ltr'>ὁμολογίαν,</span> <span class='ocrx_word' id='word_1_462' title='bbox 1240 1663 1262 1700; x_wconf 79' lang='grc' dir='ltr'>ᾧ</span> <span class='ocrx_word' id='word_1_463' title='bbox 1277 1666 1294 1700; x_wconf 80' lang='grc' dir='ltr'><strong>ἡ</strong></span> <span class='ocrx_word' id='word_1_464' title='bbox 1304 1665 1368 1698; x_wconf 77' lang='grc' dir='ltr'>δόξα</span> <span class='ocrx_word' id='word_1_465' title='bbox 1383 1665 1430 1691; x_wconf 76' lang='grc' dir='ltr'>καὶ</span> <span class='ocrx_word' id='word_1_466' title='bbox 1441 1664 1473 1690; x_wconf 83' lang='grc' dir='ltr'>τὸ</span> <span class='ocrx_word' id='word_1_467' title='bbox 1486 1663 1589 1699; x_wconf 82' lang='grc' dir='ltr'>κράτος</span> <span class='ocrx_word' id='word_1_468' title='bbox 1601 1663 1650 1690; x_wconf 79' lang='grc' dir='ltr'>νῦν</span> <span class='ocrx_word' id='word_1_469' title='bbox 1663 1663 1710 1689; x_wconf 71' lang='grc' dir='ltr'><strong>καὶ</strong></span> <span class='ocrx_word' id='word_1_470' title='bbox 1728 1663 1768 1696; x_wconf 85' lang='grc' dir='ltr'><strong>είς</strong></span> <span class='ocrx_word' id='word_1_471' title='bbox 1787 1662 1852 1694; x_wconf 82' lang='grc' dir='ltr'>τοὺς</span> 
     </span>
    </p>
   </div>
   <div class='ocr_carea' id='block_1_69' title="bbox 1066 1709 1674 1748">
    <p class='ocr_par' dir='ltr' id='par_1_69' title="bbox 1066 1709 1674 1748">
     <span class='ocr_line' id='line_1_69' title="bbox 1066 1709 1674 1748; baseline -0.01 -8"><span class='ocrx_word' id='word_1_472' title='bbox 1066 1713 1227 1748; x_wconf 81' lang='grc' dir='ltr'>σύμπαντας</span> <span class='ocrx_word' id='word_1_473' title='bbox 1246 1711 1347 1742; x_wconf 80' lang='grc' dir='ltr'>αἰῶνας</span> <span class='ocrx_word' id='word_1_474' title='bbox 1366 1710 1420 1737; x_wconf 81' lang='grc' dir='ltr'>τῶν</span> <span class='ocrx_word' id='word_1_475' title='bbox 1439 1709 1557 1736; x_wconf 77' lang='grc' dir='ltr'>αἰώνων.</span> <span class='ocrx_word' id='word_1_476' title='bbox 1575 1709 1674 1743; x_wconf 75' lang='grc' dir='ltr'>Ἀμήν.</span> 
     </span>
    </p>
   </div>
   <div class='ocr_carea' id='block_1_70' title="bbox 230 1752 1853 1792">
    <p class='ocr_par' dir='ltr' id='par_1_70' title="bbox 230 1752 1853 1792">
     <span class='ocr_line' id='line_1_70' title="bbox 230 1752 1853 1792; baseline -0.004 -7"><span class='ocrx_word' id='word_1_477' title='bbox 230 1757 290 1786; x_wconf 84' lang='lat' dir='ltr'><strong>sine</strong></span> <span class='ocrx_word' id='word_1_478' title='bbox 321 1757 400 1785; x_wconf 88' lang='lat' dir='ltr'><strong>initio</strong></span> <span class='ocrx_word' id='word_1_479' title='bbox 419 1762 471 1790; x_wconf 86' lang='lat' dir='ltr'><strong>est,</strong></span> <span class='ocrx_word' id='word_1_480' title='bbox 499 1762 579 1792; x_wconf 87' lang='lat' dir='ltr'><strong>atque</strong></span> <span class='ocrx_word' id='word_1_481' title='bbox 604 1756 631 1783; x_wconf 90' lang='lat' dir='ltr'><strong>in</strong></span> <span class='ocrx_word' id='word_1_482' title='bbox 663 1756 915 1790; x_wconf 83' lang='lat' dir='ltr'><strong>consempiternum</strong></span> <span class='ocrx_word' id='word_1_483' title='bbox 940 1763 967 1785; x_wconf 92' lang='lat' dir='ltr'><strong>et</strong></span> <span class='ocrx_word' id='word_1_484' title='bbox 996 1758 1257 1788; x_wconf 80' lang='lat' dir='ltr'><strong>consubstantialem</strong></span> <span class='ocrx_word' id='word_1_485' title='bbox 1281 1756 1414 1791; x_wconf 88' lang='lat' dir='ltr'><strong>Spiritum</strong></span> <span class='ocrx_word' id='word_1_486' title='bbox 1440 1763 1541 1788; x_wconf 86' lang='lat' dir='ltr'><strong>suum,</strong></span> <span class='ocrx_word' id='word_1_487' title='bbox 1569 1755 1596 1781; x_wconf 95' lang='lat' dir='ltr'><strong>in</strong></span> <span class='ocrx_word' id='word_1_488' title='bbox 1628 1761 1711 1781; x_wconf 88' lang='lat' dir='ltr'><strong>unam</strong></span> <span class='ocrx_word' id='word_1_489' title='bbox 1747 1752 1853 1781; x_wconf 82' lang='lat' dir='ltr'><strong>scilicet</strong></span> 
     </span>
    </p>
   </div>
   <div class='ocr_carea' id='block_1_71' title="bbox 229 1799 1852 1838">
    <p class='ocr_par' dir='ltr' id='par_1_71' title="bbox 229 1799 1852 1838">
     <span class='ocr_line' id='line_1_71' title="bbox 229 1799 1852 1838; baseline -0.002 -9"><span class='ocrx_word' id='word_1_490' title='bbox 229 1808 290 1837; x_wconf 69' lang='lat' dir='ltr'><strong>quae</strong></span> <span class='ocrx_word' id='word_1_491' title='bbox 309 1806 350 1829; x_wconf 89' lang='lat' dir='ltr'><strong>est</strong></span> <span class='ocrx_word' id='word_1_492' title='bbox 369 1809 452 1836; x_wconf 88' lang='lat' dir='ltr'><strong>super</strong></span> <span class='ocrx_word' id='word_1_493' title='bbox 471 1809 579 1829; x_wconf 91' lang='lat' dir='ltr'><strong>omnem</strong></span> <span class='ocrx_word' id='word_1_494' title='bbox 602 1800 795 1835; x_wconf 83' lang='lat' dir='ltr'><strong>principatum,</strong></span> <span class='ocrx_word' id='word_1_495' title='bbox 821 1805 958 1836; x_wconf 77' lang='lat' dir='ltr'><strong>naturam,</strong></span> <span class='ocrx_word' id='word_1_496' title='bbox 984 1804 1063 1835; x_wconf 83' lang='lat' dir='ltr'><strong>ﬁdem</strong></span> <span class='ocrx_word' id='word_1_497' title='bbox 1080 1809 1106 1832; x_wconf 89' lang='lat' dir='ltr'><strong>et</strong></span> <span class='ocrx_word' id='word_1_498' title='bbox 1121 1802 1332 1838; x_wconf 76' lang='lat' dir='ltr'><strong>confessionem.</strong></span> <span class='ocrx_word' id='word_1_499' title='bbox 1349 1800 1399 1829; x_wconf 88' lang='lat' dir='ltr'><strong>Cui</strong></span> <span class='ocrx_word' id='word_1_500' title='bbox 1413 1800 1499 1836; x_wconf 75' lang='lat' dir='ltr'><strong>gloria</strong></span> <span class='ocrx_word' id='word_1_501' title='bbox 1515 1805 1541 1828; x_wconf 87' lang='lat' dir='ltr'><strong>et</strong></span> <span class='ocrx_word' id='word_1_502' title='bbox 1563 1799 1708 1834; x_wconf 89' lang='lat' dir='ltr'><strong>imperium</strong></span> <span class='ocrx_word' id='word_1_503' title='bbox 1732 1804 1805 1825; x_wconf 90' lang='lat' dir='ltr'><strong>nunc</strong></span> <span class='ocrx_word' id='word_1_504' title='bbox 1823 1801 1852 1825; x_wconf 80' lang='lat' dir='ltr'><strong>et</strong></span> 
     </span>
    </p>
   </div>
   <div class='ocr_carea' id='block_1_72' title="bbox 232 1848 825 1893">
    <p class='ocr_par' dir='ltr' id='par_1_72' title="bbox 232 1848 825 1893">
     <span class='ocr_line' id='line_1_72' title="bbox 232 1848 825 1893; baseline -0.002 -17"><span class='ocrx_word' id='word_1_505' title='bbox 232 1849 258 1876; x_wconf 92' lang='lat' dir='ltr'><strong>in</strong></span> <span class='ocrx_word' id='word_1_506' title='bbox 277 1848 403 1879; x_wconf 85' lang='lat' dir='ltr'><strong>universa</strong></span> <span class='ocrx_word' id='word_1_507' title='bbox 420 1849 520 1883; x_wconf 67' lang='lat' dir='ltr'><strong>saecula</strong></span> <span class='ocrx_word' id='word_1_508' title='bbox 536 1848 708 1885; x_wconf 64' lang='lat' dir='ltr'><strong>somniorum.</strong></span> <span class='ocrx_word' id='word_1_509' title='bbox 725 1848 825 1893; x_wconf 61' lang='lat' dir='ltr'><strong>Aurem</strong></span> 
     </span>
    </p>
   </div>
  </div>
