2051 3154
264 184 330 217 Ῑέἓίὶ

884 193 1069 223 PACHOMII
1096 194 1267 225 MONACIII

1816 197 1883 228 lilii}

262 241 320 267 dedi
336 240 423 271 vobis,
443 245 470 267 ut
494 249 542 268 vos
559 242 673 270 invicem
692 244 811 278 diligatis
831 254 837 271 ε
859 251 887 272 ut
900 253 950 280 ego
963 246 1043 272 dilexi

1107 255 1136 274 τε.
1152 258 1160 273 1
1181 249 1235 275 Καὶ
1251 249 1346 276 πάλω-
1366 258 1375 274 1
1399 249 1522 284 Ἐντολὴν
1538 249 1633 284 καινὴν
1645 249 1740 284 δίδωμι
1754 250 1827 284 ὑμῖν,
1841 250 1882 276 ἵνα

262 291 319 316 vos,
334 285 369 311 ita
390 290 415 312 et
430 294 477 312 vos
489 286 605 314 invicem
622 288 751 323 diligatis.
771 289 798 316 In
813 289 863 317 hoc
876 297 1045 326 cognoscent

263 337 359 357 omnes
381 339 431 358 vos
446 340 520 359 meos
540 341 600 360 esse
615 334 774 369 discipulos,
799 337 870 369 quod
885 336 1044 363 charitatem

264 375 308 402 alii
323 384 385 410 erga
399 378 467 405 alios
485 380 662 406 exerceatis”.
684 389 692 404 1
712 379 749 407 Ne
763 380 846 414 igitur
877 380 945 408 falso
966 381 1046 408 Chri-

263 425 333 447 stum
349 423 466 453 incuses,
485 432 546 450 cum
566 430 674 458 propter
696 430 722 452 te
737 426 817 454 homo
831 431 911 453 natus
927 427 975 458 sit;
999 435 1045 453 ne-

263 473 316 499 que
330 466 467 493 diabolutn
492 475 540 501 pro
554 468 663 495 Christo
681 470 839 504 magistrum
855 470 983 505 accipias.
1009 469 1047 497 Ne

264 511 440 539 emnobialem
458 517 548 547 typum
573 518 599 540 et
625 515 744 548 regulam
766 520 885 543 ostentes
908 516 985 543 malae
1001 524 1047 542 vo-

266 556 377 584 luntatis
396 561 422 583 et
437 557 543 585 duritia:
561 559 650 586 cordis
667 560 808 591 auxilium,
834 568 893 595 qua:
909 569 958 588 nos
974 569 1048 588 acce-

265 601 354 635 pimus
372 607 399 628 ut
418 603 495 629 nobis
510 603 624 630 invicem
640 605 844 632 subveniamus.
864 605 942 643 Quod
956 607 1048 641 sequi-

267 652 309 672 tur
324 647 441 673 historia:
453 648 588 683 intelligo:
602 657 699 683 magna
716 657 776 677 eum
793 652 911 684 potentia
929 653 1047 686 apostoli

265 692 299 718 de
321 693 521 720 resurrectione
536 693 641 720 Domini
665 693 729 721 Jesu
751 695 939 722 testimonium
956 697 1048 730 periti-

266 738 392 770 buerunt,
409 739 549 773 gratiaque
574 748 670 774 magna
687 748 770 774 super
787 748 834 768 eos
851 742 940 774 venit;
960 743 1049 771 nullus

266 782 337 808 enim
353 791 384 809 ex
402 783 441 810 eis
466 783 554 817 inopia
581 785 762 818 premebatur.
783 785 896 813 Videsne
916 787 985 813 unde
1002 795 1051 822 po-

267 829 377 855 tentiam
402 830 572 864 gratiamquc
597 831 756 864 pratdicatio
780 833 926 860 habuerit?
957 833 994 867 Ex
1019 842 1051 860 eo

266 875 338 909 quod
367 883 461 903 omnes
489 877 630 904 credentes
662 878 687 904 in
719 879 884 906 abundantia
914 880 1049 906 vivebant.

267 920 409 953 Quomodo
435 923 486 949 hoc
513 923 618 957 (fuerit)
650 924 763 951 historia
791 925 874 952 addit.
912 926 1052 960 Quotquot
1069 920 1092 948 Β

268 971 401 994 terrarum
415 972 442 994 et
455 969 598 995 domorutn
616 976 786 1003 possessores
796 976 883 1004 erant,
900 972 1053 999 vendebant

268 1018 295 1039 et
311 1013 426 1040 vendita:
440 1015 477 1040 rei
494 1015 610 1049 pretium
627 1015 738 1043 allatura
764 1022 827 1043 ante
844 1019 924 1050 pedes
943 1023 1052 1052 aposto-

268 1057 354 1085 lorutn
379 1058 562 1093 deponebant.
587 1060 665 1093 Quod
691 1063 847 1096 unicuique,
877 1068 958 1096 prout
986 1071 1053 1097 opus

267 1108 341 1137 erat,
377 1104 605 1138 distribuebatur,
644 1115 731 1141 neque
759 1108 887 1135 omnibus
933 1113 1054 1135 tantumv

269 1150 330 1177 dem
356 1150 543 1182 efferentibus,
569 1160 656 1186 neque
676 1153 800 1187 portione
825 1161 902 1188 mqua
925 1155 1054 1182 omnibus

269 1196 344 1229 data,
360 1196 405 1223 sed
423 1196 555 1230 quantum
577 1197 694 1232 quisque
721 1198 848 1229 habebat,
875 1204 1010 1233 quantum
1028 1205 1055 1226 et.

271 1242 369 1276 cuique
384 1249 463 1276 opus.

308 1286 344 1312 De
367 1287 491 1314 oratione
518 1292 545 1314 et
572 1287 722 1322 psalmodia
748 1288 804 1322 jam
832 1288 976 1316 dicendutn
1003 1297 1055 1317 est.

273 1327 308 1355 De
320 1329 451 1356 oratione.
483 1330 627 1366 Martyres.
652 1332 794 1366 propheta:
808 1337 835 1360 et
851 1334 967 1367 apostoli
990 1342 1055 1361 ora-

272 1375 346 1406 bant,
361 1376 407 1410 qui
424 1376 501 1403 nobis
516 1376 668 1404 orationem
684 1378 869 1410 tradiderunt;
894 1387 944 1406 nos
964 1384 1055 1407 autent

272 1419 298 1447 111
317 1422 527 1450 necessitatibus
550 1424 674 1451 oratione
698 1424 820 1458 utimur;
838 1426 885 1452 sed
909 1426 1056 1460 perfectius

271 1467 328 1500 ipse
341 1467 466 1496 Christus
481 1469 527 1503 qui
554 1477 607 1496 non
623 1469 713 1496 solum
729 1477 821 1504 opere,
840 1470 866 1497 in
889 1471 995 1498 deserta
1009 1473 1056 1499 de-

271 1513 372 1540 cedens
400 1519 425 1540 et
446 1522 569 1542 seorsum
594 1523 687 1547 orans,
710 1523 760 1543 nos
784 1517 872 1548 docet,
899 1518 945 1545 sed
972 1518 1055 1546 etiam

272 1558 362 1585 \crbis
378 1561 515 1593 quotnodo
533 1561 684 1588 orationem
710 1562 883 1596 perﬁciamus
895 1583 902 1595 ,
921 1570 948 1591 et
972 1565 997 1590 in
1024 1572 1055 1592 ea

273 1613 325 1631 non
343 1605 502 1634 deficiamus
514 1627 521 1639 ,
537 1609 717 1642 proponitque
732 1609 758 1635 iu
777 1611 934 1644 exemplum
950 1611 1055 1638 amicos

270 1650 396 1688 liliosque
425 1659 550 1686 petentes
567 1659 604 1680 111
628 1654 805 1688 accipientes,
832 1660 916 1690 atque
945 1658 1054 1685 viduam

273 1697 398 1731 precibus
414 1697 571 1730 instantem,
587 1699 728 1734 donecjus
750 1700 880 1727 violatum
901 1702 1054 1729 restitutum

275 1741 366 1768 fuerit.
400 1741 435 1769 Et
466 1742 550 1770 multa
580 1743 653 1771 talia.
683 1744 722 1772 De
758 1746 915 1780 psalmodia:
943 1747 1057 1782 hymno-

276 1795 391 1821 rumque
407 1788 589 1822 spiritualium
603 1809 611 1821 ,
625 1795 652 1816 ct
665 1798 727 1824 qua:
740 1791 766 1817 iu
783 1792 884 1818 mundo
902 1792 969 1819 fiunt
989 1801 1055 1820 can-

274 1832 417 1860 tilenarum
437 1834 552 1861 utilitate
566 1835 656 1862 ridere
672 1840 722 1862 est.
741 1835 769 1863 Si
784 1837 943 1865 cantoribus
963 1839 1056 1865 mundi

273 1887 402 1913 proceres
419 1881 537 1915 przebent
553 1881 662 1916 praemia
676 1901 683 1913 ,
699 1882 784 1908 multo
802 1882 873 1910 Deus
895 1883 1033 1911 liberalior
1050 1893 1056 1911 :

273 1928 356 1951 testes
371 1925 468 1960 (sunt),
478 1933 510 1952 ex
525 1933 600 1952 saera
616 1925 769 1961 Scriptura,
785 1927 837 1955 fide
850 1928 925 1963 digni
939 1928 1057 1963 Moyscs,

277 1970 372 2002 David,
386 1969 525 2003 Salomon,
541 1975 568 1998 et
582 1976 716 2005 quotquot
729 1972 775 1998 alii
792 1972 908 2008 hymnos
928 1973 955 2000 in
972 1974 1058 2001 hono-

275 2024 332 2043 rem
349 2017 395 2043 Dei
411 2021 565 2044 cantarunt.
585 2017 608 2043 Α
634 2018 735 2052 quibus
755 2019 893 2052 quomodo
918 2019 1056 2055 sigillatim

277 2067 324 2088 aut
340 2063 365 2088 in
381 2063 467 2089 choro
485 2063 605 2094 canitur,
623 2063 795 2095 discendum.
814 2069 842 2091 et
860 2072 914 2092 non
933 2066 1012 2092 modo
1026 2066 1059 2093 de

277 2107 439 2140 psalmodia.
458 2108 505 2134 sed
530 2113 557 2135 et
579 2108 612 2135 de
636 2109 742 2136 cmteris
765 2109 858 2143 templi
888 2110 1058 2138 ministeriis.

278 2153 382 2178 Etenim
398 2153 504 2180 chitas
515 2154 583 2180 alios
595 2154 622 2180 111
636 2154 711 2181 aliud
725 2154 842 2181 oﬂicium
854 2154 1057 2190 disposuerunt,

277 2202 304 2224 et.
322 2198 347 2224 in
367 2198 516 2232 psalmodia
543 2200 665 2227 diversos
682 2200 782 2227 choros
807 2201 995 2233 instituerunt,
1017 2203 1059 2229 al-

1099 294 1223 327 ἀγαπᾱτε
1238 294 1383 330 ἀλλήλους’
1408 295 1498 326 καθὼς
1520 295 1651 330 ἠγάπησα
1669 296 1749 330 ὑμᾶς,
1773 296 1816 327 ἵνα
1837 297 1884 322 καὶ

1100 338 1176 371 ὑμεῖς
1193 339 1319 372 ἀγαπᾶτε
1332 339 1462 374 ἀλλήλους
1474 347 1480 353 ·
1507 340 1535 365 ὲν
1547 339 1635 374 τούτῳ
1650 338 1800 372 γνώσονται
1815 340 1883 366 πὰν-

1099 391 1154 414 τες,
1181 384 1221 409 ὅτι
1251 384 1311 418 ἐμοὶ
1342 384 1460 418 μαθηταί
1489 384 1562 415 ἐστε,
1588 383 1635 409 ἐὰν
1665 383 1776 417 ἀγάπην
1804 383 1884 416 ἔχητε

1100 429 1128 454 ἐν
1143 429 1279 464 ἀλλήλοις.
1299 438 1308 454 ι
1335 428 1380 464 Μὴ
1408 429 1455 455 οὖν
1481 428 1649 461 καταψεύδου
1676 428 1807 463 Χριστοῦ,
1824 428 1885 454 ἐπεὶ

1100 473 1241 509 ἄνθρωπος
1265 473 1360 507 γέγονε
1376 474 1420 500 διὰ
1438 474 1467 500 σὲ
1479 482 1485 489 ·
1509 473 1576 508 μηδὲ
1606 472 1729 507 μαθητὴς
1747 474 1822 506 γίνου
1837 471 1884 498 τοῦ

1100 520 1233 550 διαῧόλου,
1249 520 1309 546 ἀντὶ¹
1336 520 1382 546 τοῦ
1402 519 1535 555 Χριστοῦ·
1561 519 1628 553 μηδὲ
1651 519 1698 545 τὸν
1717 518 1886 544 κοινοσιακδν

1101 566 1185 592 τύπον
1204 574 1234 591 τε
1252 566 1298 592 καὶ
1325 566 1426 593 κανόνα
1441 565 1593 600 προδὰλλου
1613 564 1757 599 σύμμαχον
1771 563 1820 598 τῆς
1836 564 1886 598 σῆς

1101 611 1279 643 κακοϐουλίας
1295 620 1325 638 τε
1338 613 1384 638 καὶ
1399 611 1601 645 ἁσπλαγχνίας·
1617 611 1701 644 ὅνπερ
1719 610 1759 640 εἰς
1774 611 1886 635 ἐπικου-

1102 659 1163 694 ρίαν
1181 658 1302 692 ἀλλήλων
1315 658 1448 692 ἐλάϐομεν
1459 665 1466 672 ⁸
1485 657 1532 682 καὶ
1545 656 1622 686 σύνες
1636 655 1666 682 τὺ
1677 654 1822 681 ἀκόλουθον
1837 654 1886 688 τῆς

1104 703 1222 738 ἱστορίας
1235 711 1239 719 ·
1253 704 1299 730 καὶ
1311 703 1428 737 ,δυνάμει
1447 702 1554 737 μεγάλῃ
1569 700 1710 727 ἀπεδίδουν
1731 701 1755 726 ol
1771 700 1887 726 ἀπόστο-

1102 752 1142 777 λοι
1155 752 1184 777 τὸ
1200 750 1349 787 μαρτύριον
1360 750 1408 783 τῆς
1422 748 1595 779 ἀναστάσεως
1607 747 1654 773 τοῦ
1668 747 1771 782 Κυρίου
1789 745 1886 781 Ἰησοῦο

1103 797 1182 831 χάρις
1206 804 1233 821 τε
1253 795 1359 830 μεγάλη
1382 792 1416 829 ἦν
1432 794 1478 819 ἐπὶ
1495 793 1600 824 πάντας
1615 792 1729 823 αὐτούς·
1748 792 1808 818 οὐδὲ
1834 792 1889 826 γὰρ

1105 842 1195 875 ἐνδεής
1211 850 1252 872 τις
1269 839 1302 875 ῆν
1316 841 1345 866 ἐν
1360 840 1463 871 αὐτοῖς.
1484 839 1566 873 Ὁρᾷς
1587 838 1647 864 ὅθεν
1662 837 1724 872 ἔσχε
1746 837 1796 871 τὴν
1809 836 1890 863 δύνα-

1106 887 1151 920 μιν
1163 894 1192 912 τε
1209 887 1255 911 καὶ
1269 885 1349 920 χάριν
1366 885 1396 911 τὸ
1411 884 1557 919 κύρυγμα;
1577 884 1626 909 Ἐκ
1637 883 1684 909 τοῦ
1701 883 1762 914 τοὺς
1776 882 1889 908 πιστεύ-

1103 941 1181 963 οντας
1205 932 1327 962 ἃπαντας
1344 929 1411 956 εἶναι
1434 929 1579 960 ἀνενδεεῖς.
1595 928 1657 960 Πῶς
1681 928 1709 954 δὲ
1726 929 1817 960 τοῦτο,
1841 929 1891 954 ὲπ-

1104 976 1166 1009 άγει
1178 984 1184 991 ’
1201 976 1259 1002 ὅσοι
1272 976 1325 1010 γὰρ
1341 975 1473 1010 κτήτορες
1489 974 1599 1009 χωρίων
1614 973 1630 1008 ἢ
1644 973 1737 999 οἰκιῶν
1754 973 1889 1007 ὑπῆρχον,

1104 1023 1258 1054 πωλοῦντες
1280 1023 1376 1056 ἔφερον
1399 1021 1448 1052 τὰς
1464 1020 1548 1055 τιμὰς
1572 1019 1627 1046 τῶν
1640 1019 1890 1054 πιπρασκομένων.

1105 1068 1151 1093 καὶ
1163 1067 1268 1093 ἐτίθουν
1285 1066 1360 1102 παρὰ
1376 1062 1439 1097 τοὺς
1457 1065 1541 1096 πόδας
1554 1064 1609 1090 τῶν
1623 1062 1780 1090 ἀποστόλων
1790 1072 1797 1078 ·
1810 1063 1890 1089 διεδί-

1104 1112 1164 1139 δοτο
1183 1112 1211 1138 δὲ
1235 1111 1343 1146 ἑκάστῳ
1364 1110 1427 1137 καθ’
1439 1111 1480 1136 ὅτι
1503 1109 1535 1136 ἂν
1557 1118 1599 1140 τις
1614 1108 1709 1143 χρείαν
1725 1106 1808 1142 εἶχεν.
1834 1107 1891 1133 Οὐκ

1105 1157 1134 1190 ἐξ
1149 1159 1205 1184 ἴσου
1224 1158 1323 1188 πάντες
1346 1157 1386 1187 είς
1405 1156 1434 1182 τὸ
1460 1155 1543 1190 μέσον
1573 1153 1701 1180 ἔϐαλλον·
1723 1152 1783 1179 οὐδὲ
1808 1153 1891 1178 πᾶσιν

1105 1203 1204 1238 ὁμοίως
1228 1203 1326 1229 ἐδίδοτο
1340 1210 1345 1216 '
1365 1201 1422 1228 ἀλλ’
1437 1201 1504 1234 ὅπερ
1520 1200 1634 1232 Exacto;
1649 1197 1716 1234 εἶχε,
1735 1198 1783 1226 καὶ
1801 1198 1862 1224 καθ’
1877 1197 1892 1223 ὃ

1106 1250 1199 1285 χρείαν
1213 1249 1297 1284 εἶχεν.

1147 1295 1291 1330 Ἐχόμενον
1306 1294 1352 1320 οὖν
1366 1296 1439 1320 ἐστιν
1460 1293 1548 1319 εἰπεῖν
1561 1293 1625 1327 περὶ
1641 1291 1725 1326 εὐχῆς
1738 1291 1785 1318 καὶ
1801 1290 1891 1325 φαλμ-

1106 1340 1202 1375 ῳδίας·
1221 1339 1268 1365 καὶ
1280 1339 1344 1374 περὶ
1360 1339 1410 1372 μὲν
1421 1338 1514 1372 εὐχῆς,
1527 1338 1676 1372 μάρτυρες,
1692 1335 1831 1371 προφῆται
1845 1335 1892 1365 καὶ

1105 1385 1248 1413 ἀπόστολοι
1261 1385 1401 1420 εὐχόμενοι
1413 1393 1420 1398 ·
1436 1385 1460 1410 al
1478 1384 1524 1410 καὶ
1540 1383 1640 1423 ταύτην
1657 1384 1697 1414 είς
1711 1383 1785 1418 ἡμᾶς
1800 1390 1891 1418 παρα-

1105 1431 1195 1461 δόντες
1206 1438 1213 1445 ”
1226 1430 1272 1456 καὶ
1283 1430 1364 1463 ἡμεῖς
1376 1428 1454 1455 αὐτοὶ
1475 1429 1503 1454 ὲν
1517 1427 1696 1462 περιστάσετι
1713 1427 1799 1462 ταύτῃ
1819 1426 1892 1462 χρώ-

1108 1485 1182 1512 μενοι
1193 1486 1200 1492 ·
1217 1476 1317 1511 μᾶλλον
1332 1475 1360 1501 δὲ
1376 1475 1457 1506 αὐτὸς
1476 1474 1489 1500 ὁ
1503 1473 1620 1508 Χριστὸς
1631 1493 1639 1505 ,
1658 1473 1786 1511 obpévov
1803 1473 1838 1500 δι’
1849 1473 1894 1507 ἐρ-

1107 1529 1162 1557 γων
1176 1520 1308 1546 διδάσκων
1323 1519 1406 1554 ἡμᾶς,
1427 1518 1577 1553 ἀναχωρῶν
1590 1518 1619 1544 ἐν
1633 1519 1693 1549 ταῖς
1706 1518 1831 1557 ἐρήμοις,
1845 1518 1893 1545 καὶ

1107 1555 1229 1593 κατιδίαν
1243 1566 1398 1601 εὐχόμενος,
1407 1565 1476 1592 ἀλλὰ
1489 1565 1537 1590 καὶ
1549 1564 1593 1591 διὰ
1609 1563 1707 1597 λόγων,
1723 1555 1817 1594 ὼςδεῖ
1831 1563 1895 1590 ταὺ-

1109 1621 1158 1647 την
1174 1612 1272 1644 τελεῖν,
1286 1612 1333 1637 καὶ
1347 1610 1383 1646 μῆ
1398 1611 1527 1637 ἑκκακεῖν
1538 1617 1545 1624 ·
1559 1609 1694 1644 παράγων
1709 1609 1750 1640 εις
1763 1609 1894 1643 ὑπόδειγ-

1112 1667 1149 1693 μα
1180 1657 1278 1692 φίλους
1306 1658 1352 1683 καὶ
1369 1657 1446 1688 υἱοὺς
1464 1655 1609 1686 αἰτοῦντας
1628 1655 1676 1681 καὶ
1690 1654 1894 1689 λαμϐάνοντας·

1111 1704 1156 1731 καί
1171 1712 1221 1729 που
1237 1703 1282 1729 καὶ
1298 1703 1386 1737 χήραν
1399 1701 1581 1736 ἀδικουμένην
1592 1700 1639 1727 καὶ
1655 1700 1693 1736 μὴ
1706 1699 1897 1734 ἁφιᾳταμένην

1109 1750 1159 1785 τῆς
1178 1749 1322 1783 αἰτήσεως,
1341 1747 1404 1774 ὥπτ*
1424 1747 1613 1781 ἐκδικηθῆναι,
1635 1746 1682 1773 καὶ
1707 1745 1792 1773 πολλὰ
1805 1744 1898 1771 τοιαῦ-

1110 1803 1153 1821 τα.
1167 1795 1234 1829 Περὶ
1245 1794 1272 1820 δὲ
1287 1793 1448 1828 ψαλμῳδίας
1462 1793 1509 1819 καὶ
1523 1792 1615 1827 ὓμνων
1629 1790 1834 1825 πνευματικῶν,
1848 1789 1898 1816 καὶ

1110 1843 1142 1867 ὲκ
1155 1841 1204 1875 τῆς
1220 1839 1356 1875 κοσμικῆς
1371 1839 1442 1874 ᾠδῆς
1458 1838 1573 1865 συνιδεῖν
1588 1838 1662 1864 ἐστιν
1675 1837 1766 1864 αὐτῶν
1781 1836 1811 1863 τὸ
1824 1835 1898 1870 ὠφέ-

1111 1887 1200 1921 λιμον.
1214 1886 1244 1911 Εἰ
1258 1887 1313 1920 γὰρ
1323 1886 1379 1916 τοῖς
1391 1884 1499 1919 ᾄδουσιν
1513 1885 1604 1915 αὐτοῖς
1621 1883 1645 1909 al.
1657 1884 1685 1910 ἐν
1697 1883 1791 1917 κόσμῳ
1801 1882 1899 1917 ἄρχον-

1111 1940 1156 1963 τες
1179 1930 1328 1965 παρέχουσι
1342 1930 1466 1964 μισθοὺς,
1481 1929 1571 1964 πολλῷ
1588 1929 1688 1964 μᾶλλον
1710 1929 1724 1955 ὁ
1738 1928 1804 1959 Θεὸς
1821 1927 1898 1962 φιλό-

1111 1977 1196 2012 δωρος
1210 1976 1265 2002 ὤν’
1286 1976 1355 2011 πλὴν
1383 1976 1520 2011 μάρτυρες
1549 1975 1603 2002 κὰκ
1625 1975 1675 2009 τῆς
1694 1975 1806 2008 Γραφῆς
1827 1974 1900 2006 ἀξιό-

1111 2031 1194 2058 χρεῳ,
1207 2023 1337 2057 Μωῡσῆς,
1351 2022 1400 2048 καὶ
1426 2021 1518 2052 Δαυῖδ,
1530 2021 1577 2047 καὶ
1599 2019 1724 2055 Σολομῶν
1735 2039 1743 2052 ,
1756 2019 1805 2046 καὶ
1825 2019 1900 2046 ἄλλοι

1112 2069 1168 2094 ὅσοι
1190 2066 1258 2103 ᾖσαν
1280 2068 1351 2102 ᾠδὰς
1373 2066 1411 2102 τῷ
1431 2067 1535 2102 Κυρίῳ.
1552 2066 1614 2098 Πῶς
1633 2066 1674 2091 δεῖ
1692 2065 1765 2096 ἰδίως
1779 2065 1825 2091 καὶ
1842 2064 1900 2095 πῶς

1115 2113 1185 2148 μεῒὰ
1199 2113 1330 2148 πλήθους,
1342 2113 1372 2145 ἐξ
1386 2113 1475 2140 αὐτῶν
1490 2113 1547 2139 ἐστι
1565 2112 1661 2148 μαθεῖν
1673 2120 1679 2125 ·
1705 2112 1753 2138 καὶ
1770 2111 1802 2137 οὐ
1822 2111 1901 2146 μόνον

1114 2160 1178 2194 περὶ
1203 2159 1374 2194 ψαλμῳδίας,
1400 2159 1468 2186 ἀλλὰ
1508 2159 1555 2185 καὶ
1575 2159 1625 2193 τῆς
1645 2157 1742 2193 λοιπῆς
1765 2157 1813 2183 τοῦ
1835 2156 1900 2182 ναοῦ

1114 2206 1265 2240 ὑπηρεσίας
1277 2213 1284 2219 ·
1299 2205 1362 2237 τοὺς
1384 2206 1436 2241 γὰρ
1451 2205 1568 2236 Λευίτας
1584 2204 1740 2236 διετάξαντο
1750 2212 1756 2218 ·
1774 2204 1836 2234 τοὺς
1852 2202 1902 2236 μὲν

279 2244 404 2271 lernatim
420 2250 560 2278 canentes,
575 2250 603 2272 ut
614 2246 674 2273 vice
685 2247 802 2281 quadam
821 2247 898 2273 labor
913 2247 1054 2281 levaretur,

1113 2251 1152 2282 ε1ς
1162 2250 1241 2285 τήνδε
1256 2250 1305 2284 τὴν
1325 2249 1486 2285 ὑπουργίαν,
1501 2249 1564 2280 τοὺς
1578 2248 1607 2275 δὲ
1624 2249 1663 2280 είς
1676 2248 1754 2283 τήνδε
1764 2255 1771 2262 ·
1785 2249 1812 2273 ἐν
1827 2246 1855 2273 δὲ
1869 2248 1900 2281 τῇ

277 2294 304 2317 et
317 2298 370 2316 non
387 2295 516 2318 cessaret.
533 2290 665 2318 Prwterca
688 2292 775 2326 angeli
793 2291 863 2326 apud
888 2292 986 2319 lsaiam
1003 2294 1061 2327 pul.

278 2336 373 2363 chrum
389 2336 515 2364 Ecclesia:
528 2338 652 2364 ordinem
670 2337 825 2372 signiﬁcant
836 2357 844 2369 ,
861 2345 915 2364 non
934 2338 961 2364 111
982 2338 1061 2374 Itym-

280 2383 395 2416 uientes,
421 2383 458 2410 illi
472 2389 562 2411 autem
585 2385 707 2417 silentes,
731 2384 776 2412 sed
800 2385 869 2411 alter
883 2385 916 2412 ad
932 2385 1059 2418 alterum,

278 2430 355 2464 quasi
380 2430 449 2456 alter
472 2430 584 2457 alterius
608 2429 744 2465 adjulorio
766 2430 792 2457 in
818 2435 898 2457 cantu
923 2430 1059 2466 indigeat;

280 2476 334 2501 imo
359 2474 438 2502 nobis
466 2479 551 2502 metra
582 2474 742 2509 psalmodias
769 2480 962 2509 suggerentes,
989 2476 1060 2502 circa

282 2519 364 2546 Deum
390 2527 452 2546 cum
475 2524 547 2546 metu
567 2525 594 2546 et
619 2525 736 2547 tremore
753 2523 874 2550 stantes,
896 2528 948 2546 non
968 2521 1020 2548 huc
1037 2526 1064 2548 et

282 2565 344 2592 illue
372 2566 535 2600 aspicientes
558 2571 606 2592 aut
631 2566 805 2599 gradientes,
831 2571 858 2592 ut
883 2574 933 2592 nos
950 2567 1018 2600 (qui)
1037 2567 1062 2592 in

281 2611 380 2644 templo
399 2611 446 2637 Dei
459 2612 639 2645 exagitamur.

1112 2295 1256 2330 ψαλμῳδίᾳ.
1268 2295 1411 2329 διαφόρους
1427 2293 1607 2331 χοροστασίας
1620 2291 1758 2324 ἀνέδειξαν
1770 2301 1777 2308 ⁸
1796 2293 1829 2318 ὲκ
1845 2291 1903 2318 δια-

1112 2340 1194 2375 δοχῆς
1212 2339 1377 2374 ψαλλούσας,
1395 2339 1438 2365 διὰ
1454 2333 1484 2364 ἰδ
1500 2339 1639 2375 κουφίζειν
1655 2337 1778 2372 ἀλλήλων
1794 2336 1840 2363 τὸν
1852 2335 1903 2362 πό-

1112 2393 1171 2412 νον·
1189 2386 1236 2411 κα“ι
1251 2385 1354 2416 πάντας
1373 2383 1565 2419 εὐφραίνεσθαι
1580 2384 1629 2419 τὴν
1644 2384 1673 2410 ἐν
1686 2382 1781 2419 Κυρίῳ
1802 2382 1902 2416 εὖφρο-

1114 2430 1213 2464 σὺνην·
1246 2429 1292 2456 καὶ
1325 2429 1362 2464 μὴ
1394 2428 1518 2464 ἀκηδιᾷν.
1541 2429 1578 2455 Οὐ
1597 2428 1678 2464 μόνον
1700 2427 1740 2460 δὲ,
1764 2427 1833 2461 ἀλλὰ
1856 2426 1904 2452 καὶ

1117 2475 1226 2510 ἄγγελοι
1249 2475 1323 2510 παρὰ
1338 2474 1376 2509 τῷ
1394 2475 1493 2509 Ἡσαῖᾳ.
1508 2474 1557 2508 τὴν
1572 2473 1700 2511 εὐταξίαν
1720 2466 1788 2507 ἡμῖν
1803 2472 1906 2505 ὑποση-

1119 2521 1242 2555 μαίνουσι
1264 2520 1313 2554 τῆς
1332 2518 1512 2553 Ἐκκλησίας·
1535 2519 1565 2544 οὐ
1585 2519 1685 2549 πάντες
1704 2516 1772 2551 ὁμοῦ
1786 2525 1793 2532 ·
1812 2515 1867 2542 οὐδ’
1881 2517 1907 2543 οι

1119 2566 1167 2601 μὲν
1185 2565 1330 2601 κράζοντες
1348 2565 1392 2591 τὺν
1407 2565 1500 2599 ὕμνον,
1517 2565 1542 2590 οἱ
1558 2564 1581 2591 δ’
1594 2563 1624 2590 οὗ
1634 2572 1641 2578 ·
1656 2563 1712 2589 ἀλλ’
1728 2563 1822 2598 ἕτερος
1837 2561 1905 2596 πρὸς

1116 2611 1161 2638 τὸν
1176 2611 1269 2646 ἕτερον
1282 2611 1320 2645 (2)
1330 2619 1338 2625 ⁸
1355 2610 1455 2637 ὡσανεὶ
1467 2609 1560 2645 ἕτερος
1574 2609 1620 2636 τοῦ
1634 2609 1727 2643 ἐτέρου
1737 2608 1866 2642 δεόμενος
1879 2608 1907 2633 ἑν

281 2660 319 2694 τῷ
334 2658 424 2694 ὕμνῳ·
440 2659 488 2686 καὶ
504 2659 591 2694 μέτρα
609 2660 672 2695 ἡμῖν
688 2659 892 2692 ὑποδεικνύντες
909 2660 958 2695 τῆς
988 2660 1164 2696 ψαλμῳδίας·
1192 2659 1283 2696 κύκλῳ
1298 2659 1414 2690 ἑστῶτες
1436 2657 1503 2692 περὶ
1542 2657 1588 2685 τὸν
1621 2657 1691 2687 Θεῖον
1723 2655 1818 2689 θρόνον
1838 2654 1910 2691 μετὰ

316 2764 326 2780 ⁸
342 2763 420 2791 Joau.
434 2772 493 2796 11111,
511 2764 555 2791 55.

320 2854 356 2882 ("li
375 2857 402 2881 lu
416 2857 536 2890 margine
552 2856 684 2883 seholium
707 2856 756 2882 lme
776 2856 884 2882 additur
900 2865 906 2881 :
922 2855 964 2881 διὰ
980 2856 1009 2880 τ),
1027 2856 1063 2880 εἱ-

286 2892 344 2915 πεῗν
360 2891 454 2922 ἑνικῶς
471 2891 529 2926 μὲν,
547 2893 639 2927 ἔτερος
658 2892 722 2926 πρῆς
744 2892 787 2918 τὴν
799 2891 900 2925 ἕτερον·
920 2890 1064 2924 πληθυντι-

1120 2855 1174 2885 κῶς
1190 2855 1227 2884 δὲ,
1246 2854 1292 2880 7.1".
1309 2854 1409 2887 ἔλεγον,
1427 2853 1502 2889 δηλοῖ
1522 2853 1563 2879 ὅτι
1587 2853 1705 2883 ἅπαντες
1731 2851 1761 2877 ἐκ
1783 2849 1912 2885 διαδοχῆς

1120 2898 1191 2924 ῃῦνῒλ.
