2051 3154
133 162 202 193 1341

661 172 711 201 ΒΕ
730 173 849 203 DlVlN.
867 175 1009 206 SClllPT.
1041 179 1258 212 UTlLlTATE.

1705 187 1772 219 1342

125 220 211 274 ,δέους
227 222 274 249 καὶ
289 222 410 258 θάμϐους
425 224 478 260 (ὅ),
497 226 535 261 μὴ
549 227 624 254 ἔνθεν
640 229 766 256 κάκεῖθεν
779 230 897 265 όρῶντες
912 232 927 267 ἦ
949 234 1157 268 μεταϐαίνοντες
1174 238 1223 272 (4),
1237 238 1275 271 ὡς
1309 240 1390 275 ἡμεῖς
1422 241 1592 277 ἀτακτοῧμεν
1609 243 1638 269 ἐν
1655 244 1693 279 τῷ
1709 245 1773 280 θείῳ

133 267 255 301 τεμένει.

179 314 249 341 Ἀλλ’
265 315 351 368 illvm;
368 317 541 352 ἀποδιδόντες
557 322 636 356 ἡμῶν
654 323 704 355 τὰς
718 324 801 359 εὐχὰς
814 325 853 360 τῷ
871 326 929 351 Κυ-

1017 327 1086 355 Dum
1102 338 1165 358 \ero
1182 332 1223 359 sic
1243 333 1356 360 Domino
1376 339 1439 362 vota
1452 336 1603 368 reddimus,
1620 345 1674 364 non
1690 337 1771 365 debe-

136 360 197 395 ρίῳ,
226 361 294 396 μηδὲ
316 362 364 389 τοῦ
383 364 539 400 ἐργοχείρου
552 367 592 393 δεῖ
600 368 711 402 ἀμελεῖν
723 377 730 384 ·
750 370 785 396 δι’
799 366 828 396 οὗ
849 371 932 398 εὐπη-

136 406 274 451 ρῄσαιμεν
291 409 341 442 τὴν
352 409 505 443 ἀναγκαίαν
517 414 619 448 τροφήν
635 423 664 440 τε
678 415 725 441 καὶ
736 415 850 449 σκέπην,
865 416 932 451 πρὸς

134 450 167 476 τὸ
181 451 219 486 μὴ
234 452 404 487 ἐπιϐαρῆσαί
415 463 475 482 τινα
491 458 626 491 προφάσει
639 459 688 493 τῆς
701 459 809 495 εὐχῆςῆ
823 461 871 494 τῆς
884 450 933 496 ἀρ-

135 496 209 541 γίας.
227 498 274 533 Μὴ
287 498 316 524 δὲ
329 499 375 526 τὸν
387 500 500 535 ἀδελφὺν
516 504 638 538 παριδεῖν
649 505 803 540 κάμνοντα,
820 506 867 532 καὶ
883 507 932 541 τῆς

136 540 167 575 ἐξ
184 543 262 578 ἡμῶν
277 544 404 579 δεόμενον
426 546 568 582 βοηθείας·
588 551 716 585 κρεῖσσον
740 551 794 586 γὰρ
814 540 930 579 καταλί-

137 590 200 614 πεϊν
219 591 321 626 μικρὰν
336 592 448 628 ἀρετὴν,
471 594 487 630 ἦ
505 594 656 622 καταλῦσαι
681 597 802 633 μεγάλην
821 598 932 632 ἐντολὴν

137 634 317 670 Δεσποτικήν.
342 636 386 662 Ἑν
408 637 463 672 γὰρ
488 638 527 672 τῷ
555 639 724 674 πληροῦσθαι
742 641 791 676 τὴν
810 641 930 676 ἐντολὴν,

138 679 186 704 καὶ
201 679 217 714 ἡ
230 680 280 714 τῆς
293 681 481 716 προαιρέσεως
494 683 690 720 εὐγνωμοσύνη
705 686 930 721 συμπληροῦσθαι

138 724 261 758 πέφυκεν
274 733 279 739 ·
292 726 321 752 οὐ
337 727 367 753 τὸ
380 727 529 754 ἀνάπαλιν·
542 729 582 756 διὸ
596 730 643 756 καὶ
658 731 834 759 ἀποκλείεται
853 732 869 767 ὴ
884 732 930 759 τοῦ

138 770 284 804 νυμφῶνος
296 771 399 804 εἴσοδος
410 774 467 805 τοῖς
479 774 642 810 ἁδιακρίτως
659 777 868 812 μετερχομένοις
882 777 930 808 τὰς

138 815 249 849 ἀρετάς.
261 816 420 852 Γέγραπται
435 819 489 853 γὰρ
504 820 533 845 ἐν
544 821 577 855 τῇ
593 820 647 846 τῶν
662 821 809 848 Βασιλειῶν
822 821 928 857 πρώτη

141 869 151 886 ι
165 860 202 886 Οὐ
229 860 301 887 θέλει
324 862 427 897 Κύριος
450 864 647 896 ὁλοκαυτώσεις
663 866 710 892 καὶ
722 866 828 898 θυσίας,
844 867 883 898 ὡς
900 868 931 894 τὸ

139 906 255 933 ἀκοῦσαι
275 907 324 942 τῆς
337 909 427 944 φωνῆς
443 910 526 937 αὐτοῦ
539 919 546 926 ·
570 920 578 936 ι
597 911 651 937 ἰδοὺ
667 912 721 946 γὰρ
750 912 818 948 ἀκοὴ
841 913 929 949 ἀγαθὴ

139 950 210 986 ὑπὲρ
224 951 319 979 θυσίαν
329 961 336 967 ·
349 954 396 980 καὶ
414 955 546 989 ἀκρόασις
557 956 628 991 ὑπὲρ
642 956 725 992 στέαρ
740 957 839 992 ἀρνῶν.
851 958 930 984 Καθὰ

987 380 1049 400 mus
1065 374 1185 403 laborem
1207 385 1338 406 manuum
1363 380 1519 415 negligere,
1541 389 1596 416 quo
1611 389 1702 409 escam
1723 391 1770 409 ne-

985 419 1131 446 cessariam
1148 426 1174 448 et
1189 422 1381 450 vestimentum
1402 431 1602 459 comparemusl
1619 427 1769 453 neminem-

984 469 1037 496 que
1051 463 1105 490 sub
1119 470 1249 499 praetextu
1263 468 1397 494 orationis
1412 472 1458 495 aut
1473 470 1598 503 scgnitiei
1611 478 1768 504 gravemus.

983 506 1160 543 Nequaquam
1185 510 1297 538 fratrem
1313 512 1536 547 derelinquamus
1557 519 1650 542 nostro
1665 516 1769 543 auxilio

983 553 1149 591 indigentcm
1165 566 1172 583 :
1188 557 1285 584 melius
1300 559 1370 584 enim
1387 559 1517 586 minorem
1544 560 1672 588 virtutem
1687 562 1769 589 omit-

984 607 1054 633 tere,
1072 609 1153 636 quam
1173 610 1256 629 unutn
1274 611 1305 629 ex
1322 605 1427 637 magnis-
1445 603 1551 631 Domini
1568 606 1703 632 mandatis
1715 607 1771 633 vio-

983 648 1050 681 lare,
1082 649 1109 675 in
1135 656 1189 682 quo
1204 649 1379 683 adimplendo
1396 650 1525 676 meritum
1549 650 1654 684 perﬁcit
1667 651 1770 679 delibe-

983 698 1040 720 rata
1057 694 1192 726 voluntas,
1210 694 1274 721 dum
1299 700 1394 722 contra
1413 696 1548 723 clauditur
1563 697 1624 724 lecti
1641 697 1769 732 nuptialis

983 739 1113 767 introitus
1139 740 1191 768 illis
1218 741 1263 775 qui
1289 743 1349 768 s‘ne
1367 742 1533 769 discretione
1556 743 1669 771 virtutes
1691 751 1768 770 excr-

982 788 1053 810 cent.
1065 784 1203 819 Scriptum
1219 790 1260 812 est
1275 786 1302 812 in
1318 787 1405 821 pritno
1416 787 1518 821 Regum
1533 788 1616 815 libro;
1627 787 1700 815 «Non
1714 794 1767 816 tam

981 832 1056 854 autat
1080 827 1151 855 Deus
1174 829 1334 857 holocausta
1363 835 1389 857 et
1415 831 1566 862 sacriﬁcia.
1592 840 1672 866 quam
1693 834 1769 860 vocis

981 873 1041 907 ejus
1051 874 1218 901 auditionem
1229 875 1252 891 *α
1262 876 1285 901 ι’»
1303 883 1366 903 ecce
1377 876 1479 904 auditio
1490 877 1559 904 bona
1572 885 1653 912 super
1662 878 1768 905 sacrili-

981 919 1095 951 cium,ct
1102 920 1207 946 aurium
1217 921 1330 947 attentio
1336 929 1418 956 super
1424 930 1554 957 agnorum
1563 923 1767 957 pinguedinem.

980 963 1074 999 Itaque
1091 966 1240 999 Apostolus
1267 966 1292 992 in
1320 965 1442 1000 Epistola
1459 968 1491 994 ad
1506 967 1634 995 Hebraeos
1649 969 1744 995 scribit
1759 979 1766 996 :

138 996 171 1030 δὴ
193 996 240 1025 καὶ
256 997 270 1023 6
293 998 453 1031 Ἀπόστολος
479 1001 508 1026 ἐν
526 1003 559 1036 τῇ
584 1001 653 1036 πρὸς
680 1002 822 1037 Ἐϐραίους
847 1004 928 1038 φησι·

985 1019 994 1035 ι
1013 1009 1052 1036 Ne
1070 1010 1272 1037 obliviscamini
1296 1011 1365 1038 bene
1382 1020 1473 1047 agere,
1496 1017 1523 1039 et
1548 1013 1680 1040 frauibus
1702 1022 1769 1041 con-

142 1049 151 1065 ι
166 1040 221 1076 Τῆς
238 1041 266 1070 δὲ
281 1041 406 1074 εὐποιίας
422 1045 470 1072 καὶ
483 1044 626 1076 κοινωνίας
646 1045 683 1081 μὴ
700 1046 927 1074 ἐπιλανθάνεσθε·

138 1085 280 1118 τοιαύταις
294 1087 349 1123 γὰρ
365 1087 470 1121 θυσίαις
484 1090 673 1125 εὐαρεστεῖται
687 1092 701 1118 6
712 1091 787 1123 Θεός.
804 1102 813 1118 ι
831 1093 885 1120 Καὶ
901 1094 930 1120 ἐν

139 1132 173 1166 τῇ
188 1132 257 1166 πρὸς
278 1133 417 1166 Ἐφεσίους
430 1133 507 1166 αὖθις
519 1142 525 1150 ·
545 1145 554 1161 ι
576 1136 605 1162 Ὀ
621 1136 743 1163 κλέπτων
758 1138 857 1172 μηκέτι
870 1139 931 1165 κλει

139 1176 242 1209 πτέτω,
259 1177 360 1212 μᾶλλον
375 1179 404 1205 δὲ
419 1179 553 1212 κοπιάτω,
579 1181 762 1216 ἐργαζόμενος
780 1182 810 1208 τὸ
829 1182 930 1217 ἀγαθὸν

139 1223 200 1254 ταῖς
214 1224 323 1258 χερσίν·
343 1225 386 1251 ἵνα
398 1225 446 1261 ἔχῃ
467 1225 635 1260 μεταδιδόναι
650 1226 687 1261 τῷ
700 1227 794 1262 χρείαν
806 1228 904 1263 έχοντι.
917 1238 927 1255 ›

140 1267 254 1304 κλοπὴν
271 1268 293 1295 δ’
313 1269 346 1296 ἂν
361 1270 449 1304 ἔγωγε
465 1271 611 1307 καλέσαιμι
631 1273 679 1300 καὶ
693 1273 741 1309 τὴν
755 1274 930 1310 ὁπωσδήποτε

142 1313 213 1348 μετά
235 1314 312 1341 δόλου
331 1315 385 1342 τῶν
403 1316 552 1351 χρημάτων
573 1318 721 1353 συλλογήν
738 1319 776 1350 ὡς
794 1320 857 1346 ὅταν
880 1329 930 1347 πο-

141 1359 284 1394 ρευόμενοι
309 1360 378 1395 πρὸς
401 1361 544 1394 πλουσίους
569 1363 617 1389 καὶ¹
632 1364 760 1398 πένητας,
777 1365 931 1400 ὀδυρόμεθα

139 1404 226 1440 ψευδῆ
242 1406 337 1433 πενίαν
350 1415 380 1433 τε
395 1408 443 1434 καὶ
454 1409 591 1443 πτωχείαν
601 1417 608 1424 ⁸
620 1410 666 1436 καὶ
681 1410 752 1437 ναῶν
764 1411 930 1446 ἀναλώματα

141 1451 190 1477 καὶ
218 1452 418 1487 ἀναθημάτων·
449 1455 599 1490 κειμηλίων
625 1464 654 1482 τε
684 1456 732 1482 καὶ
763 1456 930 1492 ἀγαλμάτων

140 1497 315 1528 κατασκευάς
325 1505 331 1512 ·
345 1497 428 1532 ιερῶν
443 1499 598 1534 ἐνδυμάτων
611 1499 725 1533 ένδειαν,
740 1501 787 1528 καὶ
806 1501 930 1537 ἱστοριῶν

139 1541 294 1576 ἀφανισμόν
307 1550 314 1557 ·
333 1542 377 1569 ἵνα
394 1543 483 1569 πάντα
499 1543 604 1579 έχωμεν
622 1545 682 1579 μετ’
696 1545 836 1580 εὐπορίας,
858 1545 930 1582 ειπερ

140 1585 202 1613 οὐδέ
220 1587 349 1622 κοσμικοὶ
365 1587 442 1620 δντες
461 1588 571 1623 ετχομεν
582 1596 588 1603 ·
606 1589 731 1616 ἐντεῦθεν
747 1590 825 1625 ἡμῶν
842 1591 931 1618 πάντα

140 1631 339 1666 εὐπορούντων,
364 1632 438 1659 ἄλλοι
463 1633 596 1668 ἀποροῦσι
618 1633 665 1660 καὶ
679 1633 832 1668 ὀδύρονται·
850 1635 897 1661 καὶ
913 1635 930 1671 ή

140 1677 228 1713 ἀρετὴ
242 1679 320 1714 ἡμῶν
333 1678 434 1714 ματαία
449 1679 627 1714 καθίσταται,
641 1679 684 1706 ἴνα
698 1679 734 1715 μὴ
747 1680 818 1714 λέγω
830 1679 932 1716 βλάϐης
945 1680 968 1710 C

142 1722 281 1756 πρόξενος.

178 1769 250 1804 Πρὸς
265 1769 370 1802 τούτοις
382 1770 429 1797 καὶ
441 1772 505 1805 περὶ
517 1770 633 1806 ἐκλογῆς
640 1771 791 1805 ἡγουμένου
804 1770 930 1805 ληπτέον·

142 1815 191 1841 καὶ
204 1816 295 1842 ὁποῖον
309 1813 379 1842 εἶναι
389 1815 442 1851 χρὴ
456 1815 502 1843 τὸν
515 1816 618 1851 ἑτέροις
632 1816 847 1852 καθηγούμενον·
865 1817 931 1852 μήτι

142 1861 305 1897 τοπαράπαν
333 1862 365 1888 ἐκ
391 1861 497 1893 κοιλίας
519 1861 625 1889 ἑαυτῶν
646 1862 856 1896 ἀποφαίνοντεςε
873 1863 932 1889 ἀλλ’

142 1906 205 1932 ὅσον
219 1906 252 1932 ὲκ
266 1906 321 1933 τῶν
336 1906 416 1933 θείων
429 1905 556 1941 Γραφῶν,
585 1906 600 1941 ἤ
621 1906 675 1932 τῶν
689 1906 819 1941 Πατέρων
834 1906 933 1941 ἐμάθο-

145 1958 212 1985 μενο
230 1951 311 1978 δεῖδὲ
324 1951 373 1979 καὶ
388 1951 482 1978 τοῦτον
496 1951 568 1987 μετὰ
582 1952 793 1987 παρακλήσεως,
816 1953 855 1987 μὴ
871 1953 933 1988 μέν-

142 2005 184 2022 τοι
203 1997 271 2031 μετά
288 1996 351 2031 βίας
367 1996 492 2030 ἐφέλκειν
511 1997 559 2027 ἐπὶ
584 1997 634 2032 τὴν
662 1997 827 2032 ἡγουμενίαν
840 2005 847 2012 ·
875 1998 933 2024 ἀλλ’

143 2042 205 2068 οὐδέ
221 2042 341 2074 εὐκόλως
357 2042 422 2069 ἀνευ
442 2041 602 2077 δοκιμασίας
620 2042 744 2077 δέχεσθαι
754 2050 761 2057 ’
775 2042 843 2070 ἀλλὰ
864 2044 933 2077 μετά

142 2088 193 2122 τῆς
215 2088 284 2123 πρὸς
298 2088 365 2115 Θεὸν
382 2088 486 2121 ἱκεσίας
511 2089 635 2123 ἐκλέγειν
660 2088 708 2121 Eva
730 2088 780 2124 τῆς
795 2089 931 2121 συνοδίας·

143 2133 238 2168 ὥσπερ
254 2134 278 2160 οἱ
297 2133 345 2160 τοῦ
359 2134 478 2169 Χριστοῦ
493 2134 637 2162 ἀπόστολοι
648 2136 694 2162 τὸν
711 2136 837 2162 Ματθίαν
847 2144 854 2152 ·
877 2135 933 2163 ὦσ-

145 2187 198 2213 περ
217 2179 264 2205 τὸν
293 2179 436 2214 Βαρνάϐαν
461 2179 508 2209 καὶ
521 2179 646 2207 Παῦλον*
671 2180 765 2216 ὥσπερ
787 2181 850 2215 τούς
865 2181 934 2215 ἐπτὰ

143 2223 284 2256 διακόνους
294 2233 302 2240 ⁸
315 2225 361 2251 τὸν
375 2225 429 2261 γὰρ
444 2225 490 2260 ἀφ’
507 2225 605 2253 ἐαυτοῦ
623 2225 756 2261 ζητοῦντά
767 2235 828 2253 τινα
844 2226 934 2258 ἀξίαν,

144 2269 365 2305 ἀποστρέφεσθαι
376 2271 416 2297 δεῖ
426 2278 432 2285 ·
447 2271 485 2302 ὡς
502 2272 516 2298 6
530 2271 633 2306 Πέτρος
645 2271 690 2298 τὸν
703 2271 827 2306 Σιμῶνα·
846 2271 863 2306 ἢ
876 2280 936 2305 νου-

146 2315 232 2342 θετεῖν
249 2317 330 2351 εἴπερ
342 2317 456 2349 οίκεῐος·
471 2317 508 2348 ὡς
525 2318 539 2345 6
563 2317 665 2352 Κύριος
687 2317 766 2353 ἡμῶν
782 2320 845 2349 τοὺς
860 2318 935 2349 υἱοὺς

145 2361 300 2390 Ζεϐεδαίου.
324 2363 355 2390 El
372 2365 426 2397 γὰρ
441 2364 569 2398 κοσμικοὶ
588 2363 708 2398 βασιλεῖς
727 2365 791 2396 τοὺς
805 2365 851 2398 ἀφ’
868 2365 933 2392 ἐαυ-
950 2377 973 2406 D

144 2406 198 2434 τῶν
208 2417 234 2434 τι
245 2407 394 2443 ζητοῦντας
411 2409 521 2445 ἀξίωμα
531 2409 667 2444 ἀντάρτας
681 2409 844 2444 λογίζονται,
858 2410 933 2445 πόσῳ

147 2453 247 2488 μᾶλλον
264 2454 278 2480 6
291 2453 357 2485 Θεός
372 2463 381 2488 ;
395 2455 465 2489 Φησὶ
484 2454 537 2490 γὰρ
559 2455 588 2480 ὲν
609 2455 641 2490 τῇ
660 2455 728 2490 πρὸς
749 2454 893 2489 Ἐϐραίους
920 2456 935 2481 6

145 2496 253 2530 Παῦλος
263 2506 270 2513 ·
290 2507 299 2524 ι
317 2499 374 2530 Πᾶς
389 2500 534 2534 ἀρχιερεὺς
551 2499 580 2532 ἐξ
593 2499 745 2535 ἀνθρώπων
761 2499 934 2535 λαμϐανόμε-

146 2550 201 2575 νος,
213 2543 284 2578 ὑπὲρ
301 2543 452 2580 ἀνθρώπων
468 2545 631 2572 καθίσταται
645 2545 679 2572 τὰ
693 2546 762 2581 πρὸς
773 2546 818 2572 τὸν
830 2545 907 2574 Θεόν.
922 2554 931 2570 ι

146 2588 202 2616 Καὶ
226 2590 284 2624 μετ’
298 2589 394 2623 ὀλίγα·
413 2599 421 2616 ι
441 2590 497 2626 Οὐχ
518 2591 608 2627 ἐαυτῷ
623 2600 664 2623 τις
682 2591 815 2626 λαμϐάνει
831 2591 878 2626 τὴν
893 2600 934 2620 τι-

191 2666 212 2682 ¹⁰
232 2666 241 2693 l
258 2665 325 2701 Reg.
344 2675 389 2700 xv,
405 2667 451 2694 22.
492 2669 512 2683 "
535 2667 616 2696 Hebr.
639 2668 756 2700 xnt,16.
804 2669 824 2683 "
843 2667 941 2702 Ephes.

182 2737 220 2773 (5)
235 2736 375 2773 Scholium
388 2740 414 2764 in
430 2745 516 2773 marg.
527 2738 563 2764 Τὸ
577 2737 630 2773 γὰρ
644 2739 705 2770 ταῖς
721 2737 834 2773 πτέρυξι
851 2746 935 2765 κεκα-

145 2771 255 2808 λύφθαιᾷ
261 2772 318 2808 τὴν
328 2772 473 2808 εὺλάϐἓαν
488 2771 572 2808 δηλοῖ.

183 2808 222 2842 (ιι)
231 2806 379 2849 ‘Scliolium
396 2815 402 2834 :
414 2807 500 2849 Tot-no
514 2806 632 2849 εἴρηται,
645 2807 771 2849 περὶ-τῷν
780 2808 810 2840 ἐξ
821 2808 934 2849 ἀκηδίας

147 2842 379 2884 Διτρρφςίιςςειβὶγθεν
391 2843 512 2884 κάρφους
528 2842 576 2869 τοῦ
599 2844 627 2869 ἐν
707 2843 845 2884 ἐδᾴφειηῆ
862 2842 933 2884 τινος

149 2877 242 2913 ἐτέρου
266 2877 302 2913 μὴ
320 2878 526 2912 κατεπείγοντος
548 2878 714 2912 κινουμένων
736 2879 766 2905 ἐκ
785 2878 831 2905 τοῦ
852 2879 933 2910 τόπου

981 1055 1082 1082 sentire
1102 1065 1108 1082 :
1126 1056 1228 1083 talibus
1246 1057 1317 1083 enim
1331 1057 1358 1084 in
1372 1058 1515 1086 sacriliciis
1537 1059 1588 1085 sibi
1607 1059 1678 1086 Deus
1694 1067 1769 1087 com-

982 1101 1117 1136 placet“;
1138 1111 1147 1127 ι
1163 1106 1190 1129 et
1208 1103 1234 1128 in
1252 1103 1377 1137 Epistola
1391 1104 1424 1131 ad
1439 1104 1572 1138 Ephesios
1589 1113 1595 1132 :
1616 1115 1625 1130 ι
1645 1105 1698 1132 Fur
1714 1114 1768 1133 non

979 1147 1036 1181 jam
1054 1146 1171 1180 furetur,
1198 1148 1291 1182 potius
1320 1157 1386 1176 vero
1415 1149 1530 1183 laboret,
1549 1150 1650 1177 bonum
1678 1151 1769 1178 mani-

982 1193 1033 1219 bus
1051 1200 1184 1227 operans,
1203 1198 1231 1220 ut
1247 1194 1343 1222 habeat
1361 1195 1433 1222 unde
1455 1195 1529 1230 inopi
1553 1197 1696 1224 subveniat
1706 1197 1737 1224 ¹¹.
1757 1206 1767 1222 ι

983 1238 1096 1266 Furtum
1114 1247 1164 1274 ego
1180 1248 1304 1267 vocarem
1335 1242 1415 1269 istam
1433 1243 1556 1277 qualibet
1571 1243 1678 1270 ratione
1694 1243 1771 1270 dolo-

982 1292 1040 1312 sam
1057 1285 1191 1313 bonorum
1206 1288 1451 1321 comparationem,
1471 1289 1576 1316 scilicet
1597 1293 1636 1321 ut,
1654 1297 1716 1316 eum
1731 1289 1769 1315 di-

982 1330 1051 1356 vites
1065 1337 1234 1365 pauperesve
1248 1332 1379 1366 aggressi,
1394 1332 1511 1367 inopiam
1525 1337 1645 1360 nostram
1661 1338 1687 1359 et
1703 1341 1770 1367 pau-

982 1380 1113 1410 pertatem
1131 1377 1305 1409 deploramns
1317 1397 1324 1409 ,
1343 1378 1505 1412 templorum
1534 1380 1702 1413 (arguentes)
1719 1379 1770 1405 im-

982 1429 1082 1456 pensas
1099 1426 1125 1448 et
1146 1422 1315 1449 oblationum
1329 1443 1335 1454 ,
1359 1423 1539 1457 sup:~llectilis
1563 1428 1590 1451 et
1614 1428 1769 1451 statuarum

983 1467 1203 1501 acquisitionem,
1220 1475 1363 1495 sacrorum
1378 1468 1604 1495 indumentorum
1624 1469 1768 1503 penuriam

983 1510 1214 1546 historiarumque
1236 1512 1411 1546 deletionem,
1438 1517 1468 1540 ut
1496 1513 1588 1540 omnia
1606 1513 1685 1540 facile
1699 1513 1770 1540 obli-

983 1565 1098 1585 neamus
1113 1566 1183 1592 quae.
1209 1559 1274 1585 dum
1293 1559 1319 1586 in
1338 1560 1440 1586 mundo
1456 1567 1637 1592 versaremur,
1652 1567 1704 1587 non
1723 1560 1771 1586 ha-

982 1604 1126 1636 bebamus,
1138 1609 1165 1632 et
1181 1612 1244 1632 cum
1268 1606 1450 1637 obtineamus.
1469 1605 1515 1633 alii
1530 1613 1583 1632 non
1603 1606 1729 1633 obtinent
1743 1610 1772 1633 et

984 1654 1106 1684 gemunt,
1124 1651 1224 1678 virtute
1240 1655 1332 1678 nostra
1349 1651 1382 1679 ad
1399 1659 1500 1680 vanum
1519 1651 1646 1682 redacta.
1675 1656 1705 1679 ut
1737 1659 1772 1680 ne

983 1696 1086 1729 dicam,
1106 1697 1221 1726 uitiosa
1238 1696 1320 1725 facta.

1021 1763 1100 1792 Nunc
1113 1764 1146 1791 de
1160 1765 1306 1798 hegnmeni
1323 1765 1454 1799 (abbatis)
1466 1765 1599 1794 electione
1614 1765 1769 1798 dicendum,

982 1813 1009 1836 et
1033 1809 1141 1843 qualem
1163 1816 1223 1836 esse
1244 1808 1351 1842 debeat,
1378 1809 1424 1842 qui
1445 1809 1551 1836 czBleris
1579 1809 1767 1843 prmponitut‘:

983 1853 1030 1888 qui
1047 1854 1122 1880 nullo
1138 1854 1219 1881 modo
1236 1854 1270 1880 de
1283 1854 1396 1889 proprio
1418 1857 1512 1880 nostro
1526 1853 1629 1887 judicio
1646 1853 1771 1880 indican-

983 1898 1051 1930 dus,
1080 1898 1126 1926 sed
1146 1898 1296 1925 secundum
1311 1897 1382 1932 quod
1401 1905 1436 1925 ex
1451 1897 1537 1925 sacris
1556 1897 1706 1932 Scripturis
1725 1902 1772 1924 aut

983 1950 1017 1971 cx
1043 1942 1172 1970 Patribus
1194 1942 1352 1970 didicimus.
1369 1942 1417 1969 Ille
1443 1950 1509 1969 vero
1535 1951 1583 1978 per
1602 1943 1770 1975 suasionem,

985 1996 1040 2016 non
1056 1997 1103 2024 per
1115 1989 1181 2020 vim,
1199 1988 1386 2021 adducendus,
1407 1988 1547 2023 utpraasit,
1561 1995 1611 2016 nec
1622 1987 1700 2016 facile
1714 1989 1773 2016 sine

984 2035 1146 2071 probatione
1160 2034 1353 2069 accipiendos,
1369 2035 1427 2066 sed,
1446 2038 1591 2070 postquam
1610 2035 1694 2062 Deum
1710 2042 1772 2070 pre-

984 2082 1037 2110 cati
1054 2081 1188 2109 fuerimus
1200 2102 1207 2114 ,
1225 2089 1258 2108 ex
1277 2086 1371 2109 nostra
1393 2080 1606 2116 congregatione
1620 2080 1773 2116 eligendus,

985 2127 1057 2155 sicut.
1071 2135 1086 2154 a
1097 2127 1198 2155 Christi
1216 2127 1348 2162 apostolis
1361 2126 1661 2160 Matthias,Barnabas,
1672 2126 1775 2154 Paulus

985 2179 1012 2202 et
1026 2179 1132 2210 septem
1153 2174 1274 2201 diaconi.
1288 2173 1333 2201 Ille
1351 2174 1398 2208 qui
1413 2181 1447 2201 ex
1462 2181 1491 2201 se
1504 2174 1590 2200 ambit
1614 2173 1774 2209 dignitatem

986 2219 1156 2247 recusandus
1168 2225 1220 2253 est,
1231 2226 1261 2246 ut
1270 2219 1363 2247 Simon
1373 2229 1387 2246 a
1400 2219 1497 2252 Petro;
1512 2226 1570 2251 aut,
1581 2219 1604 2247 si
1619 2218 1700 2246 fuerit
1711 2228 1725 2246 e
1736 2218 1776 2245 fa-

985 2266 1150 2299 miliaribus,
1163 2266 1351 2293 admonendus
1360 2271 1388 2292 ut
1400 2273 1415 2292 a
1428 2265 1543 2293 Domino
1555 2270 1649 2292 nostro
1666 2265 1712 2291 lilii
1726 2264 1775 2291 Ze-

986 2312 1082 2342 bed'ei.
1094 2312 1123 2339 Si
1132 2313 1204 2340 enim
1218 2320 1297 2347 reges
1307 2311 1400 2338 mundi
1412 2319 1459 2338 eos
1468 2311 1512 2346 qui
1524 2319 1556 2337 ex
1571 2318 1601 2338 se
1613 2311 1774 2345 dignitatem

987 2359 1111 2387 ambiunt
1128 2357 1207 2394 quasi
1219 2357 1381 2385 rebellantes
1396 2357 1564 2388 existimant,
1574 2360 1678 2391 quanto
1688 2355 1774 2390 magis

987 2405 1077 2432 Deus?
1091 2403 1160 2431 Dicit
1171 2403 1273 2431 Paulus
1284 2403 1310 2430 in
1323 2402 1445 2438 Epistola
1457 2402 1490 2430 ad
1502 2402 1647 2429 Hebraeos:
1658 2410 1666 2427 ι
1677 2400 1775 2428 Omnis

989 2440 1111 2487 pontifex
1132 2459 1166 2477 ex
1183 2450 1342 2477 hominibus
1367 2453 1526 2484 assumptus
1550 2455 1600 2484 pro
1617 2447 1775 2475 hominibus

988 2496 1165 2525 constituitur
1181 2496 1208 2523 in
1225 2496 1259 2523 iis
1272 2503 1332 2532 qua:
1350 2500 1415 2524 sunt
1430 2495 1462 2522 ad
1483 2495 1616 2528 Deum”;
1627 2504 1636 2519 ι
1653 2498 1679 2521 et
1694 2493 1775 2528 paulo

989 2547 1070 2576 post:
1091 2551 1100 2567 ι
1117 2540 1176 2568 Non
1201 2544 1348 2577 quisquam
1370 2540 1454 2567 sumit
1478 2539 1531 2567 sibi
1551 2540 1699 2570 honorem,
1727 2538 1774 2565 sed

988 2589 1036 2625 qui
1055 2595 1174 2620 vocatur
1190 2595 1205 2614 a
1225 2587 1291 2620 Deo,
1307 2591 1438 2621 tanquam
1452 2585 1555 2613 Aaron.
1571 2585 1619 2613 Sic
1644 2590 1671 2612 et
1695 2584 1776 2612 Chri-

963 2675 999 2707 tv,
1014 2666 1058 2694 28.
1097 2666 1119 2682 ⁸³
1138 2666 1219 2695 llehr.
1239 2677 1264 2700 ν,
1283 2667 1307 2695 Ι.

989 2737 1093 2764 αὐτῶν·
1107 2740 1137 2764 οὐ
1155 2738 1208 2773 μὴν
1224 2739 1288 2773 περὶ
1302 2738 1348 2765 τοῦ
1363 2737 1547 2772 κανονάρχου·
1562 2732 1645 2773 οὗτος.
1656 2734 1719 2773 γὰρ’,
1736 2732 1776 2766 εἷς

988 2773 1036 2805 ὢν,
1061 2773 1090 2799 ἐν
1111 2771 1227 2809 μεγίστῃ
1250 2771 1400 2808 Ἐκκλησία
1421 2771 1622 2809 οὐλδύναταιγέν
1636 2771 1776 2809 ἐκατέρεις

988 2805 1165 2847 κανοναρχεζν
1191 2805 1247 2847 τοῖς
1273 2805 1473 2847 χοροῖς,1ὲί.ιι.ὴ
1496 2806 1617 2847 μεταϐῇ⁸
1634 2805 1776 2847 {vi-siam?

987 2841 1109 2874 δυνατὸν,
1120 2841 1155 2868 οὐ
1177 2843 1255 2877 μόνον
1277 2841 1392 2878 περιττὴ
1413 2841 1614 2878 quaedam“,
1640 2841 1707 2867 ἀλλὰ
1730 2841 1777 2866 καὶ

986 2877 1100 2913 ὀχληρὸν
1115 2878 1160 2904 καὶ
1177 2878 1310 2911 ἀπρεπές.
