2051 3154
132 184 201 218 1345

656 183 704 214 DE
721 182 839 214 DlVlN.
861 183 1003 213 SCRIPT.
1029 183 1244 214 UTILITATE.

1684 185 1752 217 I'HG

131 244 298 278 κατάλληλον
320 243 413 274 αὐτοῖς
439 243 638 277 προφέρουσιν
669 241 730 268 οὔτε
755 241 936 276 ἁναργὺρους,
957 241 1019 268 οὒτε
1049 241 1193 276 βασίλειον,
1209 241 1271 268 οὕτε
1283 242 1346 268 τινὰ
1359 242 1413 269 τῶν
1427 242 1511 276 ἁγίων
1535 243 1613 270 ἄλλον
1634 245 1672 276 εἰς
1690 245 1753 271 νοῦν

129 289 323 324 λαμὸάνοντες,
340 289 396 319 τοῖς
409 287 567 315 ἀσθενοῦσιν
583 287 791 323 ἐπικουροῦντα.

166 338 271 372 Ὥσπερ
293 336 321 362 δὲ
345 336 391 361 ἐπὶ
409 335 465 361 τῶν
485 335 649 370 σωματικῶν
662 334 767 366 τούτοις
780 335 809 361 οὺ
829 335 912 370 μέλει,

1005 334 1040 361 lit
1064 334 1165 360 nullam
1190 334 1312 368 corporis
1335 342 1428 360 curam
1446 334 1566 366 habent,
1585 335 1625 362 sic
1651 339 1752 361 nullam

128 382 200 408 οὕτω
218 382 252 414 δὴ
269 381 316 407 καὶ
336 381 382 406 ἐπὶ
400 381 454 406 τῶν
474 379 608 415 ψυχικῶν.
628 380 829 414 ’Λδοκιμάστως
848 381 917 407 ἀπο-

129 427 252 461 κείρουσι
268 427 330 456 τοὺς
348 426 584 461 προσερχομένους
595 435 601 441 ·
618 425 677 453 εἶτα
693 426 860 461 ὲξορίζουσιν
878 427 918 458 εἰς

130 471 232 506 μυρίας
259 471 384 502 ἀνοδίας*
414 472 443 496 ὲν
466 471 614 506 βουκολίοις
644 472 690 498 καὶ
713 472 844 503 αἰπολίοις
871 473 917 498 καὶ

129 515 264 550 ποιμνίοις
281 515 326 541 καὶ
343 514 456 549 μύλωσι,
473 516 520 541 καὶ
539 517 595 547 τοῖς
611 517 722 550 ὁμοίοις,
753 517 825 552 ειπερ
841 517 917 543 αὐτοὶ

128 562 176 588 καὶ
193 561 218 587 οἰ
236 560 342 592 τούτοις
358 561 568 596 συμφράδμονες
585 561 698 596 ἐφεῦρον
712 562 752 592 εἰς
764 570 916 597 καταστρο-

128 607 181 642 φὴν
194 606 248 633 τῶν
261 606 354 641 ψυχῶν
368 606 468 634 αὐτῶν.
490 607 544 633 Καὶ
562 607 742 642 πεπλήρωται
767 607 809 633 ἐπ’
825 608 917 639 αὐτοῖς

127 654 158 678 τὸ
171 652 217 678 τοῦ
234 651 337 687 Κυρίου
351 652 419 689 πρὸς
432 653 494 684 τοὺς
507 652 684 688 Γραμματεῖς
696 653 741 679 καὶ
754 653 916 688 Φαρισαίους

127 698 274 733 εἰρημένον
286 706 294 713 ·
313 707 322 724 ι
338 698 398 724 ’Ὁτι
414 699 576 733 περιάγουσι
594 698 641 733 τὴν
657 698 793 725 θάλασσαν
807 700 853 725 καὶ
867 699 915 734 τὴν

127 743 224 778 ξηρὰν,
241 744 354 778 ποιῆσαι
374 743 422 769 ἕνα
440 743 621 779 προσήλυτον,
638 744 684 770 καὶ
706 744 770 770 ὅταν
791 744 916 778 γένηται,

127 789 252 815 ποιοῦσιν
279 789 361 816 αὑτὸν
383 789 440 815 υίδν
459 789 582 824 γεέννης,
606 789 763 824 διπλότερον
787 789 886 816 αὐτῶν.
903 798 912 814 ι

133 835 203 862 Ἀλλ’
219 834 290 861 οὓτω
315 834 365 869 μὲν
380 835 479 861 ταῦτα.
496 835 528 861 Τί
552 835 580 861 δὲ
606 836 646 861 ἔτι
664 836 788 862 λείπεται
809 836 914 867 εἰπεῖν;

128 878 257 912 Εῐπωμεν
270 878 362 913 ἀκμὴν
377 879 442 913 περὶ
456 879 674 913 ἐξομολογήσεως
694 881 741 906 καὶ
757 880 913 914 μετανοίας·

127 923 210 950 πόθεν
224 923 252 949 δὲ
272 924 318 949 καὶ
336 923 423 950 ταῦτα
442 924 541 959 ἔχομεν
565 925 774 957 πιστώσασθαι;
798 925 845 951 Ἐκ
865 925 915 960 τῆς

126 969 206 1003 ἁγίας
226 969 336 1004 Γραφῆς
351 969 461 1001 πάντως
472 978 479 985 ·
494 971 540 996 καὶ
554 971 594 1002 είς
612 971 696 1005 μέσον
709 971 857 1006 ἀγάγωμεν
869 971 914 997 τὸν

969 379 1076 405 animm.
1094 379 1263 406 Accetlcntt's
1277 378 1311 405 ad
1327 386 1356 405 se
1371 379 1428 406 sine
1448 380 1607 413 probatione
1629 381 1752 411 tondent,

969 432 1070 459 perque
1101 425 1173 451 mille
1208 425 1265 451 loca
1301 424 1372 451 invia
1404 429 1539 458 amovcnt,
1566 425 1691 460 (scilicet)
1718 427 1752 452 ad

968 471 1061 501 boum,
1077 478 1232 505 caprarum,
1246 470 1391 504 oviumque
1405 478 1516 504 pascua,
1534 471 1567 498 ad
1584 472 1749 504 mulentllna,

968 516 1075 550 aliaque
1090 516 1188 542 similia
1203 516 1236 542 ab
1249 516 1314 549 ipsis
1328 519 1355 542 et
1369 516 1490 550 ipsorum
1514 517 1632 544 consciis
1648 517 1675 544 in
1689 525 1749 551 per-

966 561 1097 588 ditionem
1115 561 1269 588 animarum
1287 562 1407 588 inventa.
1431 561 1464 588 Et
1487 562 1649 597 adimpletur
1666 564 1692 590 in
1711 564 1751 590 eis

967 606 1078 633 verbum
1105 606 1210 632 Domini
1227 607 1260 632 ad
1276 606 1387 633 Sci-ibas
1417 611 1443 633 et
1462 607 1632 634 Pharisaeos:
1651 617 1660 632 ι
1680 607 1751 635 Marc

967 656 993 678 et
1011 657 1098 679 terras
1112 651 1272 686 pereurritis
1288 651 1321 678 ad
1340 659 1424 677 unum
1441 652 1604 686 proselytam
1626 660 1751 686 quaeren-

966 698 1041 728 dum,
1065 705 1158 732 quem,
1181 704 1242 723 cum
1262 696 1422 728 invenistis,
1441 696 1546 724 eﬂicitis
1562 697 1692 731 gehennae
1718 698 1750 724 li-

965 744 1042 774 lium,
1069 743 1152 776 dnplo
1176 749 1257 776 quam
1286 743 1373 769 vos".
1394 752 1403 767 ι
1421 743 1473 769 Sed
1493 743 1527 769 ita
1562 751 1605 770 res
1637 751 1667 771 se
1700 744 1750 770 ha-

965 789 1038 816 bent.
1053 788 1122 820 Quid
1139 789 1213 815 dictu
1230 796 1303 815 nunc
1317 788 1472 822 reliquum?
1486 788 1624 815 Continuo
1640 789 1672 816 de
1686 797 1751 817 con-

966 834 1083 861 fessione
1094 838 1121 861 et
1131 833 1289 868 paenitentia
1302 833 1455 868 loquamur.
1467 833 1543 860 Unde
1559 834 1638 861 nobis
1648 835 1681 861 de
1692 835 1752 862 istis

965 879 1032 906 ﬁdes
1044 879 1135 906 venit?
1147 878 1185 905 Ex
1201 886 1278 906 sacra
1293 878 1434 912 Scriptura
1450 878 1572 905 omnino.
1586 877 1612 904 ln
1630 878 1749 905 medium

965 925 1127 952 inducamus
1144 924 1288 958 antiquum
1305 923 1433 955 Lamcch,
1450 931 1511 950 cum
1537 924 1563 949 in
1592 923 1639 950 tali
1665 931 1750 951 causa

965 977 1053 1004 usque
1074 969 1108 996 ad
1132 977 1195 996 eum
1221 968 1378 1003 genealogia
1405 967 1577 1002 (repetatur),
1607 968 1749 1002 quomodo

126 1013 211 1040 πάλαι
223 1013 326 1048 Λάμεχε
342 1014 403 1040 ἐπεὶ
415 1014 463 1041 καὶ
477 1013 521 1041 διὰ
534 1004 618 1041 τοῦτο
629 1015 723 1050 μέχρις
739 1004 820 1042 αὐτου
834 1017 850 1051 ἠ
866 1024 912 1050 γε-

968 1013 1046 1040 Caini
1069 1014 1191 1048 exemplo
1208 1014 1241 1040 ad
1261 1013 1423 1046 sapientiam
1439 1017 1590 1043 revocatus.
1606 1011 1750 1046 factusque

125 1059 264 1093 νεαλογίασ
279 1059 352 1090 ὅπως
373 1059 417 1085 διὰ
438 1059 484 1086 τοῦ
505 1059 574 1086 Κάῖν
595 1057 673 1092 οὗτος
698 1061 891 1096 σωφρονισθείς
904 1071 912 1078 ·

127 1103 276 1139 μετανοῶν,
290 1103 387 1130 ἑαυτοῦ
402 1104 513 1139 τραῦμα
527 1105 633 1140 ἡγεῖται
646 1106 692 1132 τὸν
709 1106 801 1139 φόνον.
817 1107 914 1133 Πολλα-

125 1149 270 1181 πλασιάζιι
287 1150 342 1184 γὰρ
359 1149 448 1184 ἑαυτῷ
460 1149 509 1185 τὴν
521 1150 656 1184 τιμωρίαν
668 1151 714 1176 τοῦ
730 1152 912 1187 προπάτορος·

125 1192 172 1219 καί
185 1200 283 1228 φησιν·
301 1201 311 1218 t
330 1193 391 1219 Ὅτι
408 1194 522 1224 ἑπτάκις
538 1194 710 1228 ὲκδεδίκηται
725 1196 757 1220 ὲκ
778 1195 862 1221 Κάῑν·
881 1196 914 1220 ὲκ

124 1238 153 1265 δὲ
168 1239 265 1274 Λάμεχ
297 1238 526 1274 ἑϐδομηκοντάκις
543 1240 622 1266 ἑπτά.
642 1249 652 1265 ι
675 1241 754 1266 Ἤτοι
773 1241 848 1276 παρὰ
864 1241 913 1276 μὲν

124 1283 171 1311 τοῦ
186 1284 257 1312 Κάῖν
277 1283 314 1315 ὡς
334 1284 441 1319 μεγάλα
457 1285 677 1320 ἁμαρτήσαντος,
699 1286 813 1317 ἑπτάκις
829 1286 913 1318 ἐξεδι-

124 1329 196 1365 κήθη
219 1331 233 1356 ό
249 1329 328 1363 φόνος
340 1338 347 1344 ·
371 1330 402 1362 ἐξ
420 1330 486 1365 ἐμοῦ
508 1331 537 1357 δὲ
558 1331 596 1362 ὡς
612 1332 753 1358 καταπολὺ
770 1332 911 1367 μειζόνως,

123 1375 353 1410 ἐύδομηκοντάκις
381 1376 450 1403 ἑπτὰ
478 1377 687 1412 ὲκδικηθήσετοιι
704 1387 710 1393 ·
742 1378 782 1405 ἔτι
809 1378 839 1405 δὲ
867 1379 913 1404 τὸν

124 1420 207 1447 Δαυϊδ
221 1421 399 1456 ἐλεγχόμενον
415 1422 467 1448 ὑπὸ
486 1422 532 1449 τοῦ
544 1422 638 1449 Νάθαν
648 1431 655 1438 ·
668 1424 713 1450 τὸν
733 1424 845 1458 ’Λχαὰ6,
860 1424 912 1450 ὑπὸ

130 1465 221 1502 Ἦλίου
231 1474 238 1481 ·
254 1466 300 1492 τδν
314 1467 430 1502 Μανασῆ
442 1467 494 1493 ὑπὸ
506 1467 552 1494 τοῦ
564 1467 663 1495 οἰκείου
678 1470 836 1501 συνειδότος·
850 1471 913 1502 τοὺς

124 1510 271 1542 Νινευίτας
283 1519 290 1526 ·
304 1511 349 1537 τὺν
363 1512 474 1547 Πέτρον.
491 1513 596 1544 Οἰτινες
608 1513 761 1550 ἡλεήθησαν
772 1515 815 1541 διὰ
830 1524 912 1550 μετα-

124 1555 199 1587 νοίας
209 1563 215 1570 ·
232 1555 328 1589 ὥσπερ
343 1557 507 1589 τούναντίον,
522 1559 547 1585 οἱ
563 1558 601 1593 μὴ
614 1561 838 1596 μετανοήσαντες.
852 1561 912 1588 Ὅτι

122 1600 152 1627 δὲ
175 1602 209 1636 τῇ
232 1602 360 1637 μετανοίᾳ
380 1603 426 1629 καὶ
442 1603 634 1639 ἐξομολογήσει
651 1605 698 1631 καὶ
714 1606 776 1637 τοὺς
790 1607 913 1641 καρποὺς

122 1646 213 1673 αὐτῶν
229 1646 344 1674 ἔπεσθαι
360 1648 409 1679 δεῖ,
427 1649 561 1684 μάθοιμεν
574 1650 606 1676 ἂν
633 1650 680 1677 καὶ
700 1651 754 1677 ἀπὸ
769 1652 824 1677 τῶν
836 1652 912 1686 εἰρηο
926 1663 947 1691 c

124 1691 228 1725 μένων·
245 1692 345 1726 μᾶλλον
361 1693 388 1719 δὲ
403 1694 434 1720 ἐκ
453 1694 499 1720 τοῦ
516 1694 565 1720 νῦν
581 1694 769 1730 ῥηθησομένου
792 1696 910 1730 εὐαγγε-

121 1737 198 1763 λικοῦ
221 1738 302 1772 ῥητοῦ
329 1739 392 1773 περὶ
407 1739 452 1765 τοῦ
469 1740 592 1766 Ἰωάννου
605 1748 612 1755 ·
634 1750 642 1766 t
661 1741 739 1773 Τότε,
760 1741 853 1776 φησὶν,
868 1741 910 1773 ἑξ-

121 1782 268 1817 επορεύετο
285 1783 353 1817 πρὸς
373 1784 454 1810 αὐτὸν
482 1785 557 1812 πᾶσα
578 1785 750 1821 Ἰεροσόλυμα
775 1787 822 1812 καὶ
837 1788 911 1814 πᾶσα

129 1827 256 1858 Ἰουδαία,
277 1829 324 1855 καὶ
338 1830 412 1855 πᾶσα
427 1830 443 1863 ἡ
462 1830 615 1865 περίχωρος
631 1831 679 1858 τοῦ
697 1832 845 1866 Ἰορδάνου·
865 1833 912 1859 καὶ

123 1872 302 1904 ὲὸαπτίζοντο
323 1874 352 1900 ἐν
364 1874 402 1909 τῷ
423 1875 541 1911 Ἰορδάνῃ
558 1876 604 1901 ὑπ’
615 1876 696 1902 αὐτοῦ
709 1885 716 1892 ·
732 1877 910 1911 ἐξομολογού-

123 1925 201 1950 μενοι
225 1916 275 1948 τὰς
302 1918 439 1952 ἁμαρτίας
465 1919 566 1945 αὐτῶν.
588 1919 660 1947 Ἰδὼν
677 1921 705 1947 δὲ
722 1921 836 1953 πολλοὺς
857 1922 911 1948 τῶν

119 1962 278 1998 Φαρισαίων
300 1965 348 1990 καὶ
368 1964 553 1992 Σαδδουκαίων
566 1966 730 2001 ἐρχομένους
748 1967 793 1993 ἐπὶ
814 1967 844 1993 τὺ
860 1967 909 2002 βά-

122 2016 229 2042 πτισμα
253 2008 347 2041 αὐτοῦ,
375 2007 452 2036 εἶπεν
475 2011 584 2043 αὐτοῖς’
605 2012 765 2047 Γεννήματα
788 2014 909 2048 ἐχιδνῶν·

121 2053 164 2083 τίς
179 2053 319 2086 ὑπέδειξεν
332 2055 396 2089 ὑμῖν
408 2058 503 2090 φυγεῖν
519 2057 573 2082 ἀπὸ
583 2057 631 2092 τῆς
644 2058 793 2093 μελλούσης
809 2059 909 2094 ὀργῆςς

121 2099 254 2132 ποιήσατε
268 2097 314 2126 οὖν
330 2101 454 2136 καρποὺς
467 2102 560 2135 ἀξίους
571 2103 620 2137 τῆς
637 2104 780 2138 μετανοίας
790 2112 798 2120 ³
809 2105 855 2131 καὶ
874 2105 910 2141 μὴ

121 2141 218 2176 δόξητε
248 2142 338 2176 λέγειν
370 2146 398 2171 ἂν
430 2146 556 2179 ἑαυτοῖς,
592 2148 702 2183 Πατέρα
732 2149 830 2184 ἔχομεν
865 2150 911 2176 τὸν

129 2185 265 2222 Ἀὃραάμ.
286 2197 295 2214 ι
311 2189 404 2216 Ταῦτα
416 2190 448 2217 ἐκ
462 2191 567 2218 πολλῶν
592 2193 672 2227 χάριν
689 2194 910 2230 παραδείγματος

122 2232 294 2268 προύθέμην,
324 2235 362 2266 ὡς
377 2236 515 2271 καταρχὰς
527 2238 661 2272 είρήκειν,
683 2239 726 2266 ἵνα
740 2239 826 2273 γνῶτε
841 2241 879 2272 ὡς
892 2242 908 2276 ή

122 2277 183 2304 θεία
216 2279 311 2314 Γραφὴ
347 2281 420 2307 ἐστιν
451 2283 468 2317 ἡ
500 2283 655 2316 φωτίζουσα
675 2285 760 2320 ἡμᾶς.
785 2285 838 2312 Καὶ
866 2286 910 2313 διὰ

962 1060 1217 1095 ptenitens,vnlnus
1230 1067 1244 1086 a
1262 1067 1291 1087 se
1308 1059 1438 1085 inflictum
1457 1059 1634 1085 homicidium
1652 1059 1748 1086 existi-

963 1113 1054 1138 mans,
1069 1106 1187 1133 debitam
1205 1105 1256 1132 sibi
1274 1112 1382 1139 pmnam
1397 1105 1558 1138 multiplicat
1576 1104 1683 1138 proavi,
1705 1103 1749 1131 di-

963 1159 1028 1179 cens
1043 1161 1049 1178 :
1069 1161 1078 1176 ε
1100 1151 1167 1184 Quia
1183 1158 1263 1185 poma
1286 1158 1300 1177 ο
1315 1151 1399 1178 Caino
1416 1150 1516 1184 septies
1545 1155 1651 1183 exacta,
1667 1157 1682 1177 e
1695 1149 1747 1176 La-

964 1196 1040 1222 mech
1068 1195 1252 1230 scptuagesies
1282 1196 1382 1230 septies
1413 1195 1586 1230 exigetur";
1604 1204 1612 1220 ι
1645 1195 1748 1222 Cainus

963 1240 1083 1275 quidem,
1102 1240 1147 1275 qui
1163 1247 1328 1274 magnopere
1342 1240 1473 1274 peccarit,
1490 1239 1626 1266 homicida
1648 1241 1748 1273 septies

963 1285 1076 1320 punitus
1092 1285 1157 1316 fuit;
1173 1293 1223 1320 ego
1239 1290 1339 1317 autem,
1357 1285 1402 1319 qui
1418 1285 1505 1311 multo
1522 1285 1621 1320 magis,
1640 1289 1748 1319 septua-

964 1331 1051 1363 gesics
1064 1331 1174 1365 septies.
1190 1330 1374 1365 (lndncamns)
1394 1335 1419 1357 et
1438 1330 1567 1357 Davidem
1589 1338 1603 1357 a
1624 1329 1748 1356 Nathaue

963 1376 1170 1410 reprehensum,
1186 1376 1280 1402 Achab
1293 1377 1329 1402 ab
1347 1375 1415 1406 Elia,
1433 1375 1575 1403 Manassen
1599 1383 1613 1402 a
1639 1375 1747 1410 propria

963 1422 1141 1453 conscientia,
1158 1420 1302 1451 Ninivitas,
1318 1421 1427 1447 Petrum
1439 1442 1447 1453 ,
1463 1421 1507 1455 qui
1523 1421 1681 1455 poenitentia
1696 1423 1748 1449 mi-

963 1467 1153 1497 sericordiam.
1171 1466 1404 1501 impaenitentibus
1429 1471 1552 1501 negatam
1571 1471 1635 1494 sunt
1649 1474 1747 1495 conse-

963 1512 1030 1539 cuti.
1041 1511 1210 1539 Pmuitcntia:
1223 1519 1287 1538 vero
1301 1516 1328 1538 et
1338 1512 1503 1539 confessioni
1520 1520 1585 1540 suos
1600 1513 1748 1540 succedere

964 1556 1069 1583 fructus
1101 1557 1240 1583 discnmus
1256 1564 1288 1583 ex
1305 1557 1385 1583 modo
1416 1557 1510 1588 dictis.
1526 1557 1572 1585 sed
1591 1558 1699 1592 planius
1713 1565 1747 1585 ex

964 1609 1038 1629 nunc
1060 1602 1169 1629 citando
1186 1602 1343 1636 evangelico
1357 1602 1389 1629 de
1403 1601 1508 1629 Joanne
1522 1603 1604 1630 verbo
1618 1612 1625 1630 :
1641 1613 1651 1629 ί
1665 1602 1747 1634 Tum.

964 1648 1074 1677 dicitur,
1093 1652 1229 1674 venerunt
1242 1648 1275 1674 ad
1294 1655 1356 1674 cum
1373 1647 1465 1674 omnis
1479 1647 1641 1680 Jerusalem,
1658 1649 1748 1675 omnis

962 1692 1065 1723 .ludma.
1079 1700 1229 1727 omnesque
1246 1693 1318 1720 circa
1332 1692 1478 1720 Jortlanem
1497 1693 1662 1725 habitantes,
1674 1699 1698 1721 et
1715 1695 1749 1721 ab

961 1745 994 1765 eo
1013 1738 1038 1764 in
1056 1737 1176 1764 Jordanc
1200 1738 1431 1771 baptizabantur.
1457 1739 1615 1766 conﬁtentes
1639 1744 1748 1772 peccata

962 1791 1021 1811 sua.
1041 1783 1141 1810 Videus
1163 1787 1254 1810 autem
1272 1783 1372 1810 multos
1388 1783 1542 1810 Phariszcos
1553 1783 1748 1811 etSaddut-aros

962 1828 1008 1862 qui
1024 1828 1057 1855 ad
1074 1828 1239 1862 baptismum
1255 1832 1396 1860 venerant,
1411 1827 1480 1854 dixit
1497 1829 1551 1855 illis
1565 1838 1571 1855 :
1585 1827 1746 1863 Viperarum

963 1874 1081 1905 soboles,
1094 1873 1155 1907 quis
1171 1880 1219 1899 vos
1234 1871 1329 1899 docuit
1339 1880 1354 1898 a
1371 1872 1462 1899 futura
1477 1873 1516 1899 ira
1531 1872 1625 1908 fugere
1635 1874 1646 1900 ?
1656 1873 1747 1901 Facite

961 1927 1025 1953 ergo
1039 1919 1136 1953 dignos
1152 1917 1259 1944 fructus
1278 1917 1456 1950 poenitentiae,
1479 1924 1567 1952 neque
1582 1919 1747 1952 sttp’rrbiatis

961 1965 1084 1992 dicentes
1106 1972 1112 1989 :
1136 1962 1242 1989 Patrem
1259 1962 1391 1990 habemus
1406 1963 1544 1990 Abraham
1555 1963 1588 1990 ".
1608 1973 1618 1988 ι
1634 1963 1686 1990 Ista
1713 1972 1746 1991 ex

961 2010 1055 2037 multis
1071 2008 1185 2043 exempli
1201 2015 1283 2035 causa
1299 2007 1398 2042 protuli
1412 2028 1420 2039 ,
1436 2008 1508 2035 sicut
1523 2016 1537 2034 a
1552 2007 1688 2043 principio
1704 2009 1746 2036 di-

962 2063 1066 2085 xeram.
1083 2059 1114 2082 ut
1129 2054 1223 2082 sciatis
1238 2061 1343 2081 sacram
1360 2053 1529 2088 Scripturam
1545 2061 1607 2082 csse
1622 2054 1702 2082 nobis
1718 2055 1745 2081 in

961 2101 1060 2133 lucem,
1089 2101 1204 2135 ideoque
1229 2099 1393 2134 diligendos,
1412 2099 1624 2134 amplectcndos,
1651 2102 1747 2136 acqui-

961 2146 1061 2173 rendos
1075 2153 1170 2173 sacros
1189 2146 1284 2177 libros,
1298 2153 1450 2180 eorumque
1464 2147 1547 2173 verba
1563 2151 1688 2174 accurate
1706 2147 1745 2174 le-

961 2192 1047 2226 genda
1061 2195 1143 2226 atque
1161 2191 1188 2218 in
1203 2195 1292 2218 mcntc
1308 2191 1475 2225 reponenda,
1493 2196 1522 2218 ut
1537 2199 1580 2224 ca,
1597 2200 1658 2220 cum
1677 2200 1746 2228 opus

960 2238 1052 2270 fuerit,
1077 2239 1103 2264 in
1128 2237 1231 2264 auxilio
1259 2237 1418 2264 habt-amns.
1434 2237 1461 2264 Si
1478 2238 1549 2264 enim
1566 2238 1643 2266 libris
1660 2239 1746 2266 sat-ris

962 2285 1089 2314 Christus
1102 2289 1130 2311 et
1163 2284 1290 2318 discipuli
1318 2288 1444 2316 utttntur,
1464 2284 1550 2310 multo
1568 2285 1653 2319 magis
1667 2286 1746 2311 nobis

121 2322 202 2350 τοῦτο
227 2324 338 2361 ἀγαπᾷν
361 2326 402 2353 δεῖ
425 2327 475 2359 τὰς
500 2328 576 2363 ἱερὰς
602 2329 729 2364 βίϐλους·
747 2332 796 2357 καὶ
821 2331 910 2359 ἀσπά-

963 2331 1080 2359 inﬁrmis
1092 2334 1133 2357 est
1146 2329 1289 2356 utendum.

121 2368 230 2404 (εσθαι,
251 2373 297 2399 καὶ
309 2374 435 2406 κτᾶσθαι,
450 2375 498 2401 καὶ
518 2377 636 2411 συνεχῶς
667 2378 861 2410 ἀναπτύσσειν.
895 2380 942 2406 καὶ
961 2380 995 2405 τὰ
1025 2379 1054 2404 ὲν
1075 2378 1170 2407 αὑταῖς
1200 2376 1322 2412 ἀκριὸῶς
1349 2376 1512 2414 διέρχεσθαι.
1533 2379 1580 2403 καὶ
1602 2378 1631 2404 ὲν
1653 2377 1691 2412 τῷ
1709 2378 1746 2412 νῷ

121 2417 320 2445 ἀποτίθεσθαι·
333 2419 365 2445 ἵν’
380 2420 444 2446 ὅταν
456 2420 502 2457 δέῃ
518 2421 624 2456 ἔχωμεν
636 2423 706 2450 αὐτὰ
734 2425 774 2456 εἰς
805 2425 939 2460 βοήθειαν.
961 2425 993 2452 Εἰ
1010 2423 1064 2459 γὰρ
1086 2424 1100 2450 ὁ
1116 2422 1241 2458 ,Χριστὸς
1267 2421 1314 2448 καὶ
1335 2423 1359 2448 οἶ
1376 2422 1470 2448 τούτου
1493 2423 1612 2459 μαθηταὶ
1633 2425 1746 2451 ταύταις

121 2465 256 2500 χρῶνται,
271 2466 359 2501 πολλῷ
376 2467 476 2501 μᾶλλον
493 2469 567 2503 ἡμᾶς
578 2469 639 2501 τοὺς
655 2470 777 2503 ἀσθενεῖς
792 2473 909 2507 χρᾶσθαι
928 2472 978 2499 δεῖ.

163 2513 247 2540 Ἀλλά
273 2522 373 2549 φησιν·
398 2515 614 2549 Ἀναγινώσκων,
644 2517 674 2543 οὺ
705 2519 815 2554 συνίημι
840 2519 912 2555 ἆπερ

121 2557 312 2592 ἀναγινώσκω.
336 2560 426 2595 Μήτις
447 2561 542 2596 Αἰθίοψ
559 2560 594 2594 εἴ,
608 2563 668 2589 εἰπέ
691 2571 752 2598 μοι·
774 2565 790 2599 ἢ
808 2565 909 2600 ’Ἄραψ

120 2604 163 2630 ὅτι
178 2604 209 2630 οὐ
228 2605 375 2638 γινώσκεις
390 2606 440 2642 τὴν
456 2607 510 2634 τῶν
530 2607 655 2642 Γραικῶν
674 2609 832 2643 διάλεκτον;
849 2611 910 2637 τίνα

121 2650 178 2684 γὰρ
203 2649 348 2677 δυσκολίαν
360 2651 431 2685 ἔχει·
447 2661 456 2677 ί
468 2652 563 2685 Βίϐλος
576 2654 709 2687 γενέσεως
731 2656 817 2690 Ἰησοῦ
842 2657 910 2692 Χρι-

122 2693 273 2724 στοῦ,υἰοῦ
291 2696 381 2729 ΔαυῈδ,
398 2697 456 2724 υἱοῦ
476 2698 619 2734 ’Δΰραάμ;
639 2709 648 2725 ι
661 2700 744 2727 Οὐδὲν
765 2702 794 2727 ὲν
817 2702 907 2733 αὐτοῖς

121 2739 231 2766 σκολιὸν
243 2741 302 2767 οὐδὲ
317 2743 535 2777 στραγγαλιῶδες
550 2745 621 2771 κατὰ
633 2745 678 2772 τὸν
690 2747 906 2782 Παροιμιαστήν·

121 2785 211 2812 πάντα
233 2786 316 2813 εὐθέα
337 2789 395 2814 ἐστὶ
410 2790 468 2820 τοῖς
481 2790 581 2821 νοοῦσι,
601 2792 648 2817 καὶ
663 2791 732 2826 ὀρθὰ
754 2794 808 2823 τοῖς
835 2794 909 2828 εὑρίη

119 2837 219 2857 σκουσι
235 2832 335 2865 γνῶσιν
347 2841 353 2848 ³
370 2833 400 2859 οὐ
419 2834 473 2870 γὰρ
496 2835 702 2871 εὑληπτοτέρως
724 2838 812 2863 εἰπεῖν
831 2837 909 2863 τοῦτο

169 2887 192 2903 ⁸⁵
210 2887 306 2915 Matth.
323 2897 401 2922 unt,
419 2891 461 2917 15.
500 2891 522 2906 ὀ
542 2890 609 2918 Gen.
626 2900 662 2924 tv,
678 2892 722 2919 '24.

770 2893 791 2909 ¹¹
803 2893 947 2928 Mattlmn,
963 2897 989 2924 9.

1001 2519 1053 2546 Sed
1072 2518 1162 2553 (forte)
1178 2518 1276 2553 aliquis
1287 2518 1385 2546 dixerit
1401 2527 1407 2544 :
1424 2519 1605 2554 Legens,qnaz
1619 2520 1678 2555 lego
1692 2527 1746 2547 non

963 2565 1094 2600 intelligo.
1118 2563 1250 2592 Utrumne
1279 2564 1406 2600 ΛΕιίιίορς
1431 2573 1475 2597 es,
1505 2573 1538 2592 an
1563 2566 1665 2599 Arabs,
1698 2566 1745 2601 qui

963 2610 1122 2637 Grzecowm
1150 2610 1296 2637 dialectnm
1321 2611 1447 2644 ignores?
1459 2610 1609 2644 Quamnam
1626 2613 1745 2646 praebent

962 2655 1144 2683 difﬁcultatem
1176 2656 1305 2691 (verba):
1337 2666 1346 2682 ‹
1365 2656 1445 2684 Liber
1470 2658 1651 2692 generationis
1679 2656 1746 2685 Jesu

961 2703 1075 2735 Chrisli,
1092 2702 1138 2729 ﬁlii
1173 2703 1266 2734 David,
1287 2702 1335 2729 ﬁlii
1350 2703 1486 2730 Abraham
1497 2704 1536 2730 ἠ
1552 2713 1561 2729 ι
1577 2703 1650 2730 Nihil
1675 2704 1746 2739 apud

962 2753 1099 2776 auctorem
1125 2748 1335 2777 Proverbiorum
1363 2754 1463 2776 tortum
1488 2755 1535 2777 aut
1559 2751 1746 2785 implicatum;

962 2795 1052 2820 omnia
1076 2795 1291 2830 intelligentibus
1315 2796 1405 2830 plana,
1423 2800 1552 2831 rectaque
1569 2804 1680 2824 sensum
1706 2797 1746 2823 in-

964 2840 1152 2873 venientibus;
1171 2848 1251 2868 ncmo
1267 2841 1385 2870 lucidius
1412 2848 1502 2877 posset
1518 2843 1617 2870 dicere.
1639 2843 1746 2871 Etenim

1059 2897 1081 2912 "
1101 2897 1195 2926 Matth.
1211 2905 1234 2928 ι.
1249 2898 1276 2926 1.
