2051 3154
146 164 216 199 1349

670 165 717 197 DE
739 162 857 197 DlV‘lN.
877 163 1020 197 SCRIPT.
1042 163 1257 198 UTILITATE.

1705 166 1774 199 13.30

143 224 254 256 λαὸἐνζι
277 223 413 258 λέγουσιν.
440 223 557 259 Ὁμοίως
572 224 620 250 καὶ
636 225 664 251 ὲν
685 225 801 258 ἑτέροις.
821 224 899 251 Ἔστι
912 224 933 250 δ’

990 223 1123 257 murum).
1139 224 1237 259 κρέκον
1254 224 1392 259 (crocum),
1404 223 1575 258 βούγλωςαον
1590 222 1773 258 (buglossam),

143 268 191 297 οὖν
211 270 286 304 ὁμῶς
309 270 327 296 ἃ.
350 268 405 295 τῶν
419 269 559 304 ὀνομάτων
576 270 623 295 καὶ
646 269 874 305 Ἑλληνικώτερον
887 271 933 295 ὲκ-

145 316 275 351 φέρουσιν
289 315 359 350 ὑπὲρ
370 316 432 346 τοὺς
444 316 473 342 ὲν
484 317 546 347 ταῖς
559 315 653 346 ἄλλαις
666 316 784 351 χώραις·
797 313 861 346 οἷον.
879 315 935 350 ἔρι-

145 370 205 396 φον,
231 360 296 395 αἶγα
307 382 314 392 ,
337 361 441 388 κολοιὸν
452 382 459 393 ,
491 361 656 398 κορυδαλὺν,
674 361 821 396 στρύχνον,
847 361 935 396 βρυω-

145 409 216 435 νὶαν.
238 407 354 442 Ὁμοίως
367 407 413 433 καί
427 415 488 433 τινα
504 407 614 442 ῥήματα
634 406 706 441 ἅπερ
723 406 774 433 οὐκ
790 402 892 433 οἴδασιν
906 407 934 433 ἐν

145 454 253 489 ἑτέραις
266 453 380 487 χώραις.
399 453 469 480 Ἀλλ’
486 453 554 480 ἄλλα
573 452 635 479 τινὰ
656 453 695 483 είς
710 452 788 479 ἄλλον
810 452 873 478 νοῦν
890 451 935 478 πί-

147 507 248 525 πτοντα
257 507 265 514 ·
281 496 335 524 οἷον
346 498 502 534 ἀδημονεῖν,
518 498 709 533 εἰρωνεύεσθαι
719 506 726 514 ·
741 498 788 525 καὶ
801 499 824 524 οἱ
837 499 865 524 ἐν
876 500 935 530 ταῖς

146 543 295 578 ἡμετέραις
312 543 426 578 χώραις,
445 543 495 569 οὐκ
513 543 601 569 οἴδασι
620 543 752 578 διαφορὰν
776 543 866 577 πηγῆς
888 543 935 570 καὶ

145 589 261 624 κρουνοῦ
273 597 279 604 '
290 589 348 615 ἀλλ’
361 581 468 616 ἅπαντα
486 589 582 624 βρύσιν
601 589 728 616 καλοῦσιν
742 597 748 604 ·
764 589 788 615 οἱ
803 589 830 615 δὲ
846 590 874 615 ὲν
886 589 936 615 Κε-

146 635 277 671 φαληνίας
293 635 349 662 ἐσθ’
361 636 430 661 ὅπου
451 636 498 662 καὶ
514 637 616 670 πηγήν.
631 636 686 662 Καὶ
701 637 725 661 οί
740 637 768 662 ἐν
782 635 934 667 Σωζοπόλει

145 681 179 714 τῇ
195 681 264 706 κατὰ
282 678 393 710 Πόντον,
409 673 526 715 κρουνόν
543 688 593 706 που
606 681 613 695 ί
630 680 676 706 καὶ
693 679 717 706 οἱ
733 681 761 706 ἐν
781 676 934 713 δΔδριανου-

147 725 224 752 πόλει
241 726 317 761 ίκρία
326 725 436 759 λέγουσί
450 734 511 752 τινα
528 726 653 761 ἐπιμήκη
672 718 748 758 ξύλα.
763 719 891 760 Στάὃαρα
906 725 934 751 δὲ

231 770 278 796 τοῦ
296 770 429 806 σταυροὺς
449 771 477 796 ὲν
488 770 656 805 Μακεδονία,
678 770 712 796 τὰ
729 771 758 796 ἐν
772 771 828 801 τοῖς
845 777 934 804 φραγ-

148 817 218 850 μοῖς.
234 815 360 842 Διατόνια
376 815 405 841 δὲ
421 816 446 841 οἱ
479 815 622 842 Ζακύνθιοι
638 817 670 841 τὶ
693 815 816 849 πλαγίως
832 814 935 841 τούτων

147 862 277 897 τιθέμενα
303 862 438 897 ἐπιμήκη.
456 862 511 888 Καὶ
540 862 564 888 οῑ
586 862 635 896 μὲν
657 862 786 896 ἡμέτεροι
810 861 868 888 ἀντὶ
889 861 934 887 τοῦ

990 268 1242 304 μακεδονήσιονμ]
1260 275 1286 296 et
1302 269 1460 305 σάψυκονμ
1476 270 1482 306 ι
1497 269 1616 304 Λέϐητα,
1632 270 1774 305 paululum

989 314 1201 346 barbarizautes,
1210 314 1321 347 λαΰένζι
1332 315 1443 348 dicunt;
1456 321 1575 342 attamen
1588 316 1695 342 nomina
1704 324 1774 350 quae-

988 359 1049 385 dam
1069 361 1156 393 magis
1172 359 1310 386 llellenice
1328 367 1408 394 quam
1427 359 1472 386 alii
1494 361 1664 395 exprimunt,
1681 361 1772 394 qualia

988 403 1081 439 ἔριφος
1100 405 1223 440 (hwdus),
1241 405 1285 437 αἲξ
1299 406 1414 440 (capra),
1434 405 1537 437 κολοιὸς
1553 405 1709 441 (graculus),
1725 415 1771 432 κο-

990 451 1103 484 ρυδαλὸς
1129 451 1264 486 (galerita)
1278 471 1285 483 ,
1303 451 1434 486 στρύχνος
1456 452 1627 487 (atrychnus),
1654 451 1773 487 βρυωνία

989 496 1058 531 (fera
1083 497 1245 531 cucurbita),
1268 497 1374 531 aliaque
1391 497 1457 524 alias
1475 497 1616 532 ignorata;
1636 499 1682 525 sed
1699 506 1773 532 qua:-

988 541 1050 568 dam
1067 542 1120 568 alia
1135 543 1160 568 in
1177 543 1261 569 alium
1280 551 1390 570 sensum
1408 547 1545 575 avertunt,
1561 544 1650 575 qualia
1671 532 1773 578 ἐδημο-

981 589 1043 615 ινεῖν
1060 587 1219 622 (desperare)
1245 593 1272 614 et
1295 578 1488 623 εἰρωνεύεσθαι
1503 589 1658 624 (cavillari).
1676 589 1772 616 Nostra

988 633 1016 659 in
1038 634 1148 668 regione
1170 633 1294 659 nesciunt
1310 633 1448 666 quomodo
1464 634 1538 668 πηγὴ
1562 641 1576 659 a
1600 633 1706 667 κρουνῷ
1722 633 1774 667 (sa-

988 679 1067 705 liente
1089 679 1173 710 unda)
1206 679 1323 710 dillcral,
1343 678 1489 713 fontesque
1505 687 1601 706 omnes
1618 678 1713 714 βρύσιν
1726 686 1775 705 vo—

989 728 1061 751 cant.
1079 722 1196 756 Quidam
1222 731 1237 750 e
1260 722 1453 757 Cephaloniris
1478 722 1570 758 πηγὴν
1596 723 1732 754 retinent,
1748 727 1775 749 et

989 767 1102 802 κρουνὸν
1118 768 1165 801 qni
1187 767 1371 801 Sozopolitani
1392 767 1470 801 juxta
1497 767 1612 794 Pontum
1639 768 1772 794 habitant.

988 812 1222 847 Adrianopolitaui
1241 813 1315 847 ἰγρία
1331 813 1425 839 dicunt
1440 813 1534 847 longas
1558 813 1665 844 trabes;
1688 812 1775 839 Macr-

988 858 1074 885 dones
1091 862 1180 884 autem
1195 857 1319 894 στάδαρα
1339 866 1388 892 pro
1398 858 1672 894 σταυροὶ(υα[ίονιιιη)
1685 860 1731 893 qui
1747 859 1774 885 in

148 908 261 939 ἀνάστα,
283 908 423 943 σηκώθητι
445 907 585 942 λέγουσιν·
604 908 694 940 οἱονεὶ,
711 907 890 943 κουφίοοητι·
911 908 935 934 οι

990 904 1099 939 sepibus
1115 904 1290 937 adhibentur,
1302 910 1327 931 rt
1340 904 1482 939 Zacynthii
1498 905 1619 931 διατόνια
1628 905 1712 931 vallos
1728 905 1774 939 qui

147 953 175 980 δὲ
201 954 331 989 Κύπριοι,
364 952 552 984 ὲλλειπτικῶς,
568 952 634 979 ἄνα·
651 952 698 978 καὶ
721 953 745 978 οί
771 953 936 987 Κερκυραῖοι

147 999 247 1034 ὁμοίως
267 999 298 1024 τὺ
313 998 387 1033 ἑξῆς,
403 998 484 1026 ᾶστα.
502 997 638 1030 Ὡσαύτως
661 997 780 1032 Κύπριοι
797 999 843 1023 καὶ
861 998 938 1032 Κρῆ-

147 1052 194 1074 τες
210 1044 353 1078 γραφικῶς
368 1043 477 1077 λέγουσι
492 1044 522 1070 τὺ
537 1044 624 1078 χαμαὶ
646 1043 694 1070 καὶ
714 1043 862 1078 ἀριστερά·
879 1043 936 1069 ἓτε-

150 1097 191 1124 ροι
205 1089 233 1115 δὲ
246 1088 485 1124 βαρϐαρικώτερον
501 1088 587 1116 ταῦτα
606 1088 716 1122 λέγουσι
729 1098 734 1103 -
750 1089 796 1115 καὶ
814 1089 873 1115 ἀντὶ
890 1088 936 1115 τοῦ

148 1136 236 1170 χαμαὶ
256 1136 331 1162 κάτω
345 1135 470 1169 λέγουσι·
487 1135 517 1161 τὸ
533 1135 561 1161 δὲ
581 1135 666 1166 κάτω,
685 1136 778 1170 σχέσιν
793 1135 849 1170 ἔχει
869 1135 938 1170 πρὸς

148 1183 179 1208 τὸ
200 1181 268 1209 ἄνω.
291 1181 346 1208 Καὶ
368 1182 392 1208 οἰ
412 1181 482 1208 κατὰ
505 1182 556 1215 τὴν
573 1181 719 1207 Ἀπουλίαν
741 1181 788 1207 καὶ
811 1180 937 1207 Σικελίαν

148 1227 210 1253 τινὰ
226 1227 296 1253 κατὰ
318 1227 363 1253 τὸν
378 1227 458 1261 νόμον
471 1226 520 1260 τῆς
536 1226 647 1261 Γραφῆς
660 1227 844 1261 προφέρουσιν
858 1234 864 1241 ·
881 1223 937 1252 οἷον

149 1271 248 1297 ἑκλατε
262 1271 307 1297 τον
322 1271 403 1306 ἄρτον
414 1291 421 1303 ,
437 1271 484 1297 καὶ
497 1271 560 1305 ἄρτι
570 1271 759 1305 παραγέγονα,

186 1317 241 1343 Καὶ
255 1316 410 1352 Καρπὰθιοι
422 1316 497 1351 ήμην
512 1315 648 1349 λέγουσιν,
667 1316 727 1342 ἀντὶ
740 1315 786 1342 τοῦ
801 1316 934 1351 ὑπῆρχον·

150 1362 188 1393 ὡς
216 1362 245 1388 δὲ
260 1362 436 1396 Ἀρτακήσιοι
455 1362 501 1388 καὶ
518 1361 670 1397 Κυζικηνοὶ
694 1361 829 1397 ἑδάρθηνα
843 1362 937 1396 λέγου-

152 1416 194 1434 σιν
207 1418 210 1422 ι
231 1408 300 1442 ὅπερ
315 1408 339 1434 οι
357 1408 428 1433 κατὰ
449 1408 498 1442 τὴν
513 1408 652 1442 ἡμετέραν
669 1407 808 1434 διάλεκτον
822 1408 938 1444 ὲδάρθη-

151 1461 187 1478 κα
210 1452 336 1486 λέγουσιν
348 1460 355 1468 ·
372 1452 398 1479 οι
419 1452 447 1479 δὲ
464 1452 580 1485 ῐΙόντιοι,
598 1451 724 1487 ὲδάρϐην.
751 1452 867 1487 Ὁμοίως
891 1453 938 1479 κα)¹

139 1497 270 1528 ιλεπάδας
303 1496 403 1532 ὄστρεά
423 1505 483 1523 τινα
515 1497 563 1523 καὶ
585 1496 701 1532 βραγχία
715 1497 748 1523 τὰ
764 1496 810 1522 τοῦ
829 1497 935 1531 ἰχθύος·

151 1542 246 1577 ὥσπερ
258 1543 326 1577 δῆτα
341 1542 610 1577 καίΈλλησπὸν-τιοι.
620 1542 742 1577 Εὕρηται
754 1543 782 1568 δὲ
793 1543 878 1569 ταῦτα
891 1543 937 1569 οὗ-

151 1596 190 1614 τω
215 1588 261 1614 καὶ
287 1587 362 1621 παρὰ
385 1589 512 1621 ποιηταῖς
537 1596 566 1614 τε
594 1588 642 1614 καὶ
661 1588 825 1622 φιλοσόφοις.
853 1588 884 1614 Οἱ
909 1588 938 1614 δὲ

152 1632 261 1664 πλείους
277 1633 307 1659 ὲν
327 1634 360 1668 τῇ
377 1633 437 1660 καθ’
450 1634 524 1668 ἡμᾶς
539 1633 615 1669 χώρᾳ
636 1633 700 1669 σύρε
723 1634 859 1667 λέγουσιν,
877 1635 938 1661 ἀντὶ

151 1675 199 1702 τοῦ
216 1675 304 1710 ὕπαγε
314 1684 321 1691 ·
338 1677 395 1704 ἔστι
410 1677 438 1703 δὲ
451 1677 634 1709 ὲλλειπτικδν,
662 1678 724 1704 ἀντὶ
735 1678 782 1705 τοῦ
798 1679 863 1714 σύρε
875 1680 938 1711 τοὺς

154 1722 253 1754 πόδας·
270 1723 287 1758 ἦ
307 1722 369 1749 ἓλκε
392 1723 441 1758 τὴν
461 1724 520 1750 ὀδόν
534 1723 584 1759 (5).
606 1724 683 1755 Τινὲς
702 1724 732 1750 τὸ
747 1724 803 1750 ἄνω
817 1725 865 1750 καὶ
884 1724 938 1751 ἔσω

152 1768 223 1795 κατὰ
246 1768 295 1803 τὴν
311 1769 427 1805 ἀρχαίαν
444 1769 586 1805 συνήθειαν
607 1770 654 1796 ἐπὶ
675 1769 730 1796 τῶν
751 1770 938 1805 ἀροτριῶντων

153 1813 223 1848 βοῶν
239 1814 347 1848 λέγουσι
358 1822 365 1828 ·
383 1815 420 1850 μὴ
435 1815 612 1850 ἐπιστάμενοι
627 1815 706 1842 τοῦτο
729 1815 758 1848 ἐξ
773 1816 893 1850 ἀμαθίας
909 1817 938 1843 ὲν

154 1860 257 1894 ἑτέροις
282 1859 414 1895 χρᾶσθαι·
438 1860 604 1895 νομίζοντες,
624 1861 664 1888 ὅτι
683 1862 739 1892 τοῖς
761 1861 838 1896 βουσὶ
859 1861 938 1888 τοῦτο

153 1903 230 1936 ἴδιον,
247 1905 271 1930 oi
294 1904 362 1939 βοῶν
375 1905 549 1941 ἁλογώτεροι.
570 1905 650 1932 Ἀλλὰ
663 1907 711 1932 καὶ
724 1907 800 1942 παρὰ
815 1907 938 1942 γυναιξὶν

153 1949 212 1976 ἔστι
225 1950 288 1976 τινὰ
299 1950 469 1986 ἐκφερόμενα
481 1951 672 1986 σχετλιαστικὰ
683 1952 858 1988 ἐπιρρήματα
869 1953 938 1980 κατὰ

152 1995 215 2027 τοὺς
239 1995 370 2028 παλαιούς
381 2004 388 2012 δ
404 1994 460 2023 οἷον
477 1997 506 2023 τὺ
527 1996 567 2023 ίού
578 2005 585 2012 ·
607 1997 637 2023 τὸ
656 1997 739 2024 αίσοί.
760 1997 875 2033 Ὁμοίως
891 1999 938 2026 καὶ

153 2040 230 2076 παρὰ
251 2041 378 2073 Λεσϐίοις
405 2042 436 2068 τὸ
461 2040 479 2069 ἆ
503 2042 686 2077 ἐκπληκτικὸν
701 2041 772 2078 ὃν,ἦ
788 2044 938 2078 ποιητικῶς

154 2086 331 2122 προφέρεται,
356 2087 403 2114 καὶ
418 2087 448 2113 τὺ
462 2087 533 2119 τέως
551 2088 687 2123 χρονικύν.
707 2088 896 2124 Ἐπαρώμενοι
908 2090 937 2116 δέ

154 2139 220 2158 ποτε
235 2131 376 2166 ἀλλήλους,
389 2134 517 2168 καρκίνος
533 2132 652 2168 λέγουσι,
675 2134 745 2160 κατὰ
758 2135 938 2171 ἐπικράτησιν

155 2177 272 2204 παλαιάν
283 2186 289 2192 ·
304 2177 354 2204 οὐκ
366 2177 453 2204 οἴδασι
463 2177 502 2210 δὲ,
513 2177 607 2213 διόπερ
620 2178 700 2205 τοῦτο
711 2179 844 2213 λέγουσιν.
859 2181 938 2207 Ἔστι

153 2223 180 2249 δὲ
196 2222 274 2249 τοῦτο
291 2224 355 2258 παρ’
370 2224 482 2258 ἰατροῖς,
507 2223 592 2254 πάθος
605 2232 632 2249 τι
650 2224 798 2259 συμσαίνον
810 2226 938 2258 πολλάκις
955 2240 977 2267 ι)

154 2271 182 2294 ἐν
199 2271 253 2300 τοῖς
270 2269 324 2295 τῶν
338 2270 474 2303 γυναικῶν
491 2268 604 2303 μαζοῖς·
623 2270 669 2296 καὶ
694 2271 707 2296 ὀ
725 2271 790 2305 παρ’
806 2272 873 2306 ἡμῖν
889 2272 939 2299 κάη

156 2314 247 2349 ὁειρος
258 2322 265 2328 ·
281 2315 328 2341 καὶ
346 2315 376 2341 τὸ
391 2315 441 2349 μὲν
458 2314 547 2341 κοινὸν
563 2315 613 2341 οὐκ
631 2315 728 2341 οἴδασι·
741 2315 773 2341 τὸ
787 2315 816 2342 δὲ
827 2317 941 2350 πάγκοι-

155 2369 200 2386 νον
215 2361 283 2392 τέως
298 2360 477 2394 γινώσκουσιν
502 2360 626 2394 ἀλόγωςο
651 2360 723 2387 καθὰ
744 2361 776 2396 δὴ
800 2361 847 2388 καὶ¹
871 2363 895 2388 οἱ
913 2363 941 2388 ὲν

156 2406 248 2441 Πόντῳ
280 2406 392 2441 ἡλάριον
418 2406 467 2441 μὲν
487 2406 560 2432 ἴσασι
579 2406 609 2432 τὸ
625 2407 758 2441 καρφίον·
779 2405 843 2444 ἧλον
860 2408 882 2434 δ’
894 2408 940 2435 οὕ·

156 2451 204 2477 καὶ
227 2451 252 2477 οι
271 2452 300 2477 ὲν
314 2451 428 2486 Κύπρῳ,
444 2451 559 2485 ἱππάριν
574 2450 634 2485 μὲν,
655 2450 717 2485 οὐχὶ
731 2450 759 2477 δὲ
775 2452 821 2478 καὶ
839 2451 939 2478 ἵππον·

155 2499 192 2529 ὡς
207 2497 293 2532 δήπου
307 2497 353 2523 καὶ
370 2497 393 2523 οι
407 2497 435 2522 ὲν
460 2497 492 2531 τῇ
510 2496 636 2531 ἡμεδαπῇ
657 2496 781 2532 δοχαὶριον
797 2497 847 2532 μὲν
861 2498 941 2532 γινώ-

157 2551 263 2574 σκουσι,
285 2543 363 2569 δοκὸν
377 2543 399 2568 δ’
414 2543 515 2578 ἥκιστα
527 2551 533 2557 ·
551 2542 638 2568 καίτοι
652 2543 744 2577 ὅμοιον
759 2543 838 2569 τοῦτο
853 2544 890 2575 ὡς
904 2543 942 2569 εἴ-

157 2597 203 2614 ποι
213 2596 255 2618 τις
269 2588 346 2620 ξύλον
357 2589 403 2614 καὶ.
417 2588 557 2622 ξυλάριον·
575 2590 619 2614 καὶ
635 2589 782 2623 νησσάριον
795 2589 881 2615 οἴδασι
893 2590 941 2624 τὴν

158 2634 284 2668 λιμναίαν
301 2634 385 2669 ὖρνιν,
406 2634 507 2668 νῆσααν
527 2633 673 2665 δὀὑδύλως
686 2641 692 2647 “
717 2634 764 2659 καὶ
790 2635 942 2669 παρίππιον

159 2679 293 2710 συνθέτως
308 2680 355 2705 καὶ
369 2678 557 2713 παραγώγως·
572 2679 661 2705 εῐτουν
673 2679 885 2713 παρασυνθέτως
901 2689 942 2714 γι-

158 2725 309 2751 νώσκουσιν
323 2733 328 2740 ·
344 2725 374 2751 οὐ
393 2726 445 2760 μὴν
458 2725 486 2751 δὲ
502 2725 547 2751 καὶ
564 2725 645 2751 ἵππον
660 2734 666 2740 ·
684 2725 741 2751 ἀλλ’
756 2725 867 2759 ἄλογον·
882 2726 943 2752 ἄλοο

158 2779 206 2803 γον
221 2771 259 2800 δὲ,
277 2772 308 2796 οὺ
326 2771 404 2805 μόνον
417 2771 514 2801 ἵππος·
532 2771 599 2797 ἀλλὰ
612 2771 657 2797 καὶ
672 2770 734 2805 βοῦς
747 2771 795 2798 καὶ
806 2771 866 2803 ὄνος
876 2781 882 2787 ι
897 2773 943 2798 καὶ

159 2816 209 2842 ὃσα
224 2815 302 2849 λόγον
313 2816 362 2842 οὐκ
378 2816 479 2851 ἔχουσι.

989 950 1016 976 in
1034 955 1235 977 transversum.
1257 950 1349 977 l‘iostri
1366 957 1415 984 pro
1431 951 1534 977 ἀνάστα
1545 951 1606 984 (δια)
1616 950 1711 977 dicunt
1727 951 1775 984 ση-

988 995 1091 1029 κώοητι
1101 1000 1147 1022 aut
1160 995 1330 1030 κουφίσθητι,
1341 996 1432 1029 Cyprii
1447 996 1565 1030 elliptice
1581 995 1773 1030 d'wa,Corcyrii

989 1045 1078 1066 autem
1094 1041 1174 1066 ἄστα.
1191 1040 1283 1075 Cyprii
1301 1044 1328 1066 et
1341 1039 1436 1067 Cretes
1454 1041 1542 1075 χαμαὶ
1560 1040 1655 1074 (humi)
1673 1044 1699 1066 et
1711 1040 1773 1075 ἀρι-

989 1085 1072 1120 στερὰ
1086 1085 1219 1118 (sinistra)
1234 1085 1369 1117 scribunt,
1382 1093 1442 1120 qua-
1457 1085 1504 1112 alii
1519 1086 1606 1120 magis
1621 1086 1773 1116 barbarico.

988 1136 1014 1157 et
1028 1137 1076 1164 pro
1093 1130 1180 1164 χαμαὶ
1192 1149 1200 1160 .
1219 1130 1295 1156 κάτω
1311 1130 1478 1165 (deorsum),
1494 1130 1628 1158 referente
1646 1130 1721 1156 κάτω
1739 1130 1773 1156 ad

988 1176 1043 1202 ἄνω
1063 1176 1201 1210 (sursum).
1217 1175 1297 1210 Apuli
1312 1175 1451 1210 Siculique
1461 1176 1584 1210 quaedam
1601 1177 1634 1202 ad
1652 1176 1772 1210 regulam

989 1222 1130 1256 scripturae
1150 1221 1309 1256 proferunt,
1328 1221 1420 1256 qualia
1436 1221 1534 1247 ἕκλασε
1551 1220 1598 1247 τὸν
1612 1221 1693 1256 ἄρτον
1707 1220 1773 1255 (fre—

988 1267 1026 1300 git
1040 1266 1156 1301 panem),
1170 1266 1233 1301 ἄρτι
1249 1267 1425 1301 παραγέγονα
1442 1267 1521 1300 (nunc
1539 1267 1657 1302 adsum).

1023 1312 1163 1347 Carpathii
1191 1314 1265 1347 ἧμην
1292 1321 1341 1347 pro
1367 1313 1490 1348 ὑπῆρχον
1514 1313 1620 1348 (erant).
1642 1313 1775 1342 Artaccsii

988 1358 1170 1394 Cysicenique
1192 1358 1328 1393 ὲδάρθηνα
1355 1359 1450 1385 dicunt
1473 1367 1522 1393 pro
1542 1359 1651 1386 dialeeli
1676 1366 1776 1388 nostra:

989 1405 1072 1431 verbo
1088 1404 1227 1439 ὲδὰρθηκα
1251 1404 1401 1438 (dormivi);
1426 1403 1503 1430 Ponti
1526 1404 1623 1431 incola).
1646 1405 1774 1441 ἐδάρθην,

988 1449 1035 1483 qui
1051 1454 1078 1476 et
1091 1449 1212 1481 λεπάδας
1226 1454 1326 1477 vocant
1340 1454 1446 1476 ostreas
1461 1450 1593 1484 quasdam
1609 1455 1636 1477 ct
1657 1450 1775 1485 piscium

988 1495 1144 1527 branchias,
1160 1495 1230 1522 sicut
1245 1499 1273 1522 et
1287 1495 1331 1530 qui
1347 1496 1421 1522 circa
1437 1495 1643 1530 l-lellesponuuu
1664 1504 1777 1524 versan-

990 1547 1044 1568 tur.
1055 1541 1107 1568 Ista
1125 1542 1205 1568 verba
1220 1541 1246 1567 in
1260 1541 1345 1575 poetis
1360 1549 1463 1568 necnon
1475 1542 1501 1568 in
1518 1542 1689 1576 philosophis
1698 1550 1774 1576 repe-

993 1587 1057 1614 rias.
1071 1586 1177 1622 Saepius
1193 1587 1219 1614 iu
1235 1592 1328 1614 nostra
1353 1588 1464 1621 regione
1479 1595 1528 1622 pro
1547 1587 1636 1622 ὖπαγε
1650 1588 1776 1623 (discede)

992 1633 1097 1665 audias,
1114 1633 1179 1668 σύρε
1209 1633 1319 1668 (Ira/te),
1338 1633 1457 1667 clliptice
1471 1641 1520 1667 pro
1535 1633 1600 1668 σύρε
1617 1633 1680 1664 τοὺς
1694 1633 1777 1665 πόδας

992 1679 1078 1712 (tm/te
1096 1679 1195 1713 pedes),
1209 1684 1256 1717 aut
1271 1679 1334 1705 ἕλκε
1352 1678 1401 1714 τὴν
1415 1679 1475 1705 ὁδόν
1489 1679 1602 1714 (corripe
1616 1681 1688 1714 iter).
1708 1681 1776 1713 Qni-

992 1724 1054 1750 dam
1071 1732 1102 1750 ex
1119 1725 1233 1758 antiquo
1251 1732 1301 1751 usu
1316 1724 1371 1751 ἄνω
1387 1730 1414 1751 et
1429 1725 1482 1751 ἔσω
1496 1725 1626 1757 clatuant,
1647 1726 1727 1752 loves
1741 1726 1778 1752 in-

991 1770 1129 1804 crepando
1149 1773 1275 1801 arantcs,
1294 1770 1449 1798 nescientes
1470 1770 1527 1797 haec
1543 1771 1624 1797 verba
1646 1771 1671 1797 in
1692 1772 1776 1798 aliutn

992 1823 1104 1842 sensum
1127 1816 1225 1850 accipi,
1249 1815 1394 1849 solumque
1415 1816 1501 1842 bobus
1517 1816 1706 1842 convenientia
1727 1818 1776 1842 du-

991 1866 1092 1893 centes,
1119 1860 1170 1895 ipsi
1196 1861 1282 1888 bobus
1310 1861 1442 1888 rudiores.
1473 1861 1601 1889 Mulieres
1625 1867 1715 1888 autem
1743 1870 1774 1888 ex

992 1907 1160 1941 antiquitate
1194 1905 1384 1934 lamentabiles
1412 1906 1511 1933 habent
1538 1907 1750 1934 exclamatimics
1768 1927 1775 1939 ,

991 1953 1090 1987 quales
1108 1953 1160 1986 ἰοὺ,
1179 1952 1253 1979 αἰὸοί
1268 1952 1366 1987 (eheu).
1380 1952 1485 1979 Pariter
1502 1956 1527 1979 et
1541 1951 1641 1979 Lesbii.
1658 1952 1776 1979 Verbum

991 1995 1008 2022 ἆ
1020 2017 1027 2028 ,
1051 1997 1123 2031 quod
1139 1997 1173 2024 ad
1197 2001 1328 2024 terrorem
1345 1997 1522 2031 injiciendum
1539 1996 1565 2023 in
1578 2004 1630 2024 usu
1646 2001 1689 2024 est
1712 2003 1778 2031 poe-

993 2042 1045 2070 tice
1056 2040 1073 2078 ἦ
1084 2043 1235 2077 profertur.
1252 2042 1341 2070 Verbo
1356 2043 1425 2074 τέως
1442 2043 1598 2077 temporalis
1609 2048 1650 2070 cst
1668 2051 1776 2074 sensus,

991 2088 1037 2123 qui
1061 2088 1176 2115 invicem
1195 2089 1388 2123 imprecantur,
1404 2089 1569 2123 praevalente
1582 2088 1692 2123 antiqua
1709 2096 1775 2116 cun-

991 2133 1146 2164 suetudine,
1163 2133 1314 2160 nescientes
1336 2138 1425 2159 autem
1444 2141 1540 2167 quare,
1566 2133 1684 2160 clamant
1709 2142 1775 2168 καρ-

991 2179 1065 2204 κῖνον
1080 2179 1246 2213 (cancerem),
1264 2180 1336 2213 quod
1352 2179 1424 2213 apud
1440 2179 1560 2206 medicos
1575 2179 1687 2214 quidam
1704 2187 1777 2206 rnor-

993 2223 1044 2251 bus
1057 2232 1191 2252 mammas
1210 2225 1355 2252 mulierum
1373 2225 1515 2257 invadens,
1535 2229 1561 2251 et
1578 2225 1648 2259 apud
1664 2232 1714 2252 nos
1729 2225 1777 2251 κά-

992 2269 1083 2305 ϐειρος
1099 2274 1222 2297 vocatur.
1236 2269 1356 2297 Verbum
1368 2270 1457 2296 κοινὸν
1467 2270 1624 2305 (commune)
1640 2271 1776 2304 ignorant,

993 2315 1139 2349 πάγκοινον
1157 2319 1247 2343 autem
1263 2315 1425 2349 jamdudum
1441 2316 1501 2342 sine
1516 2323 1599 2342 causa
1616 2316 1642 2341 in
1661 2323 1709 2342 usu
1728 2315 1777 2341 ha-

993 2360 1100 2388 bentes.
1115 2360 1221 2388 Pariter
1245 2361 1291 2395 qui
1307 2359 1421 2387 Pontum
1447 2360 1567 2387 incolunt
1583 2360 1694 2395 ἡλάριον
1710 2368 1776 2395 uap-

994 2406 1054 2440 φίον
1071 2410 1188 2433 noscunt
1200 2426 1207 2438 ,
1225 2406 1271 2432 sed
1287 2414 1340 2433 nou
1355 2403 1419 2441 ἧλον
1434 2405 1571 2441 (clavum).
1588 2405 1679 2441 Cyprii
1697 2406 1779 2432 ἱππά-

995 2460 1047 2487 ριν,
1074 2458 1128 2478 non
1151 2451 1233 2478 ἵππον
1251 2451 1390 2486 (equum),
1408 2451 1482 2478 sicut
1505 2455 1532 2478 et
1555 2459 1623 2484 uos;
1640 2452 1777 2487 δοκάριον.

995 2505 1048 2525 non
1060 2497 1138 2523 δοκόν
1155 2496 1279 2531 (trabem)
1293 2506 1301 2530 ;
1317 2497 1444 2524 similiter
1459 2502 1549 2525 autem
1565 2497 1642 2530 ξύλον
1656 2497 1777 2533 (lignum)

993 2548 1020 2571 et
1038 2543 1166 2578 ξυλάριον
1185 2543 1318 2570 dicerent.
1335 2543 1491 2579 Νησσὰριον
1506 2543 1645 2578 (dualem).
1663 2552 1716 2571 non
1731 2552 1780 2571 an-

995 2593 1047 2615 tem
1062 2590 1174 2623 νῆσσαν,
1193 2593 1291 2616 vocant
1306 2589 1452 2623 palustrem
1470 2597 1558 2616 avem.
1575 2591 1777 2625 Παρίτιπιονιρκ

994 2634 1192 2668 compositione
1206 2627 1428 2669 derivationrque
1443 2635 1551 2668 habent,
1563 2643 1615 2662 non
1632 2641 1721 2663 tamen
1736 2637 1780 2663 ἴπ-

995 2688 1054 2712 πον,
1067 2681 1114 2707 sed
1130 2680 1226 2713 ἄλογον
1241 2680 1383 2714 (animal);
1402 2680 1498 2714 ἄλογον
1516 2685 1605 2708 autem
1622 2689 1675 2708 non
1691 2682 1778 2709 solum

995 2733 1107 2759 equum,
1132 2726 1177 2753 sed
1192 2726 1273 2753 etiam
1299 2727 1407 2759 bovem,
1422 2728 1542 2759 asimun,
1564 2733 1591 2755 ct
1614 2728 1705 2755 omnia
1721 2736 1782 2764 quin

997 2771 1101 2799 ratione
1116 2777 1210 2799 carent
1227 2772 1355 2799 animalia
1371 2773 1515 2807 signiﬁcat.

196 2893 234 2929 (ὅ)
249 2894 386 2920 δείιυιίιιιιι
397 2893 423 2920 in
442 2894 562 2928 margine
575 2902 582 2920 :
598 2892 643 2928 Τῷ
659 2892 749 2928 σύρειν
759 2893 817 2920 ἀντὶ
831 2893 876 2920 τοῦ
891 2894 938 2920 ἁπὲ

990 2893 1069 2926 ισοαι,
1086 2892 1131 2918 καὶ
1147 2891 1292 2927 Θεόκριτος
1308 2890 1450 2926 κέχρηται.
