2051 3154
291 165 357 201 i351

906 168 1089 201 PACHOMII
1111 171 1280 202 MON'ACIII

1843 174 1909 207 135:2

325 221 428 249 Ψιλοῦν
444 221 557 256 (radere)
571 226 597 249 et
609 222 719 255 ὲξυλοῦν
733 223 817 259 (ligno
836 224 959 259 purgare)
971 224 1063 252 dicunt

1163 227 1218 252 Καὶ
1241 226 1337 260 ψιλοῦν
1351 226 1460 261 λέγουσι
1480 227 1525 254 τὸν
1542 228 1626 262 ὰγρδν
1642 229 1688 255 καὶ
1703 228 1830 261 ὲξνλοῦν·
1842 230 1912 266 ὅπερ

290 271 362 305 quod
371 270 416 296 alii
425 270 721 305 é).oxonaiv(e:rtricare)
732 279 739 304 ;
753 271 799 298 sed
809 278 896 306 neque
907 271 933 298 hi
943 271 1073 306 nequeilli

290 315 379 342 sciunt
394 315 458 350 quid
474 315 510 342 sit
519 315 608 350 ψιλὸν,
618 316 681 350 quid
693 317 729 343 sit
744 316 805 352 ὕλη,
814 320 840 344 et
851 316 922 349 ἕλος,
931 323 962 343 ex
973 317 1073 351 quibus

293 361 426 396 originem
443 361 542 389 habent
556 362 638 389 verba
654 362 724 396 apud
739 362 812 397 ipsos
827 367 968 398 usurpata.
978 362 1075 390 Incolae

289 405 404 432 Athonis
418 425 425 438 ,
443 413 504 433 cum
523 406 597 438 ἇτταξ
616 402 716 442 (wine!)
734 407 892 435 adverbium
914 407 1074 443 quantitatis

290 451 416 482 habeant,
433 456 459 478 et
472 451 498 478 hi
516 452 648 486 multique
662 452 707 479 alii
721 452 761 484 δὶς
776 453 846 487 (bis),
862 458 891 480 ut
903 461 963 480 eum
980 452 1074 481 dicunt

289 495 330 522 his
349 498 376 522 in
397 497 480 527 hora,
499 496 522 524 si
541 501 630 523 tamen
648 497 742 524 eadem
767 498 793 524 in
819 498 904 525 Biblia
925 499 1071 533 reperiant,

290 548 342 567 non
365 541 529 575 intelligunt.
547 541 638 576 Cyprii
654 549 687 568 ex
706 542 884 570 similitudine
905 543 970 574 law;
981 543 1071 570 czeteri

287 587 357 620 τάχα
374 586 521 621 (fortasse)
539 587 644 613 dicunt.
668 586 783 620 Quidam
807 587 833 614 in
852 587 948 616 insulis
974 597 1072 623 στοχα-

289 631 355 666 σμὸν
382 631 584 665 (conjecturam)
603 636 729 663 noscunt,
756 631 846 658 cmteri
864 633 1000 666 ignorant.
1019 632 1071 660 Alii

289 678 441 704 vocativum
469 677 627 704 adverbium
657 675 680 704 ὦ
709 679 824 709 habent,
854 679 899 706 alii
925 684 1013 706 autem
1047 680 1070 706 ἐ.

288 723 339 748 Alii
355 730 403 756 pro
417 722 526 756 βλέπειν
545 723 682 757 (aspicere)
700 725 804 758 τηρεῖν,
818 724 863 750 alii
875 719 1000 759 θεωρεῖν,
1012 732 1072 759 qua:

287 769 313 795 in
332 769 413 795 alium
429 777 537 795 sensum
553 770 665 795 veniunt
688 770 737 796 etsi
770 770 886 804 quadam
909 771 1071 805 cognatione

283 812 387 846 juncta.
406 813 456 838 Alii
475 813 600 844 κυτάζειν
620 821 634 839 a
652 812 801 845 κυπτάζειν
823 814 956 850 (morari).
977 815 1070 850 Cyprii

285 857 392 890 quidem
409 857 550 891 participia
579 857 606 883 in
629 865 678 884 usu
697 857 806 890 habent,
824 859 869 885 alii
886 864 977 886 autem
994 867 1068 890 raro,

284 906 311 929 et
327 910 381 928 non
394 907 477 928 recte.
490 902 543 928 Alii
559 903 642 930 verba
660 903 758 938 ίδίωμα
773 904 925 938 (dialectus)
943 910 970 932 et
980 905 1069 935 ποσῶς

284 948 410 983 (quadam
421 948 580 982 quantitate)
593 949 801 982 profcrunt,alii
817 949 882 976 ἴδιον
897 949 1067 985 (proprium),

283 991 329 1017 alii
347 990 440 1022 ποσδν,
461 991 618 1025 ignorantes
645 996 735 1019 tamen
750 994 825 1019 ποιὸν
840 994 965 1028 (quadam
980 994 1068 1029 quali-

284 1035 347 1070 tate)
360 1056 367 1068 ,
384 1039 410 1062 (νῑ
423 1038 560 1070 quomodo
575 1037 650 1062 ποῖον
662 1036 724 1071 (qua
741 1037 880 1072 qualitate)
896 1038 972 1064 ποιὸν
988 1038 1067 1065 indc-

283 1082 359 1108 tlnito
383 1089 464 1107 srnsu
488 1081 551 1112 ﬁat,
576 1081 649 1108 sicut
667 1086 694 1109 et
716 1083 799 1109 πόσον
823 1083 885 1118 (qua
908 1084 1067 1118 quantitate)

282 1127 375 1155 ποσόν.
391 1127 534 1162 Zacynthii
564 1128 737 1161 peculiariter
753 1128 855 1155 σκοπὸν
876 1129 1003 1164 (scopum)
1019 1137 1066 1156 vo-

282 1180 345 1199 care
364 1177 458 1198 amant
475 1171 620 1206 quamdam
647 1172 718 1206 apud
748 1171 809 1199 illos
832 1173 948 1198 σκοπιὰν
964 1172 1066 1207 (specu-

281 1217 364 1252 lam);
380 1217 536 1252 Muthymnii
550 1217 669 1252 λειμῶνα
681 1218 797 1252 (pratum
813 1218 1068 1253 inaquosum)omnc

282 1263 399 1289 λιϐάδιον
409 1262 525 1297 (pratum
542 1262 596 1288 rivo
612 1263 774 1297 irrigatum).
790 1263 938 1290 Ventorum
956 1263 1067 1290 nomina

281 1309 379 1335 melius
401 1313 517 1334 noscunt
539 1308 660 1338 Pontici.
678 1309 725 1336 sed
745 1309 795 1335 οὐκ
818 1308 872 1344 ἔχω
894 1310 956 1343 (non
974 1309 1067 1342 habeo)

281 1353 384 1385 dicunt,
402 1353 446 1379 alii
463 1357 554 1379 autem
580 1353 623 1379 δὲν
640 1353 703 1388 ἔχω.
719 1353 814 1381 Cretes
834 1355 893 1380 εντα
909 1354 954 1383 θὲς
974 1361 1023 1388 pro
1042 1353 1067 1379 τί

281 1398 385 1428 θέλειςζ
403 1397 484 1432 (quid
500 1398 536 1423 vis
548 1399 579 1426 Ἡ
601 1397 646 1424 alii
665 1397 691 1424 τί
706 1398 749 1429 λὲς
771 1406 820 1433 pro
834 1398 860 1424 τί
879 1398 968 1432 λέγεις
993 1398 1066 1432 (quid

280 1443 396 1477 dicis?).
421 1442 486 1474 Quae
505 1441 586 1468 verba
611 1449 658 1476 per
680 1442 909 1474 ahstractionem,
933 1438 1068 1475 scu'apo-

281 1496 365 1522 είιριιη
380 1492 404 1515 ct
421 1494 557 1522 syncopen
571 1487 737 1521 syllabarum
761 1487 825 1513 talia
841 1487 917 1513 liunt.
932 1486 1010 1512 Certe
1022 1485 1066 1511 δὲν

280 1533 315 1559 ab
331 1533 421 1559 Attico
436 1531 514 1557 οὐδὲν
532 1531 659 1558 trahitur.
675 1530 728 1557 Pro
743 1529 801 1560 τοῦ,
814 1530 843 1556 οὗ
858 1530 962 1561 dicunt,
977 1536 1027 1563 pro
1039 1527 1064 1554 τί

281 1577 320 1602 ἔνι
343 1576 373 1602 τὸ
389 1576 464 1610 (quid
488 1578 536 1602 hoc
553 1575 604 1609 est)
621 1580 648 1601 et
668 1575 693 1601 τί
714 1574 753 1601 ενι
772 1575 807 1600 τὰ
824 1575 896 1609 (quid
913 1574 967 1601 huc
979 1573 1062 1608 sunt),

281 1622 354 1647 τῖντο
365 1626 392 1647 et
405 1621 494 1653 τίντα,
509 1621 581 1647 sicut
595 1620 665 1654 apud
682 1618 811 1652 Lesbios;
830 1619 899 1646 unde
914 1619 983 1653 apud
996 1618 1063 1646 Cre—

281 1671 322 1693 tes
337 1666 461 1700 aliosque
476 1672 572 1699 segnes
588 1665 657 1692 ῑντα.

315 1711 426 1738 Nullum
443 1710 499 1738 fere
513 1719 598 1738 sacra:
613 1711 761 1745 Scriptura:
775 1711 899 1742 verbum.
918 1711 991 1745 quod
1009 1717 1062 1737 non

281 1764 328 1791 per
343 1760 430 1782 totum
444 1755 537 1781 orbem
556 1755 582 1781 in
595 1762 646 1781 usu
660 1754 802 1781 habeatur.
819 1754 867 1780 Sin
883 1758 972 1780 autem
987 1761 1063 1787 qna:-

279 1803 341 1829 dam
367 1809 420 1828 non
447 1801 614 1832 habeantur,
645 1808 700 1827 non
724 1805 767 1828 est
789 1800 954 1827 mirandum.
980 1799 1062 1826 Multa

278 1847 354 1875 enim
377 1846 404 1873 in
421 1845 586 1873 oblivionem
604 1850 650 1872 aut
679 1845 906 1872 adulteratiooem
931 1848 1064 1871 venerunt

279 1897 389 1928 propter
412 1891 614 1927 negligentiam.
643 1895 690 1918 aut
710 1891 888 1918 barbarorum
917 1890 1062 1918 immistio—

279 1946 352 1970 nem,
382 1943 412 1964 ut
443 1938 469 1965 in
499 1938 627 1965 brevibus
649 1938 729 1965 dictis
754 1937 845 1965 verbis
869 1941 1061 1964 monstratum.

279 1985 352 2018 Quot.
362 1989 453 2011 autem
466 1984 630 2014 volantium,
647 1984 825 2018 serpentium,
842 1983 1061 2018 quadrupedum,

280 2030 447 2064 plantarum,
467 2030 583 2064 piscium
602 2029 802 2064 zoophytarum
816 2048 824 2060 ,
843 2033 978 2061 cetorum,
993 2028 1062 2055 alio-

278 2084 396 2110 rumque
424 2076 594 2107 animalium,
621 2083 682 2110 quac
708 2077 735 2102 in
764 2077 830 2102 orbe
852 2080 926 2107 sunt,
951 2075 1062 2102 nomine

279 2122 455 2156 ignoramus!
473 2120 616 2153 Quomodo
633 2121 689 2151 illa,
700 2121 722 2146 si
736 2120 764 2146 in
779 2119 922 2153 Scriptura
938 2120 1062 2147 invenia-

279 2175 351 2197 mus,
371 2166 602 2200 intelliget-emus?
620 2165 673 2192 Sua
688 2166 834 2200 unicuique
847 2173 937 2192 rerum
955 2170 1061 2193 creata-

1087 895 1106 921 Β

1125 272 1242 307 ἀλλαχοῦ
1258 272 1397 300 ἑλοκοπεῖν
1407 281 1413 288 ·
1427 273 1484 299 ἀλλ’
1493 273 1555 300 οὔτε
1572 271 1644 300 οὗτοι
1655 294 1662 305 ,
1674 273 1736 300 οὔτε
1752 275 1849 301 ἐκεῖνοι
1867 284 1911 309 γι-

1125 319 1258 346 νώσκουσι
1280 320 1305 346 τί
1334 321 1393 346 ἐστι
1408 320 1495 355 ψιλὸν,
1506 321 1554 347 καὶ
1569 321 1596 348 τί
1613 320 1674 356 ὕλη,
1689 322 1735 348 καὶ
1751 323 1777 348 τί
1789 322 1865 354 ἕλος·
1879 324 1912 350 ἐκ

1123 364 1226 391 τούτων
1251 365 1304 400 γὰρ
1325 366 1361 392 τὰ
1385 366 1449 401 παρ’
1464 366 1557 397 αὐτοῖς
1580 366 1700 402 ῥήματα.
1723 367 1839 402 Ὁμοίως
1862 369 1910 395 καὶ

1131 410 1272 437 Ἀθωνϊται
1285 418 1292 425 '
1315 411 1345 438 τδ
1360 411 1434 443 ἅπαξ
1454 410 1598 447 ἐπίρρημα
1619 412 1784 446 ποσότητος·
1800 415 1848 440 καὶ
1869 413 1910 445 δὶς

1123 456 1232 490 λέγουσι
1245 457 1292 484 καὶ
1307 455 1378 484 οὗτοι
1392 458 1438 484 καὶ
1450 458 1476 483 οι
1488 458 1609 485 πλεῖστοι
1621 466 1628 474 ·
1645 458 1682 490 ὡς
1697 458 1761 485 ὅταν
1776 459 1887 493 λέγουσι
1899 467 1907 475 ·

1122 502 1164 532 δ’ὶς
1187 501 1235 537 τὴν
1254 501 1342 538 ὥραν
1358 503 1391 530 ἂν
1405 503 1427 529 δ’
1444 503 1580 530 ἀκούσωσι
1600 504 1679 531 τοῦτο
1695 505 1724 531 ἐν
1743 505 1837 540 βιϐλίῳ
1849 525 1857 536 ,
1877 506 1908 531 οὐ

1124 547 1245 574 συνιοῦσι
1257 557 1262 562 ·
1279 549 1326 574 καὶ
1341 549 1364 574 οἱ
1379 549 1428 583 μὲν
1439 548 1558 584 Κύπριοι
1572 550 1617 576 ἐπὶ
1630 550 1776 586 εἰκασμοῦ,
1792 551 1857 582 tam;
1869 551 1909 576 λέν

1122 600 1216 626 γουσιν
1230 601 1236 607 ·
1251 594 1274 618 οί
1289 592 1317 619 δὲ
1332 593 1429 624 λοιποὶ,
1445 594 1530 628 τάχα’
1545 595 1590 621 καί
1605 604 1676 626 τινες
1695 595 1722 621 ἐν
1739 597 1799 626 ταῖς
1816 597 1908 630 νήσοις

1122 639 1168 665 τὸν
1182 640 1334 674 στοχασμδν
1349 639 1527 673 γινώσκουσιν
1536 648 1543 654 ·
1559 641 1647 673 ἕτεροι
1661 640 1688 667 δὲ
1704 640 1840 675 οὐδαμῶς.
1852 641 1905 666 Kal

1121 684 1195 711 ἄλλοι
1212 685 1262 718 μὲν
1278 685 1308 711 τὺ
1331 682 1352 712 ὦ
1377 685 1504 719 κλητικὺν
1524 685 1676 720 ἐπίρρημα,
1699 684 1774 712 ἄλλοι
1794 685 1822 711 δὲ
1847 686 1906 711 ἀντὶ

1120 729 1227 762 τούτου,
1246 729 1275 756 τὸ
1291 729 1312 756 ἐ.
1327 730 1382 756 Καὶ
1397 730 1469 757 ἄλλοι
1486 730 1544 756 ἀντὶ
1559 729 1607 755 τοῦ
1623 729 1742 764 βλέπειν,
1759 730 1852 763 τηρεῖν
1864 729 1906 754 λέ-

1120 782 1224 806 γουσιν,
1245 773 1318 800 ἄλλοι
1342 773 1454 808 θεωρεῖν
1465 782 1472 789 ⁸
1497 773 1569 809 ἅπερ
1583 774 1622 805 είς
1635 773 1715 800 ἄλλον
1734 772 1794 799 νοῦν
1810 773 1906 809 ἐρχονο

1120 828 1176 852 ται,
1189 821 1212 846 εί
1226 819 1273 846 καί
1287 828 1347 846 τινα
1359 820 1513 854 οἰκειότητα
1526 819 1631 854 ἔχουσιν
1643 827 1650 835 ⁵
1665 819 1750 851 ἄλλοι,
1764 818 1904 850 κυτάξειν.

1121 866 1185 897 ἴσως
1202 866 1254 892 ἀπὸ
1275 865 1322 892 τοῦ
1336 866 1502 898 κυπτάζειν·
1519 866 1565 892 καὶ
1588 865 1612 892 οἱ
1637 865 1685 899 μὲν
1704 865 1838 900 Κυθήριοι
1856 866 1906 896 τὰς

1122 911 1239 946 μετοχὰς
1251 911 1360 946 ἔχουσιν
1375 912 1404 937 ὲν
1418 911 1557 946 συνηθείᾳ,
1572 910 1647 937 ἄλλοι
1661 910 1690 936 δὲ
1712 910 1843 940 σπανίως,
1858 910 1905 935 καὶ

1119 957 1168 991 οὐχ
1185 956 1221 987 ὡς
1236 956 1276 982 δεῖ
1287 964 1293 971 ·
1307 956 1354 982 καῖ.
1367 955 1441 982 ἄλλοι
1452 956 1482 982 τὺ
1494 956 1591 991 ἰδίωμα
1606 954 1695 987 ποσῶς
1712 955 1904 990 ἀναφέρουσιν·

1119 1001 1192 1028 ἄλλοι
1209 1002 1240 1028 τὺ
1257 1002 1334 1034 ἴδιον,
1353 1003 1400 1028 καὶ
1415 1001 1488 1028 ἄλλοι
1510 1002 1540 1028 τὸ
1555 1001 1653 1028 ποσόν·
1673 1000 1711 1036 μὴ
1726 1000 1905 1034 γινώσκοντες

1118 1047 1147 1073 δὲ
1160 1047 1189 1073 τὺ
1205 1047 1297 1073 παιάν’
1323 1047 1411 1073 καίτοι
1433 1046 1528 1082 ὥσπερ
1550 1046 1580 1073 τὸ
1597 1048 1672 1072 ποῖον
1694 1045 1905 1081 ἀοριστούμενον

1119 1091 1223 1124 γίνεται
1238 1091 1325 1122 ποιὸν,
1340 1090 1411 1118 οὕτω
1426 1091 1473 1117 καὶ
1488 1091 1517 1117 τὺ
1537 1091 1630 1122 πόσον,
1647 1090 1738 1117 ποσόν.
1760 1090 1904 1117 Ζακύνθιοι

1118 1136 1145 1162 δὲ
1166 1135 1286 1170 φιλοῦσιν
1319 1135 1390 1167 ίδίως
1407 1136 1499 1163 καλεῖν
1522 1135 1632 1166 σκοπὸν,
1649 1136 1710 1162 τινὰ
1730 1136 1794 1171 παρ’
1814 1135 1904 1166 αὐτοῖς

1119 1181 1245 1208 σκοπιάν.
1262 1181 1317 1208 Καὶ
1340 1181 1536 1216 Μηθυμναῖοι,
1565 1181 1697 1216 λειμῶνα,
1723 1181 1843 1208 λιϐάὸιόν
1864 1190 1902 1208 τι.

1118 1226 1240 1261 ’Δνέμων
1254 1227 1275 1253 δ’
1289 1227 1407 1261 ὀνόματα
1420 1227 1582 1262 κρειττόνως
1596 1227 1682 1253 οἴδασι
1695 1227 1811 1253 Πόντιοι.
1823 1223 1903 1253 Οὗτοι

1117 1274 1168 1299 οὐκ
1180 1273 1235 1307 ἔχω
1249 1272 1373 1306 λέγουσιν
1385 1280 1392 1287 ·
1409 1272 1478 1307 ὅπερ
1494 1272 1582 1307 ἕτεροι
1603 1272 1647 1298 ὁὲν
1667 1272 1732 1307 ἔχω.
1752 1272 1806 1300 Καὶ
1822 1272 1901 1307 Κρῆ-

1116 1328 1176 1350 τες·
1192 1319 1252 1345 ῖντα
1267 1318 1312 1349 θές
1324 1327 1331 1333 ·
1347 1318 1406 1344 ἀντὶ
1422 1317 1469 1344 τοῦ
1481 1318 1507 1343 τί
1521 1318 1607 1349 θέλεις
1617 1326 1623 1332 ·
1642 1318 1689 1345 καὶ
1701 1317 1727 1344 τί
1738 1318 1784 1349 λὲς
1797 1318 1901 1352 ἕτερον

1117 1365 1177 1391 ἀντὶ
1193 1365 1240 1391 τοῦ
1257 1364 1282 1391 τι
1300 1364 1399 1397 λέγεις.
1415 1364 1505 1399 "Amp
1517 1364 1589 1390 κατά
1604 1364 1759 1398 ἀφαίρεσιν,
1771 1364 1788 1398 ἢ
1805 1364 1904 1390 ἀποκο-

1117 1410 1170 1446 πήν
1186 1418 1216 1436 τε
1239 1410 1286 1436 καὶ
1309 1409 1448 1444 συγκοπὴν
1466 1409 1520 1436 τῶν
1537 1408 1677 1435 συλλαϐῶν
1693 1409 1765 1435 οὕτω
1778 1409 1902 1444 φέρεταν

1116 1455 1176 1490 ἦτοι
1191 1454 1246 1480 ἀπὸ
1259 1453 1306 1480 τοῦ
1320 1453 1396 1480 οὐδὲν
1413 1454 1538 1481 ’Λττικοῠ
1560 1454 1615 1484 δὲν,
1640 1454 1701 1480 ἀντὶ
1715 1453 1772 1486 τοῦ,
1787 1453 1818 1479 οῦ
1831 1461 1838 1468 ·
1854 1453 1902 1479 καὶ

1115 1500 1170 1527 ἀπὺ
1185 1500 1231 1527 τοῦ
1252 1501 1278 1527 τί
1292 1499 1331 1526 ενι
1346 1500 1377 1526 τὺ
1389 1519 1396 1532 ,
1419 1500 1465 1526 καὶ
1481 1500 1508 1526 τί
1531 1500 1570 1526 ἔνι
1586 1500 1631 1531 τὰ,
1645 1500 1719 1526 τίντο
1729 1519 1736 1531 ,
1753 1500 1800 1526 καὶ
1813 1499 1901 1531 τίντα,
1920 1499 1930 1508 “

1078 1557 1097 1585 C
1115 1546 1152 1577 ὡς
1169 1545 1245 1581 παρά
1261 1545 1395 1577 Λεσϐίοις.
1418 1545 1466 1577 Ἓξ
1482 1541 1513 1572 οὗ
1535 1545 1613 1580 παρὰ
1631 1545 1722 1580 Κρησὶ
1741 1545 1787 1571 καὶ
1809 1544 1902 1576 ἄλλοις

1116 1591 1259 1628 ῥᾳθύμοις,
1275 1591 1305 1617 τὸ
1320 1591 1388 1618 ῐντα.

1150 1713 1206 1740 Καὶ
1221 1712 1323 1748 σχεδὸν,
1345 1712 1422 1739 οὐδὲν
1438 1713 1486 1747 τῆς
1505 1712 1614 1746 Γραφῆς
1627 1711 1712 1746 ῥῆμα,
1729 1710 1798 1745 ὅπερ
1817 1709 1854 1745 μὴ
1870 1709 1899 1736 ἑν

1114 1760 1146 1794 τῇ
1163 1758 1311 1793 οἰκουμένῃ
1333 1757 1456 1792 φέρεται.
1482 1758 1514 1784 Εἰ
1533 1757 1561 1784 δὲ
1578 1757 1626 1784 καί
1646 1765 1707 1783 τινα
1727 1757 1758 1783 οὺ
1774 1757 1897 1792 φέρεται,

1113 1804 1189 1830 οὐδὲν
1209 1803 1380 1838 θαυμαστόν·
1398 1802 1484 1830 πολλὰ
1496 1803 1550 1838 γὰρ
1568 1803 1597 1828 ὲν
1609 1801 1678 1837 λήθῃ
1694 1801 1741 1828 καὶ
1756 1801 1897 1828 ἀλλοιώσει

1113 1850 1270 1884 γεγόνασιν,
1285 1849 1314 1881 ἐξ
1326 1848 1457 1883 ἀμελείας
1473 1849 1521 1874 καὶ
1535 1848 1584 1882 τῆς
1604 1847 1744 1881 ἐπιμιξίας
1759 1848 1813 1873 τῶν
1828 1847 1897 1882 βαρ-

1114 1895 1222 1930 ϐάρωνσ
1247 1894 1284 1925 ὡς
1309 1895 1338 1920 ὲν
1361 1895 1416 1925 τοῖς
1437 1894 1486 1928 ἠδη
1505 1893 1610 1928 ῥηθεῖσι
1639 1893 1752 1927 βραχέσι
1777 1893 1897 1927 ῥήμασιν

1113 1940 1311 1968 ἀποδέδεικται·
1325 1939 1394 1965 πόσα
1407 1939 1463 1974 γὰρ
1476 1938 1597 1973 ὀνόματα
1610 1938 1749 1969 πετεινῶν,
1761 1938 1895 1972 ἑρπετῶν,

1113 1985 1296 2021 τετραπόδων.
1307 1984 1526 2019 φυτῶν,ἰχθύων,
1545 1983 1672 2017 ζωῡφίων
1683 1993 1713 2010 τε
1728 1984 1776 2010 καὶ
1791 1983 1897 2011 κνωδά-

1113 2031 1177 2063 λων,
1190 2030 1238 2058 καὶ
1253 2030 1306 2057 τῶν
1321 2030 1421 2057 λοιπῶν
1436 2030 1490 2055 τῶν
1503 2030 1532 2056 ὲν
1547 2028 1586 2064 τῷ
1597 2029 1692 2063 κόσμῳ
1703 2029 1753 2055 οὐκ
1770 2028 1895 2063 οἵδαμενί

1114 2075 1175 2106 Πῶς
1186 2073 1233 2102 οὖν
1246 2074 1413 2105 ἀκούσαντες
1436 2075 1465 2100 ὲν
1480 2075 1512 2109 τῇ
1528 2073 1623 2109 Γραφῇ
1636 2072 1721 2099 ταῦτα
1736 2073 1876 2108 νοήσωμεν
1889 2082 1896 2104 ;

1113 2121 1160 2148 καὶ
1171 2121 1225 2156 γὰρ
1236 2119 1374 2155 καταρχὰς
1385 2119 1420 2145 τὰ
1431 2119 1551 2153 ὀνόματα
1564 2118 1694 2153 ὲτέοησάν
1705 2126 1736 2144 τε
1750 2118 1796 2144 καὶ
1807 2117 1898 2152 διωρί-

1114 2167 1216 2201 σθησαν
1229 2166 1337 2200 ἑκάστῳ
1351 2165 1415 2191 εῖδει
1429 2165 1482 2191 τῶν
1497 2164 1654 2200 κτισμάτων
1663 2173 1670 2180 ·
1686 2164 1729 2190 διὰ
1739 2164 1789 2198 τὴν
1801 2163 1898 2198 χρῆσιν

279 2219 339 2239 rnm
360 2212 459 2246 speciei
473 2219 488 2238 a
506 2211 640 2246 principio
653 2211 764 2238 nomina
777 2211 903 2245 imposita
919 2219 952 2238 ac
968 2211 1060 2238 deter-

1116 2213 1161 2239 καὶ
1175 2212 1308 2246 ὠφέλειαν
1324 2211 1372 2246 τὴν
1382 2211 1412 2243 ἐξ
1427 2211 1528 2243 αὐτῶν,
1542 2210 1648 2242 καὶτὰς
1665 2210 1810 2245 διαφόρους
1821 2211 1898 2244 ἐνερ-

279 2258 382 2285 minata
401 2257 486 2290 fuere,
515 2257 664 2285 secundum
682 2265 773 2289 usum.
790 2258 991 2292 adjumentum.
1015 2262 1062 2284 aut

278 2303 368 2330 varias
393 2303 520 2329 virtutes.
546 2302 651 2329 Dicitur
673 2302 796 2330 Adamus
819 2309 916 2330 omnes
933 2303 1060 2337 pecudes,

278 2357 374 2377 omnes
389 2349 450 2376 emli
464 2349 600 2379 volucres.
623 2356 775 2384 omnesque
800 2353 879 2376 terrae
893 2348 994 2376 bestias
1012 2355 1063 2375 no-

278 2395 400 2424 miuiltus
413 2402 536 2426 vocasse,
553 2394 626 2422 sicut
642 2398 669 2422 et
687 2394 819 2422 Solomon
836 2399 973 2422 astrorum
989 2393 1064 2428 posi-

279 2446 334 2474 tus,
361 2441 514 2475 plantarum
540 2440 749 2474 graminumque
775 2445 899 2468 naturas.
924 2439 1061 2467 Interdum

279 2492 371 2514 autem
391 2487 437 2520 qui
456 2486 536 2521 longe
552 2486 579 2512 in
594 2486 666 2520 agris
680 2486 806 2513 habitant
823 2486 910 2521 magis
925 2486 1063 2514 llellenico

279 2532 455 2566 tt'cbniceque
470 2540 551 2566 quam
566 2533 612 2566 qui
628 2532 719 2564 urbes,
736 2536 846 2566 propter
860 2531 1065 2565 simplicitatem

278 2579 428 2612 loquuntur
444 2587 449 2604 :
465 2577 592 2611 oppidani
616 2577 688 2603 enim
711 2584 743 2604 ex
761 2584 830 2603 vana
858 2577 944 2611 gloria
961 2577 1061 2612 stylum

280 2629 416 2651 tentantes
445 2623 471 2649 in
502 2623 696 2658 speciosiorem
730 2628 846 2654 mutare,
873 2627 1061 2657 corrumpunt,

279 2676 456 2705 paganosque
471 2674 499 2695 ct
513 2673 637 2698 agrestes
661 2668 823 2694 cavillantur
837 2673 864 2695 et
881 2668 1062 2698 subsannant,

279 2718 374 2752 sicque
392 2716 560 2750 alienigenas
588 2715 712 2746 irrident,
734 2719 762 2741 ut
778 2722 845 2749 gens
862 2719 981 2748 gentem,
999 2713 1063 2740 urbs

279 2763 374 2790 urbem
386 2782 393 2794 ,
419 2770 452 2790 ex
472 2769 505 2789 eo
521 2761 594 2796 quod
612 2769 666 2788 non
690 2761 771 2787 verba
785 2761 880 2787 eadem
905 2760 1062 2793 loquantur,

278 2807 352 2842 quod
369 2806 503 2834 aﬂirmant
519 2806 683 2833 nescientes.
700 2805 737 2832 Ita
751 2813 795 2832 res
809 2809 915 2832 suntex
935 2805 1064 2838 ignoran-

281 2850 330 2883 tia,
353 2856 381 2878 ut
404 2850 506 2878 dictum
522 2855 573 2878 est.
594 2849 664 2877 Deus
689 2849 715 2876 in
742 2849 888 2884 principio,
905 2853 933 2874 ut
950 2847 1060 2874 domum

1113 2257 1200 2291 γείας.
1223 2257 1351 2284 Ἑκὰλεσε
1375 2257 1438 2290 γὰρ,
1460 2257 1552 2291 φησιν,
1573 2256 1658 2291 ’Λδάμ
1688 2256 1808 2291 ὀνόματα
1831 2256 1897 2282 πᾶσι

1112 2305 1169 2335 τοῖς
1189 2303 1318 2337 κτήνεσι,
1335 2303 1382 2329 καὶ
1397 2303 1465 2329 πᾶσι
1484 2303 1541 2334 τοῖς
1556 2303 1688 2333 πετεινοῖς
1709 2301 1755 2328 τοῦ
1771 2300 1896 2336 οὐρανοῦ,

1113 2350 1160 2376 καὶ
1181 2351 1247 2376 πᾶσι
1261 2351 1317 2381 τοῖς
1337 2349 1440 2385 θηρίοις
1456 2350 1505 2384 τῆς
1520 2350 1580 2384 γῆς.
1601 2349 1681 2376 Ἀλλά
1700 2349 1747 2376 καὶ
1772 2348 1897 2382 Σολομῶν

1112 2393 1183 2422 οἶδεν
1190 2395 1312 2430 ἀστέρων
1324 2395 1423 2427 θέσεις,
1437 2394 1483 2420 καὶ
1495 2394 1586 2428 φυτῶν
1599 2395 1694 2427 φύσεις
1708 2394 1754 2419 καὶ
1766 2392 1896 2427 βοτανῶν.

1115 2441 1192 2467 Ἐστι
1207 2441 1228 2466 δ’
1243 2441 1287 2467 ὅτε
1302 2442 1350 2467 καὶ
1363 2441 1386 2466 οἱ
1400 2441 1482 2476 τηλοῦ
1495 2440 1549 2475 τῶν
1573 2439 1665 2475 ἀγρῶν
1678 2438 1815 2469 οἰκοῦντες
1838 2431 1898 2464 Ἐλξ

1113 2484 1295 2520 ληνικώτερόν
1324 2492 1354 2511 τε
1381 2485 1428 2511 καὶ
1451 2484 1648 2519 τεχνικώτερον
1678 2483 1824 2514 λαλοῦντες
1844 2482 1898 2508 τῶν

1114 2530 1238 2557 ἀστυκῶν
1251 2530 1280 2563 ἐξ
1299 2530 1448 2564 ἁπλότητος
1459 2538 1466 2546 ·
1483 2531 1506 2556 οἱ
1523 2529 1578 2563 γὰρ
1595 2529 1665 2555 κατὰ
1679 2528 1728 2559 τὰς
1746 2528 1848 2558 τξόλεις,
1866 2528 1899 2553 ἐκ

1114 2575 1277 2608 κενοδοξίας,
1296 2577 1335 2607 είς
1352 2575 1382 2602 τὸ
1396 2575 1644 2610 εὐσχημονέστερον
1657 2574 1814 2608 βουλόμενοι
1834 2581 1898 2607 μετ-

1114 2621 1226 2652 αγαγεῖν
1241 2620 1289 2650 τὰς
1304 2618 1402 2651 λέξεις,
1419 2619 1518 2653 μᾶλλον
1534 2618 1691 2652 φθείρουσι·
1709 2617 1755 2644 καὶ
1768 2617 1829 2649 τοὺς
1844 2626 1899 2643 κω⁹

1116 2666 1204 2700 μήτας
1217 2665 1264 2691 καὶ
1279 2664 1424 2699 ἀγροίκους
1436 2664 1541 2697 ἀλόγως
1557 2663 1713 2689 σκώπτουσι
1727 2664 1774 2688 καὶ
1793 2669 1898 2696 μυκτη-

1116 2711 1231 2746 ρὶζουσι,
1249 2711 1350 2745 ὁμοίιος
1366 2711 1412 2737 καὶ
1431 2712 1487 2741 τοῖς
1500 2709 1658 2740 ἀλλοδαποῖς
1678 2708 1836 2742 ὲπιγελῶσι,
1852 2708 1898 2734 καὶ

1114 2757 1200 2789 ἔθνος,
1218 2756 1290 2782 ἔθνει
1306 2757 1402 2792 ἑτέρῳ,
1430 2756 1476 2783 καὶ
1492 2756 1581 2788 πόλις,
1599 2754 1686 2786 πόλει,
1704 2755 1745 2781 ὅτι
1765 2754 1795 2780 οὐ
1812 2753 1898 2779 ταὺτά

1114 2801 1240 2828 λαλοῦσι·
1259 2802 1295 2837 μὴ
1308 2802 1407 2833 εἰδότες
1424 2801 1441 2829 a
1455 2801 1683 2828 διαϐεϐαιοῦνται.
1700 2799 1794 2826 Ταῦτα
1804 2799 1832 2826 δὲ
1847 2800 1899 2826 πά-

1115 2855 1224 2881 σχουσιν
1247 2846 1277 2881 ἐξ
1292 2847 1411 2882 ἀμαθίας
1431 2847 1468 2879 ὡς
1485 2848 1603 2882 εἴρηται.
1635 2845 1664 2872 '0
1684 2845 1741 2880 γὰρ
1761 2845 1827 2876 Θεὸς
1853 2844 1897 2876 ἒξ-
