2051 3154
171 227 236 262 1381

639 226 738 258 νιΤΑ.
758 237 792 242 -
815 222 1118 253 COMMENTARIUS
1134 222 1320 254 PMVIUS.

1520 194 1594 203 ν-›ν>

1731 222 1799 256 1382

169 287 273 324 probus
296 285 398 314 eﬂiciar
413 284 434 321 (Ι
459 283 523 312 Cor.
540 291 588 317 vti,
600 284 667 319 27);
687 282 825 318 quomodo
839 289 899 317 ego,
913 281 959 316 qui
975 283 996 311 A
1011 280 1172 309 beatissimo
1186 281 1341 315 patriarcha
1365 282 1650 318 Constantinopoleos.
1675 282 1757 311 Multa
1772 288 1801 312 et

168 333 197 361 in
210 331 313 360 mundo
325 335 518 362 conversatus,
531 334 628 358 etcum
643 329 721 357 laicis
734 332 957 359 connumeratus.

169 379 197 406 iu
218 377 401 413 imperatoriis
415 375 701 403 administrationibus
710 374 835 406 militavi,
848 373 888 401 sic
895 373 958 400 abs-

168 431 222 459 que
248 421 418 457 judicatione
442 425 525 456 atque
563 420 811 454 circumspectione
846 426 958 454 possum

168 469 275 497 insilire
301 467 335 495 ad
352 467 500 495 sacerdotii
523 466 759 502 magnitudinem?
784 464 956 492 Horrendum

166 522 301 543 conamen
319 513 354 541 ad
373 513 549 548 exiguitatem
566 520 654 539 meam
669 516 697 539 et
712 511 886 539 temerarium
899 514 958 538 stu-

165 560 258 588 dium.
274 559 365 587 Causa
388 565 453 586 vero
467 558 575 585 timoris
589 562 616 585 et
632 557 803 585 refutatiottis
818 564 885 584 mea:
900 556 958 583 haec

168 611 219 635 est.
235 605 348 641 Aspicio
361 609 388 633 et
399 604 478 632 video
489 603 653 644 Ecclesiam,
668 611 730 639 quae
744 610 825 638 supra
840 606 955 638 petram,

168 652 308 680 Christum
326 652 471 679 Dominum
487 655 623 684 nostrum,
644 650 755 678 fundata
772 654 826 680 est.
843 649 956 676 scissam

168 705 242 725 nunc
257 701 285 724 et
299 697 427 729 divisam,
443 701 471 725 et
483 704 533 724 nos
548 696 600 724 alia
617 700 699 731 atque
711 696 790 723 aliter
802 695 956 730 loquentes,

167 747 195 770 et
210 742 289 770 aliter
309 749 357 769 eos
370 741 553 774 Christianos,
569 741 616 776 qui
638 741 666 768 in
682 741 793 768 Oriente
811 740 892 767 unius
906 746 957 768 no-

167 789 275 816 biscum
293 788 355 815 ﬁdei
369 791 443 821 sunt,
460 788 507 816 sed
518 793 546 815 et
557 788 600 815 his
614 787 812 826 concordantes
825 785 957 813 Occiden-

168 834 256 862 tales:
275 841 325 861 nos
340 833 375 861 ab
386 833 514 861 omnibus
538 833 591 860 illis
617 833 764 865 alienatos,
790 836 817 859 et
831 839 846 858 a
864 839 894 859 se
910 839 958 866 per

167 879 290 915 singulos
301 879 360 907 dies
374 879 630 907 anathematizatos.
651 878 713 905 Dira
732 885 813 913 pmna
832 882 874 905 est
890 885 956 905 ana-

168 925 270 958 thema,
287 926 384 960 procul
401 933 417 953 a
440 925 496 953 Deo
510 925 621 958 emittit,
638 929 665 952 et
683 932 699 952 a
717 932 803 960 regno
823 925 956 952 calorum

1010 333 1108 362 magna
1124 327 1296 361 providentia
1318 327 1454 356 Dominus
1472 327 1544 356 Deus
1569 329 1709 356 hominum
1729 330 1800 358 vitas

1008 380 1117 406 regens,
1129 377 1157 400 et
1169 373 1345 407 protrahens,
1359 379 1441 409 atque
1457 372 1619 409 proventum
1632 375 1694 402 vitae
1705 375 1802 403 unius-

1007 418 1142 452 cujusque
1157 418 1281 446 consulte
1295 418 1434 448 deducens
1460 420 1531 455 (sine
1547 421 1607 455 ipso
1620 429 1740 455 namque
1757 421 1800 448 fa-

1008 460 1084 492 ctum
1098 469 1146 491 rest
1163 464 1242 498 nihil,
1257 465 1322 500 quia
1343 470 1370 492 et
1385 467 1474 500 capilli
1489 467 1586 501 capitis
1601 467 1685 494 nostri
1703 475 1799 495 nume-

1008 509 1060 536 r‘ati
1078 514 1142 536 sunt
1154 510 1203 544 ei),
1218 513 1246 536 et
1262 517 1305 538 me
1323 509 1349 537 in
1361 510 1496 537 laicorum
1511 511 1606 538 ordine
1620 519 1707 546 usque
1725 520 1799 540 nunc

1007 561 1248 586 eonuumeratum,
1264 560 1291 583 ct
1307 556 1496 590 imperialibus
1512 557 1670 584 ministeriis
1684 557 1798 592 deputa-

1008 605 1076 634 tntn,
1101 602 1205 634 nescio,
1228 602 1327 636 quibus
1341 602 1453 636 iudiciis
1470 602 1528 637 ipse
1549 602 1624 636 fecit,
1648 605 1676 630 in
1704 604 1798 631 cathe-

1006 646 1083 673 dram
1097 647 1283 681 pontiﬁcalem
1296 648 1396 680 evexit,
1415 648 1524 675 hortatu
1540 648 1629 675 valido
1645 656 1660 675 a
1677 649 1798 676 veritatis

1006 692 1270 727 propugnatoribus,
1286 692 1418 726 piissimis
1440 693 1566 721 videlicet
1586 702 1618 721 ac
1638 694 1799 722 ortliodoxis

1008 738 1224 772 imperatoribus
1240 739 1342 766 nostris
1359 743 1442 774 atque
1463 740 1647 767 sanctissimis
1664 740 1799 775 episcopis

1007 787 1054 807 seu
1070 781 1178 809 clericis
1192 782 1218 809 in
1232 790 1274 808 me
1290 782 1423 810 violenter
1433 783 1540 815 ell'ccto,
1557 784 1600 811 cui
1616 785 1800 814 succumbens

1008 827 1112 858 annui,
1140 833 1169 855 et
1204 829 1365 856 nbedientia:
1402 829 1520 857 fructum
1559 831 1602 857 his
1631 831 1798 865 carpendum

1008 871 1144 901 commisi.
1172 873 1205 901 Et
1223 882 1291 910 rogo
1316 883 1365 902 vos
1390 875 1594 909 sanctissimos,
1615 881 1643 903 ut
1669 882 1798 911 tanquam

1009 923 1098 953 patres
1120 927 1163 946 me
1196 921 1400 954 pusillanimem
1428 921 1525 948 baculo
1538 923 1678 957 potentias,
1702 923 1728 949 id
1744 927 1798 955 catt,

166 958 297 1005 expellit;
307 971 412 999 ducens
426 972 454 998 in
468 971 596 999 tenebras
615 958 775 999 exteriores.
797 971 890 998 Nescit
905 969 956 998 Ec-

1013 964 1132 999 paternis
1145 966 1245 994 vestris
1261 967 1425 1001 magisteriis
1442 967 1559 996 l'ulciatis
1580 977 1587 996 :
1603 973 1630 996 ct
1646 969 1726 995 veluti
1741 969 1799 996 fra-

167 1015 257 1045 clesiaa
272 1017 315 1044 lex
335 1017 377 1044 vel
397 1017 531 1045 terminus
545 1022 648 1045 sectam
665 1018 722 1044 sive
742 1017 957 1049 contentionem,

166 1061 214 1089 sed
228 1063 300 1090 sicut
322 1063 397 1090 novit
414 1064 543 1090 conliter'r
553 1071 635 1090 unum
659 1063 754 1095 Deum,
769 1070 850 1090 unum
867 1063 957 1098 bapti-

167 1115 237 1140 sma,
254 1115 336 1134 unam
354 1108 445 1141 Iidem,
462 1108 499 1134 ita
517 1112 543 1135 et
557 1108 731 1135 concordiam
747 1114 827 1134 unam
843 1106 871 1133 i'n
882 1106 957 1134 oatui

164 1154 352 1181 ecclesiastico
376 1154 494 1189 negotio.
518 1153 592 1180 Nihil
606 1153 679 1180 enim
698 1158 741 1180 est
764 1153 791 1180 in
808 1152 956 1187 conspectu

166 1198 213 1226 Dei
228 1203 282 1226 tam
299 1203 442 1234 acceptum
462 1205 544 1234 atque
565 1199 708 1234 placabile,
725 1206 806 1233 quant
828 1203 857 1225 ut
873 1206 955 1225 unum

166 1244 263 1276 simus,
277 1242 304 1272 et
315 1253 366 1272 una
381 1245 514 1272 eilieiatur
529 1245 663 1276 catholica
679 1244 811 1276 Ecclesia,
825 1244 956 1278 quemad-

166 1290 276 1319 modum
290 1290 317 1316 in
333 1290 447 1317 sincerae
460 1295 563 1317 nostra:
574 1290 634 1317 tidei
646 1289 770 1325 symbolo
783 1289 954 1316 comitentur.

166 1335 199 1362 Et
217 1336 334 1370 petimus
356 1343 417 1367 nos,
436 1335 546 1368 fratres,
563 1339 592 1362 ut
611 1343 685 1368 reor,
701 1340 728 1362 et
751 1342 808 1368 vos,
824 1335 955 1369 quoniam

166 1380 225 1407 scio
241 1380 366 1407 timorem
382 1388 430 1408 vos
444 1380 489 1407 Dci
509 1381 619 1412 habere,
634 1388 648 1406 a
665 1380 798 1414 piissimis
816 1386 842 1407 et
861 1381 956 1407 ortho-

165 1426 245 1454 doxis
268 1426 480 1461 imperatoribus
497 1426 599 1454 nostris
624 1428 757 1461 synodum
774 1426 955 1453 universalem

166 1472 267 1507 colligi,
281 1478 310 1499 ut
322 1472 470 1499 elliciamur
490 1476 516 1501 et
538 1480 602 1505 nos,
619 1472 665 1507 qui
684 1469 765 1499 unius
780 1471 826 1498 Dei
849 1479 958 1504 sumus,

166 1525 251 1544 unum
269 1526 276 1544 ε
292 1522 319 1544 et
339 1518 385 1552 qui
401 1517 543 1545 Trinitatis
568 1517 687 1545 cultores
702 1517 860 1544 exsistimus
877 1516 955 1548 uniti,

165 1566 193 1589 et
207 1562 350 1592 unanimes
361 1567 389 1590 et
399 1563 510 1597 collega:
524 1571 530 1589 :
544 1567 571 1589 et
585 1563 630 1598 qui
644 1563 741 1597 capitis
754 1563 839 1590 nostri
853 1562 956 1590 Christi

167 1615 274 1640 sumus,
295 1608 444 1635 eﬂiciamur
461 1615 562 1643 corpus
577 1615 662 1635 unum
687 1613 859 1643 compactum
875 1613 957 1641 atque

166 1660 320 1680 connexum
340 1662 347 1681 :
368 1657 395 1680 ct
410 1653 457 1688 qui
481 1654 568 1680 sancti
587 1653 707 1688 Spiritus
731 1661 837 1684 sumus,
856 1653 955 1680 cilicia—

167 1707 229 1726 mur
250 1707 302 1726 non
320 1704 415 1726 contra
439 1700 567 1733 invicem,
587 1700 632 1726 sed
650 1707 699 1733 pro
715 1699 831 1726 invicem
846 1708 852 1726 :
865 1704 892 1726 et
910 1700 956 1734 qui

167 1745 292 1772 veritatis
318 1745 490 1777 exsistimus,
517 1744 798 1780 eiIiciamuridipsum
822 1747 957 1780 sapientes

168 1795 249 1824 atque
274 1790 408 1822 dicentes,
429 1795 456 1817 et
474 1798 527 1817 non
542 1790 579 1818 sit
598 1790 629 1817 in
650 1791 728 1818 nobis
746 1796 882 1819 certamen
901 1791 958 1818 sive

167 1837 313 1868 dissensio,
336 1841 365 1863 ut
385 1844 437 1870 pax
455 1835 513 1871 Dei,
529 1844 590 1871 quae
606 1842 750 1872 chuperat
769 1844 877 1864 omnem
895 1844 957 1864 sett-

168 1889 240 1913 sum,
260 1882 364 1909 muniat
385 1890 446 1909 nos.
463 1882 497 1908 Et
524 1883 547 1909 si
571 1883 678 1918 quidem
701 1883 835 1918 jusserth
860 1882 957 1910 ortho-

168 1927 257 1954 doxiae
275 1933 503 1963 propugnatores,
524 1929 700 1963 imperatores
719 1928 844 1955 videlicet
858 1928 955 1960 nostri,

168 1966 348 2008 postulationi
375 1982 442 2001 int-:e
469 1982 600 2006 annuere,
620 1975 762 2002 c0nscntio
779 1978 806 2001 et
820 1981 880 2008 ego.
908 1973 956 2000 Sin

169 2026 272 2052 autem,
294 2020 462 2054 impossibile
478 2025 519 2047 est
544 2020 612 2048 mihi
630 2021 682 2047 hoc
704 2020 804 2052 facere,
823 2027 856 2047 ne
872 2020 957 2054 subj-i-

168 2068 228 2094 ciar
248 2067 426 2098 anathemati,
450 2072 476 2092 et
494 2066 616 2093 inveniar
637 2067 836 2094 condemnatus
861 2067 887 2093 in
914 2067 957 2094 die

168 2109 278 2137 Domini
294 2111 380 2137 nostri
397 2115 424 2137 et
437 2110 583 2144 justis’sitni
598 2109 712 2141 Indicis,
734 2111 778 2137 ubi
795 2119 883 2146 neque
903 2111 956 2138 im—

169 2163 291 2192 perator,
310 2165 399 2192 neque
425 2158 565 2188 sacerdos,
591 2163 679 2190 neque
704 2156 851 2190 principes,
870 2163 957 2190 neque

169 2203 311 2230 hominum
330 2203 477 2231 multitudo
502 2202 602 2237 poterit
622 2202 726 2236 eripere
754 2210 806 2229 me.
829 2202 861 2227 Et
876 2202 957 2236 quid-

169 2248 234 2283 quid
252 2249 384 2283 placuerit
404 2248 500 2280 vobis,
518 2248 632 2282 _l'ratres,
652 2247 714 2274 date
738 2247 868 2282 apologis:
891 2255 957 2274 nicas

171 2301 226 2320 uno
240 2293 322 2320 verbo
335 2293 495 2320 aSSertionis
514 2298 610 2319 vestrae
625 2292 735 2319 redditae
753 2292 875 2326 petitioni
891 2300 956 2319 mea:

170 2347 359 2373 responsum.»
371 2339 404 2366 Et
413 2339 528 2366 libenter
540 2339 801 2371 audieruntomnes,
813 2346 873 2373 quae
885 2339 955 2366 dicta

170 2389 244 2416 sunt,
268 2393 432 2413 consensum
460 2384 621 2418 praebentes,
649 2388 679 2410 ut
704 2384 780 2411 lierct
802 2385 956 2420 synodus...

158 2430 264 2465 ,Itaqtte
280 2439 328 2457 vui
351 2430 465 2457 Kalend.
488 2429 601 2457 Januar'.
617 2434 719 2456 octava:
739 2429 834 2456 indirt.
860 2437 957 2457 conse-

158 2469 263 2504 ‘cratus
275 2481 316 2504 est
336 2477 426 2503 almus
441 2475 520 2503 Pater
535 2479 629 2502 noster
652 2473 781 2502 Tal-asins
803 2476 958 2510 patriarcha

172 2522 490 2556 Coustautinopo‘litanus
510 2517 555 2555 qui
580 2520 671 2547 missis
688 2518 802 2546 Romam
820 2515 958 2555 synodicis

171 2567 229 2596 suis
244 2573 269 2594 et
294 2567 387 2595 libello
412 2567 474 2594 lidci
499 2561 555 2594 suae
571 2570 697 2601 receptus
722 2570 763 2593 est
791 2566 824 2592 ab
838 2567 958 2593 Adriano

172 2623 251 2650 papa.
272 2613 335 2642 "(EC
349 2614 418 2649 apud
441 2613 615 2640 Anastasium
642 2612 831 2648 Theophanes.
859 2611 958 2639 Verum

171 2668 211 2687 etc
224 2660 256 2686 ad
271 2660 424 2694 pontificem
441 2657 595 2685 Romanum
610 2658 706 2685 littera:
721 2658 871 2693 perierunt,
889 2667 959 2693 quas

171 2713 204 2732 ex
224 2705 344 2739 ejusdem
359 2703 497 2739 pontiﬁcis
518 2711 650 2738 responso
666 2703 843 2736 arbitramur,
864 2704 959 2737 paucis

172 2751 224 2779 sub
243 2750 323 2777 linem
343 2750 465 2780 mutatis,
487 2749 590 2776 similes
610 2749 672 2776 aliis
694 2749 804 2780 litteris,
829 2757 890 2783 quae
911 2757 959 2776 ex-

172 2798 245 2823 stant
257 2794 371 2821 Actione
387 2793 403 2820 3
417 2792 513 2828 synodi
528 2793 542 2819 ’1
555 2800 617 2819 cum
632 2794 682 2830 hac
698 2792 876 2827 inscriptione
898 2801 904 2819 :

208 2841 235 2869 7.
262 2852 272 2868 ι
295 2841 440 2877 Exemplar
455 2841 618 2873 litterarum,
638 2848 699 2875 quze
719 2840 809 2868 missas
838 2844 903 2868 sunt
925 2840 958 2867 ad

173 2895 296 2915 summos
303 2887 459 2915 sacerdotes
466 2891 493 2915 et
503 2886 657 2922 sacerdotes
666 2885 828 2919 Antiochiae,
840 2886 959 2914 Alexan-

173 2934 249 2969 driae,
266 2939 295 2962 ct
309 2938 411 2962 sancite
427 2926 546 2962 civitatis
567 2940 583 2960 a
599 2930 713 2961 Tarasio
733 2931 910 2960 sanctissimo
933 2937 959 2960 et

289 2974 367 2980 .-ω-‹
376 2975 417 2981 ...μ
425 2977 494 2982 -.-ν-ο
501 2978 524 2981 ---
551 2978 603 2984 ητα,
613 2978 720 2988 δην-μηκ-
731 2980 791 2985 an...
805 2980 811 2982 -

1010 1013 1063 1037 tres
1084 1010 1161 1044 puris
1182 1011 1356 1039 orationibus
1376 1013 1475 1040 vestris
1498 1021 1549 1040 nos
1569 1020 1632 1040 cum
1657 1018 1798 1040 armatura

1010 1054 1055 1082 Dei
1067 1061 1164 1083 contra
1178 1058 1315 1085 versutias
1331 1059 1436 1093 antiqui
1452 1059 1543 1087 hostis.
1555 1060 1646 1094 atljuv.
1656 1062 1701 1093 tis,
1717 1065 1798 1096 atque

1007 1099 1138 1129 ﬂuctibus
1165 1103 1281 1130 invicem
1309 1105 1486 1138 surgentibus
1509 1106 1681 1133 vacillantcui
1698 1107 1798 1141 guber-

1007 1146 1097 1178 netis,
1121 1153 1256 1187 quatenus
1275 1150 1427 1184 pertingam
1455 1151 1488 1177 ad
1516 1157 1624 1185 portum
1650 1153 1796 1180 voluntatis

1007 1191 1110 1219 Christi
1127 1193 1174 1226 Dei
1191 1195 1328 1222 nostri....
1349 1195 1427 1223 Nunc
1441 1201 1533 1223 autuu
1556 1197 1590 1223 ad
1606 1197 1685 1223 aliam
1706 1198 1795 1226 inten-

1009 1239 1108 1266 tionem
1122 1240 1231 1267 dicendi
1249 1242 1418 1276 progredior.
1436 1243 1506 1275 Quia
1521 1244 1595 1270 enim
1614 1245 1703 1278 prisca
1721 1253 1796 1280 quaa-

1007 1285 1081 1318 dam,
1099 1291 1136 1319 ct,
1154 1292 1183 1313 ut
1198 1288 1290 1315 verius
1313 1288 1458 1320 l'atcatmtr,
1476 1289 1625 1324 apostolica
1639 1291 1753 1317 traditio
1768 1292 1795 1319 in

1008 1332 1138 1358 omnibus
1163 1331 1292 1360 [iecit-siis
1313 1334 1437 1367 inolevit,
1459 1340 1488 1360 ut
1503 1334 1540 1366 hi,
1565 1335 1611 1368 qui
1628 1335 1662 1362 ad
1684 1337 1795 1370 pontiﬁ-

1007 1378 1079 1404 citun
1095 1378 1293 1416 provehantur,
1327 1379 1545 1413 praecedentibus
1580 1389 1608 1408 se
1646 1381 1673 1407 in
1699 1383 1794 1409 eodem

1007 1423 1105 1450 ordine
1128 1425 1247 1458 qualiter
1270 1433 1298 1451 se
1322 1426 1449 1457 habeant,
1476 1434 1537 1460 qua:
1558 1434 1615 1453 stite.
1631 1427 1692 1454 tidei
1719 1432 1794 1461 sunt,

1006 1471 1168 1503 exponendo
1189 1471 1397 1504 con’tmcndent;
1426 1473 1515 1500 visum
1542 1478 1584 1499 est
1599 1479 1624 1500 et
1650 1474 1795 1501 milii‘hoc

1007 1517 1121 1543 scctanti
1144 1525 1186 1544 me
1202 1517 1280 1544 vobis
1302 1518 1449 1550 inclinare,
1462 1524 1489 1545 et
1515 1519 1620 1554 liquido
1641 1520 1794 1548 confessio-

1008 1569 1070 1588 nem
1098 1563 1286 1596 pronuntiare,
1314 1565 1546 1598 quemadmodum
1572 1574 1587 1592 a
1608 1567 1682 1593 tubis
1705 1566 1795 1594 sancti

1009 1606 1138 1642 Spiritus,
1155 1615 1271 1643 quarum
1291 1617 1377 1636 sonus
1402 1610 1429 1636 in
1448 1618 1556 1637 omnem
1581 1615 1682 1638 terram
1701 1613 1795 1645 exivit,

1008 1659 1035 1681 et
1048 1654 1075 1680 in
1093 1654 1161 1681 iines
1177 1660 1257 1681 terra:
1270 1655 1362 1687 vei-ha,
1374 1661 1401 1682 et
1418 1656 1452 1683 ab
1465 1664 1559 1683 earum
1576 1657 1695 1685 alumnis
1715 1663 1797 1693 atque

1009 1701 1139 1732 asseclis,
1166 1701 1364 1729 sacratissimis
1389 1702 1515 1729 videlicet
1539 1702 1667 1731 Patribus
1695 1705 1797 1732 nostris

1008 1747 1152 1778 educatus,
1172 1755 1203 1773 ex
1231 1747 1296 1781 ipsis
1318 1747 1447 1775 mollibus
1465 1749 1573 1783 ungulis
1592 1749 1686 1777 didici.
1708 1751 1797 1778 Credo

1008 1791 1038 1818 in
1066 1799 1150 1818 unum
1170 1791 1316 1820 Dcum.....
1333 1791 1471 1827 Expetens
1485 1795 1566 1820 etiam
1584 1794 1796 1823 intercessiones

1008 1836 1191 1863 sanctissimas
1216 1840 1242 1863 ct
1270 1837 1441 1864 intcmerata:
1471 1837 1591 1866 Dominae
1621 1847 1720 1866 nostra:
1748 1840 1794 1869 Dei

1008 1881 1153 1909 Genitricis
1175 1886 1202 1909 ct
1222 1877 1329 1916 semper
1358 1881 1475 1916 Virginis
1501 1883 1603 1915 Mariae,
1627 1891 1798 1912 sanctorum-

1007 1936 1061 1962 que
1076 1929 1245 1963 angelorum,
1264 1933 1292 1955 et
1309 1935 1465 1956 sanctorum
1489 1935 1514 1957 et
1531 1931 1795 1962 gloriosissimorum

1008 1974 1206 2007 apostolorum,
1234 1974 1446 2008 prophetarum,
1473 1981 1635 2011 martyrum,
1655 1976 1797 2004 confesso-

1009 2026 1068 2045 rum
1087 2024 1115 2045 et
1134 2019 1293 2052 doctorum;
1318 2020 1442 2059 salutans
1462 2025 1487 2048 et
1506 2021 1675 2048 venerabiles
1701 2022 1798 2049 iconas

1007 2071 1114 2097 eorum,
1134 2068 1160 2092 et
1189 2073 1298 2092 outnem
1320 2067 1475 2094 literrticatu
1492 2060 1656 2094 abominatis
1680 2073 1798 2095 conten-

1009 2108 1171 2135 tionem..."
1196 2108 1309 2144 Recipio
1325 2111 1407 2138 etiam
1434 2117 1542 2138 sanctas
1566 2116 1593 2139 et
1626 2113 1797 2140 universales

1008 2161 1055 2181 sex
1071 2155 1202 2190 synodos,
1225 2160 1252 2182 et
1271 2164 1364 2183 catum
1388 2157 1477 2183 divina
1498 2157 1627 2192 dogmata.
1649 2159 1749 2191 pariter
1769 2163 1818 2186 ct.

1007 2201 1147 2229 doctrinas
1165 2208 1293 2237 tanquam
1314 2211 1375 2237 quire
1399 2203 1489 2230 divina
1513 2204 1692 2238 inspiratione
1717 2204 1799 2232 nobis

1008 2248 1106 2276 tradita
1134 2249 1254 2275 luerunt.
1272 2258 1281 2274 ι
1303 2249 1404 2276 Omitto
1428 2251 1533 2284 reliqua
1552 2259 1613 2277 cum
1629 2252 1796 2278 ,eoruntdem

1007 2291 1229 2320 Patriarcharum
1263 2293 1297 2321 ad
1323 2299 1449 2330 sanctum
1479 2294 1621 2321 'l‘arasiutn
1650 2302 1792 2328 responso.

1010 2338 1130 2366 Snﬂiciat
1149 2347 1212 2374 pars
1233 2339 1323 2374 aliqua
1348 2340 1470 2374 cpistola:
1497 2339 1608 2365 Adriani
1632 2347 1716 2373 papm,
1739 2347 1795 2373 qua

1008 2385 1046 2412 illi
1075 2386 1234 2420 respondet,
1254 2393 1336 2420 quam
1362 2388 1428 2412 citat
1442 2385 1523 2412 etiam
1548 2383 1702 2413 Nicotaus]
1724 2393 1795 2420 papa

1008 2431 1087 2465 epist.
1102 2431 1118 2457 6
1134 2433 1166 2457 ad
1179 2431 1315 2457 Pliotium.
1329 2430 1421 2457 Exstat
1436 2438 1466 2457 ea
1482 2431 1590 2457 actione
1601 2430 1618 2457 2
1633 2431 1728 2466 synodi
1744 2439 1794 2464 vn,

1008 2475 1089 2501 etiam
1104 2475 1198 2502 (luere
1211 2474 1340 2501 translata
1356 2482 1418 2501 cum
1431 2475 1483 2502 hoc
1500 2474 1578 2501 titulo
1591 2482 1598 2501 ;

1011 2543 1013 2545 .
1043 2522 1070 2559 8.
1092 2531 1101 2546 ι
1122 2520 1225 2548 Dilecto
1249 2520 1336 2547 Fratri
1352 2519 1464 2547 Tarasio
1479 2519 1639 2553 patriarchae
1657 2519 1795 2547 Adrianus

1009 2567 1153 2602 episcopus
1173 2575 1268 2594 servus
1284 2574 1424 2594 servorum
1446 2566 1503 2593 Dei.
1532 2565 1665 2593 Pastorali
1691 2574 1796 2594 cura...

1010 2614 1246 2641 consideravimus
1259 2617 1353 2640 vestra:
1365 2613 1469 2640 dilecta!
1479 2612 1618 2640 sanctitati
1630 2620 1706 2639 sacra
1717 2612 1794 2639 alIari

1009 2661 1167 2691 concordia,
1184 2665 1210 2687 et
1225 2660 1362 2688 subtiliter
1378 2659 1490 2687 verbum
1508 2658 1694 2686 manifestare.
1712 2658 1739 2685 ln
1751 2666 1797 2694 sy-

1009 2706 1114 2733 nodiris
1130 2706 1312 2733 confessionis
1333 2710 1429 2732 vestra:
1453 2705 1525 2737 lidei,
1551 2712 1612 2739 quae
1637 2703 1795 2738 apostolica:

1010 2751 1066 2778 sedi
1080 2757 1180 2779 nostra!
1191 2752 1296 2779 directa
1310 2757 1375 2779 sunt
1389 2759 1470 2786 super
1482 2750 1599 2777 Leonem
1615 2749 1795 2776 reverendunt

1009 2797 1198 2833 presbyterum
1212 2803 1343 2830 vestrum,
1355 2797 1509 2824 invenimus
1521 2797 1548 2823 in
1559 2795 1599 2822 cis
1611 2795 1689 2824 initio
1701 2794 1796 2826 prima:

1010 2843 1116 2876 pagina:
1146 2842 1326 2869 reverentiam
1352 2845 1470 2868 vestram
1495 2848 1526 2868 ex
1553 2840 1623 2866 laico
1647 2838 1743 2866 ordine
1768 2842 1798 2866 et

1010 2887 1185 2923 imperatoria
1201 2887 1440 2915 administratione
1455 2886 1488 2913 ad
1503 2885 1602 2915 sacrati
1626 2885 1728 2921 gradus
1747 2892 1795 2912 su-

1010 2934 1150 2962 blimata-at
1181 2941 1242 2971 esse
1269 2932 1426 2968 fastigium,
1449 2937 1478 2961 et
1500 2932 1673 2961 vehementer
1699 2931 1727 2961 in
1751 2930 1795 2961 his
