2051 3154
166 140 234 172 1385

946 139 982 170 VI
986 139 1044 169 TA.

1739 137 1805 168 1386

163 199 367 235 patriarchatus
395 199 502 226 culmen
531 199 645 234 adeptus
673 204 723 231 est,
745 204 770 226 et
796 199 955 234 apocaiigus
970 210 991 232 Α
1008 197 1233 233 Romae.paterna
1248 198 1374 233 dogmata
1393 203 1512 232 sequens
1522 200 1547 222 et
1567 195 1739 222 traditioni-nr
1757 202 1805 221 ca—

163 251 258 273 contra
273 249 432 272 sanctorum
463 252 598 272 canenum
637 253 782 273 censuram
801 244 888 272 factus
903 249 955 275 CSI,

164 291 389 326 patriarcha......
410 290 441 317 Et
457 291 509 318 nisi
529 299 576 326 per
591 291 651 324 ejus
668 291 773 318 tideletn
790 298 955 318 concursum

153 344 213 372 ‘pt‘o
226 341 385 364 sanctarum
403 337 552 372 imaginum
566 337 713 370 erectione,
732 337 758 364 itr
773 337 834 372 ejus
857 344 956 363 consc-

163 383 289 410 cratione
316 390 459 410 assensum
486 383 645 410 omnimodo
681 383 802 410 tribuere
832 382 956 416 nequivi~

164 436 237 455 mus.
257 437 267 453 ι
298 427 490 455 Subseribitur
507 427 570 454 data
589 435 626 454 vn
655 426 715 454 Kal.
740 426 900 459 Νογίιηιιην.⁷
914 426 957 452 irt-

164 474 231 502 diet.
245 474 273 507 9,
288 474 393 501 scilicet
408 480 482 500 anno
497 473 558 500 785.

201 519 246 546 i0.
263 518 465 554 Quamprocul
481 518 515 546 ab
528 519 602 546 omni
617 517 689 546 fastu
702 524 729 546 et
745 518 886 545 titulorunt
900 526 958 544 am-

163 564 268 592 bitione
287 564 407 591 abfuerit
435 568 547 592 sanctus
578 563 721 597 Tarasius,
754 565 880 591 modesta
897 564 957 598 ejus

165 610 330 644 subscriptio
357 609 454 645 synodi
483 617 591 644 semper
615 614 676 645 post
701 610 818 637 vicarios
845 610 957 637 Adriani

164 656 253 691 Papa.
270 657 334 684 licet
361 656 482 691 episcopi
498 664 552 683 non
568 661 669 690 essent,
688 656 770 689 facta.
785 656 852 684 satis
867 657 956 683 docet.

165 703 204 730 lla
217 703 326 730 Actioni
347 707 454 738 quartae
469 703 505 730 ita
524 702 708 738 subscripsit:
725 712 734 728 ε
753 702 885 730 Tarasius
906 703 957 729 nti-

165 748 317 776 sericordia
325 747 371 776 Dei
379 749 466 784 episc.
476 748 753 783 Constantinopoleos
766 756 843 776 novae
852 748 957 781 Romae,

165 795 333 822 confirmans
356 794 396 821 sic
420 801 450 822 se
475 794 575 821 ltabere
604 794 759 827 veritatem,
778 794 882 825 omnia,
899 802 959 829 qua:

166 841 293 875 superius
308 840 470 871 efferuntur,
495 839 612 867 libenter
640 839 797 872 admittens,
824 839 867 867 his
894 840 958 866 sub-

166 886 275 920 scripsi.
296 895 305 911 r
327 885 428 912 lterum
450 885 564 912 Actione
579 885 695 920 septima
712 895 739 912 :t
760 885 892 912 Tarasius
907 885 959 912 mi-
978 903 997 929 υ

167 930 316 958 serit-ordia
344 930 391 958 Dei
419 930 543 966 episcop.
572 929 853 966 Constantinopoleos
883 939 960 958 novae

173 1024 251 1031 .—._

1011 245 1119 270 tholicre
1136 243 1264 271 Ecclesia
1283 244 1415 271 deﬁniens
1428 242 1589 277 subscripsi.
1608 251 1616 267 ι
1635 241 1662 268 In
1682 241 1806 276 epistolis

1011 297 1077 317 vero
1095 290 1128 316 ad
1157 290 1346 325 imperatores,
1371 289 1521 316 Adrianunr
1543 288 1656 323 Papam,
1682 288 1806 323 aliosque

1012 344 1041 363 Se
1056 336 1199 373 indignant
1217 335 1376 371 episro‘pum
1395 335 1523 371 appellat.
1540 335 1681 361 [labentur
1697 342 1735 361 ea:
1750 335 1808 370 cpi-

1012 382 1088 409 stolae
1103 382 1154 409 sub
1168 382 1248 409 finem
1269 382 1390 417 ejusdem
1411 382 1507 417 synodi
1528 379 1643 408 Nicaeum
1662 393 1666 397 ν

1049 428 1090 454 li.
1109 427 1206 455 Exstat
1223 428 1330 455 illustre
1345 428 1532 455 testimonium
1549 426 1636 454 sancti
1655 425 1762 454 Tarasii
1780 427 1806 454 iu

1012 473 1129 508 Prologo
1146 473 1178 500 ad
1196 473 1283 500 sancti
1301 473 1430 500 Dorothei
1442 471 1674 499 Archimandritm
1692 471 1807 499 Institu-

1013 519 1099 545 tiones
1115 518 1249 545 asceticas
1260 518 1295 544 ab
1308 517 1461 544 orthodoxe
1472 525 1504 544 ac
1518 513 1647 553 religioso
1660 518 1805 552 scriptore.

1013 563 1105 591 forsan
1117 564 1224 591 Studita
1240 564 1389 596 monacho,
1404 564 1506 598 scripto
1524 563 1566 591 his
1579 564 1669 591 verbis
1686 571 1692 590 :
1710 574 1718 589 ι
1736 563 1808 591 San-

1012 617 1071 638 ctos
1091 610 1152 638 illos
1176 612 1251 638 viros
1278 609 1419 643 Marcum,
1438 609 1549 642 Isaiam,
1573 609 1806 645 Barsanuphiuur,

1014 656 1181 684 Dorothcum
1194 661 1221 684 et
1234 655 1436 692 llesychium...
1452 663 1500 691 per
1512 663 1627 683 examen
1642 657 1808 689 sant-tissimi

1013 702 1177 737 patriarchae.
1192 702 1310 735 Tarasii,
1325 702 1381 738 jam
1399 703 1502 737 pridem
1519 711 1629 730 summo
1656 704 1809 730 sacerdotio

1013 749 1162 784 iungentis,
1188 756 1238 776 nec
1259 756 1313 776 non
1338 749 1454 776 aliorum
1479 748 1532 776 fide
1555 749 1702 784 dignorum
1721 749 1809 776 homi-

1013 803 1089 827 num,
1109 800 1162 822 tatn
1180 795 1369 829 indigenarum
1386 802 1468 830 quam
1483 795 1668 828 orientalium,
1684 797 1809 823 testimo-

1014 841 1060 868 nio
1082 841 1222 876 probatos,
1245 849 1277 869 ex
1304 846 1419 876 paterna
1446 841 1595 869 traditione
1612 842 1775 876 amplrctor.
1797 852 1806 867 I

1014 887 1128 922 Reliqua
1148 888 1230 922 hujus
1249 887 1398 914 testimonii
1412 887 1549 915 edidimus
1567 895 1650 922 supra
1667 888 1700 914 ad
1719 886 1808 914 Vitam

1013 933 1098 959 sancti
1114 933 1233 960 Dositht’i
1253 933 1288 959 ‘25
1305 933 1385 960 Febr.
1406 940 1467 970 pag.
1483 933 1546 966 581,
1564 942 1592 961 tr.
1617 933 1639 961 1.
1682 964 1686 968 ,

570 1086 713 1118 SANCTl
740 1086 902 1118 TARASII
933 1087 1409 1122 CONS’I‘ANTINOPOLITANI

914 1180 1055 1226 VITA

766 1285 908 1307 AUCTORE
923 1278 1052 1306 IGNA‘I‘IO
1069 1285 1228 1308 EPISCUPU.

433 1359 464 1390 (Ε
480 1357 564 1384 Grzeco
576 1358 662 1383 Latine
675 1356 770 1381 reddita
787 1364 799 1380 a
812 1354 936 1394 Gentiano
948 1356 1066 1382 lienem.
1083 1359 1135 1383 Att.
1156 1360 1248 1391 Sciret,
1264 1360 1336 1386 Fibr.
1355 1364 1371 1385 t.
1387 1360 1428 1391 lli,
1444 1369 1468 1392 ρ.
1485 1362 1552 1395 576.)

835 1463 861 1475 ’1

470 1481 663 1509 PROLOGUS.

210 1530 232 1556 l.
249 1528 398 1555 Nataturus
413 1535 461 1562 per
482 1528 618 1563 ingentem
641 1529 724 1556 maris
744 1530 961 1565 magnitudinem

171 1573 264 1609 inclyti
290 1573 377 1600 Patris
393 1578 419 1600 et
446 1573 499 1600 vita
524 1574 663 1601 iuaccrssa
684 1577 848 1609 priest-antis,
866 1584 962 1604 vereor

171 1626 206 1647 ne
221 1618 351 1646 adversos
367 1624 509 1646 ventorum
525 1619 605 1647 ﬂatus
618 1620 717 1656 lingua:
738 1622 854 1656 agrestis
870 1627 896 1649 ct
914 1630 961 1649 va-

172 1670 275 1692 storum
294 1664 425 1692 fluctuum
440 1666 617 1693 obscuritatis
633 1667 759 1698 excitem,
777 1668 921 1703 salumque
935 1675 961 1696 et

171 1715 360 1745 tempestatem
374 1711 440 1737 mihi
454 1719 599 1745 procurem
615 1714 712 1739 anima:
727 1713 873 1747 naufragii.
890 1714 963 1742 Talis

170 1757 243 1784 enim
264 1761 306 1784 est
322 1756 438 1784 inscitite
460 1757 610 1790 temeritas,
630 1766 690 1793 qua:
707 1759 858 1786 Orationem
877 1760 964 1787 eii‘un-

171 1802 211 1829 dit
228 1807 357 1838 tanquam
374 1803 490 1837 paleam,
507 1803 540 1830 ad
557 1804 625 1830 nihil
641 1805 713 1839 quod
729 1805 764 1832 sit
779 1811 962 1840 opportunum

170 1849 383 1881 conducibilem,
404 1854 430 1877 et
450 1850 529 1879 aﬂ'ert
554 1851 686 1878 damnum
703 1852 739 1883 ei,
762 1853 834 1887 qttod
857 1857 964 1888 oportet

172 1895 230 1923 fieri
248 1899 277 1922 et
294 1901 336 1923 est
350 1896 426 1927 utile,
443 1901 469 1923 et
485 1896 511 1923 in
533 1896 706 1932 naufragium
734 1898 829 1924 incidit
844 1898 964 1925 multilo-

171 1941 240 1975 quii,
255 1941 328 1975 quod
344 1941 402 1968 ﬁeri
415 1949 468 1968 non
485 1946 585 1976 potest,
601 1946 630 1969 ut
645 1943 758 1970 omnino
774 1943 885 1978 effugiat
901 1951 964 1978 pee-

171 1991 276 2020 catum,
293 1991 323 2014 ut
336 1992 379 2014 est
391 1987 548 2015 Salomonis
560 1991 586 2014 et
601 1988 692 2024 divina
708 1989 858 2016 admonitio
870 1989 962 2024 (Prov.

170 2039 199 2063 x,
220 2033 275 2064 i9).
293 2031 350 2059 Hoc
366 2039 456 2060 meum
474 2032 598 2070 reprimit
615 2032 754 2068 ingenium
771 2038 798 2061 et
819 2038 901 2062 terret
915 2041 964 2062 c0-

172 2077 350 2112 gitationem,
377 2081 404 2104 et
432 2077 553 2105 refrenat
569 2078 731 2110 orationem,
753 2084 781 2106 et
806 2079 960 2107 divinaruru

171 2123 222 2151 viri
243 2124 337 2151 dotum
353 2123 520 2158 profundum
543 2124 644 2152 intueri
666 2131 856 2159 pr0perantcm
876 2132 962 2153 retar-

171 2169 226 2196 dat.
247 2169 299 2196 Sed
321 2177 383 2196 eum
401 2169 486 2196 altutn
511 2169 581 2205 longi
608 2171 737 2205 temporis
764 2171 900 2198 silentiutn
918 2178 962 2198 res

171 2215 233 2249 ejus
250 2219 345 2249 tegens
358 2219 431 2242 essrt
452 2215 602 2242 multorum
619 2216 733 2243 attrihus
749 2216 879 2244 damnum
897 2217 963 2244 alia-

173 2265 276 2290 turum.
295 2264 325 2288 ut
341 2268 403 2295 qua:
429 2265 575 2288 teneantur
599 2261 740 2289 desiderio
766 2263 892 2289 audiendi
919 2271 962 2290 res

172 2307 290 2342 optimas
311 2307 616 2342 ct-praastantissimas,
645 2315 706 2342 qua:
729 2308 762 2335 alr
784 2308 831 2335 illo
855 2309 881 2335 in
908 2309 961 2336 vita

1016 1490 1061 1518 pzo
1077 1490 1102 1511 ct
1115 1484 1199 1512 alacri
1215 1485 1308 1513 animo
1321 1486 1419 1514 offerre
1435 1495 1483 1523 pro
1498 1488 1612 1523 viribus,
1625 1482 1742 1520 etsinori
1757 1501 1808 1529 po<

1016 1535 1075 1557 tero
1090 1531 1211 1558 debitum
1237 1532 1344 1560 solvere
1370 1541 1433 1561 cum
1461 1533 1566 1568 fenore,
1595 1537 1621 1564 in
1641 1545 1673 1566 eo
1697 1540 1805 1574 quidem

1014 1582 1096 1608 certe,
1114 1576 1187 1611 quod
1214 1582 1315 1606 sortem
1333 1584 1491 1612 exerceam,
1508 1587 1710 1621 et'procurem,
1733 1591 1762 1613 ut
1782 1588 1807 1614 ei

1015 1623 1082 1649 nihil
1109 1623 1279 1658 detrahatur,
1309 1634 1356 1653 ero
1382 1625 1474 1662 aliqua
1497 1637 1528 1655 ex
1554 1636 1630 1664 parte
1656 1633 1808 1667 accipiendi

1016 1668 1124 1703 (Matth.
1142 1677 1219 1703 χχιιι,
1237 1671 1292 1707 25).

1272 1728 1389 1756 CAPUT
1409 1730 1554 1759 PRIMUM.

1015 1771 1139 1799 Probitas
1153 1778 1291 1815 parentum
1307 1777 1393 1815 sancti
1409 1776 1534 1815 T-arttst't',
1547 1778 1638 1813 Hujus
1652 1782 1696 1815 pia
1712 1783 1810 1809 educa-

1233 1809 1280 1840 tio,
1297 1809 1445 1838 consularis
1463 1809 1591 1847 dignitas;

1050 1854 1077 1880 2.
1095 1852 1143 1880 ilic
1168 1862 1233 1888 ergo
1259 1861 1454 1883 sacrosanctus
1480 1863 1506 1884 ct
1525 1866 1641 1894 magnus
1667 1860 1807 1896 Tm‘mius,

1014 1899 1061 1933 qui
1079 1899 1180 1926 Christi
1198 1901 1435 1929 mansuetudinem
1456 1907 1483 1930 ct
1510 1902 1690 1934 humilitatem
1709 1909 1742 1935 ab
1765 1909 1808 1936 in~

1016 1942 1097 1970 fantia
1112 1951 1198 1978 usque
1211 1945 1243 1970 ad
1256 1949 1424 1972 senectutem
1439 1947 1559 1975 imitatus
1572 1950 1684 1984 pulchre
1696 1960 1808 1987 expres-

1015 1988 1060 2018 sit,
1080 1988 1106 2014 itt
1127 1988 1216 2022 cujus,
1235 1988 1306 2016 sicut
1321 1990 1397 2024 priris
1421 1990 1488 2022 dixi,
1510 1993 1639 2021 Virtutum
1664 2004 1738 2024 mare
1755 2007 1810 2030 ων,

1015 2035 1044 2058 ttt
1061 2037 1195 2065 natarem,
1211 2034 1318 2065 demisi,
1342 2035 1470 2069 quisnam
1493 2042 1563 2064 esset
1577 2043 1604 2065 et
1619 2041 1701 2072 unde,
1727 2047 1751 2068 et
1775 2051 1807 2069 (Α

1014 2086 1067 2112 qua
1085 2079 1171 2112 patria
1190 2084 1216 2106 et
1233 2080 1392 2113 parentibus
1414 2086 1492 2109 ortus
1508 2084 1554 2115 sit,
1581 2085 1697 2113 arduum
1717 2086 1807 2120 fuerit,

1015 2124 1049 2151 iis
1077 2124 1159 2151 etiam
1191 2126 1238 2159 qui
1266 2133 1298 2152 ex
1330 2126 1443 2154 scientia
1464 2130 1555 2157 sciunt
1579 2132 1668 2167 ample
1695 2138 1721 2160 et
1750 2142 1809 2162 ma~

1014 2170 1113 2205 gniilce
1139 2171 1238 2204 dicere,
1256 2179 1310 2199 non
1334 2174 1422 2201 solum
1446 2176 1523 2209 milii,
1550 2178 1629 2212 cujus
1656 2185 1698 2207 est
1729 2181 1809 2215 plane

1015 2215 1125 2243 humilis
1138 2221 1164 2244 et
1186 2217 1290 2251 alrjecta
1310 2220 1408 2250 oratio.
1431 2226 1532 2249 tantam
1555 2224 1677 2257 praeclari
1701 2227 1807 2260 generis

1014 2261 1048 2288 ab
1064 2262 1120 2288 alto
1137 2267 1258 2297 repetere
1276 2265 1504 2299 magnitudinem,
1518 2273 1544 2296 et
1561 2276 1576 2296 a
1590 2270 1741 2304 majoribus
1759 2272 1808 2299 dc-

1014 2307 1124 2334 ductam
1150 2308 1210 2342 ejus
1229 2309 1343 2344 stirpem
1367 2319 1521 2344 recensere.
1546 2315 1592 2348 qui
1617 2303 1727 2349 gloriari
1753 2303 1806 2344 non

172 2357 254 2388 gestae
271 2357 345 2383 sunt,
361 2356 461 2386 utqute
475 2352 531 2379 sint
544 2352 630 2393 plena;
643 2352 889 2382 utilitateanimce:
901 2361 960 2388 age,
979 2364 1001 2391 ι)
1015 2354 1072 2380 \‘ult
1081 2353 1216 2388 ejusmodi
1232 2354 1369 2387 laudibus,
1385 2365 1472 2391 neque
1487 2359 1634 2387 fluentibus
1645 2361 1748 2389 divitiis
1759 2371 1808 2390 ccr

171 2397 372 2431 valerejubens
385 2404 494 2424 omnem
510 2396 720 2430 dubitationem,
735 2398 960 2432 paucaquredarn

173 2443 204 2469 tle
220 2443 289 2477 ipso,
313 2450 374 2477 qua:
388 2443 516 2477 dignatus
530 2450 591 2469 sum
609 2442 703 2470 videre
725 2444 823 2476 oculis,
855 2449 880 2471 et
902 2451 963 2478 quas

172 2489 265 2523 accepi
281 2489 405 2520 auribus,
423 2492 448 2515 et
464 2495 524 2523 qua:
549 2488 604 2522 ipsa
623 2488 683 2514 novi
701 2489 879 2523 experientia,
896 2493 923 2515 et
935 2489 960 2516 in

173 2541 234 2560 mea
257 2533 352 2559 humili
376 2538 401 2559 et
423 2540 506 2567 egena
532 2532 589 2559 scio
603 2540 714 2559 manere
732 2533 873 2566 memoria,
898 2542 960 2561 cum

173 2587 241 2614 pura
265 2583 292 2606 et
310 2579 416 2612 sincera
434 2579 547 2606 veritate
574 2579 600 2605 in
627 2579 713 2606 lucem
733 2581 823 2611 edere,
841 2581 862 2607 si
890 2580 960 2607 Deus

173 2625 313 2657 concedat,
333 2624 390 2659 jam
419 2624 549 2651 conabor.
571 2623 637 2651 Nattr
654 2625 704 2651 etsi
726 2632 779 2652 non
800 2625 902 2659 possim
919 2625 960 2652 tli-

171 2678 233 2698 cere
250 2677 299 2704 pro
323 2671 466 2705 dignitate,
486 2676 539 2697 non
558 2671 618 2698 ideo
636 2671 793 2698 universum
811 2671 934 2698 deseram
952 2679 958 2696 :

171 2714 218 2740 sed
231 2713 294 2748 quia
309 2714 373 2741 nolo
388 2715 556 2742 abscondere
569 2716 712 2748 talentum,
728 2717 795 2743 sicut
814 2718 857 2743 ille
874 2718 961 2744 malus

171 2764 198 2786 et
213 2759 291 2794 piger
310 2766 416 2791 servus,
434 2759 495 2787 ideo
510 2761 582 2795 quod
609 2760 663 2787 Deo
679 2767 786 2796 gratum
810 2768 850 2788 cst
870 2770 961 2796 prorn-

206 2816 579 2855 (.l)nAliisAEncratea,Graece
592 2819 768 2855 Ἐγκράτεια,
784 2822 961 2854 continentia,

174 2854 204 2878 ut
218 2850 290 2879 infra
307 2852 419 2880 dicitur.
628 2850 633 2853 ⁷
660 2850 665 2855 ”
762 2850 780 2860 ’”

334 2899 469 2931 Parnm.
491 2903 549 2932 Gn.
571 2903 703 2934 XCVIII.

1015 2405 1162 2432 apponere,
1179 2400 1372 2427 convenienter
1395 2401 1488 2429 divino
1507 2402 1734 2440 Psaimographo,
1754 2416 1806 2434 un-

1015 2453 1096 2480 quam
1112 2451 1154 2472 est
1170 2446 1316 2482 meditatus
1330 2447 1417 2482 (l’sal.
1433 2457 1486 2482 Lxr,
1504 2451 1513 2477 ι
1531 2451 1631 2487 seqq.).
1649 2453 1706 2480 Hoc
1722 2462 1805 2482 unum

968 2523 970 2525 _
1015 2495 1106 2517 autem
1124 2498 1272 2526 possumus
1296 2493 1399 2527 dicere,
1419 2496 1490 2529 quod
1509 2498 1583 2524 omni
1604 2495 1767 2528 auctoritate
1781 2507 1807 2528 et

1016 2535 1132 2581 niaxitna
1155 2537 1315 2564 excellentia
1337 2539 1408 2573 apud
1433 2547 1490 2573 eos,
1517 2542 1563 2576 qui
1591 2551 1638 2578 per
1659 2545 1683 2571 id
1700 2549 1807 2581 tempus

1015 2579 1198 2614 imperabant,
1216 2583 1350 2618 Georgius
1366 2584 1426 2619 ejus
1443 2591 1557 2620 pateret
1573 2589 1611 2615 rei
1627 2597 1725 2618 nomen
1742 2579 1808 2619 con-

1017 2626 1128 2654 reniens
1151 2628 1247 2654 sortita
1276 2635 1363 2656 mater
1387 2631 1447 2665 ejus
1472 2631 1598 2660 Ettcratia
1625 2635 1673 2670 (ί),
1697 2643 1807 2672 propter

1016 2679 1151 2699 summam
1176 2673 1311 2708 justitiam
1339 2677 1440 2710 primas
1463 2684 1554 2713 partes
1570 2682 1754 2715 obtinuerunt,
1773 2691 1804 2710 ex

1018 2717 1197 2746 Patriciorum
1222 2721 1292 2747 serie
1311 2723 1437 2754 dcrivati,
1467 2727 1596 2760 appellari
1623 2727 1733 2755 Patrieii
1755 2729 1804 2763 (‘2).

1016 2763 1138 2796 Quorum
1159 2771 1233 2799 pater
1250 2767 1358 2801 quidem
1372 2778 1434 2796 cum
1449 2772 1620 2800 ascendisset
1635 2775 1668 2800 ad
1683 2775 1806 2802 altitttdi~

1055 2823 1091 2867 (εὶ)
1111 2824 1214 2867 N‘omcn
1231 2825 1410 2867 Patriciorum
1429 2830 1477 2867 illo
1496 2837 1553 2857 aevo
1569 2831 1596 2858 in
1617 2837 1731 2867 utroque
1751 2832 1805 2861 iur

1017 2866 1033 2893 p
1047 2866 1093 2885 .rto
1115 2861 1232 2887 Orientis
1247 2868 1273 2888 et
1296 2863 1450 2892 Ot-crdenlis
1465 2873 1578 2893 suntm-.2
1594 2873 1652 2894 erat
1672 2861 1697 2895 ei
1717 2868 1807 2904 digni~

1606 2912 1643 2943 44
