2051 3154
200 149 268 181 1359

968 149 1066 180 VITA.

1754 150 1820 182 1390

198 215 277 242 quem
295 205 392 241 Cypria
408 210 500 234 natum
515 207 622 242 excepit
637 206 765 238 Salamis,
781 207 818 242 (ἲ)
837 211 929 234 sancte
945 206 982 241 (8)
1000 210 1020 237 Α
1036 207 1135 241 accipit
1158 208 1289 242 dolorem,
1310 212 1339 236 ut
1358 209 1382 236 ei
1399 209 1535 236 inhzeserit
1555 208 1633 235 vibex
1659 208 1819 235 immedica~

197 256 223 278 et
243 252 347 286 integre
371 252 477 279 clavum
497 260 593 288 regens
611 253 767 284 sacerdotii,
790 260 853 279 cum
880 252 981 279 nefaria

197 297 289 324 adhuc
305 297 407 332 vigeret
428 298 550 330 hmresis,
576 306 638 333 quat
653 303 765 326 accusat
789 297 980 329 Christianos:

197 352 291 371 eorum
307 365 314 376 ,
343 344 474 378 inquam,
502 344 550 380 qui
584 345 694 372 abolent
714 343 859 378 imaginem
879 342 981 369 Christi

196 391 251 417 veri
270 389 317 417 Dei
334 390 420 417 nostri
443 390 538 418 carnis
562 389 754 425 susceptionis.
781 393 808 416 et
831 389 901 423 ejus,
922 395 983 421 quae

196 443 258 462 eum
279 443 342 462 vere
357 429 389 462 et~
399 436 509 470 proprie
531 435 635 470 peperit
657 434 705 462 Dei
721 434 826 465 Matris,
844 439 871 461 et
890 433 981 460 incor-

196 488 353 515 porearum.
374 485 400 507 ut
425 481 490 507 visre
510 483 585 514 sunt,
608 484 794 515 potestatum;
811 484 836 505 et
851 478 907 512 jam
923 485 982 506 om-

196 532 244 551 nes
262 524 349 552 sancti
375 530 577 560 oppugnatores
602 524 640 559 (9)
672 524 783 551 haeresis
811 531 826 550 a
853 522 927 550 brevi
956 526 983 549 et

196 572 299 599 caduca
316 571 367 598 hac
383 572 436 598 vita
457 563 654 605 excessissent,
670 576 696 598 et
710 571 827 598 traducti
841 574 932 597 essent
948 569 982 596 ad

195 625 301 649 eorunt,
317 625 375 652 qute
390 618 416 644 in
434 617 489 645 vita
502 623 655 653 gesserant,
675 625 737 651 quae
751 617 780 643 ﬁt
796 617 862 647 illic,
878 609 981 642 discre-

196 656 317 695 tionem;
338 669 365 691 et
387 663 551 698 Serpentium
570 663 705 690 doctrinae
732 664 808 690 virus
826 663 907 690 etiam
921 666 981 696 post

194 710 297 736 exitum
319 710 508 736 evomuissent
520 717 554 736 ex
577 709 713 742 Ecclesia;
733 716 804 744 :egre
828 708 931 735 ferebat
955 712 981 734 et

195 755 288 782 animo
306 755 456 789 augebatur
473 754 584 785 Paulus,
601 763 663 782 cum
676 762 740 787 _non
755 754 877 786 haberet,
894 754 939 787 qui
956 754 979 780 ei

194 809 276 836 opem
301 801 396 833 ferret,
421 806 447 827 et
473 809 584 828 manum
602 801 735 835 praeberet
757 799 791 826 ad
817 804 896 826 recta:
918 799 979 826 ﬁdei

194 847 407 876 correctionem.
434 851 577 881 propterea
593 845 667 880 quod
693 853 789 872 omnes
810 845 978 872 adhaerercnt

194 892 308 924 haeresi,
345 898 462 925 eamque
493 891 690 918 conﬁterentur
715 895 741 918 et
766 890 976 918 assentirentur.

194 937 272 972 Capit
304 937 395 972 itaque
425 936 572 964 consilium
601 937 714 970 dignum
742 944 791 964 sua
822 937 978 970 prudentia.

194 982 262 1010 Nam
280 989 343 1009 cum
372 982 516 1010 incidisset
545 982 571 1008 in
591 982 728 1014 morbum,
752 982 798 1017 qui
819 982 843 1009 ei
865 987 978 1010 ntortetn

193 1032 252 1056 erat
279 1029 424 1061 allaturus,
453 1033 480 1055 et
502 1028 671 1055 deducturus
698 1028 732 1055 ad
755 1028 903 1063 longaevam
920 1035 980 1063 qua

195 1074 250 1101 illic
273 1078 325 1107 est,
347 1074 564 1107 resolutionem,
586 1082 615 1102 se
644 1074 713 1101 clam
737 1075 792 1108 (10)
816 1075 943 1103 subducit
965 1083 980 1103 e

193 1121 256 1146 sede
279 1128 285 1146 :
310 1123 337 1146 et
364 1127 425 1147 cum
449 1120 568 1147 venisset
598 1119 631 1146 ad
656 1119 726 1147 Flori
751 1120 807 1155 (11)
840 1125 979 1149 monaste-

194 1165 276 1196 rium,
303 1166 329 1192 in
350 1173 494 1193 numerum
524 1165 721 1193 monachorum
747 1173 777 1193 se
798 1166 900 1198 retulit,
919 1175 979 1194 mu-

193 1217 249 1239 tato
272 1213 387 1240 amictu.
406 1212 553 1247 Postquam
576 1218 666 1241 autem
687 1219 779 1241 notum
800 1214 860 1247 fuit,
880 1223 935 1250 quo
949 1223 979 1243 se

193 1259 347 1286 demisisset
373 1258 508 1293 pontifex,
538 1258 619 1293 idque
650 1259 706 1294 jam
739 1260 909 1295 pervenisset
944 1261 977 1288 ad

191 1312 272 1332 aures
293 1312 406 1338 e0rum,
428 1305 475 1340 qui
508 1312 556 1339 per
579 1305 606 1333 id
637 1310 744 1340 tempus
772 1313 863 1333 rerum
891 1307 978 1341 potie-

192 1350 290 1377 bantur
316 1349 411 1383 (lrene
439 1354 530 1377 autent
546 1354 575 1378 et
597 1350 797 1378 Constantinus
819 1351 879 1386 ejus
905 1351 978 1379 ﬁlius

191 1397 293 1430 primas
304 1397 431 1431 potentia;
446 1401 536 1430 partes
547 1400 612 1424 tunc
628 1397 743 1431 pulchre
754 1397 938 1432 obtinebant),
947 1398 976 1431 ii,

191 1442 266 1477 quod
288 1450 330 1470 res
354 1442 501 1471 accidisset
524 1450 594 1470 nova
619 1447 647 1470 et
666 1442 792 1474 insolita,
816 1439 907 1470 animo
923 1450 976 1469 non

192 1496 288 1523 parum
317 1489 482 1520 eonturhati,
509 1492 666 1516 statuerunt
694 1489 787 1516 venire
812 1488 845 1515 ad
875 1488 976 1515 dictum

1036 252 1098 279 bilis
1116 263 1121 280 :
1139 259 1165 280 et
1191 254 1246 289 (12)
1267 259 1308 282 ter
1323 255 1380 290 jam
1396 263 1443 290 per
1463 263 1561 282 manus
1586 260 1612 282 et
1637 259 1819 282 atramentum

1034 298 1165 333 inscripta
1181 300 1275 328 hwresi
1294 301 1428 328 assensio.
1452 300 1546 335 Neque
1561 300 1633 327 enim
1659 301 1724 327 mihi
1743 301 1820 328 licuit

1033 343 1150 379 effugere
1171 346 1238 372 retia
1261 346 1339 374 mala:
1357 346 1494 381 opinionis
1517 355 1524 373 :
1544 346 1590 373 sed
1609 346 1720 379 accidit,
1744 353 1773 374 ut
1792 352 1820 372 et

1034 389 1125 424 lingua
1142 395 1168 418 ct
1181 392 1314 433 manuKin
1339 400 1370 419 ea
1390 393 1556 427 impliearer.
1572 391 1651 425 Quod
1676 392 1759 419 etiam
1777 400 1820 418 me

1034 436 1121 470 magis
1141 437 1227 471 angit,
1243 441 1273 464 ut
1289 438 1361 472 quod
1373 432 1473 465 ‘exedat
1497 445 1594 466 sensus
1624 438 1721 470 animi,
1739 438 1819 464 video

1033 488 1128 508 omnes
1142 481 1217 509 orbis
1233 487 1366 510 terrarum
1380 488 1484 518 partes,
1511 492 1572 519 qua:
1586 485 1613 511 in
1631 489 1721 511 vestra
1736 491 1818 510 manu

1034 531 1165 562 tanquam
1183 529 1209 555 in
1229 533 1330 556 statera
1353 530 1554 564 appenduntur,
1571 530 1633 557 fidei
1652 530 1817 557 immobilem

1033 577 1230 600 conservantes
1257 574 1399 607 trutinam,
1421 579 1447 602 et
1474 575 1501 601 in
1528 580 1600 602 recta
1626 578 1818 609 permanentes

1033 617 1158 644 doctrina
1174 623 1201 645 et
1216 619 1398 651 exsultantes,
1423 620 1457 647 ab
1473 620 1594 647 Ecclesia
1618 625 1711 647 nostra
1740 622 1818 655 longe

1032 663 1182 695 dissidere,
1205 670 1231 691 et
1245 670 1374 700 tanquam
1390 674 1405 693 a
1419 666 1521 694 Christi
1538 674 1618 701 grege
1633 666 1736 693 alienas
1755 674 1819 693 oves

1032 710 1174 744 repellere.
1187 710 1219 736 Et
1232 711 1293 738 ideo
1306 718 1404 738 recuso
1415 719 1475 739 esse
1483 716 1577 746 pastor
1588 717 1675 740 castus
1690 712 1817 744 hzcretici,

1031 759 1058 781 ct
1083 755 1164 781 statui
1187 756 1278 790 potius
1305 756 1429 783 habitare
1456 757 1624 790 sepulcrum,
1650 765 1732 791 quam
1758 764 1818 784 esse

1031 800 1167 827 obnoxius
1193 801 1413 828 anathematibus
1438 809 1522 829 sacra:
1544 802 1732 836 quaternionis
1749 803 1816 837 (l5),

1032 845 1138 872 sedium
1157 845 1384 880 apostolicarum.
1403 845 1455 873 Sed
1472 854 1534 873 cum
1552 846 1651 880 sceptri
1668 847 1816 880 potentiam

1032 891 1058 918 in
1073 896 1178 918 vestras
1191 899 1289 919 manus
1301 891 1373 919 Deus
1386 891 1536 923 tradiderit,
1547 896 1573 931 et
1585 893 1752 927 imperialem
1766 901 1816 919 eu-

1032 945 1089 964 rattt
1104 937 1207 973 geratis
1218 937 1446 966 Christianissimi
1457 938 1557 973 gregis,
1572 939 1618 973 qui
1631 943 1672 966 est
1685 940 1736 966 sub
1749 941 1816 971 sele,

1030 991 1064 1011 ne
1085 983 1244 1018 despiciatis
1264 983 1404 1011 tristitiam
1428 984 1526 1011 matris
1547 989 1644 1011 vestrm
1670 984 1796 1011 Ecclesiae
1809 1006 1816 1012 .

1033 1030 1080 1057 sed
1096 1029 1215 1062 studcte,
1232 1034 1262 1057 ut
1276 1037 1307 1058 ea
1323 1037 1419 1058 rursus
1432 1034 1551 1057 veterem
1570 1031 1682 1065 recipiat
1698 1031 1816 1065 pulchri-

1030 1075 1212 1103 tudinem.Ne
1225 1076 1365 1110 patiamini
1375 1075 1588 1103 abominandam
1605 1076 1730 1103 haeresim
1745 1084 1818 1104 nunc

1029 1127 1140 1154 quoque
1159 1125 1289 1155 tanquant
1314 1128 1390 1148 suem
1411 1128 1443 1148 ex
1472 1125 1612 1156 quereeto,
1640 1125 1668 1148 ut
1697 1120 1815 1151 dicitur.

1029 1169 1138 1192 vastare
1162 1173 1193 1193 ae
1208 1165 1323 1199 perdere
1340 1165 1447 1192 vineam
1473 1170 1568 1192 vestrae
1590 1166 1773 1199 imperatoriae
1790 1171 1817 1193 et

1030 1211 1118 1238 ﬁdelis
1138 1211 1322 1247 agricultura},
1337 1215 1365 1238 ct
1386 1218 1399 1237 a
1416 1215 1575 1238 transeunte
1590 1211 1660 1238 viam
1682 1219 1735 1238 non
1753 1214 1816 1238 trita

1029 1261 1057 1284 et
1071 1264 1179 1292 aspera,
1195 1257 1265 1284 mala
1283 1257 1414 1292 opinione
1429 1257 1544 1291 turpiter
1558 1264 1618 1283 eam
1635 1257 1755 1291 perverti.
1769 1257 1816 1284 Est

1030 1302 1107 1329 vobis
1120 1302 1323 1330 scientissimus
1330 1302 1460 1337 agricola,
1469 1302 1514 1337 qui
1525 1302 1624 1329 aluerit
1633 1304 1739 1330 bolrum
1748 1312 1816 1331 vera:

1028 1349 1222 1382 confessionis,
1240 1353 1268 1376 et
1294 1350 1546 1384 eutnexpresserit
1563 1349 1589 1375 iu
1609 1349 1700 1376 divina
1723 1354 1816 1377 torcu-

1029 1394 1096 1421 laria
1113 1394 1194 1422 unius
1207 1399 1233 1421 et
1245 1393 1330 1421 solius
1342 1393 1481 1426 Ecclesiae,
1493 1399 1589 1421 etcum
1604 1394 1720 1428 implerit
1730 1401 1817 1422 crate-

1028 1447 1086 1467 rem
1099 1440 1250 1474 sapientiae,
1258 1439 1395 1474 paraverit
1408 1439 1567 1467 ﬁdelissimo
1578 1441 1679 1475 populo
1691 1442 1815 1474 poculum

1028 1491 1109 1513 rectae
1121 1485 1272 1513 sententiae.
1286 1485 1319 1512 Et
1331 1492 1477 1520 quemnam
1494 1486 1568 1513 hunc
1584 1486 1695 1513 innuis?
1706 1487 1730 1514 ei
1742 1487 1816 1514 dixe-

192 1534 402 1562 mmtastcrium.
431 1533 578 1569 Postquam
596 1542 660 1562 vero
675 1539 846 1568 agnoverunt
868 1533 977 1569 pontiti-
992 1541 1012 1569 ρ
1030 1536 1093 1559 runt
1109 1532 1296 1566 imperatores.
1314 1531 1458 1559 Tarasium
1478 1538 1536 1558 mea
1561 1532 1696 1568 significat
1715 1533 1814 1565 oratio,

192 1588 251 1608 cem
282 1581 400 1608 subiisse
426 1580 548 1608 habitum
578 1580 752 1612 humilitatis,
773 1581 812 1607 ira
838 1580 929 1615 repleti
951 1584 979 1606 et

192 1631 266 1654 metu
290 1622 455 1661 rogaverunt
476 1633 550 1659 eum,
573 1626 619 1661 qui
641 1634 670 1653 se
692 1626 726 1652 ad
749 1630 850 1652 tantam
867 1626 979 1652 dederat

192 1672 348 1704 audaciam,
365 1680 489 1707 quaenam
506 1671 603 1699 fuisset
617 1679 702 1699 causa
717 1671 853 1705 pontiﬁcis
870 1670 940 1705 fuga:
950 1675 978 1697 et

193 1723 323 1750 tonsurat,
337 1722 495 1752 reputantes
513 1725 578 1745 num
596 1717 675 1744 nihili
693 1721 767 1744 esset
782 1717 902 1744 facturus
915 1724 978 1751 gra-

192 1771 252 1792 vem
268 1763 441 1799 imperatoris
454 1763 678 1799 indignationem.
695 1762 797 1790 Paulus
814 1767 904 1789 autem
918 1763 976 1788 ntiti

192 1817 224 1836 ac
237 1798 342 1843 placida
359 1809 482 1836 oratione
500 1798 588 1843 (talis‘
596 1808 669 1834 enim
686 1811 754 1840 erat,
771 1807 795 1834 si
808 1807 879 1834 nllus
895 1806 976 1842 alius)

192 1856 261 1882 iram
287 1855 391 1882 leniens
419 1853 642 1889 imperatoriam,
671 1853 807 1887 persuasit
837 1858 868 1880 ut
893 1852 976 1880 irasci

190 1901 355 1928 desisterent
370 1910 376 1928 :
391 1905 419 1928 et
442 1902 549 1935 aperuit
564 1907 687 1932 causam,
710 1907 771 1934 quae
789 1907 851 1926 cum
873 1899 906 1927 ad
925 1899 976 1927 hoc

190 1946 347 1978 deduxerat,
364 1946 415 1973 hoc
434 1945 515 1972 modo
534 1946 616 1972 verba
636 1945 756 1972 faciens:

225 1992 253 2018 6.
271 1990 323 2024 Me,
339 1999 356 2018 ο
370 1991 560 2025 imperatores.
585 1996 613 2017 et
633 1991 744 2018 morbus
763 1995 790 2018 et
811 1991 976 2026 irztprovisus

190 2038 288 2065 mortis
313 2037 447 2065 adventus
474 2037 563 2071 coegit
590 2037 642 2064 hoc
662 2036 761 2068 facere,
781 2037 866 2064 multo
884 2042 974 2076 autem

190 2085 278 2120 magis
292 2084 325 2111 ad
347 2084 372 2111 id
389 2083 497 2118 impulit
520 2082 648 2110 Ecclesia:
669 2082 838 2116 deformitas,
855 2091 915 2117 quae
935 2083 974 2110 la-

190 2132 270 2159 borat
285 2130 392 2163 hatresi,
408 2135 435 2157 et
449 2137 482 2156 ex
498 2129 628 2168 diuturna
642 2129 712 2156 mala
723 2128 854 2163 opinione
870 2133 974 2156 tantum

225 2243 262 2279 (7)
282 2243 351 2279 Aliis
367 2242 515 2275 Salamina,
529 2242 556 2279 in
572 2241 672 2279 Notitia
686 2242 842 2279 Graecorum
866 2242 972 2279 episco-

189 2277 304 2340 téat'uum
329 2278 400 2305 facta
431 2285 502 2304 anno
526 2277 579 2304 882
602 2277 762 2304 Constantia
779 2296 787 2309 ,
816 2278 974 2312 metropolis

214 2321 280 2340 vnrt.

214 2321 280 2341 VDI‘I.

212 2322 311 2383 Ἦῖἰυ
329 2346 513 2381 Chronologia
534 2346 678 2383 Nicephori
694 2355 700 2371 :
717 2356 726 2372 ‹
742 2346 844 2374 Paulus
859 2346 974 2383 Qyprius

190 2382 343 2414 Diueonus,
364 2382 534 2409 orthodoxus
558 2387 585 2410 et
609 2382 764 2408 Confessotz.
781 2390 790 2406 ›
820 2383 839 2408 Α
868 2382 973 2408 Zonara

192 2419 275 2444 etiam
293 2418 392 2444 dicitur
414 2426 423 2441 ε
446 2417 530 2443 lector
544 2418 725 2444 orthodoxus.
750 2425 759 2441 ι

226 2453 264 2487 (9)
277 2452 365 2486 Aliqui
383 2451 538 2478 referuntur
552 2460 567 2478 a
581 2451 747 2485 Theophane
759 2458 850 2485 supra,
861 2455 975 2487 sanctus

190 2486 370 2521 Theophanes
381 2487 507 2521 martyrii
529 2487 645 2520 palmam
660 2492 826 2513 consecutus
836 2507 843 2518 ,
860 2486 956 2520 Papias
967 2506 974 2517 ,

192 2520 343 2556 Strategins
356 2542 363 2554 ,
378 2520 495 2548 Jacob'us
513 2521 743 2554 Protospatarius,
761 2520 828 2553 Leo,
843 2521 973 2552 Thomas,

190 2564 285 2583 Omnes
306 2557 387 2591 aultci
405 2556 504 2583 Leonis
523 2556 713 2591 imperatoris,
735 2563 973 2591 quemhperperaut

190 2590 324 2618 Baronius
338 2590 456 2617 Leonem
476 2589 624 2618 Arnteuum
642 2591 737 2618 scribit
761 2591 788 2616 in
814 2589 891 2617 Notis
911 2590 975 2616 add

192 2626 328 2687 Decelntb.,
347 2633 402 2660 quo
417 2626 460 2653 die
472 2633 550 2653 sacra
565 2633 660 2654 eorum
681 2625 812 2652 memoria
829 2626 975 2659 quotannis

192 2668 253 2687 recu
269 2665 331 2687 Itur.
671 2677 675 2681 -

191 2665 331 2688 recrilthtr.
671 2677 675 2681 .

231 2696 287 2730 (11))
307 2697 352 2722 Die
367 2695 397 2722 5i
414 2695 538 2730 Augusti,
549 2695 644 2722 indict.
655 2695 685 2730 A7,
700 2702 772 2730 anno
789 2694 894 2729 imperii
908 2695 976 2722 Con-

190 2728 302 2758 stantiiti
314 2736 340 2757 et
356 2731 448 2757 lrenes
458 2728 567 2764 quarto.
592 2730 628 2756 Ita
643 2728 838 2762 Theophanes,
855 2732 900 2764 qui
919 2732 976 2757 hate

190 2767 314 2800 pluribus
328 2770 430 2793 narrat.
447 2765 493 2792 Est
520 2765 543 2792 is
565 2772 652 2800 anque
665 2765 725 2792 784.

226 2800 454 2835 (ll)Subscripsit
465 2800 587 2835 sequenti
609 2794 717 2834 Synodo
729 2799 843 2827 Nicaeum
855 2799 974 2835 Ἱλαρῑων

190 2836 339 2870 ἡγούμενος
352 2835 405 2862 τῶν
417 2835 542 2870 Φλώρων.
891 2853 894 2856 -

1030 1579 1077 1613 qui
1102 1582 1145 1608 est
1164 1575 1271 1612 primus
1294 1585 1307 1604 a
1334 1579 1448 1605 secretis
1473 1577 1558 1604 divini
1585 1578 1668 1605 vestri
1698 1578 1814 1613 imperii.

1030 1625 1107 1651 Illum
1124 1624 1193 1657 scio,
1204 1627 1231 1650 et
1242 1623 1401 1658 quicunque
1416 1628 1489 1651 recte
1502 1624 1583 1658 sapit,
1596 1623 1744 1652 Ecclesiam
1756 1632 1817 1652 esse

1029 1675 1186 1705 opportune
1201 1675 1405 1705 suscepturum,
1425 1675 1451 1697 et
1471 1671 1546 1705 virga
1572 1670 1680 1705 quidem
1701 1671 1816 1697 rationis

1029 1715 1162 1750 participe
1179 1715 1312 1742 luerosum
1329 1722 1415 1749 nugas
1426 1723 1487 1742 esse
1501 1720 1658 1742 exacturum
1676 1725 1682 1742 :
1701 1715 1816 1743 docendi

1028 1765 1119 1788 autem
1141 1765 1167 1788 et
1182 1760 1312 1795 pastorali
1333 1761 1431 1788 baculo
1447 1761 1668 1788 introducturum
1693 1766 1719 1788 ct
1740 1761 1815 1788 foras

1028 1807 1190 1835 educturum
1207 1807 1240 1833 ad
1255 1806 1360 1834 stabula
1374 1810 1401 1833 ct
1416 1807 1545 1833 mandras
1557 1806 1690 1838 veritatis,
1706 1800 1814 1841 gregem

1028 1853 1245 1892 divinissimum.
1261 1853 1328 1880 Cum
1347 1852 1460 1880 auribus
1479 1853 1662 1887 imperatoriis
1680 1853 1720 1879 sic
1733 1854 1814 1879 semi-

1029 1897 1122 1928 nasset
1141 1899 1304 1932 orationem,
1323 1904 1350 1927 et
1367 1907 1427 1926 eam
1444 1898 1583 1926 ell'eeissct
1606 1898 1761 1934 genitalem,
1788 1903 1815 1926 et

1028 1954 1089 1982 qua:
1105 1947 1162 1982 jain
1186 1946 1306 1974 fructttm
1331 1945 1431 1972 tulerat
1449 1945 1475 1972 in
1491 1946 1661 1980 centuplum,
1681 1946 1814 1980 gravitate

1027 1992 1118 2020 morbi
1144 1999 1303 2027 oppressus,
1324 1991 1358 2018 ad
1386 1991 1556 2018 tabernaculi
1584 1991 1812 2025 dissolutionem,

1027 2046 1075 2074 per
1088 2043 1205 2065 mortem
1222 2037 1392 2064 confidenter
1406 2036 1561 2069 festinabat,
1577 2037 1782 2064 aediﬁcationem
1796 2046 1812 2065 a

1028 2083 1084 2112 Deo
1100 2091 1149 2118 per
1164 2082 1409 2118 incorruptionem,
1425 2087 1453 2109 ut
1472 2082 1559 2109 dicam
1576 2083 1739 2119 apostolice,
1750 2090 1812 2110 sor-

1024 2131 1092 2158 titus
1113 2129 1178 2167 (tt).
1230 2126 1234 2130 “

1062 2242 1118 2278 (12)
1131 2242 1160 2278 In
1173 2241 1306 2278 rescripto
1323 2239 1517 2278 imperatorum
1528 2239 1702 2278 Constatttipi
1718 2244 1744 2278 et
1757 2238 1812 2266 ire-

1026 2273 1075 2305 nes
1098 2273 1204 2304 a'ctione
1226 2276 1238 2301 1
1260 2273 1365 2309 synodi
1386 2273 1510 2305 Nicmnm,
1538 2281 1598 2308 qure
1608 2274 1682 2309 illud
1706 2275 1812 2309 σάκριιν

1024 2312 1152 2346 appellat,
1168 2310 1269 2346 Paulus
1282 2307 1421 2336 inducitur
1436 2307 1563 2346 dixisse:
1583 2318 1592 2333 ‹
1608 2307 1646 2334 Eo
1660 2309 1733 2342 quod
1749 2307 1810 2335 cum

1026 2343 1181 2381 huiusmodi
1191 2345 1448 2381 virisgonversatus
1458 2343 1557 2381 fueer
1571 2347 1595 2381 et
1609 2347 1809 2381 computatus.»

1027 2377 1082 2408 Imo
1098 2380 1246 2408 secundum
1265 2378 1456 2412 Theophanem
1470 2398 1478 2410 ,
1496 2387 1504 2402 ι
1519 2377 1629 2404 PatricLi
1654 2382 1680 2404 et
1700 2383 1812 2405 seaatus

1024 2417 1158 2451 primores
1189 2415 1316 2451 dixerunt
1341 2413 1365 2440 ei
1387 2421 1394 2439 :
1419 2412 1510 2446 Quare
1534 2412 1731 2451 stthscripsisti,
1749 2419 1811 2440 cum

1025 2447 1233 2478 consecrareris‘
1245 2455 1297 2474 llOll
1317 2452 1343 2474 le
1359 2451 1582 2474 consecraturum
1598 2448 1703 2474 lconam
1745 2457 1755 2473 ι

1062 2486 1117 2519 (15)
1138 2484 1268 2511 Romana:
1291 2483 1413 2519 scilicet,
1433 2488 1460 2510 et
1480 2490 1542 2519 qua:
1564 2482 1631 2519 hinc
1647 2483 1811 2519 colliguntur

1026 2521 1089 2547 huic
1108 2517 1256 2547 adltmsisse
1273 2523 1366 2545 contra
1381 2517 1562 2545 lconoclastas
1575 2538 1581 2549 ,
1602 2517 1791 2545 Alexandrinae
1803 2538 1811 2550 ,

1025 2555 1203 2581 Antiochena:
1214 2559 1240 2580 et
1251 2552 1512 2581 Hlt‘l‘OSUIV‘mllﬂllm.
1534 2551 1589 2579 lloe
1602 2552 1743 2579 anathema
1759 2554 1813 2580 Ico-

1026 2590 1157 2617 noclastis
1177 2589 1296 2615 minatus
1315 2593 1356 2614 est
1371 2582 1517 2621 Gregorius
1536 2586 1688 2622 Il,rinllixit
1709 2587 1812 2622 Grego-

1026 2625 1084 2652 rius
1097 2625 1140 2657 lll,
1152 2629 1187 2651 ut
1207 2631 1239 2650 ex
1253 2624 1399 2652 Anastasio
1412 2623 1438 2648 in
1454 2623 1551 2649 horum
1570 2621 1639 2657 Vita,
1657 2621 1813 2650 Zonaraidc

1026 2659 1116 2686 Leone
1136 2659 1272 2690 Armeno,
1297 2659 1413 2692 aliisque
1437 2661 1553 2684 constat.
1573 2656 1651 2690 Quod
1669 2659 1812 2685 anathema

1025 2703 1092 2722 Itum
1117 2694 1214 2728 reliqui
1243 2693 1378 2720 dictarum
1403 2692 1588 2720 Ecdesiarum
1613 2693 1728 2727 amplexi
1757 2693 1813 2720 sint

1026 2729 1206 2764 patriarchae,
1222 2728 1286 2755 hinc
1303 2729 1396 2764 liquet2

1062 2764 1117 2798 (14)
1137 2763 1174 2790 Ex
1199 2760 1288 2794 nunc,
1323 2760 1625 2798 ioquitr'l'heophanes,
1654 2761 1732 2796 cmpit
1759 2760 1810 2798 diei

1026 2803 1053 2825 et
1066 2795 1202 2833 disputari
1231 2805 1313 2831 super
1338 2795 1440 2824 sanctis
1471 2795 1635 2832 imaginibus
1666 2804 1756 2824 SL‘t‘tllO
1779 2795 1813 2827 ab

1028 2834 1156 2861 omnibus
1174 2840 1234 2860 cum
1253 2833 1360 2859 fiducia.
1699 2833 1701 2836 ‘
