2051 3154
268 160 334 192 1391

570 213 683 242 CAPUT
704 213 747 241 lll.

267 282 359 310 Sancti
383 281 487 308 Tarasii
509 281 599 307 electio
618 286 641 307 et
663 280 825 307 temperatio
853 278 1052 312 patriarchnlin.

305 351 329 376 7.
346 349 377 376 Et
392 350 432 377 sic
450 349 559 384 quidem
577 355 606 375 se
626 347 711 386 gessit
727 346 828 374 Paulus
844 355 850 371 :
875 346 1054 380 imperatores

268 401 360 424 autem
381 396 407 422 in
423 395 541 430 pastoris
565 393 698 420 electione
722 396 839 430 mentem
860 391 992 418 habentes
1006 397 1053 417 oc-

267 445 406 476 cupatam,
424 427 451 467 et
465 439 540 467 Pauli
557 435 683 466 sermone
700 427 842 468 stimdlati,
861 436 886 462 in
910 434 1054 462 Tarasium

268 490 360 520 aperte
383 484 503 520 defigunt
519 483 613 511 oculos
632 491 638 509 :
660 486 686 509 ct
715 489 787 512 eum.
806 480 861 508 Deo
885 480 1001 512 volente,
1026 484 1056 506 ut

269 531 381 558 viduato
395 529 469 564 gregi
485 532 622 563 praeesset,
638 525 777 554 communi
796 533 930 553 consensu
946 524 1056 560 sapien-

270 582 310 604 ter
333 576 447 611 eligunt.
467 574 511 601 Eis
533 573 743 605 assentiebatur,
765 571 896 606 quidquid
913 575 972 598 erat
984 571 1056 605 opti-

270 629 345 649 mum
367 625 393 648 et
410 618 666 655 prmstantissimum
686 625 701 644 e
721 623 801 643 sacro
826 620 933 647 senatu,
947 614 1056 642 divinus

270 667 349 702 plane
360 671 447 693 ccetus
464 674 471 691 :
490 669 519 691 ut
537 663 581 698 qui
597 663 709 690 omnino
735 661 836 689 scirent
852 661 939 688 virum
954 661 981 687 in
995 668 1055 687 om-

272 712 352 739 nibus
376 709 548 746 praefulgerc.
578 713 604 735 et
631 708 754 742 dignum,
779 707 823 734 cui
848 706 1058 734 demandaretur

271 757 392 793 dignitas
416 755 571 790 pastoralis.
589 751 735 788 Quidquid'
754 757 849 783 autem,
872 757 932 780 erat
955 751 1058 787 promi-

272 810 368 829 scuum
384 800 643 830 circumforaneum,
659 804 684 826 et
699 799 839 826 lucernam
856 797 1059 825 redolebathae-

272 847 397 879 reticam,
416 845 506 872 Patris
526 845 710 875 sanctitatem,
726 844 807 872 etiam
824 849 886 871 ante
902 851 1008 871 sacram
1024 842 1058 869 ab

271 900 304 920 eo
318 896 456 926 acceptam
476 896 591 923 vestem.
618 895 646 917 ut
676 891 709 918 ad
731 890 897 925 urguendum
914 890 1060 917 vcliemen-
1076 886 1096 913 Β

268 938 406 966 .tissimam
421 943 448 964 et
473 936 675 968 acutissimam,
703 941 858 971 suspectam
885 935 988 963 habens
1014 942 1058 962 se-

272 984 381 1016 curim,
405 982 516 1010 nolebat
540 982 668 1010 assentiri
697 982 887 1009 communibus
909 980 1057 1014 suﬂ'ragiis,

273 1037 328 1057 non
344 1030 438 1058 volens
454 1028 488 1055 ab
516 1028 627 1063 antiqua
648 1036 695 1055 sua
722 1028 883 1063 resipiscere
897 1028 1031 1056 sententia
1050 1047 1056 1054 .

273 1080 300 1103 et
314 1076 432 1103 malebat
448 1074 551 1102 involvi
566 1081 647 1102 coeno
666 1074 724 1101 limi
749 1075 893 1104 haereseos.
910 1081 992 1109 quam
1012 1081 1058 1108 po-

275 1121 326 1148 tari
342 1121 449 1148 rivitico
461 1119 564 1147 ﬂuento
578 1119 639 1154 puri
660 1122 687 1146 et
710 1119 899 1154 imperturbati
914 1118 997 1146 fontis
1011 1119 1059 1146 do-

274 1166 370 1194 ctrinas
380 1165 500 1192 Tarasii.
525 1165 577 1192 Sed
596 1165 661 1193 vicit
679 1165 717 1197 id,
733 1165 804 1200 quod
816 1165 919 1200 justum
937 1169 994 1192 erat
1010 1174 1016 1192 :
1033 1169 1060 1192 et

277 1211 426 1239 admissum
444 1215 496 1244 est,
520 1210 591 1246 quod
610 1217 659 1245 pro
683 1211 781 1245 pietate
801 1209 947 1244 ferebatur,
965 1210 1059 1238 decre-

275 1264 343 1285 tum.
355 1255 456 1284 Jubent
477 1256 570 1291 itaque
590 1256 769 1291 imperatores
783 1256 875 1283 statim
890 1263 981 1283 coram
1000 1256 1058 1284 sisti

275 1302 432 1334 Tarasium,
448 1305 489 1333 ut,
511 1309 572 1336 qua:
587 1300 644 1328 Deo
657 1301 820 1329 videbantur
842 1306 869 1328 et
885 1301 990 1336 legibus
1014 1309 1060 1327 ec-

273 1346 448 1379 clesiasticis,
464 1345 524 1381 jura
545 1345 572 1373 in
596 1353 629 1374 eo
650 1346 855 1374 confirmarent.
872 1345 920 1373 llle
936 1354 999 1373 vero
1014 1346 1061 1372 ad-

275 1397 334 1421 erat
348 1400 410 1420 cum
427 1392 470 1427 pia
486 1397 514 1420 et
530 1392 647 1420 honesta
665 1383 765 1427 specie,
784 1396 812 1419 et
825 1399 894 1427 quas
910 1400 924 1419 a
942 1391 996 1419 Deo
1011 1392 1061 1418 ha-

276 1438 366 1471 bebat,
383 1438 479 1473 gratiis
493 1437 681 1465 circumdatus
696 1448 702 1465 :
717 1438 789 1472 apud
804 1445 884 1472 quem
898 1437 1020 1464 honestis
1035 1440 1061 1463 et

274 1484 390 1521 egregiis
404 1488 516 1519 agentes
531 1483 719 1516 sermonibus,
736 1489 762 1510 et
779 1488 908 1518 tanquam
928 1483 984 1517 jam
998 1490 1059 1510 cum

812 160 841 190 S.
862 159 1015 189 TARASXI
1044 157 1296 188 PATRIARCH/E
1321 157 1374 187 (ΣΡ.

1069 216 1090 244 Α
1105 210 1289 246 prehendatur
1300 210 1372 245 quod
1387 208 1568 236 desideratur.
1584 208 1703 243 Tempus
1721 212 1761 236 est
1773 215 1847 244 ergo,
1862 215 1893 236 ut

1824 153 1891 186 1392

1105 260 1267 284 contexalttr
1287 255 1418 290 praeclara
1436 259 1463 282 et
1483 255 1562 288 valde
1576 254 1694 289 optanda
1709 253 1836 282 Ecclesiae
1851 260 1893 282 tu-

1106 302 1177 333 nica,
1192 309 1275 336 quam
1298 300 1380 328 scidit
1403 300 1488 335 pestis
1503 300 1624 327 haeresis.
1646 299 1725 327 Nunc
1745 300 1893 336 appmpin-

1105 351 1171 382 quat
1183 347 1241 374 dies
1259 346 1374 381 insignis
1387 349 1414 373 et
1430 345 1570 376 salutaris,
1586 345 1612 372 in
1624 353 1679 380 quo
1695 345 1821 374 Christus
1835 354 1895 374 ces-

1106 399 1168 419 sare
1191 391 1294 419 faciens
1315 390 1454 418 fremitum
1477 391 1581 418 erroris
1601 391 1822 424 simulacrorum,
1850 400 1895 419 an-

1106 437 1166 464 nuit
1185 437 1305 472 copiosis
1331 436 1390 464 suis
1418 436 1653 470 miserationibus,
1680 442 1710 464 ut
1732 437 1791 472 ejus
1813 446 1896 465 vene-

1106 483 1192 510 randa
1210 483 1362 518 erigeretur
1382 486 1483 514 statua,
1497 482 1569 518 quod
1595 484 1693 510 attinet
1718 484 1751 510 ad
1766 483 1895 511 humani-

1108 532 1201 555 tatem.
1218 527 1368 555 Transiens
1383 535 1449 563 ergo
1463 528 1501 567 ad
1518 533 1624 563 septum
1647 529 1808 561 sacerdotii,
1831 537 1894 558 cum

1107 575 1241 602 adversus
1260 574 1385 602 haeresim
1404 573 1598 606 decertaveris,
1615 581 1681 601 cane
1694 574 1816 602 victoria:
1831 583 1897 602 can-

1108 621 1192 648 ticum
1208 620 1338 648 adversus
1363 619 1499 647 inimicos.
1524 620 1546 647 A
1565 620 1620 648 Deo
1642 620 1783 655 praemium
1804 625 1831 649 et
1848 629 1896 649 co-

1107 674 1204 694 ronam
1219 671 1390 701 accepturus,
1406 666 1545 701 egredere.

1143 713 1170 740 9.
1191 712 1322 740 Tarasius
1349 717 1439 740 autem
1464 713 1636 747 imperatoris
1654 712 1818 740 allocutione
1844 713 1896 740 ob?

1109 757 1290 793 stupefactus,
1308 763 1334 786 et
1350 762 1478 793 tauquam
1497 765 1512 785 a
1533 758 1638 785 cmlesn
1655 758 1747 793 aliquo
1771 766 1838 786 sono
1855 763 1896 786 at-

1110 804 1225 836 tonitus,
1246 803 1387 838 respondit
1402 803 1428 830 in
1446 804 1516 831 hanc
1541 803 1705 831 sententiam
1722 804 1755 830 ad
1777 811 1819 836 ea,
1835 812 1897 839 qua:

1109 849 1181 876 dicta
1202 848 1311 876 fuerant
1324 857 1331 875 :
1343 848 1543 883 Tempestatem
1557 848 1679 884 quidem,
1693 857 1752 884 qua
1773 849 1799 876 in
1816 849 1896 876 fidem

1110 897 1137 921 et
1149 894 1307 921 universum
1324 901 1470 921 commune
1481 894 1656 921 vehementer
1668 894 1757 926 irruit,
1772 899 1799 921 et
1811 902 1898 929 usque

1109 939 1143 967 ad
1158 939 1334 967 fundamenta
1347 939 1498 967 Eeclesiam
1513 939 1675 974 periculosis
1688 938 1798 974 agitarit
1813 940 1899 967 ﬂucti-

1109 985 1172 1018 bus,
1189 990 1218 1012 et
1232 985 1330 1012 animae
1344 984 1519 1020 naufragium
1535 985 1628 1012 multis
1641 985 1810 1019 conciliavit,
1824 986 1898 1012 nulla

1109 1034 1152 1058 est
1173 1031 1259 1062 auris,
1277 1038 1339 1065 qua:
1360 1037 1415 1058 non
1440 1031 1587 1066 acceperit,
1604 1031 1712 1058 etiamsi
1730 1032 1809 1066 pauci
1830 1031 1895 1059 etfu-

1110 1076 1200 1111 gerint
1211 1076 1264 1103 vim
1278 1076 1413 1111 procellae.
1429 1075 1507 1104 Hunc
1518 1084 1583 1104 vero
1600 1077 1694 1104 sedare
1710 1078 1855 1111 turbinem,
1871 1084 1898 1106 et

1110 1123 1251 1146 nocturna?
1264 1126 1362 1154 pugnae
1372 1119 1437 1146 luna
1451 1127 1505 1147 non
1520 1119 1627 1148 lucente
1643 1121 1712 1148 hanc
1726 1129 1824 1156 pacare
1836 1131 1898 1157 prn-

1110 1164 1217 1197 cellam,
1244 1164 1333 1197 majus
1348 1168 1401 1197 est,
1430 1172 1514 1199 quam
1540 1169 1570 1192 ut
1587 1165 1650 1193 ullm
1666 1166 1736 1193 vires
1757 1167 1781 1194 id
1799 1172 1899 1202 queant

1111 1214 1253 1244 praestare.
1265 1209 1332 1242 Quis
1342 1210 1427 1242 enim,
1443 1218 1504 1245 quae
1515 1214 1568 1238 tam
1582 1211 1685 1239 nefarie
1698 1212 1822 1244 invaluit,
1835 1221 1900 1241 cono

1111 1255 1297 1288 suetudinem,
1325 1260 1352 1284 et
1377 1260 1482 1284 natura!
1506 1257 1562 1284 vim
1586 1257 1698 1292 accepit,
1722 1264 1749 1285 et
1765 1259 1898 1285 mundum

1110 1302 1308 1336 propemodum
1325 1301 1505 1337 jurejurando
1520 1302 1609 1338 adegit
1627 1303 1759 1331 adversus
1779 1304 1899 1331 divinam

1111 1350 1284 1380 potestatem,
1299 1347 1476 1380 converterit,
1495 1352 1523 1375 et
1535 1347 1630 1375 fecerit
1648 1348 1754 1376 discere
1772 1350 1844 1384 quod
1859 1355 1902 1377 est

1111 1391 1220 1424 melius,
1244 1391 1297 1419 nisi
1323 1392 1393 1420 Deus
1416 1393 1552 1428 aspexerit
1569 1385 1596 1420 et
1615 1393 1766 1421 defenderit
1782 1400 1902 1423 vestram

1112 1436 1232 1464 divinam
1255 1439 1438 1471 potestatem?
1459 1437 1592 1470 Ecclesia,
1616 1445 1677 1473 qua:
1699 1438 1847 1472 impietatis
1862 1446 1902 1475 ty-

1113 1481 1227 1509 ranuide
1250 1482 1315 1510 olim
1333 1482 1385 1510 fuit
1402 1488 1484 1512 exuta
1498 1483 1601 1512 veteris
1622 1484 1729 1512 decoris
1752 1485 1902 1519 pulchritu-

272 1530 367 1563 Patre,
380 1530 414 1558 de
426 1537 459 1557 eo
474 1530 546 1565 quod
562 1534 621 1557 erat
637 1533 732 1565 postea
748 1529 982 1561 constituendum,
995 1537 1060 1556 con-
1076 1546 1097 1574 c
1114 1527 1186 1560 dine,
1207 1529 1358 1565 lacerisque
1379 1530 1478 1564 pannis
1499 1530 1546 1557 diu
1572 1537 1634 1558 esse
1659 1530 1754 1557 induta
1771 1531 1902 1558 sustinuit

276 1577 368 1605 silium
384 1576 523 1610 ineuntes,
540 1576 582 1604 usi
599 1580 665 1604 sunt
676 1576 767 1603 verbis
781 1575 916 1611 ejusmodi
936 1583 960 1607 ε,

312 1621 339 1650 8.
351 1621 411 1650 Non
431 1626 560 1657 putamus
584 1622 669 1649 latere
690 1625 764 1648 tuam
789 1621 974 1656 prudentiam,
991 1622 1063 1656 quod

278 1665 424 1700 praeteritis
451 1665 620 1701 temporibus
644 1665 796 1693 Ecclesium
832 1666 932 1693 invasit
962 1666 1065 1701 vertigo

278 1711 413 1740 heretica:
424 1711 559 1746 caliginis,
575 1719 636 1746 quae
647 1711 734 1738 nihilo
748 1711 916 1739 tolerabilius
928 1718 987 1738 eam
1001 1718 1067 1746 0pc-

279 1758 344 1791 ruit,
373 1765 454 1793 quam
472 1765 543 1785 nova
567 1757 645 1794 plaga
666 1757 837 1793 Egyptiaca,
868 1757 998 1790 tenebrat,
1025 1757 1067 1784 in-

278 1812 373 1840 quam,
401 1803 560 1840 palpabiles,
588 1808 616 1831 et
641 1811 728 1838 usque
744 1804 770 1831 in
801 1803 963 1831 hodiernum
994 1802 1066 1830 diem

277 1849 369 1877 cancri
386 1857 463 1878 more
480 1849 568 1884 serpit
584 1857 633 1885 per
645 1856 756 1884 gregem
772 1857 779 1875 :
796 1853 822 1876 et
844 1857 892 1884 per
909 1849 1066 1876 universum

274 1894 337 1923 fere
353 1895 486 1922 mundum
511 1894 539 1921 in
562 1895 682 1922 animam
697 1890 848 1923 commovit
866 1899 1065 1930 tempestatem.

279 1939 345 1973 Sed,
365 1940 497 1975 quoniam
513 1939 585 1968 Deus
601 1940 733 1968 ineffabili
757 1945 826 1968 nutu
845 1948 904 1968 eam
928 1941 1067 1975 produxit,

278 1986 339 2022 ejus
350 1985 490 2018 ductores,
509 1986 556 2020 qui
576 1993 632 2013 non
651 1986 725 2021 juste
745 1986 848 2021 justum
865 1987 993 2021 persequi
1009 1991 1069 2014 .sta-

280 2035 398 2063 tuerant,
411 2031 486 2067 justo
497 2031 603 2066 judicio
625 2031 660 2058 ab
684 2031 800 2066 imperio
813 2031 913 2058 exemit
928 2036 955 2058 et
970 2039 984 2057 a
1000 2031 1067 2064 vita,

279 2083 306 2105 et
319 2083 448 2111 tanquam
465 2076 619 2111 lampadem
631 2077 824 2112 praelucentem
838 2080 958 2104 nostram
972 2083 1069 2103 accen-

279 2122 320 2149 dit
335 2121 497 2156 potentiam.
521 2126 551 2148 ut
575 2121 652 2148 nialze
676 2121 814 2155 opinionis
834 2121 977 2155 abigamus
995 2125 1069 2147 tene-

280 2167 355 2199 bras,
371 2170 399 2193 et
415 2166 557 2200 faciamus,
571 2166 673 2193 exoriri
695 2166 781 2193 solem
805 2165 988 2199 cognitionis;
1006 2173 1069 2193 ecce

1115 1579 1224 1608 propter
1239 1575 1327 1609 putria
1343 1579 1370 1601 et
1385 1575 1519 1602 imbecilla
1538 1575 1666 1611 dogmata
1685 1576 1810 1608 haeresis,
1829 1584 1901 1604 nunc

1116 1627 1130 1646 a
1145 1619 1200 1646 Deo
1217 1620 1295 1647 vobis
1306 1624 1419 1647 ornetur
1433 1620 1486 1655 piis
1502 1620 1689 1647 varietatibus.
1709 1620 1760 1648 Per
1773 1629 1822 1649 vos
1837 1629 1901 1657 ergo

1117 1670 1281 1691 renoventur
1299 1665 1424 1692 mandata
1438 1666 1636 1700 apostolorum,
1651 1673 1699 1700 per
1721 1674 1782 1701 quae
1796 1666 1902 1694 refulsit

1116 1710 1245 1744 splendor
1259 1710 1425 1737 veraedidei.
1452 1710 1597 1746 Respircnt
1622 1719 1760 1739 sacrarum
1784 1712 1902 1747 synodo-

1117 1764 1177 1784 rum
1193 1764 1261 1792 pura
1281 1757 1400 1789 decreta,
1413 1764 1474 1791 qua:
1493 1757 1661 1792 evangelicis
1686 1762 1831 1784 servantur
1848 1762 1903 1784 tra-

1117 1796 1280 1834 ditionibus,
1302 1810 1352 1830 nec
1375 1803 1515 1830 sustinent
1541 1803 1567 1830 in
1594 1808 1726 1830 aeternum
1745 1803 1800 1830 ullo
1823 1804 1903 1830 modo

1118 1854 1198 1881 posse
1225 1847 1335 1882 surripi.
1365 1847 1530 1882 Aperiantur
1560 1847 1694 1875 vestibula
1725 1852 1902 1882 paternorum

1117 1893 1287 1928 dogmatum.
1305 1897 1332 1920 et
1347 1892 1449 1920 Christi
1466 1892 1601 1927 pecudum
1617 1894 1644 1919 in
1657 1892 1697 1921 eis
1711 1901 1806 1928 greges
1819 1899 1904 1920 trans-

1118 1944 1192 1972 eant,
1217 1943 1244 1966 ct
1259 1943 1388 1974 tanquam
1404 1946 1436 1966 ex
1465 1939 1558 1966 divino
1577 1938 1703 1974 paradiso
1723 1940 1904 1966 conﬁteantur

1118 1984 1270 2011 doctrinam
1288 1987 1369 2011 rectae
1381 1983 1574 2011 confessionis.
1589 1984 1640 2012 Per
1658 1983 1835 2019 Caiphaicum
1850 1985 1904 2020 (l5)

1119 2030 1191 2057 enim
1207 2030 1352 2057 concilium
1370 2029 1442 2057 facta
1457 2035 1498 2058 est
1515 2030 1622 2057 abortio
1637 2029 1708 2058 fetus
1721 2031 1841 2058 haeresis.
1856 2032 1906 2058 Per

1119 2069 1317 2103 cacumenicam
1344 2076 1477 2110 synodum
1502 2081 1651 2103 nascantur
1669 2076 1716 2102 filii
1731 2075 1869 2106 Ecclesiae.
1881 2082 1908 2103 et

1119 2121 1153 2148 ad
1166 2128 1321 2148 mensuram
1337 2122 1425 2147 aetatis
1438 2120 1539 2148 Christi
1553 2121 1750 2156 incrementum
1760 2121 1905 2156 accipiant.

1119 2166 1187 2193 Nam
1199 2167 1221 2194 si
1236 2168 1288 2194 hoc
1304 2167 1404 2194 factum
1418 2159 1551 2199 fuerit,‘et
1566 2167 1678 2202 antiqua
1692 2174 1724 2194 ac
1738 2167 1826 2201 prima
1839 2168 1907 2193 ami-

280 2216 308 2239 te
321 2219 470 2240 evocamus
493 2211 666 2239 defensorem
692 2215 719 2238 et
732 2215 971 2246 propugnatorem,
991 2215 1017 2238 et
1033 2211 1066 2238 ad
1082 2212 1105 2241 D
1118 2215 1179 2239 ctus
1199 2211 1331 2246 dignitate
1357 2211 1440 2238 fuerit
1462 2211 1600 2242 decorata,
1628 2215 1655 2238 et
1680 2219 1751 2238 verae
1770 2211 1907 2246 opinionis

249 2264 258 2281 “ι
282 2259 332 2286 hoc
344 2262 486 2285 certamen
501 2257 665 2292 adjutorem,
681 2260 710 2283 ut
722 2256 766 2291 qui
783 2255 903 2283 sciamus
914 2260 946 2283 te.
956 2256 1069 2290 pulchre

257 2296 362 2339 ‘posse
376 2303 481 2331 armari
507 2302 541 2330 ad
569 2307 671 2329 rectam
699 2301 825 2329 tuendam
843 2301 1019 2333 sententiam,
1042 2305 1070 2328 et

280 2355 384 2378 structa
398 2357 430 2377 ex
449 2350 582 2377 divinitus
599 2346 741 2384 inspiratis
758 2348 910 2383 Scripturis
933 2348 1001 2380 acie,
1019 2355 1069 2382 pro

281 2405 313 2426 ea
331 2397 477 2432 conﬂigere
493 2401 520 2424 et
546 2400 571 2423 te
597 2395 725 2430 pratelare
741 2402 843 2430 gerere.
858 2393 897 2421 Nc
914 2401 979 2429 ergo
995 2399 1068 2429 terga

259 2434 263 2450 ί
281 2448 374 2470 vertas
388 2443 424 2469 ob
443 2450 487 2475 ea,
510 2449 571 2477 quin
586 2441 629 2476 pie
660 2449 675 2467 a
694 2441 772 2467 nobis
795 2445 994 2475 proponuntur,
1022 2439 1068 2473 qui

281 2488 432 2516 mundanis
445 2487 543 2522 opibus
557 2492 584 2514 et
597 2487 684 2522 copiis
695 2486 838 2514 studemus
858 2493 1003 2520 procurare
1022 2493 1070 2520 pa-

282 2536 324 2562 cis
345 2533 516 2561 utilitatem:
540 2533 607 2568 quin
631 2533 713 2560 etiam
746 2531 860 2566 pedibus
887 2536 914 2558 et
941 2531 1069 2558 manibus

282 2586 362 2615 opem
379 2579 460 2612 ferre,
477 2584 505 2607 et
520 2586 631 2606 omnem
655 2585 764 2605 movere
782 2577 908 2612 lapidem,
925 2581 954 2604 ut
968 2576 1068 2604 dicitur

282 2627 310 2654 iu
324 2624 492 2657 Proverbiis,
505 2630 537 2652 ut
552 2624 707 2652 inveniatur
721 2623 795 2658 quod
817 2622 959 2657 quaeritur,
975 2627 1001 2649 et
1022 2629 1070 2656 ap-

320 2713 377 2750 us)
396 2711 459 2750 itaet:
475 2715 516 2750 est
539 2709 1021 2750 pseudosynodua“Constantinopoli
1042 2712 1070 2738 in

284 2745 390 2785 palatio
409 2747 507 2774 llieriat
523 2748 559 2787 ab
581 2745 1072 2787 imperatoreponataptino'tlopro.

287 2780 370 2821 hymo
385 2786 561 2822 congregata,
578 2780 651 2808 anno
665 2781 770 2814 imperii
798 2782 843 2813 t3,
868 2780 1024 2822 Indictione
1042 2782 1069 2814 7,

287 2818 390 2846 thriin
411 2817 473 2849 75$,
501 2817 674 2851 babuaquca
690 2820 789 2850 quarto
813 2817 866 2843 dus
895 2815 1069 2847 Februarias,

287 2822 390 2846 thriin
411 2822 473 2849 75a,
501 2822 674 2851 nanttaquca
690 2822 789 2850 quarto
813 2822 866 2843 aus
895 2822 1069 2847 renruarias,

286 2854 321 2880 ad
342 2858 448 2881 sextum
468 2852 530 2880 ldus
553 2852 711 2887 Augustas:
732 2851 807 2882 null.»
831 2855 963 2886 prtesente
979 2858 1011 2878 ex
1026 2859 1071 2879 ca-

1120 2258 1182 2292 pius
1196 2257 1356 2292 dogmatum
1372 2256 1482 2284 Lucifer
1497 2261 1588 2284 vestro
1605 2257 1694 2284 studio
1710 2264 1769 2284 eam
1788 2257 1907 2284 illustra-

1121 2304 1199 2335 rerit,
1227 2303 1336 2330 habebit
1361 2296 1456 2330 omnes
1482 2303 1573 2330 ﬁdeles
1601 2303 1628 2330 in
1653 2303 1746 2330 eadem
1774 2303 1906 2330 sententia

1119 2348 1322 2380 convenientes,
1344 2352 1370 2375 et
1386 2355 1449 2375 suas
1473 2347 1579 2375 animas
1603 2347 1809 2382 profundentcs.
1831 2353 1860 2374 ut
1876 2357 1906 2374 ea

1121 2395 1253 2422 stabiliter
1284 2393 1407 2428 fundata,
1433 2399 1610 2422 conservetur
1635 2402 1719 2429 supra
1739 2396 1844 2420 tirmam
1861 2401 1907 2428 pc-

1120 2446 1191 2468 tram
1208 2441 1278 2468 fidei.

1157 2487 1201 2514 10.
1228 2487 1296 2515 Cum
1316 2488 1375 2514 haec
1401 2494 1492 2514 coram
1518 2487 1684 2521 imperatore
1707 2486 1805 2512 animae
1832 2485 1906 2511 utilia

1121 2533 1287 2560 declarasset
1302 2533 1440 2567 mysteria,
1458 2533 1516 2566 ipse
1530 2540 1593 2559 eum
1611 2537 1699 2567 rogat,
1722 2535 1751 2563 ut
1763 2539 1826 2558 eum
1841 2538 1908 2565 quo-

1121 2587 1175 2614 que
1198 2579 1231 2606 de
1252 2579 1295 2606 his
1317 2579 1498 2605 disserentem
1525 2577 1618 2604 audiat
1646 2577 1801 2604 communis
1821 2582 1907 2603 uetus

1123 2625 1224 2659 populi.
1244 2623 1312 2651 Nam
1336 2624 1397 2652 hoc
1413 2628 1495 2658 caput
1517 2628 1598 2650 recta:
1621 2622 1683 2650 ﬁdei
1703 2621 1807 2649 ferebat
1832 2621 1907 2648 turba

1123 2714 1232 2742 tholicis
1252 2715 1382 2745 ‘sedibus,
1410 2714 1534 2741 Romana
1567 2713 1688 2746 scilicet,
1720 2712 1908 2743 Antiochena,

1122 2748 1317 2781 Alexandi‘ina,
1331 2750 1578 2785 Hierosolynlitana
1589 2757 1603 2785 κε
1622 2750 1647 2775 in
1663 2749 1802 2785 eargiltus
1816 2754 1910 2785 sacra-

1123 2793 1183 2811 rum
1198 2786 1348 2819 imaginum
1363 2781 1508 2811 damnatus
1520 2790 1571 2811 est.
1588 2784 1705 2819 Legendi
1719 2781 1908 2816 Theophanes,

1122 2818 1291 2855 Nicepiioius
1307 2821 1333 2847 in
1348 2820 1486 2847 Bret-iario
1506 2820 1634 2854 historiae,
1657 2818 1766 2852 aliique.
