2051 3154
168 219 236 253 1393

894 207 899 212 ’
938 226 1039 258 νιτΑ.

167 279 304 312 militaris,
319 283 350 307 ut
363 279 408 307 cui
430 286 485 308 non
499 279 638 309 videretur
659 289 720 310 esse
734 282 916 311 admittendas
931 287 958 311 et
972 285 996 313 Α

166 325 322 353 adorandus
335 326 507 355 venerandas
523 327 668 363 imagines.
686 328 759 357 Nutu
783 337 848 365 ergo
863 329 957 357 Eccle-

167 371 215 399 sia:
228 371 282 399 hoc
295 371 385 400 facere
400 373 542 406 incitatus,
555 381 618 401 cum
631 374 729 402 fuisset
742 375 769 402 in
782 375 884 411 inclyto
904 375 957 404 Ma-

148 444 149 447 ,
167 423 278 452 gnaura':
293 416 349 453 (l6)
362 417 476 452 palatio,
489 419 617 446 universa
637 420 792 448 conﬂuente
806 421 916 450 civitate
930 426 958 450 et

167 462 329 490 sacerdotali
349 463 536 496 multitudine,
554 472 584 492 se
607 465 718 500 quidem
739 467 889 497 excusavit.
907 474 956 494 va-

167 507 229 535 lidis
251 508 444 537 demonstrans
468 510 633 543 rationibus,
658 511 746 546 qualis
767 516 840 539 esset
863 519 957 539 sacer-

165 552 231 581 dotii
248 553 385 588 professio
401 559 428 582 et
444 555 573 589 dignitas,
593 560 622 583 et
639 557 672 583 ad
689 562 819 591 quautam
834 558 956 585 altitudi-

166 606 227 626 nem
241 603 268 626 et
286 599 503 634 magnitudinem
519 601 617 629 evehat
632 610 706 635 eum,
725 603 772 638 qui
786 603 844 630 vult
859 603 892 630 ad
905 603 957 632 hoc

165 644 313 679 procedere
331 655 338 672 :
355 653 439 681 seque
456 654 510 674 non
525 654 586 675 esse
608 647 738 675 idoneum
761 649 794 676 ad
818 649 843 676 id
867 650 956 678 susci-

165 690 307 725 piendum,
339 696 368 718 ut
394 692 442 726 qui
470 692 527 727 jam
550 693 615 720 olim
641 693 725 721 fuerit
749 695 907 729 implicatus
929 696 955 723 in

165 736 261 764 mundi
277 737 471 772 dignitatibus,
491 743 518 765 et
530 739 556 766 in
573 739 656 773 hujus
668 739 730 768 vita:
743 740 831 768 turbis
841 745 869 768 et
882 741 958 768 solli-

150 779 336 811 'citudinibus
350 783 500 818 plurimum
517 784 669 829 involutus,
685 789 713 812 et
723 786 868 821 mysticum
884 787 958 814 hunc

165 832 267 856 statum
284 829 407 857 nomium
420 831 581 865 gustaverit.
601 831 669 858 Eum
683 832 766 864 enim,
780 833 826 866 qui
842 832 874 860 ad
887 833 958 860 hanc

165 875 339 902 vocationem
357 880 384 902 et
408 875 483 903 hunc
498 876 613 910 gradum
638 882 778 912 properat,
807 878 902 910 illotis,
927 882 958 906 ut

167 918 278 951 dicitur,
305 919 434 947 manibus
459 921 514 948 cito
538 921 571 948 ad
589 921 616 948 id
639 922 756 955 insilire,
776 928 803 950 et
822 931 884 958 quae
903 931 956 952 non

166 965 240 1000 tangi
260 971 385 1000 possunt,
412 971 523 1001 tangere
546 975 600 994 non
624 971 770 996 est‘tutum
790 979 796 996 :
817 970 864 998 sed
881 978 954 1004 eum,

165 1011 212 1045 qui
232 1015 274 1038 est
290 1010 424 1039 educatus
440 1012 468 1039 in
487 1012 532 1046 iis,
551 1020 612 1048 qua:
625 1013 659 1040 ad
675 1013 728 1041 huc
745 1014 957 1050 ferunt,justiti-

164 1056 339 1091 cationibus,
359 1061 385 1084 et
402 1057 524 1086 directus
547 1059 714 1093 evangelicis
741 1065 768 1087 et
785 1061 954 1095 apostolicis,

165 1106 195 1129 ut
221 1110 270 1136 par
296 1108 347 1136 est,
379 1104 494 1132 viviticis
521 1105 664 1138 doctrinis,
693 1106 726 1133 ad
743 1106 955 1134 discernendum

164 1149 236 1175 viam
251 1153 352 1176 rectam
370 1154 396 1177 et
411 1151 551 1178 incurvam
570 1160 577 1178 :
596 1156 625 1178 ut
644 1152 688 1179 illa
705 1151 816 1187 quidem
830 1159 957 1188 pastora-

165 1193 225 1221 liter
238 1194 355 1222 deducat
379 1197 412 1223 ad
437 1197 569 1232 meliora;
590 1198 661 1226 banc
682 1203 772 1226 autem
792 1199 909 1228 declinet
930 1205 957 1228 et

164 1240 240 1271 vitet,
269 1242 465 1270 convenienter
486 1243 586 1271 divina:
617 1245 807 1278 admonitioni,
839 1252 868 1273 ut
897 1254 957 1282 qum

165 1286 261 1320 procul
289 1286 358 1315 ferat
377 1295 391 1315 a
420 1288 475 1316 Deo
498 1294 524 1317 et
547 1290 606 1325 ejus
632 1291 885 1320 constitutionibus.
909 1292 956 1321 His

164 1331 275 1366 fretum,
295 1333 400 1360 traduci
417 1339 525 1370 oportet
549 1337 582 1363 ad
603 1337 828 1372 magnitudinem.
853 1337 894 1366 Me
908 1346 957 1366 au-

164 1383 229 1411 tem,
259 1385 288 1408 ut
309 1381 362 1408 scit
384 1381 471 1414 Deus,
493 1383 526 1410 ad
551 1384 603 1411 hoc
629 1385 834 1420 suscipiendum
861 1394 957 1413 mona-

164 1426 277 1454 stet-ium
294 1427 409 1455 invitum
423 1435 573 1464 coegerunt
598 1430 789 1466 imperatores,
815 1441 877 1460 cuin
904 1433 956 1461 boc

165 1471 232 1499 mihi
251 1481 392 1508 nunquam
414 1475 533 1504 venisset
549 1476 576 1503 in
594 1482 724 1510 mentem,
751 1486 839 1512 neque
855 1478 888 1505 de
906 1479 956 1506 hac

164 1524 284 1552 unquam
300 1520 421 1548 rectione
429 1521 604 1557 cogitassem.
616 1521 758 1558 Tanquam
784 1523 871 1551 electo
892 1531 957 1559 ergo

164 1562 211 1590 Dei
235 1564 337 1599 populo
359 1571 386 1593 et
405 1567 480 1602 gregi
501 1575 588 1595 meam
614 1569 790 1597 communico
811 1569 956 1597 conscien-

163 1654 287 1690 alligare,
315 1661 343 1684 et
369 1664 412 1684 mc
436 1657 519 1692 hujus
544 1658 640 1695 jugum
671 1660 764 1688 subire
791 1661 954 1694 statuet-itis,

163 1700 305 1727 traditioni
323 1703 502 1730 mcumenicae
520 1703 582 1730 fidei
602 1711 651 1731 vos
664 1712 773 1740 quoque
788 1705 862 1740 ipsos
876 1706 955 1732 incli-

163 1747 245 1780 netis,
271 1752 299 1774 et
318 1755 352 1775 ne
377 1756 426 1776 vos
443 1749 521 1784 sequi
542 1750 633 1785 pigeat
646 1749 762 1784 -Patres,
781 1752 827 1785 qui
846 1752 897 1779 hac
914 1752 955 1778 via

164 1796 228 1819 sunt
245 1792 374 1828 ingressi,
389 1798 416 1822 et
433 1802 480 1822 sex
499 1795 555 1830 (Π)
574 1797 678 1824 sanctis
704 1797 884 1824 (crumenicis
910 1805 956 1833 sy-

163 1836 255 1870 nodis,
273 1843 300 1865 et
315 1837 359 1871 iis,
381 1845 443 1874 quae
463 1840 505 1874 pie
526 1840 561 1867 ab
586 1840 654 1876 ipsis
673 1846 737 1868 sunt
752 1841 874 1873 deercta,
891 1850 956 1869 con-

164 1882 268 1910 sentire
286 1891 320 1911 ne
334 1886 476 1912 recusetis.
495 1886 535 1912 Ad
550 1894 698 1922 supernam
717 1888 789 1914 cnim
813 1888 957 1915 Incredita-

162 1932 217 1955 tem
245 1930 437 1970 transmittunt
455 1939 515 1964 eos,
544 1933 592 1967 qui
615 1933 681 1968 ipsis
709 1938 814 1968 parcnt,
836 1937 862 1960 et
889 1934 957 1961 fiunt

163 1978 291 2003 auctores
306 1983 414 2011 magnae
429 1982 456 2004 et
476 1977 641 2006 immortalis
659 1979 902 2007 remunerationis.

198 2020 243 2047 Η.
270 2021 338 2056 Ejus
360 2023 452 2058 itaque
477 2024 681 2052 admonitiones
709 2029 839 2060 tanquam
866 2024 955 2060 angeli

162 2073 245 2094 voces
262 2067 383 2096 admittit
398 2069 527 2104 populus,
544 2074 570 2097 et
586 2070 697 2105 polliciti
715 2078 745 2099 se
764 2071 851 2098 instar
863 2071 954 2097 ovium

163 2119 309 2141 semturos
323 2113 468 2142 ducentem
484 2116 669 2151 pastoralitcr,
681 2124 720 2149 se,
732 2121 763 2143 ut
773 2116 829 2144 Deo
844 2121 870 2143 et
878 2116 902 2143 ei
913 2116 953 2143 vi-

163 2159 254 2191 detur,
270 2160 297 2187 in
314 2161 444 2189 omnibus
465 2162 605 2196 parituros
624 2161 807 2189 aﬂirmabant.
827 2161 905 2188 Tunc
922 2161 956 2188 de

163 2211 263 2234 caetero
295 2207 476 2242 inspiratione
492 2207 548 2243 (18)
562 2207 722 2242 principalis
743 2211 771 2234 ct
788 2207 873 2234 divini
891 2206 953 2241 Spi-

164 2252 244 2284 ritus,
262 2253 439 2288 conspirante
454 2253 536 2280 etiam
553 2253 671 2281 consilio
695 2253 880 2288 imperatoris,
895 2254 952 2280 limi

163 2298 296 2325 mundani
314 2303 417 2325 mutata
432 2299 574 2334 dignitate,
591 2304 618 2326 et
637 2304 715 2327 tonsa
735 2307 813 2326 coma
830 2299 882 2326 ritu
898 2299 954 2326 cle-

162 2342 224 2373 rici,
242 2343 412 2377 honestoque
431 2347 459 2370 et
473 2342 630 2370 venerando
645 2343 699 2370 alio
713 2347 822 2377 sumpto
838 2343 952 2373 amictu,

162 2388 262 2415 divinis
279 2393 305 2415 et
322 2388 492 2423 spiritalibus
508 2388 741 2419 invocationibus,
770 2388 840 2416 sicut
861 2388 952 2414 Aaron

162 2439 188 2460 et
202 2433 328 2466 Phinees,
345 2435 460 2469 suscipit
479 2434 637 2462 unctionem
661 2435 774 2461 honoris
793 2434 952 2462 sacerdota-

162 2478 207 2511 lis,
223 2484 250 2506 ct
264 2480 387 2507 ascendit
401 2480 434 2507 ad
453 2479 626 2507 altitudinem
643 2480 779 2507 cathedra:
793 2479 951 2515 pastoralis,

161 2525 216 2552 luci
233 2525 321 2553 lucem
339 2525 504 2561 adjungens,
522 2531 548 2553 ct
568 2526 696 2554 virtutem
721 2534 825 2562 augens
844 2527 953 2554 virtuti-

162 2572 224 2604 bus,
250 2576 277 2599 et
303 2572 413 2599 modum
440 2572 634 2607 superantibus
659 2573 828 2607 profectibus
844 2574 951 2606 datum,

162 2618 381 2646 sacratissimum
398 2619 530 2646 talentum
546 2619 742 2654 multiplicans.

200 2717 256 2751 (lii)
278 2716 463 2751 Luitprandus
483 2716 530 2744 lib.
551 2716 594 2749 Vl,
615 2716 652 2743 De
668 2719 742 2743 rebus
764 2716 952 2750 imperatorum

163 2758 188 2778 et
204 2760 303 2785 regum,
319 2760 378 2786 cap.
396 2754 424 2783 2,
447 2752 484 2779 ait
499 2752 553 2779 dici
569 2761 578 2776 ι
595 2751 673 2786 quasi
687 2759 813 2786 magnam
829 2752 919 2778 aulam
937 2760 953 2786 ρ

163 2788 224 2814 loco
237 2787 252 2812 λ
268 2787 368 2821 posita,
393 2795 507 2822 esseque
531 2788 607 2814 ιιιινω
630 2788 827 2821 magnitudinis
841 2795 874 2814 ac
892 2788 952 2822 pul-

163 2823 347 2849 cbritudinis:
368 2832 377 2847 ι
402 2827 430 2849 et
454 2821 577 2856 pluribus
607 2822 689 2849 situm
707 2821 953 2856 ornatunique’de-

163 2857 267 2884 scribit.
282 2857 378 2885 Fuisse
396 2858 422 2884 in
441 2857 581 2884 llcbdomo
598 2857 730 2884 suburbio
745 2858 809 2884 olim
828 2866 841 2884 ιι
863 2857 953 2884 Theo-

975 950 995 977 Β

970 2290 991 2316 D

163 2892 366 2927 dusiojuniorc
392 2894 451 2920 urbi
478 2893 593 2922 incluso.
627 2893 704 2918 ducet
731 2891 828 2920 Gilbns
856 2894 901 2918 lib.
921 2892 950 2918 IV
976 2898 980 2902 λ

165 2927 354 2962 Topogrophiw
369 2928 631 2960 Constantimqm/ros
647 2936 706 2961 t‘up.
726 2928 751 2960 Α,
772 2929 899 2961 additque
920 2928 953 2953 ab

1730 222 1798 255 13M

1314 281 1428 311 CAPUT
1451 281 1494 309 1V.

1009 336 1101 365 Sancti
1121 337 1226 365 Tarau'i
1239 339 1395 366 exercitatio
1407 339 1536 366 virtutum
1552 346 1615 374 erga
1631 345 1669 371 se,
1686 338 1797 370 clerum,

1246 381 1386 407 pauperes,
1407 373 1563 401 monachos.

1043 417 1301 446 i2.Coutinentiam
1312 419 1385 446 enim
1402 424 1532 454 tanquam
1549 419 1690 447 Encrateae
1707 419 1797 452 illius,

1008 467 1034 491 et
1050 464 1097 498 qui
1116 471 1176 492 eam
1201 464 1258 499 jam
1277 464 1380 499 pridem
1399 465 1507 492 abunde
1521 469 1694 497 exercuerat,
1709 473 1798 500 usque

1008 511 1076 538 adeo
1091 511 1144 538 sibi
1163 512 1270 546 paravit
1283 519 1315 539 ex
1329 519 1373 544 eo,
1389 512 1463 546 quod
1485 517 1558 539 esset
1573 513 1666 547 paucis
1686 517 1799 540 conten-

1010 561 1063 589 tus,
1091 563 1120 585 ut
1141 561 1215 585 esset
1242 558 1302 592 ejus
1327 558 1416 585 victus
1442 565 1458 585 a
1485 558 1568 586 rebus
1588 559 1799 594 supervacaneis

1008 603 1120 630 omnino
1141 602 1259 634 alienus,
1282 607 1308 630 et
1323 610 1378 630 non
1395 603 1539 630 luxurians
1560 611 1647 638 usque
1667 604 1700 631 ad
1717 604 1799 631 satie-

1009 651 1102 675 tatem.
1122 647 1191 676 Vita:
1211 653 1302 676 autem
1323 656 1381 676 suae
1395 649 1517 677 habenas
1535 650 1572 677 ita
1591 649 1795 688 moderabatur,

1008 698 1035 721 et
1050 693 1134 720 animi
1151 694 1388 729 perturbationum
1404 695 1538 722 tumultus
1562 695 1599 722 ita
1619 695 1797 730 reprimebat.

1009 743 1038 766 ut
1052 744 1126 767 esset
1144 740 1273 768 omnibus
1299 740 1503 768 divinissimum
1519 742 1659 776 exemplar
1675 741 1799 776 proposi-

1009 790 1079 817 tum,
1103 785 1146 812 cui
1169 793 1309 820 nunquam
1336 785 1495 820 persuaderi
1513 790 1630 820 poterat,
1655 791 1685 814 ut
1706 794 1798 814 move-

1009 834 1087 856 retur
1101 830 1134 856 ad
1152 830 1301 865 appetitutn
1316 830 1472 865 voluptatis.
1494 831 1562 858 Cum
1579 835 1669 858 autem
1684 831 1717 858 ad
1731 831 1799 859 divi-

997 882 1107 902 narum
1121 874 1327 910 Scripturarum
1341 876 1545 904 meditationem
1555 877 1606 904 sibi
1619 877 1798 905 domesticam

1010 919 1153 947 aScivisset
1167 920 1300 954 vigiliam,
1319 928 1447 948 somnum
1465 925 1494 948 ut
1509 920 1632 948 membra
1649 921 1759 949 solvens
1772 927 1800 949 et

1009 965 1105 993 inutile
1125 965 1292 993 amandabat
1314 967 1482 1001 mancipium
1500 975 1506 993 ε
1522 971 1549 993 et
1573 973 1636 993 cum
1660 974 1726 994 usus
1743 967 1800 994 exi—

1009 1014 1098 1045 geret,
1123 1018 1221 1038 rursus
1242 1011 1356 1046 jubebat
1376 1012 1483 1039 adesse.
1506 1012 1574 1045 Quis
1587 1012 1660 1039 enim
1683 1020 1745 1040 eum
1772 1013 1799 1039 in

1009 1056 1080 1084 lecto
1094 1057 1311 1090 recumbentem,
1327 1062 1375 1085 aut
1393 1058 1521 1085 mollibus
1535 1059 1665 1094 stragulis
1680 1066 1798 1094 unquam

1009 1102 1077 1129 vidit
1096 1102 1274 1129 involutum?
1298 1102 1366 1136 Quis
1392 1104 1512 1131 tunicam
1539 1109 1566 1132 et
1595 1112 1692 1132 zonam
1717 1096 1800 1139 super

1009 1148 1099 1176 cubile
1114 1149 1296 1177 dimittentem
1314 1158 1435 1185 unquam
1451 1151 1556 1186 accepit
1577 1156 1602 1178 ct
1624 1151 1798 1186 pra‘paravit,

1011 1199 1039 1222 ut
1055 1200 1128 1223 esset
1143 1195 1294 1230 elegantior
1306 1201 1333 1224 et
1349 1197 1532 1225 concinnior?
1546 1197 1611 1231 Quis
1629 1205 1661 1225 ex
1678 1198 1738 1232 eius
1755 1205 1800 1232 pe-

1009 1240 1090 1268 dibus
1106 1249 1227 1276 unquam
1244 1242 1362 1269 dctraxit
1375 1243 1494 1275 calceos,
1509 1247 1536 1270 et
1549 1243 1657 1278 alligata
1673 1244 1798 1278 spongia,

1010 1291 1038 1313 ut
1059 1294 1119 1314 mos
1134 1291 1186 1318 est,
1205 1287 1340 1322 latvigarit
1355 1293 1381 1315 ct
1398 1288 1498 1323 poliit?
1518 1288 1571 1316 Sed
1588 1289 1646 1324 ipse
1662 1294 1720 1316 erat
1735 1289 1798 1321 sibi,

1010 1336 1038 1358 ut
1053 1331 1164 1364 dicitur,
1182 1332 1335 1367 balneator,
1350 1337 1377 1361 ct
1393 1334 1560 1362 inscrviebat
1583 1335 1635 1362 sibi
1658 1336 1690 1362 ad
1719 1343 1799 1363 usum

1009 1378 1135 1411 corporis
1152 1387 1158 1404 :
1178 1378 1205 1404 in
1223 1377 1275 1405 hoc
1294 1386 1405 1414 quoque
1421 1378 1562 1407 Christum
1581 1381 1743 1416 magistrum
1760 1381 1800 1407 di—

1009 1422 1073 1449 vino
1084 1422 1143 1449 zelo
1160 1423 1287 1456 imitans,
1305 1423 1374 1450 dixit
1391 1433 1397 1451 :
1419 1433 1428 1449 ι
1444 1423 1504 1452 Non
1519 1425 1579 1452 veni
1591 1430 1619 1452 ut
1639 1426 1704 1452 mihi
1721 1426 1800 1453 inini-

1009 1474 1153 1500 strarctur,
1169 1469 1216 1497 sed
1243 1473 1272 1496 ut
1290 1469 1475 1497 ministrarem
1503 1470 1616 1506 (Matth.
1631 1479 1677 1502 xx,
1700 1471 1751 1506 ‘28)
1766 1481 1773 1499 :
1789 1482 1796 1497 ι

1009 1515 1164 1550 exeinplum
1185 1515 1350 1544 humilitatis
1363 1517 1486 1551 prtcbens
1502 1517 1560 1545 suis
1580 1517 1734 1552 discipulis.

1045 1561 1089 1588 15.
1116 1560 1238 1590 Habebat
1262 1566 1354 1590 autem
1371 1563 1572 1598 precationem,
1597 1571 1657 1598 qua:
1681 1568 1798 1591 mentem

113 1629 117 1632 .
163 1608 242 1642 tiam,
272 1614 311 1642 ιη,
339 1611 362 1638 εί
389 1619 432 1639 me
459 1612 523 1640 huic
550 1613 671 1641 maximo
689 1615 794 1641 ,νημαι-ι
813 1615 954 1643 mlum-ius
971 1618 991 1648 ρ
1009 1608 1128 1636 sublime
1146 1609 1178 1636 ad
1196 1610 1281 1638 caelos
1297 1610 1440 1642 cvebcbat,
1467 1616 1495 1638 ct
1517 1611 1566 1638 soli
1593 1609 1648 1637 lico
1671 1609 1801 1638 reddebat

1010 1654 1186 1688 familiarem,
1203 1660 1230 1682 et
1251 1655 1437 1690 conjungcbat
1460 1655 1639 1690 ineorporeis,
1657 1661 1683 1682 et
1706 1656 1799 1691 expel-

1008 1700 1082 1727 lehat
1105 1708 1214 1728 omnem
1243 1701 1444 1734 tentationem,
1470 1702 1663 1729 convenienter
1692 1702 1799 1728 Domini

1000 1745 1128 1786 eloquio.
1141 1745 1251 1772 Nullum
1264 1746 1336 1774 enim
1349 1751 1409 1774 erat
1421 1751 1537 1782 tempus,
1551 1755 1671 1782 quonon
1685 1747 1800 1774 habebat

1008 1790 1096 1817 solum
1110 1798 1172 1817 eum
1187 1798 1256 1826 genu
1273 1790 1428 1819 ﬂectentem
1440 1797 1466 1819 ct
1481 1797 1648 1828 surgentem,
1662 1797 1689 1820 et
1703 1801 1799 1821 manus

1008 1835 1043 1863 ad
1065 1835 1150 1864 caelos
1174 1836 1362 1870 extollentem,
1387 1841 1414 1864 et
1437 1845 1556 1873 superne
1584 1839 1762 1873 accipientem
1784 1848 1799 1866 a

1009 1882 1065 1910 Deo
1083 1882 1326 1910 illuminationem.
1348 1882 1537 1911 Humilitatem
1555 1891 1635 1918 vero,
1655 1889 1685 1912 ut
1701 1893 1761 1920 quae
1774 1887 1798 1912 ei

1008 1936 1023 1956 a
1039 1935 1124 1963 puero
1139 1928 1227 1955 fuerat
1243 1927 1400 1962 familiaris,
1414 1929 1449 1956 ita
1463 1935 1502 1957 est
1516 1930 1686 1965 complexus,
1704 1936 1730 1958 ut
1746 1939 1798 1958 non

1008 1975 1097 2002 solum
1115 1982 1147 2002 ca
1170 1974 1196 2001 in
1217 1974 1277 2009 ipso
1298 1975 1516 2010 conspiceretur,
1541 1981 1569 2003 et
1595 1983 1628 2003 ex
1642 1984 1674 2004 ea
1691 1977 1799 2004 laudem

1006 2024 1203 2055 assequeretur
1220 2029 1234 2046 ε.
1244 2020 1292 2048 sed
1316 2020 1400 2047 etiam
1431 2021 1620 2048 transiret-ad
1648 2021 1728 2054 alios,
1753 2022 1798 2056 qui

1007 2066 1134 2101 exemplo
1156 2073 1208 2093 suo
1230 2065 1460 2094 informabantur.
1485 2066 1579 2094 Multis
1601 2067 1674 2094 enim
1697 2075 1729 2094 cx
1755 2068 1788 2094 iis

1006 2112 1054 2147 qui
1072 2116 1152 2139 erant
1175 2111 1254 2139 relati
1274 2112 1301 2139 in
1318 2119 1463 2140 numerum
1477 2112 1653 2145 clericorum,
1676 2113 1722 2148 qui
1736 2121 1799 2141 ευυι.

1007 2158 1115 2185 lumbos
1132 2158 1208 2186 zonis
1225 2158 1374 2194 cingcbant
1393 2158 1494 2191 aureis,
1514 2162 1542 2185 et
1557 2160 1646 2186 ornati
1662 2164 1741 2186 erant
1754 2167 1800 2186 ra-

1006 2204 1056 2231 riis
1079 2208 1107 2231 et
1125 2204 1253 2239 pretiosis
1279 2204 1404 2232 vestibus
1423 2204 1548 2237 sericeis,
1569 2213 1667 2233 aurum
1685 2206 1795 2241 quidem

1007 2249 1130 2282 ademit;
1159 2248 1224 2277 fecit
1247 2254 1340 2277 autem
1366 2250 1526 2285 succingere
1555 2251 1663 2278 lumbos
1682 2252 1801 2285 cingulis

1007 2296 1142 2324 contextis
1156 2303 1189 2322 ex
1210 2296 1273 2330 pilis
1289 2303 1446 2331 caprarum.
1464 2296 1498 2324 iis
1512 2305 1586 2328 vero,
1604 2298 1650 2331 qui
1674 2298 1722 2324 toti
1739 2306 1800 2324 cor-

1005 2342 1065 2377 pori
1081 2341 1220 2369 exiisdem
1239 2341 1291 2368 illis
1301 2348 1454 2376 purpureas
1467 2346 1557 2369 vestes
1573 2342 1711 2372 habebant
1731 2351 1799 2370 con-

1007 2391 1115 2420 textas,
1143 2386 1281 2421 excogitat
1311 2387 1419 2415 tunicas
1444 2391 1564 2414 remotas
1595 2395 1609 2414 a
1636 2388 1798 2415 curiositate

1005 2433 1091 2461 nituit
1109 2437 1136 2460 et
1151 2432 1270 2464 deliciis,
1289 2436 1319 2460 ut
1333 2440 1393 2467 quas
1405 2438 1498 2460 essent
1516 2433 1631 2461 vestitus
1655 2434 1797 2464 honestus.

1006 2483 1033 2506 et
1056 2478 1237 2506 convenirent
1258 2478 1302 2511 iis,
1327 2479 1374 2513 qui
1392 2477 1448 2506 Deo
1471 2478 1574 2506 servire
1591 2483 1757 2511 statuerunt,
1774 2488 1801 2509 οι

1005 2525 1168 2560 profitentur
1189 2523 1387 2552 humilitatem.
1406 2524 1444 2552 Ex
1461 2531 1516 2560 quo
1541 2525 1607 2559 quid
1625 2524 1738 2552 evenit?
1763 2525 1798 2553 L't

1006 2571 1146 2598 tolleretur
1167 2570 1289 2605 quidem,
1306 2570 1439 2606 quidquid
1467 2570 1561 2597 damni
1587 2578 1618 2598 ex
1641 2578 1673 2598 co
1701 2579 1799 2598 nascc-

1006 2616 1102 2649 batur;
1121 2616 1304 2643 bonoraretur
1321 2619 1412 2643 autem
1431 2615 1584 2651 frugalitas,
1607 2620 1635 2643 ut
1650 2616 1799 2644 thesaurus

1006 2716 1145 2752 aliquibus
1170 2718 1206 2744 ita
1222 2717 1287 2749 dici,
1315 2716 1386 2751 quod
1406 2716 1568 2757 Anastasius
1598 2717 1659 2745 istic
1683 2717 1796 2753 perierit

1006 2760 1104 2786 magna
1119 2760 1186 2779 aura
1205 2756 1396 2786 tempestatum
1415 2756 1578 2780 exstinctus.

1042 2788 1098 2821 (l7)
1120 2787 1182 2814 Ihcc
1201 2792 1265 2814 sunt
1290 2787 1397 2814 Nicmna
1415 2787 1434 2816 l.
1452 2787 1755 2822 Constantinopolitana
1775 2787 1792 2818 Ι,

1006 2822 1164 2857 Ephesiua.
1210 2822 1464 2855 Cbalcmlouensis,
1513 2823 1795 2857 Constantinopolita-

1006 2866 1039 2884 na
1057 2858 1076 2884 ll
1093 2862 1119 2884 et
1136 2857 1177 2884 Ill.

1042 2893 1097 2927 (18)
1120 2892 1194 2920 Hanc
1222 2893 1352 2926 indicant,
1378 2901 1438 2927 qum
1460 2893 1485 2919 in
1506 2900 1536 2920 eo
1556 2893 1698 2920 eluxerunt
1719 2893 1794 2927 signa

1006 2929 1055 2955 \‘irt
1074 2928 1226 2963 apostolici.
