2051 3154
275 221 343 264 1395

803 225 832 252 S.
849 224 1003 254 TARASII
1019 223 1274 253 PATRIARCIIE
1291 224 1344 253 (ΣΡ.

1828 222 1838 253 1
1845 223 1895 255 396

277 277 411 311 quispiam
428 276 651 312 pretiosis-situm.
675 277 835 304 Castilalctn
855 287 935 308 vero.
958 284 985 305 ct
999 286 1061 313 qua:
1075 281 1096 308 Α
1114 277 1259 304 vocabatur
1275 277 1347 306 Estia
1365 277 1431 313 (2|),
1450 279 1584 306 veniebat.
1610 279 1666 306 Illic
1690 278 1762 306 cnim
1784 279 1897 313 parabat

276 330 338 348 cum
357 331 388 349 ca
403 322 486 349 simul
504 323 587 358 degit,
602 323 822 358 temperantiam,
838 329 867 350 ut
882 330 942 358 qua:
958 324 1059 351 sancti-

276 369 430 395 ﬁcationem
460 369 657 401 conciliarent,
691 369 836 404 appellavit
864 377 1060 404 sororcszper

275 421 358 448 quas,
380 421 442 448 qua
463 421 572 442 carnem
589 415 706 446 invadit.
733 415 870 442 sordidam
885 421 912 442 ct
928 415 1060 442 adulteri-

275 466 339 485 nam
357 460 545 488 exterminans
562 461 754 494 cogitationem
772 466 799 487 et
819 461 974 495 ignominite
995 461 1060 488 affe-

276 505 380 532 ctiones
396 505 564 539 depopulans
578 526 584 537 ,
612 513 628 532 a
649 506 702 532 Deo
721 505 772 532 fuit
790 505 933 534 redimitus
949 506 1060 534 victrice

276 557 377 576 corona
397 550 621 584 impatibilitatis.

313 595 355 621 H.
381 594 653 622 Commiscrationem
680 601 769 623 autem
793 602 817 623 et
843 597 1007 624 dilissimam
1033 598 1059 624 in

276 648 407 678 pauperes
425 641 638 668 tnisericordiam
652 646 708 668 tam
723 642 855 674 hilariter,
873 646 903 668 nt
919 642 964 670 ille
980 643 1059 675 dixit,

277 685 418 720 impertiit,
441 689 472 712 ut
493 691 635 720 superaret
652 694 758 717 omnes,
779 687 824 721 qni
852 687 1061 721 suppeditabant

277 730 450 764 pauperibus,
474 735 501 758 et
523 731 599 758 fieret
617 739 702 759 novus
726 731 836 766 Joseph,
850 732 918 760 dans
941 732 1060 759 frumen-

277 780 334 802 tum
350 776 501 810 egentibus.
520 775 582 802 Sua!
597 777 668 803 enim
684 784 785 803 mensm
802 777 915 804 obsonia
929 777 955 803 in
973 777 1059 804 ft-usla

275 821 477 854 t‘omtninuens,
501 822 534 848 ad
562 823 734 856 accipiendos
754 830 812 855 eos,
831 824 876 858 qui
893 824 1058 856 esuriebant,

276 866 303 892 in
323 866 382 893 dies
403 867 442 893 eis
458 867 568 901 parabat
585 868 751 894 convivium.
770 869 883 895 Abunde
900 874 990 895 autent
1006 869 1059 896 hu-

273 912 318 945 jus
333 912 370 938 rei
387 917 451 939 sunt
476 917 558 940 testes
581 921 666 947 usque
689 914 715 940 itt
734 913 895 940 hodiernum
913 914 996 946 diem,
1014 914 1061 941 de-

1110 322 1253 357 cgeutibus
1280 322 1438 355 maximum,
1466 331 1521 358 quo
1548 323 1746 358 acciperentur,
1774 324 1895 358 epulum.

1110 369 1186 401 Quos
1205 376 1267 395 cum
1294 367 1405 395 fecisset
1421 369 1588 401 recumbere,
1609 369 1757 403 incipiebat
1774 362 1831 403 ipse
1847 377 1898 395 mi-

1111 414 1239 445 nisu-are,
1255 413 1350 440 vinutn
1366 413 1510 441 effundens
1523 421 1556 442 ex
1572 420 1686 446 cratere,
1705 419 1732 441 et
1752 418 1845 448 potum
1857 415 1898 441 eis

1111 457 1290 485 distribuens.
1311 457 1414 485 Deinde
1432 465 1495 485 cum
1510 458 1562 486 boc
1581 466 1682 486 munus
1696 459 1822 489 obiistset.
1842 459 1898 486 ibat

1113 503 1139 530 in
1165 503 1277 530 domum
1305 511 1383 530 suam
1411 503 1631 537 patriarchicam.
1663 511 1717 531 non
1742 505 1897 540 aliquorum

1113 548 1303 579 hinttulorum,
1320 552 1350 574 ut
1363 547 1429 574 dicit
1442 547 1545 579 fabula,
1561 548 1687 576 medullis
1701 557 1731 576 se
1755 550 1877 576 nutriens
1890 569 1897 581 ,

1113 601 1201 628 neque
1222 601 1315 620 mensa
1342 593 1492 628 Sybaritica
1516 594 1572 629 (ἳὲ)
1600 595 1749 629 excipiens,
1774 603 1824 623 nec
1837 603 1900 630 quae

1112 644 1234 666 ventrem
1251 639 1359 666 titillant
1377 643 1404 666 et
1424 639 1596 675 impinguant
1618 641 1747 673 bellariis,
1775 641 1822 668 sed
1846 641 1900 668 l'ru-

1113 684 1218 719 galtbus
1233 685 1366 715 obsoniis.
1380 689 1408 712 et
1418 693 1478 719 qua:
1489 693 1542 712 non
1557 686 1716 720 spectabant
1728 687 1761 713 ad
1775 687 1898 719 delicias,

1113 738 1142 757 se
1159 731 1294 758 reficiens.
1326 731 1394 763 Quis
1415 731 1449 757 ad
1471 735 1575 758 tantam
1597 731 1757 759 humilitatis
1782 732 1901 759 altitudi-

1113 784 1173 802 ncm
1189 781 1357 803 memoratur
1372 775 1457 803 fuisse
1475 780 1583 819 euectus
1598 783 1629 803 ex
1650 776 1695 808 iis,
1711 777 1757 810 qui
1778 784 1899 811 unquam

1114 821 1242 848 fuerunt?
1263 821 1331 854 Quis
1346 822 1539 849 demissionem
1554 822 1655 849 Christi
1671 822 1710 850 sic
1724 827 1767 850 est
1778 823 1900 850 inritatus

1113 867 1240 901 (Philipp.
1262 875 1292 899 tt,
1316 868 1353 900 7),
1373 867 1420 902 qui
1442 868 1547 902 paterni
1575 869 1652 894 sinus
1675 875 1729 894 non
1761 867 1899 894 exinanita

1114 912 1310 946 magnitudine,
1336 917 1436 939 nostra:
1448 913 1615 947 paupertatis
1628 912 1710 939 subiit
1730 912 1858 946 speciem,
1874 917 1900 940 et

275 958 351 984 tinita
375 953 544 992 receptacula
561 966 655 985 eorum
679 967 772 991 causa,
788 959 834 993 qui
854 959 971 993 hospitio
989 960 1061 986 acci-
1079 952 1098 978 Β
1115 957 1296 984 ministrando
1311 957 1411 984 docens
1428 958 1461 984 ad
1486 957 1585 985 caelum
1607 957 1726 990 evolare,
1752 956 1814 984 fecit
1834 964 1902 984 con-

275 1004 428 1037 picbantur,
444 1009 471 1031 et
487 1011 638 1039 pauperum
658 1008 815 1031 nostrorum
831 1004 957 1031 fratrum.
977 1005 1047 1038 Quin

274 1049 355 1076 etiam
377 1057 534 1077 mansuram
561 1050 682 1084 pecunite
697 1050 834 1077 dationetn
849 1050 911 1077 aliis
926 1050 968 1085 pie
984 1051 1063 1077 attri-

274 1095 345 1126 buit,
363 1095 388 1121 itt
406 1095 588 1130 pugillaribus
606 1104 703 1123 nomen
725 1096 942 1131 uniuscujusque
959 1096 1062 1131 signifi-

274 1148 352 1167 cans.
378 1140 569 1173 Quotidianant
598 1147 687 1169 autem
713 1141 945 1175 distributionem,
978 1149 1060 1176 quam

275 1193 358 1213 manu
375 1194 423 1213 sua
440 1187 548 1221 propria
566 1188 592 1214 itt
611 1195 707 1214 manus
720 1194 869 1222 pattperttm
887 1187 1059 1221 imtnittebat,

276 1231 338 1264 quis
354 1231 531 1258 ratiocinator
545 1232 685 1260 dimensus
703 1232 786 1259 fuerit
808 1231 979 1267 Diopltantus
994 1232 1060 1267 (19),

276 1280 322 1303 attt
345 1276 528 1310 multiplicans
542 1279 693 1306 nutncrarit
715 1278 898 1306 Nicomachus
917 1278 984 1312 (20),
1002 1285 1063 1313 quat

276 1327 335 1349 erat
357 1330 438 1350 arcna
458 1323 605 1359 copiosior,
627 1329 654 1352 et
668 1332 817 1359 egenorum
833 1329 942 1351 ventres
957 1324 1062 1351 reficie-

276 1368 343 1395 bat?
356 1368 465 1403 Jejunio
476 1377 552 1401 vero,
567 1370 640 1404 quod
651 1375 690 1397 est
706 1374 769 1397 ante
779 1370 880 1397 Christi
894 1370 1061 1405 passionem,

277 1420 403 1448 magnam
414 1421 525 1449 erogare
539 1415 710 1450 largitionem
726 1417 753 1444 in
767 1417 882 1445 diversis
894 1417 961 1445 locis
973 1421 1000 1445 et
1011 1425 1064 1444 cte-

277 1459 392 1492 naculis,
410 1459 453 1492 iis,
467 1461 512 1494 qui
525 1468 621 1495 magna
631 1462 822 1495 premebantttr
835 1463 936 1497 inopia,
949 1462 1007 1497 ipse
1015 1470 1063 1489 ex-

277 1504 406 1538 cogitavit
421 1512 508 1539 usque
526 1505 559 1532 ad
573 1506 672 1533 Christi
691 1506 776 1533 lnccm
798 1506 935 1533 aﬂ‘erentis
963 1506 1062 1533 festum

277 1549 412 1576 festorum
430 1549 675 1578 Resurrectionetn.
696 1549 728 1577 Et
738 1550 794 1577 otio
810 1555 836 1577 et
844 1555 971 1584 tempore
982 1550 1063 1586 longo

277 1594 344 1621 mihi
357 1601 427 1628 opus
444 1595 535 1627 fuerit,
554 1599 584 1622 ttt
605 1603 651 1630 per
663 1595 785 1622 ordinent
803 1595 933 1623 collocem
951 1595 1062 1622 accubi-
1075 1615 1097 1644 ε

277 1643 322 1665 tus
337 1638 514 1666 invitatorum
528 1639 665 1674 hospitum
683 1645 710 1666 et
726 1640 937 1674 proselytorum,
952 1640 1063 1667 claudo-

278 1691 395 1718 tutnque
417 1688 443 1711 et
458 1691 593 1711 caecorum
621 1689 649 1711 et
670 1685 829 1712 tuutilorum
852 1685 1005 1712 ordinatam
1023 1693 1064 1712 se-

277 1736 365 1763 quens
381 1730 612 1764 consequentiam,
630 1734 656 1757 et
682 1730 798 1764 posteris
822 1729 884 1758 dem
907 1729 1062 1764 exemplum

277 1775 399 1802 muniﬁci
414 1783 446 1802 ac
461 1776 580 1803 liberalis
594 1775 721 1803 instituti.

314 1831 358 1859 15.
377 1831 496 1866 Tempus
519 1836 608 1859 autern
634 1832 752 1867 liventis,
771 1834 842 1868 quod
875 1839 933 1862 erat
961 1836 1064 1863 acerri-

278 1885 373 1909 ntutn,
393 1878 509 1912 ttichue
531 1883 558 1904 et
581 1879 639 1912 gelu
669 1883 696 1905 et
721 1879 806 1913 glacie
826 1884 905 1907 terra:
930 1881 1077 1909 vinciebat.

280 1922 419 1953 intestina,
438 1927 465 1949 et
480 1923 524 1954 iis,
540 1924 585 1957 qui
608 1924 634 1950 in
657 1923 715 1958 ipsa
738 1929 826 1957 erant,
845 1926 1001 1960 imponebat
1022 1927 1064 1954 in-

281 1973 338 1995 star
367 1968 486 2001 collaris,
512 1968 726 2003 frigefacicntem
743 1977 860 2004 eamque
874 1972 1064 2006 gravissimam

281 2014 445 2045 molestiam,
463 2014 602 2048 quomodo
625 2014 651 2040 in
672 2022 729 2046 eos,
746 2015 792 2049 qui
817 2015 974 2048 horrebant,
987 2022 1010 2043 et
1027 2017 1065 2043 la-

281 2060 353 2086 ceris
367 2060 465 2093 paunis
478 2065 555 2086 erant.
576 2059 668 2091 obsiti,
688 2063 715 2085 et
726 2060 813 2086 solttm
835 2060 958 2094 pudenda
976 2066 1067 2089 conte-

282 2105 391 2139 gebant,
407 2112 474 2131 usus
486 2104 732 2131 machinationibus
746 2103 861 2132 foventis
877 2106 1064 2139 recreationis,

285 2150 474 2184 propulsatit?
489 2149 608 2178 Tunicas
625 2150 708 2184 enim,
735 2151 859 2184 penulas,
884 2156 911 2178 et
936 2157 1066 2185 praeterea

284 2199 441 2230 tegumenta
457 2202 490 2222 ex
505 2195 685 2223 crassissimis
706 2196 774 2222 lana:
790 2195 841 2222 Iilis
857 2200 884 2222 et
904 2197 1067 2224 staminibus

283 2240 418 2274 confecta,
435 2245 462 2269 et
477 2241 575 2268 vellere
587 2241 671 2268 denso
687 2241 790 2276 gravia,
806 2249 906 2276 tttaguo
923 2242 982 2269 auri
1004 2250 1068 2276 pon-

281 2287 346 2314 dere
357 2294 460 2320 emens;
473 2291 499 2314 et
514 2287 560 2319 iis,
573 2287 620 2321 qui
634 2288 684 2314 sub
695 2287 741 2314 dio
754 2287 853 2314 misere
867 2288 1065 2322 aﬂligebantur,

283 2334 464 2367 distribuens,
477 2333 589 2361 arcebat
605 2341 714 2368 gravem
731 2334 885 2360 molestiam
901 2333 1019 2368 frigoris.
1039 2333 1066 2360 In

284 2380 398 2407 salutari
415 2385 507 2407 autem
530 2380 608 2415 prius
629 2380 702 2406 dicto
722 2379 766 2406 die
786 2379 942 2406 reverendae
966 2378 1067 2406 Clu-isti

265 2448 267 2451 .
284 2425 513 2457 Resurrectionis,
523 2429 584 2459 post
597 2424 695 2452 divina
707 2424 819 2459 synaxis
830 2427 856 2450 et
866 2423 1068 2451 communionis

286 2475 425 2506 pcractutn
440 2471 611 2506 mysterium,
628 2469 718 2496 adhuc
736 2470 820 2496 sacris
837 2469 958 2496 vestibus
975 2469 1069 2496 candi-

285 2516 376 2548 datus,
394 2515 426 2542 ad
444 2515 543 2543 veteris
558 2514 677 2542 basilica:
691 2514 747 2549 jatn
763 2514 884 2541 dirutttttt
908 2513 1008 2546 locum,
1023 2513 1067 2548 qtti

319 2638 375 2671 (i9)
396 2637 482 2671 Hujus
497 2641 585 2664 exstat
605 2636 780 2664 Aritbtnetica
796 2640 821 2663 et
838 2636 964 2670 Algcbra.

321 2673 377 2705 (20)
398 2671 581 2699 Nicomachus
596 2672 750 2699 Gerasenos
765 2671 873 2705 scripsit
893 2671 926 2698 de
941 2672 1070 2699 arithme-

271 2708 349 2738 ‘tica,
365 2707 524 2740 geometria,
544 2707 697 2736 harmonia.
715 2713 768 2734 etc.
1058 2724 1060 2726 τ

321 2743 376 2776 (21)
394 2742 492 2769 Scribit
507 2742 676 2769 Sozotnemts
688 2742 732 2767 lib.
760 2749 790 2773 tt.
808 2751 867 2776 cap.
890 2743 918 2772 Ξ,
938 2741 1044 2767 Ἑστίαν
1057 2749 1070 2767 a

286 2777 588 2812 tetnporeConstantini
602 2778 627 2803 in
646 2777 765 2804 maximo
777 2778 880 2804 honore
896 2786 909 2804 a
922 2776 1070 2811 peregrinis

286 2817 314 2838 et
337 2813 442 2839 civibus
459 2812 579 2838 ltabitant
610 2812 716 2843 l'nissc;
745 2816 772 2838 et
798 2813 967 2840 Michaeliuut
989 2812 1070 2838 etiam

287 2846 340 2872 dici
355 2848 390 2873 ob
403 2847 490 2873 sattrli
505 2847 659 2880 arrhattgcli
676 2847 868 2881 apparitiones.
886 2847 936 2873 Sed
956 2847 977 2873 is
996 2847 1071 2872 locus

287 2889 314 2908 tn
328 2880 446 2914 Bosporo
469 2882 600 2908 Tltraeirn
622 2880 699 2913 situs,
722 2883 913 2915 natigantibtts
932 2890 962 2907 ex
987 2882 1070 2907 l‘unto

287 2916 549 2951 t.onstantinopolitn
567 2917 597 2944 ad
615 2917 735 2943 dextram
760 2923 880 2952 apparet,
905 2921 929 2943 cl
947 2916 1021 2943 abest
1038 2918 1071 2942 ab

1113 1004 1203 1032 sidere
1216 1012 1276 1032 cunt
1298 1010 1409 1040 paterna
1426 1004 1586 1039 majestate?

1150 1051 1191 1077 i6.
1207 1050 1255 1077 llic
1272 1051 1339 1085 ipse,
1358 1051 1405 1084 qui
1421 1058 1492 1077 nunc
1507 1050 1646 1081 laudatur,
1662 1049 1769 1077 etiamsi
1794 1050 1820 1076 itt
1844 1057 1905 1077 me-

1114 1097 1165 1124 diis
1181 1097 1331 1130 jactaretur
1345 1096 1518 1128 tuntnltibus,
1535 1103 1589 1123 non
1606 1096 1694 1123 solunt
1710 1096 1810 1122 amarit
1823 1096 1900 1130 quie-

1113 1146 1167 1169 tem
1185 1147 1211 1169 et
1227 1141 1378 1173 silentium,
1399 1141 1444 1168 sed
1469 1141 1531 1168 aliis
1545 1148 1655 1176 quoque
1670 1149 1700 1168 ea
1717 1141 1817 1168 aﬁ'atim
1835 1148 1900 1176 sup-

1113 1188 1253 1222 peditavit,
1277 1194 1325 1214 eos
1342 1195 1356 1214 a
1377 1187 1479 1214 mundo
1504 1186 1642 1214 abduc-ens
1659 1191 1686 1213 et
1711 1185 1765 1216 Deo
1785 1186 1901 1213 reddens

1114 1233 1273 1265 familiares,
1288 1237 1316 1260 et
1330 1233 1437 1259 virtutis
1454 1231 1573 1259 efficiens
1591 1231 1672 1262 filios,
1695 1235 1724 1258 ut
1740 1231 1820 1266 hujus
1838 1238 1902 1257 san-

1114 1283 1163 1306 ctae
1177 1279 1237 1305 vitae
1252 1282 1278 1305 et
1295 1278 1462 1312 operationis
1476 1277 1581 1312 genitor
1595 1281 1622 1304 ct
1636 1277 1796 1312 productor.
1813 1275 1897 1309 Hujus

1114 1329 1203 1351 autem
1220 1323 1258 1350 rei
1288 1324 1366 1351 [idem
1385 1323 1451 1350 facit
1477 1324 1601 1355 ontnino,
1616 1331 1649 1350 cx
1671 1322 1827 1350 haereditate
1855 1329 1901 1348 ω·

1114 1378 1187 1402 rum,
1208 1377 1268 1404 qutc
1283 1371 1317 1397 ad
1343 1369 1432 1404 ipsttm
1451 1370 1510 1404 lege
1533 1369 1604 1397 dotis
1625 1377 1657 1397 ex
1681 1369 1759 1397 bonis
1780 1366 1900 1403 paternis

1114 1416 1237 1443 redibant
1261 1415 1425 1443 aedificatum
1450 1416 1648 1442 monasterium
1668 1415 1725 1450 (25)
1742 1415 1768 1442 in
1791 1414 1901 1442 sinisua

1114 1468 1191 1496 parte
1211 1462 1325 1497 Bospori
1357 1461 1478 1489 Thracii.
1497 1461 1525 1488 In
1552 1470 1608 1496 quo
1626 1470 1688 1489 cum
1705 1461 1835 1488 arborum
1865 1465 1907 1484 ra-

1114 1506 1196 1533 tionis
1211 1506 1372 1541 participum
1387 1505 1537 1540 plantasset
1547 1512 1679 1540 generosa
1694 1503 1828 1539 germina,
1841 1509 1902 1536 qua

1115 1551 1328 1587 pinguesccbant
1351 1551 1460 1579 fluentis
1482 1550 1698 1583 exercitationis,
1719 1554 1747 1577 et
1765 1550 1903 1584 augeban-

1116 1600 1159 1622 tur
1173 1596 1292 1631 copiosis
1306 1596 1488 1624 condimentis
1504 1596 1686 1628 abstinentiae,
1701 1603 1733 1623 ea
1749 1595 1813 1622 fecit
1827 1593 1903 1622 Chri-

1114 1641 1148 1669 sti
1178 1642 1386 1676 agriculturam,
1416 1642 1583 1670 tricesimum
1603 1646 1631 1669 et
1649 1641 1852 1676 sexagesimum
1876 1644 1903 1668 et

1113 1688 1293 1716 centesimum
1305 1688 1435 1716 virtutum
1460 1687 1578 1715 fructum
1596 1688 1712 1716 ﬁdeliter
1727 1686 1902 1722 producentia

1115 1733 1141 1760 in
1158 1734 1302 1761 sanctitate
1328 1738 1356 1760 et
1371 1734 1487 1768 justitia.
1506 1734 1544 1761 EX
1562 1734 1663 1768 quibus
1687 1733 1764 1760 multi
1791 1732 1824 1759 ab
1842 1732 1901 1766 ipso

1114 1785 1177 1806 sunt
1196 1780 1283 1806 vocati
1307 1780 1340 1806 ad
1369 1780 1528 1813 dignitatem
1552 1779 1727 1814 pastoralem,
1752 1782 1790 1810 et,
1807 1782 1835 1804 ttt
1855 1784 1902 1812 par

1114 1830 1183 1860 crat,
1198 1830 1333 1853 ornarunt
1343 1825 1545 1860 possessionem
1558 1825 1702 1852 sacerdotii
1718 1833 1724 1849 :
1739 1824 1904 1858 fueruntque

1115 1870 1249 1898 columnae
1278 1871 1432 1898 ittttnobiles
1448 1871 1509 1898 ﬁdei
1523 1871 1674 1898 catltolicte.
1700 1869 1777 1902 Quod
1793 1869 1903 1904 quidem

1114 1916 1235 1943 Ostendit
1266 1917 1409 1943 tenebrosa
1437 1916 1579 1945 inundatio
1618 1916 1742 1948 lueresis,
1772 1915 1904 1942 adversus

1115 1969 1196 1995 quant
1218 1961 1325 1988 fortiter
1337 1967 1498 1997 pugnantes,
1514 1965 1542 1988 et
1556 1961 1655 1988 ttnbctn
1672 1961 1822 1987 subeuntes
1839 1960 1904 1987 tnui-

1117 2011 1205 2037 torum
1223 2007 1408 2041 periculorum
1433 2007 1459 2033 iu
1475 2006 1710 2041 persecutionibus
1726 2010 1754 2033 et
1778 2005 1903 2032 aﬂliclio-

1117 2051 1207 2082 nibus,
1225 2055 1251 2078 et
1276 2051 1328 2078 sub
1352 2051 1397 2079 dio
1416 2051 1652 2086 perpessionibus,
1673 2050 1706 2078 ad
1730 2050 1905 2085 splendorem

1117 2097 1229 2130 superni
1246 2096 1369 2128 luminis,
1388 2105 1447 2124 eam
1468 2097 1595 2124 fuderunt
1609 2105 1641 2124 ac
1653 2097 1839 2124 dissolverunt
1853 2104 1859 2122 ε
1879 2096 1904 2122 in

1117 2149 1171 2174 qua
1196 2141 1278 2167 etiam
1302 2149 1382 2168 suum
1407 2142 1547 2176 cognitum
1575 2142 1716 2170 reddidere
1733 2142 1904 2176 magistrum,

1119 2190 1246 2219 tanquam
1265 2193 1372 2220 semper
1385 2186 1521 2213 lucentem
1542 2185 1708 2214 Luciferum.
1726 2186 1757 2213 Et
1773 2187 1830 2214 haec
1844 2187 1906 2222 qui-

1119 2231 1179 2257 dem
1199 2234 1304 2265 postea.
1490 2255 1492 2257 .

1428 2287 1543 2315 CAPUT
1564 2288 1596 2315 ν.

1121 2332 1242 2368 Synodus
1266 2341 1301 2360 γη
1337 2333 1514 2360 ()Ecumenica
1539 2333 1636 2361 Nicaea:
1655 2334 1758 2360 habita.
1776 2333 1907 2369 Imagines

1447 2380 1584 2405 restitutor.
1602 2406 1605 2408 _

1158 2424 1200 2450 Π.
1222 2423 1282 2458 Ipse
1303 2428 1393 2450 autem
1411 2424 1538 2458 perlectis
1565 2423 1711 2450 virtutibus
1727 2431 1792 2451 usus
1813 2427 1856 2450 est
1876 2423 1908 2449 ad

1122 2467 1288 2499 satietatem,
1302 2476 1364 2494 cum
1382 2473 1502 2495 mentem
1521 2475 1598 2495 suam
1614 2469 1722 2495 actione
1740 2468 1816 2502 prius
1831 2475 1908 2494 exer-

1122 2513 1230 2546 cuiSsct,
1253 2517 1282 2539 nt
1293 2513 1453 2541 ascenderet
1470 2511 1505 2540 ad
1520 2513 1791 2548 contemplationem,
1807 2517 1835 2540 et
1849 2513 1909 2547 ejus

1122 2638 1199 2667 urbe,
1217 2637 1238 2663 si
1257 2635 1317 2663 navi
1330 2635 1491 2668 trajiciatur,
1504 2635 1612 2662 circiter
1627 2635 1661 2662 55
1675 2635 1780 2667 stadiis;
1796 2634 1818 2661 si
1834 2635 1909 2662 sinus

1123 2674 1280 2705 iutcrjt'rtus
1304 2671 1417 2704 pedibus
1435 2676 1480 2697 aut
1498 2679 1569 2704 equo
1588 2671 1782 2701 cit'cumeatnr,
1800 2675 1910 2703 Septua-

1123 2702 1207 2741 ginta.
1223 2702 1325 2732 Forsan
1342 2707 1377 2732 ob
1395 2705 1462 2732 bella
1475 2702 1670 2741 frequentiora,
1688 2710 1717 2731 ttt
1738 2702 1909 2741 popttli’reli-

1123 2739 1194 2775 gnua
1219 2741 1461 2772 obsecundaretut',
1477 2748 1508 2768 ea
1533 2741 1614 2767 statio
1632 2740 1658 2766 in
1675 2743 1742 2766 urbe
1763 2739 1909 2766 constituta

1123 2777 1183 2804 fuit.

1159 2813 1214 2845 uti}
1237 2812 1369 2847 Sybaritas:
1382 2811 1408 2838 in
1423 2818 1519 2844 magna
1535 2810 1638 2838 Graecia
1650 2809 1726 2836 luxui
1740 2810 1910 2837 habebantur

1125 2848 1236 2875 nimium
1255 2848 1346 2874 (lt-diti.
1886 2863 1889 2866 .

1160 2883 1214 2916 t‘lC-t
1238 2883 1264 2909 lu
1277 2891 1309 2909 ea
1323 2882 1444 2916 sipnltus
1458 2881 1517 2913 luit,
1534 2886 1561 2907 nt
1579 2880 1648 2907 inita
1662 2879 1760 2907 dtcitttr
1774 2887 1849 2907 nunt.
1865 2879 1910 2906 5‘2.
