  <div class='ocr_page' id='page_1' title='image "/cluster/home/n/w/nwhite01/storage/ocr_20150623/98/njp.32101077772851/780.png"; bbox 0 0 2051 3154; ppageno 0'>
   <div class='ocr_carea' id='block_1_1' title="bbox 133 198 201 233">
    <p class='ocr_par' dir='ltr' id='par_1_1' title="bbox 133 198 201 233">
     <span class='ocr_line' id='line_1_1' title="bbox 133 198 201 233; baseline -0.015 0"><span class='ocrx_word' id='word_1_1' title='bbox 133 198 201 233; x_wconf 76' lang='grc'>1401</span> 
     </span>
    </p>
   </div>
   <div class='ocr_carea' id='block_1_2' title="bbox 900 203 997 234">
    <p class='ocr_par' dir='ltr' id='par_1_2' title="bbox 900 203 997 234">
     <span class='ocr_line' id='line_1_2' title="bbox 900 203 997 234; baseline -0.01 0"><span class='ocrx_word' id='word_1_2' title='bbox 900 203 997 234; x_wconf 82' lang='lat' dir='ltr'><strong>VlTA.</strong></span> 
     </span>
    </p>
   </div>
   <div class='ocr_carea' id='block_1_3' title="bbox 1688 196 1755 229">
    <p class='ocr_par' dir='ltr' id='par_1_3' title="bbox 1688 196 1755 229">
     <span class='ocr_line' id='line_1_3' title="bbox 1688 196 1755 229; baseline 0 -1"><span class='ocrx_word' id='word_1_3' title='bbox 1688 196 1755 229; x_wconf 70' lang='lat'><strong>1402</strong></span> 
     </span>
    </p>
   </div>
   <div class='ocr_carea' id='block_1_4' title="bbox 133 255 1756 295">
    <p class='ocr_par' dir='ltr' id='par_1_4' title="bbox 133 255 1756 295">
     <span class='ocr_line' id='line_1_4' title="bbox 133 255 1756 295; baseline -0.003 -9"><span class='ocrx_word' id='word_1_4' title='bbox 133 258 186 286; x_wconf 99' lang='lat' dir='ltr'><strong>ﬁde</strong></span> <span class='ocrx_word' id='word_1_5' title='bbox 213 257 327 286; x_wconf 84' lang='lat' dir='ltr'><strong>haberet</strong></span> <span class='ocrx_word' id='word_1_6' title='bbox 349 259 513 287; x_wconf 84' lang='lat' dir='ltr'><strong>sententiam</strong></span> <span class='ocrx_word' id='word_1_7' title='bbox 539 262 566 286; x_wconf 91' lang='lat' dir='ltr'><strong>et</strong></span> <span class='ocrx_word' id='word_1_8' title='bbox 583 259 749 287; x_wconf 76' lang='lat' dir='ltr'><strong>voluntatem</strong></span> <span class='ocrx_word' id='word_1_9' title='bbox 776 259 915 294; x_wconf 85' lang='lat' dir='ltr'><strong>aperiret,</strong></span> <span class='ocrx_word' id='word_1_10' title='bbox 930 261 952 289; x_wconf 78' lang='grc' dir='ltr'><strong>Α</strong></span> <span class='ocrx_word' id='word_1_11' title='bbox 969 259 1059 295; x_wconf 77' lang='lat' dir='ltr'><strong>Mystze</strong></span> <span class='ocrx_word' id='word_1_12' title='bbox 1076 259 1178 290; x_wconf 80' lang='lat' dir='ltr'><strong>eximii.</strong></span> <span class='ocrx_word' id='word_1_13' title='bbox 1194 267 1254 286; x_wconf 90' lang='lat' dir='ltr'><strong>eum</strong></span> <span class='ocrx_word' id='word_1_14' title='bbox 1273 258 1306 286; x_wconf 89' lang='lat' dir='ltr'><strong>ad</strong></span> <span class='ocrx_word' id='word_1_15' title='bbox 1322 261 1502 286; x_wconf 65' lang='lat' dir='ltr'><strong>sacrosancta:</strong></span> <span class='ocrx_word' id='word_1_16' title='bbox 1522 255 1651 284; x_wconf 60' lang='lat' dir='ltr'><strong>Ecclesiae</strong></span> <span class='ocrx_word' id='word_1_17' title='bbox 1665 255 1756 282; x_wconf 88' lang='lat' dir='ltr'><strong>venis—</strong></span> 
     </span>
    </p>
   </div>
   <div class='ocr_carea' id='block_1_5' title="bbox 133 303 917 336">
    <p class='ocr_par' dir='ltr' id='par_1_5' title="bbox 133 303 917 336">
     <span class='ocr_line' id='line_1_5' title="bbox 133 303 917 336; baseline 0 -7"><span class='ocrx_word' id='word_1_18' title='bbox 133 303 321 330; x_wconf 87' lang='lat' dir='ltr'><strong>adhortantes.</strong></span> <span class='ocrx_word' id='word_1_19' title='bbox 350 303 517 331; x_wconf 84' lang='lat' dir='ltr'><strong>Acclamavit</strong></span> <span class='ocrx_word' id='word_1_20' title='bbox 543 309 732 331; x_wconf 79' lang='lat' dir='ltr'><strong>sacrosanctus</strong></span> <span class='ocrx_word' id='word_1_21' title='bbox 758 308 859 336; x_wconf 66' lang='lat' dir='ltr'><strong>cattus,</strong></span> <span class='ocrx_word' id='word_1_22' title='bbox 881 304 917 330; x_wconf 91' lang='lat' dir='ltr'><strong>ita</strong></span> 
     </span>
    </p>
   </div>
   <div class='ocr_carea' id='block_1_6' title="bbox 131 344 919 386">
    <p class='ocr_par' dir='ltr' id='par_1_6' title="bbox 131 344 919 386">
     <span class='ocr_line' id='line_1_6' title="bbox 131 344 919 386; baseline 0.003 -11"><span class='ocrx_word' id='word_1_23' title='bbox 131 356 203 386; x_wconf 71' lang='lat' dir='ltr'><strong>esse,</strong></span> <span class='ocrx_word' id='word_1_24' title='bbox 220 353 248 376; x_wconf 84' lang='lat' dir='ltr'><strong>et</strong></span> <span class='ocrx_word' id='word_1_25' title='bbox 260 355 290 375; x_wconf 90' lang='lat' dir='ltr'><strong>se</strong></span> <span class='ocrx_word' id='word_1_26' title='bbox 303 349 340 376; x_wconf 88' lang='lat' dir='ltr'><strong>ita</strong></span> <span class='ocrx_word' id='word_1_27' title='bbox 354 344 456 376; x_wconf 85' lang='lat' dir='ltr'><strong>sentire</strong></span> <span class='ocrx_word' id='word_1_28' title='bbox 467 349 500 376; x_wconf 92' lang='lat' dir='ltr'><strong>de</strong></span> <span class='ocrx_word' id='word_1_29' title='bbox 516 349 733 377; x_wconf 85' lang='lat' dir='ltr'><strong>venerandarum</strong></span> <span class='ocrx_word' id='word_1_30' title='bbox 745 349 800 384; x_wconf 73' lang='grc'><strong>(46)</strong></span> <span class='ocrx_word' id='word_1_31' title='bbox 822 349 919 385; x_wconf 82' lang='lat' dir='ltr'><strong>imagi-</strong></span> 
     </span>
    </p>
   </div>
   <div class='ocr_carea' id='block_1_7' title="bbox 134 393 920 434">
    <p class='ocr_par' dir='ltr' id='par_1_7' title="bbox 134 393 920 434">
     <span class='ocr_line' id='line_1_7' title="bbox 134 393 920 434; baseline 0.003 -14"><span class='ocrx_word' id='word_1_32' title='bbox 134 401 199 420; x_wconf 87' lang='lat' dir='ltr'><strong>num</strong></span> <span class='ocrx_word' id='word_1_33' title='bbox 216 393 329 434; x_wconf 83' lang='lat' dir='ltr'><strong>antiqua</strong></span> <span class='ocrx_word' id='word_1_34' title='bbox 344 393 480 421; x_wconf 82' lang='lat' dir='ltr'><strong>etﬁetione</strong></span> <span class='ocrx_word' id='word_1_35' title='bbox 499 399 527 421; x_wconf 88' lang='lat' dir='ltr'><strong>et</strong></span> <span class='ocrx_word' id='word_1_36' title='bbox 542 395 709 428; x_wconf 88' lang='lat' dir='ltr'><strong>adoratione,</strong></span> <span class='ocrx_word' id='word_1_37' title='bbox 726 396 819 422; x_wconf 88' lang='lat' dir='ltr'><strong>multis</strong></span> <span class='ocrx_word' id='word_1_38' title='bbox 844 396 920 423; x_wconf 81' lang='lat' dir='ltr'><strong>libris</strong></span> 
     </span>
    </p>
   </div>
   <div class='ocr_carea' id='block_1_8' title="bbox 135 439 920 475">
    <p class='ocr_par' dir='ltr' id='par_1_8' title="bbox 135 439 920 475">
     <span class='ocr_line' id='line_1_8' title="bbox 135 439 920 475; baseline 0.001 -9"><span class='ocrx_word' id='word_1_39' title='bbox 135 439 245 466; x_wconf 86' lang='lat' dir='ltr'><strong>Patrum</strong></span> <span class='ocrx_word' id='word_1_40' title='bbox 269 439 357 466; x_wconf 84' lang='lat' dir='ltr'><strong>allatis</strong></span> <span class='ocrx_word' id='word_1_41' title='bbox 383 443 411 466; x_wconf 87' lang='lat' dir='ltr'><strong>et</strong></span> <span class='ocrx_word' id='word_1_42' title='bbox 439 439 612 474; x_wconf 81' lang='lat' dir='ltr'><strong>synodalibus</strong></span> <span class='ocrx_word' id='word_1_43' title='bbox 637 440 770 472; x_wconf 78' lang='lat' dir='ltr'><strong>decretis,</strong></span> <span class='ocrx_word' id='word_1_44' title='bbox 794 440 920 475; x_wconf 87' lang='lat' dir='ltr'><strong>verisque</strong></span> 
     </span>
    </p>
   </div>
   <div class='ocr_carea' id='block_1_9' title="bbox 135 483 922 520">
    <p class='ocr_par' dir='ltr' id='par_1_9' title="bbox 135 483 922 520">
     <span class='ocr_line' id='line_1_9' title="bbox 135 483 922 520; baseline 0.001 -10"><span class='ocrx_word' id='word_1_45' title='bbox 135 484 260 511; x_wconf 75' lang='lat' dir='ltr'><strong>adductis</strong></span> <span class='ocrx_word' id='word_1_46' title='bbox 284 483 428 511; x_wconf 87' lang='lat' dir='ltr'><strong>sententiis</strong></span> <span class='ocrx_word' id='word_1_47' title='bbox 450 488 476 511; x_wconf 89' lang='lat' dir='ltr'><strong>et</strong></span> <span class='ocrx_word' id='word_1_48' title='bbox 497 484 786 520; x_wconf 84' lang='lat' dir='ltr'><strong>demonstrationibus,</strong></span> <span class='ocrx_word' id='word_1_49' title='bbox 810 489 838 511; x_wconf 89' lang='lat' dir='ltr'><strong>et</strong></span> <span class='ocrx_word' id='word_1_50' title='bbox 861 485 922 512; x_wconf 89' lang='lat' dir='ltr'><strong>dili-</strong></span> 
     </span>
    </p>
   </div>
   <div class='ocr_carea' id='block_1_10' title="bbox 137 529 920 564">
    <p class='ocr_par' dir='ltr' id='par_1_10' title="bbox 137 529 920 564">
     <span class='ocr_line' id='line_1_10' title="bbox 137 529 920 564; baseline 0.003 -9"><span class='ocrx_word' id='word_1_51' title='bbox 137 529 213 564; x_wconf 74' lang='lat' dir='ltr'><strong>genti</strong></span> <span class='ocrx_word' id='word_1_52' title='bbox 233 530 425 563; x_wconf 86' lang='lat' dir='ltr'><strong>persecutione</strong></span> <span class='ocrx_word' id='word_1_53' title='bbox 442 529 584 564; x_wconf 85' lang='lat' dir='ltr'><strong>impressis</strong></span> <span class='ocrx_word' id='word_1_54' title='bbox 608 530 634 556; x_wconf 93' lang='lat' dir='ltr'><strong>in</strong></span> <span class='ocrx_word' id='word_1_55' title='bbox 659 530 771 557; x_wconf 87' lang='lat' dir='ltr'><strong>auribus</strong></span> <span class='ocrx_word' id='word_1_56' title='bbox 787 530 920 557; x_wconf 89' lang='lat' dir='ltr'><strong>omnium.</strong></span> 
     </span>
    </p>
   </div>
   <div class='ocr_carea' id='block_1_11' title="bbox 136 575 921 615">
    <p class='ocr_par' dir='ltr' id='par_1_11' title="bbox 136 575 921 615">
     <span class='ocr_line' id='line_1_11' title="bbox 136 575 921 615; baseline 0.001 -14"><span class='ocrx_word' id='word_1_57' title='bbox 136 575 165 602; x_wconf 89' lang='lat' dir='ltr'><strong>ld</strong></span> <span class='ocrx_word' id='word_1_58' title='bbox 183 579 274 615; x_wconf 78' lang='lat' dir='ltr'><strong>autem</strong></span> <span class='ocrx_word' id='word_1_59' title='bbox 290 582 344 601; x_wconf 89' lang='lat' dir='ltr'><strong>non</strong></span> <span class='ocrx_word' id='word_1_60' title='bbox 362 575 444 602; x_wconf 84' lang='lat' dir='ltr'><strong>semel</strong></span> <span class='ocrx_word' id='word_1_61' title='bbox 459 583 510 602; x_wconf 87' lang='lat' dir='ltr'><strong>nec</strong></span> <span class='ocrx_word' id='word_1_62' title='bbox 527 575 582 608; x_wconf 88' lang='lat' dir='ltr'><strong>bis,</strong></span> <span class='ocrx_word' id='word_1_63' title='bbox 600 576 647 602; x_wconf 77' lang='lat' dir='ltr'><strong>sed</strong></span> <span class='ocrx_word' id='word_1_64' title='bbox 667 575 700 602; x_wconf 84' lang='lat' dir='ltr'><strong>ad</strong></span> <span class='ocrx_word' id='word_1_65' title='bbox 717 576 859 610; x_wconf 85' lang='lat' dir='ltr'><strong>septimam</strong></span> <span class='ocrx_word' id='word_1_66' title='bbox 873 584 921 602; x_wconf 85' lang='lat' dir='ltr'><strong>us-</strong></span> 
     </span>
    </p>
   </div>
   <div class='ocr_carea' id='block_1_12' title="bbox 139 619 921 656">
    <p class='ocr_par' dir='ltr' id='par_1_12' title="bbox 139 619 921 656">
     <span class='ocr_line' id='line_1_12' title="bbox 139 619 921 656; baseline 0.001 -10"><span class='ocrx_word' id='word_1_67' title='bbox 139 627 193 653; x_wconf 88' lang='lat' dir='ltr'><strong>que</strong></span> <span class='ocrx_word' id='word_1_68' title='bbox 206 619 357 646; x_wconf 83' lang='lat' dir='ltr'><strong>sessionem</strong></span> <span class='ocrx_word' id='word_1_69' title='bbox 373 625 400 646; x_wconf 88' lang='lat' dir='ltr'><strong>et</strong></span> <span class='ocrx_word' id='word_1_70' title='bbox 415 620 581 647; x_wconf 75' lang='lat' dir='ltr'><strong>auditionem</strong></span> <span class='ocrx_word' id='word_1_71' title='bbox 602 625 658 647; x_wconf 89' lang='lat' dir='ltr'><strong>toto</strong></span> <span class='ocrx_word' id='word_1_72' title='bbox 678 621 722 648; x_wconf 88' lang='lat' dir='ltr'><strong>die</strong></span> <span class='ocrx_word' id='word_1_73' title='bbox 745 626 921 656; x_wconf 85' lang='lat' dir='ltr'><strong>conspectum</strong></span> 
     </span>
    </p>
   </div>
   <div class='ocr_carea' id='block_1_13' title="bbox 137 664 921 700">
    <p class='ocr_par' dir='ltr' id='par_1_13' title="bbox 137 664 921 700">
     <span class='ocr_line' id='line_1_13' title="bbox 137 664 921 700; baseline 0 -8"><span class='ocrx_word' id='word_1_74' title='bbox 137 669 182 692; x_wconf 87' lang='lat' dir='ltr'><strong>est</strong></span> <span class='ocrx_word' id='word_1_75' title='bbox 195 664 254 691; x_wconf 78' lang='lat' dir='ltr'><strong>ﬁeri</strong></span> <span class='ocrx_word' id='word_1_76' title='bbox 278 674 284 691; x_wconf 89' lang='lat'>:</span> <span class='ocrx_word' id='word_1_77' title='bbox 304 667 442 700; x_wconf 87' lang='lat' dir='ltr'><strong>quomodo</strong></span> <span class='ocrx_word' id='word_1_78' title='bbox 461 666 542 692; x_wconf 87' lang='lat' dir='ltr'><strong>etiam</strong></span> <span class='ocrx_word' id='word_1_79' title='bbox 564 666 629 692; x_wconf 79' lang='lat' dir='ltr'><strong>Acta</strong></span> <span class='ocrx_word' id='word_1_80' title='bbox 653 666 762 700; x_wconf 81' lang='lat' dir='ltr'><strong>scriptis</strong></span> <span class='ocrx_word' id='word_1_81' title='bbox 783 666 921 697; x_wconf 83' lang='lat' dir='ltr'><strong>mandata,</strong></span> 
     </span>
    </p>
   </div>
   <div class='ocr_carea' id='block_1_14' title="bbox 139 710 922 745">
    <p class='ocr_par' dir='ltr' id='par_1_14' title="bbox 139 710 922 745">
     <span class='ocr_line' id='line_1_14' title="bbox 139 710 922 745; baseline 0.003 -9"><span class='ocrx_word' id='word_1_82' title='bbox 139 717 189 745; x_wconf 89' lang='lat' dir='ltr'><strong>per</strong></span> <span class='ocrx_word' id='word_1_83' title='bbox 209 710 331 737; x_wconf 86' lang='lat' dir='ltr'><strong>divinam</strong></span> <span class='ocrx_word' id='word_1_84' title='bbox 357 711 579 745; x_wconf 82' lang='lat' dir='ltr'><strong>consequentiam</strong></span> <span class='ocrx_word' id='word_1_85' title='bbox 596 716 624 738; x_wconf 90' lang='lat' dir='ltr'><strong>et</strong></span> <span class='ocrx_word' id='word_1_86' title='bbox 646 712 768 738; x_wconf 84' lang='lat' dir='ltr'><strong>ordinem</strong></span> <span class='ocrx_word' id='word_1_87' title='bbox 790 711 922 738; x_wconf 88' lang='lat' dir='ltr'><strong>indicant.</strong></span> 
     </span>
    </p>
   </div>
   <div class='ocr_carea' id='block_1_15' title="bbox 141 755 924 791">
    <p class='ocr_par' dir='ltr' id='par_1_15' title="bbox 141 755 924 791">
     <span class='ocr_line' id='line_1_15' title="bbox 141 755 924 791; baseline 0.001 -9"><span class='ocrx_word' id='word_1_88' title='bbox 141 755 261 782; x_wconf 85' lang='lat' dir='ltr'><strong>Tandem</strong></span> <span class='ocrx_word' id='word_1_89' title='bbox 287 763 348 783; x_wconf 92' lang='lat' dir='ltr'><strong>cum</strong></span> <span class='ocrx_word' id='word_1_90' title='bbox 370 755 509 788; x_wconf 82' lang='lat' dir='ltr'><strong>T-arasius,</strong></span> <span class='ocrx_word' id='word_1_91' title='bbox 538 761 565 783; x_wconf 87' lang='lat' dir='ltr'><strong>et</strong></span> <span class='ocrx_word' id='word_1_92' title='bbox 588 757 649 791; x_wconf 87' lang='lat' dir='ltr'><strong>pius</strong></span> <span class='ocrx_word' id='word_1_93' title='bbox 673 757 718 791; x_wconf 88' lang='lat' dir='ltr'><strong>qui</strong></span> <span class='ocrx_word' id='word_1_94' title='bbox 739 764 800 783; x_wconf 90' lang='lat' dir='ltr'><strong>eum</strong></span> <span class='ocrx_word' id='word_1_95' title='bbox 818 764 851 783; x_wconf 84' lang='lat' dir='ltr'><strong>eo</strong></span> <span class='ocrx_word' id='word_1_96' title='bbox 866 761 924 783; x_wconf 87' lang='lat' dir='ltr'><strong>erat</strong></span> 
     </span>
    </p>
   </div>
   <div class='ocr_carea' id='block_1_16' title="bbox 140 800 924 834">
    <p class='ocr_par' dir='ltr' id='par_1_16' title="bbox 140 800 924 834">
     <span class='ocr_line' id='line_1_16' title="bbox 140 800 924 834; baseline 0 -6"><span class='ocrx_word' id='word_1_97' title='bbox 140 805 230 828; x_wconf 69' lang='lat' dir='ltr'><strong>eteius</strong></span> <span class='ocrx_word' id='word_1_98' title='bbox 256 800 387 828; x_wconf 89' lang='lat' dir='ltr'><strong>collectus</strong></span> <span class='ocrx_word' id='word_1_99' title='bbox 417 801 545 834; x_wconf 83' lang='lat' dir='ltr'><strong>Patrum,</strong></span> <span class='ocrx_word' id='word_1_100' title='bbox 570 801 755 828; x_wconf 76' lang='lat' dir='ltr'><strong>venerandum</strong></span> <span class='ocrx_word' id='word_1_101' title='bbox 786 802 924 828; x_wconf 86' lang='lat' dir='ltr'><strong>decretum</strong></span> 
     </span>
    </p>
   </div>
   <div class='ocr_carea' id='block_1_17' title="bbox 142 845 925 878">
    <p class='ocr_par' dir='ltr' id='par_1_17' title="bbox 142 845 925 878">
     <span class='ocr_line' id='line_1_17' title="bbox 142 845 925 878; baseline 0 -6"><span class='ocrx_word' id='word_1_102' title='bbox 142 845 294 873; x_wconf 89' lang='lat' dir='ltr'><strong>litterarum</strong></span> <span class='ocrx_word' id='word_1_103' title='bbox 318 846 384 873; x_wconf 90' lang='lat' dir='ltr'><strong>tutis</strong></span> <span class='ocrx_word' id='word_1_104' title='bbox 406 847 591 873; x_wconf 78' lang='lat' dir='ltr'><strong>monumentis</strong></span> <span class='ocrx_word' id='word_1_105' title='bbox 617 846 781 878; x_wconf 79' lang='lat' dir='ltr'><strong>mandasset,</strong></span> <span class='ocrx_word' id='word_1_106' title='bbox 795 850 822 873; x_wconf 89' lang='lat' dir='ltr'><strong>et</strong></span> <span class='ocrx_word' id='word_1_107' title='bbox 845 850 875 872; x_wconf 91' lang='lat' dir='ltr'><strong>ut</strong></span> <span class='ocrx_word' id='word_1_108' title='bbox 898 845 925 872; x_wconf 93' lang='lat' dir='ltr'><strong>id</strong></span> 
     </span>
    </p>
   </div>
   <div class='ocr_carea' id='block_1_18' title="bbox 141 891 927 926">
    <p class='ocr_par' dir='ltr' id='par_1_18' title="bbox 141 891 927 926">
     <span class='ocr_line' id='line_1_18' title="bbox 141 891 927 926; baseline 0 -9"><span class='ocrx_word' id='word_1_109' title='bbox 141 891 246 918; x_wconf 88' lang='lat' dir='ltr'><strong>salvum</strong></span> <span class='ocrx_word' id='word_1_110' title='bbox 262 895 289 918; x_wconf 88' lang='lat' dir='ltr'><strong>et</strong></span> <span class='ocrx_word' id='word_1_111' title='bbox 305 891 441 926; x_wconf 84' lang='lat' dir='ltr'><strong>integrum</strong></span> <span class='ocrx_word' id='word_1_112' title='bbox 458 896 592 922; x_wconf 83' lang='lat' dir='ltr'><strong>maneret.</strong></span> <span class='ocrx_word' id='word_1_113' title='bbox 606 895 732 925; x_wconf 88' lang='lat' dir='ltr'><strong>precatus</strong></span> <span class='ocrx_word' id='word_1_114' title='bbox 746 895 828 922; x_wconf 81' lang='lat' dir='ltr'><strong>esset,</strong></span> <span class='ocrx_word' id='word_1_115' title='bbox 851 895 878 918; x_wconf 90' lang='lat' dir='ltr'><strong>et</strong></span> <span class='ocrx_word' id='word_1_116' title='bbox 897 895 927 917; x_wconf 89' lang='lat' dir='ltr'><strong>ut</strong></span> 
     </span>
    </p>
   </div>
   <div class='ocr_carea' id='block_1_19' title="bbox 142 935 926 971">
    <p class='ocr_par' dir='ltr' id='par_1_19' title="bbox 142 935 926 971">
     <span class='ocr_line' id='line_1_19' title="bbox 142 935 926 971; baseline 0 -9"><span class='ocrx_word' id='word_1_117' title='bbox 142 935 249 968; x_wconf 86' lang='lat' dir='ltr'><strong>Patres,</strong></span> <span class='ocrx_word' id='word_1_118' title='bbox 261 937 306 971; x_wconf 86' lang='lat' dir='ltr'><strong>qui</strong></span> <span class='ocrx_word' id='word_1_119' title='bbox 319 937 435 971; x_wconf 86' lang='lat' dir='ltr'><strong>primam</strong></span> <span class='ocrx_word' id='word_1_120' title='bbox 446 937 577 963; x_wconf 78' lang='lat' dir='ltr'><strong>adversus</strong></span> <span class='ocrx_word' id='word_1_121' title='bbox 590 935 722 964; x_wconf 70' lang='lat' dir='ltr'><strong>furiosum</strong></span> <span class='ocrx_word' id='word_1_122' title='bbox 738 937 830 963; x_wconf 83' lang='lat' dir='ltr'><strong>Arium</strong></span> <span class='ocrx_word' id='word_1_123' title='bbox 842 936 926 963; x_wconf 88' lang='lat' dir='ltr'><strong>victo-</strong></span> 
     </span>
    </p>
   </div>
   <div class='ocr_carea' id='block_1_20' title="bbox 142 980 925 1016">
    <p class='ocr_par' dir='ltr' id='par_1_20' title="bbox 142 980 925 1016">
     <span class='ocr_line' id='line_1_20' title="bbox 142 980 925 1016; baseline -0.001 -8"><span class='ocrx_word' id='word_1_124' title='bbox 142 980 211 1008; x_wconf 86' lang='lat' dir='ltr'><strong>riam</strong></span> <span class='ocrx_word' id='word_1_125' title='bbox 222 985 301 1008; x_wconf 90' lang='lat' dir='ltr'><strong>erant</strong></span> <span class='ocrx_word' id='word_1_126' title='bbox 310 982 461 1013; x_wconf 88' lang='lat' dir='ltr'><strong>consecuti,</strong></span> <span class='ocrx_word' id='word_1_127' title='bbox 477 982 615 1016; x_wconf 86' lang='lat' dir='ltr'><strong>adjutores</strong></span> <span class='ocrx_word' id='word_1_128' title='bbox 628 982 768 1013; x_wconf 81' lang='lat' dir='ltr'><strong>haberent,</strong></span> <span class='ocrx_word' id='word_1_129' title='bbox 783 986 810 1007; x_wconf 87' lang='lat' dir='ltr'><strong>et</strong></span> <span class='ocrx_word' id='word_1_130' title='bbox 821 989 925 1013; x_wconf 87' lang='lat' dir='ltr'><strong>eorum,</strong></span> 
     </span>
    </p>
   </div>
   <div class='ocr_carea' id='block_1_21' title="bbox 142 1027 927 1061">
    <p class='ocr_par' dir='ltr' id='par_1_21' title="bbox 142 1027 927 1061">
     <span class='ocr_line' id='line_1_21' title="bbox 142 1027 927 1061; baseline 0 -8"><span class='ocrx_word' id='word_1_131' title='bbox 142 1034 203 1061; x_wconf 64' lang='lat' dir='ltr'><strong>quas</strong></span> <span class='ocrx_word' id='word_1_132' title='bbox 217 1031 290 1054; x_wconf 88' lang='lat' dir='ltr'><strong>recta</strong></span> <span class='ocrx_word' id='word_1_133' title='bbox 307 1027 415 1054; x_wconf 86' lang='lat' dir='ltr'><strong>decreta</strong></span> <span class='ocrx_word' id='word_1_134' title='bbox 436 1027 553 1060; x_wconf 79' lang='lat' dir='ltr'><strong>fuerant,</strong></span> <span class='ocrx_word' id='word_1_135' title='bbox 581 1027 719 1059; x_wconf 87' lang='lat' dir='ltr'><strong>custodes,</strong></span> <span class='ocrx_word' id='word_1_136' title='bbox 745 1027 829 1053; x_wconf 88' lang='lat' dir='ltr'><strong>Deunt</strong></span> <span class='ocrx_word' id='word_1_137' title='bbox 850 1027 927 1053; x_wconf 83' lang='lat' dir='ltr'><strong>inro-</strong></span> 
     </span>
    </p>
   </div>
   <div class='ocr_carea' id='block_1_22' title="bbox 142 1071 927 1107">
    <p class='ocr_par' dir='ltr' id='par_1_22' title="bbox 142 1071 927 1107">
     <span class='ocr_line' id='line_1_22' title="bbox 142 1071 927 1107; baseline -0.003 -8"><span class='ocrx_word' id='word_1_138' title='bbox 142 1076 261 1103; x_wconf 90' lang='lat' dir='ltr'><strong>cassent,</strong></span> <span class='ocrx_word' id='word_1_139' title='bbox 289 1077 318 1100; x_wconf 90' lang='lat' dir='ltr'><strong>ct</strong></span> <span class='ocrx_word' id='word_1_140' title='bbox 343 1080 418 1099; x_wconf 68' lang='lat' dir='ltr'><strong>ranae</strong></span> <span class='ocrx_word' id='word_1_141' title='bbox 439 1073 582 1107; x_wconf 86' lang='lat' dir='ltr'><strong>inanisque</strong></span> <span class='ocrx_word' id='word_1_142' title='bbox 604 1073 687 1106; x_wconf 84' lang='lat' dir='ltr'><strong>hujus</strong></span> <span class='ocrx_word' id='word_1_143' title='bbox 706 1073 849 1099; x_wconf 66' lang='lat' dir='ltr'><strong>sementim</strong></span> <span class='ocrx_word' id='word_1_144' title='bbox 872 1071 927 1105; x_wconf 66' lang='grc'><strong>(47)</strong></span> 
     </span>
    </p>
   </div>
   <div class='ocr_carea' id='block_1_23' title="bbox 143 1117 929 1150">
    <p class='ocr_par' dir='ltr' id='par_1_23' title="bbox 143 1117 929 1150">
     <span class='ocr_line' id='line_1_23' title="bbox 143 1117 929 1150; baseline -0.003 -6"><span class='ocrx_word' id='word_1_145' title='bbox 143 1122 281 1150; x_wconf 87' lang='lat' dir='ltr'><strong>auctores,</strong></span> <span class='ocrx_word' id='word_1_146' title='bbox 298 1121 325 1144; x_wconf 90' lang='lat' dir='ltr'><strong>et</strong></span> <span class='ocrx_word' id='word_1_147' title='bbox 337 1117 425 1144; x_wconf 91' lang='lat' dir='ltr'><strong>omnis</strong></span> <span class='ocrx_word' id='word_1_148' title='bbox 441 1117 552 1144; x_wconf 62' lang='lat' dir='ltr'><strong>haeresis</strong></span> <span class='ocrx_word' id='word_1_149' title='bbox 568 1117 733 1147; x_wconf 79' lang='lat' dir='ltr'><strong>inventores.</strong></span> <span class='ocrx_word' id='word_1_150' title='bbox 749 1117 783 1143; x_wconf 88' lang='lat' dir='ltr'><strong>ab</strong></span> <span class='ocrx_word' id='word_1_151' title='bbox 796 1117 864 1142; x_wconf 85' lang='lat' dir='ltr'><strong>atrio</strong></span> <span class='ocrx_word' id='word_1_152' title='bbox 883 1123 929 1142; x_wconf 89' lang='lat' dir='ltr'><strong>ce-</strong></span> 
     </span>
    </p>
   </div>
   <div class='ocr_carea' id='block_1_24' title="bbox 147 1162 928 1201">
    <p class='ocr_par' dir='ltr' id='par_1_24' title="bbox 147 1162 928 1201">
     <span class='ocr_line' id='line_1_24' title="bbox 147 1162 928 1201; baseline -0.005 -10"><span class='ocrx_word' id='word_1_153' title='bbox 147 1163 304 1192; x_wconf 83' lang='lat' dir='ltr'><strong>clesiastico</strong></span> <span class='ocrx_word' id='word_1_154' title='bbox 331 1170 381 1201; x_wconf 79' lang='lat' dir='ltr'><strong>per</strong></span> <span class='ocrx_word' id='word_1_155' title='bbox 407 1163 551 1190; x_wconf 79' lang='lat' dir='ltr'><strong>anathema</strong></span> <span class='ocrx_word' id='word_1_156' title='bbox 574 1166 758 1197; x_wconf 71' lang='lat' dir='ltr'><strong>Separasscnt,</strong></span> <span class='ocrx_word' id='word_1_157' title='bbox 785 1162 810 1188; x_wconf 95' lang='lat' dir='ltr'><strong>in</strong></span> <span class='ocrx_word' id='word_1_158' title='bbox 836 1162 928 1188; x_wconf 85' lang='lat' dir='ltr'><strong>urbem</strong></span> 
     </span>
    </p>
   </div>
   <div class='ocr_carea' id='block_1_25' title="bbox 143 1208 927 1244">
    <p class='ocr_par' dir='ltr' id='par_1_25' title="bbox 143 1208 927 1244">
     <span class='ocr_line' id='line_1_25' title="bbox 143 1208 927 1244; baseline -0.004 -8"><span class='ocrx_word' id='word_1_159' title='bbox 143 1209 246 1244; x_wconf 78' lang='lat' dir='ltr'><strong>regiam</strong></span> <span class='ocrx_word' id='word_1_160' title='bbox 277 1209 365 1236; x_wconf 87' lang='lat' dir='ltr'><strong>delata</strong></span> <span class='ocrx_word' id='word_1_161' title='bbox 387 1209 539 1236; x_wconf 76' lang='lat' dir='ltr'><strong>orthodoxa</strong></span> <span class='ocrx_word' id='word_1_162' title='bbox 569 1208 693 1243; x_wconf 83' lang='lat' dir='ltr'><strong>dogmata</strong></span> <span class='ocrx_word' id='word_1_163' title='bbox 719 1211 927 1234; x_wconf 86' lang='lat' dir='ltr'><strong>conservarttnt.</strong></span> 
     </span>
    </p>
   </div>
   <div class='ocr_carea' id='block_1_26' title="bbox 144 1252 929 1288">
    <p class='ocr_par' dir='ltr' id='par_1_26' title="bbox 144 1252 929 1288">
     <span class='ocr_line' id='line_1_26' title="bbox 144 1252 929 1288; baseline -0.004 -8"><span class='ocrx_word' id='word_1_164' title='bbox 144 1252 218 1286; x_wconf 83' lang='lat' dir='ltr'><strong>Quos</strong></span> <span class='ocrx_word' id='word_1_165' title='bbox 235 1262 341 1281; x_wconf 86' lang='lat' dir='ltr'><strong>summa</strong></span> <span class='ocrx_word' id='word_1_166' title='bbox 357 1254 545 1281; x_wconf 87' lang='lat' dir='ltr'><strong>benevolentia</strong></span> <span class='ocrx_word' id='word_1_167' title='bbox 558 1257 724 1288; x_wconf 81' lang='lat' dir='ltr'><strong>exceperunt</strong></span> <span class='ocrx_word' id='word_1_168' title='bbox 740 1253 929 1287; x_wconf 84' lang='lat' dir='ltr'><strong>imperatores.</strong></span> 
     </span>
    </p>
   </div>
   <div class='ocr_carea' id='block_1_27' title="bbox 179 1298 931 1335">
    <p class='ocr_par' dir='ltr' id='par_1_27' title="bbox 179 1298 931 1335">
     <span class='ocr_line' id='line_1_27' title="bbox 179 1298 931 1335; baseline -0.003 -9"><span class='ocrx_word' id='word_1_169' title='bbox 179 1300 225 1326; x_wconf 74' lang='lat' dir='ltr'><strong>2L</strong></span> <span class='ocrx_word' id='word_1_170' title='bbox 244 1300 298 1335; x_wconf 73' lang='grc'><strong>(48)</strong></span> <span class='ocrx_word' id='word_1_171' title='bbox 317 1301 413 1327; x_wconf 85' lang='lat' dir='ltr'><strong>Erecta</strong></span> <span class='ocrx_word' id='word_1_172' title='bbox 435 1301 525 1334; x_wconf 86' lang='lat' dir='ltr'><strong>itaque</strong></span> <span class='ocrx_word' id='word_1_173' title='bbox 548 1300 675 1326; x_wconf 83' lang='lat' dir='ltr'><strong>cathedra</strong></span> <span class='ocrx_word' id='word_1_174' title='bbox 700 1299 822 1333; x_wconf 89' lang='lat' dir='ltr'><strong>ipsorum</strong></span> <span class='ocrx_word' id='word_1_175' title='bbox 844 1298 931 1332; x_wconf 91' lang='lat' dir='ltr'><strong>impe-</strong></span> 
     </span>
    </p>
   </div>
   <div class='ocr_carea' id='block_1_28' title="bbox 144 1344 930 1379">
    <p class='ocr_par' dir='ltr' id='par_1_28' title="bbox 144 1344 930 1379">
     <span class='ocr_line' id='line_1_28' title="bbox 144 1344 930 1379; baseline -0.005 -6"><span class='ocrx_word' id='word_1_176' title='bbox 144 1350 278 1375; x_wconf 83' lang='lat' dir='ltr'><strong>ratorum.</strong></span> <span class='ocrx_word' id='word_1_177' title='bbox 305 1350 333 1373; x_wconf 90' lang='lat' dir='ltr'><strong>et</strong></span> <span class='ocrx_word' id='word_1_178' title='bbox 357 1346 440 1373; x_wconf 84' lang='lat' dir='ltr'><strong>totius</strong></span> <span class='ocrx_word' id='word_1_179' title='bbox 463 1353 478 1372; x_wconf 90' lang='lat' dir='ltr'><strong>a</strong></span> <span class='ocrx_word' id='word_1_180' title='bbox 507 1345 561 1372; x_wconf 82' lang='lat' dir='ltr'><strong>Deo</strong></span> <span class='ocrx_word' id='word_1_181' title='bbox 586 1346 681 1372; x_wconf 74' lang='lat' dir='ltr'><strong>eleetze</strong></span> <span class='ocrx_word' id='word_1_182' title='bbox 697 1345 803 1379; x_wconf 83' lang='lat' dir='ltr'><strong>synodi,</strong></span> <span class='ocrx_word' id='word_1_183' title='bbox 826 1344 854 1370; x_wconf 90' lang='lat' dir='ltr'><strong>in</strong></span> <span class='ocrx_word' id='word_1_184' title='bbox 875 1344 930 1378; x_wconf 84' lang='lat' dir='ltr'><strong>jam</strong></span> 
     </span>
    </p>
   </div>
   <div class='ocr_carea' id='block_1_29' title="bbox 146 1390 931 1426">
    <p class='ocr_par' dir='ltr' id='par_1_29' title="bbox 146 1390 931 1426">
     <span class='ocr_line' id='line_1_29' title="bbox 146 1390 931 1426; baseline -0.003 -8"><span class='ocrx_word' id='word_1_185' title='bbox 146 1391 226 1418; x_wconf 67' lang='lat' dir='ltr'><strong>dictat</strong></span> <span class='ocrx_word' id='word_1_186' title='bbox 250 1390 405 1426; x_wconf 74' lang='lat' dir='ltr'><strong>Magnaurae</strong></span> <span class='ocrx_word' id='word_1_187' title='bbox 423 1391 523 1426; x_wconf 81' lang='lat' dir='ltr'><strong>insigni</strong></span> <span class='ocrx_word' id='word_1_188' title='bbox 542 1391 610 1424; x_wconf 77' lang='lat' dir='ltr'><strong>aede,</strong></span> <span class='ocrx_word' id='word_1_189' title='bbox 632 1394 659 1417; x_wconf 86' lang='lat' dir='ltr'><strong>et</strong></span> <span class='ocrx_word' id='word_1_190' title='bbox 678 1398 748 1417; x_wconf 82' lang='lat' dir='ltr'><strong>novo</strong></span> <span class='ocrx_word' id='word_1_191' title='bbox 764 1390 873 1416; x_wconf 85' lang='lat' dir='ltr'><strong>decreto</strong></span> <span class='ocrx_word' id='word_1_192' title='bbox 888 1397 931 1416; x_wconf 87' lang='lat' dir='ltr'><strong>re-</strong></span> 
     </span>
    </p>
   </div>
   <div class='ocr_carea' id='block_1_30' title="bbox 146 1436 933 1471">
    <p class='ocr_par' dir='ltr' id='par_1_30' title="bbox 146 1436 933 1471">
     <span class='ocr_line' id='line_1_30' title="bbox 146 1436 933 1471; baseline -0.001 -9"><span class='ocrx_word' id='word_1_193' title='bbox 146 1437 240 1468; x_wconf 80' lang='lat' dir='ltr'><strong>citato,</strong></span> <span class='ocrx_word' id='word_1_194' title='bbox 263 1445 324 1464; x_wconf 85' lang='lat' dir='ltr'><strong>eum</strong></span> <span class='ocrx_word' id='word_1_195' title='bbox 348 1444 428 1464; x_wconf 87' lang='lat' dir='ltr'><strong>aures</strong></span> <span class='ocrx_word' id='word_1_196' title='bbox 447 1437 638 1471; x_wconf 84' lang='lat' dir='ltr'><strong>imperatorias</strong></span> <span class='ocrx_word' id='word_1_197' title='bbox 661 1436 771 1463; x_wconf 85' lang='lat' dir='ltr'><strong>divinus</strong></span> <span class='ocrx_word' id='word_1_198' title='bbox 794 1436 933 1470; x_wconf 84' lang='lat' dir='ltr'><strong>implesset</strong></span> 
     </span>
    </p>
   </div>
   <div class='ocr_carea' id='block_1_31' title="bbox 147 1481 932 1518">
    <p class='ocr_par' dir='ltr' id='par_1_31' title="bbox 147 1481 932 1518">
     <span class='ocr_line' id='line_1_31' title="bbox 147 1481 932 1518; baseline -0.005 -8"><span class='ocrx_word' id='word_1_199' title='bbox 147 1483 265 1518; x_wconf 86' lang='lat' dir='ltr'><strong>Spiritus</strong></span> <span class='ocrx_word' id='word_1_200' title='bbox 287 1483 452 1517; x_wconf 79' lang='lat' dir='ltr'><strong>(audiebant</strong></span> <span class='ocrx_word' id='word_1_201' title='bbox 467 1483 538 1509; x_wconf 90' lang='lat' dir='ltr'><strong>enim</strong></span> <span class='ocrx_word' id='word_1_202' title='bbox 568 1490 615 1509; x_wconf 89' lang='lat' dir='ltr'><strong>eos</strong></span> <span class='ocrx_word' id='word_1_203' title='bbox 632 1482 659 1508; x_wconf 92' lang='lat' dir='ltr'><strong>in</strong></span> <span class='ocrx_word' id='word_1_204' title='bbox 674 1489 756 1508; x_wconf 90' lang='lat' dir='ltr'><strong>ttttum</strong></span> <span class='ocrx_word' id='word_1_205' title='bbox 769 1481 932 1508; x_wconf 88' lang='lat' dir='ltr'><strong>convenisse</strong></span> 
     </span>
    </p>
   </div>
   <div class='ocr_carea' id='block_1_32' title="bbox 147 1526 932 1564">
    <p class='ocr_par' dir='ltr' id='par_1_32' title="bbox 147 1526 932 1564">
     <span class='ocr_line' id='line_1_32' title="bbox 147 1526 932 1564; baseline -0.006 -8"><span class='ocrx_word' id='word_1_206' title='bbox 147 1535 311 1556; x_wconf 74' lang='lat' dir='ltr'><strong>concentum</strong></span> <span class='ocrx_word' id='word_1_207' title='bbox 328 1530 429 1556; x_wconf 77' lang='lat' dir='ltr'><strong>auxilio</strong></span> <span class='ocrx_word' id='word_1_208' title='bbox 443 1529 504 1564; x_wconf 83' lang='lat' dir='ltr'><strong>ejus</strong></span> <span class='ocrx_word' id='word_1_209' title='bbox 515 1549 522 1559; x_wconf 87' lang='lat'><strong>,</strong></span> <span class='ocrx_word' id='word_1_210' title='bbox 538 1528 583 1562; x_wconf 86' lang='lat' dir='ltr'><strong>qui</strong></span> <span class='ocrx_word' id='word_1_211' title='bbox 599 1527 689 1555; x_wconf 84' lang='lat' dir='ltr'><strong>omnia</strong></span> <span class='ocrx_word' id='word_1_212' title='bbox 705 1526 836 1558; x_wconf 84' lang='lat' dir='ltr'><strong>continet,</strong></span> <span class='ocrx_word' id='word_1_213' title='bbox 862 1530 889 1552; x_wconf 89' lang='lat' dir='ltr'><strong>et</strong></span> <span class='ocrx_word' id='word_1_214' title='bbox 906 1526 932 1551; x_wconf 91' lang='lat' dir='ltr'><strong>in</strong></span> 
     </span>
    </p>
   </div>
   <div class='ocr_carea' id='block_1_33' title="bbox 149 1573 934 1607">
    <p class='ocr_par' dir='ltr' id='par_1_33' title="bbox 149 1573 934 1607">
     <span class='ocr_line' id='line_1_33' title="bbox 149 1573 934 1607; baseline -0.004 -7"><span class='ocrx_word' id='word_1_215' title='bbox 149 1582 230 1601; x_wconf 82' lang='lat' dir='ltr'><strong>unam</strong></span> <span class='ocrx_word' id='word_1_216' title='bbox 244 1575 416 1602; x_wconf 88' lang='lat' dir='ltr'><strong>consensisse</strong></span> <span class='ocrx_word' id='word_1_217' title='bbox 431 1574 618 1607; x_wconf 86' lang='lat' dir='ltr'><strong>sententiam),</strong></span> <span class='ocrx_word' id='word_1_218' title='bbox 633 1573 756 1600; x_wconf 84' lang='lat' dir='ltr'><strong>admirati</strong></span> <span class='ocrx_word' id='word_1_219' title='bbox 774 1576 837 1599; x_wconf 88' lang='lat' dir='ltr'><strong>sunt</strong></span> <span class='ocrx_word' id='word_1_220' title='bbox 852 1579 934 1598; x_wconf 87' lang='lat' dir='ltr'><strong>accu-</strong></span> 
     </span>
    </p>
   </div>
   <div class='ocr_carea' id='block_1_34' title="bbox 149 1617 932 1653">
    <p class='ocr_par' dir='ltr' id='par_1_34' title="bbox 149 1617 932 1653">
     <span class='ocr_line' id='line_1_34' title="bbox 149 1617 932 1653; baseline -0.005 -6"><span class='ocrx_word' id='word_1_221' title='bbox 149 1621 283 1647; x_wconf 87' lang='lat' dir='ltr'><strong>rationem</strong></span> <span class='ocrx_word' id='word_1_222' title='bbox 302 1630 307 1647; x_wconf 93' lang='lat'><strong>:</strong></span> <span class='ocrx_word' id='word_1_223' title='bbox 324 1625 351 1648; x_wconf 86' lang='lat' dir='ltr'><strong>et</strong></span> <span class='ocrx_word' id='word_1_224' title='bbox 369 1629 429 1648; x_wconf 89' lang='lat' dir='ltr'><strong>esse</strong></span> <span class='ocrx_word' id='word_1_225' title='bbox 445 1621 597 1648; x_wconf 84' lang='lat' dir='ltr'><strong>doctrinam</strong></span> <span class='ocrx_word' id='word_1_226' title='bbox 615 1619 713 1646; x_wconf 69' lang='lat' dir='ltr'><strong>divina:</strong></span> <span class='ocrx_word' id='word_1_227' title='bbox 735 1617 932 1653; x_wconf 80' lang='lat' dir='ltr'><strong>inspirationis,</strong></span> 
     </span>
    </p>
   </div>
   <div class='ocr_carea' id='block_1_35' title="bbox 150 1662 934 1700">
    <p class='ocr_par' dir='ltr' id='par_1_35' title="bbox 150 1662 934 1700">
     <span class='ocr_line' id='line_1_35' title="bbox 150 1662 934 1700; baseline -0.008 -7"><span class='ocrx_word' id='word_1_228' title='bbox 150 1673 211 1700; x_wconf 70' lang='lat' dir='ltr'><strong>qua:</strong></span> <span class='ocrx_word' id='word_1_229' title='bbox 229 1666 263 1692; x_wconf 87' lang='lat' dir='ltr'><strong>ab</strong></span> <span class='ocrx_word' id='word_1_230' title='bbox 280 1666 320 1693; x_wconf 89' lang='lat' dir='ltr'><strong>eis</strong></span> <span class='ocrx_word' id='word_1_231' title='bbox 338 1665 448 1693; x_wconf 88' lang='lat' dir='ltr'><strong>decreta</strong></span> <span class='ocrx_word' id='word_1_232' title='bbox 472 1665 589 1696; x_wconf 87' lang='lat' dir='ltr'><strong>fuerant,</strong></span> <span class='ocrx_word' id='word_1_233' title='bbox 614 1664 752 1698; x_wconf 88' lang='lat' dir='ltr'><strong>sapienter</strong></span> <span class='ocrx_word' id='word_1_234' title='bbox 771 1662 934 1697; x_wconf 72' lang='lat' dir='ltr'><strong>iudicantes,</strong></span> 
     </span>
    </p>
   </div>
   <div class='ocr_carea' id='block_1_36' title="bbox 151 1709 936 1746">
    <p class='ocr_par' dir='ltr' id='par_1_36' title="bbox 151 1709 936 1746">
     <span class='ocr_line' id='line_1_36' title="bbox 151 1709 936 1746; baseline -0.008 -8"><span class='ocrx_word' id='word_1_235' title='bbox 151 1717 180 1738; x_wconf 89' lang='lat' dir='ltr'><strong>et</strong></span> <span class='ocrx_word' id='word_1_236' title='bbox 194 1720 283 1746; x_wconf 85' lang='lat' dir='ltr'><strong>penna</strong></span> <span class='ocrx_word' id='word_1_237' title='bbox 299 1715 326 1738; x_wconf 91' lang='lat' dir='ltr'><strong>et</strong></span> <span class='ocrx_word' id='word_1_238' title='bbox 341 1719 423 1738; x_wconf 88' lang='lat' dir='ltr'><strong>manu</strong></span> <span class='ocrx_word' id='word_1_239' title='bbox 439 1710 612 1746; x_wconf 89' lang='lat' dir='ltr'><strong>itnperatoria</strong></span> <span class='ocrx_word' id='word_1_240' title='bbox 638 1718 668 1736; x_wconf 89' lang='lat' dir='ltr'><strong>ea</strong></span> <span class='ocrx_word' id='word_1_241' title='bbox 688 1709 790 1743; x_wconf 88' lang='lat' dir='ltr'><strong>optime</strong></span> <span class='ocrx_word' id='word_1_242' title='bbox 809 1714 936 1741; x_wconf 78' lang='lat' dir='ltr'><strong>compro-</strong></span> 
     </span>
    </p>
   </div>
   <div class='ocr_carea' id='block_1_37' title="bbox 152 1752 936 1787">
    <p class='ocr_par' dir='ltr' id='par_1_37' title="bbox 152 1752 936 1787">
     <span class='ocr_line' id='line_1_37' title="bbox 152 1752 936 1787; baseline -0.008 -4"><span class='ocrx_word' id='word_1_243' title='bbox 152 1756 219 1783; x_wconf 84' lang='lat' dir='ltr'><strong>bant</strong></span> <span class='ocrx_word' id='word_1_244' title='bbox 234 1760 261 1782; x_wconf 91' lang='lat' dir='ltr'><strong>et</strong></span> <span class='ocrx_word' id='word_1_245' title='bbox 278 1756 458 1783; x_wconf 85' lang='lat' dir='ltr'><strong>conﬁrmant:</strong></span> <span class='ocrx_word' id='word_1_246' title='bbox 476 1759 503 1782; x_wconf 88' lang='lat' dir='ltr'><strong>et</strong></span> <span class='ocrx_word' id='word_1_247' title='bbox 519 1763 573 1782; x_wconf 91' lang='lat' dir='ltr'><strong>non</strong></span> <span class='ocrx_word' id='word_1_248' title='bbox 590 1755 688 1783; x_wconf 85' lang='lat' dir='ltr'><strong>vilibus</strong></span> <span class='ocrx_word' id='word_1_249' title='bbox 707 1753 787 1781; x_wconf 86' lang='lat' dir='ltr'><strong>donis</strong></span> <span class='ocrx_word' id='word_1_250' title='bbox 804 1752 936 1787; x_wconf 75' lang='lat' dir='ltr'><strong>synodum</strong></span> 
     </span>
    </p>
   </div>
   <div class='ocr_carea' id='block_1_38' title="bbox 153 1797 938 1835">
    <p class='ocr_par' dir='ltr' id='par_1_38' title="bbox 153 1797 938 1835">
     <span class='ocr_line' id='line_1_38' title="bbox 153 1797 938 1835; baseline -0.006 -8"><span class='ocrx_word' id='word_1_251' title='bbox 153 1801 303 1835; x_wconf 85' lang='lat' dir='ltr'><strong>prosecuti,</strong></span> <span class='ocrx_word' id='word_1_252' title='bbox 322 1808 545 1835; x_wconf 87' lang='lat' dir='ltr'><strong>unumquemque</strong></span> <span class='ocrx_word' id='word_1_253' title='bbox 569 1800 681 1827; x_wconf 88' lang='lat' dir='ltr'><strong>mittunt</strong></span> <span class='ocrx_word' id='word_1_254' title='bbox 703 1799 729 1825; x_wconf 89' lang='lat' dir='ltr'><strong>in</strong></span> <span class='ocrx_word' id='word_1_255' title='bbox 752 1805 828 1825; x_wconf 89' lang='lat' dir='ltr'><strong>suam</strong></span> <span class='ocrx_word' id='word_1_256' title='bbox 844 1797 938 1824; x_wconf 83' lang='lat' dir='ltr'><strong>civita-</strong></span> 
     </span>
    </p>
   </div>
   <div class='ocr_carea' id='block_1_39' title="bbox 154 1845 708 1881">
    <p class='ocr_par' dir='ltr' id='par_1_39' title="bbox 154 1845 708 1881">
     <span class='ocr_line' id='line_1_39' title="bbox 154 1845 708 1881; baseline -0.002 -10"><span class='ocrx_word' id='word_1_257' title='bbox 154 1849 208 1872; x_wconf 93' lang='lat' dir='ltr'><strong>tem</strong></span> <span class='ocrx_word' id='word_1_258' title='bbox 223 1849 251 1872; x_wconf 86' lang='lat' dir='ltr'><strong>et</strong></span> <span class='ocrx_word' id='word_1_259' title='bbox 266 1846 298 1873; x_wconf 88' lang='lat' dir='ltr'><strong>ad</strong></span> <span class='ocrx_word' id='word_1_260' title='bbox 314 1853 408 1881; x_wconf 76' lang='lat' dir='ltr'><strong>greges</strong></span> <span class='ocrx_word' id='word_1_261' title='bbox 423 1846 537 1872; x_wconf 89' lang='lat' dir='ltr'><strong>rationis</strong></span> <span class='ocrx_word' id='word_1_262' title='bbox 552 1845 708 1880; x_wconf 88' lang='lat' dir='ltr'><strong>participes.</strong></span> 
     </span>
    </p>
   </div>
   <div class='ocr_carea' id='block_1_40' title="bbox 456 1944 632 1973">
    <p class='ocr_par' dir='ltr' id='par_1_40' title="bbox 456 1944 632 1973">
     <span class='ocr_line' id='line_1_40' title="bbox 456 1944 632 1973; baseline -0.011 -1"><span class='ocrx_word' id='word_1_263' title='bbox 456 1945 569 1973; x_wconf 83' lang='lat' dir='ltr'><strong>CAPUT</strong></span> <span class='ocrx_word' id='word_1_264' title='bbox 590 1944 632 1971; x_wconf 83' lang='lat' dir='ltr'><strong>Vl.</strong></span> 
     </span>
    </p>
   </div>
   <div class='ocr_carea' id='block_1_41' title="bbox 158 2007 939 2048">
    <p class='ocr_par' dir='ltr' id='par_1_41' title="bbox 158 2007 939 2048">
     <span class='ocr_line' id='line_1_41' title="bbox 158 2007 939 2048; baseline -0.001 -9"><span class='ocrx_word' id='word_1_265' title='bbox 158 2011 302 2048; x_wconf 73' lang='lat' dir='ltr'><strong>Pro/ligata</strong></span> <span class='ocrx_word' id='word_1_266' title='bbox 324 2021 339 2039; x_wconf 77' lang='grc' dir='ltr'><strong>α</strong></span> <span class='ocrx_word' id='word_1_267' title='bbox 367 2018 458 2040; x_wconf 79' lang='lat' dir='ltr'><strong>sancto</strong></span> <span class='ocrx_word' id='word_1_268' title='bbox 478 2007 717 2040; x_wconf 39' lang='lat' dir='ltr'><strong>Tarasio&#39;haircsis</strong></span> <span class='ocrx_word' id='word_1_269' title='bbox 743 2016 766 2039; x_wconf 80' lang='lat' dir='ltr'><strong>et</strong></span> <span class='ocrx_word' id='word_1_270' title='bbox 797 2011 908 2038; x_wconf 73' lang='lat' dir='ltr'><strong>simont‘a</strong></span> <span class='ocrx_word' id='word_1_271' title='bbox 930 2019 939 2038; x_wconf 88' lang='lat'><strong><em>:</em></strong></span> 
     </span>
    </p>
   </div>
   <div class='ocr_carea' id='block_1_42' title="bbox 307 2059 787 2093">
    <p class='ocr_par' dir='ltr' id='par_1_42' title="bbox 307 2059 787 2093">
     <span class='ocr_line' id='line_1_42' title="bbox 307 2059 787 2093; baseline -0.002 -8"><span class='ocrx_word' id='word_1_272' title='bbox 307 2059 460 2085; x_wconf 77' lang='lat' dir='ltr'><strong>immunitas</strong></span> <span class='ocrx_word' id='word_1_273' title='bbox 476 2059 598 2085; x_wconf 64' lang='lat' dir='ltr'><strong>Ecclesiae</strong></span> <span class='ocrx_word' id='word_1_274' title='bbox 612 2062 787 2093; x_wconf 76' lang='lat' dir='ltr'><strong>propttgnata.</strong></span> 
     </span>
    </p>
   </div>
   <div class='ocr_carea' id='block_1_43' title="bbox 191 2122 941 2158">
    <p class='ocr_par' dir='ltr' id='par_1_43' title="bbox 191 2122 941 2158">
     <span class='ocr_line' id='line_1_43' title="bbox 191 2122 941 2158; baseline -0.005 -7"><span class='ocrx_word' id='word_1_275' title='bbox 191 2124 235 2150; x_wconf 72' lang='lat'><strong>22.</strong></span> <span class='ocrx_word' id='word_1_276' title='bbox 266 2123 394 2151; x_wconf 82' lang='lat' dir='ltr'><strong>Tarasius</strong></span> <span class='ocrx_word' id='word_1_277' title='bbox 422 2127 513 2150; x_wconf 89' lang='lat' dir='ltr'><strong>autem</strong></span> <span class='ocrx_word' id='word_1_278' title='bbox 543 2128 571 2150; x_wconf 92' lang='lat' dir='ltr'><strong>et</strong></span> <span class='ocrx_word' id='word_1_279' title='bbox 602 2123 810 2158; x_wconf 87' lang='lat' dir='ltr'><strong>apostolicarttm</strong></span> <span class='ocrx_word' id='word_1_280' title='bbox 837 2122 941 2149; x_wconf 87' lang='lat' dir='ltr'><strong>scdium</strong></span> 
     </span>
    </p>
   </div>
   <div class='ocr_carea' id='block_1_44' title="bbox 157 2187 943 2222">
    <p class='ocr_par' dir='ltr' id='par_1_44' title="bbox 157 2187 943 2222">
     <span class='ocr_line' id='line_1_44' title="bbox 157 2187 943 2222; baseline -0.003 -8"><span class='ocrx_word' id='word_1_281' title='bbox 157 2187 270 2222; x_wconf 88' lang='lat' dir='ltr'><strong>epistola</strong></span> <span class='ocrx_word' id='word_1_282' title='bbox 282 2188 367 2215; x_wconf 88' lang='lat' dir='ltr'><strong>sancti</strong></span> <span class='ocrx_word' id='word_1_283' title='bbox 381 2187 484 2216; x_wconf 72' lang='lat' dir='ltr'><strong>TaraSii</strong></span> <span class='ocrx_word' id='word_1_284' title='bbox 500 2188 533 2214; x_wconf 88' lang='lat' dir='ltr'><strong>ad</strong></span> <span class='ocrx_word' id='word_1_285' title='bbox 549 2187 718 2222; x_wconf 88' lang='lat' dir='ltr'><strong>patriarchas</strong></span> <span class='ocrx_word' id='word_1_286' title='bbox 735 2187 839 2215; x_wconf 88' lang='lat' dir='ltr'><strong>sedium</strong></span> <span class='ocrx_word' id='word_1_287' title='bbox 852 2187 943 2213; x_wconf 87' lang='lat' dir='ltr'><strong>orien-</strong></span> 
     </span>
    </p>
   </div>
   <div class='ocr_carea' id='block_1_45' title="bbox 159 2223 601 2258">
    <p class='ocr_par' dir='ltr' id='par_1_45' title="bbox 159 2223 601 2258">
     <span class='ocr_line' id='line_1_45' title="bbox 159 2223 601 2258; baseline 0 -9"><span class='ocrx_word' id='word_1_288' title='bbox 159 2223 264 2254; x_wconf 87' lang='lat' dir='ltr'><strong>talium,</strong></span> <span class='ocrx_word' id='word_1_289' title='bbox 274 2229 306 2258; x_wconf 21' lang='lat' dir='ltr'><strong>ret</strong></span> <span class='ocrx_word' id='word_1_290' title='bbox 320 2230 413 2249; x_wconf 91' lang='lat' dir='ltr'><strong>eorum</strong></span> <span class='ocrx_word' id='word_1_291' title='bbox 430 2230 601 2258; x_wconf 89' lang='lat' dir='ltr'><strong>responsum.</strong></span> 
     </span>
    </p>
   </div>
   <div class='ocr_carea' id='block_1_46' title="bbox 970 301 1755 341">
    <p class='ocr_par' dir='ltr' id='par_1_46' title="bbox 970 301 1755 341">
     <span class='ocr_line' id='line_1_46' title="bbox 970 301 1755 341; baseline -0.008 -8"><span class='ocrx_word' id='word_1_292' title='bbox 970 311 1031 333; x_wconf 85' lang='lat' dir='ltr'><strong>sent</strong></span> <span class='ocrx_word' id='word_1_293' title='bbox 1053 306 1238 341; x_wconf 73' lang='lat' dir='ltr'><strong>prazfecturas,</strong></span> <span class='ocrx_word' id='word_1_294' title='bbox 1257 309 1284 332; x_wconf 87' lang='lat' dir='ltr'><strong>et</strong></span> <span class='ocrx_word' id='word_1_295' title='bbox 1300 304 1399 332; x_wconf 80' lang='lat' dir='ltr'><strong>divinis</strong></span> <span class='ocrx_word' id='word_1_296' title='bbox 1414 303 1546 331; x_wconf 86' lang='lat' dir='ltr'><strong>doctrinis</strong></span> <span class='ocrx_word' id='word_1_297' title='bbox 1562 301 1691 337; x_wconf 83' lang='lat' dir='ltr'><strong>populum</strong></span> <span class='ocrx_word' id='word_1_298' title='bbox 1713 301 1755 327; x_wconf 90' lang='lat' dir='ltr'><strong>in-</strong></span> 
     </span>
    </p>
   </div>
   <div class='ocr_carea' id='block_1_47' title="bbox 970 347 1755 383">
    <p class='ocr_par' dir='ltr' id='par_1_47' title="bbox 970 347 1755 383">
     <span class='ocr_line' id='line_1_47' title="bbox 970 347 1755 383; baseline -0.01 -3"><span class='ocrx_word' id='word_1_299' title='bbox 970 353 1131 380; x_wconf 78' lang='lat' dir='ltr'><strong>struxissent</strong></span> <span class='ocrx_word' id='word_1_300' title='bbox 1153 360 1184 379; x_wconf 86' lang='lat' dir='ltr'><strong>ac</strong></span> <span class='ocrx_word' id='word_1_301' title='bbox 1206 352 1437 383; x_wconf 81' lang='lat' dir='ltr'><strong>corroborassent,</strong></span> <span class='ocrx_word' id='word_1_302' title='bbox 1461 350 1505 382; x_wconf 89' lang='lat' dir='ltr'><strong>iis,</strong></span> <span class='ocrx_word' id='word_1_303' title='bbox 1529 349 1573 383; x_wconf 89' lang='lat' dir='ltr'><strong>qtti</strong></span> <span class='ocrx_word' id='word_1_304' title='bbox 1601 349 1628 374; x_wconf 90' lang='lat' dir='ltr'><strong>in</strong></span> <span class='ocrx_word' id='word_1_305' title='bbox 1653 347 1755 374; x_wconf 87' lang='lat' dir='ltr'><strong>elerttm</strong></span> 
     </span>
    </p>
   </div>
   <div class='ocr_carea' id='block_1_48' title="bbox 970 392 1755 433">
    <p class='ocr_par' dir='ltr' id='par_1_48' title="bbox 970 392 1755 433">
     <span class='ocr_line' id='line_1_48' title="bbox 970 392 1755 433; baseline -0.009 -8"><span class='ocrx_word' id='word_1_306' title='bbox 970 398 1088 433; x_wconf 86' lang='lat' dir='ltr'><strong>cooptati</strong></span> <span class='ocrx_word' id='word_1_307' title='bbox 1107 398 1214 424; x_wconf 87' lang='lat' dir='ltr'><strong>fuerant</strong></span> <span class='ocrx_word' id='word_1_308' title='bbox 1230 401 1276 423; x_wconf 88' lang='lat' dir='ltr'><strong>aut</strong></span> <span class='ocrx_word' id='word_1_309' title='bbox 1287 397 1472 431; x_wconf 86' lang='lat' dir='ltr'><strong>episcopatum</strong></span> <span class='ocrx_word' id='word_1_310' title='bbox 1493 395 1633 424; x_wconf 85' lang='lat' dir='ltr'><strong>tenebant,</strong></span> <span class='ocrx_word' id='word_1_311' title='bbox 1650 392 1755 419; x_wconf 90' lang='lat' dir='ltr'><strong>nullum</strong></span> 
     </span>
    </p>
   </div>
   <div class='ocr_carea' id='block_1_49' title="bbox 971 438 1756 478">
    <p class='ocr_par' dir='ltr' id='par_1_49' title="bbox 971 438 1756 478">
     <span class='ocr_line' id='line_1_49' title="bbox 971 438 1756 478; baseline -0.01 -7"><span class='ocrx_word' id='word_1_312' title='bbox 971 449 1034 471; x_wconf 87' lang='lat' dir='ltr'><strong>ante</strong></span> <span class='ocrx_word' id='word_1_313' title='bbox 1046 444 1189 478; x_wconf 84' lang='lat' dir='ltr'><strong>synodum,</strong></span> <span class='ocrx_word' id='word_1_314' title='bbox 1205 448 1252 469; x_wconf 81' lang='lat' dir='ltr'><strong>aut.</strong></span> <span class='ocrx_word' id='word_1_315' title='bbox 1276 442 1303 468; x_wconf 93' lang='lat' dir='ltr'><strong>in</strong></span> <span class='ocrx_word' id='word_1_316' title='bbox 1331 442 1446 476; x_wconf 85' lang='lat' dir='ltr'><strong>synodo.</strong></span> <span class='ocrx_word' id='word_1_317' title='bbox 1473 445 1520 467; x_wconf 88' lang='lat' dir='ltr'><strong>aut</strong></span> <span class='ocrx_word' id='word_1_318' title='bbox 1542 438 1756 474; x_wconf 59' lang='lat' dir='ltr'><strong>post’synodum</strong></span> 
     </span>
    </p>
   </div>
   <div class='ocr_carea' id='block_1_50' title="bbox 971 484 1758 520">
    <p class='ocr_par' dir='ltr' id='par_1_50' title="bbox 971 484 1758 520">
     <span class='ocr_line' id='line_1_50' title="bbox 971 484 1758 520; baseline -0.01 -4"><span class='ocrx_word' id='word_1_319' title='bbox 971 490 1074 516; x_wconf 91' lang='lat' dir='ltr'><strong>crimen</strong></span> <span class='ocrx_word' id='word_1_320' title='bbox 1101 489 1245 515; x_wconf 87' lang='lat' dir='ltr'><strong>intendunt</strong></span> <span class='ocrx_word' id='word_1_321' title='bbox 1259 488 1293 514; x_wconf 88' lang='lat' dir='ltr'><strong>de</strong></span> <span class='ocrx_word' id='word_1_322' title='bbox 1308 487 1391 520; x_wconf 91' lang='lat' dir='ltr'><strong>priori</strong></span> <span class='ocrx_word' id='word_1_323' title='bbox 1415 486 1484 512; x_wconf 87' lang='lat' dir='ltr'><strong>mala</strong></span> <span class='ocrx_word' id='word_1_324' title='bbox 1503 484 1642 519; x_wconf 85' lang='lat' dir='ltr'><strong>opinione,</strong></span> <span class='ocrx_word' id='word_1_325' title='bbox 1668 489 1758 516; x_wconf 84' lang='lat' dir='ltr'><strong>neque</strong></span> 
     </span>
    </p>
   </div>
   <div class='ocr_carea' id='block_1_51' title="bbox 972 528 1757 569">
    <p class='ocr_par' dir='ltr' id='par_1_51' title="bbox 972 528 1757 569">
     <span class='ocr_line' id='line_1_51' title="bbox 972 528 1757 569; baseline -0.01 -7"><span class='ocrx_word' id='word_1_326' title='bbox 972 543 1028 567; x_wconf 81' lang='lat' dir='ltr'><strong>eos,</strong></span> <span class='ocrx_word' id='word_1_327' title='bbox 1040 534 1084 569; x_wconf 89' lang='lat' dir='ltr'><strong>qui</strong></span> <span class='ocrx_word' id='word_1_328' title='bbox 1101 533 1216 561; x_wconf 86' lang='lat' dir='ltr'><strong>ordinati</strong></span> <span class='ocrx_word' id='word_1_329' title='bbox 1233 533 1339 560; x_wconf 82' lang='lat' dir='ltr'><strong>fuerant</strong></span> <span class='ocrx_word' id='word_1_330' title='bbox 1355 532 1387 558; x_wconf 88' lang='lat' dir='ltr'><strong>ab</strong></span> <span class='ocrx_word' id='word_1_331' title='bbox 1404 530 1547 562; x_wconf 77' lang='lat' dir='ltr'><strong>haereticis,</strong></span> <span class='ocrx_word' id='word_1_332' title='bbox 1563 537 1577 556; x_wconf 92' lang='lat' dir='ltr'><strong>a</strong></span> <span class='ocrx_word' id='word_1_333' title='bbox 1593 528 1700 563; x_wconf 88' lang='lat' dir='ltr'><strong>pascuis</strong></span> <span class='ocrx_word' id='word_1_334' title='bbox 1713 535 1757 554; x_wconf 88' lang='lat' dir='ltr'><strong>se-</strong></span> 
     </span>
    </p>
   </div>
   <div class='ocr_carea' id='block_1_52' title="bbox 973 576 1757 617">
    <p class='ocr_par' dir='ltr' id='par_1_52' title="bbox 973 576 1757 617">
     <span class='ocr_line' id='line_1_52' title="bbox 973 576 1757 617; baseline -0.01 -10"><span class='ocrx_word' id='word_1_335' title='bbox 973 584 1084 617; x_wconf 76' lang='lat' dir='ltr'><strong>gregant</strong></span> <span class='ocrx_word' id='word_1_336' title='bbox 1097 578 1304 606; x_wconf 84' lang='lat' dir='ltr'><strong>Ecclesiasticis.</strong></span> <span class='ocrx_word' id='word_1_337' title='bbox 1323 577 1375 603; x_wconf 81' lang='lat' dir='ltr'><strong>Sed</strong></span> <span class='ocrx_word' id='word_1_338' title='bbox 1392 576 1547 611; x_wconf 76' lang='lat' dir='ltr'><strong>synodalcm</strong></span> <span class='ocrx_word' id='word_1_339' title='bbox 1571 579 1598 601; x_wconf 88' lang='lat' dir='ltr'><strong>et</strong></span> <span class='ocrx_word' id='word_1_340' title='bbox 1616 577 1757 609; x_wconf 87' lang='lat' dir='ltr'><strong>paternam</strong></span> 
     </span>
    </p>
   </div>
   <div class='ocr_carea' id='block_1_53' title="bbox 973 617 1758 659">
    <p class='ocr_par' dir='ltr' id='par_1_53' title="bbox 973 617 1758 659">
     <span class='ocr_line' id='line_1_53' title="bbox 973 617 1758 659; baseline -0.013 -7"><span class='ocrx_word' id='word_1_341' title='bbox 973 630 1117 659; x_wconf 83' lang='lat' dir='ltr'><strong>sequentes</strong></span> <span class='ocrx_word' id='word_1_342' title='bbox 1130 622 1371 658; x_wconf 82' lang='lat' dir='ltr'><strong>dispensationem,</strong></span> <span class='ocrx_word' id='word_1_343' title='bbox 1386 628 1433 647; x_wconf 87' lang='lat' dir='ltr'><strong>eos</strong></span> <span class='ocrx_word' id='word_1_344' title='bbox 1447 619 1566 654; x_wconf 84' lang='lat' dir='ltr'><strong>quidem,</strong></span> <span class='ocrx_word' id='word_1_345' title='bbox 1581 618 1626 652; x_wconf 88' lang='lat' dir='ltr'><strong>qui</strong></span> <span class='ocrx_word' id='word_1_346' title='bbox 1639 617 1672 644; x_wconf 88' lang='lat' dir='ltr'><strong>ad</strong></span> <span class='ocrx_word' id='word_1_347' title='bbox 1687 617 1758 651; x_wconf 89' lang='lat' dir='ltr'><strong>piam</strong></span> 
     </span>
    </p>
   </div>
   <div class='ocr_carea' id='block_1_54' title="bbox 961 662 1759 706">
    <p class='ocr_par' dir='ltr' id='par_1_54' title="bbox 961 662 1759 706">
     <span class='ocr_line' id='line_1_54' title="bbox 961 662 1759 706; baseline -0.014 -7"><span class='ocrx_word' id='word_1_348' title='bbox 961 671 1176 706; x_wconf 60' lang='lat' dir='ltr'><strong>transfugerant</strong></span> <span class='ocrx_word' id='word_1_349' title='bbox 1195 668 1376 699; x_wconf 87' lang='lat' dir='ltr'><strong>sententiam,</strong></span> <span class='ocrx_word' id='word_1_350' title='bbox 1397 666 1523 693; x_wconf 87' lang='lat' dir='ltr'><strong>manibus</strong></span> <span class='ocrx_word' id='word_1_351' title='bbox 1548 664 1604 691; x_wconf 89' lang='lat' dir='ltr'><strong>suis</strong></span> <span class='ocrx_word' id='word_1_352' title='bbox 1626 662 1759 697; x_wconf 87' lang='lat' dir='ltr'><strong>complexi</strong></span> 
     </span>
    </p>
   </div>
   <div class='ocr_carea' id='block_1_55' title="bbox 974 707 1759 751">
    <p class='ocr_par' dir='ltr' id='par_1_55' title="bbox 974 707 1759 751">
     <span class='ocr_line' id='line_1_55' title="bbox 974 707 1759 751; baseline -0.014 -7"><span class='ocrx_word' id='word_1_353' title='bbox 974 722 1038 744; x_wconf 91' lang='lat' dir='ltr'><strong>sunt</strong></span> <span class='ocrx_word' id='word_1_354' title='bbox 1050 721 1178 751; x_wconf 89' lang='lat' dir='ltr'><strong>tanquam</strong></span> <span class='ocrx_word' id='word_1_355' title='bbox 1189 715 1287 741; x_wconf 81' lang='lat' dir='ltr'><strong>fratres</strong></span> <span class='ocrx_word' id='word_1_356' title='bbox 1302 719 1329 740; x_wconf 88' lang='lat' dir='ltr'><strong>et</strong></span> <span class='ocrx_word' id='word_1_357' title='bbox 1345 713 1461 746; x_wconf 80' lang='lat' dir='ltr'><strong>collegas</strong></span> <span class='ocrx_word' id='word_1_358' title='bbox 1475 712 1501 737; x_wconf 90' lang='lat' dir='ltr'><strong>itt</strong></span> <span class='ocrx_word' id='word_1_359' title='bbox 1519 717 1631 736; x_wconf 84' lang='lat' dir='ltr'><strong>munere</strong></span> <span class='ocrx_word' id='word_1_360' title='bbox 1649 707 1759 743; x_wconf 82' lang='lat' dir='ltr'><strong>pontiﬁ-</strong></span> 
     </span>
    </p>
   </div>
   <div class='ocr_carea' id='block_1_56' title="bbox 975 754 1763 793">
    <p class='ocr_par' dir='ltr' id='par_1_56' title="bbox 975 754 1763 793">
     <span class='ocr_line' id='line_1_56' title="bbox 975 754 1763 793; baseline -0.011 -5"><span class='ocrx_word' id='word_1_361' title='bbox 975 766 1051 788; x_wconf 82' lang='lat' dir='ltr'><strong>catus</strong></span> <span class='ocrx_word' id='word_1_362' title='bbox 1065 769 1071 786; x_wconf 78' lang='grc' dir='ltr'><strong><em>τ</em></strong></span> <span class='ocrx_word' id='word_1_363' title='bbox 1085 768 1132 788; x_wconf 86' lang='lat' dir='ltr'><strong>eos</strong></span> <span class='ocrx_word' id='word_1_364' title='bbox 1145 767 1220 790; x_wconf 86' lang='lat' dir='ltr'><strong>vero,</strong></span> <span class='ocrx_word' id='word_1_365' title='bbox 1236 759 1282 793; x_wconf 91' lang='lat' dir='ltr'><strong>qui</strong></span> <span class='ocrx_word' id='word_1_366' title='bbox 1299 758 1326 784; x_wconf 91' lang='lat' dir='ltr'><strong>in</strong></span> <span class='ocrx_word' id='word_1_367' title='bbox 1345 765 1374 784; x_wconf 91' lang='lat' dir='ltr'><strong>re</strong></span> <span class='ocrx_word' id='word_1_368' title='bbox 1388 756 1475 790; x_wconf 85' lang='lat' dir='ltr'><strong>aliqua</strong></span> <span class='ocrx_word' id='word_1_369' title='bbox 1489 754 1719 785; x_wconf 82' lang='lat' dir='ltr'><strong>claudicaverant,</strong></span> <span class='ocrx_word' id='word_1_370' title='bbox 1735 757 1763 779; x_wconf 86' lang='lat' dir='ltr'><strong>et</strong></span> 
     </span>
    </p>
   </div>
   <div class='ocr_carea' id='block_1_57' title="bbox 977 798 1763 839">
    <p class='ocr_par' dir='ltr' id='par_1_57' title="bbox 977 798 1763 839">
     <span class='ocr_line' id='line_1_57' title="bbox 977 798 1763 839; baseline -0.014 -6"><span class='ocrx_word' id='word_1_371' title='bbox 977 806 1003 832; x_wconf 92' lang='lat' dir='ltr'><strong>in</strong></span> <span class='ocrx_word' id='word_1_372' title='bbox 1024 805 1067 838; x_wconf 91' lang='lat' dir='ltr'><strong>iis,</strong></span> <span class='ocrx_word' id='word_1_373' title='bbox 1092 812 1151 839; x_wconf 66' lang='lat' dir='ltr'><strong>qua:</strong></span> <span class='ocrx_word' id='word_1_374' title='bbox 1174 803 1207 830; x_wconf 86' lang='lat' dir='ltr'><strong>ad</strong></span> <span class='ocrx_word' id='word_1_375' title='bbox 1229 803 1309 829; x_wconf 87' lang='lat' dir='ltr'><strong>ﬁdem</strong></span> <span class='ocrx_word' id='word_1_376' title='bbox 1332 801 1479 836; x_wconf 89' lang='lat' dir='ltr'><strong>pertinent,</strong></span> <span class='ocrx_word' id='word_1_377' title='bbox 1497 798 1632 834; x_wconf 87' lang='lat' dir='ltr'><strong>perversis</strong></span> <span class='ocrx_word' id='word_1_378' title='bbox 1647 803 1763 831; x_wconf 81' lang='lat' dir='ltr'><strong>aspexe-</strong></span> 
     </span>
    </p>
   </div>
   <div class='ocr_carea' id='block_1_58' title="bbox 977 841 1764 882">
    <p class='ocr_par' dir='ltr' id='par_1_58' title="bbox 977 841 1764 882">
     <span class='ocr_line' id='line_1_58' title="bbox 977 841 1764 882; baseline -0.014 -4"><span class='ocrx_word' id='word_1_379' title='bbox 977 856 1037 878; x_wconf 89' lang='lat' dir='ltr'><strong>rant</strong></span> <span class='ocrx_word' id='word_1_380' title='bbox 1054 850 1150 882; x_wconf 87' lang='lat' dir='ltr'><strong>oculis,</strong></span> <span class='ocrx_word' id='word_1_381' title='bbox 1168 854 1195 876; x_wconf 80' lang='lat' dir='ltr'><strong>et</strong></span> <span class='ocrx_word' id='word_1_382' title='bbox 1212 848 1309 875; x_wconf 84' lang='lat' dir='ltr'><strong>deinde</strong></span> <span class='ocrx_word' id='word_1_383' title='bbox 1324 855 1338 873; x_wconf 91' lang='lat' dir='ltr'><strong>a</strong></span> <span class='ocrx_word' id='word_1_384' title='bbox 1353 847 1431 881; x_wconf 88' lang='lat' dir='ltr'><strong>lapsu</strong></span> <span class='ocrx_word' id='word_1_385' title='bbox 1447 845 1627 878; x_wconf 85' lang='lat' dir='ltr'><strong>resipuerant,</strong></span> <span class='ocrx_word' id='word_1_386' title='bbox 1642 847 1670 869; x_wconf 89' lang='lat' dir='ltr'><strong>et</strong></span> <span class='ocrx_word' id='word_1_387' title='bbox 1687 841 1764 868; x_wconf 84' lang='lat' dir='ltr'><strong>libel-</strong></span> 
     </span>
    </p>
   </div>
   <div class='ocr_carea' id='block_1_59' title="bbox 980 885 1762 929">
    <p class='ocr_par' dir='ltr' id='par_1_59' title="bbox 980 885 1762 929">
     <span class='ocr_line' id='line_1_59' title="bbox 980 885 1762 929; baseline -0.014 -7"><span class='ocrx_word' id='word_1_388' title='bbox 980 895 1010 922; x_wconf 87' lang='lat' dir='ltr'><strong>lis</strong></span> <span class='ocrx_word' id='word_1_389' title='bbox 1020 892 1302 929; x_wconf 85' lang='lat' dir='ltr'><strong>comprehendendam</strong></span> <span class='ocrx_word' id='word_1_390' title='bbox 1314 891 1476 926; x_wconf 81' lang='lat' dir='ltr'><strong>abrogat-ant</strong></span> <span class='ocrx_word' id='word_1_391' title='bbox 1486 888 1653 923; x_wconf 88' lang='lat' dir='ltr'><strong>opinionem,</strong></span> <span class='ocrx_word' id='word_1_392' title='bbox 1667 885 1762 912; x_wconf 85' lang='lat' dir='ltr'><strong>iisdem</strong></span> 
     </span>
    </p>
   </div>
   <div class='ocr_carea' id='block_1_60' title="bbox 979 932 1764 975">
    <p class='ocr_par' dir='ltr' id='par_1_60' title="bbox 979 932 1764 975">
     <span class='ocr_line' id='line_1_60' title="bbox 979 932 1764 975; baseline -0.011 -8"><span class='ocrx_word' id='word_1_393' title='bbox 979 941 1175 975; x_wconf 81' lang='lat' dir='ltr'><strong>amplcctcntes</strong></span> <span class='ocrx_word' id='word_1_394' title='bbox 1195 937 1355 966; x_wconf 82' lang='lat' dir='ltr'><strong>viseeribus.</strong></span> <span class='ocrx_word' id='word_1_395' title='bbox 1373 936 1542 963; x_wconf 90' lang='lat' dir='ltr'><strong>collocabant</strong></span> <span class='ocrx_word' id='word_1_396' title='bbox 1567 934 1595 960; x_wconf 89' lang='lat' dir='ltr'><strong>in</strong></span> <span class='ocrx_word' id='word_1_397' title='bbox 1617 933 1673 960; x_wconf 83' lang='lat' dir='ltr'><strong>suis</strong></span> <span class='ocrx_word' id='word_1_398' title='bbox 1690 932 1764 959; x_wconf 89' lang='lat' dir='ltr'><strong>sedi-</strong></span> 
     </span>
    </p>
   </div>
   <div class='ocr_carea' id='block_1_61' title="bbox 979 977 1764 1017">
    <p class='ocr_par' dir='ltr' id='par_1_61' title="bbox 979 977 1764 1017">
     <span class='ocr_line' id='line_1_61' title="bbox 979 977 1764 1017; baseline -0.011 -6"><span class='ocrx_word' id='word_1_399' title='bbox 979 985 1029 1011; x_wconf 87' lang='lat' dir='ltr'><strong>bus</strong></span> <span class='ocrx_word' id='word_1_400' title='bbox 1046 993 1052 1010; x_wconf 84' lang='lat'><strong>:</strong></span> <span class='ocrx_word' id='word_1_401' title='bbox 1068 988 1095 1010; x_wconf 88' lang='lat' dir='ltr'><strong>et</strong></span> <span class='ocrx_word' id='word_1_402' title='bbox 1110 984 1136 1009; x_wconf 89' lang='lat' dir='ltr'><strong>in</strong></span> <span class='ocrx_word' id='word_1_403' title='bbox 1151 983 1265 1017; x_wconf 62' lang='lat' dir='ltr'><strong>par-ilico</strong></span> <span class='ocrx_word' id='word_1_404' title='bbox 1278 986 1349 1007; x_wconf 84' lang='lat' dir='ltr'><strong>statu</strong></span> <span class='ocrx_word' id='word_1_405' title='bbox 1365 986 1391 1007; x_wconf 90' lang='lat' dir='ltr'><strong>ct</strong></span> <span class='ocrx_word' id='word_1_406' title='bbox 1407 979 1602 1013; x_wconf 87' lang='lat' dir='ltr'><strong>tranquillitate</strong></span> <span class='ocrx_word' id='word_1_407' title='bbox 1615 978 1695 1004; x_wconf 89' lang='lat' dir='ltr'><strong>nullis</strong></span> <span class='ocrx_word' id='word_1_408' title='bbox 1707 977 1764 1011; x_wconf 81' lang='lat' dir='ltr'><strong>agi-</strong></span> 
     </span>
    </p>
   </div>
   <div class='ocr_carea' id='block_1_62' title="bbox 980 1023 1763 1060">
    <p class='ocr_par' dir='ltr' id='par_1_62' title="bbox 980 1023 1763 1060">
     <span class='ocr_line' id='line_1_62' title="bbox 980 1023 1763 1060; baseline -0.01 -4"><span class='ocrx_word' id='word_1_409' title='bbox 980 1034 1033 1056; x_wconf 79' lang='lat' dir='ltr'><strong>tata</strong></span> <span class='ocrx_word' id='word_1_410' title='bbox 1051 1029 1188 1060; x_wconf 79' lang='lat' dir='ltr'><strong>ﬂuctibus,</strong></span> <span class='ocrx_word' id='word_1_411' title='bbox 1211 1029 1408 1054; x_wconf 83' lang='lat' dir='ltr'><strong>conscrvarunt</strong></span> <span class='ocrx_word' id='word_1_412' title='bbox 1424 1024 1570 1051; x_wconf 78' lang='lat' dir='ltr'><strong>Ecclesiam</strong></span> <span class='ocrx_word' id='word_1_413' title='bbox 1588 1023 1662 1050; x_wconf 89' lang='lat' dir='ltr'><strong>orbis</strong></span> <span class='ocrx_word' id='word_1_414' title='bbox 1676 1027 1763 1049; x_wconf 79' lang='lat' dir='ltr'><strong>terrze.</strong></span> 
     </span>
    </p>
   </div>
   <div class='ocr_carea' id='block_1_63' title="bbox 1012 1067 1764 1107">
    <p class='ocr_par' dir='ltr' id='par_1_63' title="bbox 1012 1067 1764 1107">
     <span class='ocr_line' id='line_1_63' title="bbox 1012 1067 1764 1107; baseline -0.011 -6"><span class='ocrx_word' id='word_1_415' title='bbox 1012 1076 1056 1102; x_wconf 69' lang='lat'><strong>25.</strong></span> <span class='ocrx_word' id='word_1_416' title='bbox 1084 1075 1114 1101; x_wconf 70' lang='lat' dir='ltr'><strong>lit</strong></span> <span class='ocrx_word' id='word_1_417' title='bbox 1139 1075 1166 1100; x_wconf 94' lang='lat' dir='ltr'><strong>in</strong></span> <span class='ocrx_word' id='word_1_418' title='bbox 1187 1074 1218 1100; x_wconf 90' lang='lat' dir='ltr'><strong>iis</strong></span> <span class='ocrx_word' id='word_1_419' title='bbox 1242 1073 1362 1107; x_wconf 84' lang='lat' dir='ltr'><strong>quidem,</strong></span> <span class='ocrx_word' id='word_1_420' title='bbox 1379 1079 1439 1105; x_wconf 73' lang='lat' dir='ltr'><strong>quae</strong></span> <span class='ocrx_word' id='word_1_421' title='bbox 1458 1071 1490 1096; x_wconf 87' lang='lat' dir='ltr'><strong>ad</strong></span> <span class='ocrx_word' id='word_1_422' title='bbox 1515 1070 1658 1104; x_wconf 80' lang='lat' dir='ltr'><strong>gloriosam</strong></span> <span class='ocrx_word' id='word_1_423' title='bbox 1684 1067 1764 1094; x_wconf 88' lang='lat' dir='ltr'><strong>ﬁdeut</strong></span> 
     </span>
    </p>
   </div>
   <div class='ocr_carea' id='block_1_64' title="bbox 979 1114 1765 1157">
    <p class='ocr_par' dir='ltr' id='par_1_64' title="bbox 979 1114 1765 1157">
     <span class='ocr_line' id='line_1_64' title="bbox 979 1114 1765 1157; baseline -0.013 -8"><span class='ocrx_word' id='word_1_424' title='bbox 979 1122 1127 1157; x_wconf 87' lang='lat' dir='ltr'><strong>pertinent,</strong></span> <span class='ocrx_word' id='word_1_425' title='bbox 1154 1121 1195 1147; x_wconf 89' lang='lat' dir='ltr'><strong>sic</strong></span> <span class='ocrx_word' id='word_1_426' title='bbox 1220 1126 1333 1154; x_wconf 79' lang='lat' dir='ltr'><strong>magnus</strong></span> <span class='ocrx_word' id='word_1_427' title='bbox 1352 1117 1466 1144; x_wconf 72' lang='lat' dir='ltr'><strong>affectus</strong></span> <span class='ocrx_word' id='word_1_428' title='bbox 1483 1115 1621 1143; x_wconf 88' lang='lat' dir='ltr'><strong>Tarasius.</strong></span> <span class='ocrx_word' id='word_1_429' title='bbox 1645 1114 1678 1140; x_wconf 85' lang='lat' dir='ltr'><strong>ad</strong></span> <span class='ocrx_word' id='word_1_430' title='bbox 1705 1121 1765 1139; x_wconf 91' lang='lat' dir='ltr'><strong>eam</strong></span> 
     </span>
    </p>
   </div>
   <div class='ocr_carea' id='block_1_65' title="bbox 980 1159 1765 1201">
    <p class='ocr_par' dir='ltr' id='par_1_65' title="bbox 980 1159 1765 1201">
     <span class='ocr_line' id='line_1_65' title="bbox 980 1159 1765 1201; baseline -0.013 -7"><span class='ocrx_word' id='word_1_431' title='bbox 980 1172 1051 1194; x_wconf 80' lang='lat' dir='ltr'><strong>recte</strong></span> <span class='ocrx_word' id='word_1_432' title='bbox 1063 1171 1090 1193; x_wconf 85' lang='lat' dir='ltr'><strong>et</strong></span> <span class='ocrx_word' id='word_1_433' title='bbox 1107 1170 1199 1201; x_wconf 87' lang='lat' dir='ltr'><strong>aperte</strong></span> <span class='ocrx_word' id='word_1_434' title='bbox 1217 1164 1414 1199; x_wconf 74' lang='lat' dir='ltr'><strong>explicandam,</strong></span> <span class='ocrx_word' id='word_1_435' title='bbox 1432 1167 1459 1188; x_wconf 88' lang='lat' dir='ltr'><strong>et</strong></span> <span class='ocrx_word' id='word_1_436' title='bbox 1472 1162 1505 1188; x_wconf 83' lang='lat' dir='ltr'><strong>ad</strong></span> <span class='ocrx_word' id='word_1_437' title='bbox 1521 1169 1578 1191; x_wconf 86' lang='lat' dir='ltr'><strong>eos,</strong></span> <span class='ocrx_word' id='word_1_438' title='bbox 1596 1160 1640 1194; x_wconf 88' lang='lat' dir='ltr'><strong>qui</strong></span> <span class='ocrx_word' id='word_1_439' title='bbox 1655 1159 1765 1186; x_wconf 85' lang='lat' dir='ltr'><strong>vacilla-</strong></span> 
     </span>
    </p>
   </div>
   <div class='ocr_carea' id='block_1_66' title="bbox 979 1203 1766 1246">
    <p class='ocr_par' dir='ltr' id='par_1_66' title="bbox 979 1203 1766 1246">
     <span class='ocr_line' id='line_1_66' title="bbox 979 1203 1766 1246; baseline -0.013 -6"><span class='ocrx_word' id='word_1_440' title='bbox 979 1214 1044 1240; x_wconf 84' lang='lat' dir='ltr'><strong>bant</strong></span> <span class='ocrx_word' id='word_1_441' title='bbox 1057 1217 1084 1239; x_wconf 87' lang='lat' dir='ltr'><strong>et</strong></span> <span class='ocrx_word' id='word_1_442' title='bbox 1096 1212 1218 1246; x_wconf 86' lang='lat' dir='ltr'><strong>utrisque</strong></span> <span class='ocrx_word' id='word_1_443' title='bbox 1229 1210 1342 1244; x_wconf 80' lang='lat' dir='ltr'><strong>pedibus</strong></span> <span class='ocrx_word' id='word_1_444' title='bbox 1358 1207 1555 1238; x_wconf 86' lang='lat' dir='ltr'><strong>claudicabant,</strong></span> <span class='ocrx_word' id='word_1_445' title='bbox 1572 1211 1602 1233; x_wconf 90' lang='lat' dir='ltr'><strong>ut</strong></span> <span class='ocrx_word' id='word_1_446' title='bbox 1613 1210 1687 1232; x_wconf 88' lang='lat' dir='ltr'><strong>recto</strong></span> <span class='ocrx_word' id='word_1_447' title='bbox 1698 1203 1766 1239; x_wconf 89' lang='lat' dir='ltr'><strong>pede</strong></span> 
     </span>
    </p>
   </div>
   <div class='ocr_carea' id='block_1_67' title="bbox 981 1247 1766 1289">
    <p class='ocr_par' dir='ltr' id='par_1_67' title="bbox 981 1247 1766 1289">
     <span class='ocr_line' id='line_1_67' title="bbox 981 1247 1766 1289; baseline -0.014 -6"><span class='ocrx_word' id='word_1_448' title='bbox 981 1250 1147 1286; x_wconf 75' lang='lat' dir='ltr'><strong>incederent.</strong></span> <span class='ocrx_word' id='word_1_449' title='bbox 1166 1252 1380 1289; x_wconf 84' lang='lat' dir='ltr'><strong>persuadendos,</strong></span> <span class='ocrx_word' id='word_1_450' title='bbox 1397 1258 1524 1285; x_wconf 72' lang='lat' dir='ltr'><strong>magnum</strong></span> <span class='ocrx_word' id='word_1_451' title='bbox 1541 1247 1661 1282; x_wconf 85' lang='lat' dir='ltr'><strong>suscepit</strong></span> <span class='ocrx_word' id='word_1_452' title='bbox 1676 1251 1766 1274; x_wconf 79' lang='lat' dir='ltr'><strong>certa—</strong></span> 
     </span>
    </p>
   </div>
   <div class='ocr_carea' id='block_1_68' title="bbox 981 1294 1765 1330">
    <p class='ocr_par' dir='ltr' id='par_1_68' title="bbox 981 1294 1765 1330">
     <span class='ocr_line' id='line_1_68' title="bbox 981 1294 1765 1330; baseline -0.017 1"><span class='ocrx_word' id='word_1_453' title='bbox 981 1311 1043 1330; x_wconf 82' lang='lat' dir='ltr'><strong>men</strong></span> <span class='ocrx_word' id='word_1_454' title='bbox 1056 1307 1083 1330; x_wconf 89' lang='lat' dir='ltr'><strong>et</strong></span> <span class='ocrx_word' id='word_1_455' title='bbox 1108 1302 1273 1328; x_wconf 81' lang='lat' dir='ltr'><strong>immensum</strong></span> <span class='ocrx_word' id='word_1_456' title='bbox 1290 1299 1409 1325; x_wconf 85' lang='lat' dir='ltr'><strong>laborem</strong></span> <span class='ocrx_word' id='word_1_457' title='bbox 1425 1295 1566 1330; x_wconf 86' lang='lat' dir='ltr'><strong>:quotidie</strong></span> <span class='ocrx_word' id='word_1_458' title='bbox 1583 1294 1691 1328; x_wconf 89' lang='lat' dir='ltr'><strong>quidem</strong></span> <span class='ocrx_word' id='word_1_459' title='bbox 1707 1299 1765 1324; x_wconf 76' lang='lat' dir='ltr'><strong>eos,</strong></span> 
     </span>
    </p>
   </div>
   <div class='ocr_carea' id='block_1_69' title="bbox 982 1339 1768 1384">
    <p class='ocr_par' dir='ltr' id='par_1_69' title="bbox 982 1339 1768 1384">
     <span class='ocr_line' id='line_1_69' title="bbox 982 1339 1768 1384; baseline -0.017 -7"><span class='ocrx_word' id='word_1_460' title='bbox 982 1350 1027 1384; x_wconf 89' lang='lat' dir='ltr'><strong>qui</strong></span> <span class='ocrx_word' id='word_1_461' title='bbox 1046 1348 1222 1376; x_wconf 86' lang='lat' dir='ltr'><strong>accedebant.</strong></span> <span class='ocrx_word' id='word_1_462' title='bbox 1242 1343 1365 1372; x_wconf 87' lang='lat' dir='ltr'><strong>honestis</strong></span> <span class='ocrx_word' id='word_1_463' title='bbox 1385 1342 1496 1370; x_wconf 89' lang='lat' dir='ltr'><strong>monitis</strong></span> <span class='ocrx_word' id='word_1_464' title='bbox 1520 1340 1651 1368; x_wconf 86' lang='lat' dir='ltr'><strong>inducens</strong></span> <span class='ocrx_word' id='word_1_465' title='bbox 1668 1348 1674 1366; x_wconf 93' lang='lat'><strong>:</strong></span> <span class='ocrx_word' id='word_1_466' title='bbox 1693 1342 1720 1365; x_wconf 88' lang='lat' dir='ltr'><strong>et</strong></span> <span class='ocrx_word' id='word_1_467' title='bbox 1742 1339 1768 1365; x_wconf 88' lang='lat' dir='ltr'><strong>si</strong></span> 
     </span>
    </p>
   </div>
   <div class='ocr_carea' id='block_1_70' title="bbox 981 1383 1767 1428">
    <p class='ocr_par' dir='ltr' id='par_1_70' title="bbox 981 1383 1767 1428">
     <span class='ocr_line' id='line_1_70' title="bbox 981 1383 1767 1428; baseline -0.015 -7"><span class='ocrx_word' id='word_1_468' title='bbox 981 1383 1049 1428; x_wconf 78' lang='lat' dir='ltr'><strong>quos</strong></span> <span class='ocrx_word' id='word_1_469' title='bbox 1062 1392 1170 1420; x_wconf 86' lang='lat' dir='ltr'><strong>videbat</strong></span> <span class='ocrx_word' id='word_1_470' title='bbox 1192 1390 1273 1418; x_wconf 85' lang='lat' dir='ltr'><strong>corde</strong></span> <span class='ocrx_word' id='word_1_471' title='bbox 1290 1395 1444 1424; x_wconf 83' lang='lat' dir='ltr'><strong>perversos,</strong></span> <span class='ocrx_word' id='word_1_472' title='bbox 1457 1394 1505 1414; x_wconf 91' lang='lat' dir='ltr'><strong>eos</strong></span> <span class='ocrx_word' id='word_1_473' title='bbox 1519 1385 1651 1420; x_wconf 81' lang='lat' dir='ltr'><strong>dirigebat</strong></span> <span class='ocrx_word' id='word_1_474' title='bbox 1671 1383 1767 1410; x_wconf 88' lang='lat' dir='ltr'><strong>verbo-</strong></span> 
     </span>
    </p>
   </div>
   <div class='ocr_carea' id='block_1_71' title="bbox 984 1429 1768 1473">
    <p class='ocr_par' dir='ltr' id='par_1_71' title="bbox 984 1429 1768 1473">
     <span class='ocr_line' id='line_1_71' title="bbox 984 1429 1768 1473; baseline -0.015 -6"><span class='ocrx_word' id='word_1_475' title='bbox 984 1448 1041 1467; x_wconf 89' lang='lat' dir='ltr'><strong>rum</strong></span> <span class='ocrx_word' id='word_1_476' title='bbox 1058 1436 1306 1473; x_wconf 76' lang='lat' dir='ltr'><strong>congressionibus,</strong></span> <span class='ocrx_word' id='word_1_477' title='bbox 1324 1441 1425 1469; x_wconf 88' lang='lat' dir='ltr'><strong>eosque</strong></span> <span class='ocrx_word' id='word_1_478' title='bbox 1440 1433 1545 1468; x_wconf 77' lang='lat' dir='ltr'><strong>legibus</strong></span> <span class='ocrx_word' id='word_1_479' title='bbox 1558 1431 1686 1465; x_wconf 80' lang='lat' dir='ltr'><strong>colligans</strong></span> <span class='ocrx_word' id='word_1_480' title='bbox 1698 1429 1768 1456; x_wconf 84' lang='lat' dir='ltr'><strong>veri-</strong></span> 
     </span>
    </p>
   </div>
   <div class='ocr_carea' id='block_1_72' title="bbox 984 1475 1769 1514">
    <p class='ocr_par' dir='ltr' id='par_1_72' title="bbox 984 1475 1769 1514">
     <span class='ocr_line' id='line_1_72' title="bbox 984 1475 1769 1514; baseline -0.014 -1"><span class='ocrx_word' id='word_1_481' title='bbox 984 1486 1054 1513; x_wconf 77' lang='lat' dir='ltr'><strong>tatis.</strong></span> <span class='ocrx_word' id='word_1_482' title='bbox 1070 1484 1220 1512; x_wconf 87' lang='lat' dir='ltr'><strong>adducebat</strong></span> <span class='ocrx_word' id='word_1_483' title='bbox 1231 1481 1358 1510; x_wconf 58' lang='lat' dir='ltr'><strong>Ecclesiae</strong></span> <span class='ocrx_word' id='word_1_484' title='bbox 1370 1487 1460 1507; x_wconf 87' lang='lat' dir='ltr'><strong>sacras</strong></span> <span class='ocrx_word' id='word_1_485' title='bbox 1471 1479 1527 1514; x_wconf 76' lang='grc' dir='ltr'><strong>(ω)</strong></span> <span class='ocrx_word' id='word_1_486' title='bbox 1543 1478 1656 1505; x_wconf 86' lang='lat' dir='ltr'><strong>hostias.</strong></span> <span class='ocrx_word' id='word_1_487' title='bbox 1671 1475 1769 1503; x_wconf 87' lang='lat' dir='ltr'><strong>Osten-</strong></span> 
     </span>
    </p>
   </div>
   <div class='ocr_carea' id='block_1_73' title="bbox 983 1522 1768 1558">
    <p class='ocr_par' dir='ltr' id='par_1_73' title="bbox 983 1522 1768 1558">
     <span class='ocr_line' id='line_1_73' title="bbox 983 1522 1768 1558; baseline -0.015 0"><span class='ocrx_word' id='word_1_488' title='bbox 983 1532 1064 1558; x_wconf 83' lang='lat' dir='ltr'><strong>debat</strong></span> <span class='ocrx_word' id='word_1_489' title='bbox 1080 1534 1170 1556; x_wconf 85' lang='lat' dir='ltr'><strong>autem</strong></span> <span class='ocrx_word' id='word_1_490' title='bbox 1190 1528 1290 1555; x_wconf 88' lang='lat' dir='ltr'><strong>nullam</strong></span> <span class='ocrx_word' id='word_1_491' title='bbox 1312 1526 1425 1553; x_wconf 89' lang='lat' dir='ltr'><strong>omnino</strong></span> <span class='ocrx_word' id='word_1_492' title='bbox 1440 1525 1539 1551; x_wconf 85' lang='lat' dir='ltr'><strong>habere</strong></span> <span class='ocrx_word' id='word_1_493' title='bbox 1562 1522 1768 1550; x_wconf 87' lang='lat' dir='ltr'><strong>consensionem</strong></span> 
     </span>
    </p>
   </div>
   <div class='ocr_carea' id='block_1_74' title="bbox 986 1568 1770 1606">
    <p class='ocr_par' dir='ltr' id='par_1_74' title="bbox 986 1568 1770 1606">
     <span class='ocr_line' id='line_1_74' title="bbox 986 1568 1770 1606; baseline -0.015 -3"><span class='ocrx_word' id='word_1_494' title='bbox 986 1581 1032 1603; x_wconf 89' lang='lat' dir='ltr'><strong>attt</strong></span> <span class='ocrx_word' id='word_1_495' title='bbox 1048 1574 1277 1604; x_wconf 81' lang='lat' dir='ltr'><strong>convenientiam,</strong></span> <span class='ocrx_word' id='word_1_496' title='bbox 1297 1575 1378 1606; x_wconf 91' lang='lat' dir='ltr'><strong>prout</strong></span> <span class='ocrx_word' id='word_1_497' title='bbox 1395 1570 1535 1597; x_wconf 84' lang='lat' dir='ltr'><strong>videbatur</strong></span> <span class='ocrx_word' id='word_1_498' title='bbox 1552 1568 1614 1595; x_wconf 86' lang='lat' dir='ltr'><strong>ﬁdei</strong></span> <span class='ocrx_word' id='word_1_499' title='bbox 1630 1570 1770 1593; x_wconf 80' lang='lat' dir='ltr'><strong>accusato—</strong></span> 
     </span>
    </p>
   </div>
   <div class='ocr_carea' id='block_1_75' title="bbox 987 1611 1772 1652">
    <p class='ocr_par' dir='ltr' id='par_1_75' title="bbox 987 1611 1772 1652">
     <span class='ocr_line' id='line_1_75' title="bbox 987 1611 1772 1652; baseline -0.015 -3"><span class='ocrx_word' id='word_1_500' title='bbox 987 1623 1072 1652; x_wconf 85' lang='lat' dir='ltr'><strong>ribus,</strong></span> <span class='ocrx_word' id='word_1_501' title='bbox 1089 1621 1222 1647; x_wconf 91' lang='lat' dir='ltr'><strong>idolorum</strong></span> <span class='ocrx_word' id='word_1_502' title='bbox 1240 1617 1456 1645; x_wconf 83' lang='lat' dir='ltr'><strong>abominationes</strong></span> <span class='ocrx_word' id='word_1_503' title='bbox 1471 1612 1532 1642; x_wconf 83' lang='lat' dir='ltr'><strong>cum</strong></span> <span class='ocrx_word' id='word_1_504' title='bbox 1554 1614 1608 1648; x_wconf 74' lang='lat' dir='ltr'><strong>piis</strong></span> <span class='ocrx_word' id='word_1_505' title='bbox 1624 1617 1652 1640; x_wconf 87' lang='lat' dir='ltr'><strong>et</strong></span> <span class='ocrx_word' id='word_1_506' title='bbox 1670 1611 1772 1639; x_wconf 83' lang='lat' dir='ltr'><strong>divinis</strong></span> 
     </span>
    </p>
   </div>
   <div class='ocr_carea' id='block_1_76' title="bbox 987 1656 1772 1701">
    <p class='ocr_par' dir='ltr' id='par_1_76' title="bbox 987 1656 1772 1701">
     <span class='ocr_line' id='line_1_76' title="bbox 987 1656 1772 1701; baseline -0.015 -8"><span class='ocrx_word' id='word_1_507' title='bbox 987 1665 1079 1701; x_wconf 78' lang='lat' dir='ltr'><strong>ﬁguris</strong></span> <span class='ocrx_word' id='word_1_508' title='bbox 1097 1663 1313 1692; x_wconf 83' lang='lat' dir='ltr'><strong>venerandarum</strong></span> <span class='ocrx_word' id='word_1_509' title='bbox 1330 1661 1489 1695; x_wconf 77' lang='lat' dir='ltr'><strong>imaginum.</strong></span> <span class='ocrx_word' id='word_1_510' title='bbox 1509 1658 1574 1685; x_wconf 84' lang='lat' dir='ltr'><strong>Nam</strong></span> <span class='ocrx_word' id='word_1_511' title='bbox 1589 1658 1696 1684; x_wconf 89' lang='lat' dir='ltr'><strong>illorum</strong></span> <span class='ocrx_word' id='word_1_512' title='bbox 1711 1656 1772 1690; x_wconf 83' lang='lat' dir='ltr'><strong>qui-</strong></span> 
     </span>
    </p>
   </div>
   <div class='ocr_carea' id='block_1_77' title="bbox 987 1701 1773 1740">
    <p class='ocr_par' dir='ltr' id='par_1_77' title="bbox 987 1701 1773 1740">
     <span class='ocr_line' id='line_1_77' title="bbox 987 1701 1773 1740; baseline -0.013 -5"><span class='ocrx_word' id='word_1_513' title='bbox 987 1709 1059 1739; x_wconf 88' lang='lat' dir='ltr'><strong>dem,</strong></span> <span class='ocrx_word' id='word_1_514' title='bbox 1076 1708 1164 1735; x_wconf 89' lang='lat' dir='ltr'><strong>aiebat</strong></span> <span class='ocrx_word' id='word_1_515' title='bbox 1190 1707 1246 1739; x_wconf 86' lang='lat' dir='ltr'><strong>ille,</strong></span> <span class='ocrx_word' id='word_1_516' title='bbox 1274 1705 1416 1740; x_wconf 80' lang='lat' dir='ltr'><strong>productio</strong></span> <span class='ocrx_word' id='word_1_517' title='bbox 1437 1703 1518 1731; x_wconf 86' lang='lat' dir='ltr'><strong>simul</strong></span> <span class='ocrx_word' id='word_1_518' title='bbox 1545 1701 1684 1736; x_wconf 86' lang='lat' dir='ltr'><strong>inquinata</strong></span> <span class='ocrx_word' id='word_1_519' title='bbox 1711 1707 1773 1726; x_wconf 82' lang='lat' dir='ltr'><strong>cum</strong></span> 
     </span>
    </p>
   </div>
   <div class='ocr_carea' id='block_1_78' title="bbox 988 1745 1774 1789">
    <p class='ocr_par' dir='ltr' id='par_1_78' title="bbox 988 1745 1774 1789">
     <span class='ocr_line' id='line_1_78' title="bbox 988 1745 1774 1789; baseline -0.014 -8"><span class='ocrx_word' id='word_1_520' title='bbox 988 1754 1083 1789; x_wconf 89' lang='lat' dir='ltr'><strong>primis</strong></span> <span class='ocrx_word' id='word_1_521' title='bbox 1099 1751 1308 1786; x_wconf 84' lang='lat' dir='ltr'><strong>exemplaribus,</strong></span> <span class='ocrx_word' id='word_1_522' title='bbox 1335 1750 1450 1789; x_wconf 78' lang='lat' dir='ltr'><strong>efﬁcitur</strong></span> <span class='ocrx_word' id='word_1_523' title='bbox 1468 1749 1548 1783; x_wconf 87' lang='lat' dir='ltr'><strong>plena</strong></span> <span class='ocrx_word' id='word_1_524' title='bbox 1566 1747 1638 1774; x_wconf 88' lang='lat' dir='ltr'><strong>omni</strong></span> <span class='ocrx_word' id='word_1_525' title='bbox 1656 1745 1774 1780; x_wconf 89' lang='lat' dir='ltr'><strong>turpitu-</strong></span> 
     </span>
    </p>
   </div>
   <div class='ocr_carea' id='block_1_79' title="bbox 988 1786 1775 1829">
    <p class='ocr_par' dir='ltr' id='par_1_79' title="bbox 988 1786 1775 1829">
     <span class='ocr_line' id='line_1_79' title="bbox 988 1786 1775 1829; baseline -0.013 -3"><span class='ocrx_word' id='word_1_526' title='bbox 988 1800 1050 1826; x_wconf 89' lang='lat' dir='ltr'><strong>dine</strong></span> <span class='ocrx_word' id='word_1_527' title='bbox 1060 1820 1067 1829; x_wconf 82' lang='lat'><em>.</em></span> <span class='ocrx_word' id='word_1_528' title='bbox 1082 1798 1176 1825; x_wconf 89' lang='lat' dir='ltr'><strong>harutn</strong></span> <span class='ocrx_word' id='word_1_529' title='bbox 1190 1804 1255 1823; x_wconf 87' lang='lat' dir='ltr'><strong>vero</strong></span> <span class='ocrx_word' id='word_1_530' title='bbox 1268 1803 1328 1823; x_wconf 91' lang='lat' dir='ltr'><strong>cum</strong></span> <span class='ocrx_word' id='word_1_531' title='bbox 1345 1786 1400 1822; x_wconf 77' lang='lat' dir='ltr'><strong>sint</strong></span> <span class='ocrx_word' id='word_1_532' title='bbox 1414 1793 1566 1821; x_wconf 85' lang='lat' dir='ltr'><strong>veneranda</strong></span> <span class='ocrx_word' id='word_1_533' title='bbox 1584 1792 1670 1826; x_wconf 90' lang='lat' dir='ltr'><strong>prima</strong></span> <span class='ocrx_word' id='word_1_534' title='bbox 1683 1799 1775 1818; x_wconf 81' lang='lat' dir='ltr'><strong>exent-</strong></span> 
     </span>
    </p>
   </div>
   <div class='ocr_carea' id='block_1_80' title="bbox 990 1839 1774 1880">
    <p class='ocr_par' dir='ltr' id='par_1_80' title="bbox 990 1839 1774 1880">
     <span class='ocr_line' id='line_1_80' title="bbox 990 1839 1774 1880; baseline -0.011 -10"><span class='ocrx_word' id='word_1_535' title='bbox 990 1845 1085 1880; x_wconf 80' lang='lat' dir='ltr'><strong>plaria,</strong></span> <span class='ocrx_word' id='word_1_536' title='bbox 1101 1841 1257 1870; x_wconf 87' lang='lat' dir='ltr'><strong>necessario</strong></span> <span class='ocrx_word' id='word_1_537' title='bbox 1272 1841 1353 1868; x_wconf 88' lang='lat' dir='ltr'><strong>etiam</strong></span> <span class='ocrx_word' id='word_1_538' title='bbox 1368 1839 1450 1867; x_wconf 90' lang='lat' dir='ltr'><strong>simul</strong></span> <span class='ocrx_word' id='word_1_539' title='bbox 1467 1839 1617 1865; x_wconf 84' lang='lat' dir='ltr'><strong>veneranda</strong></span> <span class='ocrx_word' id='word_1_540' title='bbox 1632 1840 1774 1870; x_wconf 83' lang='lat' dir='ltr'><strong>apparent,</strong></span> 
     </span>
    </p>
   </div>
   <div class='ocr_carea' id='block_1_81' title="bbox 990 1880 1775 1926">
    <p class='ocr_par' dir='ltr' id='par_1_81' title="bbox 990 1880 1775 1926">
     <span class='ocr_line' id='line_1_81' title="bbox 990 1880 1775 1926; baseline -0.014 -8"><span class='ocrx_word' id='word_1_541' title='bbox 990 1899 1050 1926; x_wconf 66' lang='lat' dir='ltr'><strong>qum</strong></span> <span class='ocrx_word' id='word_1_542' title='bbox 1067 1898 1100 1918; x_wconf 85' lang='lat' dir='ltr'><strong>ex</strong></span> <span class='ocrx_word' id='word_1_543' title='bbox 1116 1890 1168 1917; x_wconf 88' lang='lat' dir='ltr'><strong>illis</strong></span> <span class='ocrx_word' id='word_1_544' title='bbox 1194 1889 1392 1924; x_wconf 88' lang='lat' dir='ltr'><strong>producuntur.</strong></span> <span class='ocrx_word' id='word_1_545' title='bbox 1410 1887 1442 1912; x_wconf 78' lang='lat' dir='ltr'><strong>Et</strong></span> <span class='ocrx_word' id='word_1_546' title='bbox 1456 1889 1520 1912; x_wconf 92' lang='lat' dir='ltr'><strong>sunt</strong></span> <span class='ocrx_word' id='word_1_547' title='bbox 1544 1884 1587 1910; x_wconf 87' lang='lat' dir='ltr'><strong>illa</strong></span> <span class='ocrx_word' id='word_1_548' title='bbox 1604 1883 1713 1918; x_wconf 84' lang='lat' dir='ltr'><strong>quidem</strong></span> <span class='ocrx_word' id='word_1_549' title='bbox 1733 1880 1775 1908; x_wconf 87' lang='lat' dir='ltr'><strong>iti-</strong></span> 
     </span>
    </p>
   </div>
   <div class='ocr_carea' id='block_1_82' title="bbox 991 1928 1776 1972">
    <p class='ocr_par' dir='ltr' id='par_1_82' title="bbox 991 1928 1776 1972">
     <span class='ocr_line' id='line_1_82' title="bbox 991 1928 1776 1972; baseline -0.015 -7"><span class='ocrx_word' id='word_1_550' title='bbox 991 1942 1071 1968; x_wconf 80' lang='lat' dir='ltr'><strong>venta</strong></span> <span class='ocrx_word' id='word_1_551' title='bbox 1091 1936 1201 1972; x_wconf 81' lang='lat' dir='ltr'><strong>gentilis</strong></span> <span class='ocrx_word' id='word_1_552' title='bbox 1228 1935 1300 1962; x_wconf 83' lang='lat' dir='ltr'><strong>falsae</strong></span> <span class='ocrx_word' id='word_1_553' title='bbox 1325 1932 1473 1968; x_wconf 78' lang='lat' dir='ltr'><strong>religionis.</strong></span> <span class='ocrx_word' id='word_1_554' title='bbox 1489 1930 1575 1958; x_wconf 76' lang='lat' dir='ltr'><strong>edicta</strong></span> <span class='ocrx_word' id='word_1_555' title='bbox 1591 1938 1623 1956; x_wconf 73' lang='lat' dir='ltr'><strong>ex</strong></span> <span class='ocrx_word' id='word_1_556' title='bbox 1639 1937 1683 1960; x_wconf 81' lang='lat' dir='ltr'><strong>co,</strong></span> <span class='ocrx_word' id='word_1_557' title='bbox 1703 1928 1776 1962; x_wconf 88' lang='lat' dir='ltr'><strong>quod</strong></span> 
     </span>
    </p>
   </div>
   <div class='ocr_carea' id='block_1_83' title="bbox 991 1975 1777 2018">
    <p class='ocr_par' dir='ltr' id='par_1_83' title="bbox 991 1975 1777 2018">
     <span class='ocr_line' id='line_1_83' title="bbox 991 1975 1777 2018; baseline -0.015 -8"><span class='ocrx_word' id='word_1_558' title='bbox 991 1991 1124 2018; x_wconf 84' lang='lat' dir='ltr'><strong>nusquam</strong></span> <span class='ocrx_word' id='word_1_559' title='bbox 1143 1986 1201 2009; x_wconf 85' lang='lat' dir='ltr'><strong>est:</strong></span> <span class='ocrx_word' id='word_1_560' title='bbox 1227 1981 1270 2008; x_wconf 54' lang='lat' dir='ltr'><strong>hic</strong></span> <span class='ocrx_word' id='word_1_561' title='bbox 1292 1984 1394 2012; x_wconf 88' lang='lat' dir='ltr'><strong>autem,</strong></span> <span class='ocrx_word' id='word_1_562' title='bbox 1408 1985 1468 2012; x_wconf 72' lang='lat' dir='ltr'><strong>qum</strong></span> <span class='ocrx_word' id='word_1_563' title='bbox 1490 1984 1504 2004; x_wconf 84' lang='lat' dir='ltr'><strong>a</strong></span> <span class='ocrx_word' id='word_1_564' title='bbox 1526 1975 1679 2003; x_wconf 81' lang='lat' dir='ltr'><strong>Christiana</strong></span> <span class='ocrx_word' id='word_1_565' title='bbox 1704 1978 1777 2000; x_wconf 79' lang='lat' dir='ltr'><strong>recte</strong></span> 
     </span>
    </p>
   </div>
   <div class='ocr_carea' id='block_1_84' title="bbox 993 2020 1776 2059">
    <p class='ocr_par' dir='ltr' id='par_1_84' title="bbox 993 2020 1776 2059">
     <span class='ocr_line' id='line_1_84' title="bbox 993 2020 1776 2059; baseline -0.015 -3"><span class='ocrx_word' id='word_1_566' title='bbox 993 2030 1062 2056; x_wconf 87' lang='lat' dir='ltr'><strong>ﬁunt</strong></span> <span class='ocrx_word' id='word_1_567' title='bbox 1078 2028 1230 2056; x_wconf 82' lang='lat' dir='ltr'><strong>sanctitate,</strong></span> <span class='ocrx_word' id='word_1_568' title='bbox 1246 2034 1278 2053; x_wconf 77' lang='lat' dir='ltr'><strong>ex</strong></span> <span class='ocrx_word' id='word_1_569' title='bbox 1293 2033 1325 2052; x_wconf 89' lang='lat' dir='ltr'><strong>eo</strong></span> <span class='ocrx_word' id='word_1_570' title='bbox 1347 2024 1419 2059; x_wconf 89' lang='lat' dir='ltr'><strong>quod</strong></span> <span class='ocrx_word' id='word_1_571' title='bbox 1446 2028 1496 2055; x_wconf 82' lang='lat' dir='ltr'><strong>est,</strong></span> <span class='ocrx_word' id='word_1_572' title='bbox 1517 2022 1549 2048; x_wconf 88' lang='lat' dir='ltr'><strong>ad</strong></span> <span class='ocrx_word' id='word_1_573' title='bbox 1574 2021 1600 2048; x_wconf 90' lang='lat' dir='ltr'><strong>id</strong></span> <span class='ocrx_word' id='word_1_574' title='bbox 1631 2020 1702 2055; x_wconf 87' lang='lat' dir='ltr'><strong>quod</strong></span> <span class='ocrx_word' id='word_1_575' title='bbox 1725 2023 1776 2049; x_wconf 87' lang='lat' dir='ltr'><strong>est,</strong></span> 
     </span>
    </p>
   </div>
   <div class='ocr_carea' id='block_1_85' title="bbox 994 2065 1779 2106">
    <p class='ocr_par' dir='ltr' id='par_1_85' title="bbox 994 2065 1779 2106">
     <span class='ocr_line' id='line_1_85' title="bbox 994 2065 1779 2106; baseline -0.013 -4"><span class='ocrx_word' id='word_1_576' title='bbox 994 2075 1151 2106; x_wconf 75' lang='lat' dir='ltr'><strong>elfortnatze,</strong></span> <span class='ocrx_word' id='word_1_577' title='bbox 1169 2073 1269 2099; x_wconf 77' lang='lat' dir='ltr'><strong>habent</strong></span> <span class='ocrx_word' id='word_1_578' title='bbox 1282 2074 1492 2105; x_wconf 86' lang='lat' dir='ltr'><strong>eonsequentem</strong></span> <span class='ocrx_word' id='word_1_579' title='bbox 1508 2067 1669 2102; x_wconf 74' lang='lat' dir='ltr'><strong>exemplaris</strong></span> <span class='ocrx_word' id='word_1_580' title='bbox 1681 2065 1779 2092; x_wconf 82' lang='lat' dir='ltr'><strong>arche-</strong></span> 
     </span>
    </p>
   </div>
   <div class='ocr_carea' id='block_1_86' title="bbox 995 2120 1248 2157">
    <p class='ocr_par' dir='ltr' id='par_1_86' title="bbox 995 2120 1248 2157">
     <span class='ocr_line' id='line_1_86' title="bbox 995 2120 1248 2157; baseline -0.012 -8"><span class='ocrx_word' id='word_1_581' title='bbox 995 2122 1049 2157; x_wconf 82' lang='lat' dir='ltr'><strong>typi</strong></span> <span class='ocrx_word' id='word_1_582' title='bbox 1066 2120 1248 2148; x_wconf 86' lang='lat' dir='ltr'><strong>sanctitatem.</strong></span> 
     </span>
    </p>
   </div>
   <div class='ocr_carea' id='block_1_87' title="bbox 995 2178 1780 2220">
    <p class='ocr_par' dir='ltr' id='par_1_87' title="bbox 995 2178 1780 2220">
     <span class='ocr_line' id='line_1_87' title="bbox 995 2178 1780 2220; baseline -0.015 -5"><span class='ocrx_word' id='word_1_583' title='bbox 995 2188 1076 2215; x_wconf 86' lang='lat' dir='ltr'><strong>modo</strong></span> <span class='ocrx_word' id='word_1_584' title='bbox 1093 2179 1211 2220; x_wconf 84' lang='lat' dir='ltr'><strong>suscepti</strong></span> <span class='ocrx_word' id='word_1_585' title='bbox 1225 2184 1362 2212; x_wconf 84' lang='lat' dir='ltr'><strong>fuerint...</strong></span> <span class='ocrx_word' id='word_1_586' title='bbox 1375 2183 1415 2210; x_wconf 79' lang='lat' dir='ltr'><strong>Au</strong></span> <span class='ocrx_word' id='word_1_587' title='bbox 1433 2180 1569 2220; x_wconf 80' lang='lat' dir='ltr'><strong>ordinatio</strong></span> <span class='ocrx_word' id='word_1_588' title='bbox 1581 2187 1627 2220; x_wconf 81' lang='lat' dir='ltr'><strong>per</strong></span> <span class='ocrx_word' id='word_1_589' title='bbox 1640 2178 1780 2220; x_wconf 51' lang='lat' dir='ltr'><strong>pecunias:</strong></span> 
     </span>
    </p>
   </div>
   <div class='ocr_carea' id='block_1_88' title="bbox 995 2213 1781 2258">
    <p class='ocr_par' dir='ltr' id='par_1_88' title="bbox 995 2213 1781 2258">
     <span class='ocr_line' id='line_1_88' title="bbox 995 2213 1781 2258; baseline -0.015 -8"><span class='ocrx_word' id='word_1_590' title='bbox 995 2213 1103 2258; x_wconf 20' lang='lat' dir='ltr'><strong>quteiiti</strong></span> <span class='ocrx_word' id='word_1_591' title='bbox 1114 2213 1317 2256; x_wconf 78' lang='lat' dir='ltr'><strong>depositionem</strong></span> <span class='ocrx_word' id='word_1_592' title='bbox 1336 2219 1492 2258; x_wconf 75' lang='lat' dir='ltr'><strong>necessario</strong></span> <span class='ocrx_word' id='word_1_593' title='bbox 1507 2213 1658 2258; x_wconf 51' lang='lat' dir='ltr'><strong>incurrit?</strong></span> <span class='ocrx_word' id='word_1_594' title='bbox 1675 2213 1781 2258; x_wconf 20' lang='lat' dir='ltr'><strong>qul&#39;id</strong></span> 
     </span>
    </p>
   </div>
   <div class='ocr_carea' id='block_1_89' title="bbox 194 2249 1780 2293">
    <p class='ocr_par' dir='ltr' id='par_1_89' title="bbox 194 2249 1780 2293">
     <span class='ocr_line' id='line_1_89' title="bbox 194 2249 1780 2293; baseline -0.008 -9"><span class='ocrx_word' id='word_1_595' title='bbox 194 2249 334 2292; x_wconf 41' lang='lat' dir='ltr'><strong>(46).“:cc</strong></span> <span class='ocrx_word' id='word_1_596' title='bbox 371 2257 463 2285; x_wconf 90' lang='lat' dir='ltr'><strong>omnia</strong></span> <span class='ocrx_word' id='word_1_597' title='bbox 476 2249 483 2258; x_wconf 83' lang='grc'><em>’</em></span> <span class='ocrx_word' id='word_1_598' title='bbox 502 2258 671 2292; x_wconf 84' lang='lat' dir='ltr'><strong>potissimum</strong></span> <span class='ocrx_word' id='word_1_599' title='bbox 702 2256 809 2284; x_wconf 88' lang='lat' dir='ltr'><strong>actione</strong></span> <span class='ocrx_word' id='word_1_600' title='bbox 834 2257 851 2283; x_wconf 69' lang='lat'>4</span> <span class='ocrx_word' id='word_1_601' title='bbox 880 2260 943 2282; x_wconf 89' lang='lat' dir='ltr'><strong>sunt</strong></span> <span class='ocrx_word' id='word_1_602' title='bbox 962 2258 982 2284; x_wconf 81' lang='grc' dir='ltr'><strong>ι)</strong></span> <span class='ocrx_word' id='word_1_603' title='bbox 998 2249 1111 2293; x_wconf 76' lang='lat' dir='ltr'><strong>prorsus</strong></span> <span class='ocrx_word' id='word_1_604' title='bbox 1137 2249 1231 2293; x_wconf 68' lang='lat' dir='ltr'><strong>vcrum</strong></span> <span class='ocrx_word' id='word_1_605' title='bbox 1251 2259 1301 2281; x_wconf 88' lang='lat' dir='ltr'><strong>est.</strong></span> <span class='ocrx_word' id='word_1_606' title='bbox 1318 2263 1326 2279; x_wconf 86' lang='grc'><strong>›</strong></span> <span class='ocrx_word' id='word_1_607' title='bbox 1346 2253 1467 2284; x_wconf 83' lang='lat' dir='ltr'><strong>Interim,</strong></span> <span class='ocrx_word' id='word_1_608' title='bbox 1486 2256 1515 2277; x_wconf 91' lang='lat' dir='ltr'><strong>ttt</strong></span> <span class='ocrx_word' id='word_1_609' title='bbox 1530 2254 1591 2291; x_wconf 72' lang='lat' dir='ltr'><strong>post</strong></span> <span class='ocrx_word' id='word_1_610' title='bbox 1605 2249 1657 2293; x_wconf 52' lang='lat' dir='ltr'><strong>alia</strong></span> <span class='ocrx_word' id='word_1_611' title='bbox 1685 2249 1780 2288; x_wconf 75' lang='lat' dir='ltr'><strong>addit,</strong></span> 
     </span>
    </p>
   </div>
   <div class='ocr_carea' id='block_1_90' title="bbox 176 2297 245 2319">
    <p class='ocr_par' dir='ltr' id='par_1_90' title="bbox 176 2297 245 2319">
     <span class='ocr_line' id='line_1_90' title="bbox 176 2297 245 2319; baseline -0.014 0"><span class='ocrx_word' id='word_1_612' title='bbox 176 2297 245 2319; x_wconf 71' lang='lat' dir='ltr'><strong>(35m.</strong></span> 
     </span>
    </p>
   </div>
   <div class='ocr_carea' id='block_1_91' title="bbox 159 2300 948 2362">
    <p class='ocr_par' dir='ltr' id='par_1_91' title="bbox 159 2300 948 2362">
     <span class='ocr_line' id='line_1_91' title="bbox 176 2300 245 2319; baseline -0.014 0"><span class='ocrx_word' id='word_1_613' title='bbox 176 2300 245 2319; x_wconf 86' lang='lat' dir='ltr'><strong>csta.</strong></span> 
     </span>
     <span class='ocr_line' id='line_1_92' title="bbox 159 2300 948 2362; baseline -0.005 -8"><span class='ocrx_word' id='word_1_614' title='bbox 159 2300 175 2327; x_wconf 59' lang='lat'><strong>8</strong></span> <span class='ocrx_word' id='word_1_615' title='bbox 196 2327 252 2362; x_wconf 69' lang='grc'><strong>(47)</strong></span> <span class='ocrx_word' id='word_1_616' title='bbox 269 2327 381 2354; x_wconf 76' lang='lat' dir='ltr'><strong>Aetione</strong></span> <span class='ocrx_word' id='word_1_617' title='bbox 390 2327 418 2359; x_wconf 74' lang='lat'><strong>5,</strong></span> <span class='ocrx_word' id='word_1_618' title='bbox 438 2335 490 2361; x_wconf 87' lang='lat' dir='ltr'><strong>qtta</strong></span> <span class='ocrx_word' id='word_1_619' title='bbox 508 2314 534 2354; x_wconf 80' lang='lat' dir='ltr'><strong>el</strong></span> <span class='ocrx_word' id='word_1_620' title='bbox 551 2332 605 2353; x_wconf 83' lang='lat' dir='ltr'><strong>tres</strong></span> <span class='ocrx_word' id='word_1_621' title='bbox 622 2327 782 2362; x_wconf 64' lang='lat' dir='ltr'><strong>patriarrha‘</strong></span> <span class='ocrx_word' id='word_1_622' title='bbox 794 2314 948 2353; x_wconf 60' lang='lat' dir='ltr'><strong>Constanti-</strong></span> 
     </span>
    </p>
   </div>
   <div class='ocr_carea' id='block_1_92' title="bbox 160 2361 947 2394">
    <p class='ocr_par' dir='ltr' id='par_1_92' title="bbox 160 2361 947 2394">
     <span class='ocr_line' id='line_1_93' title="bbox 160 2361 947 2394; baseline -0.003 -6"><span class='ocrx_word' id='word_1_623' title='bbox 160 2362 310 2394; x_wconf 85' lang='lat' dir='ltr'><strong>nopolitani</strong></span> <span class='ocrx_word' id='word_1_624' title='bbox 325 2363 498 2394; x_wconf 81' lang='lat' dir='ltr'><strong>Anastasius,</strong></span> <span class='ocrx_word' id='word_1_625' title='bbox 514 2362 711 2390; x_wconf 86' lang='lat' dir='ltr'><strong>Constantinus</strong></span> <span class='ocrx_word' id='word_1_626' title='bbox 721 2366 748 2389; x_wconf 85' lang='lat' dir='ltr'><strong>et</strong></span> <span class='ocrx_word' id='word_1_627' title='bbox 761 2361 868 2388; x_wconf 74' lang='lat' dir='ltr'><strong>Nicclas</strong></span> <span class='ocrx_word' id='word_1_628' title='bbox 881 2367 947 2387; x_wconf 86' lang='lat' dir='ltr'><strong>ana-</strong></span> 
     </span>
    </p>
   </div>
   <div class='ocr_carea' id='block_1_93' title="bbox 159 2397 954 2430">
    <p class='ocr_par' dir='ltr' id='par_1_93' title="bbox 159 2397 954 2430">
     <span class='ocr_line' id='line_1_94' title="bbox 159 2397 954 2430; baseline 0.004 -6"><span class='ocrx_word' id='word_1_629' title='bbox 159 2397 272 2424; x_wconf 77' lang='lat' dir='ltr'><strong>themati</strong></span> <span class='ocrx_word' id='word_1_630' title='bbox 288 2397 400 2430; x_wconf 80' lang='lat' dir='ltr'><strong>subjemi</strong></span> <span class='ocrx_word' id='word_1_631' title='bbox 412 2401 486 2424; x_wconf 90' lang='lat' dir='ltr'><strong>suttt.</strong></span> <span class='ocrx_word' id='word_1_632' title='bbox 951 2404 954 2407; x_wconf 94' lang='lat'>&#39;</span> 
     </span>
    </p>
   </div>
   <div class='ocr_carea' id='block_1_94' title="bbox 197 2431 786 2471">
    <p class='ocr_par' dir='ltr' id='par_1_94' title="bbox 197 2431 786 2471">
     <span class='ocr_line' id='line_1_95' title="bbox 197 2431 786 2471; baseline 0 -13"><span class='ocrx_word' id='word_1_633' title='bbox 197 2432 252 2471; x_wconf 43' lang='lat' dir='ltr'><strong>(fit)</strong></span> <span class='ocrx_word' id='word_1_634' title='bbox 265 2431 529 2471; x_wconf 41' lang='lat' dir='ltr'><strong>hlense‘t‘iovcmbri,</strong></span> <span class='ocrx_word' id='word_1_635' title='bbox 546 2432 584 2471; x_wconf 75' lang='lat' dir='ltr'><strong>ait</strong></span> <span class='ocrx_word' id='word_1_636' title='bbox 596 2432 786 2471; x_wconf 74' lang='lat' dir='ltr'><strong>Theophanes.</strong></span> 
     </span>
    </p>
   </div>
   <div class='ocr_carea' id='block_1_95' title="bbox 198 2467 948 2501">
    <p class='ocr_par' dir='ltr' id='par_1_95' title="bbox 198 2467 948 2501">
     <span class='ocr_line' id='line_1_96' title="bbox 198 2467 948 2501; baseline 0 -8"><span class='ocrx_word' id='word_1_637' title='bbox 198 2467 252 2501; x_wconf 68' lang='grc'><strong>(49)</strong></span> <span class='ocrx_word' id='word_1_638' title='bbox 267 2467 314 2494; x_wconf 81' lang='lat' dir='ltr'><strong>ilic</strong></span> <span class='ocrx_word' id='word_1_639' title='bbox 327 2467 401 2493; x_wconf 83' lang='lat' dir='ltr'><strong>zelus</strong></span> <span class='ocrx_word' id='word_1_640' title='bbox 414 2474 539 2500; x_wconf 77' lang='lat' dir='ltr'><strong>magnam</strong></span> <span class='ocrx_word' id='word_1_641' title='bbox 556 2467 668 2493; x_wconf 83' lang='lat' dir='ltr'><strong>&#39;l&#39;arasio</strong></span> <span class='ocrx_word' id='word_1_642' title='bbox 686 2468 788 2500; x_wconf 77' lang='lat' dir='ltr'><strong>peperit</strong></span> <span class='ocrx_word' id='word_1_643' title='bbox 809 2467 948 2496; x_wconf 84' lang='lat' dir='ltr'><strong>invidiam,</strong></span> 
     </span>
    </p>
   </div>
   <div class='ocr_carea' id='block_1_96' title="bbox 162 2502 947 2536">
    <p class='ocr_par' dir='ltr' id='par_1_96' title="bbox 162 2502 947 2536">
     <span class='ocr_line' id='line_1_97' title="bbox 162 2502 947 2536; baseline 0.003 -9"><span class='ocrx_word' id='word_1_644' title='bbox 162 2510 214 2536; x_wconf 89' lang='lat' dir='ltr'><strong>qua</strong></span> <span class='ocrx_word' id='word_1_645' title='bbox 232 2502 396 2528; x_wconf 86' lang='lat' dir='ltr'><strong>calumniam</strong></span> <span class='ocrx_word' id='word_1_646' title='bbox 411 2509 510 2535; x_wconf 75' lang='lat' dir='ltr'><strong>passus</strong></span> <span class='ocrx_word' id='word_1_647' title='bbox 524 2507 575 2531; x_wconf 86' lang='lat' dir='ltr'><strong>est,</strong></span> <span class='ocrx_word' id='word_1_648' title='bbox 589 2502 666 2535; x_wconf 82' lang='lat' dir='ltr'><strong>quasi</strong></span> <span class='ocrx_word' id='word_1_649' title='bbox 683 2502 869 2534; x_wconf 80' lang='lat' dir='ltr'><strong>pecnniariam</strong></span> <span class='ocrx_word' id='word_1_650' title='bbox 885 2510 947 2529; x_wconf 81' lang='lat' dir='ltr'><strong>cum</strong></span> 
     </span>
    </p>
   </div>
   <div class='ocr_carea' id='block_1_97' title="bbox 163 2537 949 2570">
    <p class='ocr_par' dir='ltr' id='par_1_97' title="bbox 163 2537 949 2570">
     <span class='ocr_line' id='line_1_98' title="bbox 163 2537 949 2570; baseline -0.003 -6"><span class='ocrx_word' id='word_1_651' title='bbox 163 2537 224 2564; x_wconf 84' lang='lat' dir='ltr'><strong>labe</strong></span> <span class='ocrx_word' id='word_1_652' title='bbox 243 2537 396 2563; x_wconf 81' lang='lat' dir='ltr'><strong>Simoniaea</strong></span> <span class='ocrx_word' id='word_1_653' title='bbox 415 2537 523 2563; x_wconf 80' lang='lat' dir='ltr'><strong>fet-isset</strong></span> <span class='ocrx_word' id='word_1_654' title='bbox 535 2537 731 2563; x_wconf 81' lang='lat' dir='ltr'><strong>ordinationem</strong></span> <span class='ocrx_word' id='word_1_655' title='bbox 750 2545 757 2567; x_wconf 87' lang='lat'><strong>;</strong></span> <span class='ocrx_word' id='word_1_656' title='bbox 773 2537 844 2570; x_wconf 82' lang='lat' dir='ltr'><strong>quod</strong></span> <span class='ocrx_word' id='word_1_657' title='bbox 856 2545 949 2563; x_wconf 87' lang='lat' dir='ltr'><strong>verum</strong></span> 
     </span>
    </p>
   </div>
   <div class='ocr_carea' id='block_1_98' title="bbox 164 2570 948 2605">
    <p class='ocr_par' dir='ltr' id='par_1_98' title="bbox 164 2570 948 2605">
     <span class='ocr_line' id='line_1_99' title="bbox 164 2570 948 2605; baseline -0.003 -7"><span class='ocrx_word' id='word_1_658' title='bbox 164 2580 219 2598; x_wconf 90' lang='lat' dir='ltr'><strong>non</strong></span> <span class='ocrx_word' id='word_1_659' title='bbox 237 2573 320 2598; x_wconf 81' lang='lat' dir='ltr'><strong>fuisse</strong></span> <span class='ocrx_word' id='word_1_660' title='bbox 333 2572 413 2598; x_wconf 78' lang='lat' dir='ltr'><strong>tradit</strong></span> <span class='ocrx_word' id='word_1_661' title='bbox 433 2570 509 2597; x_wconf 85' lang='lat' dir='ltr'><strong>Theo</strong></span> <span class='ocrx_word' id='word_1_662' title='bbox 521 2573 593 2597; x_wconf 84' lang='lat' dir='ltr'><strong>lorus</strong></span> <span class='ocrx_word' id='word_1_663' title='bbox 609 2571 714 2598; x_wconf 70' lang='lat' dir='ltr'><strong>Sllltlllﬁ</strong></span> <span class='ocrx_word' id='word_1_664' title='bbox 731 2571 757 2597; x_wconf 89' lang='lat' dir='ltr'><strong>in</strong></span> <span class='ocrx_word' id='word_1_665' title='bbox 784 2571 899 2605; x_wconf 86' lang='lat' dir='ltr'><strong>epistola</strong></span> <span class='ocrx_word' id='word_1_666' title='bbox 917 2573 948 2597; x_wconf 85' lang='lat' dir='ltr'><strong>ad</strong></span> 
     </span>
    </p>
   </div>
   <div class='ocr_carea' id='block_1_99' title="bbox 166 2606 948 2640">
    <p class='ocr_par' dir='ltr' id='par_1_99' title="bbox 166 2606 948 2640">
     <span class='ocr_line' id='line_1_100' title="bbox 166 2606 948 2640; baseline -0.001 -7"><span class='ocrx_word' id='word_1_667' title='bbox 166 2607 332 2640; x_wconf 78' lang='lat' dir='ltr'><strong>Stephanum</strong></span> <span class='ocrx_word' id='word_1_668' title='bbox 359 2607 486 2632; x_wconf 80' lang='lat' dir='ltr'><strong>lectorem</strong></span> <span class='ocrx_word' id='word_1_669' title='bbox 506 2606 574 2640; x_wconf 84' lang='lat' dir='ltr'><strong>apud</strong></span> <span class='ocrx_word' id='word_1_670' title='bbox 595 2606 739 2632; x_wconf 83' lang='lat' dir='ltr'><strong>Barottium</strong></span> <span class='ocrx_word' id='word_1_671' title='bbox 768 2607 800 2632; x_wconf 89' lang='lat' dir='ltr'><strong>ad</strong></span> <span class='ocrx_word' id='word_1_672' title='bbox 830 2614 874 2632; x_wconf 87' lang='lat' dir='ltr'><strong>an.</strong></span> <span class='ocrx_word' id='word_1_673' title='bbox 898 2607 948 2633; x_wconf 83' lang='lat'><strong>787</strong></span> 
     </span>
    </p>
   </div>
   <div class='ocr_carea' id='block_1_100' title="bbox 165 2641 951 2674">
    <p class='ocr_par' dir='ltr' id='par_1_100' title="bbox 165 2641 951 2674">
     <span class='ocr_line' id='line_1_101' title="bbox 165 2641 951 2674; baseline 0.001 -7"><span class='ocrx_word' id='word_1_674' title='bbox 165 2649 242 2668; x_wconf 87' lang='lat' dir='ltr'><strong>num.</strong></span> <span class='ocrx_word' id='word_1_675' title='bbox 256 2642 300 2672; x_wconf 82' lang='lat'><strong>59,</strong></span> <span class='ocrx_word' id='word_1_676' title='bbox 311 2642 372 2668; x_wconf 82' lang='lat' dir='ltr'><strong>licet</strong></span> <span class='ocrx_word' id='word_1_677' title='bbox 383 2641 498 2668; x_wconf 76' lang='lat' dir='ltr'><strong>fateatur</strong></span> <span class='ocrx_word' id='word_1_678' title='bbox 513 2642 538 2667; x_wconf 89' lang='lat' dir='ltr'><strong>itt</strong></span> <span class='ocrx_word' id='word_1_679' title='bbox 549 2641 730 2674; x_wconf 83' lang='lat' dir='ltr'><strong>suspicionem</strong></span> <span class='ocrx_word' id='word_1_680' title='bbox 743 2649 773 2667; x_wconf 86' lang='lat' dir='ltr'><strong>ea</strong></span> <span class='ocrx_word' id='word_1_681' title='bbox 783 2642 816 2667; x_wconf 91' lang='lat' dir='ltr'><strong>de</strong></span> <span class='ocrx_word' id='word_1_682' title='bbox 826 2649 854 2667; x_wconf 82' lang='lat' dir='ltr'><strong>re</strong></span> <span class='ocrx_word' id='word_1_683' title='bbox 867 2642 951 2668; x_wconf 63' lang='lat' dir='ltr'><strong>fuis&gt;c</strong></span> 
     </span>
    </p>
   </div>
   <div class='ocr_carea' id='block_1_101' title="bbox 166 2676 950 2710">
    <p class='ocr_par' dir='ltr' id='par_1_101' title="bbox 166 2676 950 2710">
     <span class='ocr_line' id='line_1_102' title="bbox 166 2676 950 2710; baseline -0.001 -8"><span class='ocrx_word' id='word_1_684' title='bbox 166 2677 313 2703; x_wconf 88' lang='lat' dir='ltr'><strong>adductum</strong></span> <span class='ocrx_word' id='word_1_685' title='bbox 327 2677 396 2710; x_wconf 74' lang='lat' dir='ltr'><strong>apud</strong></span> <span class='ocrx_word' id='word_1_686' title='bbox 411 2676 565 2703; x_wconf 82' lang='lat' dir='ltr'><strong>Monachus.</strong></span> <span class='ocrx_word' id='word_1_687' title='bbox 581 2685 589 2700; x_wconf 72' lang='grc' dir='ltr'><strong>ε</strong></span> <span class='ocrx_word' id='word_1_688' title='bbox 603 2676 638 2703; x_wconf 88' lang='lat' dir='ltr'><strong>Ut</strong></span> <span class='ocrx_word' id='word_1_689' title='bbox 649 2683 713 2710; x_wconf 79' lang='lat' dir='ltr'><strong>ergo</strong></span> <span class='ocrx_word' id='word_1_690' title='bbox 724 2676 755 2701; x_wconf 82' lang='lat' dir='ltr'><strong>atl</strong></span> <span class='ocrx_word' id='word_1_691' title='bbox 767 2684 822 2703; x_wconf 86' lang='lat' dir='ltr'><strong>rem</strong></span> <span class='ocrx_word' id='word_1_692' title='bbox 832 2677 950 2706; x_wconf 83' lang='lat' dir='ltr'><strong>veniam,</strong></span> 
     </span>
    </p>
   </div>
   <div class='ocr_carea' id='block_1_102' title="bbox 166 2710 950 2746">
    <p class='ocr_par' dir='ltr' id='par_1_102' title="bbox 166 2710 950 2746">
     <span class='ocr_line' id='line_1_103' title="bbox 166 2710 950 2746; baseline 0 -9"><span class='ocrx_word' id='word_1_693' title='bbox 166 2711 264 2746; x_wconf 62' lang='lat' dir='ltr'><strong>inquit,</strong></span> <span class='ocrx_word' id='word_1_694' title='bbox 285 2713 414 2746; x_wconf 81' lang='lat' dir='ltr'><strong>quidnam</strong></span> <span class='ocrx_word' id='word_1_695' title='bbox 446 2710 506 2740; x_wconf 75' lang='lat' dir='ltr'><strong>fuit,</strong></span> <span class='ocrx_word' id='word_1_696' title='bbox 531 2711 603 2743; x_wconf 85' lang='lat' dir='ltr'><strong>quod</strong></span> <span class='ocrx_word' id='word_1_697' title='bbox 621 2711 766 2737; x_wconf 80' lang='lat' dir='ltr'><strong>dissentire</strong></span> <span class='ocrx_word' id='word_1_698' title='bbox 782 2718 830 2737; x_wconf 92' lang='lat' dir='ltr'><strong>nos</strong></span> <span class='ocrx_word' id='word_1_699' title='bbox 853 2711 916 2737; x_wconf 74' lang='lat' dir='ltr'><strong>fet-it</strong></span> <span class='ocrx_word' id='word_1_700' title='bbox 936 2719 950 2737; x_wconf 85' lang='lat' dir='ltr'><strong>a</strong></span> 
     </span>
    </p>
   </div>
   <div class='ocr_carea' id='block_1_103' title="bbox 167 2745 951 2780">
    <p class='ocr_par' dir='ltr' id='par_1_103' title="bbox 167 2745 951 2780">
     <span class='ocr_line' id='line_1_104' title="bbox 167 2745 951 2780; baseline 0.001 -8"><span class='ocrx_word' id='word_1_701' title='bbox 167 2745 300 2773; x_wconf 76' lang='lat' dir='ltr'><strong>Tarasio?</strong></span> <span class='ocrx_word' id='word_1_702' title='bbox 316 2746 416 2772; x_wconf 81' lang='lat' dir='ltr'><strong>Fides?</strong></span> <span class='ocrx_word' id='word_1_703' title='bbox 429 2747 510 2780; x_wconf 76' lang='lat' dir='ltr'><strong>Atqui</strong></span> <span class='ocrx_word' id='word_1_704' title='bbox 546 2746 633 2778; x_wconf 86' lang='lat' dir='ltr'><strong>palam</strong></span> <span class='ocrx_word' id='word_1_705' title='bbox 650 2746 757 2780; x_wconf 69' lang='lat' dir='ltr'><strong>quidem</strong></span> <span class='ocrx_word' id='word_1_706' title='bbox 779 2746 951 2773; x_wconf 79' lang='lat' dir='ltr'><strong>ortltodoxns</strong></span> 
     </span>
    </p>
   </div>
   <div class='ocr_carea' id='block_1_104' title="bbox 167 2780 952 2815">
    <p class='ocr_par' dir='ltr' id='par_1_104' title="bbox 167 2780 952 2815">
     <span class='ocr_line' id='line_1_105' title="bbox 167 2780 952 2815; baseline -0.003 -7"><span class='ocrx_word' id='word_1_707' title='bbox 167 2786 234 2812; x_wconf 78' lang='lat' dir='ltr'><strong>erat.</strong></span> <span class='ocrx_word' id='word_1_708' title='bbox 247 2790 339 2808; x_wconf 84' lang='lat' dir='ltr'><strong>sacras</strong></span> <span class='ocrx_word' id='word_1_709' title='bbox 357 2784 477 2815; x_wconf 77' lang='lat' dir='ltr'><strong>synodos</strong></span> <span class='ocrx_word' id='word_1_710' title='bbox 505 2782 682 2814; x_wconf 84' lang='lat' dir='ltr'><strong>sequebatur,</strong></span> <span class='ocrx_word' id='word_1_711' title='bbox 698 2785 724 2806; x_wconf 90' lang='lat' dir='ltr'><strong>et</strong></span> <span class='ocrx_word' id='word_1_712' title='bbox 744 2788 805 2807; x_wconf 86' lang='lat' dir='ltr'><strong>cum</strong></span> <span class='ocrx_word' id='word_1_713' title='bbox 829 2780 890 2807; x_wconf 88' lang='lat' dir='ltr'><strong>aliis</strong></span> <span class='ocrx_word' id='word_1_714' title='bbox 907 2789 952 2814; x_wconf 68' lang='lat' dir='ltr'><strong>pu-</strong></span> 
     </span>
    </p>
   </div>
   <div class='ocr_carea' id='block_1_105' title="bbox 168 2816 952 2849">
    <p class='ocr_par' dir='ltr' id='par_1_105' title="bbox 168 2816 952 2849">
     <span class='ocr_line' id='line_1_106' title="bbox 168 2816 952 2849; baseline -0.001 -7"><span class='ocrx_word' id='word_1_715' title='bbox 168 2818 295 2843; x_wconf 67' lang='lat' dir='ltr'><strong>lt&#39;ial&#39;cltis</strong></span> <span class='ocrx_word' id='word_1_716' title='bbox 310 2816 508 2847; x_wconf 70' lang='lat' dir='ltr'><strong>COIISt-nliebﬂl,</strong></span> <span class='ocrx_word' id='word_1_717' title='bbox 525 2821 551 2842; x_wconf 78' lang='lat' dir='ltr'><strong>et</strong></span> <span class='ocrx_word' id='word_1_718' title='bbox 572 2816 719 2842; x_wconf 72' lang='lat' dir='ltr'><strong>maximum</strong></span> <span class='ocrx_word' id='word_1_719' title='bbox 737 2821 817 2842; x_wconf 87' lang='lat' dir='ltr'><strong>antea</strong></span> <span class='ocrx_word' id='word_1_720' title='bbox 837 2822 888 2849; x_wconf 85' lang='lat' dir='ltr'><strong>pro</strong></span> <span class='ocrx_word' id='word_1_721' title='bbox 902 2816 952 2842; x_wconf 76' lang='lat' dir='ltr'><strong>title</strong></span> 
     </span>
    </p>
   </div>
   <div class='ocr_carea' id='block_1_106' title="bbox 168 2850 952 2883">
    <p class='ocr_par' dir='ltr' id='par_1_106' title="bbox 168 2850 952 2883">
     <span class='ocr_line' id='line_1_107' title="bbox 168 2850 952 2883; baseline -0.001 -5"><span class='ocrx_word' id='word_1_722' title='bbox 168 2859 305 2878; x_wconf 61' lang='lat' dir='ltr'><strong>esttamen</strong></span> <span class='ocrx_word' id='word_1_723' title='bbox 335 2853 512 2878; x_wconf 82' lang='lat' dir='ltr'><strong>sustinuerat.</strong></span> <span class='ocrx_word' id='word_1_724' title='bbox 541 2850 680 2877; x_wconf 85' lang='lat' dir='ltr'><strong>Eorttntne</strong></span> <span class='ocrx_word' id='word_1_725' title='bbox 709 2858 804 2881; x_wconf 85' lang='lat' dir='ltr'><strong>causa,</strong></span> <span class='ocrx_word' id='word_1_726' title='bbox 839 2851 884 2883; x_wconf 87' lang='lat' dir='ltr'><strong>qui</strong></span> <span class='ocrx_word' id='word_1_727' title='bbox 918 2851 952 2877; x_wconf 87' lang='lat' dir='ltr'><strong>ab</strong></span> 
     </span>
    </p>
   </div>
   <div class='ocr_carea' id='block_1_107' title="bbox 170 2885 951 2919">
    <p class='ocr_par' dir='ltr' id='par_1_107' title="bbox 170 2885 951 2919">
     <span class='ocr_line' id='line_1_108' title="bbox 170 2885 951 2919; baseline -0.001 -8"><span class='ocrx_word' id='word_1_728' title='bbox 170 2889 266 2915; x_wconf 55' lang='lat' dir='ltr'><strong>transi</strong></span> <span class='ocrx_word' id='word_1_729' title='bbox 285 2887 431 2917; x_wconf 74' lang='lat' dir='ltr'><strong>redierant,</strong></span> <span class='ocrx_word' id='word_1_730' title='bbox 462 2887 618 2919; x_wconf 77' lang='lat' dir='ltr'><strong>susceptio?</strong></span> <span class='ocrx_word' id='word_1_731' title='bbox 646 2886 679 2911; x_wconf 85' lang='lat' dir='ltr'><strong>At</strong></span> <span class='ocrx_word' id='word_1_732' title='bbox 704 2893 757 2912; x_wconf 88' lang='lat' dir='ltr'><strong>tmn</strong></span> <span class='ocrx_word' id='word_1_733' title='bbox 774 2886 807 2911; x_wconf 87' lang='lat' dir='ltr'><strong>ab</strong></span> <span class='ocrx_word' id='word_1_734' title='bbox 829 2885 875 2911; x_wconf 89' lang='lat' dir='ltr'><strong>illo</strong></span> <span class='ocrx_word' id='word_1_735' title='bbox 895 2886 951 2912; x_wconf 72' lang='lat' dir='ltr'><strong>htec</strong></span> 
     </span>
    </p>
   </div>
   <div class='ocr_carea' id='block_1_108' title="bbox 171 2921 952 2954">
    <p class='ocr_par' dir='ltr' id='par_1_108' title="bbox 171 2921 952 2954">
     <span class='ocr_line' id='line_1_109' title="bbox 171 2921 952 2954; baseline -0.004 -6"><span class='ocrx_word' id='word_1_736' title='bbox 171 2928 288 2954; x_wconf 69' lang='lat' dir='ltr'><strong>pt&#39;tttttnt</strong></span> <span class='ocrx_word' id='word_1_737' title='bbox 312 2924 430 2953; x_wconf 66' lang='lat' dir='ltr'><strong>iuventa,</strong></span> <span class='ocrx_word' id='word_1_738' title='bbox 455 2931 517 2949; x_wconf 75' lang='lat' dir='ltr'><strong>cum</strong></span> <span class='ocrx_word' id='word_1_739' title='bbox 545 2930 558 2947; x_wconf 89' lang='lat' dir='ltr'><strong>a</strong></span> <span class='ocrx_word' id='word_1_740' title='bbox 578 2922 679 2949; x_wconf 62' lang='lat' dir='ltr'><strong>sanctis</strong></span> <span class='ocrx_word' id='word_1_741' title='bbox 702 2921 829 2948; x_wconf 75' lang='lat' dir='ltr'><strong>Palribus</strong></span> <span class='ocrx_word' id='word_1_742' title='bbox 854 2921 952 2948; x_wconf 76' lang='lat' dir='ltr'><strong>triplici</strong></span> 
     </span>
    </p>
   </div>
   <div class='ocr_carea' id='block_1_109' title="bbox 1004 2283 1782 2325">
    <p class='ocr_par' dir='ltr' id='par_1_109' title="bbox 1004 2283 1782 2325">
     <span class='ocr_line' id='line_1_110' title="bbox 1004 2283 1782 2325; baseline -0.015 -5"><span class='ocrx_word' id='word_1_743' title='bbox 1004 2283 1131 2323; x_wconf 60' lang='grc' dir='ltr'><strong>ἷὶριυιω,</strong></span> <span class='ocrx_word' id='word_1_744' title='bbox 1151 2291 1196 2325; x_wconf 85' lang='lat' dir='ltr'><strong>qui</strong></span> <span class='ocrx_word' id='word_1_745' title='bbox 1221 2295 1277 2316; x_wconf 92' lang='lat' dir='ltr'><strong>tum</strong></span> <span class='ocrx_word' id='word_1_746' title='bbox 1306 2293 1396 2318; x_wconf 74' lang='lat' dir='ltr'><strong>erant,</strong></span> <span class='ocrx_word' id='word_1_747' title='bbox 1420 2291 1447 2313; x_wconf 78' lang='lat' dir='ltr'><strong>tt</strong></span> <span class='ocrx_word' id='word_1_748' title='bbox 1460 2283 1566 2325; x_wconf 64' lang='lat' dir='ltr'><strong>exacti,</strong></span> <span class='ocrx_word' id='word_1_749' title='bbox 1582 2289 1608 2311; x_wconf 84' lang='lat' dir='ltr'><strong>et</strong></span> <span class='ocrx_word' id='word_1_750' title='bbox 1625 2283 1782 2325; x_wconf 27' lang='lat' dir='ltr'><strong>Tnt&#39;asio&#39;sc</strong></span> 
     </span>
    </p>
   </div>
   <div class='ocr_carea' id='block_1_110' title="bbox 1001 2318 1782 2360">
    <p class='ocr_par' dir='ltr' id='par_1_110' title="bbox 1001 2318 1782 2360">
     <span class='ocr_line' id='line_1_111' title="bbox 1001 2318 1782 2360; baseline -0.015 -6"><span class='ocrx_word' id='word_1_751' title='bbox 1001 2318 1211 2360; x_wconf 57' lang='lat' dir='ltr'><strong>coiijitnicrtlut,</strong></span> <span class='ocrx_word' id='word_1_752' title='bbox 1225 2329 1251 2350; x_wconf 79' lang='lat' dir='ltr'><strong>et</strong></span> <span class='ocrx_word' id='word_1_753' title='bbox 1271 2331 1332 2360; x_wconf 83' lang='lat' dir='ltr'><strong>cum</strong></span> <span class='ocrx_word' id='word_1_754' title='bbox 1359 2330 1391 2348; x_wconf 81' lang='lat' dir='ltr'><strong>eo</strong></span> <span class='ocrx_word' id='word_1_755' title='bbox 1411 2320 1629 2360; x_wconf 65' lang='lat' dir='ltr'><strong>consentiebant,</strong></span> <span class='ocrx_word' id='word_1_756' title='bbox 1647 2324 1674 2344; x_wconf 89' lang='lat' dir='ltr'><strong>ct</strong></span> <span class='ocrx_word' id='word_1_757' title='bbox 1691 2318 1782 2344; x_wconf 73' lang='lat' dir='ltr'><strong>subito</strong></span> 
     </span>
    </p>
   </div>
   <div class='ocr_carea' id='block_1_111' title="bbox 1001 2354 1782 2396">
    <p class='ocr_par' dir='ltr' id='par_1_111' title="bbox 1001 2354 1782 2396">
     <span class='ocr_line' id='line_1_112' title="bbox 1001 2354 1782 2396; baseline -0.015 -7"><span class='ocrx_word' id='word_1_758' title='bbox 1001 2354 1061 2396; x_wconf 70' lang='lat' dir='ltr'><strong>post</strong></span> <span class='ocrx_word' id='word_1_759' title='bbox 1076 2354 1551 2396; x_wconf 72' lang='lat' dir='ltr'><strong>synodumdist-cssiouctnfecerunt</strong></span> <span class='ocrx_word' id='word_1_760' title='bbox 1565 2354 1600 2396; x_wconf 65' lang='lat' dir='ltr'><strong>ob</strong></span> <span class='ocrx_word' id='word_1_761' title='bbox 1615 2359 1782 2393; x_wconf 71' lang='lat' dir='ltr'><strong>susceptam.</strong></span> 
     </span>
    </p>
   </div>
   <div class='ocr_carea' id='block_1_112' title="bbox 1002 2388 1784 2431">
    <p class='ocr_par' dir='ltr' id='par_1_112' title="bbox 1002 2388 1784 2431">
     <span class='ocr_line' id='line_1_113' title="bbox 1002 2388 1784 2431; baseline -0.014 -8"><span class='ocrx_word' id='word_1_762' title='bbox 1002 2388 1113 2431; x_wconf 22' lang='lat' dir='ltr'><strong>illilpsi‘S</strong></span> <span class='ocrx_word' id='word_1_763' title='bbox 1139 2395 1228 2421; x_wconf 73' lang='lat' dir='ltr'><strong>\‘lStllll</strong></span> <span class='ocrx_word' id='word_1_764' title='bbox 1257 2391 1514 2431; x_wconf 62' lang='lat' dir='ltr'><strong>csl,_]tcettttiaritittt</strong></span> <span class='ocrx_word' id='word_1_765' title='bbox 1543 2388 1741 2427; x_wconf 78' lang='lat' dir='ltr'><strong>ordinationem</strong></span> <span class='ocrx_word' id='word_1_766' title='bbox 1758 2393 1784 2413; x_wconf 87' lang='lat' dir='ltr'><strong>et</strong></span> 
     </span>
    </p>
   </div>
   <div class='ocr_carea' id='block_1_113' title="bbox 1001 2424 1782 2464">
    <p class='ocr_par' dir='ltr' id='par_1_113' title="bbox 1001 2424 1782 2464">
     <span class='ocr_line' id='line_1_114' title="bbox 1001 2424 1782 2464; baseline -0.018 -6"><span class='ocrx_word' id='word_1_767' title='bbox 1001 2424 1068 2458; x_wconf 68' lang='lat' dir='ltr'><strong>alias</strong></span> <span class='ocrx_word' id='word_1_768' title='bbox 1082 2431 1213 2464; x_wconf 82' lang='lat' dir='ltr'><strong>quasdam</strong></span> <span class='ocrx_word' id='word_1_769' title='bbox 1228 2424 1419 2462; x_wconf 61' lang='lat' dir='ltr'><strong>qttazstionesn</strong></span> <span class='ocrx_word' id='word_1_770' title='bbox 1438 2424 1589 2464; x_wconf 42' lang='lat' dir='ltr'><strong>‘:Cl‘llllt,.lti</strong></span> <span class='ocrx_word' id='word_1_771' title='bbox 1605 2424 1782 2457; x_wconf 72' lang='lat' dir='ltr'><strong>prtcmiserat,</strong></span> 
     </span>
    </p>
   </div>
   <div class='ocr_carea' id='block_1_114' title="bbox 1006 2460 1784 2500">
    <p class='ocr_par' dir='ltr' id='par_1_114' title="bbox 1006 2460 1784 2500">
     <span class='ocr_line' id='line_1_115' title="bbox 1006 2460 1784 2500; baseline -0.012 -9"><span class='ocrx_word' id='word_1_772' title='bbox 1006 2477 1013 2491; x_wconf 76' lang='grc' dir='ltr'>ι</span> <span class='ocrx_word' id='word_1_773' title='bbox 1026 2460 1114 2500; x_wconf 73' lang='lat' dir='ltr'><strong>opeth</strong></span> <span class='ocrx_word' id='word_1_774' title='bbox 1126 2460 1255 2491; x_wconf 75' lang='lat' dir='ltr'><strong>duximus</strong></span> <span class='ocrx_word' id='word_1_775' title='bbox 1269 2461 1474 2500; x_wconf 35' lang='lat' dir='ltr'><strong>pretium-paris</strong></span> <span class='ocrx_word' id='word_1_776' title='bbox 1490 2460 1580 2500; x_wconf 59' lang='lat' dir='ltr'><strong>studio</strong></span> <span class='ocrx_word' id='word_1_777' title='bbox 1594 2467 1655 2498; x_wconf 81' lang='lat' dir='ltr'><strong>cum</strong></span> <span class='ocrx_word' id='word_1_778' title='bbox 1671 2466 1703 2484; x_wconf 86' lang='grc' dir='ltr'><strong>(ο</strong></span> <span class='ocrx_word' id='word_1_779' title='bbox 1716 2465 1784 2497; x_wconf 75' lang='lat' dir='ltr'><strong>con-</strong></span> 
     </span>
    </p>
   </div>
   <div class='ocr_carea' id='block_1_115' title="bbox 1001 2493 1785 2529">
    <p class='ocr_par' dir='ltr' id='par_1_115' title="bbox 1001 2493 1785 2529">
     <span class='ocr_line' id='line_1_116' title="bbox 1001 2493 1785 2529; baseline -0.014 -1"><span class='ocrx_word' id='word_1_780' title='bbox 1001 2493 1120 2529; x_wconf 54' lang='lat' dir='ltr'><strong>cor&#39;diaut</strong></span> <span class='ocrx_word' id='word_1_781' title='bbox 1137 2493 1287 2526; x_wconf 25' lang='lat' dir='ltr'><strong>retinerem</strong></span> <span class='ocrx_word' id='word_1_782' title='bbox 1307 2498 1337 2524; x_wconf 79' lang='lat' dir='ltr'><strong>Et</strong></span> <span class='ocrx_word' id='word_1_783' title='bbox 1351 2493 1407 2522; x_wconf 55' lang='lat' dir='ltr'><strong>ttbi&#39;</strong></span> <span class='ocrx_word' id='word_1_784' title='bbox 1425 2496 1498 2529; x_wconf 85' lang='lat' dir='ltr'><strong>quod</strong></span> <span class='ocrx_word' id='word_1_785' title='bbox 1525 2494 1635 2520; x_wconf 77' lang='lat' dir='ltr'><strong>offendit</strong></span> <span class='ocrx_word' id='word_1_786' title='bbox 1665 2493 1785 2527; x_wconf 75' lang='lat' dir='ltr'><strong>suspicio</strong></span> 
     </span>
    </p>
   </div>
   <div class='ocr_carea' id='block_1_116' title="bbox 1002 2529 1783 2567">
    <p class='ocr_par' dir='ltr' id='par_1_116' title="bbox 1002 2529 1783 2567">
     <span class='ocr_line' id='line_1_117' title="bbox 1002 2529 1783 2567; baseline -0.009 -7"><span class='ocrx_word' id='word_1_787' title='bbox 1002 2542 1052 2567; x_wconf 70' lang='lat' dir='ltr'><strong>ost,</strong></span> <span class='ocrx_word' id='word_1_788' title='bbox 1071 2535 1167 2561; x_wconf 80' lang='lat' dir='ltr'><strong>melius</strong></span> <span class='ocrx_word' id='word_1_789' title='bbox 1183 2538 1224 2561; x_wconf 84' lang='lat' dir='ltr'><strong>est</strong></span> <span class='ocrx_word' id='word_1_790' title='bbox 1248 2532 1386 2564; x_wconf 83' lang='lat' dir='ltr'><strong>assentiri,</strong></span> <span class='ocrx_word' id='word_1_791' title='bbox 1412 2538 1493 2567; x_wconf 80' lang='lat' dir='ltr'><strong>quam</strong></span> <span class='ocrx_word' id='word_1_792' title='bbox 1518 2529 1683 2567; x_wconf 81' lang='lat' dir='ltr'><strong>pertinacem</strong></span> <span class='ocrx_word' id='word_1_793' title='bbox 1696 2564 1700 2567; x_wconf 88' lang='lat'><em>_</em></span> <span class='ocrx_word' id='word_1_794' title='bbox 1713 2535 1783 2554; x_wconf 56' lang='lat' dir='ltr'><strong>esse.</strong></span> 
     </span>
    </p>
   </div>
   <div class='ocr_carea' id='block_1_117' title="bbox 988 2564 1784 2604">
    <p class='ocr_par' dir='ltr' id='par_1_117' title="bbox 988 2564 1784 2604">
     <span class='ocr_line' id='line_1_118' title="bbox 988 2564 1784 2604; baseline -0.014 -5"><span class='ocrx_word' id='word_1_795' title='bbox 988 2564 1058 2598; x_wconf 52' lang='lat' dir='ltr'><strong>~Nee</strong></span> <span class='ocrx_word' id='word_1_796' title='bbox 1076 2579 1138 2597; x_wconf 64' lang='lat' dir='ltr'><strong>tero</strong></span> <span class='ocrx_word' id='word_1_797' title='bbox 1154 2570 1206 2604; x_wconf 79' lang='lat' dir='ltr'><strong>ipsi</strong></span> <span class='ocrx_word' id='word_1_798' title='bbox 1222 2569 1310 2595; x_wconf 84' lang='lat' dir='ltr'><strong>vosde</strong></span> <span class='ocrx_word' id='word_1_799' title='bbox 1321 2564 1490 2604; x_wconf 75' lang='lat' dir='ltr'><strong>conscientia</strong></span> <span class='ocrx_word' id='word_1_800' title='bbox 1507 2569 1594 2591; x_wconf 78' lang='lat' dir='ltr'><strong>vestra</strong></span> <span class='ocrx_word' id='word_1_801' title='bbox 1607 2564 1784 2604; x_wconf 62' lang='lat' dir='ltr'><strong>deducimus:</strong></span> 
     </span>
    </p>
   </div>
   <div class='ocr_carea' id='block_1_118' title="bbox 1004 2598 1785 2636">
    <p class='ocr_par' dir='ltr' id='par_1_118' title="bbox 1004 2598 1785 2636">
     <span class='ocr_line' id='line_1_119' title="bbox 1004 2598 1785 2636; baseline -0.013 -3"><span class='ocrx_word' id='word_1_802' title='bbox 1004 2615 1051 2633; x_wconf 73' lang='lat' dir='ltr'><strong>nec</strong></span> <span class='ocrx_word' id='word_1_803' title='bbox 1064 2614 1110 2632; x_wconf 80' lang='lat' dir='ltr'><strong>vos</strong></span> <span class='ocrx_word' id='word_1_804' title='bbox 1125 2598 1234 2631; x_wconf 58' lang='lat' dir='ltr'><strong>rut&#39;stttu</strong></span> <span class='ocrx_word' id='word_1_805' title='bbox 1254 2605 1278 2629; x_wconf 87' lang='lat' dir='ltr'><strong>id</strong></span> <span class='ocrx_word' id='word_1_806' title='bbox 1296 2602 1405 2636; x_wconf 62' lang='lat' dir='ltr'><strong>exigite.</strong></span> <span class='ocrx_word' id='word_1_807' title='bbox 1424 2605 1452 2627; x_wconf 88' lang='lat' dir='ltr'><strong>ut</strong></span> <span class='ocrx_word' id='word_1_808' title='bbox 1465 2608 1513 2627; x_wconf 85' lang='lat' dir='ltr'><strong>nos</strong></span> <span class='ocrx_word' id='word_1_809' title='bbox 1528 2601 1559 2636; x_wconf 67' lang='lat' dir='ltr'><strong>tle</strong></span> <span class='ocrx_word' id='word_1_810' title='bbox 1584 2607 1637 2625; x_wconf 87' lang='lat' dir='ltr'><strong>tton</strong></span> <span class='ocrx_word' id='word_1_811' title='bbox 1671 2598 1785 2625; x_wconf 80' lang='lat' dir='ltr'><strong>manife-</strong></span> 
     </span>
    </p>
   </div>
   <div class='ocr_carea' id='block_1_119' title="bbox 1003 2635 1785 2673">
    <p class='ocr_par' dir='ltr' id='par_1_119' title="bbox 1003 2635 1785 2673">
     <span class='ocr_line' id='line_1_120' title="bbox 1003 2635 1785 2673; baseline -0.013 -6"><span class='ocrx_word' id='word_1_812' title='bbox 1003 2646 1072 2667; x_wconf 80' lang='lat' dir='ltr'><strong>stata</strong></span> <span class='ocrx_word' id='word_1_813' title='bbox 1087 2641 1165 2666; x_wconf 78' lang='lat' dir='ltr'><strong>nobis</strong></span> <span class='ocrx_word' id='word_1_814' title='bbox 1179 2639 1331 2673; x_wconf 69' lang='lat' dir='ltr'><strong>rognitione</strong></span> <span class='ocrx_word' id='word_1_815' title='bbox 1341 2635 1580 2673; x_wconf 60' lang='lat' dir='ltr'><strong>{qututdoqttidem</strong></span> <span class='ocrx_word' id='word_1_816' title='bbox 1597 2639 1620 2660; x_wconf 83' lang='lat' dir='ltr'><strong>cl</strong></span> <span class='ocrx_word' id='word_1_817' title='bbox 1635 2641 1749 2667; x_wconf 75' lang='lat' dir='ltr'><strong>petsoua</strong></span> <span class='ocrx_word' id='word_1_818' title='bbox 1762 2639 1785 2673; x_wconf 72' lang='lat' dir='ltr'><strong>et</strong></span> 
     </span>
    </p>
   </div>
   <div class='ocr_carea' id='block_1_120' title="bbox 1004 2668 1788 2709">
    <p class='ocr_par' dir='ltr' id='par_1_120' title="bbox 1004 2668 1788 2709">
     <span class='ocr_line' id='line_1_121' title="bbox 1004 2668 1788 2709; baseline -0.014 -6"><span class='ocrx_word' id='word_1_819' title='bbox 1004 2682 1110 2709; x_wconf 78' lang='lat' dir='ltr'><strong>tempus</strong></span> <span class='ocrx_word' id='word_1_820' title='bbox 1124 2680 1150 2701; x_wconf 70' lang='lat' dir='ltr'><strong>et</strong></span> <span class='ocrx_word' id='word_1_821' title='bbox 1166 2668 1332 2707; x_wconf 71' lang='lat' dir='ltr'><strong>experientia</strong></span> <span class='ocrx_word' id='word_1_822' title='bbox 1346 2668 1492 2709; x_wconf 66' lang='lat' dir='ltr'><strong>rottciliarc</strong></span> <span class='ocrx_word' id='word_1_823' title='bbox 1511 2671 1579 2696; x_wconf 80' lang='lat' dir='ltr'><strong>solet</strong></span> <span class='ocrx_word' id='word_1_824' title='bbox 1599 2676 1663 2709; x_wconf 52' lang='lat' dir='ltr'><strong>cos.</strong></span> <span class='ocrx_word' id='word_1_825' title='bbox 1678 2669 1723 2702; x_wconf 85' lang='lat' dir='ltr'><strong>qui</strong></span> <span class='ocrx_word' id='word_1_826' title='bbox 1755 2668 1788 2693; x_wconf 76' lang='lat' dir='ltr'><strong>de</strong></span> 
     </span>
    </p>
   </div>
   <div class='ocr_carea' id='block_1_121' title="bbox 1003 2704 1786 2738">
    <p class='ocr_par' dir='ltr' id='par_1_121' title="bbox 1003 2704 1786 2738">
     <span class='ocr_line' id='line_1_122' title="bbox 1003 2704 1786 2738; baseline -0.013 0"><span class='ocrx_word' id='word_1_827' title='bbox 1003 2704 1105 2738; x_wconf 70' lang='lat' dir='ltr'><strong>eisdcut</strong></span> <span class='ocrx_word' id='word_1_828' title='bbox 1130 2704 1211 2736; x_wconf 68' lang='lat' dir='ltr'><strong>rebus</strong></span> <span class='ocrx_word' id='word_1_829' title='bbox 1227 2717 1278 2735; x_wconf 84' lang='lat' dir='ltr'><strong>non</strong></span> <span class='ocrx_word' id='word_1_830' title='bbox 1297 2709 1391 2734; x_wconf 73' lang='lat' dir='ltr'><strong>eadem</strong></span> <span class='ocrx_word' id='word_1_831' title='bbox 1421 2706 1553 2732; x_wconf 81' lang='lat' dir='ltr'><strong>sentiunt.</strong></span> <span class='ocrx_word' id='word_1_832' title='bbox 1572 2713 1580 2729; x_wconf 76' lang='grc' dir='ltr'>ι</span> <span class='ocrx_word' id='word_1_833' title='bbox 1599 2704 1708 2730; x_wconf 71' lang='grc' dir='ltr'><strong>υυιιιιιιιι</strong></span> <span class='ocrx_word' id='word_1_834' title='bbox 1737 2710 1786 2729; x_wconf 73' lang='lat' dir='ltr'><strong>still</strong></span> 
     </span>
    </p>
   </div>
   <div class='ocr_carea' id='block_1_122' title="bbox 1005 2740 1786 2777">
    <p class='ocr_par' dir='ltr' id='par_1_122' title="bbox 1005 2740 1786 2777">
     <span class='ocr_line' id='line_1_123' title="bbox 1005 2740 1786 2777; baseline -0.013 -6"><span class='ocrx_word' id='word_1_835' title='bbox 1005 2748 1084 2772; x_wconf 87' lang='lat' dir='ltr'><strong>linem</strong></span> <span class='ocrx_word' id='word_1_836' title='bbox 1103 2750 1219 2771; x_wconf 82' lang='lat' dir='ltr'><strong>testatur</strong></span> <span class='ocrx_word' id='word_1_837' title='bbox 1247 2741 1554 2777; x_wconf 23' lang='lat' dir='ltr'><strong>[\(‘I‘sth&#39;l&#39;aSSCthll‘llSll</strong></span> <span class='ocrx_word' id='word_1_838' title='bbox 1584 2747 1646 2766; x_wconf 89' lang='lat' dir='ltr'><strong>cuttt</strong></span> <span class='ocrx_word' id='word_1_839' title='bbox 1665 2740 1786 2777; x_wconf 72' lang='lat' dir='ltr'><strong>liontattzt</strong></span> 
     </span>
    </p>
   </div>
   <div class='ocr_carea' id='block_1_123' title="bbox 1006 2773 1785 2807">
    <p class='ocr_par' dir='ltr' id='par_1_123' title="bbox 1006 2773 1785 2807">
     <span class='ocr_line' id='line_1_124' title="bbox 1006 2773 1785 2807; baseline -0.013 0"><span class='ocrx_word' id='word_1_840' title='bbox 1006 2780 1125 2807; x_wconf 73' lang='lat' dir='ltr'><strong>Ecclesia</strong></span> <span class='ocrx_word' id='word_1_841' title='bbox 1153 2773 1383 2806; x_wconf 76' lang='lat' dir='ltr'><strong>cntnutuntonetu.</strong></span> <span class='ocrx_word' id='word_1_842' title='bbox 1401 2786 1408 2801; x_wconf 74' lang='grc' dir='ltr'>ι</span> <span class='ocrx_word' id='word_1_843' title='bbox 1426 2776 1598 2802; x_wconf 72' lang='lat' dir='ltr'><strong>Manifestum</strong></span> <span class='ocrx_word' id='word_1_844' title='bbox 1619 2780 1670 2805; x_wconf 73' lang='lat' dir='ltr'><strong>est,</strong></span> <span class='ocrx_word' id='word_1_845' title='bbox 1688 2773 1785 2806; x_wconf 73' lang='lat' dir='ltr'><strong>inquit,</strong></span> 
     </span>
    </p>
   </div>
   <div class='ocr_carea' id='block_1_124' title="bbox 1004 2809 1787 2842">
    <p class='ocr_par' dir='ltr' id='par_1_124' title="bbox 1004 2809 1787 2842">
     <span class='ocr_line' id='line_1_125' title="bbox 1004 2809 1787 2842; baseline -0.013 0"><span class='ocrx_word' id='word_1_846' title='bbox 1004 2823 1065 2842; x_wconf 81' lang='lat' dir='ltr'><strong>cum</strong></span> <span class='ocrx_word' id='word_1_847' title='bbox 1091 2815 1276 2841; x_wconf 74' lang='lat' dir='ltr'><strong>liomattorutu</strong></span> <span class='ocrx_word' id='word_1_848' title='bbox 1296 2813 1423 2839; x_wconf 70' lang='lat' dir='ltr'><strong>Autisttte</strong></span> <span class='ocrx_word' id='word_1_849' title='bbox 1437 2810 1542 2837; x_wconf 86' lang='lat' dir='ltr'><strong>&#39;l‘arasii</strong></span> <span class='ocrx_word' id='word_1_850' title='bbox 1560 2809 1726 2842; x_wconf 69' lang='lat' dir='ltr'><strong>temporibus</strong></span> <span class='ocrx_word' id='word_1_851' title='bbox 1741 2815 1787 2834; x_wconf 81' lang='lat' dir='ltr'><strong>sa-</strong></span> 
     </span>
    </p>
   </div>
   <div class='ocr_carea' id='block_1_125' title="bbox 1004 2843 1789 2883">
    <p class='ocr_par' dir='ltr' id='par_1_125' title="bbox 1004 2843 1789 2883">
     <span class='ocr_line' id='line_1_126' title="bbox 1004 2843 1789 2883; baseline -0.01 -6"><span class='ocrx_word' id='word_1_852' title='bbox 1004 2851 1141 2877; x_wconf 70' lang='lat' dir='ltr'><strong>criﬁcasse</strong></span> <span class='ocrx_word' id='word_1_853' title='bbox 1158 2849 1356 2883; x_wconf 76' lang='lat' dir='ltr'><strong>Apocrisiarios</strong></span> <span class='ocrx_word' id='word_1_854' title='bbox 1375 2849 1436 2874; x_wconf 80' lang='lat' dir='ltr'><strong>hinc</strong></span> <span class='ocrx_word' id='word_1_855' title='bbox 1459 2847 1557 2872; x_wconf 83' lang='lat' dir='ltr'><strong>missos</strong></span> <span class='ocrx_word' id='word_1_856' title='bbox 1587 2848 1613 2871; x_wconf 74' lang='lat' dir='ltr'><strong>et</strong></span> <span class='ocrx_word' id='word_1_857' title='bbox 1636 2844 1709 2871; x_wconf 86' lang='lat' dir='ltr'><strong>illius</strong></span> <span class='ocrx_word' id='word_1_858' title='bbox 1735 2843 1789 2870; x_wconf 81' lang='lat' dir='ltr'><strong>for-</strong></span> 
     </span>
    </p>
   </div>
   <div class='ocr_carea' id='block_1_126' title="bbox 1006 2884 1380 2913">
    <p class='ocr_par' dir='ltr' id='par_1_126' title="bbox 1006 2884 1380 2913">
     <span class='ocr_line' id='line_1_127' title="bbox 1006 2884 1380 2913; baseline -0.013 -1"><span class='ocrx_word' id='word_1_859' title='bbox 1006 2893 1076 2913; x_wconf 77' lang='lat' dir='ltr'><strong>tasse</strong></span> <span class='ocrx_word' id='word_1_860' title='bbox 1089 2892 1149 2911; x_wconf 82' lang='lat' dir='ltr'><strong>ctlttt</strong></span> <span class='ocrx_word' id='word_1_861' title='bbox 1165 2884 1359 2911; x_wconf 73' lang='lat' dir='ltr'><strong>Orientalibus.</strong></span> <span class='ocrx_word' id='word_1_862' title='bbox 1373 2892 1380 2907; x_wconf 79' lang='grc' dir='ltr'>ι</span> 
     </span>
    </p>
   </div>
  </div>
