2051 3154
291 181 360 214 1403

833 183 863 212 S.
888 181 1043 212 TARASII
1066 180 1316 212 PATRIARCHIE
1337 182 1391 212 (ΣΡ.

1846 178 1914 212 1401

325 240 371 267 ει.
390 239 460 267 Cum
474 239 547 267 enim
563 239 713 267 invenisset
732 239 879 267 Ecclesiam
895 239 1075 274 prtestigiato-
1089 238 1111 269 Δ
1125 246 1186 271 cum
1203 247 1300 274 graves
1313 243 1340 266 et
1354 239 1459 267 acerba:
1473 238 1506 277 de
1518 246 1550 266 eo
1560 238 1728 271 haberentur
1737 238 1912 273 question”,

292 285 330 313 ris
355 289 380 312 et
399 284 570 312 eirculatoris
594 285 622 312 in
640 293 744 312 morem
759 284 884 312 affectam
901 288 928 312 et
942 289 1077 312 errantem

291 331 320 357 in
331 330 471 357 montibus
482 330 605 362 hreresis,
616 336 643 358 et
653 331 833 358 sustinentem
845 331 943 358 famem
957 335 984 358 et
994 330 1076 363 sitim,

292 382 346 402 non
364 375 441 409 panis
453 381 481 401 et
501 382 587 409 aquze,
603 376 649 402 sed
672 375 770 401 famem
789 374 915 401 audiendi
933 373 1007 400 verbi
1025 373 1078 399 Do-

291 420 369 452 mini,
385 429 445 447 eam
458 420 534 448 alens
545 421 576 450 in
595 421 703 456 pascuis
723 421 833 456 quietis,
849 425 876 447 et
893 420 1030 448 deducens
1045 420 1078 448 ad

292 466 402 494 semitas
415 466 538 500 iustitiae,
556 474 664 501 gregem
689 466 753 493 fecit
769 466 987 501 pinguissimum,
1004 465 1078 493 salu-

293 512 397 540 taribus
415 512 617 547 pinguefaetum
635 512 798 543 actionibus,
809 515 837 538 et
850 511 922 539 dulci
935 512 1004 539 lacte
1016 511 1078 539 ﬁdei

292 565 382 585 acrem
397 558 515 584 haeretici
528 557 654 584 fermenti
667 558 874 589 amaritudinem
887 562 1076 592 exspuentem,

291 607 319 629 et
333 602 461 629 eﬂ'ectum
477 610 574 629 novam
591 603 824 637 conspersionem.
842 603 874 630 Et
888 603 1005 638 primum
1020 603 1080 638 qui-

292 647 353 675 dem
370 646 424 681 (50)
445 647 606 675 Simoniacae
628 655 764 675 crumena:
787 649 914 676 scindens
929 649 1077 682 vinculum,

292 699 346 726 quo
374 696 483 720 sanctus
514 692 631 727 Spiritus
660 693 760 720 donum
787 694 884 721 venale
907 695 1078 729 proponitur,

292 737 397 770 statuit,
422 742 451 765 ut
476 739 646 765 sacerdotum
660 739 743 774 gratis
767 740 863 767 fierent
882 741 1033 768 creationes
1052 745 1080 771 et

282 781 479 808 ordinationes
498 791 504 808 :
521 789 554 809 ex
569 783 638 810 atrio
654 784 839 811 ecclesiastico
862 792 969 812 onmem
994 784 1080 820 pecu?

292 827 407 854 niariam
424 828 562 862 expellens
575 830 813 862 consuetudinem,
831 835 858 857 et
873 831 1003 865 quidquid
1020 836 1080 860 erat

291 879 417 906 asperant
431 872 552 906 ejiciens,
568 877 657 900 rectas
669 873 732 901 facit
750 875 860 902 semitas
883 875 955 907 fidei,
969 883 1077 910 gregem

291 917 383 943 multis
397 925 546 951 provocans
557 919 738 949 sermonibus.
751 924 778 946 et
788 920 938 947 ascendens
949 921 975 947 in
989 929 1078 949 sacra-

292 959 427 988 tissimum
443 962 598 994 umbonem,
619 963 731 997 parabat
750 972 870 991 mensam
886 965 1077 999 doctrinae,ex

291 1004 423 1033 divinitus
448 1007 587 1041 inspiralis
611 1008 760 1044 Scripturis
774 1019 876 1038 venans
892 1011 1016 1043 obsonia,
1045 1012 1079 1039 ad

291 1049 402 1078 alendus
415 1052 520 1078 animas
537 1053 621 1079 utilia.
638 1053 708 1086 Quin
724 1054 804 1081 etiam
820 1056 933 1089 sparsim
949 1056 1079 1091 colligens

291 1095 396 1122 cantica
416 1095 552 1129 Davidica,
569 1105 617 1131 per
637 1098 859 1133 perspicuitatem
884 1104 910 1126 et
925 1100 1078 1128 evidentem

292 1149 381 1167 rerum
398 1142 612 1174 distinctionem,
628 1144 699 1171 clare
712 1145 851 1178 aperiebat
866 1153 908 1179 ea,
922 1154 982 1180 qua:
999 1147 1080 1175 intel-

291 1187 444 1222 ligebantur
463 1199 468 1214 :
485 1188 553 1215 adeo
569 1193 598 1215 ut
617 1196 708 1217 essent
726 1191 807 1217 veluti
823 1191 850 1217 in
865 1196 1014 1226 conspectu
1035 1193 1077 1225 iis,

291 1232 337 1266 qni
351 1238 430 1260 erant
447 1233 553 1267 lecturi,
568 1238 596 1262 et
610 1240 683 1262 recta
701 1235 733 1262 iis
751 1236 798 1270 qui
825 1237 968 1264 inveniunt.
985 1239 1079 1273 cogni-

292 1277 404 1305 tionem.

324 1322 369 1349 95.
382 1323 458 1356 Quod
472 1328 562 1351 autem
576 1326 771 1360 propemodum
784 1328 956 1362 praatermisi,
970 1333 997 1356 et
1008 1330 1080 1364 quod

291 1368 450 1395 memoriam
464 1369 598 1405 effugiens
614 1378 668 1397 non
684 1375 742 1398 erat
755 1373 965 1407 enuntiandum,
981 1380 1008 1402 et
1023 1380 1081 1402 erat

290 1413 442 1440 celaturum
459 1422 550 1442 curam
563 1415 647 1447 divini
661 1417 758 1449 Patris,
770 1425 850 1452 quam
861 1419 970 1453 gerebat
982 1419 1009 1445 in
1021 1427 1079 1453 eos,

288 1459 337 1494 qui
363 1459 531 1493 laborabant,
554 1469 606 1496 qua
627 1461 685 1496 ipse
707 1470 753 1490 eos
771 1463 888 1494 levabat,
906 1469 934 1491 et
949 1465 1037 1499 cujus,
1052 1469 1081 1492 ut

290 1504 398 1539 opinor.
418 1504 469 1532 fuit
481 1506 538 1540 ipse
552 1507 657 1542 pritnus
670 1508 770 1543 opifex,
787 1516 849 1536 cum
862 1509 888 1536 in
903 1510 975 1537 hunc
991 1511 1081 1539 locum

292 1550 423 1583 venerim,
454 1556 582 1586 tanquam
612 1554 816 1591 condimentum
847 1555 956 1590 aliquod
975 1561 1003 1583 et
1027 1557 1081 1584 mel

292 1595 370 1622 dulce
390 1596 546 1625 admiscens
562 1598 667 1632 reliquo
684 1599 792 1633 corpori
809 1600 952 1632 orationis,
975 1602 1080 1629 viscera

276 1641 443 1671 clementiae
457 1646 486 1669 et
498 1643 691 1671 misericordiae
708 1645 790 1671 statui
810 1645 931 1673 inserere
948 1647 977 1676 in
990 1649 1080 1675 cordi-

292 1685 343 1712 bus
369 1692 474 1717 eorum,
495 1687 542 1721 qui
567 1692 632 1714 sunt
651 1688 758 1723 benigni
780 1693 807 1716 ct
832 1689 989 1717 clementes.
1014 1690 1080 1718 Nam

292 1730 439 1765 aliquando
455 1733 566 1766 quidam
583 1741 615 1760 ex
631 1733 675 1763 iis.
687 1734 732 1768 qui
751 1734 882 1769 gerebant
896 1735 1079 1770 magistratus,

292 1776 437 1810 splendore
459 1783 488 1806 et
512 1779 596 1814 gloria
611 1783 639 1808 et
656 1776 758 1807 divitiis
774 1779 899 1816 insignis,
914 1781 960 1816 qui
987 1782 1079 1815 etiam,

293 1826 323 1849 ut
337 1823 392 1858 (51)
408 1831 500 1851 ensem
516 1825 721 1860 imperatorium
733 1831 861 1862 gestaret,
878 1828 1008 1855 honorem
1022 1833 1081 1856 crat

291 1867 417 1903 adeptus,
433 1878 483 1905 pro
498 1879 595 1907 magno
607 1873 732 1907 pecuniae
746 1873 867 1908 pondere
882 1874 962 1902 luens
975 1883 1078 1909 poenas,

327 1939 384 1976 (50)
415 1939 558 1976 Sinccrum
587 1939 646 1972 ejus
677 1941 810 1971 animum,
838 1949 893 1974 quo
920 1941 1079 1976 hujusmodi

292 1975 403 2010 crimen,
415 1975 523 2010 penitus
545 1975 662 2002 evellere
675 1976 789 2007 studuit,
804 1976 906 2002 indicat
921 1978 1078 2010 conscripta

292 2009 325 2046 ad
340 2008 489 2046 Adriauutn
506 2009 613 2046 l’apanr
623 2011 749 2043 epistola,
772 2019 833 2045 qum
850 2011 901 2038 sub
918 2013 998 2039 linem
1014 2008 1079 2046 sep-

293 2044 367 2080 lima:
378 2044 475 2080 synodi
489 2050 576 2071 exstat
594 2044 802 2080 Grmc07l.atina
812 2053 844 2073 ex
857 2044 1080 2080 interpretatione

293 2078 433 2114 anastasii
460 2078 674 2106 Bibliothecarii.
695 2079 722 2107 In
747 2088 779 2106 ea
807 2086 868 2114 post
895 2078 977 2107 citata
993 2089 1080 2109 saera:

294 2112 455 2146 Scripturrc,
477 2114 586 2140 Patrum
601 2119 627 2140 et
639 2112 822 2142 Conciliorutit
847 2116 1016 2147 testimonia,
1042 2117 1078 2143 ita

294 2153 404 2185 perorat
421 2155 455 2185 :_c
476 2148 520 2185 Sic
539 2156 588 2175 nos
602 2149 709 2179 doceto,
728 2149 976 2185 virrsacratissime,
999 2151 1078 2185 sequi

293 2182 412 2219 divinam
431 2182 610 2216 Scripturam,
623 2189 649 2210 et
670 2184 836 2218 evangelica,
852 2185 1010 2219 apostolica,
1032 2182 1079 2212 ca-

294 2217 401 2260 punica.
422 2221 449 2244 et
467 2223 579 2260 patcnrna
597 2217 911 2260 ptmceplafObetliuius
927 2221 1002 2260 enim_
1017 2228 1076 2260 νει·-
1095 2233 1115 2260 ο

294 2252 336 2278 bis
348 2253 402 2278 oris
418 2253 509 2279 vestri.
523 2252 610 2286 Super
623 2254 729 2280 excelsa
751 2255 904 2281 cohsreude
923 2264 929 2281 :
943 2256 1031 2283 cxalta
1049 2256 1076 2282 itt

295 2286 455 2324 fortitudine
466 2295 558 2314 vocent
575 2293 648 2324 tuam
667 2298 673 2315 :
691 2289 732 2315 abi
749 2289 776 2315 in
792 2289 944 2321 latitudine,
960 2291 1075 2324 prmdica

291 2329 355 2349 cum
378 2322 485 2353 fiducia,
500 2327 529 2349 ut
545 2323 683 2350 auferatur
699 2328 724 2350 ct
740 2324 766 2350 in
791 2322 965 2351 abolitionem
987 2326 1076 2352 veniat

295 2357 430 2389 itnpositio
442 2364 618 2391 manus.qu:e
630 2367 676 2392 per
688 2359 816 2392 pecunias
827 2360 864 2389 fit.
880 2369 888 2385 I
903 2364 954 2386 etc.
965 2359 1032 2386 Nam
1048 2365 1078 2387 ut

294 2393 345 2418 sub
363 2392 468 2418 initium
486 2393 589 2423 scribit,
605 2402 613 2418 ι
626 2394 745 2420 fraterna
763 2399 790 2420 et
803 2399 911 2421 summo
924 2393 1093 2421 sacerdotio'

290 2428 420 2462 decorata
439 2429 569 2454 sanctitas
598 2433 696 2459 vestra,
719 2429 780 2462 jure
804 2437 835 2456 ac
860 2429 1011 2456 secundum
1029 2429 1075 2456 Dei

293 2461 471 2494 l'olttuiuictn,
487 2463 669 2496 pontificalem
685 2461 815 2490 ordinans
830 2465 967 2497 pietatem.
985 2465 1078 2497 opina-

295 2497 427 2538 tis~jmam
444 2497 528 2538 habet
543 2497 668 2538 gloriam:
681 2508 690 2524 ι
708 2499 810 2538 Graece,
834 2499 864 2525 'H
880 2498 927 2538 οιξν
944 2499 1076 2538 ἀδξλερικῂ

292 2531 371 2568 ιὲμιζνι
384 2531 555 2567 ἁρχιεροπὴςγ
565 2533 702 2567 ἁγιωσύνῃ
716 2533 852 2568 ὲνθέσμως
866 2535 912 2559 x11
923 2534 993 2560 κατὰ
1008 2531 1076 2560 Θεοῦ

313 2566 422 2604 υύξιῃσιν
443 2567 651 2604 περ-δταγεύρρρπι
670 2566 901 2604 τῂννῑεράρχικὴν
921 2569 1074 2602 ἁγίπειαν,

309 2601 510 2638 εαὸόηῖοζέχειν
518 2602 567 2638 τὴν
578 2603 667 2634 δόξαν.
678 2601 777 2630 Eadem
795 2601 830 2630 ita
841 2601 934 2630 (lt-inec
947 2601 1077 2637 leguntur

292 2642 319 2662 et
334 2636 403 2670 apud
421 2636 593 2664 Theodorum
625 2637 813 2664 llalsatuonem
831 2639 900 2664 inter
919 2636 1076 2665 sanctorum

294 2672 405 2698 Patrum
423 2671 556 2705 Epistolas
571 2672 734 2704 Canonicas,
764 2674 798 2699 ab
815 2681 847 2699 eo
875 2678 934 2707 post
950 2673 1077 2700 Canones

294 2707 485 2741 Apostolorum
512 2712 538 2734 et
566 2708 751 2735 Conciliorum
781 2709 885 2740 editas,
911 2714 937 2735 ct
967 2714 1039 2735 tumo
1068 2707 1077 2733 l

293 2741 368 2769 Juris
386 2742 611 2769 Graeco-Romani
631 2751 644 2769 a
660 2742 766 2769 Joanne
778 2742 942 2770 Lcunelavio
959 2743 1075 2774 collecti,

295 2777 341 2803 lib.
360 2777 406 2807 Ill,
427 2777 473 2813 qui
490 2778 594 2812 primos
612 2783 653 2804 est
670 2778 844 2813 Dccrclorum
858 2778 1028 2813 synodalium
1043 2779 1078 2804 ab

296 2812 450 2839 Euiutundo
466 2812 603 2840 lioneiidio
615 2817 678 2840 ante
694 2812 788 2840 Latine
803 2812 940 2840 redditus:
957 2813 1078 2847 excujus

295 2848 420 2874 versione
446 2852 547 2882 partem
573 2848 655 2880 hujus
684 2848 804 2882 epistula:
830 2848 915 2875 edidit
946 2847 1077 2875 Barouius

294 2889 341 2908 an.
355 2882 414 2914 757,
432 2891 505 2910 ttilltl.
526 2885 554 2910 bl
575 2890 597 2910 et
612 2883 655 2916 iii,
677 2884 795 2910 sudante
815 2892 889 2911 num.
908 2883 941 2910 60
956 2883 1077 2910 ltit’t‘cttti

1130 293 1219 320 neque
1245 286 1271 313 ei
1291 285 1438 320 quidquam
1463 285 1573 313 daretur
1598 284 1756 316 laxamenti,
1782 284 1830 312 sed
1847 284 1916 313 adli-

1129 331 1222 359 ctione
1233 336 1261 359 et
1275 331 1398 360 cruciatu
1413 331 1487 370 omni
1507 338 1540 359 ex
1561 335 1637 365 parte
1652 335 1807 365 urgeretur,
1822 331 1916 358 detur-

1129 375 1246 404 babatur
1272 376 1298 403 in
1330 375 1498 410 profundum
1525 375 1725 409 desperationis
1749 383 1806 410 prae
1832 376 1915 405 animi

1128 421 1300 456 aegritudine.
1326 421 1351 449 Is
1370 429 1433 449 cum
1459 425 1568 451 noctem
1593 421 1766 450 observasset
1783 422 1917 456 intempeo

1129 472 1209 499 stam,
1224 475 1272 494 eos
1285 467 1386 499 latens,
1400 475 1516 502 quorttm
1529 467 1660 495 custodiat
1676 466 1764 495 fuerat
1784 468 1914 499 creditus,

1129 512 1163 539 ad
1177 512 1269 546 templi
1284 505 1406 540 divinum
1422 520 1452 540 se
1477 512 1592 539 contulit
1611 512 1756 548 refugium.
1772 512 1841 540 Cum
1866 521 1916 540 au-

1131 560 1183 583 tem
1200 556 1297 584 fuisset
1312 557 1382 584 intra
1398 558 1487 592 adyta,
1504 558 1667 584 venerandae
1690 564 1793 584 mensae
1813 558 1911 585 mordi-

1130 609 1178 628 cus
1195 602 1374 636 apprehensis
1397 603 1536 635 cornibus,
1554 610 1585 630 ea
1609 603 1719 631 tenebat
1738 594 1800 630 cuin
1819 611 1917 638 magno

1130 651 1248 674 tremore
1275 652 1303 674 et
1328 648 1435 675 timore.
1457 647 1524 676 Cum
1547 655 1611 684 ergo
1637 655 1701 675 eum
1727 648 1917 680 cognovissent

1129 692 1276 727 aufugisse,
1293 698 1367 721 metu
1382 701 1416 721 ne
1433 694 1503 721 idem
1518 694 1642 722 subirent
1657 693 1830 728 supplicium,
1844 694 1918 721 velo-

1129 737 1207 765 cibus
1233 738 1348 773 pedibus
1362 743 1498 766 venerunt
1522 739 1556 766 ad
1576 739 1698 766 divinum
1719 738 1861 772 templum.
1890 743 1918 765 et

1130 789 1191 808 eum
1211 782 1375 817 aspicientes
1398 789 1518 815 mensam
1543 782 1662 810 divinam
1691 782 1915 817 apprehendisse.

1129 827 1300 855 circumdant
1314 827 1386 863 adyti
1410 828 1554 859 ambitum,
1572 832 1694 862 tempore
1717 827 1770 854 cibi
1789 828 1916 855 sumendi

1130 879 1177 899 reo
1197 872 1351 907 aperientes
1375 872 1540 908 ingressum,
1566 880 1620 899 non
1638 872 1734 900 dantes
1762 872 1863 905 locum,
1887 877 1918 901 ut

1130 924 1221 953 posset
1237 919 1275 946 uti
1292 919 1404 954 reliquis
1422 919 1582 947 necessariis
1601 927 1608 945 :
1625 919 1672 947 sed
1693 919 1842 954 sperabant
1857 919 1917 946 fore

1130 968 1160 991 ut
1179 971 1241 990 eum
1258 964 1383 998 proderet
1402 965 1560 996 necessitas,
1589 969 1617 992 ct
1633 972 1695 992 eum
1719 965 1761 993 vel
1777 965 1918 993 nolemem

1129 1009 1286 1043 expelleret.
1310 1010 1485 1037 Adhibebant
1501 1011 1591 1044 itaque
1609 1010 1739 1044 majorem
1752 1011 1917 1038 custodiam.

1129 1053 1281 1082 Prohibent
1304 1055 1378 1082 enim
1408 1054 1521 1081 omnino
1543 1054 1696 1089 ingressum
1721 1054 1755 1082 ad
1774 1062 1861 1086 aram,
1888 1058 1919 1081 ut.

1129 1107 1212 1126 nemo
1233 1107 1295 1126 cum
1319 1107 1446 1126 sermone
1471 1099 1634 1134 impertiret,
1659 1103 1706 1126 aut
1730 1100 1764 1127 ad
1789 1108 1848 1132 eos,
1871 1099 1918 1134 qui

1129 1148 1306 1177 erantextra,
1325 1145 1433 1179 aliquod
1451 1144 1564 1171 verbum
1583 1144 1617 1171 ab
1629 1151 1662 1171 eo
1676 1145 1917 1172 transmitteretur.

1164 1191 1208 1218 26.
1225 1190 1293 1218 Cum
1310 1191 1368 1218 haec
1386 1191 1467 1226 igitur
1481 1192 1621 1218 venissent
1638 1183 1769 1218 ad'aures
1785 1183 1918 1222 Pastoris,

1129 1244 1192 1263 eum
1210 1236 1385 1270 repleverunt
1407 1236 1522 1264 maxima
1537 1236 1620 1263 animi
1637 1236 1809 1272 aegritudine.
1829 1242 1858 1264 ut
1870 1237 1919 1272 qui

1129 1282 1236 1309 videret
1256 1282 1489 1316 contemptionem
1505 1282 1660 1309 divinorum
1683 1287 1917 1309 sacramentorum

1130 1334 1240 1354 movure
1265 1328 1299 1355 ad
1323 1327 1538 1362 indignationem
1561 1327 1694 1356 bonorum
1718 1327 1849 1354 datricem
1869 1326 1918 1354 Dei

1130 1371 1338 1407 benignitatem.
1356 1371 1408 1399 Sed
1423 1372 1512 1399 videte
1533 1380 1548 1399 a
1571 1372 1742 1402 misericordi
1757 1371 1919 1407 Patre'sup-

1131 1419 1281 1453 peditatum
1297 1423 1363 1446 tttnc
1376 1418 1400 1446 ei
1414 1418 1556 1451 auxilium,
1572 1423 1600 1446 et
1610 1418 1780 1446 admiramini
1796 1419 1917 1453 pruden-

1131 1463 1207 1491 tiam.
1227 1463 1265 1491 Eo
1279 1464 1353 1492 enim
1377 1468 1515 1498 tempore,
1537 1471 1591 1498 quo
1605 1464 1749 1499 oportebat
1762 1463 1854 1491 cibum
1869 1470 1918 1491 sn-

1132 1517 1207 1537 mere
1221 1517 1295 1542 eum,
1309 1509 1354 1544 qui
1367 1509 1546 1545 allligebatur,
1561 1516 1638 1536 sacra
1656 1513 1730 1536 reste
1745 1516 1774 1535 se
1787 1507 1916 1543 induens,

1095 1573 1115 1602 ο
1132 1555 1357 1602 proficiscebatur
1381 1554 1414 1582 ad
1436 1555 1545 1602 adytum
1562 1559 1618 1602 :Act
1632 1562 1680 1602 per
1696 1554 1836 1602 dexteram
1855 1561 1919 1588 por-

1134 1604 1188 1627 tam
1207 1600 1386 1636 ingrediens,
1403 1607 1463 1634 quaa
1480 1600 1513 1627 ad
1537 1599 1712 1627 reficiendum
1729 1599 1815 1626 virum
1839 1604 1920 1627 erant

1131 1646 1296 1678 necessaria,
1323 1645 1524 1680 suppeditabat,
1543 1645 1651 1672 abunde
1673 1652 1706 1672 ex
1728 1652 1758 1672 se
1778 1644 1917 1672 alferens:

1132 1696 1159 1718 et
1174 1691 1272 1718 deinde
1287 1691 1388 1723 abibat,
1403 1698 1466 1717 eum
1479 1691 1646 1724 relinquens.
1660 1689 1688 1716 Si
1707 1689 1814 1724 quando
1826 1694 1919 1717 autem

1132 1741 1236 1769 venter,
1255 1736 1297 1763 cui
1315 1736 1407 1771 negari
1423 1743 1476 1762 non
1495 1739 1593 1770 potest,
1609 1742 1672 1762 eum
1687 1738 1797 1769 cogeret
1817 1734 1919 1765 facere.

1131 1790 1192 1818 quae
1207 1786 1271 1810 sunt
1287 1781 1417 1816 requisita
1432 1785 1538 1808 natura:
1548 1801 1555 1813 ,
1571 1788 1604 1807 ex
1627 1780 1680 1807 alto
1694 1787 1788 1807 rursus
1805 1780 1921 1807 descen-

1131 1827 1208 1859 dens,
1243 1831 1271 1853 et
1299 1834 1361 1853 eum
1387 1825 1421 1853 ad
1441 1833 1578 1852 secessum
1598 1825 1736 1852 deducens
1752 1830 1779 1852 et
1804 1832 1919 1859 exspec-

1131 1876 1201 1905 tans,
1230 1862 1257 1899 e't
1291 1879 1354 1899 eum
1379 1874 1473 1906 postea
1498 1878 1580 1898 manu
1603 1870 1733 1905 capiens,
1759 1870 1920 1897 restituebat

1131 1941 1157 1968 in
1179 1940 1352 1967 Theodorum
1372 1939 1572 1970 Balsamonem,
1589 1938 1667 1973 quasi
1680 1938 1703 1965 is
1713 1938 1919 1973 acerbissimas

1132 1975 1260 2002 Romante
1274 1974 1402 2001 Ecclesia:
1418 1974 1504 2001 hostis
1519 1974 1587 2000 hanc
1599 1972 1694 2000 inusta
1709 1972 1839 2000 Simonize
1855 1979 1901 2001 not

1131 2009 1363 2043 contemptibilent
1392 2009 1504 2035 reddere
1534 2008 1671 2040 voluerit;
1696 2007 1775 2041 cujus
1811 2008 1920 2040 injuriae

1131 2053 1195 2072 retts
1216 2045 1324 2080 videtur
1343 2043 1499 2080 Bonclidius
1524 2043 1628 2080 aliusve
1657 2043 1694 2070 ita
1722 2044 1919 2080 interpretatus

1131 2080 1211 2106 verba
1230 2079 1322 2106 Graeca
1340 2086 1421 2112 supra
1439 2079 1523 2105 relata
1539 2087 1546 2105 :
1567 2086 1577 2103 ‹
1598 2077 1728 2104 Fraterna
1750 2077 1816 2111 ergo
1826 2083 1918 2104 vestra

1130 2113 1309 2141 sacerdotalis
1323 2114 1465 2144 sanctitas,
1492 2120 1554 2147 qua:
1581 2120 1636 2139 non
1661 2113 1731 2146 jure,
1749 2119 1800 2138 nec
1822 2119 1855 2139 ex
1872 2112 1918 2139 Dei

1130 2150 1271 2176 voluntate
1300 2148 1456 2182 pontilicale
1482 2155 1584 2174 munus
1603 2147 1790 2176 administrat.
1818 2154 1918 2180 magna

1131 2184 1236 2211 laborat
1257 2181 1378 2215 infamia,
1401 2191 1410 2208 ι
1445 2182 1630 2217 quamiillius
1658 2181 1734 2208 itttidi
1761 2182 1919 2217 interpretis

1131 2219 1337 2246 translationem
1353 2218 1389 2244 ita
1406 2215 1519 2251 corrigit
1539 2216 1722 2243 Leuaclavius
1737 2225 1743 2243 :
1761 2225 1770 2241 ι
1787 2215 1918 2243 Fratema

1132 2261 1197 2289 ergo
1210 2252 1490 2289 vestrasacerdotalis
1505 2252 1650 2289 sanctitas,
1667 2259 1729 2289 qnae
1745 2251 1868 2285 legitime
1886 2258 1920 2278 ac

1132 2286 1284 2316 secundum
1304 2287 1350 2313 Dei
1370 2287 1537 2313 voluntatem
1558 2286 1740 2320 pontilicalem
1770 2293 1919 2312 consecra-

1132 2323 1234 2350 tionem
1249 2322 1435 2354 administrat,
1461 2320 1644 2355 percelebrem
1661 2321 1740 2347 habet
1758 2320 1885 2355 gloriam.
1904 2329 1915 2346 »

1131 2358 1282 2385 Gcntiauus
1299 2356 1431 2383 Hcrvetus
1454 2354 1624 2383 Balsamonis
1653 2354 1788 2389 interpres
1808 2354 1845 2381 ita
1861 2355 1920 2381 haec

1132 2393 1229 2420 habet:
1252 2401 1261 2417 ι
1280 2392 1408 2418 Fraterna
1419 2398 1485 2425 ergo
1501 2394 1589 2418 vestra
1620 2390 1798 2417 sacerdotalis
1813 2389 1919 2425 sancti-

1133 2433 1183 2459 tas,
1198 2435 1259 2461 qum
1272 2426 1391 2461 legitime
1408 2424 1489 2460 atque
1502 2433 1539 2461 ex,
1553 2425 1597 2461 Dei
1614 2425 1750 2452 voluntate
1765 2424 1922 2461 pontiﬁcale

1132 2459 1232 2488 munus
1251 2459 1434 2491 administrat,
1447 2459 1636 2494 ’pcrcelcbrem
1658 2461 1738 2486 habet
1758 2459 1886 2494 gloriam.
1907 2467 1918 2484 ι

1133 2495 1194 2524 lbet:
1214 2497 1338 2532 pluribus
1349 2493 1507 2532 deducenda
1522 2495 1660 2532 duximus,
1679 2499 1708 2521 ut
1732 2494 1854 2532 suspitio
1866 2493 1920 2532 Ba:

1132 2527 1352 2563 rouii'tollatur,
1389 2530 1423 2557 de
1448 2531 1499 2556 bac
1529 2529 1642 2564 epistola
1669 2527 1789 2556 nomine
1811 2527 1920 2555 Tarasii

1131 2568 1204 2593 ficta.
1581 2573 1583 2575 ‘

1168 2601 1223 2636 (5|)
1238 2600 1422 2636 Theophanes
1433 2599 1534 2636 Indict.
1547 2598 1694 2636 _l§,_anno
1712 2598 1822 2636 imperii
1843 2596 1919 2636 Con-

1131 2633 1242 2663 stantini
1254 2641 1280 2663 et
1293 2633 1384 2672 Irencs
1395 2635 1437 2672 1οε
1452 2634 1554 2672 Christi
1568 2634 1628 2666 790,
1643 2643 1652 2659 ι
1667 2636 1800 2672 Augusta,
1817 2633 1918 2672 inquit.

1132 2672 1343 2706 comprehensos
1366 2670 1492 2696 homines
1521 2667 1828 2706 imperatoris,’pmncs
1850 2667 1922 2706 diris

1132 2701 1290 2733 verberibus
1305 2712 1391 2732 ctesos
1405 2709 1433 2731 et
1455 2708 1548 2731 tonsos
1562 2701 1620 2730 'una
1638 2711 1700 2730 cum
1726 2702 1834 2730 Joanne
1851 2701 1922 2728 Pro-

1133 2741 1298 2775 tospathario
1306 2745 1331 2767 et
1342 2739 1434 2774 bajuio
1444 2738 1597 2775 ipsius,rcui
1608 2738 1922 2775 l’ieridiuscognomen-

1134 2772 1202 2806 tum,
1225 2777 1257 2801 ad
1274 2772 1394 2802 remotos
1417 2772 1524 2808 imperii
1540 2774 1608 2808 lines
1623 2781 1711 2807 usque
1740 2773 1767 2799 in
1795 2772 1920 2808 Siciliam

1133 2811 1261 2844 relegavit
1271 2810 1389 2837 exsules.
1405 2818 1414 2834 ι
1439 2806 1474 2836 De
1488 2809 1539 2836 hoc
1549 2807 1846 2844 Joattneintcliigenda
1863 2806 1922 2844 llaec

1133 2841 1280 2872 arbitratur
1309 2845 1443 2872 tlarouius
1462 2851 1533 2871 anno
1552 2843 1603 2872 789
1620 2843 1665 2869 ubi
1687 2841 1920 2869 bauc'historiam

1135 2882 1212 2907 refert
1229 2889 1304 2907 nunt.
1318 2881 1344 2912 ἷὶ,
1368 2880 1375 2906 1
1397 2885 1423 2906 et
1440 2879 1456 2906 5
