2051 3154
124 202 194 234 1405

889 199 988 230 VlTA.

1681 194 1751 229 1406

123 257 264 286 tribunali.
287 257 370 292 quue
393 264 447 284 non
471 255 555 284 semel
578 259 605 283 et
627 255 670 283 bis
686 255 713 282 in
729 255 773 283 die
786 255 913 286 faciebat,
930 259 950 285 Α
967 263 1090 290 personae
1112 255 1203 283 divitis
1221 254 1398 290 gratificans:
1417 253 1463 280 sed
1488 253 1513 279 iuu
1535 251 1664 279 omnibus
1684 252 1753 286 juris

123 303 171 331 sed
185 303 294 338 quoties
305 306 434 330 evocatus
444 306 502 328 erat
514 301 547 328 ad
562 301 616 328 hoc
630 301 812 328 ministerium
826 300 860 327 ab
869 307 912 332 eo,

123 349 169 384 qui
188 348 308 384 graviter
322 347 537 383 periclitabatur.

160 395 206 422 27.
225 393 302 421 Hanc
330 393 510 420 insatiabilem
533 391 623 419 divini
644 391 694 419 viri
721 392 915 419 demissionem

125 439 296 466 admirantes
308 438 420 470 milites,
433 441 460 464 et
473 437 530 464 fieri
547 444 602 464 non
620 444 700 472 posse
715 436 875 472 cogitantes,
889 438 918 462 ut

126 486 173 520 qui
186 485 301 520 supplex
317 488 387 516 erat,
414 488 567 518 caperetur,
590 482 711 518 quandiu
733 482 799 517 justi
820 488 918 508 manus

126 539 189 558 eum
208 534 325 566 regeret,
345 529 502 564 improbum
517 529 544 555 in
561 536 622 556 eum
637 531 746 555 struunt
761 527 916 559 consilium,

128 576 202 610 quod
218 575 365 610 superabat
381 581 490 601 omnem
507 574 631 601 fraudem
647 578 675 600 et
687 572 825 600 astutiam.
843 571 919 599 Clam

129 622 203 649 euuim
230 629 280 656 per
303 621 386 648 aliuun
415 621 525 655 adytum
558 619 692 647 collocant
722 618 856 649 insidias,
891 621 920 644 ut

129 666 240 702 quando
253 673 286 694 ex
303 665 388 693 sacris
408 665 497 701 adytis
514 672 593 692 ovem
608 668 701 699 pastor
726 663 846 690 traheret
869 671 920 689 na-

131 717 200 739 tura:
223 711 400 743 servientem,
425 718 484 738 eam
510 711 597 737 instar
621 710 746 744 luporum
773 713 919 744 raperent:

131 759 205 794 quod
221 758 303 786 etiam
322 757 423 784 factum
444 761 496 784 est.
512 756 582 783 Nam
599 763 660 782 cum
685 760 795 782 sanctus
816 755 878 787 viri,
892 759 923 782 ut

133 804 249 836 solebat,
265 810 357 830 curam
370 806 488 838 gereret,
504 806 532 829 et
544 802 577 829 ad
595 801 725 836 requisita
743 806 845 828 natura:
860 808 922 827 eum

131 850 257 881 duceret,
283 848 312 881 ii,
338 848 385 883 qui
408 855 504 875 secure
531 847 652 874 latebant
676 847 703 873 in
730 847 846 879 insidiis,
875 854 924 881 per

133 897 214 924 aliam
231 900 339 931 portam
354 895 548 929 irrumpentes,
565 901 627 921 eum
643 892 762 927 rapiunt,
781 896 808 919 et
825 892 859 918 ad
880 899 924 918 re-

132 943 203 978 giam
221 949 270 976 per
284 941 337 968 vim
353 941 476 967 trahunt.
492 939 638 974 Postquam
654 943 744 966 autenu
763 938 924 966 sceleratam

135 989 284 1017 infelicium
296 987 526 1016 machinationem
540 987 567 1013 in
578 993 640 1013 eum
653 986 813 1013 adornatam
826 991 925 1018 cogno-

136 1036 175 1063 vit
200 1039 294 1070 pastor
314 1033 523 1063 sanctissimus,
549 1031 587 1058 ira
611 1034 639 1058 et
662 1030 757 1058 dolore
779 1033 924 1063 arreptus,

137 1081 210 1108 nulla
227 1084 306 1108 utens
325 1079 467 1111 dilatione,
483 1078 516 1105 ad
533 1077 588 1113 (5‘2)
605 1076 754 1104 Elentluerii
773 1075 864 1106 aulam
879 1082 926 1101 re-

135 1124 206 1161 giam
225 1123 298 1159 (illic
313 1123 387 1150 enim
408 1127 474 1149 tunc
500 1122 570 1149 forte
590 1121 702 1155 contigit
720 1121 818 1155 degere
840 1120 927 1154 impe-

137 1169 281 1203 ratricem)
305 1169 420 1196 accedit.
447 1168 514 1195 Cum
538 1167 556 1194 ii
582 1174 646 1194 vero
668 1167 756 1193 Patris
778 1166 925 1193 adventum

139 1216 297 1247 sensissent,
323 1218 351 1242 et
370 1214 430 1249 ejus
460 1213 632 1248 praesentiam
658 1212 684 1238 in
707 1212 781 1246 ipsos
806 1211 927 1239 futuram

139 1261 198 1288 zelo
221 1261 327 1295 plenam
347 1264 374 1287 et
399 1260 486 1287 instar
510 1258 581 1286 acuti
606 1258 686 1293 gladii
713 1257 927 1291 suspieareuutur,

139 1315 201 1334 eum
218 1307 343 1333 siverunt
369 1310 446 1333 extra
473 1305 584 1340 regiam,
612 1311 647 1330 ne
669 1310 794 1331 sermone
819 1302 929 1336 quidem

141 1352 255 1387 dignati.
280 1351 326 1378 Ille
345 1355 437 1378 autem
460 1350 556 1377 videns
580 1356 660 1376 suum
687 1349 835 1375 adventum
862 1347 928 1374 nihil

142 1397 192 1424 sibi
214 1396 362 1431 profuisse,
385 1396 580 1424 ecclesiasticue
598 1403 686 1430 poena:
703 1394 820 1422 vinculis
834 1402 931 1421 onunes

137 1443 324 1470 communiter
338 1443 445 1478 alligat,
464 1443 646 1478 pronuntians
668 1441 794 1475 indignos
809 1448 932 1468 commu-

142 1489 226 1516 nione
242 1488 344 1516 Christi
361 1493 608 1520 sacranuentorunu,
624 1488 647 1514 si
668 1487 721 1514 ullo
738 1487 811 1522 gravi
832 1487 932 1514 damno

142 1534 283 1563 afficerent
308 1542 381 1567 eum,
399 1535 445 1569 qui
462 1534 621 1569 confugerat
644 1533 759 1568 supplex
781 1533 815 1565 ad
840 1532 933 1560 Eccle-

965 299 1185 327 indeclinabilem
1213 307 1323 326 servans
1345 298 1576 328 distributionem.
1601 305 1657 324 non
1672 296 1753 323 dabat

965 345 1054 372 locum
1069 345 1113 376 iis,
1132 345 1179 380 qui
1200 344 1327 372 volebauut
1349 344 1475 379 proximo
1499 343 1589 370 facere
1614 343 1750 377 injuriam.

968 390 1022 418 Sed
1046 390 1117 418 forte
1132 390 1222 426 legum
1237 391 1353 425 quidem
1377 394 1476 417 rectam
1492 394 1519 417 et
1532 396 1667 423 nusquam
1690 395 1754 422 pro-

966 437 1133 472 pendentem
1157 436 1331 464 conservavit
1350 436 1493 467 trutinam,
1519 435 1643 469 despexit
1663 438 1754 462 autem

967 482 1027 517 juura
1040 503 1048 516 ,
1066 487 1128 517 quae
1151 482 1280 516 praeclare
1303 485 1461 508 statuuntur
1481 489 1495 507 a
1515 478 1686 508 canonibus?
1703 478 1755 505 Mi-

969 528 1064 555 nime:
1082 527 1129 555 sed
1139 535 1201 555 cum
1219 527 1302 555 sciret
1320 527 1408 562 legunu
1421 527 1593 553 severitatem
1620 523 1757 552 canonica}

969 573 1140 600 auctoritatis
1164 573 1193 600 in
1219 572 1311 600 multis
1328 579 1389 599 esse
1404 579 1525 600 sororem
1543 576 1571 598 et
1592 575 1756 600 consortem,

972 623 998 646 ul
1026 619 1147 654 prudens
1169 619 1253 654 judex
1273 618 1343 645 hanc
1357 625 1418 645 eum
1440 617 1483 644 illa
1503 614 1706 650 contemperat,
1730 619 1758 642 et

973 665 1095 692 ostendit
1118 671 1180 691 esse
1201 664 1348 699 legitimam
1364 670 1499 690 canonum
1514 661 1716 689 accurationcm
1731 661 1758 687 iuu

972 710 1015 741 iis,
1034 718 1095 744 quae
1109 709 1241 737 canonice
1254 709 1443 743 corriguntur;
1465 708 1554 742 legum
1568 715 1632 734 vero
1649 706 1760 733 rectitu-

973 755 1064 782 dinem
1079 755 1106 781 in
1122 755 1165 787 iis,
1182 762 1242 789 quae
1256 753 1376 789 legitime
1393 757 1521 788 aguntur,
1539 752 1696 779 canonicam
1711 751 1761 778 ob-

974 801 1166 836 signationem.
1194 800 1271 832 Quod
1289 804 1379 826 autem
1400 806 1455 826 non
1473 798 1622 833 prodiderit
1643 798 1694 825 hoc
1714 797 1760 824 Dei

974 851 1002 873 et
1016 847 1139 874 divitirum
1155 850 1332 884 praeceptum,
1350 844 1397 872 sed
1416 852 1448 871 ex
1464 852 1542 879 a:quo
1556 851 1688 870 canonem
1703 851 1762 870 ser-

974 892 1080 920 vaverit
1095 897 1122 918 et
1134 892 1230 927 legem,
1250 899 1304 918 non
1318 895 1358 918 est
1373 891 1507 918 obscurus
1524 890 1612 922 testis,
1629 897 1708 924 quem
1722 894 1764 917 cst

975 941 1176 973 consequenter
1191 932 1342 965 adductura
1358 937 1455 964 oratio.

1010 984 1056 1011 ‘29.
1074 983 1167 1011 Dictus
1184 983 1236 1010 fuit
1252 983 1307 1018 (55)
1332 982 1481 1017 imperator
1501 980 1698 1009 Constantinus
1719 980 1764 1014 ju-

976 1028 1065 1060 venis,
1082 1028 1232 1055 desistente
1248 1032 1336 1054 matre
1351 1027 1429 1054 lrene
1446 1035 1460 1054 a
1475 1027 1620 1062 eonjuuucta
1637 1033 1697 1052 cum
1718 1024 1765 1052 illo

977 1075 1098 1102 rcctione
1115 1074 1234 1108 imperii.
1259 1078 1287 1100 et
1310 1073 1383 1101 solus
1398 1073 1509 1100 tenebat
1527 1073 1631 1099 clavum
1649 1070 1765 1098 admini-

977 1121 1127 1148 strationis.
1138 1120 1188 1153 Qui
1200 1128 1262 1148 cum
1274 1123 1348 1147 esset
1360 1119 1460 1153 alioqui
1473 1119 1570 1150 bonus,
1588 1125 1642 1144 non
1653 1116 1766 1143 omnino

978 1171 1068 1194 autem
1085 1166 1198 1193 firmiter
1215 1165 1332 1195 tenebat,
1351 1172 1411 1199 qua).
1428 1164 1460 1191 ad
1480 1172 1573 1198 puraun
1586 1167 1613 1190 ct
1631 1165 1766 1189 sinceram

979 1212 1059 1240 fidequ
1076 1212 1226 1247 pertinent,
1247 1215 1273 1238 et
1293 1211 1365 1245 quod
1381 1210 1519 1244 juniorum
1536 1209 1672 1236 mentibus
1696 1214 1767 1242 surpe

976 1258 1048 1285 solet
1063 1257 1221 1288 usuvenirc,
1237 1257 1326 1283 elatus
1342 1263 1411 1282 vauua
1429 1255 1615 1290 persuasione,
1630 1253 1701 1288 quod
1716 1253 1766 1279 sibi

979 1302 1131 1333 videbatur,
1152 1301 1325 1328 existimabat
1350 1300 1450 1334 justius
1472 1299 1579 1334 scriptis
1603 1298 1716 1333 legibus.
1744 1297 1769 1324 ls

980 1346 1133 1382 aggreditur
1156 1346 1293 1372 infirmare
1317 1345 1399 1380 leges,
1424 1347 1451 1370 et
1475 1343 1546 1378 quod
1562 1351 1577 1370 a
1598 1342 1712 1369 Domino
1727 1342 1768 1368 di-

979 1396 1054 1419 ctuun
1069 1395 1111 1419 est
1126 1391 1154 1418 in
1166 1391 1329 1425 Evangeliis,
1347 1389 1498 1425 patrocinio
1514 1393 1593 1416 uterus
1606 1396 1661 1416 sua:
1676 1393 1773 1423 potuit-

979 1437 1025 1464 tite
1041 1446 1047 1463 :
1061 1441 1088 1463 et
1099 1444 1159 1463 cum
1175 1435 1315 1462 statuisset
1330 1442 1345 1461 a
1362 1442 1410 1461 sua
1425 1433 1481 1468 (5L)
1497 1434 1611 1468 conjuge
1625 1432 1714 1459 facere
1729 1432 1771 1459 di-

981 1483 1110 1514 vortium,
1127 1486 1154 1509 et
1174 1481 1229 1516 (55)
1250 1481 1329 1508 aliam
1354 1480 1381 1507 in
1401 1480 1492 1507 animo
1508 1479 1622 1506 haberet
1641 1478 1771 1506 extollere

983 1529 1016 1555 ad
1034 1528 1139 1563 imperii
1151 1527 1335 1559 altitudinem,
1350 1526 1458 1561 juvenis
1473 1525 1587 1552 adornat
1605 1524 1709 1551 facinus
1728 1524 1772 1550 in-

144 1582 224 1609 siam.
245 1581 314 1609 Cum
330 1581 389 1608 haec
401 1588 467 1615 ergo
481 1585 609 1615 tanquam
623 1587 656 1606 ex
677 1578 823 1613 apostolica
839 1582 933 1605 aucto—
946 1587 967 1616 α
983 1575 1095 1610 dignum
1102 1581 1156 1600 sua
1168 1576 1312 1608 potestate.
1333 1572 1361 1599 Id
1375 1575 1464 1598 autem
1480 1570 1531 1598 fuit
1546 1569 1691 1597 mortiferae
1707 1569 1772 1595 insi-

145 1627 225 1654 ritate
242 1627 328 1655 libere
345 1627 469 1658 dixisset,
491 1630 534 1653 est
555 1633 693 1653 reversus.
711 1625 751 1652 Illi
769 1629 860 1652 autem
875 1631 934 1650 ma-

139 1673 222 1708 gistri
237 1668 303 1700 linis
318 1673 433 1705 astricti,
449 1680 511 1699 cum
527 1676 582 1699 nan
600 1676 712 1706 possent
725 1671 846 1705 effugere
859 1677 934 1697 sacra

146 1718 211 1745 retia
233 1725 320 1752 paenae
344 1717 548 1748 ecclesiasticae,
565 1717 598 1744 de
619 1723 666 1743 reo
682 1716 792 1750 quidem
808 1722 863 1743 non
878 1723 936 1742 am-

148 1763 219 1798 plius
234 1764 356 1791 habuere
370 1763 548 1798 quaestionem
561 1761 714 1794 tormentis,
728 1761 776 1788 sed
791 1761 936 1788 verborum

147 1810 212 1837 solis
232 1809 492 1843 examinatiouuibus,
504 1808 538 1835 de
548 1808 647 1842 quibus
660 1808 790 1843 agebatur
800 1806 935 1842 pecuniis,

148 1855 279 1881 trutinam
303 1854 503 1886 exinanientes,
531 1858 660 1888 tanquanu
680 1853 856 1880 innocentem
875 1860 936 1879 eum

148 1900 302 1935 absolvunt.
321 1900 396 1927 Talis
409 1904 468 1927 erat
490 1900 518 1926 in
536 1907 632 1927 omnes
651 1899 693 1926 vir
711 1898 830 1930 divinus,
846 1898 938 1925 divina

150 1945 293 1973 vindicans
306 1952 338 1972 ac
354 1944 517 1979 defendens,
534 1949 562 1972 et
581 1952 630 1980 pro
645 1944 734 1980 gregis
756 1944 854 1975 ovibus
869 1943 940 1979 peri-

150 1991 241 2018 culum
258 1991 365 2018 adiens.
535 1986 541 1992 ”

452 2076 566 2105 CAPUT
588 2075 643 2104 VII.

153 2143 266 2171 Sanctus
283 2143 408 2170 Tanusius
430 2144 534 2179 fortiter
549 2143 708 2179 Imperatori
732 2143 839 2179 resistit,
857 2142 944 2179 legiti-

190 2187 261 2240 mzlrm
279 2179 415 2219 ganjuyem
430 2177 629 2213 repudiare,'et
641 2177 831 2204 cubicularium
849 2178 944 2204 ducere

190 2222 219 2240 tvo
232 2219 296 2240 enlt.

190 2219 296 2241 υοιεηιι.

984 1620 1046 1652 ἀίω,
1067 1628 1081 1646 a
1103 1619 1220 1653 conjuge
1243 1617 1413 1652 imperatriee
1433 1616 1459 1644 ei
1484 1620 1596 1651 paralze.
1617 1614 1773 1641 Atlirmabat

985 1670 1078 1693 autem
1096 1665 1122 1692 id
1144 1673 1205 1692 csse
1217 1671 1365 1696 venenum,
1381 1663 1454 1698 quod
1469 1670 1531 1689 cum
1549 1665 1613 1696 potu
1637 1661 1773 1692 haustuum,

986 1716 1101 1740 mortem
1117 1711 1198 1738 simul
1216 1710 1379 1738 attraluebat.
1401 1708 1479 1742 Quod
1499 1708 1608 1742 quidem
1627 1707 1777 1737 conabatur

987 1759 1100 1793 probare
1118 1761 1145 1784 et
1160 1756 1272 1784 cuilibet
1290 1755 1464 1790 persuadere,
1480 1758 1509 1781 ut
1525 1754 1647 1789 putabat.
1658 1752 1778 1779 'Putabat

988 1803 1060 1830 enim
1077 1802 1136 1829 fieri
1162 1809 1217 1828 uuon
1240 1808 1330 1835 posse,
1349 1804 1378 1826 ut
1395 1799 1461 1831 fides
1475 1799 1525 1825 sibi
1549 1805 1602 1824 non
1621 1797 1776 1826 haberetur,

989 1857 1051 1878 cum
1066 1853 1139 1876 esset
1153 1848 1311 1882 inuperator,
1326 1849 1353 1872 et
1365 1845 1446 1872 verba
1460 1843 1562 1870 faceret
1577 1841 1647 1877 apud
1660 1849 1716 1872 eos,
1731 1841 1778 1874 qui

989 1895 1103 1930 subjecti
1119 1898 1197 1922 erant
1210 1893 1269 1928 ejus
1293 1891 1415 1926 imperio.
1433 1889 1529 1916 Nullus
1545 1896 1610 1915 vero
1633 1891 1779 1922 persuade—

990 1942 1080 1972 batur,
1098 1940 1150 1967 nisi
1168 1940 1213 1975 qui
1237 1937 1394 1974 gratificans
1412 1934 1578 1970 imperatori,
1599 1937 1709 1968 propter
1722 1933 1779 1968 glo-

992 1989 1058 2015 riam
1075 1981 1101 2013 i'n
1111 1986 1233 2013 animum
1250 1984 1394 2011 inducebat
1406 1983 1481 2017 justo
1495 1981 1538 2016 juus
1550 1980 1680 2007 adimere.

1028 2035 1072 2061 50.
1088 2033 1233 2067 Postquam
1250 2035 1341 2058 auteuuu
1355 2029 1472 2056 excitata
1486 2027 1557 2054 fama
1569 2027 1621 2053 hoc
1633 2024 1781 2052 transmisit

993 2087 1080 2114 usque
1096 2079 1129 2106 ad
1152 2078 1219 2104 atria
1241 2075 1380 2107 Ecclesiae,
1400 2079 1427 2101 et
1451 2073 1556 2100 nefaria
1574 2071 1643 2098 actio
1659 2071 1782 2106 pervenit

995 2133 1081 2160 usque
1095 2125 1130 2151 ad
1143 2131 1224 2151 aures
1238 2121 1383 2158 pontificis,
1399 2120 1426 2147 id
1440 2127 1503 2147 eum
1518 2118 1635 2146 reddidit
1646 2117 1722 2144 valde
1735 2117 1783 2143 du-

996 2171 1070 2198 bium
1086 2174 1113 2196 et
1129 2169 1306 2204 perplexum;
1319 2167 1382 2193 dum
1396 2165 1466 2200 apud
1484 2172 1513 2192 se
1526 2164 1636 2199 cogitat,
1650 2161 1785 2198 quomodo

997 2224 1026 2243 se
1056 2218 1175 2242 armaret
1199 2214 1331 2240 adversus
1360 2211 1431 2238 hanc
1457 2209 1680 2240 deccrtationcnu,
1707 2211 1734 2233 et
1759 2207 1785 2232 in

190 2269 236 2296 28-
257 2268 325 2296 Cum
341 2273 432 2296 autem
449 2273 476 2295 et
492 2269 564 2303 leges
579 2273 707 2295 accurate
728 2272 849 2300 teneret,
866 2273 894 2295 ei,
911 2267 938 2294 in
957 2259 977 2286 D
993 2262 1080 2297 ipsum
1093 2257 1297 2295 imperatorem,
1314 2258 1352 2284 rei
1366 2257 1469 2284 bellica:
1482 2255 1676 2291 peritissimum
1690 2257 1716 2279 et
1731 2253 1786 2279 for-

158 2314 234 2341 onuni
260 2321 361 2349 genere
387 2313 525 2340 canonica:
547 2313 725 2340 rectitudinis
744 2317 817 2340 esset
838 2313 945 2339 exerci-

151 2365 241 2393 tatus,
261 2367 322 2394 quae
335 2359 466 2387 universo
481 2359 622 2387 counuuuuni
643 2359 801 2386 incidebant
817 2359 887 2391 lites,
900 2359 946 2394 ju-

157 2406 284 2437 dicabat,
302 2410 329 2432 et
356 2405 516 2433 acutissima
541 2406 656 2440 cogebat
680 2405 785 2440 prolata
811 2405 947 2432 sententia

157 2459 206 2480 eos
219 2452 292 2480 inter
309 2460 339 2480 se
355 2453 524 2480 convenire:
543 2459 598 2478 non
620 2451 758 2486 pauperis,
778 2452 825 2486 quui
851 2451 879 2478 iuu
904 2451 949 2486 jus

159 2499 308 2527 vocabatur
321 2517 328 2531 ,
347 2498 438 2525 ﬂexus
457 2498 644 2525 misericordia
661 2506 667 2523 :
687 2505 776 2532 neque
799 2497 947 2532 quidquuam

197 2591 253 2626 (52)
271 2590 404 2618 Palatium
426 2589 576 2626 Eleutluerii
599 2589 702 2626 lrenenu
720 2587 951 2626 Augustaun‘atdi-

163 2623 269 2655 litasse.
289 2626 316 2652 in
334 2633 421 2660 eaque
446 2631 472 2652 et
487 2625 588 2652 multas
606 2625 738 2659 pecunias
762 2623 949 2660 abscondisse,

161 2667 216 2689 cta
247 2661 304 2688 lilio
332 2659 515 2687 Constantino
547 2661 606 2687 solo
634 2663 763 2694 regnante
786 2659 950 2694 collocatam

162 2705 223 2724 esse
235 2704 331 2723 nuense
352 2695 507 2726 Decembri,
520 2696 619 2722 Indict.
643 2692 686 2725 Η,
700 2701 772 2720 auuno
782 2693 883 2720 Christi
899 2692 952 2718 790

163 2731 246 2759 tradit
260 2731 451 2765 Theophanes.
468 2729 612 2765 Eamdemr
628 2728 951 2765 iutuperalricenu‘riterurn

163 2767 329 2794 declaratum
337 2763 442 2793 'lndicl.
453 2766 494 2798 l5,
504 2765 547 2793 die
561 2765 592 2792 l5
599 2763 734 2797 Januarii,
744 2764 808 2791 anni
816 2763 881 2791 Chr.
889 2763 951 2795 795,

164 2802 236 2829 idem
251 2802 351 2834 asserit
364 2801 556 2835 Theophanes.

201 2837 257 2869 (55)
269 2833 418 2863 indictione
432 2833 475 2867 lii,
490 2843 583 2863 mense
598 2834 750 2870 Septembri
773 2841 865 2870 annus
879 2833 952 2860 Con-

165 2871 280 2899 stantini
297 2871 382 2898 solius
395 2871 532 2906 regnantis
544 2871 625 2905 coepit
638 2869 864 2906 'uuuuunerari.ergo
880 2876 952 2906 aumo

167 2908 231 2934 [λη’.
251 2906 311 2934 790.
328 2903 470 2942 Legendus
483 2907 514 2934 de
529 2915 560 2934 ea
575 2903 666 2934 rerum
679 2906 748 2940 apud
760 2903 952 2932 Constantino-

997 2309 1131 2336 tissiunuui
1159 2310 1349 2341 pugnatorcm,
1371 2312 1404 2330 ex
1423 2304 1550 2337 pharetra
1568 2305 1595 2327 et
1620 2307 1684 2326 arcu
1704 2299 1785 2325 teluun

994 2354 1169 2390 jacularetur,
1185 2353 1240 2386 jam
1258 2351 1322 2378 olim
1348 2350 1499 2376 honoratus
1515 2346 1675 2374 sacerdotali
1690 2345 1786 2372 horum

998 2401 1119 2432 ouuuniuuu
1135 2398 1269 2426 nuditate.
1285 2397 1353 2423 Cum
1369 2396 1427 2422 haec
1441 2394 1512 2429 apud
1525 2401 1554 2420 se
1568 2399 1681 2428 magnus
1698 2396 1788 2417 mente

998 2450 1119 2474 versaret
1138 2443 1276 2474 Tarasius,
1296 2446 1323 2469 et
1340 2445 1447 2477 pararet
1462 2447 1491 2467 se
1507 2439 1540 2466 ad
1557 2436 1791 2472 congrediendum

999 2501 1060 2520 eum
1073 2493 1245 2526 imperatore,
1267 2493 1294 2516 et
1308 2486 1506 2516 decertandum
1523 2484 1607 2512 armis
1618 2481 1790 2510 sacerdotalis

1001 2583 1136 2617 politanos
1154 2578 1359 2617 perturbatione
1374 2575 1567 2617 Theophanes.
1605 2607 1684 2617 mum
1700 2606 1789 2617 nun"

1037 2606 1404 2653 (53)"ibihioldesponderat
1432 2606 1576 2651 llotrudinu
1605 2606 1791 2653 filiamga-roli

1003 2642 1092 2688 Mdgni
1109 2642 1320 2688 cut_llildegai-_de
1335 2649 1423 2683 prima
1451 2647 1511 2688 ejus
1523 2651 1625 2688 luxere,
1641 2647 1672 2670 ut
1689 2642 1790 2682 (lit-tuin

1006 2691 1033 2716 in
1048 2681 1129 2722 hujus
1146 2686 1207 2712 Vita
1225 2681 1261 2712 ‘2'8
1278 2681 1467 2722 Jauuiuar._eap.
1484 2682 1510 2708 6.
1523 2681 1559 2722 Ea
1579 2684 1668 2718 tamen
1682 2684 1793 2717 inlinuuo

1003 2714 1093 2755 ducta:
1109 2723 1163 2749 sibi
1187 2722 1317 2755 junxernt
1346 2714 1464 2754 puellam
1491 2725 1524 2743 es
1545 2714 1724 2755 Aruneniaeis,
1742 2719 1787 2737 luo-

1004 2761 1077 2788 nuiuc
1088 2753 1208 2784 'Mal‘iafuu
1222 2756 1255 2782 ab
1268 2755 1376 2786 Auutnia,
1393 2758 1419 2780 et
1431 2789 1435 2790 ν
1446 2753 1710 2790 consummaverunt
1727 2754 1793 2790 [Ἦρ-

1175 2782 1333 2823 Novembri,
1345 2782 1492 2816 indictione
1508 2788 1548 2816 lit,
1561 2785 1586 2823 id
1598 2789 1640 2823 est
1650 2790 1722 2823 anno
1731 2782 1789 2823 7.88.

1004 2817 1314 2861 fiayfere-If‘heopluanes.
1327 2817 1403 2851 llanc
1420 2823 1501 2857 cwpit
1518 2820 1646 2857 paulatim
1664 2817 1727 2845 odio
1745 2817 1796 2844 ha-

1005 2866 1068 2893 bere
1084 2871 1114 2890 ac
1131 2863 1199 2889 uelle
1215 2861 1368 2896 repudiare.

1041 2900 1096 2934 (Sil)
1111 2895 1267 2926 Theodoti-iu
1287 2895 1493 2923 (‘tlfliCttlnt'ittllL
