2051 3154
262 167 329 201 1407

806 171 837 201 S.
856 171 1011 201 TARASII
1034 169 1289 199 ΡΑΤΒΙΑΒΟΗίΕ
1317 169 1371 198 CP.

1831 164 1899 198 1408

261 230 322 260 bus,
340 235 404 255 ecce
423 227 532 262 quidam
549 234 581 254 ex
598 227 642 259 iis,
659 226 704 262 qui
718 227 849 262 gerebant
864 227 1049 262 magistratus,
1067 229 1086 255 Α
1103 226 1241 253 tutabatur
1259 226 1285 252 in
1300 224 1490 252 fornicatione.
1517 223 1652 259 impulsus
1666 223 1738 251 enim
1757 224 1792 252 ab
1807 225 1899 260 impu-

261 273 294 300 ttb
306 271 469 306 imperatore
489 272 650 303 instructus,
673 272 836 298 renuntians
856 272 927 306 quod
949 271 1050 298 factum

262 324 294 346 Ic
306 323 497 352 comparatum
514 317 636 350 inaniter
653 317 795 344 dicebatur
814 317 987 347 veneﬁcium,
1007 325 1053 344 ac-

262 363 345 391 cessit
368 363 400 390 ad
417 370 580 398 gnomonem
607 362 761 390 castitatis:
792 370 909 396 eumque
931 363 956 389 id
971 370 1052 396 quant

262 408 396 444 potuisset
411 409 615 436 accuratissime
628 413 657 435 et
669 408 846 435 subtilissime
854 407 1051 439 contexuisset,

263 454 354 482 omnia
367 462 428 481 esse
443 455 596 487 verissima,
612 459 640 481 et
654 462 715 488 quae
730 455 832 480 nullam
847 453 992 481 admittant
1007 461 1054 480 ca-

264 499 407 532 lumniam,
423 499 572 526 aﬁirmabat
591 508 597 526 :
612 504 640 527 et
656 504 686 526 ut
701 500 879 531 cottsentiret,
893 504 923 526 ut
936 499 1053 534 impera-

264 551 307 571 tor
327 549 419 579 posset
433 546 528 572 venire
546 545 580 572 ad
604 546 753 573 secundum
769 549 939 572 contractum
960 545 1055 572 matri-

264 590 359 620 monii,
381 590 508 617 instabat.
529 591 590 618 "th
608 599 669 618 eum
688 591 810 622 dixisset,
829 592 1003 626 exspectabat
1026 596 1054 618 ut

263 636 297 663 de
311 635 344 662 iis
359 642 519 670 responsum
535 636 680 670 acciperet.
695 636 757 669 Cui,
774 644 836 664 eum
851 645 883 663 ex
896 636 950 663 imo
964 637 1054 670 suspi-

265 684 352 707 rasset
367 685 394 707 et
406 679 616 715 lacrymabiliter
629 681 797 713 subrisisset,
818 686 929 709 sanctus
941 689 1055 716 respon-

264 725 303 752 dit
322 733 329 751 :
346 724 374 752 Si
398 725 466 756 haec.
485 729 514 751 ut
531 730 557 752 tu
582 725 686 758 dixisti,
708 727 835 760 cogitavit
853 727 1009 761 imperator,
1029 731 1055 754 et

264 776 375 796 carnem
389 769 481 796 divina
498 770 554 804 lege
570 771 793 805 conglutinatam,
807 775 834 798 et
850 779 910 806 quze
926 779 978 798 una
993 779 1054 798 eum

265 814 325 848 ipso
342 813 409 841 facta
431 820 482 845 est,
501 815 595 841 statuit
610 815 779 847 exscindere,
797 817 898 848 nescio,
922 817 1054 850 quemad-

266 859 376 886 modum
389 859 458 886 feret
472 860 672 894 gravissimum,
690 850 761 895 quod
777 863 802 887 in
819 869 882 888 eum
899 870 913 888 a
927 862 1054 896 gentibus

265 903 436 931 inferendum
453 909 506 937 est,
522 905 667 939 probrum,
683 910 730 932 aut
743 892 973 940 quemadmodum
994 907 1054 941 ejus
1073 892 1092 921 Β

265 953 386 983 potestas
401 957 509 984 gregem
526 954 602 984 coget
616 950 650 977 ad
667 951 924 985 temperantiam,et
940 951 1056 978 fornica-

265 996 368 1023 tionem
383 996 477 1030 puniet
497 1000 524 1023 et
533 995 706 1028 adulterium,
725 1004 787 1023 cum
806 997 863 1031 ipse
874 997 911 1023 sit
924 1001 978 1023 tam
998 1002 1055 1024 tur-

241 1043 245 1046 '
266 1040 341 1075 piunt
367 1041 508 1067 convictus
533 1040 706 1075 ﬂagitiorum.
735 1041 800 1068 Nam
823 1041 929 1068 etiamsi
947 1042 1056 1069 dederi-

266 1093 328 1112 mus
344 1085 395 1112 ﬁde
411 1086 490 1120 digna
506 1093 575 1116 esse,
590 1093 650 1120 quae
667 1093 681 1112 a
700 1091 725 1113 te
740 1087 924 1119 adducuntur,
943 1092 969 1114 ct
983 1092 1056 1114 essrt

266 1130 389 1157 mulieris
402 1131 514 1158 evidens
529 1130 701 1163 maleﬁcium,
726 1131 764 1159 sic
781 1132 861 1158 etiam
877 1137 1017 1167 oporteret
1031 1133 1055 1159 id

266 1183 362 1203 cavere.
382 1181 491 1209 propter
516 1176 697 1203 reverentiam
712 1176 786 1203 vocis
807 1176 926 1209 Domini,
940 1185 1001 1212 quae
1013 1177 1056 1204 di-

267 1220 302 1247 cit
319 1229 324 1246 :
341 1219 392 1252 Qui
413 1220 524 1246 dimittit
539 1228 650 1247 uxorem
672 1229 761 1251 suam,
789 1227 967 1256 praeterquam
990 1231 1056 1257 pro—

267 1270 327 1300 pter
335 1264 551 1297 fornicationem,
565 1267 715 1293 mwcltatttr
728 1266 836 1300 (Matth.
848 1276 873 1299 v,
886 1268 942 1302 52).
955 1269 1056 1300 Quem-

267 1319 330 1338 nam
348 1316 439 1338 autem
461 1312 575 1346 imperio
601 1313 820 1340 excellentiorem
846 1313 896 1340 sibi
926 1315 1056 1342 societate

268 1356 430 1382 malriutonii
453 1357 536 1383 voluit
549 1357 725 1392 conjungere,
741 1366 801 1391 quae
822 1358 855 1385 ad
869 1362 974 1386 tantum
992 1367 1056 1393 pro-

267 1402 351 1429 cessit
369 1401 519 1436 ﬂagitium?
535 1403 588 1430 Sed
610 1403 660 1430 hoc
677 1403 738 1430 ideo
758 1404 925 1438 praetexitur,
952 1409 982 1431 ut
1005 1405 1056 1431 ho~

268 1446 403 1473 norabiles
421 1447 524 1481 nuptiae
553 1452 581 1474 et
607 1452 680 1474 lorus
700 1448 890 1476 immaculatus
917 1449 1054 1476 violetur:

267 1493 457 1520 introducatur
473 1500 538 1520 vero
551 1493 670 1520 dedecus
689 1493 886 1527 fornicationis,
904 1499 931 1522 et
947 1503 1055 1530 germa-

1103 271 1205 303 dentia,
1223 271 1266 298 his
1281 271 1371 298 verbis
1387 278 1451 297 usus
1461 270 1545 297 estad
1562 270 1718 304 pontiﬁcem
1733 278 1740 296 :

1139 317 1183 345 52.
1198 317 1253 352 Ego
1266 317 1374 351 quidem
1401 316 1438 346 id,
1456 315 1527 350 quod
1542 316 1597 349 jam
1614 314 1718 350 pridem
1743 315 1809 342 mihi
1825 316 1898 343 acci-

1106 364 1155 394 dit.
1177 363 1210 390 ad
1223 367 1340 390 vestram
1369 362 1448 388 retuli
1477 362 1660 388 sanctitatem.
1677 360 1750 388 Nihil
1771 361 1844 389 enim
1873 366 1900 389 te

1104 411 1176 438 volui
1193 410 1292 442 celare,
1309 409 1483 437 affectionem
1503 416 1534 435 ac
1563 407 1780 435 benevolentiam
1814 408 1900 443 patris

1105 457 1133 483 in
1159 460 1186 483 te
1203 455 1336 482 indicans.
1353 455 1438 482 Porro
1455 459 1545 481 autem
1564 461 1637 480 nunc
1653 461 1760 488 quoque
1776 461 1826 488 per
1837 461 1899 480 eam

1107 502 1230 535 linguam
1250 500 1466 536 imperatoriam,
1490 500 1571 526 statui
1587 499 1685 526 clarius
1708 506 1787 534 agere
1811 507 1899 526 meam

1106 555 1224 575 causam.
1246 546 1304 573 Meo
1323 545 1396 573 enim
1424 545 1538 579 imperio
1560 544 1744 574 insidiantem,
1766 551 1828 577 quae
1846 550 1899 574 non

1106 599 1139 619 ex
1170 593 1225 619 Deo
1249 592 1314 618 mihi
1340 591 1417 618 unita
1449 590 1546 622 fuerat,
1573 589 1746 625 adjutrieem,
1768 597 1830 616 cum
1856 589 1898 616 te:

1106 641 1198 672 aperte
1221 637 1326 671 iubeat,
1344 637 1410 671 quin
1433 636 1467 663 ab
1481 644 1512 663 ea
1534 636 1635 671 possim
1651 636 1796 668 divertere,
1819 642 1900 662 nemo

1105 683 1284 710 contradicet.
1313 681 1380 708 Nam
1401 689 1462 708 cum
1476 681 1531 708 sint
1545 680 1685 708 manifesta
1708 681 1832 713 crintina,
1853 684 1900 707 aut

1106 736 1179 756 ntors
1207 736 1265 755 eam
1294 728 1420 762 excipiet.
1442 733 1499 758 aut,
1523 727 1594 762 quod
1610 729 1657 754 cst'
1674 726 1828 762 benignius,
1852 734 1901 761 per

1107 778 1189 801 totam
1208 774 1288 800 vitam
1303 778 1363 808 aget
1379 773 1577 807 pomitcntiam.
1593 772 1651 798 Non
1667 773 1738 799 enim
1753 772 1786 798 ad
1803 779 1901 806 quem-

1107 820 1179 854 piam
1192 827 1225 846 ex
1242 818 1321 853 vulgo
1335 823 1393 846 erat
1426 818 1615 850 transiturum,
1632 817 1704 852 quod
1720 817 1754 844 ab
1769 824 1799 843 ea
1816 816 1899 843 ador-

1108 870 1201 892 ttatum
1222 869 1290 895 erat,
1311 864 1422 892 scelus:
1445 863 1491 890 sed
1512 863 1544 889 ad
1562 870 1719 898 germanum
1742 862 1898 896 conjugcm,

1108 916 1135 938 et
1165 910 1351 937 ﬁdelissimum
1379 909 1585 941 imperatorem,
1603 912 1630 935 et
1645 907 1770 942 gentibus
1787 906 1897 934 terribi-

1108 954 1170 983 lem.
1194 957 1222 980 et
1247 953 1280 980 ad
1308 953 1464 980 universum
1492 952 1586 979 orbem
1615 957 1694 979 terrae
1719 959 1899 986 pervasurum

1107 1003 1166 1025 erat
1188 998 1359 1025 maleﬁcium.
1380 997 1440 1029 Quo
1461 997 1525 1031 quid
1544 1003 1605 1024 esse
1623 997 1745 1031 potuerit
1760 996 1898 1031 periculo—

1107 1044 1164 1071 sius
1190 1048 1217 1071 et
1248 1044 1332 1077 magis
1360 1043 1489 1070 horribile
1505 1043 1516 1069 τ’
1532 1043 1600 1069 adeo
1627 1047 1656 1068 ut
1683 1042 1741 1076 ipsa
1767 1041 1900 1076 deinceps

1107 1089 1191 1125 possit
1205 1089 1238 1116 ad
1258 1089 1359 1116 nullam
1379 1089 1527 1123 confugere
1544 1087 1742 1115 defensionem.
1764 1087 1811 1114 Est
1825 1088 1899 1114 enirn

1107 1135 1210 1170 privata
1227 1135 1300 1162 omni
1325 1134 1457 1163 oratione,
1482 1138 1508 1160 et
1524 1130 1583 1168 qum
1598 1133 1683 1168 ipsam
1702 1133 1900 1160 commendare

1107 1181 1230 1215 possint,
1259 1180 1484 1215 probationibus.
1516 1184 1545 1206 ut
1573 1187 1634 1214 quae
1665 1184 1899 1214 argumentorum,

1107 1235 1166 1261 qua:
1179 1227 1274 1254 evitari
1290 1234 1342 1252 non
1360 1231 1483 1261 possunt,
1507 1226 1606 1252 habeat
1629 1230 1722 1251 contra
1747 1233 1776 1251 se
1801 1225 1902 1252 verita-

1107 1277 1162 1299 tem
1195 1272 1228 1298 ad
1260 1271 1407 1306 perfectam
1439 1272 1704 1298 condemnationem.
1735 1271 1771 1297 De
1799 1274 1902 1298 caztcro

1107 1322 1198 1344 autem
1222 1322 1299 1344 vocat
1323 1321 1439 1351 tempus,
1462 1321 1492 1344 ut
1507 1316 1565 1350 ipsa
1586 1315 1699 1343 letiferae
1722 1315 1841 1350 potionis
1856 1323 1901 1342 ve-

1107 1369 1178 1389 nena
1193 1362 1312 1396 aperiam
1326 1371 1332 1388 :
1355 1366 1384 1388 ut
1401 1369 1463 1388 cum
1479 1365 1568 1388 vestra
1585 1365 1679 1388 sancta
1695 1360 1794 1387 viderit
1808 1365 1902 1394 pater-

1107 1409 1179 1435 nitas
1194 1408 1306 1435 sceleris
1330 1408 1554 1444 magnitudinem,
1579 1408 1605 1435 id
1629 1412 1732 1435 certum
1755 1407 1859 1435 habens
1875 1411 1903 1435 et

1107 1454 1287 1488 exploratum,
1321 1462 1374 1481 non
1402 1455 1518 1488 amplius
1545 1454 1670 1485 dubitet,
1699 1462 1787 1488 neque
1819 1453 1902 1480 ullam

1106 1503 1245 1533 exspectet
1275 1507 1378 1526 ntoram
1419 1504 1466 1526 aut
1496 1499 1626 1534 temporis
1655 1499 1822 1531 dilationem.
1855 1499 1902 1526 sed

269 1545 334 1564 num
350 1545 441 1565 semen
451 1537 503 1585 ‘ﬁat
514 1538 707 1585 adulterinum,
724 1543 751 1565 et
763 1539 863 1566 alienct
877 1539 913 1570 id,
927 1540 1002 1574 quod
1015 1545 1056 1566 est
1069 1556 1091 1585 ο
1107 1546 1306 1580 quamprimum
1327 1553 1386 1572 eam
1402 1545 1473 1581 jugis
1487 1545 1615 1580 subjiciat
1630 1545 1780 1575 canonicis.
1796 1549 1824 1572 et
1838 1552 1902 1580 per-

269 1587 424 1617 cognatum,
450 1583 606 1610 introducto
626 1583 726 1610 furtivo
752 1587 779 1610 et
801 1584 871 1618 turpi
899 1585 1056 1612 concubitu.

270 1627 345 1668 lianc
359 1636 424 1664 ergo
442 1638 456 1657 a
475 1632 552 1658 nobis
565 1637 593 1658 et
620 1632 662 1665 iis,
684 1633 729 1667 qui
748 1638 812 1661 sunt
836 1635 920 1661 nostri
946 1635 1058 1667 similes,

270 1673 362 1708 accipe
374 1677 590 1710 responsionem,
602 1684 628 1707 et
639 1679 712 1712 aperi
729 1679 771 1711 iis,
784 1680 829 1714 qui
844 1681 988 1708 miserunt.
1001 1681 1062 1708 Non

271 1717 344 1745 enim
358 1719 486 1748 cedemus
503 1722 545 1754 iis,
576 1730 636 1757 qua:
652 1731 667 1750 a
682 1728 708 1751 te
720 1724 866 1758 jactantur.
884 1726 996 1754 Mortem
1013 1734 1062 1761 po-

272 1764 326 1794 tius
343 1769 371 1792 et
384 1767 473 1800 gravia
499 1768 651 1796 subibimus
665 1771 806 1804 supplicia,
831 1779 912 1806 quant
938 1773 964 1799 in
979 1773 1062 1800 rebus

271 1810 404 1844 ejusmodi
428 1813 452 1839 ei
475 1813 530 1840 ullo
546 1814 626 1841 modo
646 1815 762 1842 velimus
790 1816 931 1845 inservire.
964 1819 1062 1845 Audiat

272 1856 419 1891 imperator
433 1866 483 1886 nos
508 1859 571 1886 huic
594 1861 764 1895 improbabili
787 1862 902 1890 consilio
918 1871 974 1891 non
1000 1871 1061 1891 esse

273 1901 420 1934 parituros.

308 1947 352 1975 5t.
370 1948 416 1976 His
433 1950 523 1978 verbis
541 1952 698 1981 cmlestibus
710 1954 844 1982 attonitus
859 1955 893 1985 is,
909 1955 955 1989 qui
974 1955 1060 1990 impe-

273 1993 382 2021 ratoriis
399 1995 535 2023 serviebat
549 1999 699 2032 responsis,
714 2000 790 2027 vultu
806 2005 899 2034 tegens
913 2000 1058 2033 tristitiam,

273 2040 348 2067 venit
363 2048 442 2074 quam
459 2041 588 2070 citissime
605 2044 637 2070 ad
655 2052 728 2076 eum,
750 2046 795 2080 qui
811 2046 932 2078 miserat,
954 2054 1059 2080 eorum,

273 2094 333 2121 quae
347 2087 396 2119 ille
414 2089 551 2122 sperabat,
572 2091 639 2117 nihil
663 2092 735 2126 quod
759 2093 783 2119 ei
807 2098 880 2120 esset
901 2094 986 2125 cordi,
1002 2101 1062 2121 om-

275 2131 340 2158 nino
357 2132 484 2160 aﬂ‘crens.
509 2133 654 2168 Postquam
677 2140 767 2163 autem
786 2139 949 2164 sacrosancti
972 2144 1062 2173 pasto-

275 2176 313 2203 ris
329 2179 508 2206 constantiam
524 2180 591 2207 vidit
603 2181 750 2216 imperator
764 2190 866 2216 quercu
885 2191 945 2210 esse.
959 2183 1061 2210 ﬁrmio-

275 2229 343 2253 rem,
355 2230 415 2257 qute
430 2223 464 2251 ab
492 2224 595 2259 impetu
612 2233 754 2255 ventorum
774 2236 828 2255 non
852 2230 1016 2262 concutitur,
1036 2230 1062 2256 in
1081 2229 1101 2256 1)

275 2268 455 2296 admiratione
470 2270 574 2303 habuit,
590 2273 662 2306 quod
678 2273 779 2301 factum
794 2275 891 2308 fuerat,
905 2275 1015 2307 timens,
1030 2283 1064 2302 ne

276 2315 366 2350 inclyti
388 2314 475 2344 Patris
490 2325 567 2344 mens
583 2318 738 2347 inﬂexibilis
753 2321 827 2347 nullo
849 2321 963 2355 strepitu
979 2326 1063 2348 terre-

277 2365 361 2388 retur.
381 2361 485 2389 Rursus
499 2371 564 2398 ergo
579 2365 700 2397 mittens,
718 2366 797 2400 jubet
819 2367 913 2394 adesse
929 2373 1064 2398 sanctum.

276 2406 402 2439 credens,
420 2409 440 2434 si
458 2417 549 2436 coram
571 2411 713 2445 adfuisset,
727 2411 783 2439 fore
800 2418 830 2440 ut
845 2420 874 2440 se
894 2413 1067 2441 submitteret

278 2455 420 2487 potestatis
435 2457 600 2484 austeritati.
615 2457 683 2484 Cum
705 2466 769 2493 ergo
783 2459 904 2486 vertisset
922 2459 947 2485 in
966 2459 1065 2494 regiam

278 2504 306 2526 et
322 2499 354 2526 ad
367 2500 454 2534 ipsum
468 2501 670 2536 imperatorem,
692 2508 716 2530 el
733 2511 794 2530 eum
811 2512 844 2531 eo
864 2504 897 2531 de
914 2513 988 2531 more
1001 2513 1068 2532 eon-

278 2544 405 2575 sedissct,
427 2546 530 2573 habens
548 2555 640 2574 secum
655 2556 748 2575 senem
763 2549 837 2576 illum
853 2549 907 2583 (iiii)
923 2548 1065 2577 Joannem.

279 2597 371 2623 quem,
389 2599 450 2618 cum
471 2592 496 2618 in
514 2594 634 2627 syno‘lali
653 2600 807 2621 versaretur
827 2595 1003 2629 evpositione,
1019 2595 1068 2621 ad-

280 2635 387 2662 ntonuit
405 2637 490 2664 oratio
516 2638 600 2665 fuisse
624 2639 740 2674 legatum
758 2640 882 2666 ditDCCSiS
909 2639 1066 2672 orientalis;

281 2681 427 2716 multisque
440 2684 604 2711 salutaribus
617 2685 846 2713 admonitionibus
859 2685 929 2720 apui
951 2685 1068 2721 impera-

282 2731 369 2754 torem
386 2733 458 2756 esset
472 2737 536 2756 llSllS
551 2730 678 2765 pl'illCCj‘S
689 2736 835 2765 pﬂSIOt‘Ulll,
849 2736 875 2758 Cl
890 2739 944 2758 non
958 2739 1069 2766 persua-

283 2771 362 2799 sisset
376 2782 381 2799 :
396 2777 453 2800 erat
467 2775 549 2806 enim,
563 2780 591 2802 ut
604 2780 645 2802 est
659 2776 684 2802 in
701 2776 852 2810 proverbio,
871 2777 982 2812 hydram
997 2777 1070 2804 scin-

283 2817 357 2849 dere,
375 2827 436 2846 cum
454 2829 466 2847 a
486 2821 559 2855 lapsu
575 2822 699 2854 liberare,
720 2822 764 2857 qui
779 2823 832 2857 jant
849 2823 905 2850 suis
922 2823 1007 2850 instar
1023 2832 1069 2850 vo-

323 2873 378 2907 tii'i)
396 2875 475 2902 Nunt.
494 2878 524 2903 ‘ltl
539 2878 638 2905 (iit'illll’
659 2879 804 2912 svnccllus.

1111 1590 1224 1617 suadeat
1240 1590 1263 1617 ei
1280 1590 1362 1617 vitam
1374 1590 1473 1626 eligere
1486 1590 1606 1625 quietam
1620 1598 1652 1616 ac
1669 1590 1861 1621 monasticam,
1879 1589 1902 1616 si

1111 1636 1176 1663 vt-lit
1191 1643 1249 1663 eam
1266 1644 1377 1664 manere
1392 1637 1463 1663 inter
1484 1637 1571 1664 vivos.
1587 1636 1654 1663 Nam
1668 1644 1729 1663 cum
1753 1635 1805 1663 hoc
1821 1635 1904 1662 ntale-

1111 1682 1200 1709 ﬁcium
1218 1683 1252 1710 sit
1265 1683 1331 1709 Inibi
1357 1683 1472 1717 positum
1490 1687 1553 1709 ante
1570 1682 1672 1714 oculos,
1691 1682 1749 1708 ﬁeri
1775 1689 1830 1708 non
1854 1689 1905 1716 po-

1111 1734 1174 1760 test.
1194 1734 1223 1757 ut
1236 1737 1298 1756 cum
1314 1736 1346 1756 ea
1361 1730 1478 1764 amplius
1503 1737 1609 1756 servent
1628 1729 1688 1764 jura
1708 1729 1839 1764 coniugii,
1856 1735 1904 1756 aut

1111 1773 1198 1800 amice
1212 1773 1326 1807 amplius
1344 1780 1405 1800 cum
1420 1781 1451 1800 ea
1474 1774 1626 1808 conjungar
1649 1777 1676 1800 et
1691 1773 1779 1800 fmdus
1802 1773 1904 1800 ineam.

1110 1818 1259 1846 Nocentem
1274 1819 1357 1852 enim,
1373 1824 1401 1847 ut
1420 1819 1481 1847 dicit
1502 1819 1688 1854 proverbium,
1711 1818 1782 1845 Deus
1794 1825 1905 1853 quoque

1111 1865 1293 1900 persequitur.
1313 1865 1404 1892 lnnuit
1417 1872 1493 1900 ergo,
1512 1868 1539 1892 et
1564 1864 1644 1891 allata
1662 1867 1725 1890 sunt
1740 1871 1804 1890 vasa
1818 1863 1904 1890 vitrea

1112 1918 1173 1937 cum
1197 1911 1314 1945 liquore"
1325 1910 1434 1938 turbido
1457 1911 1565 1938 curiose
1588 1909 1741 1945 composito
1759 1909 1791 1936 ad
1809 1909 1904 1936 falsam

1112 1956 1314 1984 accusationem
1330 1964 1405 1991 :qucc
1413 1960 1476 1983 ante
1493 1947 1589 1983 faciem
1600 1955 1659 1988 ejus
1672 1960 1699 1982 et
1713 1955 1803 1989 magni
1817 1955 1904 1982 Patris

1112 2007 1278 2033 statuerunt,
1293 2003 1339 2037 qui
1364 2002 1526 2039 aﬁ'erebapt,
1540 2002 1647 2036 quibus
1675 2001 1793 2033 dicebat,
1809 2001 1906 2036 conju-

1112 2055 1171 2082 gem
1188 2047 1230 2074 vel
1258 2052 1373 2075 mortem
1398 2048 1422 2075 ei
1447 2055 1507 2075 esse
1533 2047 1728 2079 machinatam,
1751 2047 1791 2074 vel
1807 2047 1907 2074 mentis

1112 2093 1290 2119 entotionem.

1147 2137 1191 2164 53.
1214 2137 1317 2165 Videns
1328 2145 1393 2172 ergo
1411 2145 1527 2173 magnus
1540 2137 1669 2164 Tarasius
1684 2137 1729 2169 iis,
1743 2137 1788 2172 qui
1803 2145 1906 2171 nequa-

1112 2191 1193 2217 quam
1210 2183 1420 2215 conveniebant,
1442 2182 1557 2210 nexibus
1576 2185 1685 2216 captum
1702 2183 1906 2216 imperatorem,

1116 2232 1143 2254 et
1161 2228 1218 2254 falsi
1234 2228 1395 2263 labyrinthis
1413 2227 1576 2259 involutum,
1596 2232 1625 2255 ut
1640 2227 1757 2254 evadere
1778 2234 1834 2253 non
1846 2234 1907 2261 pos-

1116 2274 1161 2305 sit,
1187 2273 1239 2300 labi
1253 2273 1288 2300 .in
1316 2273 1419 2308 peccati
1438 2273 1601 2308 periculum,
1625 2272 1802 2300 sacerrimum
1823 2272 1907 2299 telum

1116 2319 1204 2354 inﬁgit
1220 2319 1247 2345 in
1261 2319 1320 2354 ejus
1335 2319 1427 2351 corde,
1450 2319 1490 2346 sic
1502 2319 1597 2346 dicens
1610 2327 1617 2346 :
1633 2317 1673 2346 Ne
1691 2325 1813 2348 moveas,
1826 2325 1843 2345 ο
1856 2318 1908 2344 im-

1116 2370 1235 2399 perator,
1266 2373 1340 2392 arma
1365 2366 1446 2393 surda
1471 2365 1602 2393 adversus
1629 2365 1676 2391 Dei
1704 2364 1788 2399 leges,
1819 2371 1908 2398 neque

1117 2415 1229 2446 propter
1242 2411 1338 2438 harum
1366 2411 1621 2446 transgressionem,
1642 2409 1796 2437 clanculum
1813 2413 1907 2436 contra

1117 2457 1228 2484 milites.
1243 2457 1377 2484 Estenim
1399 2456 1581 2491 imperatoriae
1603 2455 1745 2490 potestatis
1763 2454 1906 2486 indicium,

1118 2502 1208 2528 omnia
1220 2509 1282 2528 cum
1294 2502 1378 2528 libera
1389 2501 1478 2528 facere
1491 2500 1668 2532 conscientia,
1681 2504 1708 2526 et
1722 2499 1791 2526 nihil
1807 2503 1908 2526 tectum

1119 2554 1150 2574 ac
1167 2547 1366 2574 dissimulatum
1387 2551 1479 2574 mente
1504 2546 1609 2581 agitare
1625 2545 1755 2572 adversus
1771 2552 1846 2577 eum,
1861 2545 1908 2579 qui

1119 2593 1193 2620 dedit
1209 2601 1349 2625 coronant,
1369 2597 1396 2619 et
1413 2592 1529 2619 maxime
1548 2591 1696 2619 evertenda
1710 2591 1831 2618 divinum
1849 2591 1909 2625 ejus

1120 2639 1278 2666 ntaudatunt
1310 2644 1337 2666 et
1361 2639 1538 2666 voluntatem.
1567 2638 1710 2676 Neminem
1738 2637 1811 2664 enim
1844 2637 1909 2663 latet

1119 2686 1224 2713 nullttnt
1237 2685 1423 2715 intercessisse
1440 2685 1529 2712 scelus
1542 2684 1574 2711 ad
1590 2692 1632 2716 ea,
1645 2691 1706 2718 qua:
1720 2690 1793 2710 nunc
1805 2683 1910 2710 nefarie

1121 2736 1266 2758 struuntur
1278 2731 1408 2757 adversus
1427 2730 1636 2765 imperatriccm,
1659 2733 1686 2756 ct
1710 2736 1770 2762 qua:
1788 2735 1847 2755 cam
1862 2735 1911 2755 vo-

1121 2779 1181 2805 luut
1210 2778 1344 2812 subjicere
1358 2777 1540 2804 maleﬁcorum
1569 2775 1716 2806 veneﬁciis,
1734 2779 1761 2802 ct
1775 2774 1909 2802 affirmant

1123 2833 1181 2851 eam
1196 2824 1376 2851 marhinalam
1397 2832 1455 2852 esse
1471 2828 1585 2850 mortem
1598 2823 1730 2857 tnajcst-tti
1745 2827 1796 2849 tua:
1807 2822 1911 2848 incom-
