2051 3154
164 142 232 175 1409

933 140 1034 171 νιΤΑ.

1722 133 1790 166 1410

160 195 321 230 parabilem.
333 193 401 227 Quis
417 194 501 226 enim.
518 198 548 221 ut
565 194 640 229 prius
650 194 715 227 dixi,
729 195 847 230 glorians
860 195 952 229 specie
966 199 989 225 Α
1004 191 1108 223 rodcm.
1126 192 1170 227 qui
1182 197 1243 226 post
1256 197 1370 219 mortem
1388 192 1479 219 fratris
1493 192 1675 227 cjussponsa:
1693 192 1771 220 insan

157 241 310 275 juventutis
332 241 482 275 comparari
506 240 626 275 potuerit
648 248 710 267 cum
736 245 780 268 tua
795 241 950 275 pulchrituo

160 286 234 320 dine,
251 290 280 313 ut
296 294 311 313 a
333 286 428 313 fraude
449 285 571 314 incscata
585 285 633 313 tibi
654 279 791 313 venenuin
817 286 951 322 praeberet

162 332 332 364 muliercula,
352 335 380 358 et
397 339 427 358 se
442 331 475 358 ab
491 339 532 365 ea,
558 339 619 366 quae
638 336 680 359 est
703 332 730 358 in
746 337 781 364 te,
802 333 951 360 abduceret

161 377 281 405 amicitia
296 381 323 404 et
341 385 468 412 germano
481 377 597 405 ardore?
617 377 747 410 Quisnam
766 383 879 412 apparet
892 386 950 405 ma-

156 423 211 458 jori
234 423 353 458 glorians
375 423 546 456 excellentia,
567 431 648 458 quam
671 424 753 451 vestri
773 425 879 458 imperii
894 424 949 459 (57)
984 448 986 450 τ

162 468 331 503 quadruplici
349 470 496 503 purpura?
511 469 595 501 Quem
616 469 701 496 oculis
717 474 743 496 et
760 470 872 497 mnibus
895 470 951 504 pel-

162 513 261 541 lectum
287 521 400 541 summa:
436 519 534 541 vestrae
570 515 687 548 praetulit
713 515 859 550 dignitati?
884 515 950 548 Quis

162 564 258 586 contra
280 559 450 586 adversarios
469 553 552 586 in'tot
568 560 667 594 praeliis
690 568 720 587 se
745 565 797 587 tam
822 561 950 594 prazclarc

162 603 246 638 gessit
262 611 343 638 supra
352 607 469 630 vestram
484 604 634 638 plusquam
649 604 801 632 Davidicam
814 605 951 633 fortitudi—

162 656 235 680 nem,
254 654 282 676 ut
293 649 327 676 ab
337 649 393 684 ipsa
405 653 542 676 amaretur
556 649 616 684 plus
627 657 705 684 quam
719 655 764 676 tua
777 650 950 685 imperatoria

161 693 326 729 dominatio]?
341 694 400 721 Non
422 700 474 727 est,
495 702 549 722 non
565 700 607 721 est
622 695 667 722 ita.
687 695 809 723 Fuerunt
833 697 890 723 inec
906 697 950 723 in-

161 742 240 765 venta
257 743 285 766 et
307 738 469 774 excogitata,
497 743 527 766 ut
549 740 787 773 praetenderentur
811 741 844 768 ad
869 749 950 768 omne

160 784 275 811 vitium:
305 785 455 819 proposita,
473 790 502 812 ιιι
522 786 609 813 labem
632 786 741 813 inurant
766 791 871 820 sceptro
900 788 950 814 im-

161 830 239 864 perii,
259 830 413 864 parabolam
440 830 467 857 in
482 831 618 865 gentibus,
645 836 673 858 et
687 831 835 858 motionem
854 833 949 867 capitis

161 875 188 902 in
202 875 308 910 populis
324 883 370 902 vos
388 883 490 910 ponere
506 876 626 911 graviter
643 877 779 912 urgentia.
799 876 948 912 Propterea

161 920 278 956 legitima
290 921 351 955 jura
369 928 466 950 vestrae
479 923 628 958 conjugalis
639 928 666 950 et
679 924 860 958 imperatoria:
871 925 948 951 unio-

160 966 204 992 nis
219 974 273 993 non
284 967 417 994 audemus
432 968 594 1000 dissolvere,
611 969 657 995 Dei
670 969 835 1004 legislatoris
850 971 949 997 timen-

162 1013 202 1038 tes
221 1012 384 1039 sententiatn
403 1021 410 1039 :
435 1020 524 1048 neque
546 1014 655 1046 verbis,
681 1022 742 1049 qua:
769 1020 894 1047 spectant
916 1015 949 1042 ad

160 1057 343 1084 accusandum
364 1062 438 1085 tuam
467 1059 623 1094 coniugem,
643 1061 755 1088 credere
772 1061 947 1094 sustinemus,

160 1101 267 1127 etiamsi
295 1102 367 1129 mille
379 1103 511 1130 mortibus
526 1107 553 1130 et
569 1104 713 1132 tormentis
727 1105 842 1140 subjecti
865 1105 949 1132 fueri-

159 1153 231 1176 mus.
247 1151 276 1174 ut
289 1148 334 1181 qui
347 1148 466 1175 sciamus
490 1149 617 1176 diuturna
633 1149 846 1189 inflammatione
861 1151 947 1178 teneri
974 1167 980 1174 -

159 1194 233 1217 tuam
256 1192 428 1220 all'ectionem
454 1193 481 1220 in
497 1194 687 1221 mulierculam
710 1195 780 1222 illam
798 1196 949 1223 fornicatri-

159 1243 230 1262 cem.
247 1235 317 1269 Quin
333 1237 415 1264 etiam
431 1237 482 1265 huc
497 1246 605 1273 quoque
621 1244 715 1266 notum
729 1240 844 1268 facimus
856 1248 947 1268 coram

160 1280 215 1308 Deo
224 1282 249 1308 in
264 1282 356 1316 primis
370 1282 537 1315 honoranda),
557 1287 610 1311 tua;
625 1292 763 1319 purpurae,
784 1285 857 1320 quod
875 1286 945 1312 intra

159 1327 294 1354 cancellos
318 1327 467 1356 incruentae
494 1336 606 1361 mensa»,
639 1330 668 1356 in
700 1338 752 1365 qua
783 1331 945 1358 sacrificium

159 1379 263 1408 magna!
283 1373 378 1401 hostire
392 1374 491 1401 Christi
511 1375 700 1402 venerabiliter
727 1376 875 1411 peragitur,
891 1385 945 1411 non

160 1415 282 1446 sinemus
300 1418 415 1452 amplius
440 1419 581 1445 nobiscum
594 1424 712 1447 vestram
728 1420 830 1456 ingredi
847 1425 944 1455 poten-

160 1456 234 1494 tiam,
248 1469 282 1489 ne
298 1470 348 1490 nos
363 1471 471 1498 quoque
483 1465 635 1495 audiamus,
652 1465 724 1500 quod
737 1466 764 1492 in
780 1468 945 1494 exsecratio-

159 1507 240 1543 nibus
264 1508 319 1542 jani
356 1508 419 1535 olim
454 1509 554 1537 dicitur
576 1511 610 1538 ad
633 1512 806 1538 sacerdotes:
837 1513 980 1553 Calcarec

160 1550 258 1578 atrium
284 1558 374 1578 meum
395 1559 449 1578 non
478 1553 621 1587 adjicietis.
646 1554 709 1581 lliec
741 1554 880 1587 Tarasius,
899 1557 949 1590 qui

161 1596 238 1630 primi
250 1596 370 1624 Pastoris
384 1597 484 1624 Christi
499 1605 564 1625 oves
574 1599 684 1635 regebat
697 1600 868 1635 spiritaliter,
883 1611 944 1629 cum

160 1649 249 1669 coram
272 1643 437 1678 imperatore
463 1645 663 1678 pronuntiasset
685 1653 746 1672 cum
769 1647 859 1673 cordis
879 1655 945 1673 con-

157 1687 279 1719 tritione,
298 1689 449 1716 orationem
465 1690 598 1717 conclusit
613 1690 729 1717 silentio.

195 1733 239 1759 51.
257 1733 408 1760 Ριαῖόὶοῑιιε
425 1738 515 1760 alitem
532 1733 659 1766 Joannes,
680 1743 742 1762 cum
765 1736 821 1771 ipse
837 1745 944 1772 quoque

160 1777 192 1804 ad
211 1778 402 1811 imperatorem
423 1779 514 1806 multis
530 1785 603 1807 esset
621 1788 685 1807 usus
701 1781 942 1815 admonitionibus,

160 1823 291 1850 sustinuit
318 1825 450 1852 maximos
468 1825 566 1853 fluctus
595 1827 749 1861 ignominiae
772 1828 806 1854 ab
829 1829 872 1861 iis,
898 1830 944 1863 qui

160 1873 285 1903 praeturae
308 1870 441 1905 dignitate
464 1872 651 1906 gloriabantur
678 1877 705 1899 et
731 1874 835 1901 honore
858 1876 944 1909 patri-

159 1915 245 1942 ciatus
264 1925 270 1942 :
288 1916 335 1950 qui
352 1917 432 1943 etiam
451 1917 623 1945 minabantur
639 1926 668 1945 se
683 1926 776 1946 ensem
799 1919 944 1947 adacturos

158 1967 208 1995 per
222 1961 351 1988 intestina
371 1963 454 1993 senis,
482 1966 510 1989 ut
535 1963 579 1997 qui
607 1963 788 1998 imperatori-te
813 1965 943 1999 potestati

159 2006 241 2033 verba
259 2012 405 2042 exspueret
420 2009 567 2040 contraria,
578 2013 604 2035 et
617 2017 670 2035 non
689 2009 743 2036 cito
759 2011 944 2044 acquiesceret

157 2053 289 2080 voluntati
308 2053 488 2088 imperatoris.
504 2054 573 2081 Cum
586 2059 678 2081 autem
695 2055 799 2081 ﬁrmam
817 2060 845 2082 et
858 2056 942 2082 stabi-

158 2098 211 2125 lem
229 2106 339 2126 manere
366 2099 508 2134 utriusque
532 2100 704 2132 sententiam,
732 2100 880 2134 imperator
900 2101 942 2128 his

159 2144 248 2171 verbis
260 2145 393 2172 sensisset
406 2150 433 2172 et
446 2145 536 2177 minis,
561 2146 684 2172 fervente
701 2146 740 2172 ira
756 2146 892 2178 incensus,
914 2152 941 2174 et

156 2189 245 2216 sciens
260 2197 290 2216 se
301 2198 356 2216 non
374 2198 453 2224 posse
471 2195 564 2217 contra
580 2191 636 2217 haec
651 2191 751 2223 dicere,
764 2191 846 2225 jussit
862 2200 909 2218 eos
926 2200 940 2219 a

156 2242 185 2262 se
204 2236 313 2270 expelli,
341 2237 460 2263 victores
484 2237 544 2264 sine
569 2237 713 2268 vibicibus,
738 2230 766 2263 et
790 2242 939 2273 martyres,

154 2279 226 2312 quod
247 2280 281 2307 ad
305 2287 334 2307 se
351 2281 459 2310 attinet.
477 2281 648 2316 proclamans
668 2289 769 2309 corona
788 2283 938 2310 redimitos.

154 2323 226 2356 Quid
242 2325 294 2353 hoc
310 2326 389 2355 abest
401 2333 415 2353 a
433 2326 546 2354 Joannis
561 2327 714 2354 miraculo?
731 2328 778 2355 llle
792 2328 865 2354 enim
886 2327 940 2355 He-

189 2391 246 2430 157)
263 2392 382 2425 Quartus
396 2393 423 2420 in
437 2395 485 2430 alia
499 2393 599 2420 familia
623 2401 823 2429 consequenter
854 2396 939 2430 impe-

153 2427 243 2462 rabat,
256 2433 431 2462 post‘palrem
454 2427 584 2458 Leonem,
618 2437 697 2455 avum
716 2427 938 2457 ‘Constantinuin

152 2461 357 2504 (Ξοριῃῐιξηιιιιη
371 2467 397 2488 et
415 2470 545 2503 proavum
555 2462 678 2504 keonelm
703 2464 866 2492 lsamicum.

188 2495 245 2531 (58)
257 2495 352 2531 Coegit
370 2495 442 2528 eam,
456 2498 544 2532 inquit
555 2497 744 2532 Theophanes,
762 2503 791 2525 ut
806 2500 938 2527 monarha

153 2532 247 2561 fieret:
263 2539 345 2564 quam
357 2540 418 2558 cum
431 2531 544 2565 inflexit,
558 2531 685 2565 totondit,
699 2534 829 2566 indict.5,
845 2542 938 2562 mense

151 2566 295 2601 Januario,
316 2573 390 2593 anno
403 2567 509 2601 imperii
523 2567 549 2599 5,
570 2567 671 2594 Christi
692 2567 753 2596 795.

188 2600 244 2633 (59)
265 2600 378 2628 Michael
395 2600 546 2629 monachus
563 2602 590 2628 in
613 2602 673 2629 Vita
694 2604 780 2630 salicti
806 2603 938 2631 Theodori

153 2631 327 2672 Siirdilre.ait
337 2645 346 2661 ι
358 2642 494 2670 repertum
507 2645 567 2664 esse
581 2638 764 2672 presbyterum
780 2639 935 2672 quemdam,

150 2669 252 2704 Joseph
278 2669 398 2702 nomine,
420 2672 503 2705 gradu
522 2669 587 2698 vero
607 2669 936 2705 meonnmumEcclesiae,

152 2705 198 2738 qui
231 2706 291 2739 plus
317 2706 363 2733 illo
382 2705 516 2740 (Talasio)
536 2707 655 2740 sapiens,
679 2709 824 2742 (“\lnthlle
845 2710 936 2736 omnia

151 2744 340 2776 contemnens,
357 2742 513 2768 illicitarum
533 2743 698 2775 nuptiarum,
730 2744 800 2776 quod
824 2744 937 2771 minime

151 2775 256 2812 debuit,
272 2776 394 2803 lenonem
410 2784 438 2803 se
454 2776 579 2811 praestitit
595 2775 812 2812 initiatoreniquc
826 2785 852 2805 et
868 2786 935 2805 con-

150 2810 300 2837 ciliatorem
316 2810 655 2846 conjugii,Vobsequenletn
670 2820 699 2838 se
716 2810 867 2846 peremnia
881 2814 933 2840 im-

148 2850 268 2880 peratori
277 2846 410 2880 praebetis,
419 2847 458 2873 vir
467 2847 517 2873 fide
531 2854 626 2874 servus
637 2855 713 2882 teque
723 2856 754 2874 ac
766 2850 934 2877 voluntate.»

1002 246 1095 265 amore
1119 238 1272 270 tenebatur,
1297 239 1384 272 arguit
1406 238 1520 272 (Matt/1.
1539 247 1594 270 xtv,
1612 239 1642 273 ὅ)
1655 259 1662 272 ,
1680 238 1723 266 hic
1738 247 1787 266 au-

1003 289 1067 315 tem,
1089 291 1152 310 cum
1176 284 1266 312 adhuc
1282 289 1354 311 esset
1367 289 1506 319 superstes
1522 292 1588 311 uxor
1604 284 1801 319 imperatoris,

1001 334 1028 356 et
1044 337 1105 356 cum
1120 337 1151 356 ca
1161 334 1255 356 ornata
1272 334 1345 357 esset
1358 331 1462 364 imperii
1474 331 1638 364 diademate,
1651 335 1679 358 ct
1689 331 1787 358 deinde

1001 375 1114 409 expulsa
1126 380 1209 407 esset,
1221 383 1275 402 non
1286 375 1428 403 ferendum
1439 384 1500 403 esse
1511 381 1585 404 ratus
1599 377 1671 412 quod
1686 380 1787 404 tactum

1002 419 1101 452 fuerat,
1118 420 1169 446 fuit
1190 421 1386 447 convenienter
1402 420 1625 456 Psalmographo,
1647 422 1680 447 ad
1700 425 1788 448 matu-

1002 465 1088 490 tinum
1111 465 1270 492 acutissima
1291 465 1488 499 reprehensio,
1511 466 1618 493 etiamsi
1639 466 1738 498 cribro,
1757 470 1788 493 nt

1001 508 1110 540 dicitur,
1129 510 1259 541 hauserit,
1287 514 1314 536 et
1339 509 1447 536 acinum
1472 510 1583 541 inilarit,
1611 519 1672 537 cum
1695 511 1786 538 saucia

1000 558 1071 580 esset
1086 559 1113 581 et
1128 555 1274 588 pcrﬂueret
1290 563 1367 582 mens
1383 555 1556 590 imperatoris
1570 556 1656 590 (Psal.
1675 565 1699 588 c,
1717 557 1755 591 8).

1035 598 1078 625 35.
1097 599 1203 626 lt’tcnim
1218 608 1278 626 cum
1295 601 1385 627 statim
1399 609 1471 632 eam,
1484 609 1544 635 qua:
1558 601 1607 628 sibi
1622 602 1784 629 matrimonii

998 643 1060 678 jure
1074 645 1217 679 conjuncta
1235 650 1303 676 erat,
1318 654 1333 672 a
1349 654 1379 673 se
1397 647 1585 680 amandasset,
1604 652 1631 674 et
1648 648 1682 674 ab
1700 648 1786 682 impe'-

1002 690 1101 716 ratoria
1128 691 1187 717 aula
1206 691 1363 723 alienasset,
1391 696 1419 718 et
1436 692 1492 726 (58)
1516 693 1621 726 privato
1644 693 1736 720 habitu
1759 699 1786 721 et

1002 734 1061 761 loco
1081 742 1140 762 eam
1155 735 1424 770 circumscripsisset,
1438 744 1452 762 a
1469 741 1631 771 tempestate
1647 743 1674 765 et
1689 739 1785 774 caligi-

1002 787 1071 805 noso
1096 779 1142 805 illo
1164 780 1230 811 salo,
1254 781 1325 814 quod
1346 780 1467 807 subierat
1486 781 1587 813 animo,
1609 782 1722 814 destitit,
1739 791 1786 817 per

1002 825 1201 858 separationem
1223 833 1236 851 a
1251 833 1380 860 germano
1397 834 1446 853 suo
1471 828 1605 854 membro.
1631 828 1698 854 Cum
1721 835 1785 854 vero

1001 870 1168 897 volutarctur
1184 871 1212 897 in
1227 879 1306 898 caeno
1323 872 1470 899 introducti
1487 873 1560 900 illius
1574 873 1745 905 concubitus,
1758 879 1785 901 et

1001 917 1117 942 maxima
1136 917 1160 942 vi
1175 916 1199 943 ei
1216 917 1310 948 allata,
1339 918 1436 945 crebro
1452 919 1607 953 pontificem
1634 920 1783 951 incitasset,

1001 965 1031 987 ut
1046 961 1107 995 ejus
1123 962 1217 989 vertici
1234 967 1393 990 contexeret
1408 971 1536 991 coronam
1555 965 1693 992 tenebrosi
1712 965 1784 992 illius

999 1011 1027 1033 et
1042 1006 1140 1034 occulti
1162 1012 1318 1035 contractus
1330 1029 1336 1040 ,
1359 1016 1412 1036 non
1433 1009 1484 1036 fuit
1502 1011 1574 1044 quod
1588 1010 1694 1038 volebat
1710 1018 1784 1038 assc-

999 1056 1087 1080 cutus.
1104 1052 1140 1079 De
1155 1058 1254 1080 caetero
1268 1061 1357 1082 autem
1379 1056 1433 1082 huc
1453 1056 1555 1088 obibat,
1580 1065 1705 1092 qua-rens
1727 1058 1784 1092 (59)

1000 1098 1180 1130 sacerdotem,
1196 1099 1241 1133 qui
1263 1107 1394 1128 coronam
1412 1106 1590 1134 contexeret,
1621 1107 1650 1129 ut
1676 1108 1784 1138 turpem

999 1141 1074 1169 illum
1090 1143 1240 1170 celebraret
1259 1144 1442 1178 hymenatum.

1289 1221 1403 1249 CAPUT
1425 1222 1492 1250 Vill.

998 1275 1089 1302 Sancti
1109 1278 1212 1304 Tarasii
1229 1279 1358 1311 patientia
1383 1279 1410 1305 in
1427 1280 1566 1306 adversis:
1586 1280 1730 1307 admonitio
1749 1282 1784 1308 ad

1045 1311 1144 1338 clerum
1160 1313 1190 1338 de
1206 1313 1335 1347 frenando
1360 1314 1454 1340 illicito
1470 1323 1593 1341 sensuum
1607 1313 1738 1349 appetitu.

1034 1368 1079 1394 56.
1109 1368 1142 1395 Et
1167 1368 1201 1395 de
1226 1369 1400 1403 imperatoris
1425 1371 1535 1404 quidem
1563 1370 1589 1398 in
1620 1371 1784 1399 infirmando

999 1421 1136 1450 praeepto
1151 1417 1334 1448 recusatione,
1352 1422 1379 1444 et
1394 1417 1478 1444 divini
1496 1417 1584 1446 Patris
1604 1418 1666 1445 forti
1689 1426 1719 1445 ac
1735 1426 1782 1452 ge-

998 1468 1094 1487 nerosa
1111 1462 1263 1488 constantia
1281 1462 1422 1489 hactenus.
1436 1462 1529 1497 Neque
1545 1464 1617 1490 enim
1633 1463 1672 1490 fas
1688 1468 1728 1490 est
1738 1471 1782 1490 res

999 1507 1070 1534 illius
1101 1507 1214 1535 ulterius
1237 1509 1367 1535 mandare
1393 1509 1579 1536 monumentis
1608 1510 1782 1542 litterarum,

998 1560 1058 1587 qua:
1074 1552 1118 1585 iis,
1143 1553 1189 1587 qui
1205 1554 1337 1585 audiunt,
1361 1554 1462 1581 nullam
1488 1555 1606 1581 all'erunt
1626 1555 1780 1582 utilitatem.

998 1597 1054 1625 lloc
1068 1603 1157 1624 autem
1175 1603 1284 1632 oportet
1298 1607 1524 1631 commemorare,
1543 1600 1615 1634 quod
1629 1607 1642 1626 a
1659 1604 1781 1634 tempore

997 1643 1069 1670 illius
1084 1644 1176 1678 lapsus
1192 1645 1339 1679 imperator
1351 1653 1480 1679 magnum
1493 1637 1628 1679 oppressit
1640 1645 1780 1672 Tarasiuin

997 1690 1090 1716 multis
1103 1690 1315 1721 tentationibns,
1332 1690 1355 1717 ei
1369 1690 1502 1718 adhibens
1518 1691 1656 1723 custodes,
1674 1691 1718 1726 qui
1733 1699 1781 1718 no-

997 1734 1069 1761 mine
1088 1735 1197 1768 quidem
1216 1735 1256 1761 usi
1278 1739 1343 1761 sunt
1359 1735 1414 1769 (60)
1439 1735 1635 1769 synccllorum,
1660 1736 1781 1763 moribus

997 1787 1060 1812 vero
1074 1780 1153 1814 longe
1168 1781 1282 1807 aberant
1295 1787 1309 1806 a
1327 1781 1439 1814 pietate.
1461 1780 1534 1813 Quos
1551 1781 1601 1807 nisi
1616 1782 1781 1816 assumpsis-

995 1829 1050 1856 set,
1070 1829 1097 1851 et
1118 1825 1170 1851 nisi
1197 1833 1245 1859 per
1266 1833 1360 1854 eorum
1382 1825 1476 1851 oeulos
1493 1825 1655 1855 transiissct,
1674 1833 1727 1852 non
1747 1826 1778 1852 li-

995 1871 1072 1898 cebat
1092 1871 1217 1905 cuiquam
1238 1871 1270 1897 ad
1286 1871 1410 1897 divinum
1424 1875 1451 1897 et
1465 1871 1618 1905 sapientem
1640 1877 1779 1906 pastorum

995 1916 1143 1950 principem
1159 1917 1300 1947 accedere,
1317 1921 1344 1943 et
1366 1924 1396 1943 ea
1413 1924 1473 1951 quae
1495 1917 1657 1943 videbantur
1677 1917 1778 1951 eloqui.

994 1962 1092 1995 Taceo,
1108 1968 1236 1998 quantam
1254 1963 1404 1998 imperator
1418 1965 1575 1990 ostenderet
1590 1963 1778 1990 crudelitatem

994 2007 1019 2033 in
1036 2015 1093 2041 eos,
1111 2008 1156 2042 qui
1181 2007 1217 2034 illi
1239 2007 1506 2042 appropinquabant,
1532 2012 1559 2034 et
1573 2015 1634 2034 eum
1651 2008 1779 2034 observa-

994 2054 1059 2080 bant
1082 2062 1209 2088 gerinana
1231 2054 1379 2084 servitute,
1409 2054 1495 2088 plagis
1519 2053 1638 2080 alliciens
1659 2059 1687 2080 et
1711 2061 1779 2080 con-

992 2098 1125 2125 demnans
1138 2099 1241 2126 exsiliis
1256 2099 1329 2125 nulla
1349 2099 1421 2133 justa
1435 2099 1468 2126 de
1484 2107 1574 2130 causa,
1591 2100 1705 2126 studens
1716 2107 1778 2127 eum

992 2144 1110 2178 dejicere
1127 2152 1140 2170 a
1163 2152 1226 2170 cura
1245 2152 1336 2171 rerum
1359 2145 1525 2177 divinarum,
1542 2149 1570 2171 ct
1588 2149 1695 2173 tentans
1715 2152 1777 2171 eum

959 2187 979 2213 D
994 2190 1100 2216 allicere
1118 2190 1239 2216 tristitia.
1256 2190 1300 2217 ille
1316 2194 1406 2216 autem
1421 2190 1485 2219 forti
1497 2198 1528 2217 ac
1541 2191 1676 2217 constanti
1689 2190 1779 2217 excel-

993 2242 1078 2269 soque
1094 2239 1121 2261 et
1143 2235 1259 2262 infracto
1279 2235 1371 2262 animo
1395 2243 1437 2266 ea,
1462 2243 1522 2270 quae
1541 2235 1702 2263 accidebant
1718 2241 1778 2262 tan-

992 2288 1072 2315 quam
1091 2288 1151 2314 qu:e
1166 2284 1245 2306 erant
1260 2280 1334 2306 utilia
1353 2285 1493 2314 reputans,
1515 2288 1611 2315 graves
1635 2281 1694 2306 illos
1707 2288 1776 2314 prae-

991 2327 1096 2358 fectos,
1127 2331 1252 2361 tanquam
1281 2326 1454 2361 Egyptiacos
1479 2333 1592 2360 operum
1618 2330 1775 2358 exactores,

990 2393 1024 2420 Et
1053 2393 1092 2419 sic
1118 2392 1269 2420 secundum
1285 2391 1477 2425 Throplianem
1502 2399 1510 2415 ι
1527 2390 1651 2423 Augusto
1683 2398 1775 2417 mense

992 2428 1136 2454 coronavit
1161 2428 1308 2460 imperator
1333 2425 1491 2452 Thi-odoten
1518 2425 1716 2452 cubicularium
1748 2427 1774 2452 in

990 2462 1151 2497 Augustam.
1169 2465 1196 2488 et
1210 2461 1392 2497 desponsavit
1407 2468 1466 2487 eam
1488 2460 1596 2497 inique.
1617 2460 1682 2486 Dein
1703 2468 1775 2497 anno

990 2495 1097 2531 imperii
1112 2497 1153 2524 sui
1164 2501 1253 2528 sexto,
1270 2504 1362 2523 mense
1376 2495 1775 2531 Septembri,imperatorCon-

990 2529 1126 2559 sta-ritilius
1149 2539 1211 2558 cum
1228 2531 1372 2567 Theodoto
1385 2531 1493 2564 nuptias
1510 2531 1535 2557 in
1556 2531 1656 2567 palatio
1683 2529 1774 2567 sancti

990 2567 1136 2594 Mamantis
1160 2567 1317 2594 celebravit.
1338 2576 1347 2592 ι
1363 2565 1387 2593 ls
1401 2571 1459 2592 crat
1485 2573 1574 2592 annus
1589 2565 1690 2592 Christi
1712 2566 1772 2597 795,

990 2603 1087 2629 ln-lit't.
1104 2601 1120 2628 4
1139 2606 1236 2635 empta.
1255 2601 1314 2634 Quo
1333 2610 1386 2628 non
1401 2601 1592 2627 animadversn
1611 2602 1717 2626 tertiam
1734 2600 1775 2626 in-

989 2638 1151 2674 dictioncm»
1170 2638 1222 2674 hic
1245 2636 1429 2674 li:;:i____(lcliere
1461 2640 1535 2674 ratus
1569 2640 1610 2662 est
1641 2635 1773 2674 Batonius

989 2681 1064 2700 num.
1082 2673 1126 2699 41.
1142 2672 1180 2698 lla
1198 2672 1268 2709 idem
1293 2671 1473 2709 'l‘hcophancs
1495 2672 1526 2697 ad
1544 2678 1645 2709 annum
1668 2671 1771 2709 imperii

989 2708 1161 2734 Constantini
1186 2711 1212 2733 ct
1229 2706 1319 2733 lrenes
1337 2707 1483 2739 septimum
1506 2713 1599 2732 mense
1620 2705 1771 2738 Si'ptcnihri

989 2743 1110 2777 adjuugit
1129 2742 1236 2769 initium
1254 2742 1412 2769 indictionis
1429 2739 1587 2771 deciri-met
1601 2740 1772 2777 primo-anno

988 2775 1094 2812 imperii
1122 2777 1295 2804 Constantini.
1317 2777 1402 2803 solius
1431 2784 1550 2812 mensem
1582 2775 1770 2809 bepteinbrem

988 2821 1049 2840 cum
1064 2813 1211 2839 indictione
1229 2812 1332 2838 decima
1348 2816 1444 2846 quarta
1460 2811 1565 2838 statuit.

1028 2848 1083 2882 (60)
1097 2848 1212 2883 Syncelli
1229 2848 1336 2882 proprie
1350 2844 1448 2874 domus
1461 2847 1588 2881 (cllieqne
1604 2844 1772 2880 patriarcha-
