2051 3154
277 159 340 192 ιιιι

828 164 857 191 S.
878 163 1034 191 TARASH
1050 163 1302 193 PATRIARCHE
1320 164 1375 195 ΕΡ.

1836 167 1904 200 1412

273 218 413 250 sustinuit,
431 224 458 245 et
480 219 507 245 in
529 219 601 246 omni
624 219 775 246 tentatione
797 223 824 246 et
848 220 940 246 labore
957 228 985 247 se
1003 220 1058 254 (6t)
1076 224 1096 252 Α
1114 221 1186 253 talis.
1207 227 1235 248 ut
1253 222 1368 249 rationis
1384 223 1521 258 particeps
1540 223 1687 260 attingeret
1702 224 1862 252 alimentum
1878 231 1906 254 et

273 261 388 297 probum
406 271 467 291 esse
489 265 618 297 ostendit,
636 265 812 292 adamantina
833 265 893 292 Jobi
913 265 1062 292 ratiocina-

245 307 250 312 ’
273 309 346 336 tione
368 314 497 344 tanquant
517 310 600 338 armis
616 311 750 342 munitus,
765 315 792 337 ct
808 311 880 337 illius
896 311 1063 345 inexpugna-

272 355 356 381 biletn
380 355 502 382 imitattts
522 356 692 390 patientiam,
711 356 781 383 adeo
795 360 825 383 ut
839 356 934 391 ignave
951 357 1062 383 verbum

273 400 438 435 insipientia
453 409 468 428 e
482 401 567 428 labris
580 402 637 428 suis
650 409 788 436 nunquam
801 403 950 429 emitteret.
970 402 1063 436 Neque

272 447 344 474 enim
364 447 482 474 habebat
508 447 639 474 humilem
666 452 694 474 et
718 448 853 483 abjectum
880 447 1001 474 animum
1023 448 1064 474 vir

273 492 318 519 ille
340 493 432 527 justus
455 494 481 519 in
505 493 548 525 iis,
567 501 626 527 qua“.
648 493 827 525 accidebant,
847 494 894 521 sed
916 494 1064 521 virtutibus

273 538 417 565 sublimem
431 543 458 564 et
473 539 622 570 excelsum,
641 543 668 565 et
687 539 891 573 pontificalibus
913 540 1064 567 canonibns

272 588 300 610 et
330 584 435 618 legibus
457 584 571 618 pulchre
598 588 732 615 erectum,
762 589 789 611 ct
818 585 896 619 plane
923 591 1064 620 expertem

272 629 363 655 omnis
386 629 488 655 limosa:
511 629 651 664 nequitias.

308 675 352 700 57.
380 674 477 701 Divino
498 674 579 700 etiant
604 681 730 701 sermone
750 675 886 706 nutritus,
907 680 934 702 et
956 683 1064 703 omnem

272 726 383 745 sensum
401 718 518 751 irrigans
542 718 637 745 nitidis
662 723 689 745 ct
705 722 880 746 sacrosancte
897 720 1065 747 scatentibus

273 764 402 795 fluentis,
436 764 551 790 docebat
579 764 678 791 habere
708 765 817 791 oculum
845 764 982 791 videntem
1006 773 1065 791 om-

274 817 336 836 nem
354 809 560 842 reclitudinem,
579 814 607 836 et
622 809 761 837 declinare
778 810 939 837 theatralem
956 818 1065 836 omnem

272 855 494 887 ostentationem,
514 863 576 882 eum
604 856 768 888 coercendo,
799 864 832 883 ne
857 857 929 883 circa
957 864 1002 882 res
1017 864 1065 883 ex-

272 904 363 926 ternas
382 904 537 933 vagaretur.
561 899 660 927 Multos
687 901 779 935 itaque
799 909 830 927 ex
847 901 880 928 iis
892 921 899 932 ,
916 902 962 935 qui
987 906 1065 927 erant
1082 890 1102 918 Β

273 944 299 970 in
315 945 410 976 sacris,
426 944 471 978 qui
489 952 622 979 eqttorum
639 945 838 972 certaminibus
860 945 1014 971 mirandum
1036 945 1063 971 in

272 990 382 1016 modum
409 990 631 1024 delectabantur,
655 991 803 1025 repressit,
834 995 910 1017 etut
934 998 963 1017 se
992 990 1064 1016 domi

273 1036 456 1066 continerent,
484 1043 546 1063 cum
570 1036 629 1063 hare
651 1036 760 1068 ﬁerent,
786 1036 893 1071 sibique
915 1028 947 1071 et.
965 1035 1064 1063 divinis

274 1081 421 1116 Scripturis
432 1082 611 1113 attenderent,
624 1082 766 1109 admonuit
781 1091 789 1109 :
802 1087 830 1108 et
845 1086 874 1109 ιιι
889 1082 989 1108 nttllam
1005 1086 1063 1108 tur-

273 1134 336 1161 pem
354 1131 381 1153 et
398 1126 432 1153 ab
448 1127 593 1154 honestate
617 1127 733 1153 alienam
758 1127 928 1154 auditionem
950 1127 1063 1154 omnino

273 1172 467 1204 admitterent;
485 1173 620 1200 Davidicis
644 1181 710 1200 vero
735 1172 834 1200 fidibus
854 1178 957 1208 portam
973 1173 1063 1207 aperi-

274 1223 346 1249 rent,
375 1223 403 1245 et
427 1218 460 1245 iis
480 1218 566 1253 magis
587 1218 788 1245 delectarentur
801 1238 807 1250 ,
837 1224 866 1245 ut
886 1226 947 1253 quae
967 1226 1063 1254 graves

273 1270 417 1290 sermones
433 1267 460 1289 et
477 1263 575 1290 animai
591 1263 672 1290 utiles
684 1263 871 1294 continerent,
889 1271 970 1298 quam
986 1263 1063 1290 inde-

272 1310 345 1337 coris
365 1314 393 1337 et
414 1310 568 1337 inhonestis
593 1310 727 1342 canticis,
755 1317 815 1345 quin
841 1315 977 1337 canuntur
1000 1318 1063 1337 cum

274 1357 408 1391 tympanis
424 1361 451 1383 et
467 1356 550 1388 tibiis,
569 1357 715 1391 persuasit.
736 1356 851 1384 Omnem
863 1361 954 1384 autem
969 1364 1061 1383 rerum

273 1402 398 1429 suavium
414 1402 571 1433 odoratum,
583 1402 628 1437 qui
646 1407 763 1429 mortem
779 1396 903 1434 attrahit,
917 1401 1063 1429 admittere

273 1446 471 1474 dehortabatur
490 1456 496 1474 :
515 1455 578 1474 cuin
593 1455 667 1479 vero,
685 1447 732 1482 qui
750 1447 931 1474 conservabat
946 1454 1062 1474 suaveo-

273 1492 385 1521 lentiam
404 1491 594 1526 apostolicam,
618 1491 794 1518 festinantem
819 1491 851 1518 ad
876 1491 986 1519 odorem
1011 1499 1062 1517 un-

275 1542 438 1572 guentorum
457 1536 575 1568 Christi,
603 1536 720 1567 maxime
742 1536 879 1563 attrahere
897 1536 1062 1562 adhortaba-

277 1589 329 1613 tur,
348 1587 375 1609 et
390 1582 534 1608 vociferari
555 1582 619 1608 illud
647 1589 766 1616 sponsm,
794 1581 866 1615 quod
894 1581 921 1607 in
949 1581 1063 1607 Cantico

274 1627 444 1654 canticorum
456 1626 489 1652 ad
499 1634 630 1660 sponsum
640 1625 769 1659 praeclare
779 1625 886 1652 canitur
902 1633 927 1650 ε(
938 1623 1063 1651 Sauciata

274 1672 408 1699 charitate
423 1680 484 1707 ego.
510 1677 537 1698 et
556 1679 663 1698 curram
685 1671 717 1698 ad
734 1671 846 1698 odorem
859 1675 1063 1705 unguentorum

275 1724 382 1746 tuorum
404 1717 494 1752 (Cant.
512 1726 531 1750 I,
551 1717 594 1752 5).
611 1727 620 1743 ι
642 1716 827 1744 Aversabatur
840 1721 929 1743 autem
942 1721 1064 1743 mortuas

272 1769 300 1791 ct
316 1763 494 1791 mulculcntes
513 1770 568 1790 non
594 1771 667 1790 same
684 1763 815 1790 doctrinm
842 1762 1015 1793 abet-tiones,
1033 1766 1063 1788 ut

272 1817 333 1844 qua!
348 1813 442 1836 essent
458 1816 547 1835 caus-.c
569 1807 630 1835 tetri
647 1808 740 1835 odoris
755 1808 832 1835 mala:
849 1808 997 1842 opinionis,
1011 1808 1064 1834 hoc

272 1855 345 1882 enim
359 1859 420 1881 ante
434 1854 485 1881 alia
500 1855 590 1882 omnia
604 1854 789 1890 praecipiebat.
801 1854 938 1881 declinare
951 1861 1063 1888 asperas

272 1902 330 1928 vias
347 1902 482 1928 hacresum
499 1909 504 1927 :
519 1900 601 1927 simul
622 1898 687 1928 vero
708 1900 770 1927 ferri
784 1900 852 1928 citra
864 1907 985 1926 errorem
1000 1907 1062 1926 cmn

269 1947 337 1974 sulci
360 1947 462 1973 axibus
482 1946 684 1979 ecclesiasticis,
702 1950 885 1981 congruenter
900 1945 1000 1972 divina:
1013 1945 1061 1972 ad-

270 1992 414 2020 monitioni
431 1992 578 2027 proverbii.
601 1992 715 2019 Tactum
731 1995 834 2023 autem,
850 1991 895 2026 qui
911 1996 954 2018 est
965 1997 1062 2017 neces-

269 2040 342 2067 sario
361 2038 487 2066 minister
501 2043 607 2073 gustus,
626 2038 773 2065 colnbebat
787 2037 872 2064 frenis
890 2036 958 2071 legis
979 2036 1061 2070 spiri-

270 2113 330 2133 rum
354 2110 494 2132 consortes
519 2108 594 2137 sunt,
612 2105 755 2131 convictus
779 2111 874 2132 eorum
902 2102 1059 2138 participes,

270 2145 437 2166 secretorum
465 2140 585 2171 conscii;
612 2139 743 2166 int'itidui
769 2140 795 2165 in
824 2140 907 2166 rebus
930 2138 1059 2164 omnibus

270 2174 349 2206 socii,
368 2175 518 2201 directores
543 2178 570 2200 et
594 2175 753 2206 consiliarii,
777 2174 872 2200 κελλία
889 2173 971 2200 etiam
993 2180 1059 2199 con-

270 2210 358 2236 (ιω-ιιι
376 2209 757 2243 cpiscoporttmdicebantur,
776 2209 831 2235 imo
860 2213 886 2235 et
910 2209 1061 2243 imperato-

269 2252 341 2271 rum.
357 2242 477 2282 lta’apud
495 2244 640 2282 Codinunt,
653 2252 716 2282 cap.
730 2244 747 2271 5
764 2243 800 2282 ρε
817 2244 909 2282 officiis
925 2242 1059 2282 Constan:

271 2280 466 2314 tittopolitanis,
488 2287 563 2306 num.
583 2279 628 2311 50,
654 2277 710 2314 ΙΙρὺ
738 2279 785 2305 τοῦ
806 2279 851 2305 τὸν
876 2277 993 2314 βασιλέα(
1012 2277 1060 2302 τοῦ

270 2312 375 2342 κελλίου
389 2314 472 2340 αὑτοῦ
489 2314 618 2346 ἐξελθεῖν,
634 2315 647 2339 ὁ
658 2312 921 2349 Προτοὸεστιαρίλιης
933 2312 1060 2347 supinat-:-

268 2358 318 2376 ται·
336 2351 365 2376 ὲν
387 2349 425 2383 τῷ
449 2350 601 2384 τρικλινίῳ.
623 2349 783 2384 Priusquam
799 2349 943 2382 imperator
959 2355 992 2373 ea:
1011 2355 1061 2372 suo

269 2385 387 2412 conclavi
401 2389 488 2416 exeat,
511 2384 741 2411 Proturestiurites
755 2385 782 2410 in
797 2384 911 2411 triclinio
930 2387 1059 2409 versatur.

271 2420 346 2455 δίεμαι
365 2420 475 2454 syncrlli
492 2420 583 2453 plures
594 2424 671 2455 erant
687 2429 693 2445 ί
710 2419 781 2454 quod
797 2420 878 2446 etiatn
896 2425 994 2455 nomen
1009 2425 1060 2442 au-

269 2453 451 2489 cupabantnr,
477 2455 527 2481 etsi
556 2455 582 2481 in
609 2454 780 2481 Patriarcbio
807 2463 861 2480 non
896 2453 1059 2491 habitarent,

247 2487 350 2517 ,ιιιὰόο
379 2491 594 2525 patrial-ebulum
621 2494 790 2525 expeterent,
818 2492 864 2515 aut
892 2488 984 2514 sedent
1011 2487 1062 2525 ali:

270 2533 351 2567 quam
370 2520 607 2567 titctropolitanatn
618 2533 633 2567 ἐ.
644 2520 834 2567 itaplio'tnaints
849 2524 975 2567 Argvrus

267 2559 425 2587 (ietlrenum
454 2564 509 2586 trcs
533 2559 668 2593 syncellos
685 2559 747 2585 fccit
765 2560 953 2592 tnetropolttas
969 2563 975 2593 ξ
996 2563 1058 2593 cum

267 2596 367 2630 quibus
391 2595 424 2622 de
440 2591 580 2628 superiore
598 2594 662 2621 loco.
683 2594 842 2628 occupando
857 2591 1062 2630 contendebant

267 2627 394 2665 syncelli.
416 2630 453 2656 De
466 2631 505 2666 eis
520 2629 595 2663 plura
609 2629 658 2666 legi
683 2627 796 2666 possunt
815 2627 1060 2666 aputhrctserum

264 2663 297 2693 et
310 2666 426 2693 Goarcm
444 2665 469 2691 in
485 2664 676 2691 Notaltonitms
693 2665 725 2690 ad
742 2669 821 2698 caput
835 2663 870 2690 ‘20
884 2663 992 2689 Cndtni.

305 2700 362 2743 git)
375 2700 488 2740 Michael
504 2700 541 2743 in.
551 2699 708 2743 l’itusancti
725 2696 1059 2743 Theodori:Stlttdittc‘ait‘:
1071 2712 1078 2715 ‹

270 2745 280 2761 ι
297 2733 441 2762 ἸἨιι-ξιειυιιι
459 2743 512 2761 non
536 2735 665 2760 imbuisse
683 2739 740 2760 tntn
765 2733 914 2761 ulciscendi
933 2736 1061 2758 auctores

270 2772 438 2801 facultatem,
466 2771 596 2804 temporis
611 2770 720 2804 injuria,
737 2777 798 2804 qum
813 2769 893 2806 vellet
909 2775 990 2802 agere
1006 2773 1060 2806 non

270 2807 445 2841 permittente
458 2814 465 2832 :
482 2801 536 2832 imo
549 2801 676 2842 debuisse
689 2806 722 2832 de
734 2801 844 2842 summo
857 2804 919 2838 jure
931 2801 1060 2842 nonnihil

269 2843 426 2873 remittere,
445 2848 546 2868 vesano
563 2841 725 2873 imperatore
742 2841 861 2866 minante
877 2841 1059 2876 se_majorurn

269 2878 396 2910 cxcntplo
420 2884 561 2903 sacrarunt
592 2876 740 2910 imaginum
770 2875 878 2910 hustcmr
912 2873 986 2903 fore,
1007 2873 1059 2897 nisi

271 2909 460 2944 ltund'aninto
486 2909 668 2944 conteprrat}
702 2916 831 2944 peragere
857 2909 994 2946 sineretur
1010 2913 1021 2946 :_
1034 2911 1060 2932 et

273 2946 366 2973 laud.t
378 2955 387 2972 t
401 2946 509 2980 sapiens
518 2946 673 2977 consilium,
684 2952 708 2972 ct
725 2947 776 2972 altu
789 2949 887 2975 mente,
899 2944 985 2977 quatis
998 2944 1057 2975 eius

1114 268 1190 295 cibos
1221 268 1365 301 salutares,
1397 273 1423 296 et
1454 273 1617 304 perpetuum
1645 270 1743 297 animae
1771 270 1905 305 pmberet

1114 313 1224 348 epulum
1243 322 1294 340 :ev
1310 322 1364 349 qtto
1380 315 1484 342 accedit
1499 322 1672 350 concoquens
1688 316 1845 344 distributio
1858 325 1905 344 eo-

1115 366 1174 385 rum
1188 379 1195 392 ,
1226 367 1286 394 quae
1313 361 1386 387 intro
1414 365 1596 396 aggregantur
1615 362 1832 389 immaterialiter
1851 372 1857 389 :
1878 368 1906 390 et

1114 405 1270 431 excernitur
1296 405 1387 433 omnis
1414 406 1589 441 superfluitas
1616 407 1693 434 malm
1720 407 1902 438 habitudinis.

1114 457 1174 484 quae
1189 451 1316 478 dissolvit
1332 451 1422 479 locum
1440 452 1549 480 animae.
1885 456 1890 459 ’

1151 495 1194 522 '58.
1213 495 1265 522 Sed
1282 497 1343 531 quis
1360 497 1387 524 in
1404 497 1446 524 his
1466 502 1518 524 tam
1539 505 1568 525 se
1582 503 1655 525 recte
1671 499 1764 534 gessit,
1783 504 1829 526 aut
1845 507 1905 527 me-

1115 539 1167 566 lius
1186 541 1328 576 castigavit
1350 549 1445 569 eorum
1465 543 1671 578 repngnantias,
1690 551 1769 578 quam
1787 552 1854 579 pura
1877 549 1906 571 et

1116 587 1266 613 reverenda
1287 587 1390 614 Tarasii
1407 589 1591 615 conscientia?
1610 589 1676 622 Quis
1695 597 1728 617 eo
1753 590 1779 616 in
1803 590 1905 617 divinis

1116 631 1169 658 fuit
1187 631 1359 666 frequentius
1383 634 1552 668 occupatus?
1572 634 1713 669 Nunquam
1729 635 1803 662 enim
1831 635 1906 662 dedit

1116 677 1201 702 otiutn
1218 678 1340 710 auribus,
1357 679 1465 712 quando
1478 679 1590 706 vocabat
1603 685 1710 715 tempus
1720 681 1884 715 precationis
1897 689 1904 707 :

1117 722 1163 748 sed
1192 722 1250 756 ipse
1271 731 1380 758 semper
1406 731 1454 751 sua
1485 730 1582 758 sponte
1609 729 1734 760 prompte
1759 726 1904 758 accedens,

1118 767 1173 794 Deo
1191 768 1300 795 abunde
1320 769 1452 797 offerebat
1467 771 1603 804 primitias
1618 772 1771 798 divinorum
1791 773 1906 807 hymno-

1117 821 1188 844 rum,
1206 818 1335 848 tanquam
1358 814 1496 842 fructuum
1510 817 1661 844 oblationes
1677 826 1683 844 :
1701 821 1727 844 et
1738 824 1827 852 neque
1843 825 1905 844 cum

1119 861 1272 886 retardabat
1289 865 1335 888 aut
1350 862 1505 889 emollicbat
1517 863 1653 895 socordia,
1673 871 1723 890 nec
1736 871 1906 898 quaecunque

1117 905 1278 932 accessisset
1295 906 1442 933 multitudo
1462 914 1588 934 curarum
1602 908 1783 943 publicarum,
1799 908 1907 935 abstra—

1117 949 1232 976 hebatur
1253 959 1267 977 a
1290 951 1417 986 precibus
1434 961 1441 979 :
1458 953 1504 979 sed
1526 961 1587 980 cum
1615 961 1666 981 suo
1686 958 1808 988 tempore
1833 961 1906 980 nun-

1116 1004 1195 1030 quam
1213 997 1319 1024 deesset
1332 998 1469 1032 precibus,
1488 1007 1579 1026 rerum
1601 1004 1774 1026 externarum
1797 999 1906 1026 turbant

1115 1042 1291 1077 suscipiebat.
1313 1044 1358 1072 Sic
1383 1044 1409 1072 in
1434 1045 1535 1073 divinis
1560 1045 1697 1081 mysteriis
1723 1045 1858 1078 initiatus,
1877 1050 1906 1072 et

1115 1087 1154 1114 sic
1180 1088 1293 1122 pulchre
1319 1096 1395 1116 saera
1428 1097 1560 1125 peragens
1589 1091 1733 1126 mysteria,
1760 1091 1803 1116 vir
1833 1097 1905 1116 unus

1115 1133 1291 1167 cognoscitur
1307 1141 1338 1160 ex
1357 1134 1400 1167 iis,
1420 1135 1466 1169 qui
1483 1140 1545 1170 post
1563 1136 1688 1170 gratiam,
1711 1140 1738 1162 et
1749 1143 1781 1162 ex
1796 1135 1840 1165 iis.
1857 1135 1905 1170 qui

1115 1177 1141 1204 in
1159 1179 1242 1213 gratia
1259 1183 1287 1206 et
1300 1184 1363 1207 ante
1379 1181 1491 1215 gratiam
1511 1181 1677 1208 refulserunt
1692 1181 1718 1208 in
1734 1180 1867 1208 Ecclesia.

1414 1247 1526 1275 CAPUT
1556 1247 1601 1276 IX.

1115 1313 1286 1348 Comparatio
1315 1315 1401 1341 sancti
1431 1314 1536 1341 Taraaii
1573 1324 1631 1342 tum
1662 1307 1849 1349 confessori“:
1878 1321 1905 1343 et

1149 1349 1321 1384 martyribus.
1344 1350 1450 1377 Utilitas
1473 1359 1612 1377 sacrarum
1634 1351 1789 1386 imaginum,
1812 1357 1903 1378 contra

1150 1383 1338 1411 Iconoclastas.

1231 1393 1338 1411 “(18108.

1149 1440 1194 1467 39.
1207 1440 1240 1467 Et
1249 1445 1278 1467 ut
1291 1441 1371 1467 nobis
1380 1446 1454 1468 certa
1466 1442 1508 1468 via
1518 1447 1545 1469 et
1555 1442 1658 1470 ratione
1667 1443 1796 1477 procedat
1806 1444 1905 1476 oratio.

1114 1491 1141 1513 et
1154 1486 1245 1521 regula
1260 1487 1412 1514 collationis
1424 1489 1556 1522 procedat
1571 1488 1756 1521 immobiliter,
1766 1491 1906 1526 evestigio

1115 1532 1239 1559 ordinem
1262 1534 1378 1568 accipiat
1400 1535 1579 1569 comparatio.
1607 1534 1714 1562 Etenim
1733 1544 1790 1568 eos,
1814 1537 1861 1572 qui
1876 1537 1906 1564 in

1115 1578 1259 1606 sanctitate
1274 1584 1301 1606 et
1315 1581 1422 1607 actione
1433 1584 1459 1607 et
1470 1581 1702 1615 contemplatione
1715 1582 1830 1616 pulchre
1841 1587 1907 1609 sunt

1115 1624 1235 1656 educati,
1253 1629 1279 1652 et
1302 1625 1347 1660 qni
1371 1630 1449 1653 erant
1466 1627 1660 1661 propemodum
1677 1627 1767 1654 carnis
1780 1633 1906 1662 expertes

1115 1675 1143 1697 et
1156 1671 1297 1705 sanguinis
1310 1671 1382 1698 nihil
1394 1672 1511 1706 amplius
1527 1680 1607 1706 quam
1624 1680 1653 1700 se
1670 1673 1770 1700 habere
1788 1673 1905 1705 sinebat,

1115 1717 1166 1754 nisi
1180 1717 1251 1751 quod
1269 1725 1391 1744 seorsum
1412 1718 1438 1744 in
1459 1725 1507 1752 spe
1528 1719 1698 1752 habitarunt,
1724 1724 1751 1745 et
1765 1719 1792 1746 in
1806 1720 1904 1746 solitu-

1114 1760 1177 1787 dine
1192 1765 1219 1787 et
1235 1761 1308 1787 solos
1329 1753 1432 1796 scipsos
1459 1769 1628 1789 exercuere:
1651 1768 1698 1790 aut
1716 1764 1788 1797 quod
1801 1771 1906 1799 cogno—

1114 1810 1226 1833 scantur
1253 1807 1335 1833 etiam
1358 1815 1483 1834 servasse
1511 1808 1674 1842 pauciores:
1691 1809 1795 1843 reliqua
1811 1814 1905 1836 autem

1113 1851 1222 1878 virtutis
1242 1852 1390 1887 privilegia,
1413 1853 1509 1886 partim
1531 1853 1641 1888 quidem
1662 1854 1696 1880 ab
1716 1855 1756 1881 eis
1778 1859 1844 1881 sunt
1856 1862 1906 1882 ne-

1113 1899 1210 1934 glecta,
1230 1900 1327 1933 partim
1341 1907 1405 1926 vero
1422 1900 1501 1935 longe
1516 1900 1549 1927 ab
1566 1901 1607 1928 eis
1626 1900 1785 1928 abfuerunt.
1807 1901 1907 1936 Marty-

1113 1953 1172 1972 rum
1191 1949 1281 1972 autem
1299 1945 1426 1972 eximiam
1440 1949 1468 1972 et
1489 1945 1732 1980 incomparabilem
1764 1945 1905 1973 fortitudi-

1112 1999 1186 2023 nem,
1218 1995 1246 2018 et
1260 1991 1495 2026 generosissimam
1514 1991 1688 2027 phalangem,
1709 1999 1770 2026 qua:
1791 1992 1825 2019 ad
1838 2000 1905 2019 san-

1112 2034 1223 2072 guinem
1242 2045 1328 2072 usque
1350 2037 1450 2065 restitit
1473 2042 1594 2073 peccato,
1619 2045 1789 2073 corporaque
1803 2043 1830 2065 et
1843 2038 1905 2065 ani-

1112 2104 1306 2139 fuit,dignum.
1321 2115 1330 2132 ›
1341 2105 1443 2133 Verum
1462 2110 1572 2133 sanctus
1587 2105 1666 2132 Plato
1675 2105 1840 2133 Sacudionis
1855 2105 1906 2133 ab—

1112 2141 1161 2167 bas
1177 2140 1248 2174 apud
1264 2140 1471 2176 Theophanem,
1488 2141 1605 2176 abscidit
1626 2149 1655 2168 se
1673 2148 1688 2167 a
1704 2141 1905 2168 communione

1112 2175 1217 2202 'l‘arasii
1235 2175 1397 2209 patriarchae
1409 2197 1415 2206 .
1433 2177 1505 2210 quod
1523 2175 1714 2210 imperatorem
1730 2176 1757 2210 in
1778 2183 1904 2202 cominu-

1113 2210 1222 2236 nionem
1242 2211 1400 2244 recepisset.
1424 2209 1547 2242 i’Tttnc,
1564 2209 1604 2238 ιιι
1625 2210 1722 2237 scribit
1748 2209 1902 2242 Baronius,

1113 2253 1189 2271 num.
1203 2244 1247 2277 46,
1269 2255 1278 2270 ι
1296 2246 1388 2279 gravis
1403 2247 1529 2280 angustia
1553 2246 1694 2279 premebat
1709 2244 1831 2271 animum
1853 2253 1902 2280 pa-

1114 2280 1251 2310 triarchae,
1279 2288 1342 2307 cutn
1363 2279 1505 2307 vereretur
1528 2280 1611 2306 nimis
1635 2280 1824 2314 exasperanda
1843 2279 1904 2305 aui-

1113 2322 1187 2341 mttm
1206 2315 1391 2349 imperatoris,
1414 2319 1440 2342 et
1455 2315 1489 2341 ab
1507 2314 1629 2342 Ecclesia
1647 2315 1823 2344 removendo,
1838 2321 1903 2340 eum

1114 2349 1215 2377 faceret
1231 2350 1292 2377 tidei
1315 2350 1456 2377 catholicae
1467 2350 1634 2376 desertorem
1653 2358 1659 2374 :
1676 2349 1767 2376 adhuc
1783 2349 1905 2375 recentia

1113 2385 1242 2412 Ecclesia:
1258 2385 1381 2417 vulnera,
1397 2390 1423 2412 et
1444 2385 1488 2411 vix
1505 2385 1622 2415 obducta
1638 2388 1716 2413 erant
1739 2391 1787 2418 per
1811 2383 1906 2410 conci—

1113 2420 1179 2446 lium
1196 2420 1254 2454 ejus
1271 2427 1351 2453 opera
1368 2422 1534 2446 celebratum
1551 2419 1646 2446 Nlcam
1659 2419 1792 2445 adversus
1809 2418 1908 2444 Icono-

1113 2455 1213 2481 clastas
1228 2463 1234 2480 :
1256 2455 1347 2482 adhttc
1359 2455 1486 2489 vigebant
1502 2455 1594 2481 hostes
1610 2454 1738 2481 Ecclesia:
1749 2462 1756 2479 :
1769 2457 1829 2479 erat
1845 2454 1906 2489 ipse

1113 2490 1272 2516 adolescens
1295 2488 1398 2517 anitno’
1414 2489 1524 2516 mobilis
1547 2493 1573 2515 et
1590 2489 1735 2520 instabilis,
1752 2492 1781 2514 et
1793 2488 1907 2514 haereti-

1112 2532 1207 2551 corum
1236 2531 1378 2558 parentum
1398 2525 1468 2551 mala
1493 2531 1625 2559 propago,
1654 2523 1851 2559 perfacilisquc
1872 2527 1905 2548 ut.

1114 2560 1165 2586 levi
1185 2557 1251 2586 flatit
1271 2560 1298 2586 in
1325 2560 1449 2586 haeresim
1467 2557 1591 2593 praeceps
1611 2557 1817 2593 impelleretur:
1834 2557 1905 2588 haec.

1113 2594 1236 2629 inquam,
1252 2598 1278 2621 et
1293 2595 1346 2621 alia
1364 2594 1521 2628 hujusmodi
1543 2594 1642 2620 mentis
1657 2593 1773 2620 consilio
1787 2599 1904 2618 versans

1115 2629 1256 2659 Tarasins.
1276 2631 1318 2657 sic
1336 2637 1429 2656 errore
1453 2630 1617 2664 redarguere
1642 2629 1732 2664 voluit
1753 2628 1908 2661 imperato—

1113 2672 1182 2701 rem,
1201 2670 1235 2701 ut
1248 2669 1338 2701 tamen
1357 2672 1419 2691 etim
1431 2685 1438 2697 ,
1466 2663 1584 2691 licet’ea
1606 2663 1830 2701 pmna_dignum.
1853 2668 1907 2701 no-_

1113 2699 1194 2726 luerit
1212 2699 1245 2725 ab
1261 2699 1380 2726 Ecclesia
1407 2706 1544 2734 separare.
1565 2708 1574 2724 ι
1605 2698 1668 2725 Htec
1689 2697 1905 2734 Baronius,_qni

1113 2742 1162 2768 per
1179 2735 1320 2761 hmreticos
1336 2731 1461 2769 parentes
1486 2741 1539 2760 non
1565 2733 1820 2769 intelligitrtnatretn
1843 2731 1903 2769 lie-

1114 2765 1186 2802 nem,
1205 2771 1251 2797 sed
1268 2765 1385 2804 patrem,
1401 2777 1492 2800 avum,
1515 2765 1668 2804 proavnntf
1691 2768 1780 2802 Atque
1796 2767 1832 2804 ita
1853 2765 1908 2791 Ta-

1113 2806 1214 2834 rasius.
1234 2801 1301 2832 teste
1317 2811 1412 2831 sancto
1428 2801 1571 2831 Theodoro
1587 2803 1705 2834 Studita,
1722 2801 1783 2836 post
1797 2801 1905 2828 obitum

1114 2839 1289 2873 imperatoris
1306 2848 1334 2866 se
1350 2840 1421 2875 apud
1431 2839 1571 2875 Platonem
1587 2846 1718 2874 purgans,
1734 2844 1796 2864 cum
1817 2841 1908 2875 eopest

1113 2870 1307 2901 connnttnione
1325 2870 1499 2908 cotijunctns.
1528 2870 1660 2900 Coltintu'r
1688 2876 1800 2908 sanctus
1823 2870 1907 2898 l’lao

1113 2910 1129 2936 4
1147 2911 1256 2945 Aprilis,
1277 2906 1388 2937 sanctus
1405 2908 1453 2935 Tha
1465 2909 1566 2936 odorus
1581 2908 1688 2935 Studila
1708 2908 1738 2934 1'2
1754 2906 1903 2934 Novembr.
