2051 3154
135 172 202 205 1413

906 168 1006 199 VITA.

1694 171 1763 204 MM

129 237 188 258 mas
207 231 317 264 propter
347 227 432 254 Deum
451 225 588 261 prodegit,
607 232 662 252 non
688 225 721 252 ad
743 224 861 252 tribunal
887 231 916 250 se
933 228 954 254 Α
971 224 1033 250 tur?
1049 223 1115 257 Quis
1132 232 1194 252 eum
1208 224 1312 257 ridens,
1330 225 1373 252 cui
1398 231 1479 260 caput
1497 226 1636 262 tyrannica
1649 234 1760 262 propter

128 276 228 303 sistens
241 273 420 309 tyrannicum,
436 271 462 298 in
477 271 649 306 stadiumque
662 276 689 297 et
700 277 812 297 arenam
824 270 918 296 decer-

129 325 237 348 taturtts
259 319 388 354 prodiens
407 321 447 345 est
469 317 599 348 imitatus,
618 320 646 343 et
666 315 753 343 erexit
766 315 916 350 trophaeum

129 364 266 391 veritatis:
283 362 330 389 sed
345 369 401 394 eos,
420 361 465 396 qui
481 360 540 387 haec
554 363 581 387 et
598 359 641 387 his
663 359 765 394 majora
780 358 918 385 sustinue‘

130 413 204 441 runt,
227 408 399 440 desiderans,
415 411 443 433 et
466 406 542 433 miris
570 405 704 432 extollens
724 404 863 436 laudibus,
891 406 918 429 et

129 461 264 482 coronans
274 454 356 481 veluti
371 453 533 488 quibusdam
547 452 688 479 victoriam
701 449 917 485 signiﬁcantibus

128 501 275 528 Verborum
299 499 517 531 diadematibus,
550 501 577 524 et
600 504 695 524 eorum
723 497 856 523 salutares
884 495 918 521 ad

129 546 215 573 Deum
238 552 369 572 reverens
385 544 615 575 intercessiones,
632 544 660 569 et
679 549 778 568 vocans
793 541 826 568 ad
842 541 918 567 auxi-

128 592 194 620 lium
210 596 329 626 paratam
347 591 511 626 scripturam
528 594 555 617 et
579 589 690 622 librum,
711 597 740 616 se
755 596 803 615 sua
821 591 917 621 sponte

127 637 292 665 oﬂerentem
308 636 336 663 in
353 636 438 663 sacris
455 635 576 670 templis,
592 634 743 661 honoriﬁce
759 633 792 660 de
807 631 917 667 scriptis

128 688 223 709 eorum
248 680 455 712 certaminibus,
478 679 587 714 posuit:
607 683 636 706 ut
655 679 698 711 iis,
722 678 767 712 qui
783 677 916 709 viderent,

127 728 247 763 aperiret
261 727 393 755 vestibula
414 726 643 761 compunctionis,
666 729 692 752 et
707 724 823 751 athletas
839 723 918 750 indu-

127 778 212 806 ceret,
228 780 324 800 eorum
340 772 399 799 zelo
416 779 556 804 accensos,
573 776 602 798 ut
622 770 748 802 similem,
766 769 788 796 si
811 773 917 802 tempus

127 822 252 850 vocaret,
277 818 384 854 beatam
418 817 570 852 arriperent
602 816 827 855 decertationem.
863 813 917 840 Res

127 862 200 890 enim
219 862 354 897 ejusmodi
377 862 428 890 scit
449 862 594 889 conciliare
615 861 721 892 oculus,
746 860 791 895 qui
811 863 853 886 est
866 859 916 886 bo-

969 268 1107 297 Christum
1135 271 1186 298 fuit
1206 276 1375 305 amputatum
1392 273 1537 305 sententia,
1556 277 1584 300 et
1604 273 1650 308 qui
1679 281 1761 302 omne

969 323 1055 350 genus
1085 316 1211 344 ﬂuctibus
1236 325 1358 344 seorsum
1389 317 1475 345 fertur
1499 326 1513 345 a
1531 318 1634 353 reliqua
1666 320 1760 353 cymba

969 361 1101 396 corporis,
1116 367 1142 389 et
1155 367 1222 389 nutu
1239 363 1322 389 divini
1340 364 1432 390 auxilii
1447 372 1478 391 ea
1495 364 1571 391 unita
1581 369 1609 391 et
1620 372 1668 398 per
1685 368 1759 392 mare

969 410 1097 440 tanquam
1128 414 1175 441 per
1203 407 1307 433 aridam
1338 412 1413 434 recto
1440 409 1538 435 itinere
1566 409 1760 443 ingredientia,

969 452 1074 479 etiamsi
1101 452 1201 479 duritie
1229 460 1275 478 cor
1302 453 1400 479 habeat
1428 453 1574 486 ﬂuctuans,
1599 462 1653 481 non
1668 455 1759 481 statim

968 497 1043 524 venit
1058 497 1090 523 ad
1107 501 1212 531 portum
1229 497 1430 532 tranquillitatis
1447 499 1673 531 spiritalis?Quis
1685 507 1759 530 ettm,

969 542 1048 575 cujus
1080 551 1184 577 ungues
1215 543 1394 570 arundinibus
1423 544 1515 570 acutis'
1535 544 1762 578 perforantur,et

968 587 1013 621 qui
1032 587 1057 613 in
1082 587 1241 614 bullientem
1264 587 1332 621 picis
1348 588 1464 614 lebetem
1486 596 1607 623 prmceps
1621 590 1760 624 immergi-

969 637 1013 660 tur
1025 638 1051 660 et
1065 641 1158 660 rursus
1183 635 1309 666 emergit,
1326 638 1354 659 et
1369 633 1456 667 gladio
1480 634 1615 660 hostiliter
1630 642 1760 661 consum-

969 684 1067 711 matur,
1090 679 1237 713 aspiciens,
1260 686 1314 705 non
1331 676 1430 705 man'us
1444 679 1478 705 ad
1498 678 1581 706 Deum
1596 679 1715 710 sustulit,
1734 684 1761 706 et

968 732 1022 751 non
1036 725 1138 760 optavit
1159 726 1258 752 deinde
1275 725 1354 752 talem
1373 725 1491 759 experiri
1504 726 1656 752 cruciatum
1669 726 1680 752 ?
1693 725 1761 758 Quis

968 777 1025 802 eos,
1038 770 1083 804 qui
1101 771 1162 805 gelu
1183 771 1298 797 hiberno
1320 774 1346 797 et
1368 770 1439 797 acris
1457 771 1549 805 algore
1565 775 1759 803 concrescunt,

968 821 994 842 et
1009 815 1074 842 nudi
1092 817 1243 847 decertant,
1259 819 1360 842 attente
1371 815 1549 842 considerans
1566 824 1573 848 ;
1593 819 1620 842 et
1634 815 1679 850 qtti
1695 823 1760 842 cru-

969 868 1028 887 rum
1047 861 1183 888 sustinent
1198 860 1355 892 fractiones,
1368 865 1395 887 et
1410 868 1470 888 cum
1484 861 1612 887 ardentes
1626 861 1759 888 carbones

126 915 192 934 num
219 913 408 943 argumentum
427 913 601 940 consecutus,
627 911 655 934 et
674 906 796 934 auditum
814 912 916 939 prcece—
933 907 954 935 Β
968 911 1072 933 natura:
1084 907 1183 933 robore
1198 906 1353 940 effugerint,
1371 906 1397 932 in
1414 905 1557 932 ﬂuviorum
1575 905 1676 933 ﬂuenta
1693 906 1759 932 mit-

127 953 202 979 dere.
236 950 296 987 Ipse
314 953 387 980 enim
411 953 561 980 secundum
585 950 718 979 honorem
742 955 801 986 post
828 950 914 978 visum

126 1002 168 1026 est
194 998 329 1033 adeptus,
356 1002 384 1026 et
407 1006 470 1026 eum
498 999 593 1026 oculus
614 998 716 1032 absque
745 997 915 1032 expositione

125 1051 233 1076 eorum,
246 1052 307 1079 qua:
322 1048 386 1071 sunt
410 1044 544 1079 subjecta,
560 1044 658 1079 ﬁguras
671 1042 787 1078 accipiat
801 1042 915 1070 eviden-

127 1094 180 1122 tes,
205 1091 314 1117 auditus
342 1098 449 1125 semper
475 1091 624 1118 secundum
654 1090 743 1117 locum
771 1093 856 1120 tenet,
887 1092 916 1115 ut

126 1136 194 1163 dixit
206 1135 314 1171 quidam
330 1136 453 1171 sapiens.

162 1181 208 1208 40.
228 1181 294 1214 Quis
314 1181 387 1208 enim
404 1181 541 1209 coloribus
556 1188 714 1216 expressum
732 1181 828 1208 videns
842 1187 915 1212 eum,

128 1226 172 1260 qui
195 1225 326 1258 decertat,
346 1229 373 1252 et
389 1226 477 1261 ignem
497 1226 706 1260 despicientem,
730 1229 756 1252 et
771 1225 844 1252 nube
869 1224 917 1251 ﬂa-

128 1271 259 1307 gellorum
282 1272 493 1305 circumdatum,
520 1277 548 1300 et
573 1273 600 1299 itt
626 1272 668 1300 his
688 1271 811 1299 Creatori
832 1270 917 1299 conﬁ-

128 1315 226 1343 denter
256 1316 382 1350 spiritum
410 1317 592 1349 emittentem,
611 1325 667 1344 non
688 1317 782 1345 calidis
797 1317 917 1344 circum-

128 1361 252 1389 tunditur
273 1362 410 1397 lacrymis,
436 1367 463 1390 et
487 1362 613 1398 suspiriis
632 1370 664 1390 ac
679 1363 825 1398 gemitibus
840 1371 918 1391 como

129 1408 279 1443 pangitur?
294 1407 361 1441 Quis
373 1415 447 1440 eum,
462 1409 508 1443 qui
527 1416 556 1436 se
570 1408 645 1435 exuit
657 1409 690 1436 ad
704 1409 796 1444 gravia
813 1409 918 1436 crucia-

130 1460 206 1480 tuum
227 1458 255 1481 et
276 1454 473 1489 suppliciorum
498 1462 609 1489 genera,
632 1458 659 1481 et
675 1458 814 1488 postremo
829 1459 918 1482 tortus

129 1497 190 1531 fuit,
216 1499 362 1534 aspiciens,
385 1507 440 1527 non
457 1500 547 1528 cordis
561 1494 724 1528 contritione
738 1503 834 1535 pectus
856 1505 918 1527 tun-

130 1545 199 1573 dens
213 1545 337 1573 recedit?
352 1545 418 1579 Quis
435 1553 498 1574 eum
512 1547 617 1580 videns,
639 1547 685 1581 qui
700 1554 749 1582 pro
762 1546 872 1574 Christo
890 1554 918 1574 se

131 1591 241 1619 tradidit
253 1591 403 1625 lictoribus,
416 1593 592 1627 compedibus
602 1594 769 1628 manicisque
781 1598 806 1620 et
820 1593 919 1620 ﬁdibus

130 1638 291 1673 constringi,
302 1643 330 1665 et
340 1639 437 1666 deinde
456 1638 563 1666 fortiter
578 1640 720 1675 exspirare
736 1640 764 1667 in
778 1639 919 1674 suppliciis

131 1683 317 1716 tntolerandis,
349 1692 404 1711 non
417 1685 567 1712 admiratur
586 1685 756 1719 patientiam,
774 1685 919 1713 invictam-

131 1737 184 1764 que
202 1730 303 1757 excelsi
326 1731 409 1758 animi
431 1731 558 1758 virtutem
579 1735 607 1758 ct
633 1731 737 1758 ﬁdem?
768 1730 835 1763 Quis
858 1739 920 1759 cum

132 1779 269 1809 spectans,
283 1775 340 1810 qui,
365 1783 400 1802 ne
425 1777 532 1811 aliquod
550 1777 662 1804 verbum
690 1777 828 1804 emitteret
848 1777 919 1804 indi-

132 1828 215 1856 gnum
234 1821 343 1856 pietate,
362 1826 388 1848 ct
408 1822 435 1849 in
459 1822 589 1849 lateribus
606 1826 634 1849 et
651 1822 679 1849 in
697 1823 778 1850 dorso
792 1823 919 1855 laniatur,

133 1874 187 1893 non
206 1867 357 1895 emollescit
369 1867 627 1895 commiseratione?
640 1867 706 1901 Quis
720 1876 775 1896 non
791 1868 921 1902 impletur

133 1909 325 1941 admiratione,
337 1914 364 1936 et
383 1910 503 1944 quatitur
515 1910 623 1942 timore,
639 1911 748 1945 quando
761 1911 833 1938 videt
846 1918 920 1942 cttm,

133 1955 180 1990 qui
194 1962 244 1990 pro
255 1955 307 1982 ﬁde
321 1956 431 1990 patitur,
450 1957 541 1984 omnia
557 1956 678 1984 membra
693 1964 740 1983 sua
753 1956 921 1984 distribuen-

134 2005 209 2035 tem;
226 2001 291 2029 dum
308 2002 450 2035 scinditur,
469 2007 496 2030 ct
514 2003 547 2030 ad
563 2003 610 2030 Dei
624 2003 786 2030 sacriﬁcium
801 2007 828 2029 et
846 2003 922 2029 abla-

136 2048 236 2074 tionem
251 2054 283 2075 ea
302 2048 428 2080 secrevit,
450 2056 511 2083 qua:
526 2056 611 2084 usque
630 2048 664 2075 ad
681 2048 822 2075 musculos
838 2048 923 2075 femo-

138 2099 221 2127 raque
238 2097 266 2119 et
281 2093 348 2120 talos
367 2098 395 2120 et
416 2098 504 2121 tat-sos
524 2093 683 2121 dividuntur
699 2092 923 2120 immisericordi-

139 2143 188 2171 ter,
206 2146 260 2166 non
283 2140 434 2167 admiratur
453 2140 691 2167 laboriosissimum
716 2140 742 2166 in
758 2139 924 2166 decertanth

137 2185 314 2220 patientiam?
343 2185 410 2219 Quis
447 2194 509 2213 cum
538 2186 769 2220 aspiciens,-qui
799 2185 925 2212 leonibus

137 2231 264 2266 obiicitur
278 2231 460 2264 devorandas,
477 2237 505 2259 et
515 2231 642 2259 dentibus
659 2239 753 2258 corum
769 2230 923 2262 molendus,
943 2249 963 2276 Β

138 2282 166 2305 et
184 2277 267 2304 veluti
292 2278 411 2305 ccelestis
428 2278 506 2313 panis
529 2284 629 2305 mensae
644 2274 748 2304 caelesti
767 2275 925 2311 conspergi-

140 2327 192 2355 tur,
216 2331 271 2350 non
286 2328 327 2350 est
345 2323 520 2358 intelligentia
540 2323 677 2357 particeps
696 2322 769 2349 illius
783 2320 923 2356 martyriei

140 2367 269 2402 spiritalis
295 2366 432 2394 convivii?
459 2366 525 2399 Quis
554 2374 617 2394 eum
640 2366 848 2401 contemplans,
880 2365 925 2400 qui

140 2413 236 2441 acerba
252 2417 346 2441 catena
354 2417 467 2447 propter
482 2412 566 2439 Deum
581 2413 742 2447 exagitatus,
758 2416 786 2439 et
801 2413 827 2438 in
843 2411 927 2438 altum

141 2460 273 2491 sublatus,
295 2463 322 2486 et
336 2459 400 2486 loris
416 2466 447 2486 ac
459 2459 568 2486 sttttinis
581 2458 682 2485 vibices
692 2459 774 2491 habet
789 2462 926 2489 extensus,

141 2509 168 2532 et
183 2505 292 2532 tandem
315 2504 403 2540 gladio
425 2509 540 2531 mortem
556 2504 639 2535 subit,
659 2511 713 2530 non
727 2503 850 2538 seipsum
868 2510 927 2529 om-

141 2551 212 2578 nino
229 2551 319 2578 cordis
335 2551 500 2578 contrahcns
513 2550 737 2582 contritionibus,
760 2550 928 2578 convertitur

142 2599 174 2625 ad
192 2601 297 2633 gratam
317 2597 364 2625 Dei
389 2597 629 2632 gloriﬁcationem?
650 2596 718 2629 Quis
735 2604 796 2624 eum
820 2596 927 2628 videns,

142 2645 187 2679 qui
206 2648 296 2672 rectus
313 2644 339 2670 in
358 2643 430 2678 ligno
452 2643 578 2675 vincitur,
599 2647 627 2670 et
642 2643 721 2678 cujus
736 2642 930 2670 exinaniuntur

143 2690 273 2718 intestina
297 2689 485 2725 frequentibus
508 2689 608 2716 ictibus
631 2688 796 2724 ﬂagellorum
811 2709 818 2721 ,
837 2692 864 2714 et
883 2687 929 2722 qtti

142 2735 300 2762 diuturnam
320 2734 390 2761 illam
406 2733 521 2760 sustinet
539 2733 565 2759 in
581 2733 653 2768 ligno
671 2733 887 2767 perpessionem,
904 2736 931 2759 et

143 2781 202 2808 sine
228 2779 378 2807 visceribus
409 2778 579 2814 ingrediens,
619 2777 761 2804 funebrem
785 2778 930 2812 quamdam

143 2825 225 2853 saltat
243 2825 428 2858 saltationem,
448 2833 504 2852 non
529 2825 621 2852 divino
645 2825 698 2851 telo
721 2824 748 2851 in
764 2825 848 2852 corde
868 2831 932 2851 sau-

144 2872 241 2906 ciatur,
259 2871 520 2907 tabernaculum‘que
534 2876 560 2899 ct
573 2871 705 2906 templum
721 2871 832 2905 pictatis
847 2870 932 2897 cilici-

967 956 1061 979 tttntur
1073 959 1166 979 eorum
1185 952 1314 986 reliquiae,
1336 959 1390 978 non
1411 951 1575 978 desideravit
1596 959 1643 978 eos
1659 951 1758 979 habere

967 1003 1106 1032 patronos,
1133 1001 1160 1024 et
1176 997 1304 1032 precibus
1331 997 1472 1024 attrahere
1499 1004 1593 1023 eorum
1625 1004 1714 1024 acrem
1731 1001 1760 1024 et

965 1044 1073 1079 dignam
1091 1042 1300 1070 defensionem?

1001 1089 1045 1116 ΔΙ.
1066 1088 1128 1116 Haec
1141 1094 1231 1116 autem
1246 1087 1345 1115 videris
1362 1087 1419 1114 ﬁeri
1439 1094 1494 1114 non
1508 1087 1595 1114 solum
1610 1087 1636 1114 in
1650 1095 1759 1115 mascu-

965 1134 1008 1165 lis.
1035 1135 1081 1162 sed
1103 1135 1183 1161 etiam
1209 1134 1236 1160 in
1265 1133 1386 1165 feminis,
1413 1141 1473 1168 quae
1489 1133 1600 1168 paribus
1618 1133 1760 1161 decertant

967 1180 1175 1212 certaminibus,
1194 1184 1222 1207 et
1245 1179 1472 1214 equuleorum'et
1491 1184 1611 1206 rotarutn
1636 1183 1759 1206 etcaete-

967 1234 1060 1253 rorum
1074 1225 1273 1253 tormentorum
1287 1226 1390 1252 nullam
1407 1225 1511 1252 ducunt
1532 1226 1675 1254 rationem.
1692 1224 1760 1258 Quis

967 1271 1040 1298 enim
1065 1271 1123 1298 hatc
1149 1271 1207 1298 ﬁeri
1232 1270 1370 1306 aspiciens
1385 1270 1412 1297 in
1430 1271 1591 1298 mollissima
1606 1275 1714 1303 natura,
1736 1271 1759 1298 si

968 1316 1051 1344 veluti
1066 1317 1170 1344 litteras
1185 1316 1339 1348 attendens,
1354 1316 1425 1351 legat
1442 1316 1560 1348 colores,
1586 1324 1640 1343 non
1662 1316 1760 1343 mulie-

968 1362 1044 1390 brem
1061 1362 1172 1396 abjiciat
1196 1362 1379 1393 timiditatem,
1402 1366 1429 1388 et
1450 1361 1546 1388 ﬁducia
1567 1362 1690 1394 indutus.
1705 1369 1761 1389 non

969 1411 1060 1434 autem
1084 1407 1229 1434 temeraria
1255 1406 1378 1439 audacia.
1403 1410 1432 1434 et
1458 1406 1491 1433 ad
1509 1406 1593 1433 Deum
1618 1407 1761 1434 funebrem

969 1456 1050 1480 canat
1078 1452 1271 1485 laudationem,
1303 1456 1330 1479 et
1351 1456 1447 1487 aperte
1471 1452 1633 1487 pronuntiet
1654 1453 1761 1479 beatam

970 1499 1041 1525 hanc
1056 1497 1186 1525 invictam
1217 1491 1424 1525 fortitudinem?
1447 1496 1515 1530 Quis
1542 1497 1638 1524 videns
1664 1497 1761 1525 imma-

970 1548 1094 1571 turorum
1109 1551 1255 1578 puerorum
1281 1547 1389 1570 aetatem
1405 1543 1432 1570 in
1450 1542 1607 1577 asperrimis
1622 1542 1763 1570 doloribus

933 1578 954 1607 θ
973 1595 1098 1625 tanquam
1113 1589 1140 1616 in
1156 1589 1233 1624 aquis
1247 1589 1427 1622 innatantem,
1443 1594 1470 1616 et
1492 1594 1620 1624 tanquam
1639 1590 1681 1616 lac
1697 1596 1764 1616 coa-

971 1637 1101 1673 gttlatum,
1132 1635 1266 1662 emulsum
1294 1643 1326 1663 ex
1358 1636 1488 1663 uberibus
1520 1635 1600 1667 ﬁdei,
1628 1640 1655 1663 ct
1683 1643 1764 1662 omna

970 1689 1054 1718 genus
1073 1682 1200 1709 tormenti
1216 1686 1242 1709 et
1265 1681 1391 1716 supplicii
1408 1681 1488 1707 simul
1503 1679 1634 1708 ferentem
1653 1685 1765 1715 propter

970 1727 1121 1759 Christum,
1149 1735 1205 1754 non
1232 1727 1382 1761 coniecerit
1411 1726 1462 1753 hoc
1490 1732 1551 1753 eSse
1580 1734 1650 1760 opus
1677 1724 1762 1753 divini

971 1772 1075 1804 auxilii,
1100 1773 1173 1806 quod
1192 1776 1219 1799 et
1239 1772 1400 1798 muliebrem
1429 1771 1644 1798 imbecillitatem
1661 1772 1763 1798 virtute

972 1818 1039 1846 virili
1054 1818 1118 1845 fecit
1134 1817 1326 1847 robustiorem,
1344 1821 1371 1843 et
1391 1817 1560 1850 impuberem
1582 1825 1613 1844 ac
1630 1817 1763 1851 puerilem

972 1859 1206 1899 imperfectionem
1221 1862 1342 1901 ostendit
1358 1861 1456 1896 spiritu
1475 1869 1506 1889 ac
1529 1869 1611 1888 sensu
1627 1870 1686 1889 esse
1703 1870 1764 1889 ntu-

973 1913 1053 1935 tatam
1082 1909 1110 1935 in
1138 1908 1251 1936 senilem
1271 1904 1455 1934 vetustﬁtem?
1488 1907 1555 1939 Quis
1582 1907 1709 1934 Theclam
1737 1913 1764 1934 et

974 1953 1153 1989 Stephanum,
1179 1953 1225 1988 qui
1256 1952 1338 1988 primi
1363 1957 1424 1987 post
1438 1952 1579 1979 Christum
1602 1952 1762 1979 athleticam

974 2003 1078 2034 portam
1093 2002 1258 2034 aperuerunt
1271 1998 1444 2033 martyribus,
1462 1997 1537 2024 hunc
1548 1997 1657 2032 quidctn
1668 1997 1765 2025 videns

974 2046 1110 2080 lapidibus
1126 2046 1289 2080 appetitum,
1312 2049 1339 2071 et
1356 2044 1507 2071 occisorum
1525 2051 1574 2078 per
1588 2051 1700 2078 precum
1721 2045 1764 2070 in-

975 2092 1168 2119 tercessionem
1186 2092 1258 2126 apud
1279 2091 1363 2118 Deum
1385 2098 1478 2117 curam
1501 2094 1662 2124 gerentem:
1690 2090 1763 2116 illam

976 2146 1041 2165 vero
1062 2143 1090 2165 et
1117 2137 1235 2165 ferarum
1264 2137 1395 2164 saevitiam
1414 2135 1623 2170 despicientem,
1654 2140 1766 2170 propter

977 2191 1053 2210 suam
1070 2191 1126 2210 non
1142 2183 1231 2210 ﬁctam
1260 2183 1287 2209 in
1307 2183 1456 2214 Christum,
1478 2189 1559 2216 quem
1582 2181 1765 2213 desiderabat,

978 2229 1148 2260 charitatem,
1167 2229 1223 2256 non'
1242 2228 1333 2256 statim
1348 2228 1428 2256 discit
1450 2236 1503 2254 non
1521 2227 1590 2254 male
1607 2227 1709 2261 precari
1723 2227 1767 2254 in-

977 2275 1135 2307 imicis,sed
1153 2278 1280 2308 tanquatn
1300 2273 1518 2300 benef-actoribus
1538 2273 1577 2299 eis
1593 2272 1705 2307 gratiam
1722 2281 1765 2298 re-

977 2320 1058 2350 ferre,
1074 2324 1100 2346 ct
1125 2319 1257 2345 adversus
1284 2326 1392 2345 omnem
1411 2318 1557 2344 belluinam
1585 2321 1613 2343 et
1628 2321 1767 2344 amentem

978 2365 1114 2392 decertare
1133 2360 1277 2390 haeresim?

1012 2408 1057 2435 42.
1076 2407 1130 2435 Sed
1148 2413 1257 2434 transeo
1281 2406 1314 2433 ad
1331 2405 1417 2432 Deum
1434 2413 1524 2432 meum
1550 2411 1577 2432 et
1598 2406 1745 2434 Dominum
1759 2428 1768 2437 μ

979 2455 1024 2489 qui
1042 2458 1145 2489 martyr
1159 2458 1202 2480 est
1223 2452 1387 2488 appellatus,
1406 2456 1433 2479 et
1456 2452 1507 2479 fuit
1521 2453 1638 2487 posteris
1654 2453 1767 2488 dispen-

979 2505 1053 2527 sator
1079 2499 1200 2527 victoria:
1217 2507 1223 2525 :
1241 2498 1323 2533 quem
1345 2498 1371 2524 in
1396 2498 1470 2533 ligno
1494 2505 1611 2526 cernens
1627 2499 1710 2526 clavis
1724 2499 1768 2525 af-

981 2548 1075 2578 ﬁxum,
1094 2549 1121 2572 et
1139 2545 1253 2580 spongia
1272 2548 1349 2571 aceto
1365 2548 1392 2571 et
1411 2544 1473 2571 felle
1491 2548 1624 2578 potatnm,
1645 2549 1672 2572 et
1683 2545 1765 2572 latere

980 2592 1074 2619 lancea
1097 2596 1239 2626 punctum,
1263 2595 1290 2618 et
1305 2591 1387 2618 ex'eo
1400 2589 1506 2617 viviﬁca
1523 2589 1624 2617 ﬂuenta
1641 2591 1753 2618 emittet?

983 2642 1048 2669 tem,
1066 2638 1166 2664 horreo
1180 2640 1208 2664 et
1225 2645 1240 2664 a
1258 2644 1301 2663 mc
1315 2636 1436 2669 discedo,
1458 2635 1620 2671 honoroqne
1643 2637 1702 2671 ejus
1725 2636 1767 2664 ins

982 2684 1168 2719 vestigabilem
1189 2688 1216 2710 ct
1231 2682 1394 2717 stupendam
1413 2682 1454 2709 sui
1472 2681 1678 2713 demissioncm,
1696 2683 1755 2717 ejus

981 2738 1035 2765 quc
1059 2730 1179 2756 admiror
1203 2736 1316 2757 somnne
1333 2728 1467 2755 malorum
1484 2729 1633 2756 tolerantiae
1646 2728 1770 2763 pelagus,

983 2777 1089 2804 Etenim
1105 2781 1216 2811 propter
1229 2774 1382 2802 clementia:
1393 2775 1619 2810 magnitudinem,
1634 2779 1662 2801 et
1675 2774 1770 2802 ineﬂa~

983 2824 1064 2851 bilem
1097 2821 1293 2849 misericordia:
1323 2821 1494 2853 bonitatem,
1531 2829 1593 2848 eum
1620 2826 1774 2855 accepisset

983 2877 1092 2898 carnem
1111 2868 1252 2905 ejusdem,
1275 2867 1353 2903 cujus
1378 2872 1484 2901 nostra,
1508 2866 1642 2901 esscnlim,
1667 2874 1771 2902 nequir
