2051 3154
287 156 356 189 1415

819 151 849 180 S.
876 148 1030 178 TARASII
1050 138 1306 176 ΡΛἸἮΙΑΠΕΙΗΞ
1324 143 1377 173 CP.

1845 140 1914 172 1416

282 222 363 249 quam
379 221 408 240 se
432 219 491 240 esse
514 212 599 239 Deum
617 210 764 241 inficiatus,
784 209 866 236 verbo
882 207 992 242 quidem
1009 206 1074 233 veri-
1091 212 1112 241 Α
1130 204 1164 230 sit
1187 203 1247 238 ejus
1264 202 1404 237 exemplar
1426 200 1621 232 venerandum,
1647 205 1676 249 et
1698 199 1793 226 Jovem
1811 199 1918 227 abomi-

285 261 359 290 tatis,
375 267 389 285 a
405 258 479 285 verbi
495 257 631 284 ministris
645 260 800 283 atramento
814 254 945 286 colorato,
959 257 987 280 ut
1000 252 1075 283 licet,

285 304 465 331 annuntiatnr
482 312 488 329 :
511 310 540 330 re
559 311 622 328 vera
636 306 728 328 autem
746 300 886 327 coloribus
909 299 943 326 ab
969 298 1035 333 ipsis
1050 301 1077 324 et

285 358 379 377 eorum
400 350 512 376 asscelis
528 347 766 376 circumscribitur
782 350 809 372 et
831 345 997 379 depingitur,
1022 350 1076 370 non

286 404 384 423 crassa:
410 395 530 422 materiae
555 392 798 421 connnisccntibus
823 390 1026 425 simplicitatem
1051 393 1078 414 et

286 442 382 469 format
396 441 561 468 vacuitatem
578 449 583 466 :
602 446 690 473 neque
707 437 780 464 enim
797 435 1012 466 circumciditur,
1027 441 1078 460 nec

287 489 362 515 subit
383 488 554 515 adet-tionem
572 495 578 512 :
597 486 644 512 sed
664 484 736 519 quod
758 491 805 510 sua
828 487 926 508 natura
939 480 1014 507 cerni
1031 487 1079 514 po-

287 537 342 561 test
356 539 384 560 et
409 533 584 564 contrectari,
605 530 799 567 ‘qnamoptime
820 527 1032 563 depingentibus
1051 529 1079 552 et

289 579 587 608 circumscribentibus.
608 579 792 611 Quamobrem
806 581 862 604 tota
877 576 977 607 anima,
997 575 1079 601 corde

289 630 316 652 et
331 624 508 660 cogitatione,
520 631 580 657 quae
597 627 662 650 sunt
678 623 713 650 ab
730 623 770 649 eis
786 622 907 652 decreta,
929 624 1039 647 tuentes
1051 621 1080 645 et

289 670 495 704 amplcctentes,
521 673 546 695 et
566 668 611 702 qui
633 675 666 694 ex
695 668 751 695 Deo
774 672 839 694 sunt
862 666 961 693 mentis
980 668 1080 692 nostra:

290 723 402 750 gressus
431 715 464 741 ab
502 721 535 741 eo
568 713 739 748 apertissime
767 713 900 739 habentes
929 711 1078 742 dilatatos,

290 768 388 796 magno
412 759 503 787 studio
527 758 720 785 contendimus
740 758 773 785 ad
789 757 990 792 excipiendam.
1008 760 1036 783 et
1052 759 1081 782 ut

291 806 331 833 fas
351 811 403 837 est,
422 805 587 832 adurandam
607 805 710 832 Christi
731 804 877 839 imaginem
896 807 922 829 et
944 802 1004 836 ejus
1019 809 1081 836 pcr-

291 852 457 886 pessionem.
483 855 510 878 et
527 851 560 877 ad
581 858 631 878 nos
653 850 822 877 exhibendos
848 849 943 884 dignos
967 848 1080 879 sanctis,

291 896 337 930 qui
364 896 474 923 fuerunt
499 904 514 923 a
539 896 648 923 saculo.
666 895 808 927 Quomodo
824 903 890 929 ergo
906 902 961 921 non
985 901 1018 920 ex
1038 893 1081 920 his

291 942 381 968 bonus
396 941 513 968 ellicitur
528 941 635 975 aliquis,
652 940 758 967 etiamsi
773 948 820 966 cor
833 939 932 966 habeat
945 939 1081 966 sententia

291 985 449 1020 lapideum?
470 985 538 1017 Quis
555 993 608 1012 non
625 990 764 1012 reveretur
777 984 923 1011 coloratam
935 983 1079 1018 picturam.

291 1038 352 1065 qua:
373 1030 425 1057 fert
441 1030 565 1064 exempla
584 1030 706 1064 pietatis.
726 1037 774 1064 per
786 1037 845 1064 quae
861 1029 952 1056 doceri
968 1034 1084 1063 possunt

292 1080 400 1102 veteres
421 1083 464 1102 res
487 1080 579 1110 gestte,
601 1075 695 1102 tmmdi
713 1080 799 1108 ortus,
824 1075 945 1110 legisque
966 1080 994 1102 et
1020 1082 1084 1109 pro-

292 1116 448 1155 phetarum,
463 1127 612 1154 senemque
625 1125 652 1147 et
662 1121 802 1155 antiquam
818 1121 924 1148 eilicere
940 1120 1083 1156 cogitatio-

293 1166 377 1194 nem?
399 1165 450 1193 Per
463 1174 544 1201 quarti
559 1167 665 1194 accedit
686 1167 813 1194 meditari
836 1166 926 1194 divina
947 1172 974 1193 et
988 1174 1083 1202 magna

293 1212 388 1248 gratia?
403 1211 544 1251 miracula,
559 1220 620 1246 quae
633 1213 665 1239 ad
682 1211 730 1239 Dei
748 1212 860 1247 gloriam
874 1212 1009 1240 inducunt
1022 1220 1083 1247 spe-

293 1262 424 1290 ctatores,
435 1258 480 1292 qui
493 1258 585 1284 omnia
598 1257 664 1285 fecit
679 1258 705 1284 in
721 1258 863 1293 sapientia,
877 1263 904 1285 et
915 1266 978 1286 suos
991 1267 1084 1286 servos

295 1311 344 1338 per
358 1311 434 1330 suam
451 1303 477 1330 in
496 1303 818 1338 ipsosbenevolentiam,
843 1305 968 1331 maximis
989 1305 1086 1331 extulit

296 1349 449 1376 honoribus
476 1349 569 1384 (Psal.
592 1357 657 1382 cut,
681 1350 733 1383 24)
751 1359 757 1377 :
775 1354 801 1378 et
823 1355 967 1384 propterea
991 1354 1085 1384 aperte

296 1395 381 1422 voluit
397 1402 444 1421 eos
455 1394 566 1430 depingi
581 1403 613 1422 ac
629 1395 757 1427 describi,
775 1401 801 1422 ct
814 1403 909 1423 eorum
927 1396 1084 1422 memoriam

296 1447 357 1467 esse
375 1445 534 1474 perpetuam
557 1441 584 1466 in
609 1441 710 1468 nostris
729 1441 867 1468 cordibus.
892 1441 1034 1473 Quodnam
1053 1449 1085 1467 ex

297 1486 341 1513 his
353 1493 470 1520 unquam
483 1486 611 1512 damnum
629 1487 661 1512 ad
675 1486 794 1512 animam
809 1486 940 1513 redierit?
955 1486 1084 1518 Quisnam

298 1535 388 1557 autent
415 1538 470 1556 non
493 1530 582 1564 potius
601 1539 634 1558 ex
658 1531 691 1557 iis
709 1531 812 1566 accepit
837 1531 1000 1558 utilitatem?
1020 1531 1086 1563 Quis
1100 1540 1122 1567 ς,

298 1583 332 1602 ex
348 1575 444 1602 crebra
471 1583 502 1602 ac
522 1576 644 1611 diligenti
667 1585 761 1603 eorum
786 1577 1005 1603 consideratione
1031 1585 1086 1603 non

298 1624 458 1654 perpetuam
474 1621 642 1654 comparavit
659 1621 818 1647 memoriam
842 1620 938 1647 salutis
959 1621 1086 1647 concilia-

301 1666 394 1692 tricem
404 1666 416 1690 Ἰ
611 1695 618 1699 κ

334 1710 378 1736 45.
396 1709 444 1737 Dic
460 1710 523 1736 mihi
544 1710 634 1741 enim,
653 1710 699 1744 qui
722 1709 832 1736 infamis
856 1715 882 1736 et
903 1710 1088 1745 ignominiosa:

301 1755 386 1789 partis
400 1754 522 1782 ordinem
538 1755 640 1787 laudas,
660 1763 675 1781 ο
692 1755 834 1787 hzeretice;
851 1763 940 1789 neque
959 1755 1033 1782 enim
1047 1756 1088 1782 di-

300 1800 390 1826 dicisti
415 1800 550 1827 honorare
578 1800 650 1834 quod
688 1806 730 1827 est
757 1800 867 1835 dignum
896 1801 1017 1831 honore;
1043 1800 1089 1835 qui

301 1845 380 1873 idolis
402 1850 429 1872 et
446 1845 609 1872 venerandis
624 1845 797 1880 imaginibus
822 1845 948 1872 lubenter
965 1844 1089 1872 eamdem

301 1891 399 1918 tribuis
415 1890 604 1926 ignominiam,
621 1891 730 1924 quando
746 1890 853 1925 profani
874 1894 901 1916 ct
919 1890 1005 1916 sancti
1019 1890 1090 1917 scies

301 1937 497 1967 differentiam,
517 1941 545 1963 et
561 1935 606 1966 iis,
622 1944 683 1970 qua:
703 1944 735 1963 ex
756 1935 810 1962 illis
830 1935 1014 1965 deducuntur,
1041 1935 1090 1961 tri-

300 1981 369 2008 bues
388 1981 412 2007 id
426 1981 497 2015 quod
512 1981 660 2008 convenit?
677 1980 724 2008 Est
736 1981 808 2017 enim
824 1981 964 2015 proprium
983 1980 1050 2015 legis
1064 1985 1091 2007 et

301 2027 475 2057 eruditionis,
504 2032 597 2052 sancta
621 2026 776 2054 discernere
797 2035 811 2053 a
829 2027 961 2061 profanis,
988 2031 1017 2053 et
1041 2026 1091 2052 im-

302 2073 404 2099 munda
429 2081 443 2098 a
469 2072 577 2098 mundis
593 2081 598 2098 :
617 2072 753 2106 quomodo
774 2079 869 2098 rursus
884 2077 924 2098 est
941 2070 1092 2106 iniquitatis

301 2123 330 2145 et
346 2118 472 2149 illSciliaP,
496 2126 555 2151 qua:
574 2118 644 2144 inter
669 2125 697 2144 se
717 2122 849 2152 pugnant,
873 2117 954 2144 simul
973 2125 1070 2152 cogere
1083 2137 1090 2148 ,

302 2163 492 2197 permiscenda
504 2167 532 2189 et
546 2163 740 2190 confundendo
753 2163 853 2189 omnia.
867 2163 894 2190 Si
908 2164 982 2190 enim
996 2163 1090 2190 Jovem

1128 249 1219 281 naris,
1243 253 1356 283 propter
1377 245 1645 280 ersecrandamejus
1669 244 1811 272 libidinem
1836 250 1918 280 atque

1127 295 1327 330 petulantiam?
1350 293 1408 320 Non
1431 293 1570 320 Christum
1590 291 1676 318 Deum
1693 291 1867 325 pronuntias,
1885 291 1920 318 ob

1129 342 1301 369 sanctitatem
1317 342 1377 376 ejus
1393 339 1646 374 incomparabilem,
1665 342 1694 365 et
1712 346 1772 372 qute
1788 345 1920 372 expressa

1128 391 1169 413 est
1191 394 1238 420 per
1261 386 1404 412 materiam
1417 385 1451 412 ab
1465 384 1585 419 antiquis
1602 383 1775 415 honoratam,
1792 383 1876 409 Deum
1893 388 1921 410 et

1131 433 1272 460 hominem
1297 431 1444 458 referentis
1468 430 1594 465 imaginis
1620 429 1742 457 admittis
1759 429 1921 457 similitudi-

1129 486 1208 510 nem;
1230 477 1385 504 fahulosum
1404 481 1496 503 autem
1517 476 1591 502 illum
1612 475 1786 511 parricidam,
1804 480 1831 502 et
1848 476 1920 510 ejus,

1129 532 1190 559 qua:
1206 531 1220 550 a
1247 523 1392 550 divinitate
1417 521 1535 554 excidit,
1562 520 1677 556 efﬁgiem
1706 521 1869 548 transmittis
1893 522 1919 548 in

1130 567 1308 603 profundum,
1325 567 1353 593 in
1367 574 1420 601 qua
1435 566 1493 600 ipse
1508 566 1592 600 patris
1609 565 1662 596 sui.
1681 574 1742 600 quae
1754 565 1919 597 absciderat.

1131 613 1249 641 verenda
1267 619 1310 640 est
1323 612 1478 647 jaculatus?
1491 611 1537 638 Nm
1550 616 1578 638 tu
1592 611 1732 638 Christum
1746 612 1921 639 Servatorem

1131 658 1234 685 habeas
1262 657 1428 692 propitium,
1454 657 1500 692 qui
1527 657 1661 683 materiali
1689 661 1845 684 sanctorum
1872 665 1920 684 er-

1131 711 1226 739 pressa
1245 704 1397 731 delectatur
1409 703 1507 739 elﬁgie,
1521 702 1583 730 odio
1599 707 1690 729 autem
1713 703 1794 730 habet
1810 702 1918 730 Satanze

1132 755 1159 777 et
1174 749 1363 784 improborqu
1377 749 1437 784 ejus
1451 749 1598 776 satellitum
1614 749 1835 776 abominationes
1851 759 1857 775 :
1873 750 1918 784 qui

1132 803 1194 822 cum
1212 795 1308 823 vident
1324 794 1427 829 Christi
1443 798 1471 821 et
1482 794 1543 828 ejus
1561 801 1703 821 servorum
1727 799 1833 821 erectas
1854 795 1922 822 ima-

1133 842 1221 877 gines,
1239 838 1413 873 evertuntur,
1439 840 1623 875 ingemiscunt
1640 845 1667 867 et
1688 839 1805 872 deﬂent,
1827 844 1856 867 et
1873 840 1921 867 ad-

1133 896 1230 915 versus
1244 895 1301 920 eos,
1316 886 1363 922 qui
1378 887 1436 913 haec
1450 886 1578 913 lubenter
1591 885 1706 918 faciunt,
1719 887 1836 914 strident
1854 887 1922 914 den-

1134 933 1216 968 tibus,
1234 937 1261 960 et
1276 932 1416 967 pulverem
1429 931 1550 959 excitant
1564 931 1761 958 calamitatum.
1779 931 1826 958 llis
1840 939 1925 959 enco-

1133 979 1251 1006 miorum
1271 978 1364 1006 verbis
1383 978 1508 1005 excitans
1536 976 1684 1009 Tarasius,
1713 981 1740 1004 et
1767 977 1794 1004 in
1825 977 1924 1004 tabulis

1134 1024 1283 1052 honorifice
1309 1024 1469 1058 insculpens
1498 1023 1532 1051 ab
1548 1023 1588 1050 eis
1604 1031 1654 1058 pro
1669 1023 1780 1050 Christo
1795 1028 1923 1058 suscepta

1133 1072 1286 1099 certamina
1303 1075 1331 1098 et
1352 1070 1493 1106 pericula,
1516 1077 1610 1097 eorum
1631 1069 1775 1096 insistebat
1793 1069 1922 1104 vestigiis,

1133 1114 1243 1141 etiamsi
1268 1114 1401 1141 manserit
1423 1113 1483 1141 sine
1505 1113 1649 1147 vibicibus,
1668 1121 1723 1140 non
1739 1118 1831 1151 autem
1849 1121 1895 1140 eos
1910 1121 1924 1139 τι

1135 1164 1211 1194 tergo
1227 1160 1406 1194 sequebatur.

1443 1215 1557 1243 CXPL'T
1577 1215 1610 1243 Χ.

1168 1261 1339 1295 Comparalio
1362 1262 1447 1288 διπηιιὶ
1467 1261 1571 1288 Turasii
1585 1269 1643 1288 tum
1665 1261 1790 1296 apostolis
1803 1266 1826 1288 et
1843 1269 1890 1296 pa—

1468 1297 1598 1322 triarcltis.

1169 1342 1214 1369 44.
1236 1342 1383 1369 Videamus
1401 1349 1475 1373 vero,
1499 1351 1533 1369 an
1558 1342 1638 1369 etiam
1664 1342 1839 1370 contenderit
1862 1350 1924 1369 eum

1136 1387 1169 1413 iis
1183 1387 1228 1421 qui
1249 1391 1327 1413 erant
1349 1388 1375 1413 in
1399 1387 1493 1421 gratia.
1515 1387 1583 1414 Nam
1599 1395 1660 1414 cum
1682 1387 1761 1414 Verbi
1788 1388 1926 1423 discipuli.

1136 1432 1236 1458 mentis
1254 1432 1280 1458 in
1302 1431 1460 1466 Magistlum
1476 1426 1734 1465 immutabilitatcm,
1747 1441 1796 1467 per
1809 1433 1927 1461 divinam

1136 1477 1312 1504 OSlendereut
1328 1477 1538 1509 confessionem,
1559 1477 1616 1512 ipse
1635 1486 1743 1512 quoque
1758 1486 1818 1504 eam
1835 1486 1929 1505 serra-

1138 1522 1176 1548 vit
1203 1523 1333 1557 integrant
1361 1527 1387 1548 et
1415 1518 1597 1549 inviolabilem
1614 1531 1627 1549 a
1644 1528 1767 1550 materno
1790 1529 1880 1556 utero,
1902 1530 1930 1551 et

1140 1566 1218 1594 factis
1235 1568 1322 1602 ipsum
1342 1576 1436 1594 verum
1453 1568 1537 1595 Deum
1555 1568 1716 1602 praedicans,
1736 1569 1782 1603 qui
1797 1577 1830 1596 ex
1847 1569 1929 1596 Maria

1139 1613 1167 1639 in
1182 1613 1283 1640 ultimis
1304 1613 1482 1647 temporibus,
1502 1617 1529 1639 et
1550 1620 1582 1639 ex
1597 1612 1677 1640 Patre
1693 1617 1756 1640 ante
1771 1614 1870 1640 szeeula
1889 1619 1930 1641 est

1140 1659 1258 1694 genitus,
1274 1659 1405 1693 mqualeni
1423 1659 1506 1690 Patri,
1533 1659 1605 1693 quod
1630 1659 1727 1692 attinet
1750 1660 1784 1686 ad
1807 1661 1930 1694 ejusdem

1140 1705 1231 1739 gloria:
1261 1705 1388 1731 virtutem
1418 1704 1577 1731 divinitatis.
1609 1704 1655 1731 Sic
1677 1712 1738 1731 cum
1764 1705 1891 1740 Philippo
1906 1711 1932 1733 et

1141 1750 1246 1778 Thoma
1272 1750 1411 1778 decretmn
1442 1751 1576 1785 protulit,
1617 1750 1762 1777 Dominum
1792 1755 1820 1777 et
1847 1751 1933 1778 Deum

1141 1797 1281 1824 Christum
1303 1797 1408 1828 dicens,
1435 1805 1489 1824 non
1507 1797 1624 1831 palpatis
1643 1804 1703 1831 qua:
1719 1797 1803 1823 claris
1819 1798 1932 1824 conﬁxa

1142 1843 1261 1876 fuerant,
1275 1843 1414 1874 manibus,
1431 1850 1520 1877 neque
1533 1842 1664 1877 qumsitis,
1674 1850 1734 1877 qua‘
1748 1850 1798 1877 per
1810 1843 1933 1870 lanceam

1142 1888 1219 1915 facta:
1237 1893 1326 1921 erant,
1345 1889 1539 1923 punctionibus
1565 1887 1662 1923 (Joau.
1682 1896 1732 1920 xx,
1747 1888 1781 1915 Ξῖ
1793 1889 1812 1922 ).
1831 1888 1934 1921 Quam-

1141 1935 1235 1962 obrem
1259 1935 1370 1962 beatum
1397 1942 1506 1969 quoque
1532 1934 1613 1961 tinent
1639 1939 1733 1969 aperte
1757 1935 1862 1969 accepit
1886 1943 1935 1970 per

1143 1981 1249 2009 fidelem
1270 1986 1298 2008 ct
1321 1981 1472 2008 ferventem
1495 1980 1707 2008 confessionem.
1734 1979 1780 2007 Sic
1810 1980 1934 2008 Zebedmi

1143 2026 1228 2053 ﬁlium
1250 2031 1363 2053 secutus
1384 2031 1436 2058 est,
1456 2026 1502 2060 qui
1525 2024 1750 2060 appellatusfuit
1771 2025 1844 2052 filius
1862 2026 1935 2052 toni-

1142 2077 1185 2099 tru
1201 2071 1305 2106 (Marc,
1321 2080 1361 2103 ιιι,
1383 2072 1429 2104 l7)
1446 2081 1452 2098 :
1469 2076 1613 2106 propterea
1630 2071 1701 2105 quod
1727 2076 1822 2106 aperte
1837 2072 1935 2098 metui-

1143 2118 1184 2144 nit
1197 2117 1223 2143 in
1246 2117 1382 2151 principio
1394 2116 1514 2143 Verbum
1534 2123 1605 2146 cSSe,
1620 2120 1647 2142 et
1664 2116 1735 2150 apud
1753 2116 1839 2144 Deum
1853 2123 1911 2143 esse
1927 2126 1933 2142 :

1143 2168 1170 2189 et
1186 2162 1316 2190 erudiens
1337 2162 1428 2194 eﬂecit
1453 2162 1523 2189 alios
1551 2162 1648 2196 spiritu
1668 2163 1848 2196 apostolicos,
1870 2170 1933 2197 pro-

303 2216 365 2235 cum
381 2208 525 2235 Servatore
537 2215 711 2242 comparans,
729 2208 753 2234 in
766 2215 800 2235 eo
810 2208 882 2242 quod
898 2208 1090 2235 venerabiliter
1108 2206 1129 2232 υ
1145 2213 1238 2244 pterea
1260 2208 1333 2243 quod
1356 2207 1586 2243 evangelistarum
1615 2208 1747 2234 divinitus
1771 2209 1933 2242 inspiratutn

302 2254 470 2288 exprimatur
481 2253 592 2288 elIigies,
608 2254 660 2281 hoc
681 2253 799 2281 allirmas
827 2254 886 2281 sine
904 2254 977 2281 omni
993 2254 1086 2282 distin-

302 2300 414 2328 cti0ne:
440 2299 573 2334 numquid
588 2299 780 2326 contumeliam
808 2303 837 2326 et
861 2300 989 2329 dedecus.
1018 2299 1090 2334 quod

299 2345 373 2377 Jovi,
398 2345 443 2380 qui
473 2345 542 2372 falso
568 2345 683 2376 dicitur,
709 2345 825 2376 tribuis,
856 2350 957 2372 sanctae
981 2352 1091 2379 quoque

301 2391 401 2419 Christi
417 2391 512 2418 formae
530 2391 641 2418 inures?
659 2391 760 2418 Audivi
776 2392 849 2418 enim
868 2397 894 2419 te
909 2392 1000 2419 inania
1014 2400 1091 2426 qum-

300 2438 363 2464 dam
382 2437 538 2471 hujusmodi
555 2437 691 2465 adducere
709 2445 740 2464 ac
759 2438 907 2470 blaterare,
925 2443 952 2465 ct
979 2438 1022 2470 iis,
1044 2438 1090 2472 qui

301 2493 316 2511 a
331 2484 434 2511 Christi
450 2487 582 2511 vceantur
595 2484 718 2516 nomine,
731 2483 912 2511 et‘l‘rinitatis
925 2485 1019 2519 gloria;
1033 2485 1090 2511 cul-

302 2535 371 2562 tum,
390 2530 522 2557 honorem
540 2535 567 2557 et
589 2530 674 2556 solam
692 2530 776 2558 lati-ite
790 2530 976 2557 adorationum
994 2530 1091 2557 invisi-

302 2576 392 2604 biliter
403 2580 431 2603 et
444 2581 546 2602 canunt
562 2575 729 2610 ettrihuunt,
741 2576 876 2603 intentare
891 2575 993 2603 crimen
1004 2576 1086 2603 idolo-

301 2623 397 2655 latriae,
419 2627 446 2649 et
463 2623 581 2658 maligne
599 2622 714 2649 miscere
743 2630 803 2657 quae
816 2630 871 2649 non
891 2627 1007 2657 possunt
1022 2623 1091 2650 inter

301 2675 330 2696 se
343 2668 500 2696 convenire.
519 2668 577 2695 Non
589 2668 637 2695 das
651 2669 836 2696 differentiam
850 2669 976 2704 imaginis
989 2668 1091 2695 Christi

301 2719 328 2749 et
345 2713 483 2740 simulacri
507 2713 604 2740 Jovis?
626 2714 684 2740 Non
703 2714 821 2741 honoras
838 2714 993 2747 Christum,
1019 2713 1090 2748 quod

337 2782 392 2817 (θὲ)
413 2783 452 2809 Ita
468 2782 539 2816 apud
558 2781 740 2815 Nicephorum
758 2782 844 2809 salicti
861 2782 967 2809 Tarasii
982 2789 1092 2808 succes—

302 2825 390 2844 sorem
415 2818 441 2844 in
468 2818 599 2851 Catalogo
615 2819 805 2852 episcoporum
833 2817 964 2851 Bytantii.
986 2818 1091 2851 primus

303 2853 422 2879 Andrias
438 2854 578 2886 apostolus
597 2861 686 2887 prun-0
709 2853 830 2888 Byzantii
856 2854 907 2879 l'nit
932 2852 1090 2884 Evangelii;

303 2889 437 2914 eisutnit
453 2889 549 2919 a-detn,
568 2889 593 2914 in
608 2897 660 2923 qua
676 2889 804 2923 precibus
823 2888 874 2922 piis
891 2888 1086 2922 imploraretur

1143 2255 1368 2286 instrumentum,
1391 2259 1421 2281 ut
1444 2262 1560 2289 quorum
1582 2261 1649 2281 voce
1670 2255 1765 2281 mundi
1791 2255 1867 2282 salus
1893 2263 1935 2282 re-

1143 2305 1230 2332 sonet,
1251 2301 1276 2328 in
1304 2301 1447 2332 Ecclesiis.
1468 2308 1527 2335 qute
1555 2304 1633 2327 erant
1662 2301 1762 2335 ubique
1787 2306 1933 2332 terrarum.

1142 2347 1280 2373 coloribus
1295 2354 1454 2381 expressum
1471 2346 1667 2377 materialibus,
1682 2347 1881 2374 convenienter
1895 2348 1935 2374 di-

1142 2393 1213 2419 vina:
1227 2397 1254 2418 et
1270 2397 1390 2427 paterna:
1406 2392 1544 2419 traditioni
1565 2393 1679 2427 jusserit
1694 2402 1700 2419 :
1715 2398 1743 2420 ut
1758 2401 1837 2420 meus
1859 2401 1934 2420 C0"!—

1143 2443 1244 2472 puncta
1259 2446 1308 2473 per
1323 2439 1509 2473 evangelii-am
1523 2446 1686 2474 sacramque
1701 2439 1815 2474 elligiem
1827 2445 1854 2466 et
1870 2447 1934 2466 san-

1143 2485 1264 2511 ctitatem
1280 2484 1314 2511 ad
1335 2477 1431 2515 Deum,
1445 2484 1492 2518 qui
1514 2484 1572 2512 haec
1588 2485 1628 2511 eis
1644 2485 1794 2519 inspiravit,
1813 2485 1933 2511 multifa—

1144 2530 1210 2556 riam
1229 2530 1359 2556 honorem
1375 2529 1584 2561 transmittcrct,
1598 2535 1625 2557 et
1641 2530 1797 2557 eﬂiccretur
1812 2535 1935 2565 recepta-

1144 2575 1237 2602 culum
1269 2575 1486 2602 vcnerandarum
1512 2575 1827 2602 auditionum.Andreze
1858 2583 1932 2606 vero.

1143 2621 1189 2655 qui
1219 2621 1270 2648 fuit
1288 2625 1400 2648 vocatus
1417 2621 1522 2655 primus
1536 2628 1568 2647 ex
1585 2620 1715 2655 apostolis
1733 2619 1824 2656 (Joan.
1843 2628 1861 2651 t,
1875 2619 1933 2655 40),

1143 2667 1212 2694 adeo
1235 2667 1288 2702 fuit
1303 2667 1472 2702 propinquus
1494 2672 1521 2693 et
1538 2667 1702 2700 conjnnetus
1715 2674 1846 2702 germano
1872 2667 1935 2694 vim

1144 2713 1278 2745 instituto,
1297 2716 1327 2739 ut
1341 2712 1398 2746 (62)
1414 2711 1536 2740 habenas
1548 2713 1668 2746 ejusdem
1686 2713 1828 2747 pastoralis
1842 2713 1934 2739 cathe-

1144 2779 1226 2810 Deus,
1243 2779 1314 2806 ultra
1332 2779 1467 2812 regionem
1485 2779 1646 2814 Argyropoli
1658 2800 1664 2810 ,
1680 2785 1703 2806 et
1723 2779 1861 2805 ordinavit
1877 2780 1934 2814 eri-

1143 2822 1257 2848 seupum
1288 2814 1364 2841 urbis
1381 2813 1453 2840 illius
1466 2813 1603 2849 rStaclIyn,
1621 2815 1699 2848 cujus
1714 2815 1842 2842 meminit
1861 2813 1935 2849 Δίιο-

1144 2851 1230 2877 stolas
1245 2850 1272 2876 in
1287 2849 1400 2885 epistola
1417 2849 1450 2876 ad
1465 2848 1614 2882 Romanos,
1629 2858 1687 2885 cap.
1706 2857 1761 2881 χιι,
1779 2851 1806 2876 9.
