2051 3154
179 183 246 215 ΗΠ

949 191 1048 221 VITA.

1738 189 1808 224 1418

175 242 317 275 {l".e,posl
329 243 366 266 tut
375 241 483 271 saecula,
501 241 547 268 sed
561 249 674 269 numero
687 243 765 270 valde
782 243 965 278 multiplicatae
980 248 1001 275 Α
1017 245 1137 280 pretioso
1158 245 1203 272 illo
1227 245 1372 281 sanguine,
1395 252 1475 279 quem
1500 235 1655 277 ostendens,
1674 245 1756 273 dabat
1773 247 1806 273 ad

175 285 320 319 acceperit,
337 292 364 312 et
378 286 410 312 ad
432 291 531 313 metam
545 288 663 315 cutlestis
678 296 775 316 cursus
793 297 902 325 gregem
915 298 962 324 per

175 331 305 357 virtutem
317 331 471 364 deduxerit,
484 337 511 359 et
522 333 642 360 victorite
653 333 693 361 eis
706 342 787 361 causa
801 335 884 362 fuerit
898 342 964 362 eon-

176 382 216 402 tra
232 377 413 404 adversarios.
434 378 518 405 Paulo
544 384 634 406 autem
659 379 710 406 fuit
724 380 865 415 colligatus
878 381 904 407 in
920 389 963 412 eo,

175 423 247 456 quod
266 424 292 448 in
308 423 432 450 do<endo
447 424 548 458 primas
573 430 662 460 partes
680 426 840 453 obtinuerit.
865 426 962 454 Totum

175 468 247 493 enim
265 469 397 495 mundum
411 470 485 496 verbi
502 471 760 498 nexibusinelusum
775 473 845 498 intra
856 473 963 500 decreta

174 513 371 544 ecclesiastica,
387 515 524 548 sapienter
535 515 622 542 echcit
635 517 764 551 pnpulum
780 517 835 544 Deo
845 519 964 552 acquisi-

175 563 231 585 tum
259 563 287 585 et
313 559 402 594 regale
429 560 622 588 sacerdotittm.
651 561 760 588 l'ctrunt
789 570 866 593 vero,
891 563 963 597 quod

175 604 322 631 multorum
341 610 448 639 patrum
465 614 588 633 summus
606 607 640 633 sit
655 609 816 642 appellatus.
840 613 867 635 et
890 609 963 643 quod

175 650 198 676 ci
215 651 350 678 creditum
362 651 443 678 luerit
456 652 539 687 ligare
551 659 577 679 et
590 653 706 685 solvere,
720 662 888 689 quzecunque
899 661 963 682 sunt

174 695 284 722 vinculo
303 697 384 731 digna
401 700 428 723 et
448 698 595 729 solutione,
609 698 717 725 abunde.
732 701 875 734 expressit.
894 700 961 727 Cum

174 740 346 768 l‘ra'cursore
361 743 558 770 convenienter
582 744 690 778 quidetn
718 745 753 776 ei,
781 745 827 780 qui
845 746 878 772 ab
905 746 963 781 ipso

175 787 225 813 l'uit
240 787 395 821 pra-dictus,
413 793 440 814 et
462 789 530 815 dixit
545 790 674 823 majorem
697 789 804 818 Joanne
828 799 882 817 non
901 799 962 818 sur-

173 833 276 859 rexisse
302 833 375 859 inter
391 837 470 860 natos
486 835 631 861 mulierum
649 835 758 870 (Matt/1.
773 844 810 867 χι,
833 837 891 870 ll),
905 845 962 864 non

172 878 325 904 audendum
334 883 445 905 esteum
462 879 488 905 in
507 880 599 907 multis
612 880 745 913 conferre,
762 881 815 908 nisi
829 883 915 910 solum
934 884 960 910 in

172 923 227 949 acri
247 928 274 950 et
300 924 443 958 praefracta
458 925 583 952 libertate
599 926 828 960 reprehendendi,
848 929 961 963 zeloque
979 911 1000 940 Β

171 969 217 1001 qui
234 969 345 1003 reprimi
368 977 424 996 nott
441 974 558 1004 poterat,
575 970 762 998 allirmandum
775 977 816 999 est
828 981 881 999 non
899 981 962 1008 pro-

171 1014 215 1040 cul
245 1014 366 1041 abfuisse
388 1015 541 1042 'l'arasium.

205 1059 251 1086 45.
277 1060 311 1087 Ut
337 1064 428 1087 autem
446 1068 508 1087 eum
527 1069 636 1096 quoque
658 1062 750 1089 videas
770 1063 867 1090 merito
884 1065 968 1098 sequi.

171 1113 229 1136 cos,
242 1106 288 1140 qui
310 1106 461 1132 ﬂoruerunt
476 1110 539 1133 ante
555 1107 685 1141 gratiam,
709 1107 774 1134 hinc
796 1116 875 1134 secs.
892 1109 960 1135 Cum

170 1152 301 1178 divinitus
316 1158 389 1179 moto
400 1157 471 1179 metu
486 1153 679 1186 prophetarum
691 1154 856 1188 conspiravit
868 1154 961 1180 divino

170 1198 269 1232 spiritu
295 1197 443 1232 inspiratus
459 1205 464 1222 ε
481 1198 701 1232 quandoquidem
726 1198 765 1225 illi
783 1199 892 1233 quidem
913 1207 960 1234 po-

171 1243 244 1277 pulo,
261 1243 306 1277 qui
321 1243 390 1270 duce
402 1243 476 1270 Mose
493 1251 542 1277 per
557 1251 632 1270 mare.
655 1243 777 1271 Rubrum
794 1253 882 1279 nuper
901 1245 960 1271 lue-

170 1294 211 1316 rat
232 1297 246 1315 a
264 1289 331 1316 dura
348 1289 481 1316 servitute
498 1289 638 1321 liberatus,
655 1294 683 1316 et
706 1289 740 1317 ab
762 1290 859 1318 insano
883 1291 957 1318 cultu

171 1335 304 1362 idolorum
323 1335 521 1362 admirabiliter
537 1335 692 1367 transierat,
710 1340 771 1370 post
788 1336 910 1364 divinum
925 1337 957 1364 il-

170 1380 225 1406 lum
250 1379 297 1406 Dei
313 1379 568 1414 contemplatorem,
586 1381 718 1408 salutares
745 1387 839 1416 portus
858 1382 958 1410 divini-

171 1429 214 1452 tus
223 1425 382 1457 adfuerunt,
398 1425 549 1460 prophetiae
565 1433 679 1453 ancoras
693 1427 854 1460 relaxantcs,
869 1434 897 1455 et
911 1437 957 1456 va-

170 1471 230 1498 lidis
247 1471 357 1505 pietatis
372 1471 512 1505 alligantes
524 1471 695 1502 rudentibus,
712 1477 739 1499 et
753 1473 819 1500 citra
836 1481 957 1502 errorem

170 1517 335 1544 deducentes
350 1517 384 1543 ad
413 1522 511 1544 terram
527 1517 581 1549 .‘Dei
599 1518 771 1553 cognitionis.
796 1519 845 1546 Hic
868 1525 958 1548 autent

169 1563 329 1595 Ecclesium,
349 1571 409 1597 quat
429 1570 484 1589 non
498 1571 577 1590 secus
592 1571 624 1590 ae
639 1564 733 1599 cymba
748 1566 776 1592 in
791 1566 858 1592 mari
873 1566 958 1601 θείω-
971 1580 992 1608 c

170 1610 249 1636 batur
263 1609 401 1641 ﬂuctibus,
419 1612 446 1635 et.
459 1609 586 1636 veniebat
603 1609 630 1636 in
648 1610 812 1644 periculum,
832 1618 867 1637 ne
882 1611 957 1638 faec-

169 1659 209 1681 ret
221 1655 356 1689 jacturant
372 1661 478 1686 eorum,
494 1662 563 1688 quos
581 1654 706 1687 vehebat,
727 1660 869 1690 propterea
884 1657 955 1690 quod

169 1700 277 1726 deesset
289 1700 393 1734 peritus
409 1700 586 1734 gubernator,
600 1700 647 1733 qui
663 1700 803 1726 resisteret
819 1700 955 1731 ﬂuctibus,

168 1754 242 1774 sana:
259 1746 321 1773 ﬁdei
338 1746 414 1773 clavo
432 1753 540 1780 regens,
565 1746 592 1772 in
608 1750 688 1780 portu
703 1745 819 1773 collocat
834 1755 840 1772 :
855 1751 882 1774 et
898 1754 955 1778 eos,

168 1792 214 1826 qui
229 1797 309 1819 erant
329 1792 356 1819 in
370 1800 411 1824 ea,
430 1796 615 1823 conservatos,
630 1791 726 1818 idolica
739 1796 766 1818 et
779 1799 858 1823 vana,
874 1800 955 1826 qttam

168 1838 196 1864 in
212 1838 302 1873 lingua
315 1839 454 1865 habebant
467 1838 599 1865 adversus
609 1846 700 1866 sacras
715 1838 856 1873 imagines,
867 1838 955 1866 ablata

168 1884 308 1918 opinione,
322 1884 499 1919 synodalibus
512 1885 687 1919 paternisque
701 1888 728 1910 et
744 1885 826 1911 rectis
839 1884 956 1912 cireum—

170 1931 278 1957 tallavit
301 1924 429 1957 decretis.
458 1930 527 1956 Cum
552 1935 728 1957 sacrosancto
751 1935 842 1956 autem
870 1931 956 1964 psalle

170 1976 254 2002 David
269 1975 408 2003 concurrit
427 1976 454 2001 in
486 1975 653 2005 innocentia,
668 1980 696 2002 et
715 1983 776 2002 cum
792 1983 826 2001 eo
841 1975 956 2010 diligens

167 2022 295 2048 decorem
316 2021 414 2048 domus
430 2021 549 2053 Domini,
568 2029 622 2047 non
639 2021 714 2048 dedit
728 2028 853 2047 somnum
869 2021 956 2047 oculis

167 2073 194 2095 et
207 2068 343 2102 palpebris
356 2067 590 2097 dormitationem.
600 2072 628 2094 et
641 2068 762 2102 requiem
775 2068 954 2102 temporibus,

167 2113 255 2140 donec
269 2113 391 2147 seipsum
417 2113 555 2147 exemplar
571 2113 685 2139 Domino
701 2116 728 2140 et
749 2113 954 2140 tabcruaculutu

169 2159 223 2185 Ι)εο
237 2158 330 2190 Jacob,
356 2158 427 2186 sicut
447 2159 501 2190 ille,
527 2159 660 2185 exhibuit.
686 2159 750 2185 Zeto
778 2163 868 2185 motus
892 2168 954 2186 cuttt

168 2203 294 2234 Phinees.
310 2204 433 2231 hzeresim
448 2209 476 2231 et
493 2205 551 2238 ejus
573 2209 710 2231 amatores
733 2209 862 2240 tanquam
884 2214 955 2233 vera:

1015 291 1168 318 debitorum
1185 291 1282 318 animae
1294 291 1467 318 solutionem.

1050 337 1094 364 46.
1110 336 1210 369 Moscm
1225 341 1316 364 autem
1329 337 1463 371 expressit
1479 337 1505 363 iu
1519 344 1562 368 eo,
1579 337 1651 371 quod
1664 341 1738 364 esset
1753 338 1805 364 mi-

1016 383 1060 414 tis,
1077 385 1104 409 et
1120 382 1147 408 in
1160 382 1266 408 nullum
1282 382 1432 409 ostenderit
1451 382 1595 417 vestigium
1611 382 1667 408 odii
1681 387 1708 409 et
1723 383 1806 410 male-

1015 429 1151 460 volentiaz,
1169 428 1277 455 etiamsi
1293 427 1387 455 furiosi
1403 433 1431 455 et
1448 428 1581 460 malevoli,
1599 427 1687 455 Patris
1701 428 1805 456 Tarasii

1015 474 1121 501 dicendi
1141 474 1304 506 libertatem,
1319 481 1378 508 quae
1400 475 1434 500 ad
1459 474 1644 508 insipientium
1665 475 1806 508 spectabat

1014 520 1225 552 correctionem,
1240 520 1306 546 iram
1322 524 1349 546 et
1362 519 1453 546 odium
1467 527 1527 546 esse
1542 520 1611 546 male
1625 520 1803 553 conjcccrint.

1014 564 1137 592 Gustavit
1153 565 1213 593 Jobi
1229 565 1404 597 lentationes,
1423 564 1529 591 etiamsi
1548 572 1601 591 non
1622 564 1649 590 in
1674 565 1756 592 rebus
1768 566 1804 592 si-

1015 610 1135 640 milibus.
1148 609 1216 638 Cum
1229 609 1313 637 Jacob
1325 614 1354 636 ttt
1365 610 1458 644 gratiae
1471 609 1601 640 Israelita,
1614 615 1640 636 et
1652 610 1804 644 appellatus

1014 659 1103 684 mens,
1119 660 1179 687 quze
1193 653 1277 679 Deum
1293 652 1412 684 videbat,
1430 652 1511 678 simul
1529 657 1660 686 purgatus
1683 653 1803 679 sanctiﬁ-

1014 702 1092 725 catur
1120 697 1211 724 attima
1234 702 1262 725 et
1276 698 1452 733 cogitatione.
1470 697 1555 724 Simul
1576 705 1637 724 cum
1662 697 1737 724 Isaac
1754 698 1804 725 fuit

1014 743 1065 770 ﬁde
1077 743 1271 775 sanetiﬁeatus,
1287 743 1393 770 etiamsi
1408 751 1462 770 non
1478 751 1492 769 a
1509 748 1597 778 patre,
1623 743 1669 770 sed
1685 743 1743 778 ipse
1758 751 1804 771 cor

1014 797 1093 816 suum
1108 789 1136 816 in
1156 789 1344 816 ltolocaustum
1359 789 1479 816 olTereus
1493 799 1498 816 :
1516 797 1633 823 cumque
1652 789 1748 816 fuisset
1764 790 1803 816 vi-

1014 836 1095 862 ctima
1122 840 1149 862 et
1177 836 1326 868 sacrilicus,
1350 836 1376 862 in
1403 835 1515 862 odoretn
1539 835 1682 862 suavitatis
1707 836 1804 862 obtulit

1014 881 1229 916 pulcherrimum
1254 882 1309 908 Deo
1325 881 1497 908 sacriﬁcium.
1513 880 1580 907 Cum
1605 881 1752 912 Abraham,
1771 889 1804 908 eo

1014 927 1085 962 quod
1103 927 1187 954 fuerit
1214 931 1291 962 pater
1315 927 1444 962 spiritalis
1468 927 1614 953 multarum
1641 927 1760 954 tribuum
1777 932 1803 954 et

1014 972 1187 1006 populontm,
1208 978 1235 999 et
1258 972 1415 1004 crediderit.
1440 977 1468 999 et
1485 972 1521 1003 ei,
1537 972 1582 1007 qui
1605 980 1667 999 eum
1689 971 1802 1004 fecerat,

1014 1027 1081 1053 pure
1096 1019 1233 1050 servierit,
1244 1019 1397 1046 divinarum
1411 1019 1624 1053 promissionum
1637 1018 1752 1045 fructum
1762 1024 1804 1045 est

1013 1068 1187 1091 consecutus.
1201 1063 1253 1091 Sed
1269 1064 1332 1099 quid
1347 1065 1406 1099 eius
1417 1063 1550 1090 virtutum
1561 1063 1715 1090 transmitte
1730 1071 1803 1091 mare

1013 1109 1198 1137 Atlanticum?
1214 1110 1387 1144 lmponamus
1404 1117 1469 1144 ergo
1485 1109 1566 1136 rebus
1586 1108 1802 1142 conclusionem,

1012 1159 1040 1181 et
1057 1163 1089 1182 ex
1117 1155 1249 1190 prommio
1278 1155 1358 1182 ﬁnem
1379 1154 1537 1183 elﬁciamus.
1560 1158 1587 1181 et
1609 1162 1644 1181 ne
1668 1155 1802 1189 promisso

1012 1208 1068 1227 non
1083 1205 1155 1227 stare
1172 1207 1328 1236 arguamur,
1345 1200 1406 1235 plus
1421 1207 1502 1234 quam
1521 1208 1568 1234 par
1596 1200 1630 1227 sit
1649 1201 1802 1235 producen-

1013 1250 1053 1272 tes
1067 1246 1228 1273 orationem.
1593 1240 1597 1242 ’

1318 1290 1430 1320 CAPUT
1450 1291 1496 1319 Xl.

1028 1335 1120 1364 Sancti
1134 1337 1236 1365 Tarasii
1250 1341 1377 1370 senectus,
1393 1339 1507 1370 morbus,
1518 1338 1612 1371 obitus,
1625 1339 1772 1372 sepultura.

1045 1382 1090 1410 47.
1110 1383 1172 1410 Post
1185 1383 1301 1418 plttrima
1322 1383 1394 1410 enim
1413 1383 1573 1415 certamina,
1588 1388 1616 1410 et
1634 1383 1800 1418 prolatatum

1009 1425 1141 1455 docti-inae
1166 1427 1313 1461 inﬁnitum,
1329 1431 1357 1455 et
1373 1427 1436 1455 vita:
1456 1428 1578 1454 honesta:
1593 1427 1749 1462 puritatem,
1773 1433 1800 1454 et

1010 1481 1080 1500 verae
1095 1473 1158 1500 ﬁdei
1174 1473 1384 1505 confessionem,
1400 1477 1428 1500 et
1451 1473 1557 1500 ratione
1582 1473 1688 1508 pra‘diti
1711 1475 1802 1509 gregis

1009 1519 1041 1546 ad
1063 1527 1105 1551 ea,
1122 1527 1182 1553 quae
1208 1523 1271 1546 sunt
1287 1519 1475 1554 praestantiora
1493 1524 1521 1546 et
1535 1519 1636 1551 divina,
1655 1519 1714 1553 ejus
1739 1527 1800 1547 mo-

1010 1564 1074 1591 nitis
1089 1565 1291 1597 deductionem,
1313 1569 1341 1592 et
1356 1565 1383 1592 in
1401 1565 1504 1592 alendis
1519 1565 1686 1600 pauperibus
1705 1566 1800 1600 eopio-

1010 1617 1068 1636 sam
1083 1610 1341 1644 suppeditationem,
1357 1616 1384 1638 et
1394 1611 1531 1638 assiduam
1543 1611 1644 1638 sanctis
1657 1611 1738 1639 rebus
1751 1612 1799 1639 da-

1010 1659 1063 1680 tam
1079 1663 1202 1689 operam,
1216 1659 1243 1681 et
1254 1655 1280 1681 itt
1294 1655 1421 1689 pastorali
1436 1663 1550 1682 munere
1561 1655 1717 1682 diuturnam
1739 1664 1799 1683 tno-

1009 1707 1066 1726 ratn
1081 1700 1185 1734 (viginti
1214 1700 1287 1727 enim
1303 1705 1331 1728 et
1353 1701 1422 1728 duos
1434 1701 1490 1735 (65)
1509 1708 1596 1728 annos
1615 1701 1799 1735 pontiﬁcalem

1008 1745 1146 1773 decoravit
1170 1746 1352 1781 cathedram),
1370 1747 1500 1781 ingruens
1529 1747 1641 1774 morbus
1669 1753 1696 1775 ct
1721 1749 1799 1776 valde

1007 1800 1116 1826 gravem
1133 1792 1158 1818 ei
1170 1792 1291 1819 dolorem
1309 1792 1438 1825 aﬁercus,
1453 1801 1506 1820 non
1522 1793 1668 1827 persuasit,
1686 1799 1715 1820 ut
1729 1794 1799 1820 obli-

1008 1838 1159 1866 visceretur
1175 1839 1300 1873 perpetui
1318 1842 1347 1866 et
1362 1838 1447 1866 divini
1462 1839 1554 1866 ollicii.
1579 1838 1646 1865 Nam
1662 1844 1690 1866 ct
1702 1840 1798 1866 morbo

1007 1889 1035 1912 et
1047 1885 1123 1912 senio
1135 1884 1270 1917 laborans,
1281 1892 1454 1919 nequaquam
1466 1885 1617 1912 satiabatur
1631 1887 1796 1913 sacrosancti

1007 1930 1127 1965 mysterii
1143 1931 1336 1960 celebratione.
1355 1931 1402 1957 sed
1427 1930 1536 1957 intcnso
1555 1931 1588 1957 ad
1604 1932 1688 1958 Deum
1704 1939 1796 1958 amore

1007 1977 1116 2008 ardens,
1130 1981 1157 2002 et
1173 1975 1259 2002 morbi
1283 1975 1384 2002 nullatu
1397 1975 1501 2002 ducens
1518 1976 1661 2008 rationem,
1687 1982 1796 2010 pectore

1007 2021 1128 2048 innitens
1143 2029 1246 2048 mensa:
1263 2021 1368 2055 Iigneaa,
1383 2029 1444 2055 qua:
1465 2021 1619 2055 ponebatur
1645 2027 1707 2048 ante
1722 2030 1796 2048 arant

1006 2066 1136 2097 divinam,
1151 2070 1244 2093 saneta
1260 2066 1417 2101 peragebat.
1429 2066 1452 2093 0
1469 2066 1550 2094 ﬁdem
1563 2072 1591 2093 ct
1603 2067 1754 2100 sapientem
1768 2067 1796 2094 in

1006 2112 1089 2138 rebus
1102 2111 1203 2138 divinis
1218 2111 1403 2146 diligentiam!
1420 2119 1437 2138 ο
1448 2111 1653 2139 interminatum
1668 2113 1693 2139 itt
1712 2113 1796 2140 Deum

1005 2166 1126 2185 antorem
1139 2160 1144 2184 !
1160 2158 1218 2185 Non
1231 2159 1303 2186 enim
1318 2166 1410 2185 curam
1422 2159 1532 2193 gerebat
1544 2159 1676 2193 corporis,
1691 2165 1719 2186 ut
1734 2167 1795 2186 cum

1007 2212 1096 2231 rerum
1126 2204 1280 2231 divinarum
1299 2212 1362 2231 eum
1388 2204 1505 2238 cepisset
1528 2204 1649 2235 satietas,
1671 2205 1797 2239 mysteria

167 2250 354 2277 fornicationis
375 2250 575 2277 introductores
598 2255 626 2277 et
648 2251 803 2285 dogutatum
823 2251 953 2278 adulteri-
973 2253 993 2278 ί)
1007 2251 1098 2277 divina
1116 2250 1338 2284 interrumperet,
1360 2250 1408 2276 sed
1433 2249 1571 2277 laboribus
1593 2250 1794 2281 cortoboratus,

166 2303 264 2322 norum
280 2296 428 2331 geniturus,
440 2297 571 2324 confodit.
588 2297 702 2323 Aaronis
713 2299 851 2332 superavit
866 2306 955 2325 sacer-

166 2342 281 2368 dotium.
298 2341 356 2368 Non
373 2342 445 2368 enim
469 2342 649 2369 tintinnabula
669 2348 695 2370 et
715 2344 784 2370 mala
804 2344 912 2378 punica,
929 2349 956 2371 et

165 2386 269 2420 lapides
282 2387 400 2420 pectoris
416 2392 443 2413 et
460 2387 702 2421 superbumeralis,
717 2396 805 2423 neque
823 2389 912 2419 mitra.
929 2394 955 2416 ct

164 2432 272 2463 cidaris,
288 2436 316 2458 et
329 2428 432 2464 talaris,
445 2438 471 2459 et
493 2433 552 2459 altri
576 2433 683 2465 lamina,
707 2434 779 2461 hunc
794 2435 863 2461 sicut
880 2435 953 2461 illum

164 2477 309 2504 amiciebat
336 2478 389 2504 ritu
417 2478 576 2511 sacerdotis,
606 2486 692 2512 neque
719 2480 881 2506 sacriﬁcium
906 2487 954 2514 per

164 2523 326 2557 sanguinem
343 2527 481 2550 taurorum
505 2528 533 2550 ct
557 2523 706 2557 hircorum,
723 2525 782 2559 ejus
809 2531 834 2551 ct
863 2525 953 2560 populi

163 2568 290 2600 expiabat
305 2567 472 2602 ignorantias
488 2577 494 2594 :
515 2568 561 2594 sed
578 2568 735 2595 moderatus
755 2569 872 2596 amictus
891 2579 952 2597 cutn

164 2612 260 2646 spiritu
289 2613 466 2647 paupertatis,
482 2622 544 2640 euut
573 2613 703 2640 reddebat
721 2614 903 2648 splendidum,
926 2621 954 2642 et

164 2658 241 2692 legali
261 2659 419 2685 bolocausto
435 2664 513 2685 erant
530 2659 689 2691 sacratiora,
709 2669 769 2694 quae
785 2662 818 2687 ab
837 2669 869 2688 eo
883 2661 952 2688 oll'c—

165 2703 294 2729 rebantur
310 2713 317 2729 :
333 2707 363 2729 ut
381 2704 428 2737 qui
451 2712 561 2739 agnum,
577 2705 623 2738 qui
648 2705 715 2732 tollit
735 2706 828 2732 tuttndi
856 2714 952 2740 pecca-

165 2754 233 2779 tum,
249 2750 388 2776 Christum
404 2750 571 2777 sacrilicaret
584 2751 668 2778 sacris
690 2751 906 2779 invocationinus
924 2758 952 2779 et

164 2794 282 2822 fidelium
300 2795 475 2823 distribucrct
487 2796 624 2828 manibus,
641 2801 668 2823 et
681 2805 776 2824 omnes
794 2804 951 2834 aspergeret

200 2884 256 2918 (03)
278 2885 333 2911 Non
348 2885 509 2918 completos,
526 2890 552 2912 ιιι
566 2894 647 2919 supra
668 2885 703 2912 di.
715 2891 782 2912 tum.

322 2945 455 2974 ΡΑτιιοι..
480 2947 538 2974 Un.
565 2945 700 2975 XCVlll.

1007 2301 1106 2322 etcum
1124 2295 1205 2321 Paulo
1219 2296 1339 2321 clamans
1353 2304 1359 2321 :
1375 2296 1442 2322 Cum
1463 2292 1596 2327 inﬁrtnor,
1616 2300 1681 2323 tunc
1698 2300 1794 2329 potens

1007 2349 1067 2368 sum
1084 2341 1127 2376 (II
1143 2341 1203 2367 Cor.
1220 2348 1267 2372 xu,
1281 2341 1334 2375 l0),
1351 2341 1451 2367 acriter
1468 2340 1580 2367 vacabat
1595 2341 1686 2367 divino
1698 2341 1793 2367 cultui.

1032 2387 1084 2417 18.
1107 2386 1221 2413 lnvaluit
1237 2393 1301 2421 ergo
1316 2386 1436 2417 morbus,
1454 2390 1481 2412 et
1499 2393 1562 2412 eutn
1577 2386 1610 2412 de
1623 2391 1722 2413 caetero
1735 2394 1795 2413 ces-

1006 2440 1066 2459 sare
1089 2433 1192 2460 faciens
1219 2441 1234 2459 a
1260 2433 1414 2460 divinorum
1441 2433 1611 2466 operatione,
1639 2432 1663 2458 ci
1691 2433 1795 2466 paravit

1005 2479 1105 2505 lectum
1122 2478 1298 2510 inﬁrmitatis,
1314 2479 1386 2512 quod
1403 2478 1505 2505 utinam
1524 2486 1578 2504 ttou
1595 2478 1706 2504 fecisset
1730 2483 1794 2505 ante

1005 2526 1099 2552 oculos
1112 2533 1216 2556 eorum,
1233 2526 1278 2559 qui
1293 2533 1355 2551 eum
1368 2532 1506 2559 nunquatn
1519 2525 1546 2551 in
1559 2524 1629 2551 lecto
1644 2525 1794 2558 conspeer

1004 2575 1075 2598 rant.
1094 2570 1181 2602 Tunc,
1200 2576 1264 2598 tttnc
1279 2572 1307 2597 lit
1330 2571 1488 2598 tniraculum
1502 2579 1602 2598 novum
1616 2576 1643 2598 et
1663 2570 1794 2603 terribile,

1004 2617 1075 2651 quod
1099 2624 1160 2648 nos,
1175 2617 1221 2651 qui
1250 2617 1404 2648 aderamus,
1423 2617 1603 2643 admiratione
1631 2616 1751 2650 implevit
1767 2623 1794 2644 t-t

1004 2663 1111 2693 timore,
1128 2663 1252 2688 videntes
1266 2670 1328 2689 eutn
1343 2663 1424 2689 veluti
1443 2663 1469 2688 in
1485 2663 1568 2689 extasi
1584 2682 1591 2694 ,
1604 2668 1631 2689 ct
1645 2662 1792 2688 luctantem

1003 2716 1064 2735 cum
1093 2709 1266 2739 adversariis,
1292 2709 1338 2743 qui
1361 2716 1416 2736 non
1443 2709 1543 2735 cadunt
1572 2710 1623 2735 sub
1638 2715 1790 2741 aspectum.

1002 2755 1062 2781 Non
1083 2750 1153 2781 enim
1190 2756 1320 2782 adversus
1352 2764 1462 2783 carnem
1491 2761 1517 2783 et
1544 2755 1702 2791 sanguinem
1734 2761 1793 2783 erat

1002 2800 1025 2826 ci
1042 2805 1193 2831 certamen,
1222 2801 1267 2826 sed
1287 2801 1417 2827 adversus
1443 2801 1622 2835 principatus,
1660 2800 1792 2826 adversus
