2051 3154
258 172 326 205 1519

787 172 815 200 S.
837 171 992 201 TARASII
1012 170 1263 201 PATRMRCHE
1281 171 1335 201 Cl".

1819 168 1894 202 45-23

258 233 416 263 polcstates,
433 227 563 265 adicrsns
592 226 720 261 spiritalia
743 224 1047 260 nequitim.(l€pllcs.vt,
1064 235 1085 262 Α
1101 225 1252 257 obtinebat,
1278 225 1375 257 Patris,
1398 229 1525 258 tanquam
1554 225 1598 260 qui
1622 225 1756 252 contineri
1782 234 1890 260 pum-1,

257 276 314 308 12.)
340 275 480 308 Tanquam
505 273 578 299 enim
601 273 684 300 verba
712 272 815 299 faciens
825 279 887 298 cum
901 271 1046 305 aliquibus,

256 321 301 354 qui
315 328 377 347 eum
395 319 594 350 cxamiuabant,
609 323 636 345 et
656 323 722 345 acta:
740 318 801 344 vita:
815 316 948 343 rationem
967 316 1001 342 ab
1016 323 1049 342 eo

257 367 410 401 exigebant,
430 366 466 392 ita
494 372 602 392 causam
625 371 704 391 suam
732 363 837 398 agebat.
863 362 1049 395 Quamobrem

257 412 350 438 turritis
364 411 506 438 videbatur
517 418 576 437 esse
590 417 652 436 retis
662 409 792 440 debendi,
807 412 834 435 et
846 409 979 434 rationem
992 408 1050 435 red-

258 458 323 484 dere
339 456 500 486 cxactionis,
522 460 580 482 erat
593 462 658 481 vero
672 454 773 488 justum
790 453 922 488 judicium
937 453 1049 487 superni

258 504 351 530 auxilii
372 511 481 530 onmem
513 502 575 528 vita:
605 501 738 527 maculam
768 499 871 531 eluere,
897 503 925 525 et
943 499 1049 525 nullum

258 551 331 577 illinc
354 550 426 576 ferre
446 548 576 575 delictum
600 556 606 574 :
625 545 755 581 appellari
773 549 864 572 autem
881 544 1051 579 lucisparti-

257 598 356 631 cipem,
372 600 399 622 et
416 594 495 621 simul
522 592 598 620 obire
614 591 772 619 cwlcstibus
794 590 914 617 materize
934 589 1051 624 experti-

257 643 308 668 bus
323 640 514 675 potestatibus.
540 637 606 664 Nam
622 637 742 671 quandi“
758 636 867 670 quidem
889 635 984 662 habuit
1000 635 1051 661 lili-

257 694 336 722 guam
357 686 401 716 iis,
419 685 465 717 qui
480 684 637 713 audiebant,
655 690 733 708 sensa
747 687 840 715 aperte
857 681 1050 716 explicantem,

257 731 346 759 verbis
359 728 514 757 resistebat.
533 732 560 754 et
575 731 699 760 prompta
713 726 795 752 dabat
810 733 942 760 responsa
959 725 992 752 ad
1018 733 1051 753 ea

257 784 316 810 qua-
330 774 538 809 objiciehantur,
552 772 647 799 dicens
660 779 688 799 se
700 771 801 798 nullius
814 779 908 798 eorum
922 779 983 798 esse
999 771 1050 798 sibi

245 821 407 852 -conscium,
424 827 540 854 quorum
556 826 619 845 eum
636 825 766 845 accusare
779 818 934 844 voluerant.
946 817 968 844 Ο
984 817 1050 844 nulli

256 867 342 900 crrlpa‘:
357 866 463 892 aﬂinem
476 873 538 891 cum
555 864 610 891 Deo
622 864 844 899 coniunctionem
858 865 865 889 ἶ
879 863 937 890 Non
953 868 1051 898 potuc-

1101 270 1216 304 cupiens
1240 271 1388 305 prohibere
1414 270 1579 302 decessum,
1620 271 1746 307 lacrymis
1773 268 1891 303 foedata,

1100 315 1253 349 acerbeque
1268 324 1330 342 Clllll
1346 324 1478 344 Γενοθειιιε
1494 321 1520 344 ΕΙ.
1531 317 1709 352 amplectens,
1721 323 1749 345 et
1764 324 1892 353 lallqﬂalﬂ

1100 368 1160 394 qua:
1188 362 1334 388 multorum
1361 362 1496 388 bonorum
1526 369 1667 397 pateretur
1692 365 1891 398 amissionem,

1100 405 1214 438 perinde
1232 409 1315 440 atque
1330 405 1407 438 rivis,
1425 407 1564 441 rigabatur
1579 408 1718 443 lacrymis.

1136 450 1180 477 5|.
1198 451 1327 479 Ecclesia:
1351 458 1441 479 autem
1461 453 1554 480 ketitia
1574 454 1691 481 deﬂebat
1715 455 1892 484 utilissimum

1101 503 1182 523 suum
1201 501 1420 530 procuratorem,
1435 498 1593 533 agricolam,
1610 500 1801 534 plantatorem.
1817 509 1891 532 cum.

1100 542 1148 576 qui
1166 542 1242 568 omni
1259 543 1330 568 artati
1353 543 1555 571 incrementum
1573 545 1685 572 dederat
1702 546 1736 573 ad
1752 547 1892 579 virtutem,

1100 588 1147 621 qui
1170 587 1239 614 nulli
1263 588 1376 615 macula:
1399 589 1548 617 obnoxium
1565 597 1741 620 conservarat
1764 593 1893 619 sacerdo-

1103 632 1180 665 tium,
1198 633 1243 667 qui
1260 640 1370 660 omnem
1389 642 1483 669 rugam
1507 636 1584 662 mala:
1605 636 1743 671 opinionis
1763 645 1778 663 a
1793 638 1893 664 divinis

1101 679 1179 705 atriis
1195 679 1372 712 absterserat,
1394 681 1439 714 qui
1464 688 1514 715 pro
1532 682 1646 709 veritate
1661 690 1813 713 sermones,
1834 688 1894 710 tan-

1102 732 1182 759 quam
1199 725 1335 759 pretiosos
1351 725 1466 760 lapides,
1492 727 1519 753 in
1540 725 1669 754 Ecclesia:
1684 727 1818 755 inﬂixerat
1834 728 1894 754 dia-

1101 770 1220 801 demate,
1240 771 1286 804 qui
1303 775 1361 797 erat
1383 771 1561 806 incorruptus
1575 773 1700 804 antistes,
1721 775 1766 807 qui
1784 773 1817 799 ad
1835 781 1893 800 ma-

1102 825 1188 844 nuum
1210 817 1413 852 impositionem
1438 819 1519 846 donis
1541 819 1612 846 allici
1635 827 1690 846 non
1712 820 1830 854 poterat,
1846 820 1892 854 qui

1104 863 1269 891 Simouiaca:
1287 864 1382 899 magize
1399 873 1497 892 aurum
1518 867 1703 894 adulterinum
1718 875 1780 895 esse
1798 873 1894 895 osten-

258 918 322 940 runt
338 911 446 947 maligni
460 911 561 938 inimici
576 919 638 937 eum
654 910 695 937 vel
709 917 792 944 parva
807 910 833 936 in
851 918 879 936 re
893 910 1045 944 deprehen-
1062 910 1084 937 il
1099 910 1187 942 derat,
1206 910 1251 944 qui
1272 916 1331 938 erat
1352 911 1540 946 apostolorum
1565 920 1709 941 successor
1731 914 1759 941 in
1774 915 1890 947 virtute,

257 958 320 984 dere
331 957 488 987 obnoxium,
506 956 547 982 vel
573 955 762 981 abominandis
786 955 843 981 suis
863 954 1012 981 sceleribus
1026 954 1050 980 ei

257 1003 357 1036 aliquid
373 999 501 1037 aﬂingcrc
515 1021 522 1033 ,
540 1001 586 1028 sed
605 1008 651 1027 eos
665 1000 769 1034 redegit
782 1000 814 1026 ad
830 1007 939 1026 omnem
957 999 1050 1025 cousi-

256 1048 283 1075 lii
300 1047 431 1082 inopiam,
445 1054 494 1082 per
509 1045 664 1081 generalem
682 1050 710 1072 et
732 1045 881 1072 terribilem
903 1044 1050 1071 inﬂeiatio-

256 1103 330 1126 nem,
349 1098 377 1120 ut
387 1101 439 1120 nec
454 1093 481 1119 in
506 1100 568 1119 eum
584 1092 694 1126 quidem
713 1095 825 1126 possent
840 1090 921 1116 ullam
940 1097 1050 1117 causam

257 1142 284 1167 in
300 1140 419 1175 speciem
436 1139 528 1166 dicere
547 1137 727 1172 probabilem.
745 1136 859 1169 Quando
881 1138 972 1162 autem
1001 1136 1052 1162 lin-

256 1194 316 1222 gua:
331 1185 472 1220 obtorpuit
485 1185 709 1216 instrumentum,
729 1191 779 1210 nec
794 1190 824 1210 se
841 1183 931 1210 verbis
945 1186 1051 1217 poterat

257 1232 417 1264 defendere,
440 1231 527 1264 labro,
543 1235 571 1258 et
593 1237 685 1262 manu,
701 1234 730 1256 et
748 1234 817 1256 nutu
839 1236 886 1256 eos
901 1227 1051 1260 evertebat,

258 1284 285 1305 et
298 1286 352 1305 non
367 1277 492 1305 cessabat
508 1284 556 1304 eos
578 1275 724 1310 expellere.
747 1274 896 1302 Videbatur
912 1273 985 1301 enim
1002 1280 1052 1300 no-

259 1325 300 1352 bis
313 1329 441 1358 tanquam
464 1323 492 1350 in
518 1322 644 1349 inimicos
662 1321 789 1348 ferociter
811 1321 942 1351 fremere,
960 1323 988 1347 et
1005 1326 1052 1346 eos

258 1379 320 1398 cum
336 1370 374 1397 ira
398 1369 549 1404 repellere,-
567 1368 656 1395 donec
681 1374 778 1394 sensus
791 1370 935 1401 coeperunt
956 1364 1051 1392 conni-

259 1425 333 1444 vere.

294 1475 339 1501 ‘49.
350 1474 427 1501 Tunc
435 1472 509 1500 enim
519 1471 743 1507 tranquillissime
759 1470 868 1501 habitu,
879 1468 1053 1503 vespertinas

256 1519 354 1546 laudes
377 1519 535 1546 celebrante
560 1516 696 1549 Ecclesia,
718 1520 746 1543 et
759 1515 895 1542 clamante
914 1513 1051 1545 :lnclina,

256 1565 386 1597 flumine,
405 1570 433 1591 et
449 1563 548 1591 exaudi
562 1570 616 1595 me,
635 1563 693 1597 ipse
709 1562 854 1596 pollicentur
879 1561 952 1588 hunc
977 1560 1052 1586 exuit

260 1611 392 1637 amictum
408 1618 414 1635 :
431 1613 459 1636 et
476 1608 581 1636 relictis
599 1607 717 1635 vinculis
733 1607 851 1640 carneis,
872 1606 949 1633 venit
958 1605 992 1631 ad
1008 1605 1050 1631 lu-

250 1657 367 1683 minosa
391 1655 460 1682 atria
491 1654 655 1686 ctelcstium,
681 1658 710 1680 et
735 1649 843 1680 liabitat
867 1652 895 1678 in
919 1649 1051 1678 ineffabili

251 1702 364 1732 ~ltetitia,
377 1708 436 1735 quas
452 1699 603 1734 percipitur
614 1698 806 1734 intelligentia,
824 1706 857 1725 ex
872 1705 915 1730 ea,
932 1705 993 1732 quae
1007 1697 1051 1724 hic

260 1753 312 1780 est,
330 1747 506 1781 improbitate
522 1746 549 1773 in
565 1745 658 1772 anima
673 1745 779 1772 nullum
794 1745 902 1779 signum
919 1743 1049 1770 inferens.

261 1793 328 1820 Nam
345 1800 407 1820 cum
432 1791 478 1818 hic
501 1795 606 1826 ageret,
636 1789 785 1817 virtutibus
809 1794 897 1815 morte
921 1788 1051 1815 aﬂ'ecerat

252 1839 376 1867 vmortale
399 1839 452 1866 hoc
473 1836 693 1869 tabernaculum,
715 1835 898 1862 erubescebat
919 1835 992 1861 enim
1007 1834 1051 1861 di-

260 1887 343 1915 midia
359 1889 486 1921 exparte
502 1889 627 1912 naturam
649 1883 750 1911 habere
775 1880 958 1909 immortalem
981 1879 1050 1915 (64).

261 1935 385 1961 Mortuus
403 1937 494 1960 tamen
508 1935 562 1963 est,
584 1931 712 1958 existimo
734 1932 827 1956 autem
845 1927 927 1955 simul
943 1934 1052 1961 quoque

260 1988 322 2006 cuni
338 1987 380 2006 eeo
399 1979 515 2005 virtutes
535 1983 597 2004 esse
623 1980 757 2005 mortuas,
784 1974 836 2001 nisi
861 1973 930 2000 forte
955 1973 1050 2004 fallor,

251 2024 360 2059 .iusigni
376 2023 490 2050 audacia
505 2029 635 2056 magnum
651 2020 759 2055 quid-et
772 2019 893 2046 terribile
907 2019 1050 2053 eloquens.

296 2070 341 2096 δυ.
359 2069 494 2096 Universa
511 2075 578 2094 vero
596 2066 704 2098 civitas,
723 2064 914 2092 inconsolabili
934 2065 1009 2091 luctu
1024 2067 1052 2090 et

253 2114 387 2150 vlacrymis
395 2121 462 2141 eum
479 2121 534 2140 non
551 2113 678 2140 cessabat
694 2111 806 2142 deﬂere,
826 2116 954 2145 tanquam
971 2117 1051 2137 suum

262 2166 405 2195 ratronum
424 2165 451 2187 et
466 2159 653 2187 defensorem.
671 2158 722 2190 Qui
745 2163 836 2185 autem
855 2158 971 2184 fideliter
987 2162 1052 2184 tunc

261 2211 369 2241 sceptra
400 2205 610 2233 administrabat
625 2205 667 2239 (is
687 2211 752 2231 vero
765 2203 893 2236 erat(65)
914 2203 1051 2237 Nicepho'

1101 955 1146 989 qui
1172 955 1332 983 considebat
1349 962 1377 984 et
1402 959 1619 986 conversabatur
1644 967 1706 987 cum
1730 961 1893 994 patriarcltis

1101 1001 1272 1035 etPatribus,
1283 1002 1398 1036 quicum
1410 1003 1507 1031 electis
1516 1005 1705 1033 consentiebat
1715 1007 1836 1041 synodis,
1845 1008 1892 1042 qui

1101 1047 1193 1074 omnia
1205 1047 1292 1075 factus
1298 1053 1339 1076 est
1346 1049 1483 1083 omnibus,
1494 1051 1633 1086 utaliquos
1640 1052 1848 1080 omninosalvos
1854 1054 1894 1081 fac

1101 1097 1175 1120 ceret
1186 1093 1210 1127 (1
1225 1093 1333 1126 Comx,
1353 1094 1413 1129 22).
1430 1096 1734 1132 convenientermagno
1750 1104 1779 1125 et
1800 1099 1893 1126 divino

1101 1139 1238 1173 apostolo.
1261 1140 1456 1169 Monachorum
1466 1147 1557 1170 autem
1567 1148 1654 1170 conus
1671 1144 1894 1179 religiosissimus

1103 1184 1130 1210 iu
1146 1192 1222 1217 eum,
1242 1190 1272 1212 ut
1289 1186 1408 1220 probum
1420 1194 1501 1214 suum
1512 1188 1703 1221 excitatorem,
1716 1194 1743 1216 et
1756 1198 1893 1217 summum

1102 1230 1199 1257 ducem
1229 1231 1263 1258 ad
1290 1232 1494 1265 abstinentiam,
1517 1235 1666 1261 ostendens
1694 1235 1842 1267 tristitiam,
1866 1240 1895 1264 et

1102 1274 1219 1310 hymnos
1235 1280 1387 1304 contexens
1403 1277 1540 1313 lacrymis,
1563 1281 1781 1314 prosequebatur
1794 1282 1826 1309 ad
1845 1291 1894 1316 pa-

1103 1324 1167 1353 tres,
1184 1321 1231 1356 qui
1246 1322 1323 1356 prius
1339 1322 1505 1350 refulserant
1521 1324 1548 1351 iu
1565 1325 1774 1358 exercitatione,
1789 1333 1892 1362 patrem

1102 1365 1148 1399 qui
1159 1371 1218 1393 erat
1230 1367 1407 1395 continentia:
1421 1369 1655 1403 propugnaculum
1669 1370 1892 1407 inexpugnabile.

1102 1411 1155 1444 Qui
1172 1417 1251 1440 erant
1267 1413 1356 1448 egeni,
1380 1421 1460 1441 suum
1483 1415 1716 1450 suppeditatorem
1733 1426 1739 1443 :
1756 1418 1802 1452 qui
1819 1419 1893 1449 orbi,

1102 1458 1212 1485 oculum
1229 1469 1235 1486 :
1248 1459 1294 1494 qui
1307 1460 1409 1492 claudi,
1420 1460 1518 1495 pedem
1535 1470 1542 1488 :
1555 1461 1602 1496 qui
1616 1462 1694 1496 nudi,
1709 1468 1813 1491 vestem
1828 1466 1894 1499 :qui

1103 1504 1241 1539 hospites,
1268 1509 1443 1540 cxceptorem
1462 1515 1469 1533 :
1485 1506 1531 1541 qui
1554 1506 1581 1533 in
1605 1507 1734 1540 vinculis,
1758 1509 1894 1536 visitatio-

1103 1555 1166 1575 nem
1185 1558 1191 1575 :
1207 1549 1314 1582 viduae,
1337 1550 1512 1578 defensorem
1537 1559 1543 1577 :
1567 1552 1700 1586 orphani,
1728 1553 1892 1587 adjutorem.

1103 1593 1199 1632 Omnis
1212 1595 1334 1623 conditio
1350 1600 1377 1623 et
1392 1595 1483 1623 omnis
1496 1600 1562 1623 aetas
1578 1597 1734 1625 conﬂuebat
1748 1599 1833 1626 instar
1846 1601 1896 1626 ﬂu-

1103 1641 1195 1680 minis,
1214 1642 1313 1669 lectnm
1329 1647 1456 1678 tangens,
1473 1648 1500 1670 et
1514 1651 1594 1670 sacro
1610 1643 1656 1671 illo
1671 1646 1829 1679 spectaculo
1842 1646 1896 1672 frui

1103 1688 1148 1723 pie
1162 1690 1345 1717 contendens.
1357 1689 1391 1717 Et
1405 1691 1457 1717 nisi
1474 1691 1622 1726 imperator
1639 1692 1731 1726 populi
1747 1694 1896 1720 tumultum

1103 1739 1131 1762 et
1148 1735 1280 1770 impetum
1296 1736 1407 1763 militari
1434 1744 1518 1764 manu
1539 1737 1595 1764 cito
1615 1739 1800 1773 repressisset,
1818 1741 1895 1766 rnulu

1103 1782 1246 1809 venissent
1266 1782 1293 1808 in
1318 1783 1415 1810 mortis
1442 1784 1607 1818 periculum,
1634 1784 1698 1811 dum
1727 1785 1842 1812 trudunt
1868 1791 1897 1815 ct

1103 1827 1223 1854 vicissim
1246 1827 1406 1861 truduntur,
1421 1832 1449 1856 et
1468 1829 1604 1856 laudabile
1617 1830 1769 1857 ostendunt
1786 1831 1896 1858 deside-

1104 1873 1174 1900 rium
1188 1873 1215 1900 in
1232 1881 1305 1906 eum,
1323 1874 1370 1909 qui
1385 1875 1608 1902 desiderabatur.

1138 1919 1184 1947 52.
1204 1919 1342 1955 Sepelitur
1359 1930 1425 1957 ergo
1438 1922 1532 1957 gloriae
1544 1923 1655 1958 plenum
1677 1924 1808 1958 inclytum
1832 1933 1896 1952 car-

1103 1975 1156 2002 pus
1181 1973 1340 1996 sanctorum
1365 1969 1487 1997 virorum
1512 1971 1651 2001 manibus,
1675 1971 1720 2005 qui
1747 1971 1844 1998 lembis
1870 1977 1897 1998 et

1103 2014 1233 2042 lintribus
1261 2015 1344 2043 latum
1369 2024 1445 2043 mare
1472 2021 1572 2043 terram
1598 2017 1714 2044 solidam
1735 2017 1894 2048 eﬂ‘ecerant.

1103 2059 1169 2085 dum
1188 2060 1338 2087 transirent
1351 2061 1384 2088 ad
1401 2062 1598 2088 monasterium
1622 2062 1657 2089 ab
1679 2070 1712 2089 eo
1731 2062 1894 2090 :cdiﬂcatuut

1105 2107 1132 2133 in
1150 2106 1272 2141 Bosporo
1294 2107 1452 2142 Byzantino,
1479 2108 1508 2134 in
1535 2108 1693 2135 venerando
1717 2109 1819 2143 templo
1835 2117 1896 2136 0m<

1103 2151 1181 2178 nium
1200 2156 1362 2186 martyrum,
1376 2153 1424 2186 qui
1438 2161 1488 2187 pro
1503 2153 1615 2180 Christo
1637 2154 1799 2189 sanguinem
1818 2155 1894 2181 cﬂu—

1101 2196 1216 2228 derunt,
1232 2203 1293 2222 cum
1310 2197 1413 2223 mensis
1428 2196 1561 2224 Februar.
1578 2197 1635 2232 (66)
1649 2198 1776 2232 quintum
1789 2203 1896 2226 teneret

262 2254 319 2287 rus)
331 2259 403 2283 ,non
421 2251 546 2279 cessabat
560 2251 654 2278 dolore
668 2250 795 2277 cruciari.
814 2249 963 2276 Procidens
979 2249 1051 2275 enim
1069 2249 1091 2276 D
1105 2241 1177 2268 diem
1198 2249 1260 2268 0"!"
1276 2241 1422 2276 (ιυὶηιυριο
1435 2243 1627 2277 quaternione.
1644 2243 1713 2270 Eum
1728 2249 1818 2271 autent
1834 2245 1896 2271 lon-

260 2305 344 2333 supra
367 2301 462 2332 pectus
489 2296 599 2331 gloriosi
628 2296 768 2330 corporis,
789 2299 816 2321 et
841 2295 929 2329 ipsum
957 2299 1052 2328 tegens

257 2351 391 2379 purpura,
417 2343 560 2370 funebrem
588 2342 705 2369 laciebat
726 2341 961 2371 lamentationem,
988 2347 1050 2366 eum

259 2397 362 2417 vocans
379 2394 528 2424 pastorem,
544 2387 664 2419 Patrem,
690 2387 798 2422 imperii
816 2386 983 2420 adiutarent,
997 2385 1052 2414 Lu-

260 2436 387 2467 ciferum,
405 2436 451 2470 qui
469 2442 610 2469 nunquam
626 2433 737 2465 occidit,
759 2433 828 2467 reip.
843 2433 941 2459 ducem
957 2431 992 2458 ad
1008 2439 1050 2463 ea,

261 2488 322 2514 qua:
338 2484 402 2506 sunt
415 2479 537 2509 meliora.
553 2483 581 2506 et
594 2478 718 2505 divinum
726 2477 898 2512 magistrum,
914 2476 1053 2504 exercitus

254 2524 474 2561 inexpugnabile
489 2523 735 2559 propugnaculum,
757 2523 930 2549 inimicorum
953 2529 1002 2550 sua
1019 2521 1052 2548 ad

257 2573 348 2598 .Deum
365 2570 563 2598 intercessione
585 2575 727 2596 strenuum
753 2567 965 2603 proﬂigatorem.
983 2566 1052 2600 Quid

258 2616 380 2643 denique
399 2623 453 2642 non
468 2614 583 2645 faciens,
606 2614 671 2648 quid
692 2621 746 2640 non
764 2613 869 2645 dicens,
885 2612 959 2640 orbis
976 2618 1053 2639 terra:

261 2663 393 2690 damnum
410 2664 544 2696 reputans
561 2659 681 2694 pastoris
692 2659 850 2694 iacturam?
871 2658 937 2691 Qua:
961 2663 1053 2685 autem

258 2708 289 2734 in
308 2706 488 2741 potestatibus
504 2709 531 2731 ω
547 2704 697 2731 honoribus
714 2703 864 2730 maximum
880 2703 1052 2738 splendorem

293 2807 356 2843 (ως
378 2807 502 2843 Mortuus
514 2811 555 2833 est
569 2813 642 2843 anno
657 2805 719 2832 806.

299 2841 355 2877 (ti);
377 2843 453 2869 lrene
480 2841 599 2877 fortunis
628 2842 758 2868 ornnibus
788 2846 882 2871 exuta,
906 2841 1053 2877 imperium

266 2877 377 2911 adeptus
391 2881 430 2904 cs!
447 2884 520 2903 anno
536 2876 598 2909 802,
619 2877 648 2904 51
668 2878 775 2909 0ctub.,
793 2877 886 2903 indict.
901 2876 927 2904 *2.

1103 2294 1166 2321 gum
1190 2291 1297 2321 tempus
1319 2287 1410 2314 celare
1435 2295 1491 2314 non
1517 2288 1627 2322 poterit,
1653 2293 1695 2315 est
1723 2289 1797 2316 enim
1820 2291 1896 2317 omni

1104 2335 1228 2365 tempore
1249 2331 1392 2359 excelsior.
1407 2331 1509 2359 Natura
1524 2333 1598 2361 enim
1613 2333 1723 2361 virtutis
1742 2342 1797 2362 non
1812 2338 1896 2363 susti—

1103 2381 1151 2404 net
1161 2376 1328 2404 oblivionem
1348 2386 1353 2404 :
1369 2385 1424 2404 non
1438 2378 1500 2406 tabe
1515 2379 1588 2406 enim
1602 2379 1711 2407 invidiae
1724 2381 1896 2408 habebatur:

1104 2423 1145 2450 sui
1161 2423 1235 2449 enim
1253 2424 1415 2451 memoriam
1432 2424 1497 2452 facit
1512 2425 1693 2453 immortalem
1718 2428 1819 2455 nostris
1836 2429 1898 2455 ani-

1104 2469 1165 2502 mis,
1183 2474 1211 2496 et
1227 2477 1281 2497 non
1300 2470 1367 2497 sinit
1383 2471 1502 2506 dispergi
1519 2476 1546 2499 et
1563 2472 1617 2507 tegi
1633 2473 1753 2500 silentio.

1403 2527 1518 2556 CAPUT
1538 2528 1597 2556 XII.

1157 2571 1287 2598 Miracula
1302 2574 1337 2598 ad
1354 2573 1502 2607 sepulcrum
1519 2575 1606 2601 sancti
1620 2575 1722 2603 Tarasii
1740 2582 1860 2612 patrata.

1141 2616 1184 2643 55.
1208 2617 1328 2652 Tempus
1342 2622 1383 2645 est
1404 2623 1507 2651 autem,
1526 2620 1613 2652 vobis,
1634 2620 1679 2655 qui
1704 2622 1770 2649 estis
1788 2623 1900 2650 virtutis

1105 2662 1231 2694 studiosi,
1250 2663 1405 2697 exponendi
1426 2671 1469 2690 res
1485 2663 1594 2691 a’t‘atre
1611 2666 1741 2699 praeclare
1759 2672 1849 2702 gestas
1871 2677 1897 2695 ιη

1106 2709 1244 2743 sepulcro,
1270 2717 1339 2744 quas
1359 2717 1414 2737 non
1440 2712 1541 2746 poterit
1566 2712 1711 2746 prohibere
1735 2721 1899 2741 monumen-

1106 2808 1198 2871 C.(66)
1220 2809 1244 2835 Is
1265 2809 1322 2836 dies
1345 2816 1378 2836 eo
1394 2817 1466 2836 anno
1481 2810 1577 2837 incidit
1601 2811 1627 2836 in
1651 2809 1748 2837 feriam
1770 2816 1897 2845 quaxtam

1130 2851 1247 2870 merum.

1130 2851 1247 2870 lllCl‘lllll.
