2051 3154
213 181 275 214 HQ]

213 283 257 310 ille
273 284 483 309 monumentum
499 280 682 308 monuutenti.
707 281 782 308 Multi
801 281 873 308 enim
890 281 922 307 ad
939 288 1001 307 cum

213 328 358 358 accedunt.
375 332 403 354 et
416 327 569 354 liberantur
582 326 616 354 ab
630 326 676 358 iis,
691 334 752 361 qum
767 326 840 361 ipsos
855 325 1000 356 vexabant,

212 373 415 400 aﬂ‘ectionibus.
430 372 452 399 Ο
469 372 645 399 miraculum!
670 372 753 399 etiam
773 376 916 406 postquam
939 370 1003 398 hinc

215 419 342 451 excessit,
361 425 466 449 eorum,
483 417 528 452 qtti
549 417 593 444 hic
609 422 684 450 sunt,
711 424 803 444 curam
826 419 904 451 gerit,
926 417 1003 444 etab

215 463 259 495 iis,
277 463 324 498 qui
347 466 484 497 quzerunt,
512 461 661 493 invenitur,
689 465 716 488 et
741 461 785 492 iis,
815 462 861 496 qui
881 461 999 496 pulsant,

182 528 188 533 .
215 509 303 544 aperit
328 508 427 534 ostium
446 507 609 534 medicantis
630 515 687 534 sua:
711 507 887 534 visitationis.
904 507 927 534 A
941 506 1002 533 diu-

217 559 297 580 turno
314 553 385 579 enim
402 552 544 586 sanguinis
560 551 701 586 proﬂuvio
722 551 842 586 graviter
865 551 1003 585 quondam

213 598 321 634 agitatae
336 597 459 631 qua-dant
480 595 656 628 mulierculze,
678 600 706 622 et
722 602 837 630 magnos
853 595 1002 622 subeuntes

214 643 313 670 ﬂuctus
328 645 356 669 et
376 645 562 676 tempestates,
580 649 641 668 cum
656 641 683 667 in
699 641 901 668 medicamenta
914 641 1002 667 maxi-

215 696 285 715 mam
309 692 414 722 partem
440 695 550 714 suarum
571 687 732 714 facultatum
757 686 1002 720 consumpsissem,

214 740 244 761 et
269 741 323 760 non
351 733 507 768 potuissent
535 733 659 759 invenire
685 731 747 758 tnali
770 731 1000 766 tranquillitatem,

214 779 475 815 cvangelicamillam
482 779 614 813 proﬂuvio
623 779 938 813 sanguinislaborantem
946 776 1005 803 inti-

215 832 275 854 tata!
291 826 432 852 mulierem
447 825 577 860 (Marem,
586 824 631 859 25')
640 832 692 857 pra:
705 823 833 851 laudabili
846 823 1004 857 imprudens

215 873 250 900 tia
264 872 330 908 (non
352 872 453 899 licebat
465 871 538 897 enim
554 870 661 897 mulieri
674 874 785 904 tangere
796 867 1003 897 monasterium,

977 175 1075 212 VITA.‘

216 244 283 265 llllll.
308 236 366 263 Non
392 241 434 264 est
457 236 529 263 cnim
558 236 630 263 illius
647 241 856 265 monumentum
873 244 878 262 :
896 235 942 262 scd
961 239 1003 262 cst
1017 239 1039 265 Α

1779 178 1845 211 1422

1091 234 1134 262 55.
1147 234 1206 261 lam
1219 241 1283 262 vero
1295 233 1376 261 etiam
1388 233 1520 261 adversus
1533 233 1686 266 hmreticos,
1700 239 1842 268 postquam

1054 281 1120 307 hinc
1135 280 1309 313 excessisset,
1332 280 1454 307 divinum
1468 280 1556 307 zelum
1571 279 1700 307 ardenter
1712 281 1841 307 ostendit.

1055 327 1112 361 (67)
1133 326 1187 353 Leo
1211 326 1283 353 enim
1304 327 1394 354 adhuc
1417 326 1600 362 imperatorite
1623 326 1716 361 gloriae
1736 330 1842 361 sceptra

1053 373 1268 403 administrans.
1293 378 1320 400 ct
1346 373 1401 407 (68)
1440 373 1682 400 lconomachorum
1715 373 1841 399 haeresim

1054 418 1160 446 nefarie
1185 418 1370 453 amplectens,
1398 426 1459 445 cum
1486 419 1509 445 ei
1532 418 1764 453 appropinquaret
1779 418 1841 445 vitae

1054 464 1126 496 finis,
1143 472 1199 498 quo
1213 467 1272 490 erat
1287 464 1376 498 gladio
1394 464 1544 494 feriendus,
1567 468 1596 491 ut
1609 464 1667 498 ipse
1688 464 1778 490 adltttc
1796 471 1841 490 stt-

1054 514 1159 544 perstes
1189 517 1238 536 sua
1265 517 1332 536 voce
1362 509 1530 541 declaravit,
1559 508 1614 543 (69)
1642 509 1709 536 vidit
1731 509 1840 536 beatum

1054 555 1198 583 Tarasium
1214 556 1241 582 in
1255 555 1360 582 sonmis
1371 554 1403 582 ad
1417 562 1479 586 eum
1495 554 1638 586 accedere,
1651 559 1679 582 et
1690 562 1752 581 ctttn
1766 555 1840 589 gravi

1054 603 1094 629 ira
1105 602 1202 636 jubere
1214 601 1332 632 cuidam,
1347 600 1403 635 (το)
1419 600 1543 628 Michaeli
1566 601 1688 632 nomine,
1703 605 1732 627 ut
1747 608 1840 627 ensem

1055 649 1081 675 in
1098 655 1161 674 eum
1183 647 1314 682 adigeret.
1342 646 1388 673 llle
1405 654 1471 673 vero
1487 646 1573 680 jussui
1605 653 1708 672 ntorcm
1732 655 1840 681 gerens,

1055 693 1143 728 gladio
1172 692 1304 726 transegit
1331 691 1535 726 imperatorem.
1571 690 1639 718 Hinc
1670 696 1760 718 autent
1788 691 1842 718 Leo

1055 738 1158 765 multus
1173 738 1200 764 in
1219 737 1271 764 hoc
1290 736 1352 766 fttit,
1369 744 1432 763 eum
1447 737 1492 770 qui
1512 737 1538 763 itt
1558 737 1661 764 somnis
1676 737 1764 772 ipsunt
1778 745 1842 764 sau-

1055 783 1186 816 ciaverat,
1204 782 1364 809 Michaelcm
1401 781 1514 807 omnino
1542 789 1646 808 conans
1666 781 1789 808 invenire
1813 782 1840 808 in

1055 828 1142 855 sancti
1167 826 1344 854 monasterio.
1368 826 1549 858 Quamobrem
1573 834 1635 853 cum
1658 827 1789 860 quosdam
1808 835 1841 854 ex

1055 873 1100 904 iis,
1121 872 1168 907 qui
1183 873 1212 899 in
1238 872 1298 906 ipso
1326 875 1415 902 erant,
1441 871 1583 898 monachis
1607 871 1640 898 ad
1663 879 1691 898 se
1711 871 1842 905 iussisset

214 926 276 947 cum
288 918 315 945 id
332 917 450 952 inclytus
472 915 552 942 Palt‘r
572 915 635 942 Olim
658 912 1002 946 "Ollsmllisseliumllliebl'i
1022 912 1042 939 Β
1056 919 1165 950 adduci,
1186 918 1340 945 carceribus
1359 921 1386 944 ct
1403 917 1546 944 tormentis
1562 924 1610 944 eos
1633 916 1767 951 subjecit,
1790 925 1841 944 ηοω

214 970 275 992 astu
287 963 389 999 eptime
401 970 467 994 usae,
478 961 548 988 virili
560 966 636 988 veste
647 965 769 995 tegentes
781 959 911 994 pudorem
925 958 1002 985 femi-

213 1018 308 1042 neum,
333 1014 361 1037 et
390 1017 445 1043 prae
462 1015 492 1035 se
521 1008 641 1034 ferentes
664 1006 784 1040 speciem
799 1005 1001 1035 eunucltorum.

214 1055 283 1082 clam
311 1053 474 1089 confugiunt
503 1053 537 1079 ad
574 1051 674 1086 egregii
704 1051 785 1085 hujus
813 1049 1003 1084 gubernatoris

215 1107 336 1135 capsam,
359 1106 421 1133 qua:
443 1097 527 1125 nullis
542 1097 659 1132 agitatur
681 1096 811 1124 ﬂuctibus
827 1103 835 1122 :
851 1100 878 1123 et
892 1102 955 1122 cum
971 1102 1003 1122 ex

215 1145 351 1180 lampade,
366 1151 425 1178 qua:
439 1144 466 1170 in
481 1151 513 1170 ea
528 1143 612 1175 lucet,
627 1143 717 1170 oleum
737 1141 905 1171 hausissent,
926 1141 1003 1168 citis-

216 1190 284 1218 sime
305 1189 446 1224 appellunt
461 1189 487 1215 in
511 1192 621 1223 portum
644 1187 805 1215 curationis.
827 1187 898 1219 Quin
921 1187 1002 1213 etiam

215 1236 259 1263 vir
275 1235 396 1270 quidam,
421 1234 465 1261 cui
484 1234 553 1261 alter
576 1241 611 1260 ex
626 1234 714 1260 octtlis
737 1233 808 1260 lema
831 1232 1001 1263 cmcutiebat,

216 1290 279 1311 cum
299 1283 398 1310 fuisset
429 1289 514 1317 prope
534 1281 655 1308 divinam
681 1281 806 1311 thecam,
831 1283 858 1306 ct
877 1279 1002 1306 salutaris

215 1327 355 1358 unctionis
373 1327 474 1355 auxilio
491 1331 565 1354 esset
581 1333 658 1358 usus,
682 1326 780 1352 lentam
796 1332 851 1351 non
866 1324 903 1352 ita
917 1325 1002 1351 multo

216 1368 279 1409 post
292 1373 370 1405 eluit,
386 1378 414 1400 et
434 1380 449 1399 a
471 1372 528 1399 Deo
543 1372 630 1399 visum
647 1375 740 1405 aperte
755 1370 867 1405 recepit.
884 1369 1003 1397 Alterius

216 1426 326 1454 quoque
350 1425 459 1449 manus,
484 1424 543 1451 qua:
568 1416 711 1443 allatrabat
733 1415 851 1449 corpori,
873 1418 901 1441 et
923 1414 1003 1449 longo

218 1471 340 1500 tempore
354 1467 492 1492 manserat
504 1463 531 1489 itt
547 1463 658 1489 assiduo
677 1466 753 1488 motu
768 1461 927 1496 operatione
939 1461 1001 1487 ntali

218 1511 360 1543 daemonis,
378 1510 434 1537 sola
451 1509 621 1536 invocatione
641 1507 807 1535 sacrosancti
828 1507 959 1541 corporis,
976 1511 1003 1533 et

218 1557 349 1585 unctione
376 1555 429 1583 olei
457 1555 529 1582 illitts
554 1555 654 1587 thes-.c,
681 1561 740 1588 qua:
765 1553 829 1580 facit
855 1553 1001 1584 miracula,

219 1603 324 1631 etiamsi
339 1602 433 1637 procul
448 1601 708 1635 abcsset,.rcprcssa
727 1603 769 1627 est
791 1607 888 1626 mattus
911 1600 945 1626 ab
961 1599 1003 1625 illa

219 1648 305 1680 rabie,
321 1653 350 1674 et
370 1646 474 1674 reddita
495 1646 545 1672 fuit
562 1653 626 1672 sana
643 1645 712 1672 sicut
731 1645 827 1672 altera.

255 1694 301 1721 54.
317 1693 409 1720 Multis
424 1699 532 1726 quoque
547 1691 617 1723 aliis,
638 1690 683 1725 qui
703 1690 871 1717 vexabantur
890 1697 904 1716 ιι
927 1689 1004 1716 tnalis

219 1739 373 1775 spiritibus,
389 1739 516 1765 inventus
532 1737 584 1765 fuit
606 1741 682 1772 pater
703 1737 835 1764 medicus.
858 1735 891 1762 Et
905 1736 1004 1763 daemo-

219 1792 285 1813 num
305 1784 417 1819 quidem
440 1783 545 1818 expulit
560 1783 734 1817 operationes
749 1791 755 1808 :
773 1789 821 1808 eos
843 1786 944 1819 autem,
958 1780 1003 1815 qui

220 1818 354 1859 tormenta
381 1830 569 1862 sustinebant,
597 1829 722 1857 allevavit
737 1829 878 1856 voluntate
902 1818 930 1857 et
953 1835 1005 1862 ope

220 1875 433 1910 Omnipotentis.
450 1874 524 1906 Quin
534 1874 615 1901 etiam
630 1873 770 1907 quosdam.
786 1873 832 1907 qui
847 1873 882 1900 ab
893 1873 1004 1899 adversa

219 1926 354 1958 potestate
376 1921 494 1956 speclris
509 1920 618 1946 fuerant
634 1919 825 1957 obstupefacti,
842 1924 870 1946 et
882 1919 927 1953 qui
943 1925 1004 1945 sur-

221 1969 270 1996 dos
285 1973 312 1995 et
329 1971 419 1994 mutos
435 1974 482 1993 eos
497 1965 639 1996 reddebat,
661 1969 797 1999 torporem
820 1965 1005 1992 sustinuerant

220 2018 248 2041 et
259 2013 358 2041 deinde
371 2012 404 2040 ad
423 2011 505 2040 divini
527 2011 578 2039 viri
592 2011 746 2045 sepulcrum
770 2011 821 2038 fide
837 2013 1004 2042 manserant,

219 2067 268 2095 per
287 2059 379 2086 utilem
409 2061 437 2085 et
457 2057 603 2084 salutarem
626 2056 743 2083 lucentis
762 2055 813 2082 olei
828 2056 983 2082 unctionem
996 2074 1004 2087 ,

221 2107 292 2133 lleus
307 2105 437 2136 visitavit,
453 2109 481 2132 et
492 2104 613 2131 liberatis
628 2112 643 2131 a
658 2102 758 2138 spectri
772 2103 915 2138 vertigine,
931 2102 1006 2130 dedit

219 2156 248 2178 ttt
261 2151 355 2178 auditu
371 2157 467 2177 rursus
479 2154 506 2177 et
520 2150 612 2185 lingua
628 2157 695 2177 sane
707 2153 833 2184 agerent,
848 2155 907 2183 quae
925 2149 958 2175 ad
974 2156 1005 2175 ea

219 2195 368 2231 pertinent.
383 2194 456 2227 Quin
472 2195 555 2221 etiam
577 2202 638 2229 qua:
659 2193 693 2221 ab
709 2193 922 2220 inﬂammatione
943 2200 1004 2228 gra-

219 2243 288 2269 viter
301 2241 506 2272 cruciabantur,
532 2245 560 2267 et.
573 2239 761 2267 laborantibus
778 2239 886 2266 dolores
906 2238 1012 2265 aﬂ'ere-'

220 2288 285 2314 bant
305 2286 504 2318 intolerabiles,
521 2285 614 2313 divina
639 2285 811 2312 invocatione
831 2284 884 2311 olei
906 2284 1002 2316 thecae,

219 2331 291 2366 quod
319 2336 416 2366 purgat
445 2338 476 2357 ac
509 2329 638 2363 tnundat,
661 2335 786 2357 assecuta
814 2333 878 2356 sunt
903 2329 1004 2356 doloris

219 2376 421 2404 rclaxationem.

255 2490 310 2524 (67)
329 2488 480 2523 Nicephoro
492 2487 653 2524 imperatore
666 2495 738 2524 anno
753 2486 888 2524 8ll,Jttlii
906 2486 950 2518 25,
963 2487 1005 2513 ln-

219 2522 284 2552 dict.
300 2524 316 2550 4
327 2522 473 2553 exstincto.
488 2527 550 2558 post
567 2523 685 2558 regimen
700 2522 837 2549 Stauraeii
854 2529 1003 2558 paucorum

220 2559 366 2590 mensium,
382 2555 514 2586 successit
528 2555 642 2584 Michael
657 2555 883 2591 Cttropalates,'2
903 2555 1000 2583 Octob.

221 2599 370 2628 Imperator
381 2593 524 2623 salutatus,
544 2599 599 2627 quo
617 2592 760 2628 imperium
773 2592 944 2628 relinquente
960 2599 1005 2628 ea-

219 2625 331 2690 ptl-s'slivlit
347 2627 401 2655 Leo
416 2625 636 2655 Artnenus‘anno
652 2625 704 2653 815
717 2646 725 2660 ,
739 2625 796 2653 Ind.
811 2626 838 2659 6,
856 2626 905 2654 fer.
918 2625 946 2657 2,
961 2626 1005 2652 die

289 2673 303 2690 ΙΙ
317 2683 324 2689 .

219 2666 248 2690 11
271 2664 324 2690 Jul.

256 2699 311 2734 (68)
331 2698 431 2725 Sancto
458 2696 611 2734 Nicephoro
635 2695 791 2734 patriarcha
816 2696 913 2734 p_ulso._
930 2696 1003 2723 Con-

219 2730 491 2767 stantinopohtanum
515 2730 617 2759 creavit
636 2731 795 2767 ~antistitetn
822 2730 1004 2763 Theodotum,

219 2775 274 2802 quo
287 2765 353 2795 usus
369 2769 508 2795 hortatore
521 2767 547 2793 itt
559 2773 653 2794 sacras
664 2765 798 2801 imagines
813 2770 840 2793 et
855 2766 1005 2793 monachos

218 2804 350 2831 atrociter
364 2803 513 2830 bacchatus
528 2806 579 2829 est.

256 2838 311 2872 (69)
323 2837 461 2865 Cedrenus
476 2846 482 2863 :
499 2846 507 2862 I
519 2835 698 2866 Perlurbabat
709 2840 736 2864 et
751 2836 802 2863 alia
814 2835 884 2862 haud
900 2835 1006 2862 modice

220 2871 306 2906 visio,
322 2873 464 2900 Tarasium
479 2872 664 2908 patriarcham
691 2872 810 2900 nobiletn
837 2872 912 2898 illum
929 2871 1003 2905 jam-

1054 970 1180 991 eturnum
1198 963 1257 997 ejus
1275 962 1479 990 interfectorem
1490 970 1537 996 per
1551 969 1599 989 eos
1616 962 1667 988 sibi
1683 969 1743 989 esse
1768 963 1840 989 indi—

1053 1010 1169 1038 candum
1186 1009 1325 1036 fremens:
1343 1016 1422 1043 quem
1440 1009 1532 1039 etiam,
1554 1013 1584 1035 ut
1607 1015 1761 1035 eversorem
1788 1008 1838 1035 int-

1053 1055 1131 1090 pcrii,
1143 1062 1204 1082 esse
1213 1059 1334 1082 extrema
1349 1061 1504 1088 passurum.
1517 1053 1571 1081 lloc
1582 1054 1655 1081 enim
1667 1054 1692 1081 ei
1704 1055 1839 1088 persuasit

1052 1101 1095 1128 vel
1111 1100 1207 1132 invito,
1227 1100 1300 1135 quod
1321 1099 1423 1127 factum
1447 1103 1517 1130 erat,
1538 1107 1650 1127 narrare
1671 1100 1814 1127 monachis
1831 1109 1838 1126 π

1052 1154 1067 1173 a
1092 1146 1191 1180 quibus
1211 1153 1273 1173 cum
1300 1153 1350 1172 nos
1372 1153 1480 1179 qttoqtte
1509 1145 1690 1177 miraculum,
1711 1151 1839 1181 tanquam

1053 1196 1190 1218 maturum
1207 1191 1323 1218 fructum
1342 1191 1570 1225 decerpserimus,
1588 1192 1713 1219 veninttis
1733 1192 1768 1219 ad
1792 1201 1841 1219 vos

1054 1236 1163 1269 fideles,
1195 1236 1341 1263 afferentes
1378 1241 1511 1263 craterem
1540 1237 1649 1264 la-titian
1678 1237 1737 1264 Non
1766 1238 1839 1264 enim

1052 1276 1222 1316 praeterierat
1234 1287 1341 1317 tempus
1353 1290 1398 1309 sex
1411 1282 1528 1313 dierum,
1542 1289 1604 1308 cum
1620 1282 1736 1309 Michael
1753 1283 1840 1309 susci—

1052 1327 1092 1363 pit
1117 1331 1225 1362 sceptra
1245 1327 1370 1362 imperii,
1393 1333 1421 1354 ct
1445 1335 1506 1354 eum
1532 1327 1672 1354 interficit.
1702 1329 1741 1355 lta
1768 1327 1840 1355 Deus

1053 1374 1135 1401 etiatn
1151 1379 1214 1408 post
1231 1377 1347 1401 mortem
1365 1374 1498 1401 clarificat
1520 1382 1583 1402 suos
1601 1374 1717 1402 famulos
1731 1395 1738 1406 ,
1751 1379 1778 1402 et
1793 1383 1841 1403 eos

1053 1420 1134 1452 delet,
1153 1419 1199 1453 qui
1216 1419 1313 1446 nolunt
1328 1419 1415 1454 ipsum
1432 1419 1475 1454 pie
1493 1421 1592 1448 colere.

1088 1465 1132 1492 56.
1148 1463 1201 1492 Sed
1230 1472 1274 1491 me
1294 1469 1400 1500 tempus
1418 1465 1526 1492 deﬂciet
1544 1471 1699 1493 narrantem
1716 1467 1840 1502 praeclari

1053 1516 1080 1538 et
1094 1511 1177 1538 divini
1203 1510 1291 1538 Patris
1311 1519 1408 1546 magna
1427 1509 1568 1544 miracula,
1586 1520 1646 1546 qua-
1670 1517 1796 1548 tanquam
1812 1514 1840 1541 in

1055 1564 1131 1593 prato
1155 1566 1234 1590 rosm,
1261 1558 1361 1592 ubique
1388 1564 1548 1591 nascuntur,
1574 1563 1601 1586 et
1628 1559 1782 1593 hortantur,
1811 1566 1842 1588 ut

1058 1605 1176 1631 feramur
1198 1605 1231 1631 ad
1248 1605 1462 1639 uniuscujusque
1486 1605 1657 1633 electionem.
1672 1607 1729 1634 Nos
1750 1612 1841 1634 autem

1055 1659 1116 1676 cum
1141 1657 1194 1676 non
1222 1650 1369 1677 habeamus
1387 1650 1515 1685 linguam,
1525 1659 1592 1685 .qure
1609 1652 1694 1686 possit
1707 1653 1796 1680 metiri
1811 1660 1843 1680 ae

1054 1696 1166 1727 referre,
1185 1703 1354 1730 quaecunque
1378 1704 1393 1722 a
1409 1696 1492 1723 Beato
1517 1696 1587 1724 facta
1608 1703 1672 1724 sunt
1698 1698 1841 1731 miracula,

1055 1740 1186 1767 hactenus
1211 1745 1331 1774 coeptum
1350 1740 1482 1767 orationis
1509 1748 1619 1768 cursum
1656 1742 1842 1776 perficientes,

1054 1786 1190 1813 malumus
1212 1786 1245 1812 ad
1267 1785 1407 1813 silentium
1423 1787 1551 1817 transire,
1569 1791 1721 1814 statuentes
1737 1796 1751 1814 a
1767 1789 1843 1822 peri-

1055 1831 1115 1858 culo
1136 1835 1269 1858 remotam
1290 1831 1411 1865 requiem
1427 1831 1489 1866 plus
1509 1832 1577 1858 lucri
1598 1832 1704 1863 aﬂ‘erre,
1722 1840 1802 1867 quam
1819 1835 1841 1861 si

1054 1877 1195 1903 vincantur
1220 1883 1281 1902 cum
1307 1875 1439 1910 periculo.
1464 1876 1583 1910 Prompti
1609 1877 1680 1903 enim
1699 1882 1725 1904 et
1744 1878 1842 1905 alat-ris

1055 1920 1137 1947 animi
1155 1921 1344 1947 insatiabilitas
1364 1928 1436 1955 saepe
1457 1921 1638 1956 arrogantiam
1662 1923 1729 1949 solet
1743 1923 1843 1950 conci—

1057 1967 1132 1993 liare.
1148 1966 1187 1992 Tu
1206 1974 1269 1993 vero
1288 1966 1442 1993 veneranda
1459 1966 1530 1993 basis
1549 1967 1703 2000 sacerdotii,
1723 1976 1758 1994 ne
1775 1976 1842 1995 mea:

1057 2012 1217 2039 temeritatis
1235 2012 1418 2046 reprehendas
1433 2012 1576 2044 vomitum,
1590 2013 1635 2046 qui
1651 2014 1840 2046 audacissime,

1056 2058 1102 2085 sed
1118 2057 1176 2084 rudi
1191 2061 1218 2084 ct
1231 2057 1368 2084 incendito
1382 2065 1518 2089 sermone,
1531 2061 1583 2084 tam
1599 2066 1708 2093 magnas
1728 2061 1841 2087 referant

1056 2102 1226 2130 narrationes
1239 2111 1245 2130 :
1259 2102 1305 2129 sed
1326 2102 1460 2130 intensam
1475 2110 1562 2130 meam
1580 2103 1796 2132 benevolentiam
1811 2114 1843 2132 ac

1057 2148 1136 2175 [idem
1151 2152 1278 2183 tanquam
1300 2155 1411 2182 parvum
1435 2154 1535 2175 munus
1559 2149 1678 2176 oblatum
1704 2155 1842 2185 reputans,

1058 2195 1177 2221 concede
1191 2195 1281 2221 verbis
1299 2195 1397 2226 locum,
1416 2199 1446 2220 ut
1466 2195 1634 2229 accipiantur
1649 2199 1677 2222 e’t
1691 2197 1841 2230 quiescant.

1056 2239 1116 2265 Non
1136 2238 1208 2265 ettim
1221 2238 1365 2265 obliviscar
1380 2238 1504 2265 utilitatis
1528 2243 1581 2265 tua:
1599 2240 1626 2265 in
1642 2247 1685 2266 me
1700 2240 1842 2272 doctrinae,

1056 2291 1107 2310 nec
1133 2283 1264 2310 ferventis
1279 2284 1329 2310 mei
1355 2284 1382 2310 in
1410 2287 1435 2310 te
1456 2284 1598 2310 ministerii
1624 2285 1841 2312 mediocritatis:

1057 2337 1120 2356 cum
1139 2329 1212 2355 illius
1226 2329 1335 2363 quidem
1353 2329 1458 2355 deliciis
1474 2337 1518 2356 me
1541 2330 1704 2364 expleverim
1728 2331 1754 2357 in
1776 2332 1842 2359 ﬂore

1055 2374 1216 2409 iuventutis,
1231 2378 1257 2400 et
1272 2381 1286 2400 a
1305 2378 1330 2400 te
1346 2373 1441 2400 fuerint
1458 2374 1578 2402 initiatus
1599 2375 1625 2401 in
1646 2375 1687 2408 iis,
1704 2384 1763 2411 quae
1779 2383 1843 2405 sunt

1058 2486 1159 2512 dudum
1174 2489 1322 2515 mortutttu,
1338 2485 1495 2512 Michaelem
1512 2488 1657 2520 quemdam
1678 2488 1840 2516 nominatim

1059 2521 1210 2558 exhortari,
1221 2526 1250 2547 nt
1264 2520 1290 2546 itt
1305 2520 1425 2558 Eeonem
1440 2522 1569 2558 impetum
1585 2522 1696 2558 faceret,
1714 2524 1842 2558 letalique

1059 2555 1268 2582 ictustcrneret.
1286 2555 1434 2582 tZonaras.
1451 2565 1460 2580 ‹
1474 2555 1520 2583 Est
1532 2558 1643 2583 etdivus
1659 2555 1842 2590 Tarasius,'ex

1060 2591 1110 2616 hac
1133 2598 1286 2617 aerumnosa
1311 2591 1364 2622 vita
1382 2598 1466 2624 nuper
1490 2591 1647 2621 translatus,
1673 2593 1780 2619 cuidam
1815 2595 1842 2620 itt

1059 2625 1162 2651 somnis
1188 2627 1279 2654 visus.
1300 2626 1346 2658 qui
1368 2625 1524 2652 hlichaelcm
1546 2628 1690 2660 quemdam
1710 2628 1842 2654 inclama-

1059 2665 1109 2692 ret,
1119 2667 1236 2691 etttnque
1247 2660 1279 2686 ad
1294 2660 1474 2687 invadendum
1488 2665 1515 2687 et
1530 2662 1707 2688 occidendum
1724 2659 1841 2690 Leoneu't

1061 2695 1223 2721 horlaretur.
1248 2704 1257 2720 ι

1094 2730 1149 2761 (70)
1172 2729 1284 2756 Michael
1299 2729 1408 2764 Balbus,
1425 2738 1505 2764 quem
1521 2731 1592 2757 lassat
1605 2731 1753 2764 maiestatis
1765 2739 1842 2758 rcunt

1060 2763 1086 2800 in
1104 2771 1213 2800 carcere
1238 2764 1376 2800 detinebat
1397 2763 1453 2792 Leo
1473 2765 1619 2797 Armenius,
1646 2763 1733 2800 ipsum
1761 2773 1842 2794 nocle

1059 2798 1292 2860 ί1ἒῖἰῖιὶὲομξκιιιὶιιὶ
1317 2799 1388 2827 inter
1415 2808 1492 2828 sacra
1517 2801 1574 2835 ipsa
1599 2798 1744 2828 trucidavit
1771 2809 1843 2830 anno

1090 2841 1122 2860 ll‘.
1145 2841 1206 2860 δῗυ.
