2051 3154
160 163 236 196 142’)”

870 167 892 197 E
896 169 930 198 Pl
934 168 1001 199 STO
1005 169 1024 198 L
1029 169 1066 199 ΑΞ.

1719 165 1787 198 Ῑίῖζη

156 231 207 257 νην
234 222 429 258 χαριέστερον;
453 223 529 250 Ἐπεὶ
545 223 573 250 δὲ
584 224 735 260 ἀνέστησάν
747 234 820 257 τινες
834 226 942 261 ἄνδρες,

1003 236 1062 253 vero
1084 228 1293 255 insurrexerunt
1310 227 1419 262 quidam
1443 227 1493 255 viri
1508 247 1515 259 ,
1540 226 1656 254 fortnam
1676 227 1788 262 quidem

159 268 302 302 μόρφωσιν
331 268 381 303 μὲν
409 269 551 301 εὐσεϐείας
584 270 703 305 ἔχοντες,
728 271 768 297 ὅτι
796 272 946 306 ἱερωσύνης

158 313 269 348 ἁξ¹ωμα
284 314 505 350 περιεϐέϐληντο,
524 315 573 350 τὴν
588 315 617 342 δὲ
635 316 750 351 δύναμιν
765 317 850 351 αὐτῆς
867 318 947 352 ήρνη-

159 359 245 394 μένοι,
264 360 319 390 τῶν
335 360 512 388 Βαϐυλωνίων
531 361 628 396 ἱερέων
650 361 699 396 τὴν
714 363 883 397 κατηγορίαν
892 364 947 389 ἐπι-

159 405 348 439 σπασάμενοι·
365 405 412 436 οὒς
425 407 472 432 καὶ
487 407 504 441 ἡ
530 407 685 442 προφητεία
716 407 879 442 Θριαμϐεύει
903 408 946 435 λέ-

158 458 244 482 γουσα
262 459 269 464 ·
292 459 301 475 ι
325 450 453 485 Ἐξῆλθεν
467 451 572 486 ἀνομία
586 452 616 484 ἐξ
629 451 724 487 ἱερέων
743 453 913 484 Βαϐυλῶνος.
934 451 947 478 ι’

159 497 269 526 Μᾶλλον
281 497 309 523 δὲ
326 498 480 532 Καῐφαῖκδν
497 498 636 534 συνέδριον
652 500 863 534 συστησάμενοι.
885 509 946 533 γεν-

129 560 133 575 ί
159 543 271 577 νήτορες
287 543 414 577 γεγόνασι
439 543 578 570 δυσσεϐὦν
594 544 778 579 διδαγμάτων.
803 545 859 571 Καὶ
877 546 946 580 ἀρᾶς

127 591 130 594 ’
158 588 207 614 καὶ
221 589 337 623 πικρίας
351 589 459 623 ἔχοντες
482 589 578 624 στόμα,
609 590 639 616 τὸ
652 590 699 616 ἐπὶ
727 591 820 621 κακοῖς
842 590 945 625 ίσχύειν

157 633 237 665 δόξαν
252 633 420 667 ὲλογίσαντο.
437 634 493 661 Καὶ
502 634 647 670 δύσφημον
670 635 778 670 ἔχοντες
809 636 945 670 γλῶτταν,

158 678 205 703 καὶ
218 677 341 712 κάλαμον
358 678 548 713 ὑπουργοῦντα
582 679 679 715 ταύτῃ,
695 680 755 711 ταῖς
772 680 946 712 αὐτολέκτοις

158 723 205 750 τοῦ
226 723 294 750 Θεοῦ
310 725 413 757 φωναῖς
429 724 581 760 μαχόμενοι
595 725 842 761 ὲτερατολὸγησαν.
857 726 888 753 τὸ
903 726 947 761 βα-

160 769 259 796 σίλειον
275 770 426 805 ἱεράτευμα
452 771 500 796 καὶ
515 770 592 802 ἔθνος
608 770 696 805 ἅγιον,
712 771 777 803 τοὺς
795 772 946 807 ἐνδυσαμέ-

159 823 220 846 νους
237 815 367 849 Χριστὸν,
382 815 429 842 καὶ
441 816 474 850 τῇ
495 815 589 851 χάριτι
607 815 692 842 αὐτοῦ
710 816 899 847 ἀνασωθέντας
914 817 947 843 ὲκ

159 861 208 895 τῆς
224 859 277 886 τῶν
291 860 408 887 εἰδώλων
423 861 537 896 πλάνης,
549 861 745 896 εἰδωλολάτρας
760 861 947 888 ἀποκαλέσαν-

158 894 215 935 τες.
246 905 299 931 Καὶ
313 905 483 940 κακουργίας
497 894 606 940 ἔχοντες
620 894 745 940 γνώμην,
762 907 856 941 χεῖρας
883 906 946 932 ἀθέ-
963 894 983 920 Β

159 958 244 983 σμους
257 949 400 982 ἐπέϐαλον,
421 949 551 984 ἀφανίσαι
563 949 682 984 οἰόμενοι
695 950 743 985 τὴν
758 950 813 976 τῶν
840 949 946 976 σεπτῶν

159 995 272 1020 εἰκόνων
289 995 533 1030 ἀναζωτράφησιν.
550 995 604 1020 Καὶ
629 995 678 1021 ὅσα
698 994 747 1029 μὲν
774 995 806 1021 ὲκ
831 995 948 1030 ψηφῖδας

158 1039 234 1072 ὄντα,
253 1039 393 1075 ὲξώρυξαν
408 1048 414 1055 ·
431 1041 482 1066 ὃσα
509 1040 537 1066 δὲ
548 1041 580 1066 ἐκ
600 1040 755 1075 κηροχύτου
768 1048 948 1075 χρωματουρ-

160 1087 222 1119 γίας
239 1085 382 1118 λεάναντες
395 1086 449 1112 τῶν
469 1085 577 1112 σεπτών
596 1086 670 1112 ναῶν
685 1086 734 1121 τὴν
748 1086 896 1121 εὐκοσμίαν
907 1088 948 1118 εἰς

161 1131 299 1167 ἀκοσμίαν
330 1132 490 1167 μετέϐαλον.
506 1132 558 1159 Σὺν
572 1132 680 1164 τούτοις
691 1132 718 1158 δὲ
738 1132 830 1159 καὶτὰ
846 1132 875 1158 ὲν
901 1141 949 1158 σα-

162 1177 232 1203 νίσιν
246 1178 286 1209 είς
311 1179 423 1212 μνήμην
439 1178 503 1204 ὄντα
521 1178 640 1213 Χριστοῦ
658 1178 705 1204 τοῦ
721 1178 789 1204 Θεοῦ
807 1178 887 1213 ἡμῶν
903 1179 949 1204 καὶ

161 1222 216 1248 τῶν
232 1222 318 1255 ἁγίων
332 1222 416 1249 αὑτοῦ
433 1223 501 1258 πυρὶ
532 1222 696 1257 παρέδωκαν
714 1229 721 1237 ·
752 1222 798 1248 καὶ
820 1223 858 1253 ὡς
884 1222 950 1254 ἔπος

163 1267 261 1299 εἰπεῖν,
289 1267 340 1299 τὰς
368 1267 429 1294 καθ’
457 1269 533 1303 ἡμᾶς
565 1268 716 1304 ἐκκλησίας
763 1267 950 1302 λυμηνάμενοι

162 1313 339 1348 διετάραξαν.
358 1314 413 1340 Καὶ
425 1314 600 1348 αἱρεσιάρχαι
613 1314 638 1340 οι
662 1313 787 1348 ἱερὰρχαι
802 1313 949 1346 γεγόνασι·

163 1359 211 1384 καὶ
227 1359 287 1385 ἀντὶ
306 1359 355 1393 μὲν
373 1359 485 1394 εἰρήνης
508 1359 567 1394 ἔριν
581 1359 620 1394 τῷ
635 1359 690 1394 λαῷ
721 1359 950 1394 προσεφώνησαν,

164 1405 226 1430 ἀντὶ
245 1404 274 1430 δὲ
291 1404 365 1430 σίτου
381 1403 490 1436 ζιζάνια
508 1405 566 1435 ταῖς
597 1403 838 1437 ἐκκλησιαστικαῖς
871 1403 953 1438 ἀρού-

166 1457 227 1484 ραις
246 1449 409 1484 ὲνέσπειραν
423 1457 430 1464 ⁸
453 1449 499 1476 τὸν
513 1447 584 1475 οἶνον
599 1448 694 1483 ἔμιξαν
722 1447 809 1478 ὕδατι.
834 1449 880 1475 καὶ
907 1449 952 1476 τὸν

165 1494 284 1529 πλησίον
305 1493 434 1520 ἑπότισαν
456 1493 615 1529 ἀνατροπὴν
639 1493 753 1528 θολεράν
769 1501 775 1508 ·
797 1493 845 1520 καὶ
874 1493 952 1521 λύκοι

171 1540 313 1576 Ἀραϐιιιοὶ⁸
325 1540 411 1572 ὅντες,
424 1539 504 1574 δορὰν
520 1539 668 1574 προϐάτων
695 1539 883 1574 ὑπεκρίθησαν
910 1540 953 1565 ὲν-

164 1586 299 1612 δύσασθαι
315 1594 321 1601 ·
342 1586 389 1612 καὶ
402 1586 452 1620 τὴν
479 1585 609 1620 ἀλήθειαν
640 1585 900 1621 παραλογιζόμενοι.
924 1586 953 1612 τὸ

165 1631 264 1666 ψεῦδος
278 1632 480 1658 ἐπεσπάσαντο.
512 1631 582 1657 Ἀλλ’
604 1630 646 1657 dicit
673 1631 795 1658 ἀσπίδων
821 1630 952 1667 ἔρῤηξαν,

166 1678 213 1704 καὶ
229 1677 302 1703 ἱστὸν
319 1677 441 1712 ἀράχνης
452 1676 523 1703 κατά
539 1677 583 1702 τὸν
603 1677 748 1712 προφήτην
763 1676 869 1710 ὓφαναν
885 1685 891 1692 ·
905 1677 953 1703 καὶ

165 1724 179 1749 δ
205 1722 310 1757 μέλλων
325 1722 380 1749 τῶν
399 1722 460 1749 ὼῶν
475 1722 564 1748 αὐτῶν
591 1723 700 1756 φαγεῖν,
729 1722 878 1757 συντρίψας
906 1721 953 1751 οὗ·

167 1777 225 1802 ριον
239 1768 326 1803 εὖροι,
341 1768 388 1795 καὶ
404 1769 432 1794 ὲν
447 1767 522 1802 αὐτῷ
542 1767 700 1802 βασιλίσκον
736 1767 776 1794 ἰοῦ
792 1769 839 1795 καὶ
866 1768 951 1802 πνοῆς

166 1815 356 1850 θανατηφόρου
373 1814 503 1849 γέμοντα.

204 1955 261 1982 Καὶ
273 1956 334 1982 ἐπεὶ
349 1954 436 1982 ταῦτα
452 1954 526 1982 οὕτω
541 1954 671 1986 διέθεντο,
689 1954 735 1981 καὶ
751 1954 800 1988 τὴν
827 1953 956 1988 ἀλήθειαν

167 2002 198 2028 τὸ
210 2001 306 2036 ψεῦδος
320 2001 511 2032 κατεϐὀσκετο,
525 2001 555 2027 οὗ
573 2001 793 2035 συνεχωρήσατε,
809 1999 956 2035 ἡμερώται

167 2048 208 2072 τοί
237 2055 267 2072 τε
284 2047 331 2072 καὶ
349 2045 534 2080 ἀνδρειότατοι
547 2044 626 2080 ἡμῶν
642 2044 772 2078 βασιλεῖς,
785 2044 814 2069 ἐν
826 2044 882 2074 τοῖς
894 2043 957 2078 ὑμε-

168 2093 260 2127 τέροις
274 2093 382 2126 χρόνοις
394 2092 444 2126 τὴν
459 2090 530 2118 οὕτω
556 2089 677 2125 λοιμώδη
705 2089 752 2116 καὶ
782 2088 956 2124 ψυχοφοόρον

170 2139 274 2173 πλάνην
297 2138 485 2172 ὲνδιαμὲνειν·
516 2137 583 2162 ἀλλὰ
613 2135 716 2170 ταύτην
744 2136 776 2169 τῇ
811 2135 883 2169 αἴθρᾳ
909 2133 956 2160 τοῦ

169 2186 241 2213 θείου
260 2184 418 2220 Πνεῦματος
441 2183 489 2210 τοῦ
520 2184 549 2210 ὲν
575 2183 639 2218 ὑμῖν
664 2182 802 2213 οἰκοῦντος
828 2181 976 2216 ἀφανίσαι·

170 2230 394 2266 προεθυμήθητε,
412 2230 486 2261 ὅπως
499 2228 629 2260 εὐσταθὲς
643 2227 759 2263 διαμένῃ
774 2227 824 2262 τῆς
849 2226 959 2261 Ἐκκλη-

171 2278 233 2308 σίας
252 2276 282 2302 τὺ
293 2276 434 2310 σύστημα,
447 2275 494 2301 καὶ
509 2273 556 2300 τοῦ
575 2273 676 2304 παντὸς
692 2273 815 2308 ὑπηκόου
829 2273 861 2298 τὸ
890 2271 957 2305 σύγ-

171 2330 270 2356 κριμα,
287 2320 335 2348 καὶ
349 2320 379 2347 τὸ
393 2319 528 2355 βασίλειον
544 2319 621 2354 ὑμῶν
633 2319 704 2346 κατὰ
733 2319 783 2354 τὴν
820 2317 959 2354 ὑμετέραν

170 2367 329 2402 ἐπωνυμίαν
346 2365 490 2401 εἰρηνικῶς
502 2364 677 2399 διευθύνηται
716 2364 762 2391 καὶ
780 2364 831 2390 οὐκ
848 2364 960 2390 ἀνεκτὸν

170 2414 187 2449 ἢ
205 2413 324 2450 φορητὸν
342 2411 512 2447 ἡγήσασθαι,
525 2411 561 2438 τὰ
578 2410 628 2446 μὲν
640 2410 707 2438 ἄλλα
735 2411 858 2445 ὁμονοεῖν
886 2409 961 2444 ἡμᾶς

171 2460 220 2486 καὶ
235 2457 466 2494 συμϐιϐάζεσθαι,
481 2457 547 2492 περὶ
565 2457 594 2483 δὲ
610 2456 641 2483 τδ
653 2456 705 2491 τῆς
725 2454 800 2490 ζωῆς
819 2456 898 2490 ἡμῶν
915 2464 961 2482 κε-

172 2506 297 2539 φάλαιον,
312 2505 372 2539 ἦτοι
387 2504 436 2539 τὴν
446 2503 560 2539 εἰρήνην
576 2502 631 2530 τῶν
657 2501 822 2537 ἐκκλησιῶν,
854 2501 960 2528 ἑαυτῶν

171 2549 399 2585 ἀπορῥήγνυσθαι
418 2548 466 2575 καὶ
483 2547 682 2583 ἀποσχίζεσθαι
693 2555 700 2562 ·
718 2547 766 2574 καλ⁷
781 2546 868 2573 ταῦτα
893 2547 960 2581 Χρι-

173 2596 236 2623 στοῦ
250 2595 398 2630 κεφάλαιον
411 2594 500 2627 δντος,
525 2594 604 2629 ἡμῶν
622 2593 650 2620 δὲ
677 2593 794 2628 καθεξῆς
813 2593 880 2628 μέλη
913 2592 961 2619 καὶ

171 2642 201 2668 ἓν
215 2642 296 2677 σῶμα
313 2641 357 2667 διὰ
372 2640 422 2675 τῆς
437 2640 506 2675 πρὸς
520 2639 653 2675 ἀλλήλους
679 2639 821 2674 ὀμοδοξίας
848 2639 894 2665 καὶ
917 2639 961 2664 πί-

173 2696 270 2718 στεως.
287 2687 332 2713 Διὸ
347 2686 396 2721 τὴν
412 2686 487 2721 ἱερὰν
502 2685 583 2720 ἡμῶν
597 2685 644 2710 καὶ
671 2684 885 2719 πολυάνθρωπον
898 2692 960 2709 συν-

173 2733 352 2769 αθροισθῆναι
363 2731 526 2758 ἐκελεύσατε
540 2731 676 2765 ὁμήγυριν
690 2731 719 2756 έν
743 2730 831 2766 ταύτῃ
856 2731 888 2765 τῇ
911 2731 961 2756 Νι·

173 2781 264 2806 καέων
279 2777 455 2814 μητροπόλει,
470 2777 513 2803 ἵνα
524 2777 574 2810 τὴν
597 2776 652 2802 τῶν
673 2776 826 2810 ἐκκλησιῶν
852 2776 961 2802 διάστα-

211 2871 219 2885 ¹
238 2870 303 2896 llan.
327 2878 372 2898 xtn
387 2893 393 2903 ,
414 2871 437 2897 ὅ,
477 2870 486 2885 ³
502 2870 551 2896 Isa.
571 2878 631 2901 tu,
652 2870 699 2896 5κό

999 273 1106 306 pietatis
1119 272 1261 305 habentes,
1278 273 1408 307 quoniam
1425 272 1572 300 sacerdotii
1588 272 1721 307 dignitate
1735 272 1789 298 eir-

999 318 1155 345 cnmatnicti
1172 323 1253 351 sunt;
1282 318 1412 345 virtutetn
1432 322 1522 345 autem
1538 318 1597 352 ejus
1610 318 1787 351 ahnegantcs.

997 369 1024 390 et
1047 363 1275 398 Babylonensium
1302 364 1473 391 sacerdotum
1496 363 1660 391 calumniam
1682 362 1687 397 |
1709 370 1788 389 areu-

999 407 1152 443 sationem]
1173 408 1355 442 arripientes;
1378 416 1448 443 quos
1469 413 1496 436 ct
1512 408 1652 443 prophetia
1669 407 1789 442 publicat

997 453 1118 481 dicens:
1147 462 1156 479 ι
1181 453 1297 488 Egressa
1322 458 1364 481 est
1395 454 1523 488 iniquitas
1555 463 1570 481 a
1599 453 1788 481 sacerdotibus

999 499 1145 534 Babylonis
1157 500 1177 526 ‘.
1194 509 1203 524 ι
1224 499 1283 526 lmo
1296 506 1361 526 vero
1375 499 1554 534 Caiphaieum
1571 500 1717 527 concilium
1731 505 1787 526 sta-

999 549 1116 577 tuentes,
1133 545 1270 578 genitores
1289 544 1351 571 facti
1364 549 1427 571 sunt
1441 545 1600 579 dogmatum
1617 545 1763 578 impiorutn
1779 554 1786 568 :

997 596 1023 616 et
1040 589 1288 617 nsrmalcdictionis
1305 594 1332 617 et
1347 589 1538 616 amaritudinis
1553 590 1683 616 habentes
1694 609 1701 621 ,
1719 597 1788 624 prab-

997 635 1088 661 valere
1105 634 1131 660 in
1147 634 1227 661 malis
1239 634 1353 669 gloriam
1364 634 1488 661 arbitrati
1505 639 1580 662 sunt.
1602 634 1789 668 Infamemque

997 680 1117 714 linguam
1137 684 1164 706 et
1182 680 1317 706 calamum
1336 680 1538 707 ministrantem
1561 679 1626 706 huic
1647 679 1790 713 possiden-

999 730 1047 756 tes,
1065 730 1092 752 et
1106 732 1187 752 voces
1201 733 1262 759 qua:
1276 725 1310 751 al)
1326 725 1385 759 ipso
1400 725 1454 752 Deo
1472 725 1587 759 prolata
1603 729 1683 755 sunt,
1702 724 1790 758 itnpu.

996 774 1124 803 gnantes,
1145 775 1227 804 atque
1255 775 1411 804 portentose
1430 771 1528 804 .rcgale
1551 770 1752 800 sacerdotium,
1764 774 1791 796 et

997 820 1104 849 gentem
1120 819 1243 841 sanctam
1256 834 1263 846 ,
1286 820 1312 841 cl
1335 822 1383 842 eos
1402 815 1448 849 qui
1470 815 1611 842 Christum
1628 815 1788 846 induerunt,

997 865 1024 887 et
1037 860 1122 895 gratia
1134 861 1192 895 ejus
1204 860 1237 887 ab
1247 861 1379 887 idolorum
1388 867 1481 887 errore
1489 860 1584 887 salvati
1594 865 1668 891 sunt,
1677 860 1790 887 idolola-

998 910 1053 932 lt‘as
1064 910 1201 933 vocantes.
1214 905 1365 940 Etnequztm
1376 905 1678 940 operationishabentes
1686 909 1789 937 votum,

999 959 1098 978 manus
1115 952 1148 978 ad
1166 951 1259 978 illicita
1282 951 1465 983 immiserunt,
1480 951 1606 979 demoliri
1621 950 1723 986 opinati
1742 958 1790 977 ve-
1808 966 1812 972 -

998 996 1160 1024 nerabilium
1188 997 1322 1031 picturam
1351 997 1510 1030 imaginum.
1532 996 1564 1023 Et
1586 996 1695 1031 quidem
1718 1003 1791 1030 qua:-

999 1049 1107 1076 cunque
1124 1043 1158 1068 de
1171 1042 1286 1069 tessellis
1299 1041 1410 1069 fuerunt
1428 1042 1498 1069 facta
1509 1062 1516 1074 ,
1532 1041 1684 1068 ell‘oderuut
1698 1050 1704 1067 :
1725 1049 1786 1074 qure

999 1095 1064 1115 vero
1083 1095 1116 1115 ex
1130 1095 1193 1115 cera
1213 1087 1289 1115 luere
1312 1087 1423 1122 perfuso
1436 1087 1557 1115 colorum
1571 1095 1668 1122 opere,
1683 1087 1790 1114 deleve-

1001 1139 1080 1166 runt,
1097 1134 1349 1168 venerahiliumque
1372 1134 1520 1168 imaginum
1536 1132 1597 1169 [Gn
1615 1133 1789 1168 templorum]

1000 1179 1083 1206 decus
1099 1179 1126 1205 in
1143 1179 1260 1206 dedecus
1282 1179 1492 1206 transtulerunt.
1514 1178 1582 1206 Cum
1599 1179 1641 1205 his
1656 1183 1746 1205 autem
1765 1183 1792 1204 et

1000 1233 1031 1252 ea
1050 1232 1109 1260 quae
1128 1224 1155 1251 in
1174 1224 1272 1252 tabulis
1290 1225 1316 1251 itt
1335 1224 1493 1251 memoriam
1510 1223 1613 1251 Christi
1634 1223 1791 1250 Deinostri

1001 1273 1031 1297 et
1044 1274 1201 1296 sanctorum
1215 1268 1274 1301 ejus
1292 1268 1456 1295 exstiterunt
1467 1288 1475 1301 ,
1490 1267 1544 1301 igni
1562 1267 1742 1294 tradiderunt.
1760 1266 1793 1293 Et

1003 1319 1032 1341 ttt
1048 1314 1168 1348 apertius
1183 1314 1323 1345 dicamus,
1350 1313 1480 1341 ecclesias
1502 1317 1608 1340 nostras
1623 1313 1790 1348 depopulati,

1002 1358 1233 1386 conturbaverunt
1248 1367 1254 1384 :
1276 1362 1303 1385 et
1318 1358 1380 1384 [ηειί
1401 1362 1465 1384 sunt
1479 1358 1618 1385 haereseon
1633 1357 1772 1392 principes
1783 1377 1791 1387 .

1003 1404 1049 1438 qui
1064 1408 1142 1431 erant
1165 1404 1303 1438 principes
1320 1403 1516 1435 sacerdotum;
1541 1407 1568 1430 et
1585 1410 1634 1438 pro
1649 1410 1716 1437 pace
1731 1402 1792 1436 qui.-

1003 1451 1064 1478 dem
1084 1450 1288 1477 contentionem
1314 1449 1415 1485 populo
1435 1448 1658 1476 acclamavcrunt
1678 1457 1685 1475 :
1710 1455 1792 1481 porro

1004 1503 1053 1531 pro
1072 1497 1208 1524 frumento
1226 1496 1332 1523 zizania
1354 1496 1382 1522 in
1409 1494 1605 1522 ecclesiasticis
1620 1494 1692 1522 arvis
1708 1494 1793 1521 senti.-

966 1555 989 1584 Ο
1005 1544 1157 1573 noverunt;
1175 1540 1267 1566 vinum
1284 1540 1457 1566 tniscucruttt
1479 1546 1574 1573 aquae,
1593 1541 1620 1565 et
1636 1538 1792 1572 proximum

1005 1591 1166 1621 putaverunt
1185 1586 1365 1614 subversione
1385 1585 1564 1613 turbulenta:
1589 1588 1616 1612 et
1645 1592 1707 1611 ettm
1737 1584 1792 1618 lupi

1004 1632 1113 1659 Arahici
1137 1636 1246 1664 essent,
1270 1631 1337 1666 pelle
1351 1631 1443 1659 ovium
1467 1639 1496 1658 se
1519 1630 1718 1658 simulaverunt
1734 1638 1795 1657 esse

1005 1678 1115 1704 indutos
1142 1685 1149 1704 :
1180 1683 1207 1704 ct
1236 1677 1352 1705 veritate
1380 1677 1542 1711 parvipensa
1571 1674 1794 1712 [del’raudata].

1004 1723 1177 1750 mendacium
1196 1722 1392 1756 arripuernnt‘
1408 1730 1414 1748 :
1441 1722 1487 1749 sed
1506 1729 1556 1748 ova
1573 1721 1698 1755 aspidum
1715 1728 1795 1755 rupe.-

1001 1773 1076 1799 t'unt.
1093 1772 1120 1795 ct
1133 1768 1213 1795 telam
1229 1775 1336 1795 araneae
1351 1767 1501 1794 secundum
1521 1768 1682 1802 prophetam
1701 1771 1795 1795 texue-

999 1818 1072 1846 runt,
1100 1817 1127 1841 et
1153 1814 1199 1847 qui
1225 1818 1398 1841 comesturus
1419 1817 1471 1844 est,
1495 1819 1576 1840 ovum
1616 1819 1710 1839 eorum
1730 1819 1796 1838 Cott-

1004 1866 1105 1893 terens,
1131 1860 1291 1888 calefactum
1316 1859 1479 1896 [putridnm]
1508 1859 1638 1891 iureniet,
1665 1863 1692 1886 et
1718 1858 1744 1884 in
1764 1866 1796 1884 ei

996 1909 1122 1943 regulum
1145 1915 1205 1936 esse
1222 1915 1326 1935 veneno
1344 1913 1371 1934 et
1393 1907 1491 1943 spiritu
1515 1906 1657 1934 mortifero
1672 1906 1795 1941 plenum.

1042 1953 1074 1980 Et
1090 1953 1154 1987 qttia
1171 1953 1229 1980 haec
1247 1953 1283 1979 ita
1300 1952 1505 1986 disposuerunt.
1520 1957 1547 1979 et
1561 1953 1702 1979 veritatem
1719 1960 1796 1978 men-

1005 1999 1113 2026 daciutn
1131 1999 1241 2033 depat’it
1252 2018 1258 2030 .
1281 2006 1334 2026 non
1351 1998 1514 2030 iudulsislis,
1527 1998 1740 2025 mansuetissimi
1756 2003 1796 2024 al:

1005 2050 1059 2076 que
1097 2041 1238 2070 fortissimi
1269 2042 1450 2076 imperatores
1484 2042 1595 2074 nostri,
1627 2042 1797 2075 temporibus

1006 2089 1105 2115 vestris
1125 2095 1286 2123 permanere
1304 2094 1358 2115 tam
1379 2088 1549 2122 pestilentem
1568 2093 1595 2115 ct
1613 2088 1720 2117 animas
1736 2095 1798 2115 enr—

1009 2140 1179 2168 rumpentem
1196 2142 1338 2167 errorem;
1363 2134 1409 2162 sed
1432 2135 1506 2161 ltunc
1521 2142 1587 2162 aura
1603 2134 1689 2161 divini
1712 2133 1799 2168 Spiri-

1009 2185 1052 2207 tus
1068 2179 1114 2214 qui
1130 2180 1157 2206 in
1175 2180 1253 2207 vobis
1272 2181 1386 2212 habitat,
1403 2180 1588 2208 exterminare
1605 2180 1776 2214 procurastis
1791 2189 1798 2206 :

1010 2230 1145 2260 quatenus
1173 2226 1279 2253 stabilis
1306 2230 1467 2260 permaneat
1496 2225 1623 2254 Ecclesiae
1654 2231 1742 2253 coetus
1774 2229 1801 2252 et

1011 2276 1174 2298 cunctorum
1199 2271 1372 2298 subditorum
1389 2271 1499 2298 collatio
1519 2271 1699 2307 [collectio],
1718 2276 1801 2305 atque

1011 2316 1156 2351 imperium
1179 2321 1300 2344 vestrum
1327 2317 1478 2344 secundum
1502 2324 1653 2351 cognomen
1677 2321 1798 2345 vestrum

1012 2362 1126 2397 paciﬁce
1156 2362 1302 2396 dirigatur.
1336 2360 1391 2388 Nec
1419 2361 1568 2389 tolerabile,
1592 2361 1633 2387 vcl
1665 2361 1800 2396 portabile

1011 2407 1139 2439 duxistis,
1154 2416 1209 2442 qtto
1223 2408 1313 2435 minus
1328 2415 1413 2434 unum
1437 2406 1504 2442 [Gn
1521 2412 1549 2434 ut
1569 2407 1601 2435 in
1613 2406 1674 2434 aliis
1686 2407 1799 2442 quidem

1012 2461 1098 2481 uuutn
1110 2472 1117 2485 ,
1135 2452 1211 2488 etc.]
1232 2453 1416 2484 sentiremus,
1440 2456 1467 2479 ct
1487 2452 1515 2479 in
1531 2451 1648 2486 idipsnm
1668 2452 1800 2479 conveni-

1015 2507 1123 2531 remus,
1138 2504 1165 2526 ct
1179 2507 1244 2534 erga
1260 2499 1323 2526 vitro
1339 2503 1441 2526 nostra:
1455 2498 1626 2533 capitulum,
1644 2499 1669 2525 id
1687 2503 1729 2526 cst
1750 2506 1799 2534 pa-

1013 2552 1073 2572 cem
1092 2543 1275 2571 Ecclesiarum
1289 2563 1295 2575 ,
1317 2551 1398 2571 nemo
1414 2551 1446 2570 ex
1468 2543 1569 2570 nostris
1585 2551 1614 2570 se
1635 2543 1801 2571 discluderet

1013 2594 1040 2617 et
1053 2589 1224 2617 abscinderct
1236 2588 1302 2625 [Gn
1317 2588 1388 2616 Eccl.
1401 2593 1493 2616 essent
1505 2589 1575 2615 inter
1587 2596 1637 2615 nos
1649 2589 1780 2625 dissidia]
1794 2597 1802 2622 ;

1015 2643 1077 2662 cum
1093 2634 1219 2662 Christus
1232 2635 1268 2662 sit
1282 2639 1364 2669 caput
1377 2639 1513 2666 nostrum,
1530 2642 1579 2661 nos
1595 2639 1686 2661 autem
1703 2642 1802 2662 conse-

1016 2687 1131 2715 quenter
1152 2682 1275 2708 membra
1295 2685 1321 2707 ct
1344 2688 1429 2707 unum
1452 2688 1552 2715 corpus
1575 2687 1622 2715 per
1650 2685 1751 2707 mutua:
1772 2688 1804 2707 ac

1017 2730 1099 2757 unius
1114 2730 1253 2765 opinionis
1271 2730 1361 2756 (idem.
1388 2729 1501 2764 Propter
1523 2729 1595 2763 qttnd
1619 2737 1724 2756 sacram
1752 2737 1803 2755 no-

1016 2781 1100 2804 stram
1124 2781 1151 2804 et
1174 2777 1332 2811 populosam
1349 2775 1508 2811 congregari
1525 2775 1647 2810 jttssistis
1667 2779 1804 2802 catervam
