2051 3154
302 180 370 211 1443

855 177 885 205 S.
902 175 1056 205 TARASU
1077 175 1329 205 PATRIARCHE
1346 175 1399 206 CP.

1866 178 1930 210 illi

300 239 440 265 b.mouen.
469 235 574 270 Magum
611 235 770 269 deponente.
806 233 893 268 Ilujus
932 233 971 259 rei
1011 233 1083 267 grati.

1148 233 1259 263 τούτους
1277 233 1446 264 καθελόντος.
1461 233 1562 260 Τούτου
1577 233 1672 261 ἕνεκεν
1693 234 1741 270 οὐχ
1768 234 1929 262 ὑποστελλο-

301 292 356 310 nou
369 282 595 316 subat-fugimus,
610 288 665 316 quo
684 281 776 307 minus
802 279 1000 306 annuntiemus
1019 278 1092 304 veri-

302 334 394 361 tatem,
416 329 601 355 custodientes
615 332 641 354 et
668 330 792 354 tenentes
819 332 907 360 qutea
930 324 1035 351 sanctis
1063 327 1090 350 et

301 374 500 401 latnlatissintis
515 372 659 406 apostolis,
677 376 703 399 et
723 369 948 398 tnemorabilibus
962 369 1090 395 Patribus

301 420 404 446 nostris
424 419 557 446 canonice
572 423 636 445 sunt
655 417 779 451 prolata:
796 421 823 442 et
838 415 888 442 hos
900 415 946 449 qui
963 414 1026 448 qttid
1042 414 1090 441 ho-

300 472 362 490 rutn
377 462 603 496 contempserint,
628 461 830 488 abominamur.
855 460 941 494 igitur
969 459 1088 486 fraterna

299 514 325 536 et
343 517 451 535 summo
465 508 619 535 sacerdotio
629 507 759 534 decorata
771 506 903 533 sanctitas
915 510 1016 536 vestra,
1028 505 1089 539 jurc

301 562 332 581 ac
348 554 495 581 secundum
509 553 554 580 ltei
569 553 737 579 voluntatem
759 551 941 586 pontiﬁcalem
955 551 1087 578 ordinans

300 600 427 633 pietatem
443 598 501 634 [Gn
518 605 626 624 sacrum
643 597 845 624 hierarchicum
872 596 1027 630 gubernans
1041 604 1087 622 or-

299 643 412 679 dinem],
429 644 645 678 opiuatissitnam
661 643 743 670 habet
766 642 894 677 gloriam.
925 641 996 668 Dixit
1015 642 1087 669 enim

299 697 345 722 per
357 689 515 724 propltt‘lam
531 690 637 723 primus
649 693 676 716 et
691 696 805 722 magnus
817 695 942 715 summus
957 688 1087 714 sacerdos

298 735 425 762 Christus
442 734 512 761 Deus
525 740 637 761 noster:
657 744 666 760 (
684 734 751 761 Vivo
768 733 887 768 egu.sed
904 733 1088 767 gloriﬁcantes

299 789 342 807 me
369 780 526 814 gloriﬁcabo
539 781 561 796 ’⁸
576 800 582 806 .
595 789 604 805 ι
638 779 713 807 Nosti
725 781 811 809 enim.
831 780 871 806 vir
885 779 1085 806 desideriorum

300 826 428 861 Spiritus,
445 827 508 860 quia
532 826 699 853 tolerabilior
716 831 757 853 est
773 825 921 853 Macedonii
945 830 971 851 et
992 831 1086 851 eorum

298 871 344 906 qui
359 872 431 898 circa
446 872 534 906 ipsum
550 876 624 903 sunt,
642 872 761 906 Spiritus
773 872 992 906 impugnatorum
1005 871 1086 904 impia

1147 278 1217 311 μεθα
1233 279 1280 305 τοῦ
1304 279 1446 313 ἀγγέλλειν
1464 280 1512 314 τὴν
1527 279 1668 315 ἀλήθειαν,
1691 280 1871 314 φυλάττοντες
1887 283 1929 309 καὶ

1145 323 1312 357 κρατοῦντες
1329 323 1364 350 τὰ
1386 324 1462 359 παρὰ
1487 324 1541 350 τῶν
1565 325 1651 359 ἁγίων
1675 326 1721 352 καὶ
1746 327 1930 361 πανευφήμων

1144 368 1311 400 ἀποστόλων,
1328 370 1375 395 καὶ
1391 369 1447 395 τῶν
1458 370 1590 405 ἀοιδίμων
1608 370 1738 405 Πατέρων
1752 371 1832 406 ἡμῶν
1850 381 1929 398 κανο-

1144 413 1226 446 νικῶς
1246 414 1390 441 ἐκδοθέντα
1408 423 1415 430 '
1443 415 1489 441 καὶ
1512 416 1539 441 εἴ
1551 424 1579 442 τι
1596 415 1698 442 τούτων
1712 417 1857 452 παρεϐἀθη
1880 418 1930 443 ὑπὸ

1143 467 1235 492 τινων,
1257 459 1467 494 βδελυττόμεθα.
1492 460 1524 487 'H
1549 458 1596 487 οῦν
1622 461 1753 498 ἀδελφικὴ
1781 462 1859 497 ὑμῶν
1880 463 1929 497 ἀρ-

1143 505 1328 540 χιεροπρεπὴς
1361 506 1500 541 ἀγιωσύνη
1529 506 1668 541 ὲνθέσμως
1695 507 1742 533 καὶ
1772 508 1841 534 κατὰ
1864 507 1928 533 Θεοῦ

1145 550 1273 584 βούλησιν
1297 551 1504 586 πρυτανεύουσα
1527 552 1577 585 τὴν
1606 552 1766 588 ίεραρχικὴν
1779 553 1927 586 ἁγιστείαν,

1143 595 1284 631 διαϐόητον
1299 596 1354 631 ἔχει
1377 596 1426 632 τὴν
1451 597 1538 630 δόξαν.
1559 597 1660 632 Εἴρηκε
1676 597 1729 632 γὰρ
1747 598 1790 624 διὰ
1805 598 1851 624 τοῦ
1866 607 1930 634 προ-

1142 641 1229 676 φήτου
1249 643 1263 668 ό
1290 642 1464 677 πρῶτος-καὶ
1487 643 1573 678 μέγας
1603 643 1748 678 ἀρχιερεὺς
1774 643 1892 677 Χριστὸς
1916 644 1929 670 ό

1141 686 1207 717 Θεὸς
1222 687 1301 721 ἡμῶν
1317 695 1324 702 ”
1344 697 1353 713 ε
1372 687 1416 714 Ζῶ
1428 687 1494 722 ἐγὼ,
1520 688 1578 714 ἀλλ’
1592 688 1608 722 ἢ
1623 689 1686 719 τοὺς
1707 687 1870 720 δοξάζοντας
1897 697 1929 724 με

1141 733 1253 765 δοξάσω.
1264 743 1276 761 ι
1287 731 1366 765 Οἶδας
1380 734 1444 769 γὰρ,
1457 734 1522 769 ἄνερ
1534 733 1687 768 ἐπιθυμιῶν
1702 734 1749 760 τοῦ
1760 734 1928 769 Πνεύματος,

1140 778 1181 804 ὅτι
1208 778 1380 813 φορητοτέρα
1407 777 1507 812 μᾶλλόν
1532 780 1590 805 ἐστι
1615 778 1781 805 Μακεδονιου
1805 779 1853 805 καὶ
1875 779 1929 805 τῶν

1141 825 1211 859 ἀμς)
1229 824 1309 850 αὑτὸν
1337 825 1578 860 Πνευματομάχων
1610 825 1627 860 ἡ
1648 824 1782 860 δυσσεϐὴς
1812 824 1927 859 αἵρεσις.

1147 869 1274 896 Ἐκείνων
1294 870 1348 904 γὰρ
1381 870 1484 904 κτίσμα
1516 870 1564 896 καὶ
1584 869 1675 896 δοῦλον
1707 869 1754 895 τοῦ
1780 868 1848 895 Θεοῦ
1882 869 1928 895 καὶ

299 916 422 943 haeresis.
453 915 508 943 illis
535 916 608 942 enim
644 921 796 943 creaturam
841 920 870 942 ct
903 923 1009 942 servum
1045 915 1081 942 Dc

1145 915 1251 949 Πατρὸς
1282 915 1313 940 το
1355 914 1434 948 ἅγιον
1466 914 1579 948 Πνεῦμα
1613 913 1824 949 ληρῳδούντων,
1856 910 1928 939 οὗτοι

297 968 330 988 ae
373 961 463 988 Patris
493 960 624 996 Spiritum
657 961 739 989 drlire
771 961 941 994 fatentibus,
972 961 1015 988 isti
1048 961 1090 988 sui

298 1007 383 1041 ipsius
427 1015 500 1039 cum,
534 1011 564 1034 ttt
609 1013 764 1040 autumant,
799 1016 907 1035 servum
959 1007 1088 1034 eﬁiciunt.

296 1052 392 1080 Omnis
417 1053 489 1080 enittt
518 1053 648 1080 dominus
668 1055 741 1088 quod
759 1054 894 1084 habuerit,
913 1053 935 1080 si
960 1054 1086 1084 voluerit,

297 1099 454 1131 venumdal,
484 1099 542 1126 sive
573 1106 693 1131 servum,
711 1099 768 1127 sive
797 1099 869 1126 aliud
898 1099 963 1134 quid
993 1107 1086 1126 eorum

297 1151 358 1178 quae
378 1143 509 1178 possidet.
532 1143 667 1171 Similiter
682 1149 709 1171 et
721 1144 768 1179 qui
783 1145 860 1175 emit,
888 1144 1017 1171 dominus
1038 1152 1085 1170 vo-

297 1189 356 1216 lens
371 1197 431 1216 esse
449 1190 509 1223 ejus
524 1190 596 1225 quod
612 1191 721 1222 emerit,
751 1198 800 1224 per
824 1191 942 1225 pretium
967 1191 1088 1224 pecunia:

300 1235 511 1269 illud.acquirit.
535 1235 571 1262 Ita
594 1240 619 1271 et
633 1236 678 1270 qui
705 1236 774 1262 hanc
803 1236 922 1270 iniquam
952 1237 1085 1263 actioarm

296 1286 456 1315 operantur,
482 1281 630 1308 detrahunt
653 1281 767 1315 Spiritui
808 1287 914 1313 sancto,
946 1282 1086 1316 :equaliter

295 1330 439 1359 peccantes
454 1326 497 1352 his
512 1326 558 1359 qui
575 1325 774 1360 blasphemant,
801 1326 922 1353 dicentes
948 1327 974 1353 in
1009 1326 1084 1352 Βιτειν

297 1372 385 1399 zehuh
401 1372 499 1406 ejicere
517 1372 651 1399 daemonia
669 1371 809 1399 Christum
822 1372 843 1387 ¹⁷
857 1391 864 1398 .
883 1373 969 1406 Atque
995 1378 1022 1398 ut
1038 1380 1083 1398 ve-

295 1418 354 1446 rius
378 1418 513 1450 dicamus,
538 1417 615 1445 Judzc
640 1422 836 1452 comparantur
873 1419 1009 1450 traditori,
1037 1418 1083 1453 qui

296 1462 343 1490 Dei
359 1463 527 1490 occisoribus
547 1462 647 1490 Iudaeis
663 1463 750 1497 pretio
763 1463 868 1498 argenti
885 1464 1020 1490 Christum
1038 1472 1083 1489 ve-

296 1506 440 1533 numdedit
465 1506 532 1532 Cum
549 1513 613 1540 ergo
629 1511 739 1534 sanctus
756 1507 877 1541 Spiritus
901 1508 1082 1534 consubstan-

1141 959 1255 992 ἑαυτῶν,
1289 960 1326 991 ὡς
1351 960 1478 992 δοκοῦσι,
1500 959 1594 986 δοῦλον
1626 960 1692 986 αὐτὸ
1726 959 1841 986 ποιοῦσι.
1872 960 1928 991 Πᾶς

1140 1006 1195 1040 γὰρ
1233 1006 1366 1040 δεσπότης
1385 1006 1399 1032 ὃ
1429 1014 1452 1032 τι
1485 1005 1518 1032 ἂν
1550 1006 1634 1040 ἔχοι,
1663 1007 1687 1032 sl
1717 1006 1860 1041 βούλοιτο,
1883 1016 1928 1033 πι-

1141 1052 1270 1086 πράσκει,
1300 1051 1354 1078 εἴτε
1369 1052 1488 1085 οἰκέτην,
1507 1051 1563 1077 εἴτε
1588 1051 1682 1086 ἕτερον
1706 1049 1744 1078 ὧν
1767 1052 1902 1086 κέκτηται
1919 1059 1926 1067 '

1139 1097 1269 1128 ὡσαύτως
1286 1097 1332 1123 καὶ
1345 1097 1358 1123 ὸ
1381 1096 1536 1131 ἀγοράζων,
1565 1097 1698 1132 δεσπότης
1714 1096 1875 1132 βουλόμενος
1889 1095 1928 1124 εἷ-

1138 1152 1182 1170 ναι
1198 1143 1244 1169 τοῦ
1271 1144 1472 1178 ἠγορασμένον,
1504 1143 1551 1169 διὰ
1576 1143 1658 1178 τιμῆς
1686 1143 1819 1179 ἀργυρίου
1847 1141 1928 1171 τοῦτο

1138 1190 1246 1216 κτᾶται.
1265 1190 1359 1220 οὕτως
1375 1190 1399 1215 oi.
1411 1190 1514 1224 ταύτην
1531 1190 1580 1224 τὴν
1594 1189 1714 1224 ἄθεσμον
1732 1191 1832 1224 πρᾶξιν
1843 1191 1926 1226 ἐργαδ

1137 1235 1256 1271 ζόμενοι,
1285 1236 1503 1268 καταϐιϐἀξουσι
1519 1236 1550 1262 τὸ
1575 1235 1686 1271 Πνεῦμα
1713 1236 1744 1262 τὸ
1766 1237 1854 1270 ἅγιον,
1882 1237 1926 1263 ἴσα

1135 1281 1342 1317 ἁμαρτάνοντες
1353 1284 1409 1313 τοῖς
1425 1282 1643 1317 βλασφημοῦσιν,
1656 1283 1684 1308 ὲν
1699 1281 1865 1313 Βεελζεϐοὺλ
1879 1283 1925 1309 ὲκ-

1136 1328 1243 1354 sana»;
1259 1327 1293 1354 τὰ
1306 1328 1433 1362 δαιμόνια
1447 1328 1491 1353 τον
1507 1327 1634 1362 Χριστόν.
1655 1327 1691 1353 Ἦ
1703 1327 1765 1359 τόγε
1779 1327 1926 1362 ἀληοέστε-

1137 1382 1183 1408 ρον
1198 1375 1296 1405 ειπεῖν,
1324 1373 1505 1408 παρεοῐκασιν
1527 1373 1613 1408 Ἰούδᾳ
1626 1372 1664 1406 τῷ
1684 1372 1813 1408 προδότῃ,
1827 1373 1857 1404 ὃς
1868 1374 1925 1404 τοῖς

1136 1417 1291 1449 θεοκτόνοις
1305 1417 1444 1448 Ἰουδαίοις
1460 1417 1544 1451 τιμῆς
1557 1417 1688 1451 ἀργυρίου
1700 1417 1818 1451 Χριστὸν
1833 1417 1924 1452 ὰπεμυ

1136 1464 1279 1498 πολήσατο.
1305 1464 1348 1494 Ὠς
1359 1463 1406 1490 οὖν
1417 1463 1447 1488 τὸ
1460 1463 1538 1496 ἅγιον
1559 1463 1671 1496 Πνεῦμα
1695 1462 1838 1496 ὁμοούσιόν
1866 1464 1925 1488 ἐστι

1134 1509 1243 1544 Χριστῷ
1255 1509 1366 1544 τῷθεῷ
1385 1509 1475 1544 ἡμῶν,
1505 1509 1555 1542 τῆς
1581 1509 1665 1542 αὐτῆς
1691 1508 1773 1534 παντί
1801 1517 1853 1534 που
1876 1508 1923 1543 δῆ-

295 1552 369 1588 tiplis
382 1553 418 1578 sit
432 1552 543 1579 Christo
557 1552 613 1579 Deo
643 1559 746 1583 nostro.
770 1553 891 1586 ejusdem
917 1553 1031 1580 omnino
1055 1558 1081 1580 et

1137 1554 1184 1581 λον
1208 1555 1316 1580 ἔσονται
1345 1554 1473 1588 μερίδος,
1493 1553 1529 1584 ὡς
1549 1554 1747 1580 ἀποδέδεικται.
1776 1553 1806 1580 Et
1834 1554 1863 1580 δὲ
1893 1555 1922 1580 οὐ

296 1598 348 1632 ipsi
362 1598 495 1631 pot-tionis
515 1603 606 1629 erunt,
630 1603 660 1624 ut
678 1603 816 1625 ostensum
832 1605 882 1625 est.
906 1599 933 1625 Si
950 1607 1013 1626 vero
1028 1608 1080 1626 non

296 1643 436 1675 venditur,
454 1643 638 1677 (perspicuum
652 1643 724 1669 enim
737 1649 788 1677 est,
813 1646 884 1678 quod
901 1646 975 1672 ttttllo
988 1648 1081 1680 modo)

297 1695 353 1714 non
368 1692 411 1715 est
427 1689 522 1722 procul
537 1689 620 1715 dttbio
638 1689 665 1715 in
677 1689 717 1716 eis
732 1690 819 1724 gratia
837 1690 955 1724 Spiritus
983 1693 1081 1722 sancti,

296 1733 323 1760 id
338 1738 390 1764 est,
408 1734 555 1761 sacerdotii
569 1735 712 1761 sanctitas.
729 1735 794 1762 Nam
808 1737 878 1770 quod
895 1744 948 1763 non
968 1744 1080 1772 accepe-

295 1785 370 1811 runt.
387 1788 440 1807 non
458 1780 566 1807 habent.
585 1780 721 1808 Memores
733 1789 797 1817 ergo
818 1782 873 1809 sint
890 1784 976 1810 sancti
998 1783 1080 1815 Petri,

295 1826 330 1853 ad
343 1834 404 1854 eum
417 1826 463 1861 qui
480 1827 532 1853 ltoc
553 1827 681 1854 studebat
709 1828 744 1854 ita
768 1828 902 1855 dicentis:
940 1839 948 1855 ι
963 1829 1022 1856 Non
1041 1835 1082 1858 cst

295 1872 343 1899 tibi
359 1879 434 1906 pars,
451 1880 539 1907 neque
552 1880 611 1900 sors
627 1873 652 1899 in
683 1881 809 1900 sermone
824 1874 874 1901 hoc
889 1875 913 1890 “
923 1896 929 1901 .
942 1883 951 1899 ι
971 1874 1080 1902 Sienim

295 1919 476 1945 venutntlalur
492 1919 639 1946 sacerdotii
655 1919 784 1953 dignitas,
801 1927 866 1954 ergo
891 1921 1026 1954 superflua
1041 1926 1082 1948 est

295 1964 366 1998 apud
383 1964 456 1998 ipsos
485 1965 547 1990 vita:
566 1962 713 1998 probabilis
741 1965 823 1995 actio.
850 1971 876 1992 et
904 1967 930 1992 itt
956 1969 1081 1994 castitate

295 2009 412 2043 aliisque
450 2010 597 2036 virtutibus
633 2012 816 2038 conversatio.
848 2011 1008 2046 Super-ﬁnus
1039 2018 1082 2040 est

295 2055 446 2081 secundum
474 2055 547 2088 ipsos
569 2056 652 2082 etiattt
680 2055 782 2083 Paulus
808 2057 918 2084 divinus
939 2059 1081 2092 apostolus

294 2101 409 2130 docens,
447 2105 573 2134 oportere
601 2109 610 2125 ε
630 2101 787 2134 episcopum
815 2102 1079 2136 irreprchensiitilcm

293 2153 364 2177 4550.,
383 2144 554 2179 prudentem,
565 2151 704 2177 ornatum,
715 2146 869 2179 doctorem,
881 2149 1078 2181 continentem,

295 2189 428 2220 sobrium,
446 2189 655 2223 amplectentem
673 2197 735 2216 eum
751 2190 796 2223 qui
811 2192 961 2219 secundant
979 2194 1081 2220 doctri-

1133 1601 1319 1634 πιπράσκεται
1338 1609 1345 1615 ’
1367 1599 1500 1634 πρόδηλον
1531 1601 1585 1634 γὰρ
1614 1600 1742 1635 οὐδαμῶς
1765 1606 1771 1612 ·
1801 1600 1923 1635 ἀναμφι-

1133 1646 1234 1677 λέκτως
1248 1647 1298 1672 οὐκ
1311 1646 1385 1672 ἔστιν
1399 1647 1527 1677 ἐναῦτοῖς
1544 1647 1559 1680 ἠ
1575 1647 1655 1681 χάρις
1672 1646 1719 1673 τοῦ
1735 1647 1814 1679 ἁγίου
1835 1646 1923 1673 Πνεύ-

1135 1700 1228 1726 ματος,
1247 1692 1335 1718 είτουν
1348 1693 1363 1726 ἡ
1379 1692 1428 1726 τῆς
1443 1692 1593 1726 ἱερωσύνης
1616 1693 1752 1726 ἁγιστεία.
1775 1693 1831 1719 Καὶ
1844 1693 1858 1718 ὃ
1873 1693 1924 1719 οὐκ

1132 1737 1240 1770 ἔλαϐον,
1256 1739 1316 1765 οὐδὲ
1331 1739 1432 1773 έχουσι.
1446 1738 1657 1772 Μνησοήιωσαν
1666 1737 1713 1764 τοῦ
1726 1738 1804 1771 ἁγίου
1817 1738 1922 1774 Πέτρου

1133 1784 1201 1819 πρὸς
1225 1784 1271 1810 τὸν
1301 1785 1380 1810 τοῦτο
1410 1783 1627 1818 ἐπιτηδεύσαντα
1659 1783 1758 1810 οὑτωσὶ
1783 1784 1921 1818 λέγοντος,

1135 1839 1144 1855 ε
1157 1828 1216 1856 Οὐκ
1227 1829 1285 1856 ἔστι
1302 1836 1343 1856 σοι
1366 1830 1456 1865 μερὶς,
1473 1829 1534 1856 οὐδὲ
1557 1829 1659 1865 κλῆρος
1674 1830 1704 1856 ὲν
1718 1829 1756 1864 τῷ
1767 1829 1838 1866 λόγῳ
1860 1831 1923 1857 τούς

1131 1883 1181 1909 τῳ.
1197 1883 1206 1900 ι
1224 1874 1254 1900 Εἰ
1272 1873 1325 1908 γὰρ
1343 1873 1542 1907 ἀπεμπολεῖται
1556 1874 1572 1907 ἡ
1586 1874 1634 1907 τῆς
1669 1873 1821 1907 ἱερωσύνης
1846 1873 1922 1905 ἀξία,

1132 1919 1186 1954 ἄρα
1208 1919 1322 1954 περιττὴ
1349 1920 1414 1954 παρ’
1437 1920 1528 1950 αὐτοῖς
1544 1919 1560 1950 ὴ
1581 1918 1652 1945 κατὰ
1678 1918 1724 1944 τδν
1749 1918 1806 1953 βίον
1834 1919 1922 1953 σεμνὴ

1133 1965 1266 1997 πολιτεία,
1282 1966 1329 1992 καὶ
1346 1966 1402 2000 ὴὲν
1413 1965 1510 1999 ἁγνεία
1538 1966 1584 1991 καὶ
1614 1966 1728 1998 ἀρεταῖς
1750 1966 1920 2000 ἀναστροφή.

1132 2010 1261 2045 "apt-tto;
1273 2011 1333 2037 κατ’
1353 2011 1451 2042 αὐτοὺς
1468 2010 1516 2036 καὶ
1541 2008 1644 2041 Παῦλος
1661 2011 1674 2035 ὀ
1690 2010 1760 2041 θεῖος
1771 2011 1922 2042 ἀπόστολος

1131 2057 1275 2086 διδάσκων,
1301 2057 1355 2082 δεῖν
1379 2066 1387 2082 ι
1407 2056 1454 2082 τὸν
1465 2056 1615 2082 ἐπίσκοπον
1627 2056 1809 2089 ἀνεπίληπτον
1839 2054 1920 2087 εἶναι,

1133 2103 1269 2136 σώφρονα,
1284 2103 1407 2137 κόσμιον,
1430 2101 1597 2133 διδακτικδν,
1615 2101 1747 2136 ἐγκρατῆ,
1776 2101 1920 2135 νηφάλιον,

1131 2149 1310 2184 ἀντεχόμενον
1324 2148 1370 2175 τοῦ
1382 2149 1452 2175 κατὰ
1464 2149 1512 2182 τὴν
1524 2147 1637 2182 διδαχὴν
1655 2148 1752 2173 πιστοῦ
1768 2147 1861 2180 λόγου,
1877 2148 1920 2173 ἵνα

1131 2195 1242 2226 δυνατὸς
1287 2194 1334 2220 καὶ
1363 2194 1532 2228 παρακαλεῖν
1550 2194 1579 2219 ἐν
1600 2195 1633 2228 τῇ
1651 2192 1812 2228 ὑγιαινούσῃ
1843 2193 1919 2218 διδα-

294 2242 356 2261 t:atn
377 2239 417 2261 est
431 2235 535 2261 ﬁdelem
551 2243 717 2266 sermonem,
730 2242 758 2262 ut
775 2241 872 2270 potens
882 2238 917 2265 sit
936 2239 1077 2267 exhortari

1136 2241 1241 2274 σκαλία,
1270 2242 1316 2266 καὶ
1345 2241 1407 2270 τοὺς
1425 2240 1615 2272 ἀντιλέγοντας
1637 2239 1768 2272 ἐλέγχειν.
1785 2248 1793 2264 ι
1809 2239 1920 2273 Οἴχεται

294 2282 321 2307 in
336 2281 559 2313 doctrinasaua,
574 2285 599 2308 et
621 2289 668 2308 eos
696 2283 743 2316 qui
767 2284 957 2311 contradicunt
981 2293 1080 2320 argue-

294 2328 354 2354 re“
369 2347 375 2354 .
389 2337 398 2352 ι
415 2327 596 2354 Proferuntur
614 2327 809 2365 [Evauescunt]
834 2330 917 2364 igitur
935 2331 992 2358 hzcc
1021 2340 1079 2359 om-

294 2374 339 2400 nia
356 2374 389 2400 de
415 2375 555 2401 venditare
569 2383 600 2402 ac
612 2383 736 2410 emptore
753 2377 876 2404 beneﬁcii
896 2377 1078 2415 [sacerdotii].

294 2418 379 2445 Porro
393 2420 515 2454 subjecta
530 2427 689 2448 sanctorum
708 2423 864 2450 testimonia
881 2424 998 2451 alienum
1021 2433 1079 2452 om-

294 2465 359 2491 nino
382 2472 396 2490 a
413 2466 565 2492 sacerdotio
577 2468 753 2500 pronuntiant
766 2476 827 2495 cmn
842 2470 888 2504 qui
900 2470 1004 2498 dederit
1027 2472 1079 2498 ali-

293 2510 402 2544 quando
419 2511 458 2537 vel
477 2512 611 2545 acceperit
623 2513 650 2538 in
665 2513 757 2547 aliquo
773 2518 904 2549 tempore,
925 2516 981 2543 sive
1002 2517 1078 2544 scili-

293 2561 336 2581 cet
351 2561 413 2583 ante
429 2564 528 2583 inaltus
542 2557 760 2592 impositioncm,
777 2560 833 2587 sive
846 2561 872 2586 in
901 2569 997 2589 manus
1028 2563 1079 2589 im-

293 2601 436 2634 positione.
471 2603 528 2630 sive
546 2608 607 2638 post
626 2611 725 2631 manus
752 2606 964 2640 impositionem.
996 2609 1076 2635 Acci-

293 2654 355 2681 pere
381 2653 424 2675 est
449 2649 532 2682 enim,
572 2651 695 2684 accipere
727 2652 956 2688 quandocunque.
988 2653 1077 2682 Sedet

292 2698 388 2718 omnes
405 2694 591 2726 promotiones
609 2696 811 2723 ecclesiasticas
832 2697 958 2725 auferunt
986 2699 1012 2726 in
1034 2700 1079 2726 da-

292 2738 366 2765 tione
381 2741 569 2774 pecuniarum.

326 2871 348 2888 ³⁵
363 2872 372 2898 l
385 2871 450 2907 Reg.
470 2881 500 2905 tt,
515 2874 560 2902 50.
598 2876 620 2891 '7
636 2875 703 2903 Luc.
723 2884 753 2908 ιι,
769 2877 810 2904 l5.

849 2878 872 2892 ’³
886 2878 946 2905 Act.
964 2887 1024 2911 vnt,
1043 2879 1087 2905 οι.

1130 2285 1218 2309 τοίνυν
1242 2283 1326 2309 ταῦτα
1353 2283 1442 2309 πάντα
1455 2284 1486 2309 ἐκ
1501 2283 1547 2309 τοῦ
1564 2284 1666 2317 πρᾶτον
1685 2284 1732 2308 καὶ
1762 2283 1919 2317 ἁγοραστοῦ

1130 2331 1178 2364 τῆς
1193 2329 1357 2364 ἱερωσύνης
1372 2329 1400 2354 αἱ
1412 2327 1458 2354 οὖν
1477 2329 1658 2363 ὑποκείμεναι
1679 2329 1837 2362 ἁγιόλεκτοι
1848 2329 1919 2364 χρή-

1130 2385 1186 2407 σεις
1203 2377 1343 2410 ἀλλότριον
1371 2376 1460 2409 πάντη
1476 2377 1524 2410 τῆς
1541 2375 1692 2410 ἱερωσύνης
1719 2376 1918 2409 ἀποφαίνονται

1129 2423 1174 2448 τόν
1190 2431 1254 2449 ποτε
1270 2423 1348 2449 δόντα
1365 2423 1380 2457 ἦ
1398 2422 1516 2448 ὶαεόντα
1528 2422 1556 2447 ὲν
1569 2421 1716 2456 οἱῳδήποτε
1747 2422 1848 2456 χρόνῳ,
1861 2423 1918 2448 εἴτε

1129 2469 1177 2495 καὶ
1189 2468 1242 2502 πρὸ
1251 2469 1300 2500 τῆς
1315 2467 1490 2502 χειροτονίας,
1518 2468 1572 2493 εἴτε
1596 2467 1641 2493 καὶ
1657 2468 1685 2493 ὲν
1701 2468 1733 2502 τῇ
1751 2468 1917 2502 χειροτονέᾳ.

1128 2513 1143 2547 ἦ
1170 2513 1217 2539 καὶ
1244 2513 1312 2546 μετὰ
1336 2513 1385 2547 τὴν
1416 2512 1595 2547 χειροτονίαν.
1633 2511 1733 2538 Λαεεῖν
1757 2511 1812 2546 γάρ
1837 2512 1917 2543 ἐστι,

1127 2560 1157 2586 τὸ
1171 2559 1264 2586 λαϐεῖν
1292 2559 1448 2594 ὁτεδήποτε.
1469 2559 1547 2585 ’Λλὶὰ
1575 2559 1622 2585 καὶ
1650 2558 1741 2589 πάσας
1769 2558 1917 2598 ἐκκλησια-

1128 2606 1223 2637 στικὰς
1247 2605 1382 2640 προῦολὰς
1394 2605 1556 2640 ἀφαιροῦσιν
1582 2606 1627 2631 ἐπὶ
1648 2605 1680 2639 τῇ
1696 2604 1751 2630 τῶν
1766 2604 1918 2640 χρημάτων

1127 2652 1209 2678 δόσει.

1129 2880 1150 2895 ’θ
1167 2879 1176 2905 l
1191 2878 1263 2906 Tim.
1279 2887 1318 2912 ιιι,
1335 2880 1351 2905 :2
1370 2889 1376 2910 ',
1393 2877 1447 2905 Tit.
1466 2886 1482 2911 ι,
1500 2880 1524 2907 8.
