2051 3154
170 166 241 198 ill?)

295 220 400 248 Κανὼν
412 220 469 246 τῶν
481 219 573 254 ἁγίων
584 219 766 246 ἀποστόλων
786 216 842 245 κο]

207 268 239 294 Ei
252 277 292 298 τις
318 267 468 295 ἐπίσκοπος
492 265 537 292 διὰ
562 265 711 300 χρημάτων
735 264 785 295 τῆς
803 263 880 295 ἀξίας
897 262 958 289 ταύ-

169 323 219 348 της
247 313 386 348 ἐγκρατὴς
415 312 539 347 γένηται,
556 311 572 347 ἢ
586 311 784 346 πρεσϐύτερος,
797 311 813 345 ἢ
824 310 958 340 διάκονος,

169 359 355 394 καθαιρείσθω
370 358 418 385 καὶ
434 358 516 389 αὐτὸς
533 358 581 383 καὶ
597 358 611 383 6
627 357 833 392 χειροτονήσας·
856 355 902 382 καὶ
913 355 960 380 ὲκι

169 404 313 431 κοπτέσοω
327 403 486 430 παντάπασι
511 402 559 428 καὶ
572 402 621 436 τῆς
645 401 800 433 κοινωνίας,
815 400 853 431 ὡς
868 400 960 434 Σίμων

169 452 183 476 6
200 450 286 484 μάγος
303 449 426 482 ὺπ¹ὲμοῦ
442 448 558 481 Πέτρου.

237 496 290 522 Ἐκ
306 494 364 520 τῶν
374 493 516 527 Πριίξεων
527 493 586 519 τῶν
596 492 687 527 ἁγίων
701 493 891 519 ἀποστόλων.

210 549 219 564 ι
239 538 311 565 Ἰδὼν
325 538 380 564 δὲὸ
396 538 498 572 Σίμων,
528 538 568 564 ὅτι
597 537 642 563 διὰ
666 538 715 572 τῆς
739 537 890 568 ἐπιθέσεως
906 536 962 563 τῶν

174 585 276 621 χειρῶν
295 584 349 610 τῶν
375 583 533 610 ἀποστόλων
545 583 646 609 δίδοται
661 583 691 609 τὸ
702 583 815 618 Πνεῦμα
829 582 860 609 τὸ
872 583 961 617 ἇγιον,

173 631 362 666 προσήνεγκεν
393 629 485 660 αὐτοῖς
506 629 637 664 χρήματα
654 648 662 660 ,
686 628 785 663 λέγων,
809 629 874 655 Δότε
912 629 964 655 κά-

174 679 219 712 μοὶ
239 677 288 711 τὴν
316 676 439 709 ἐξουσίαν
461 675 584 710 ταύτην,
609 675 655 702 ἴνα
680 672 702 708 ᾧ
726 675 773 701 ὲὰν
801 674 888 701 ἐπιθῶ
913 675 963 706 τὰς

173 724 266 758 χεῖρας
281 743 288 755 ,
319 721 446 757 λαμϐάνῃ
471 720 583 755 Πνεῦμα
608 721 696 754 ἅγιον.
726 721 830 756 Πέτρος
854 721 883 747 δὲ
901 720 963 747 εἷπε

174 769 243 802 πρὸς
257 767 339 794 αὐτόν
350 776 358 783 ·
375 767 411 793 Τὸ
424 766 555 802 ἀργύριόν
569 775 617 793 σου
646 768 694 794 σὺν
713 768 756 794 σοὶ
776 767 820 802 εἴη
843 769 884 798 είς
913 768 966 794 ἀπ-

174 813 284 844 ώλειαν,
314 813 356 840 ὅτι
369 813 418 848 τὴν
433 812 536 847 δωρεὰν
545 812 592 838 τοῦ
609 812 677 839 Θεοῦ
692 813 820 848 ἐνόμισας
834 813 879 840 διὰ
899 821 967 848 χρη·

177 859 272 893 μάτων
287 858 414 885 κτᾶσθαι.
442 858 499 884 Οὐκ
515 858 572 884 ἐστι
597 867 638 885 σοι
663 858 755 894 μερὶς,
780 857 840 885 οὐδὲ
864 858 965 894 κλῆρος

175 905 205 929 ἑν
218 903 258 939 τῷ
289 904 363 939 λόγῳ
381 903 469 939 τούτῳ
482 912 489 920 ο
509 905 594 940 ήγὰρ
614 905 716 940 καρδία
738 913 785 931 σου
814 905 865 931 οὐκ
890 904 965 932 ἐστιν

175 950 268 976 εὐθεῖα
282 950 396 976 ἐνώπιον
410 949 457 975 τοῦ
472 949 552 976 Θεοῦ.
576 950 754 985 Μετανὸησον
775 948 822 977 οὖν
849 951 903 977 ἀπὸ
917 950 968 985 τῆς

175 995 276 1026 κακίας
292 1003 337 1021 σου
354 995 467 1030 ταύτης,
481 995 527 1021 καὶ
540 995 652 1030 δεήθητι
666 995 714 1022 τοῦ
732 995 850 1030 Κυρίου,
871 996 895 1022 εί
912 996 967 1030 ἄρα

176 1039 344 1076 ἀφεθήσεταί
367 1048 408 1066 σοι
438 1040 582 1075 ήὲπίνοια
606 1040 658 1079 τῆς
687 1041 801 1076 καρδίας
831 1049 890 1067 σου.
921 1041 968 1072 Είς

177 1087 233 1121 γὰρ
263 1086 347 1121 χολὴν
371 1085 484 1121 πικρίας
498 1086 546 1112 καὶ
567 1086 716 1122 σύνδεσμον
742 1087 849 1119 ἀδικίας
865 1087 922 1122 ὁρῶ
938 1095 968 1113 σε

177 1132 252 1158 ὅντα.
266 1141 276 1158 ι

326 1179 373 1204 Ἐκ
384 1177 439 1211 τῆς
450 1179 552 1212 τρίτης
562 1177 621 1204 τῶν
635 1177 814 1205 Βασιλειῶν.

215 1232 226 1248 ί
239 1223 294 1250 Kal
319 1224 368 1250 οὐκ
385 1224 554 1258 ἐπέστρεψεν
574 1223 719 1258 Ἰεροὸοὰμ
732 1224 786 1250 ἀπὸ
801 1225 851 1259 τῆς
866 1223 968 1254 κακίας

178 1268 261 1295 αὑτοῦ
279 1278 287 1285 υ
300 1269 348 1296 καὶ
363 1270 525 1304 ἐπέστρεψε,
541 1269 590 1296 καὶ
611 1270 740 1305 ἐποίησεν
757 1271 789 1296 ὲκ
805 1269 906 1305 μέρους
920 1268 968 1295 τοῦ

179 1315 243 1341 λαοῦ
276 1315 358 1351 ἱερεῖς
388 1315 509 1350 ὑψηλῶν.
530 1315 560 1342 ’0
578 1315 741 1350 βουλόμενος
766 1315 888 1350 ἐπλήρου
919 1315 969 1351 τὴν

179 1361 260 1396 χεῖρα
273 1360 368 1392 αὑτοῦ,
385 1361 432 1387 καὶ
457 1361 562 1394 ἐγίνετο
589 1361 679 1396 ἱερεὺς
691 1361 730 1391 είς
746 1361 779 1387 τὰ
796 1361 899 1396 ὑψηλά.
913 1362 969 1388 Καὶ

180 1405 288 1439 ἐγένετο
299 1406 329 1432 τὸ
343 1407 418 1441 ῥῆμα
435 1405 514 1432 τοῦτο
528 1407 567 1437 είς
592 1407 733 1441 ἁμαρτίαν
761 1406 800 1442 τῷ
826 1408 894 1442 οἴκῳ
917 1407 966 1434 Ἰε-

182 1452 297 1486 ροὸοὰμ,
319 1453 367 1479 καὶ
393 1453 431 1484 είς
462 1450 618 1486 ἀφανισμὸν
650 1452 706 1479 ἀπὸ
739 1453 888 1488 προσώπου
918 1453 969 1489 τῆς

181 1507 243 1533 γης·
258 1507 267 1524 ι

187 1543 239 1570 Ἐκ
265 1543 319 1578 τῆς
334 1543 358 1569 δ’
386 1544 445 1571 τῶν
467 1544 653 1579 Βασιλειῷν,
683 1544 750 1579 περὶ
776 1544 833 1579 τῆς
852 1544 968 1579 λέπρας
983 1548 1006 1578 ε

525 1578 623 1613 Γιεζῆ.

220 1634 229 1649 Ι
243 1624 298 1651 Kal
311 1624 463 1660 ἐπέστρεψε
473 1625 584 1660 Νεεμὰν
595 1625 664 1658 πρὸς
679 1624 817 1652 Ἐλισσαιὲ
832 1625 912 1657 αὐτὸς
924 1625 972 1652 καὶ

183 1669 259 1696 πᾶσα
276 1669 293 1704 ἡ
306 1669 467 1705 παρεμϐολὴ
481 1670 563 1696 αὑτοῦ
577 1678 583 1684 “
599 1670 646 1696 καὶ
671 1668 749 1705 ἦλθε,
780 1671 828 1697 καὶ
842 1671 908 1706 ἔστη
928 1673 971 1698 ἑν-

183 1712 271 1739 dimov
283 1714 377 1741 αὑτοῦ.
395 1714 450 1740 Kal
466 1713 543 1740 εἶπεν
554 1722 561 1730 ·
571 1714 636 1741 Ἰδοὺ
655 1715 687 1750 δὴ
701 1715 809 1749 ἔγνωκα
819 1736 826 1747 ,
851 1716 892 1743 ὅτι
922 1716 972 1743 οὐκ

184 1758 242 1785 ἐστι
269 1759 335 1791 Θεὸς
345 1760 374 1785 ἐν
393 1760 468 1796 πάσῃ
495 1762 528 1796 τῇ
557 1762 610 1796 γῇ,
637 1761 723 1797 ἀλλ’ἢ
739 1762 768 1789 ὲν
793 1761 832 1797 τῷ
851 1763 971 1798 Ἰσραὴλ.

185 1805 239 1831 Καὶ
253 1804 301 1831 νῦν
318 1805 384 1832 λάϐε
400 1806 451 1841 τὴν
483 1806 610 1840 εὐλογίαν
636 1807 712 1843 παρὰ
725 1808 771 1834 τοῦ
786 1808 881 1834 δούλου
913 1817 971 1836 σου.

187 1852 242 1878 Kal
266 1849 344 1878 εἶπεν
363 1851 513 1879 Ἐλισσαιέ·
530 1852 568 1887 Ζῆ
585 1852 688 1888 Κύριος
708 1850 730 1888 ᾧ
745 1854 886 1889 παρέστην
908 1854 974 1881 ἐνώ-

187 1906 248 1923 πιον
265 1897 358 1928 αὑτοῦ,
376 1898 400 1924 εί
415 1897 546 1933 λήψομαι.
565 1899 620 1924 Καὶ
638 1899 823 1933 παρεϐιάσατο
835 1900 916 1926 αὑτὸν
929 1900 975 1927 λα-

188 1943 256 1975 ϐεῖν,
286 1943 334 1970 καὶ
352 1942 496 1978 ήπείθησε.
508 1953 517 1968 ι
533 1944 587 1970 Kal
605 1945 664 1978 μετ’
689 1944 769 1979 ὀλίγα
782 1953 788 1960 ·
814 1954 823 1971 ι
835 1946 889 1972 Καὶ
913 1944 974 1972 εἷπε

188 1988 269 2024 Γιεζῆ
296 1988 326 2014 τὸ
355 1988 498 2024 παιδάριον
529 1989 666 2015 Ἐλισσαιὲ
684 1998 691 2004 ·
715 1990 780 2016 Ἰδοὺ
812 1991 940 2025 ἐφείσατο
961 1991 975 2017 6

189 2035 283 2070 κύριός
311 2043 361 2069 μου
375 2034 422 2061 τοῦ
436 2035 547 2069 Νεεμὰν
563 2035 610 2061 τοῦ
637 2035 735 2070 Σύρου,
761 2036 809 2062 τοῦ
829 2036 922 2063 λαϐεῖν
944 2037 976 2063 ἐκ

189 2080 278 2115 χειρὸς
292 2079 375 2106 αὐτοῦ
392 2077 430 2106 ὧν
446 2081 567 2114 ἐνήνοχε.
585 2081 621 2115 Ζῇ
644 2081 756 2116 Κύριος,
772 2081 796 2107 ει
811 2081 847 2116 μὴ
864 2082 976 2116 δράμω-

192 2134 241 2159 μαι
269 2125 357 2151 ὀπίσω
370 2124 463 2157 αὐτοῦ,
483 2126 531 2151 καὶ
543 2125 671 2160 λήψωμαι
688 2126 753 2160 παρ’
769 2125 851 2152 αὑτοῦ
867 2135 905 2152 τι.
922 2127 977 2154 Kal

191 2170 284 2202 ἐδίωξε
299 2170 382 2204 Γιεζῆ
397 2171 485 2198 ὀπίσω
512 2171 633 2206 Νεεμάυ.
651 2180 659 2196 ι
688 2171 742 2198 Kal
766 2171 955 2207 ustaﬁpaxéa
969 2180 975 2186 '

891 159 1095 191 EPISTOL/E.

1733 156 1800 188 ltiti

1141 214 1232 240 Canon
1250 217 1401 240 sanctorum
1427 212 1606 246 apostolorum
1620 213 1664 240 2:).

1047 259 1074 285 Si
1087 259 1147 293 quis
1160 260 1317 294 episcopus.
1331 263 1375 284 aut
1390 258 1540 293 presbyter.
1552 263 1597 284 aut
1608 258 1739 286 diaconus
1752 267 1802 293 per

1010 306 1141 340 pecunias
1167 305 1236 339 hanc
1260 303 1410 332 obtinuerit
1421 304 1593 338 dignitatem,
1612 304 1756 338 dejiciatur
1773 309 1800 331 rt

1011 352 1070 386 ipse
1082 355 1110 378 et
1121 351 1262 378 ordinalor
1272 350 1342 385 ejus,
1356 354 1382 376 et
1393 357 1406 376 a
1425 351 1617 377 communione
1632 351 1722 377 modis
1740 358 1800 378 0m-

1013 397 1092 424 nibus
1104 396 1292 427 abscindatur,
1306 395 1378 423 sicut
1392 394 1486 422 Simon
1505 395 1600 431 Magus
1618 404 1633 423 a
1650 404 1693 423 me
1709 395 1799 423 Petro.

1215 486 1252 512 De
1273 486 1382 512 Actibus
1405 487 1596 520 apostolorum.

1054 542 1063 558 ‹
1078 531 1148 559 Cum
1165 532 1280 560 vidisset
1295 536 1385 558 autent
1406 531 1512 563 Simon,
1535 532 1599 566 quia
1618 539 1666 567 per
1685 533 1802 567 imposi-

1015 579 1116 605 tionem
1126 586 1224 605 manus
1232 578 1418 612 apostolorum
1429 578 1540 604 daretur
1550 577 1669 612 Spiritus
1680 583 1802 610 sanctus.

1014 624 1114 652 obtulit
1129 624 1169 651 eis
1194 624 1352 658 pecuniam,
1370 623 1483 650 dicens:
1501 623 1568 650 Date
1595 629 1622 650 et.
1639 624 1706 650 mihi
1734 625 1805 650 hanc

1015 675 1190 705 potestatem,
1210 675 1239 696 ut
1253 670 1408 704 cuicunque
1428 669 1588 703 imposnero
1608 677 1716 701 manus,
1733 672 1805 696 arci-

1016 715 1073 750 piat
1092 715 1226 750 Spiritum
1257 718 1393 742 sanctum.
1426 714 1525 741 Petrus
1558 719 1649 741 autem
1676 715 1745 741 dixit
1772 715 1805 740 ad

1016 769 1079 789 eum
1094 770 1100 788 :
1120 762 1240 788 Pecunia
1257 766 1301 787 tua
1321 766 1410 788 tecum
1426 761 1462 787 sit
1476 760 1503 787 in
1528 759 1720 794 perditionem,
1743 760 1806 795 quin

1017 808 1118 835 donum
1134 807 1182 835 Dei
1198 806 1361 834 existimasti
1377 806 1493 842 pecunia
1514 806 1667 841 possidere.
1685 806 1744 833 Non
1764 811 1808 833 est

1017 854 1066 882 tibi
1093 861 1166 889 pars,
1192 861 1280 888 neque
1294 860 1355 880 sors
1384 853 1411 879 in
1427 859 1554 880 sermone
1568 852 1637 879 isto:
1664 859 1711 879 eor
1733 852 1806 878 enim

1017 905 1094 931 tuum
1110 908 1163 927 non
1188 905 1230 928 est
1260 903 1364 926 rectum
1393 906 1487 926 coram
1518 897 1582 925 Deo.
1613 897 1808 925 Pamitentiam

1019 947 1111 982 itaque
1128 954 1178 981 age
1199 946 1234 973 ab
1255 945 1306 972 bac
1322 945 1444 980 nequitia
1458 949 1515 976 tua,
1531 949 1559 971 et
1588 951 1652 979 roga
1667 943 1764 976 Deum,
1784 944 1807 970 si

1019 992 1088 1019 forte
1104 992 1260 1019 remittatur
1286 991 1333 1017 tibi
1353 986 1410 1017 haec
1432 990 1565 1024 cogitatio
1588 989 1680 1016 cordis
1707 989 1756 1015 lui.
1779 988 1808 1014 In

1018 1039 1081 1066 felle
1096 1038 1169 1066 enim
1189 1036 1383 1064 amaritudinis
1408 1040 1437 1063 et
1461 1034 1629 1070 obligatione
1655 1034 1809 1069 iniquitatis

1019 1085 1098 1112 video
1113 1089 1138 1111 te
1149 1090 1211 1111 esse
1226 1083 1265 1110 η.
1283 1093 1291 1109 ι

1221 1173 1260 1200 Ex
1276 1173 1345 1200 libro
1363 1173 1442 1199 tertio
1458 1171 1618 1207 Regnorum.

1057 1228 1066 1244 ε
1082 1218 1141 1246 Non
1157 1223 1198 1246 est
1211 1225 1337 1246 reversus
1353 1217 1499 1245 Jeroboam
1514 1217 1548 1244 de
1563 1217 1605 1244 via
1621 1225 1670 1244 sua
1682 1217 1810 1252 pessima.

1019 1266 1066 1292 sed
1080 1265 1248 1292 ecomrario
1265 1264 1330 1291 fecit
1358 1264 1392 1291 de
1409 1264 1569 1291 novissimis
1593 1264 1687 1298 populi
1716 1272 1810 1291 sacer-

1020 1309 1100 1337 dotes
1115 1310 1298 1336 excelsorum.
1326 1308 1490 1343 Quicunque
1525 1308 1643 1341 volebat,
1676 1309 1810 1342 implebat

1019 1363 1131 1382 manum
1158 1363 1237 1383 suam
1255 1359 1283 1382 et
1300 1354 1380 1381 [iebat
1404 1354 1535 1382 sacerdos
1565 1355 1752 1386 excelsornm,
1784 1360 1812 1382 et

1020 1405 1132 1436 propter
1154 1400 1226 1426 hanc
1241 1407 1355 1427 causam
1375 1400 1497 1434 peccavit
1521 1399 1620 1426 domus
1651 1399 1810 1431 Jeroboam,

1019 1451 1046 1473 et
1061 1453 1158 1473 eversa
1170 1451 1221 1478 est,
1238 1449 1265 1473 et
1274 1445 1363 1472 deleta
1378 1446 1495 1480 desuper
1511 1445 1580 1472 facie
1597 1451 1676 1473 terra:
1692 1447 1725 1472 ".
1741 1456 1749 1472 ι

1094 1543 1135 1570 Ea;
1154 1544 1222 1571 libro
1238 1550 1334 1579 quarto
1352 1544 1512 1580 Regnorum,
1529 1545 1560 1572 de
1570 1545 1644 1580 lepra
1657 1545 1741 1573 ϐἱειὶ.

1060 1631 1069 1646 ι
1088 1621 1278 1656 “eversosque
1304 1621 1425 1648 Naaman
1444 1622 1476 1648 ad
1503 1622 1590 1650 virum
1610 1623 1657 1650 Dei
1677 1631 1738 1651 eum
1752 1625 1814 1650 nui-

1023 1675 1104 1695 vcrso
1126 1669 1257 1695 comitatu
1272 1676 1334 1701 suo,
1354 1668 1430 1695 venit
1453 1674 1479 1695 et
1501 1669 1576 1696 stetit
1600 1676 1694 1696 coram
1720 1677 1764 1700 eo.
1787 1675 1815 1697 et

1023 1714 1062 1740 ait
1078 1723 1085 1740 :
1112 1714 1180 1740 Vere
1194 1714 1252 1741 scio
1267 1713 1340 1748 quod
1357 1721 1410 1740 non
1424 1713 1460 1741 sit
1478 1714 1548 1741 Deus
1563 1715 1634 1741 alius
1648 1715 1674 1740 in
1685 1715 1814 1742 universa

1024 1765 1109 1790 terra.
1131 1759 1183 1785 nisi
1208 1764 1313 1785 tantum
1339 1759 1365 1786 in
1391 1759 1484 1786 Israel.
1509 1760 1630 1787 Obsecro
1657 1761 1757 1795 itaque,
1786 1767 1815 1787 ut.

1023 1795 1146 1840 accipias
1160 1803 1376 1832 benedictionem
1394 1812 1408 1831 a
1421 1813 1502 1832 srrvo
1520 1810 1576 1832 tuo.
1591 1805 1625 1832 At
1639 1806 1683 1833 ille
1702 1814 1814 1840 respou-

1024 1851 1083 1878 dit:
1104 1850 1175 1878 Vivit
1190 1850 1332 1881 Dominus,
1344 1855 1408 1877 ante
1420 1858 1502 1885 quem
1518 1855 1570 1883 sto,
1584 1852 1647 1886 quia
1663 1860 1717 1878 non
1735 1854 1813 1879 aeri-

1025 1899 1110 1933 piam.
1125 1897 1251 1931 Cumque
1264 1896 1318 1923 vim
1337 1895 1450 1929 faceret,
1477 1897 1587 1931 penitus
1622 1905 1676 1924 non
1697 1906 1814 1933 acquie-

1025 1945 1063 1971 vit
1077 1945 1137 1971 ³¹.›
1166 1943 1197 1970 Et
1220 1947 1281 1978 post
1308 1951 1418 1978 pauca:
1450 1952 1458 1968 ι
1482 1943 1608 1979 Dixitque
1637 1944 1713 1972 Giezi
1748 1954 1816 1979 puer

1025 1991 1077 2017 viri
1105 1990 1178 2017 Dei:
1204 1989 1330 2025 Pepercit
1346 1990 1473 2017 domimts
1499 1999 1576 2018 tuens
1601 1990 1724 2018 Naaman
1747 1992 1816 2028 Syro

1027 2037 1084 2069 isti,
1106 2040 1136 2063 ut
1152 2043 1206 2063 non
1225 2035 1362 2070 acciperet
1377 2037 1412 2063 ab
1427 2044 1460 2063 eo
1474 2044 1533 2071 qua:
1553 2037 1654 2064 attulit.
1671 2036 1745 2065 Vivit
1763 2038 1817 2065 Dn-

1027 2082 1131 2114 minus,
1149 2082 1214 2116 quia
1226 2089 1335 2108 curram
1362 2085 1423 2116 post
1448 2090 1522 2114 eum,
1541 2086 1567 2109 et
1583 2083 1716 2117 accipiam
1732 2084 1766 2110 ab
1785 2091 1818 2111 eo

1029 2128 1145 2162 aliquid.
1169 2126 1202 2154 Et.
1233 2132 1344 2154 secutus
1366 2132 1407 2154 est
1422 2127 1497 2154 Giezi
1535 2133 1595 2162 post
1614 2133 1720 2163 tergum
1747 2129 1819 2156 Naa-

1028 2181 1091 2200 man
1106 2173 1146 2199 ¹³.
1162 2183 1171 2198 ι
1210 2173 1245 2200 Ει
1264 2177 1327 2207 post
1351 2180 1438 2204 pauca
1457 2182 1463 2199 :
1500 2182 1509 2198 ι
1530 2173 1561 2199 lit
1584 2173 1655 2200 dixit
1677 2173 1818 2201 Naaman:

194 2227 202 2241 ι
217 2216 271 2242 Kal
290 2214 350 2242 εἷπε
374 2216 500 2250 Νεεμάν·
515 2212 588 2243 Λάϐε
607 2217 640 2253 δὴ
667 2218 798 2244 τάλαντον
830 2218 972 2253 ιὶιργυρίου1

1030 2219 1130 2254 Accipe
1147 2219 1279 2246 talentum
1297 2219 1402 2253 argenti
1417 2227 1422 2250 ;
1440 2224 1467 2245 et
1481 2220 1569 2254 coegit
1583 2227 1656 2252 enin,
1673 2220 1820 2254 ligavitque

194 2262 247 2287 Kal
266 2261 346 2287 ἔλαϐε
366 2261 412 2287 δύο
426 2261 546 2288 τάλαντα
560 2263 693 2298 ἀργυρίου
705 2264 734 2289 ὲν
748 2263 808 2289 δυσὶ
823 2263 978 2296 ϐυλακίοις,

193 2308 238 2333 καὶ
266 2307 312 2333 δύο
337 2308 528 2343 ἀλασσομὲνας
550 2309 676 2340 στολάς.)
706 2310 762 2336 Kal
793 2310 852 2345 μεθ’
881 2311 977 2346 ’ἐτερα-

195 2363 203 2378 ι
217 2354 270 2380 Kal
285 2352 346 2380 εἷπε
357 2355 425 2389 πρὸς
442 2354 523 2380 αὐτὸν
542 2355 680 2381 Ἐλισσαιὲ
692 2363 698 2370 ·
718 2355 802 2382 Πόθεν
818 2356 917 2391 Γιεζῆ;
934 2357 980 2383 xal

193 2397 252 2425 εἷπε
271 2399 370 2433 Γιεζῆ⁵
384 2399 420 2426 Οὐ
439 2399 608 2434 πεπόρευται
636 2401 650 2426 6
664 2400 759 2433 δοῦλός
788 2410 835 2428 σου
855 2402 919 2428 ἔνθα
934 2403 982 2429 καί¹

193 2444 266 2471 ἐνοα.
283 2445 338 2471 Kal
350 2443 410 2471 εἷπε
427 2446 495 2481 πρὸς
510 2446 592 2472 αὑτὸν
609 2446 742 2473 Ἐλισσαιέ
755 2454 762 2462 ·
779 2447 871 2483 Οὐχὶή
882 2448 982 2484 καρδία

196 2500 246 2525 μου
259 2491 395 2526 ἐπορεύθη
412 2492 480 2526 μετὰ
496 2491 555 2523 σοῦ,
574 2493 620 2518 καὶ
642 2489 711 2525 οἶδα,
736 2493 781 2519 ὅτε
809 2493 983 2528 ἀπέστρεψεν

194 2538 207 2562 6
219 2537 288 2572 ἀνὴρ
302 2537 355 2563 ἀπὸ
370 2537 416 2563 τοῦ
432 2537 557 2572 ἅρματος
577 2537 617 2568 εἰς
641 2537 804 2573 συνάντησίι
834 2547 898 2572 σου;
929 2539 985 2565 Καὶ

195 2583 242 2608 νῦν
251 2582 346 2614 ἔλαϐες
362 2582 392 2608 τὺ
407 2581 550 2617 ἀργύριον,
565 2582 613 2608 καὶ
627 2582 675 2608 νῦν
700 2582 796 2615 ἔηλοιὸες
811 2585 859 2610 καὶ
872 2583 907 2610 τὰ
921 2584 984 2619 ἱμά-

193 2637 254 2656 τια·
274 2628 321 2654 καὶ
348 2629 420 2663 λήψῃ
435 2629 464 2654 ἐν
476 2628 550 2663 αὺτῷ
572 2629 690 2663 κήπους,
711 2629 760 2655 καὶ
785 2629 912 2662 ἐλαιῶνα,
939 2632 985 2657 καὶ

193 2677 353 2711 ἀμπελῶνα,
372 2678 419 2704 καὶ
427 2677 561 2712 πρόϐατα,
580 2677 627 2703 καὶ
643 2676 719 2711 βόας,
746 2676 793 2701 καὶ
808 2676 917 2708 παῖδας.
934 2676 982 2702 καὶ

195 2722 340 2754 παιδίσκας
356 2731 363 2738 ·
379 2723 426 2749 καὶ
441 2724 458 2757 ὴ
477 2722 566 2757 λέπρα
591 2722 702 2757 Neap.va
724 2721 924 2756 κολληθήσεται
953 2723 981 2748 ἐν

1029 2265 1084 2292 (1υο
1108 2264 1208 2291 talenta
1226 2265 1330 2298 argenti
1351 2264 1377 2290 in
1402 2264 1512 2290 duobus
1533 2264 1633 2295 saccis,
1654 2269 1680 2291 et
1698 2265 1819 2298 duplicia

1029 2311 1190 2338 vestimenta
1206 2309 1244 2336 ".
1259 2318 1268 2335 ι
1291 2309 1323 2336 Et
1338 2315 1398 2343 post
1416 2310 1468 2336 alia
1486 2319 1493 2337 :
1514 2319 1522 2334 ι
1536 2308 1569 2336 Ει
1586 2309 1655 2336 dixit
1682 2309 1818 2336 Elisaeus:

1030 2356 1109 2384 Unde
1126 2356 1200 2383 venit
1212 2355 1308 2383 Giezi‘l
1329 2355 1380 2388 Qui
1397 2355 1540 2389 respondit
1555 2364 1561 2382 :
1577 2355 1639 2381 Non
1662 2354 1711 2381 ivit
1722 2359 1818 2382 servus

1033 2408 1098 2430 tuus
1111 2410 1263 2438 quoquam.
1279 2401 1372 2428 Atille
1397 2402 1452 2428 ait:
1483 2401 1579 2428 Nonne
1604 2408 1652 2427 cor
1674 2407 1766 2427 meum
1787 2398 1813 2426 in

1037 2449 1246 2484 prmsentibrat,
1265 2449 1374 2483 quando
1399 2455 1526 2474 reversus
1539 2452 1580 2474 est
1595 2447 1721 2480 itequc
1737 2455 1819 2474 curru

1033 2500 1084 2520 suo
1097 2493 1124 2519 in
1143 2491 1289 2520 occursum
1305 2492 1364 2519 tui?
1383 2491 1461 2519 Nunc
1474 2492 1555 2526 igitur
1570 2492 1702 2526 accepisti
1722 2500 1821 2526 argen-

1034 2545 1102 2571 tum,
1119 2543 1146 2566 et
1174 2539 1304 2573 accepisti
1347 2543 1455 2565 vestes:
1486 2543 1515 2564 ut
1543 2546 1618 2565 etuas
1655 2538 1764 2569 oliveta,
1796 2543 1822 2564 et

1033 2587 1149 2617 vineas,
1188 2589 1216 2611 et
1243 2593 1320 2616 oves,
1358 2589 1385 2612 et
1415 2586 1508 2615 boves,
1532 2590 1557 2610 rt
1591 2590 1739 2614 servos,et
1773 2592 1822 2610 an-

1035 2632 1134 2659 cillas:
1170 2630 1217 2657 sed
1256 2630 1330 2664 lepra
1357 2629 1479 2656 Naatnan
1507 2629 1656 2656 adhaerebit
1674 2630 1722 2656 tibi
1735 2634 1762 2655 rt
1780 2638 1823 2655 sr-

1037 2678 1104 2704 mini
1134 2683 1180 2704 tuo
1209 2678 1236 2703 in
1270 2677 1479 2710 sempiternum.
1509 2675 1543 2702 Et
1575 2683 1702 2710 og-essus
1718 2681 1759 2702 est
1788 2676 1822 2701 ab

1037 2731 1070 2750 eo
1081 2724 1205 2757 leprosos
1223 2722 1301 2757 quasi
1315 2722 1359 2749 nix
1373 2723 1395 2737 ³⁵
1406 2743 1412 2749 .
1425 2731 1433 2747 ι

196 2769 236 2794 :t'ol
255 2768 302 2795 καὶ
316 2769 345 2794 ἐν
358 2768 395 2803 τῷ
412 2768 550 2803 σπέρματί
584 2777 630 2794 σου
656 2768 695 2798 είς
725 2767 770 2793 τὸν
799 2768 895 2794 αἰῶνα.
928 2769 982 2794 Καὶ
1001 2768 1114 2804 ἐξῆλθεν
1127 2770 1159 2794 ἐκ
1190 2768 1236 2794 τοῦ
1261 2767 1410 2802 προσώπου
1439 2767 1522 2794 αὑτοῦ
1538 2767 1743 2803 λελεπρωμένος
1757 2766 1825 2793 ὡσεὶ

197 2814 274 2849 χιών.
281 2824 290 2840 ι

232 2873 254 2889 ια
272 2873 332 2900 Act.
346 2880 403 2905 \‘Iil,
419 2872 509 2899 18-25.
529 2873 548 2888 ³³
571 2871 602 2899 ill
617 2871 682 2906 Reg.
702 2880 760 2904 xnt,
773 2872 817 2905 Iul,
833 2872 877 2899 56.

918 2873 938 2888 "‘-'
956 2871 987 2899 IV
999 2872 1064 2907 Reg.
1082 2880 1108 2905 ι’,
1124 2873 1166 2905 15,
1185 2871 1226 2899 lG.
1242 2871 1263 2888 ³³
1278 2870 1342 2899 ibid.
1358 2870 1402 2903 90,
1419 2870 1442 2887 ³³
1455 2869 1509 2897 ibid
1522 2869 1568 2897 23.
1607 2870 1629 2886 ³⁸
1643 2869 1708 2897 ibid.
1721 2868 1818 2897 25-27.
