2051 3154
156 187 222 219 1449

864 176 1064 212 EPISTULE.

1727 171 1795 204 1450

156 247 210 279 τῷν
241 244 290 279 μὲν
317 244 428 276 λαῖκῶν,
455 243 509 270 τῶν
533 242 562 269 δὲ
588 242 792 278 πρεσϐυτέρων,
822 238 864 270 οἷς
890 240 948 266 ἕδο-

1021 242 1077 263 :tnt.
1095 237 1217 272 Cumque
1232 239 1424 272 permanerent
1450 237 1533 262 testes
1551 237 1605 260 tam
1631 231 1693 259 laici
1711 239 1794 265 quam

158 292 205 323 ξαν
219 290 419 326 τεθαρρηκέναι
430 298 436 304 ⁸
453 290 535 316 τινῶν
546 289 578 315 δὲ
596 289 644 315 καὶ⁴
674 287 824 322 γυναικῶν,
855 287 902 312 καὶ
916 285 951 311 τὰ

158 337 215 372 εἴδη
230 336 283 362 τῶν
298 335 436 371 ἐνεχύρων
462 335 607 368 λεγόντων,
621 334 685 365 τοὺς
700 333 808 364 τόπους,
824 332 871 358 καὶ
887 331 950 361 τοὺς

158 380 284 414 καιροὺς,
311 380 358 406 καὶ
371 379 421 414 τὴν
448 380 596 413 ποσότητα,
615 379 645 405 οὐ
661 378 730 405 πάνυ
747 377 836 408 καλῶς
863 375 951 402 αὐτῶν

158 426 335 461 διακειμένης
362 426 411 460 τῆς
442 426 622 461 συνειδήσεως
639 445 645 456 ,
673 424 828 459 αὐθαίρετοι
855 421 951 457 ὁμολο-

161 471 240 506 γοῦσι
253 472 316 507 δίχα
343 471 445 506 πολλῆς
467 472 591 506 ἀνάγκης
607 479 614 485 ·
635 471 676 497 ὅτι
691 470 858 504 δεδώκαμεν,
885 470 951 503 ὁμο-

161 518 307 552 λογοῦμεν,
324 518 373 544 καὶ
397 517 551 552 γεγόναμεν
568 516 697 551 τοιαύτην
712 515 872 551 νομίσαντες
888 515 953 541 ἀκο-

160 563 272 590 λουθίαν
304 561 384 590 εἶναι..
406 563 465 589 Ἴνα
484 563 605 597 δόξωμεν
623 563 672 597 τῆς
692 556 790 596 βουλῆς
809 561 858 596 τῆς
870 558 954 596 δημο-

146 610 223 640 ’σίας
248 608 468 644 ἐλευθεροῦσθαι.
498 607 554 634 κει
569 609 617 634 νῦν
634 607 762 642 δεόμεθα,
780 607 804 632 εἰ
817 607 867 641 μέν
879 606 953 632 ἐστιν

161 655 234 681 ὅσιον
261 655 335 689 ἡμᾶς
352 652 423 680 εἶναι
448 655 476 680 ὲν
492 655 525 688 τῇ
542 653 698 688 λειτουργίᾳ
717 654 769 686 τῆς
783 650 930 685 ἐκκλησίας
943 659 951 667 ·

163 699 223 725 ἐπεὶ
249 699 301 725 κᾶν
331 699 362 726 τὸ
386 699 498 734 χρυσίον
515 698 529 724 ὅ
554 698 720 733 δεδώκαμεν,
747 696 790 723 ἵνα
815 694 952 731 λάϐωμεν.

163 746 223 773 Τῶν
237 745 291 782 γὰρ
315 745 453 779 γυναικῶν
478 744 558 780 ἡμῶν
588 744 747 779 δεδώκαμεν
770 751 831 769 τινα
857 741 953 776 σκεύη.

169 790 295 824 Ἰωάννης
311 789 380 824 πρὸς
403 788 490 815 ταῦτα
503 789 638 822 ὑπέσχετο
660 789 693 822 τῇ
707 787 818 822 συνόδῳ,
835 787 876 813 δτι
901 785 954 811 Τοῦ

165 835 215 869 μὲν
240 834 432 869 βουλευτηρίου
459 834 514 868 ἐγὼ
538 835 638 865 αὐτοὺς
669 835 717 860 σὺν
733 833 793 868 Θεῷ
815 831 956 859 ἀπαλλάσ-

164 889 203 907 σω
221 901 228 913 ,
252 880 371 912 ἀξιώσας
397 880 443 906 τὸν
473 880 603 915 βασιλέα·
624 877 705 915 ὑμεῖς
728 879 757 905 δὲ
781 877 954 914 προστάξατε

165 927 263 958 αὐτοὺς
274 926 365 952 λασεῖν
380 926 398 953 ἃ
411 925 542 952 δεδώκασι
555 925 632 960 παρὰ
642 925 696 951 τῶν
716 925 876 951 Ἀντωνίνου
891 923 957 958 κλη-

166 972 299 1007 ρονόμων.
329 970 500 1007 Προσέταξεν
523 971 539 1005 ἠ
562 969 681 1002 σύνοδος,
709 969 740 996 τδ
764 969 815 1004 μὲν
844 968 957 1004 χρυσίον

166 1017 265 1048 αὐτοὺς
295 1018 386 1043 λαϐεῖν
411 1016 487 1052 παρὰ
507 1015 561 1042 τῶν
588 1014 768 1050 κληρονόμων
783 1013 955 1044 ’Λντωνὶνου,

166 1064 305 1090 κοινωνεῖν
318 1063 345 1089 δὲ
358 1063 431 1089 ἕνίον
457 1061 504 1088 τοῦ
538 1060 747 1095 θυσιαστηρίου,
777 1058 846 1086 εῖναι
861 1059 888 1086 δὲ
903 1059 958 1085 ἀπὸ

166 1109 280 1144 ἱερέων·
296 1109 338 1135 ἵνα
357 1108 394 1143 μὴ
411 1108 514 1135 τούτων
536 1107 779 1143 συγχωρηθέντων,
801 1105 861 1137 ἔθος
876 1105 957 1140 γένη-

166 1164 212 1181 ται
228 1154 372 1181 Ἰουδαϊκὸν
382 1154 555 1190 ἦΛὶγύπτιον
568 1154 615 1180 τοῦ
634 1153 736 1180 πωλεῖν
753 1153 800 1179 καὶ
813 1151 958 1187 ἀγοράζειν

166 1201 216 1235 τὴν
234 1200 393 1234 ἱερωσύνην.
411 1200 479 1226 Φασὶ
510 1199 564 1234 γὰρ
587 1199 633 1225 τὸν
661 1198 789 1234 λυμεῶνα
818 1198 865 1224 καὶ
893 1197 959 1231 ψευ-

166 1245 289 1279 δώνυμον
302 1245 475 1280 πατριάρχην
496 1245 550 1270 τῶν
572 1243 709 1270 Ἰουδαίων
721 1243 780 1270 κατ’
800 1242 860 1273 ἔτος
877 1241 958 1276 ἀμεί-

167 1290 236 1321 6ειν,
249 1290 320 1325 ἢκαὶ
334 1291 399 1325 παρ’
414 1290 474 1321 ἔτος
488 1291 551 1321 τοὺς
562 1288 820 1325 ἀρχισυναγώγους,
833 1288 878 1314 ἐπὶ
896 1287 958 1313 συλ-

168 1335 235 1369 λογῇ
252 1335 299 1361 τοῦ
315 1335 463 1370 ἀργυρίου·
479 1335 580 1369 ὁμοίως
595 1335 643 1360 καὶ
673 1334 718 1360 τὸν
744 1331 869 1368 ζηλωτὴν
897 1332 960 1358 τοῦ-

168 1389 215 1406 του
245 1380 299 1406 τῶν
327 1380 482 1414 Αἰγυπτίων
510 1380 701 1415 πατριάρχην·
715 1379 760 1405 ἵνα
781 1377 912 1413 πληρωθῇ
929 1377 959 1403 τὸ

171 1426 357 1461 προφητικόν·
379 1434 387 1450 ι
400 1426 431 1452 Οἱ
448 1426 530 1460 ἱερεῖς
544 1426 630 1460 αὐτῆς
649 1425 719 1460 μετὰ
733 1423 828 1460 δώρων
843 1423 960 1459 ἀπεκρί-

169 1481 256 1505 νοντο,
271 1473 317 1499 καὶ
332 1472 356 1498 οἱ
377 1472 514 1508 προφῆται
531 1472 616 1507 αὐτῆς
631 1471 700 1507 μετὰ
718 1471 851 1507 ἀργυρίου
877 1472 961 1506 ἐμαν-

169 1527 289 1546 τευοντο.
303 1527 312 1544 ι

176 1566 224 1592 Ἰδκ
241 1565 300 1592 τῶν
325 1566 464 1593 κανόνων
481 1565 541 1591 τῶν
568 1563 738 1597 ἑξακοσίων
751 1563 911 1598 τριάκοντα
928 1565 960 1590 ἁ-

206 1601 279 1634 γίων
292 1601 431 1635 Πατέρων
442 1599 502 1627 τῶν
511 1600 546 1626 ὲν
554 1599 725 1633 Χαλκηδόνι
736 1599 959 1631 συνελθόντων,

207 1635 306 1662 κανὼν
315 1635 464 1669 δεύτερος.

207 1681 240 1707 Εἴ
253 1690 294 1712 τις
317 1682 467 1712 ἐπίσκοπος
483 1681 529 1707 ἐπὶ
552 1681 676 1716 χρήμασι
703 1680 871 1716 χειροτονίαν
883 1680 961 1714 ποιή-

172 1736 257 1759 ααιτο,
283 1728 384 1759 nisi;
413 1728 515 1763 πρᾶσιν
540 1727 686 1762 καταγάγῃ
713 1728 763 1761 τὴν
777 1727 900 1762 ἄπρατον
912 1727 961 1762 χά-

172 1783 225 1810 ριν.
243 1774 289 1800 καὶ
314 1775 491 1809 χειροτονήσῃ
523 1774 572 1801 ἐπὶ
599 1775 738 1809 χρήμασιν
763 1773 959 1808 ἐπίοκοπον,ἢ

170 1821 391 1856 χωρετῖίσκοπον,
406 1821 422 1856 ἢ
437 1821 638 1856 πρεσόύτερον,
656 1821 702 1848 καὶ
717 1821 854 1851 διάκονον,
870 1820 886 1855 ἢ
901 1820 960 1846 ’ἐτε-

172 1868 218 1902 ρὸν
231 1868 352 1895 τινατῶν
366 1869 396 1895 ὲν
408 1867 446 1902 τῷ
459 1868 553 1903 κλήρῳ
569 1867 846 1901 καταριθμουμένων,
861 1866 877 1901 ἢ
894 1874 961 1900 προσ

170 1914 295 1940 δάλλοιτο
319 1915 365 1941 ἐπὶ
393 1915 531 1949 χρήμασιν
563 1914 714 1948 οἰκονόμον,
735 1914 751 1949 ἢ
777 1913 895 1945 ἔκδικον,
913 1912 960 1939 καὶ¹

170 1959 389 1994 παραμονάριον,
417 1958 432 1993 ἢ
457 1958 529 1988 δλως-
548 1958 609 1984 τινὰ
634 1957 684 1984 τοῦ
707 1957 831 1989 κανόνος,
861 1957 894 1983 δι’
921 1957 961 1983 αἰ-

170 2006 363 2040 σχροκέρδειαν
392 2004 623 2037 οἰκείαν,ὀτοῠτο
652 2004 843 2038 ἐπιχειρήσας,
870 2003 961 2037 ἐλεγχ-

170 2051 226 2082 θεὶς
251 2050 432 2077 κινδυνευέτω
461 2051 526 2085 περὶ
553 2049 598 2076 τὸν
625 2050 725 2076 οἰκεῖον
744 2048 867 2084 βαθμόν·
886 2048 932 2075 καὶ
946 2049 960 2075 ὁ

169 2096 422 2132 χειροτονούμενος,
443 2096 526 2131 μηδὲν
542 2097 574 2121 ὲκ
589 2095 638 2129 τῆς
667 2095 725 2121 κατ’
739 2094 875 2130 ἐμπορίαν
887 2094 960 2128 ὠφε-

168 2141 267 2168 λείσθω
296 2141 468 2176 χειροτονίας
488 2141 505 2176 ἣ
527 2140 674 2176 προϐολῆς,
701 2139 759 2166 ἀλλ’
786 2139 855 2165 ἔστω
880 2139 959 2165 ἀλλό-

168 2196 244 2223 τριος
273 2188 323 2222 τῆς
352 2186 461 2221 ἀξίαςῆ
485 2186 532 2212 τοῦ
562 2186 775 2221 φροντίσματος,
802 2182 888 2220 οὗπερ
913 2186 959 2211 ἐπὶ

1004 283 1169 318 presbyteri,
1187 282 1288 317 quibus
1307 281 1398 308 visum
1416 279 1503 311 fuerat
1531 279 1646 306 fidenter
1666 275 1725 313 [σι’.
1743 276 1795 303 visi

1003 326 1270 362 fuerantcontldere]
1286 334 1347 354 esse
1359 326 1524 353 credendum
1540 333 1547 357 ;
1564 323 1687 358 quaedam
1703 327 1795 350 autem

1002 378 1029 401 et
1044 374 1173 400 mulieres
1190 382 1196 399 :
1217 373 1299 400 etiam
1324 373 1428 407 species
1457 372 1602 407 pignOrum
1634 369 1753 405 prtefati,
1769 374 1797 396 et

1004 419 1072 452 loca,
1089 424 1116 446 et
1144 423 1277 453 tempora,
1296 423 1322 445 et
1338 418 1539 453 quantitatem;
1569 424 1623 443 non
1645 415 1795 444 admodum
1834 426 1837 431 ι

1004 465 1073 492 bene
1083 465 1253 491 conscientia
1271 458 1319 490 sua
1333 463 1478 498 disposita,
1494 463 1611 489 ultronei
1631 461 1797 488 conﬁtentur
1832 492 1833 495 η

1004 511 1205 544 absquemttlta
1223 510 1405 537 necessitate-
1433 508 1502 541 Quia
1523 508 1660 540 dedimus,
1681 508 1798 546 conlitu-

1005 564 1077 587 mur,
1093 560 1119 582 et
1139 555 1202 583 fricti
1234 563 1340 588 sumus,
1368 556 1448 582 talem
1481 554 1673 581 existimantes
1698 562 1798 581 conse-
1831 546 1835 554 ’

1005 601 1147 636 quentiam
1176 599 1432 636 [consuetudinem]
1457 607 1528 632 esse,
1554 604 1584 626 ut
1610 599 1765 627 viderentur
1783 607 1799 626 a

1005 648 1082 675 curia
1097 648 1207 680 publica
1226 647 1348 674 liberari.
1364 646 1396 673 Et
1414 654 1488 674 nunc
1510 647 1701 678 obsecramus,
1732 651 1761 673 ut
1776 647 1799 673 si

1005 695 1120 729 quidem
1130 694 1236 729 justum
1254 699 1295 721 est
1315 701 1366 721 nos
1380 689 1444 721 Iesse
1460 694 1486 720 in
1503 694 1660 721 ministerio
1676 693 1800 721 ecclesia:

1006 741 1115 768 simus:
1132 741 1174 767 sin
1189 745 1291 772 autent,
1314 741 1409 767 saltem
1433 748 1531 767 aurum
1556 741 1629 775 quod
1661 740 1799 771 dedimus.

1008 786 1195 820 recipiamus:
1212 794 1273 813 nam
1289 794 1406 813 uxorum
1432 791 1590 813 nostrarum
1609 789 1733 821 qumdam
1752 787 1800 813 dc-

1007 832 1097 859 dimtts
1112 839 1186 858 vasa.
1201 829 1321 866 Joannes
1333 830 1364 857 ad
1378 830 1435 858 haec
1451 831 1656 865 repromittebat
1672 831 1800 863 concilio,

1008 878 1071 912 quia
1090 885 1104 904 a
1130 877 1207 905 curia
1231 878 1342 912 quidem
1371 884 1421 913 ego
1436 885 1484 905 eos
1499 886 1560 905 eum
1584 878 1638 906 Deo
1667 879 1799 912 liberabo,

1009 924 1152 959 postulans
1173 925 1382 959 imperatorem:
1398 933 1447 952 vos
1466 929 1556 953 autem
1575 926 1713 961 pnccipite
1728 927 1801 954 acci-

1009 977 1073 1005 pere
1097 970 1158 997 illos
1176 970 1248 1005 quod
1264 971 1409 1003 dederunt,
1439 971 1473 998 ab
1488 972 1642 999 luet-edibus
1657 973 1800 1000 Antonini.

1008 1015 1144 1050 Prmcepit
1171 1017 1290 1051 synodus
1308 1025 1405 1044 aurum
1422 1017 1531 1052 quidem
1553 1025 1599 1045 eos
1625 1018 1745 1053 recipere
1767 1019 1802 1045 ab

1009 1061 1164 1089 Incredibus
1190 1061 1334 1095 Antonini,
1367 1063 1575 1090 communicare
1611 1068 1701 1090 autem
1730 1064 1801 1091 intra

1008 1105 1105 1139 altare,
1123 1112 1149 1134 et
1162 1115 1224 1134 esse
1245 1107 1367 1142 privatos
1383 1109 1539 1135 sacerdotio
1555 1117 1562 1136 :
1581 1117 1615 1136 ne
1631 1109 1691 1137 istis
1709 1110 1801 1136 indui--

1009 1154 1127 1187 gentiam
1146 1155 1315 1186 consecutis,
1331 1156 1502 1183 consuetudo
1521 1156 1599 1184 ﬁeret
1621 1156 1737 1184 Iudaica
1760 1157 1802 1184 ιρι

1009 1198 1134 1234 lEgyptia
1149 1201 1281 1227 vendendi
1297 1201 1495 1234 sacerdotium,
1515 1203 1557 1230 vel
1575 1204 1694 1231 emendi.
1718 1203 1802 1230 Aiunt

1009 1246 1081 1273 enim
1096 1246 1269 1281 pestilentem
1285 1251 1311 1274 et
1327 1247 1481 1275 falsidicum
1496 1249 1680 1282 patriarcham
1692 1248 1802 1276 Judaeu-

1011 1299 1071 1318 rum
1088 1299 1135 1326 per
1151 1291 1274 1326 singulos
1287 1299 1374 1319 annos
1397 1293 1438 1319 vel
1460 1292 1543 1324 infra,
1568 1285 1800 1330 archisyuagogus

1010 1344 1058 1371 per
1085 1337 1159 1364 vices
1178 1338 1347 1365 constituere
1370 1346 1451 1366 causa
1475 1338 1634 1374 colligendae
1659 1340 1800 1374 pecuniae:

1011 1382 1138 1409 similiter
1156 1387 1182 1412 et
1197 1383 1386 1410 eemulalorcm
1405 1383 1498 1415 hujus,
1528 1383 1720 1420 [Egyptiorum
1746 1386 1802 1412 sci-

1012 1427 1075 1455 licet
1088 1428 1291 1462 patriarcham;
1311 1433 1338 1455 ut
1353 1428 1498 1463 impleatur
1512 1429 1579 1457 illud
1591 1430 1801 1465 propheticum:

1014 1482 1023 1499 ι
1045 1473 1207 1501 Sacerdotes
1216 1474 1276 1508 ejus
1290 1482 1352 1501 cum
1369 1475 1532 1502 muneribus
1549 1477 1761 1510 respondebant,
1776 1482 1801 1504 ct

1013 1520 1151 1554 propheta:
1165 1520 1238 1547 illius
1250 1527 1313 1546 cum
1331 1525 1444 1555 argento
1461 1521 1619 1548 divinabant
1633 1521 1666 1549 δι.
1683 1531 1693 1548 ι

1015 1564 1055 1591 Eat
1074 1565 1218 1592 canonibus
1233 1571 1416 1592 sexcentarum
1431 1566 1544 1600 triginta
1566 1572 1721 1594 sanctorum
1749 1566 1802 1594 Pu-

1049 1600 1358 1635 trum,quiC/talcedone
1370 1607 1554 1634 convenerunt,
1571 1602 1660 1637 regula
1676 1603 1801 1631 secum/tt.

1048 1681 1077 1708 Si
1093 1681 1155 1716 quis
1173 1682 1318 1716 episcopus
1345 1689 1393 1716 per
1414 1681 1547 1717 pecunias
1573 1681 1668 1709 fecerit
1689 1682 1802 1709 ordiua.

1012 1727 1124 1758 tionem,
1141 1731 1168 1754 et
1185 1727 1238 1754 sub
1256 1727 1342 1761 pretio
1365 1728 1501 1762 redegerit
1523 1728 1640 1762 gratiam
1668 1735 1730 1762 qua:
1748 1735 1802 1755 non

1013 1776 1099 1808 poteSt
1114 1773 1206 1804 vendi,
1220 1773 1444 1808 ordinaveritquc
1464 1781 1511 1808 per
1535 1774 1679 1808 pecuniam
1694 1774 1802 1808 episco-

1012 1827 1088 1854 pum,
1106 1819 1147 1846 vel
1176 1819 1417 1853 cltorepiseopum,
1447 1819 1492 1846 vel
1523 1820 1726 1854 presbyterum,
1757 1824 1801 1846 aut

1011 1866 1168 1897 diaconum,
1185 1864 1227 1892 vel
1247 1865 1396 1899 quemlibet
1419 1873 1452 1891 ex
1474 1865 1516 1891 his
1534 1865 1580 1898 qui
1594 1872 1800 1892 connumeran—

1011 1917 1055 1940 tur
1069 1913 1096 1939 in
1109 1912 1184 1939 clero
1201 1920 1208 1944 ;
1232 1917 1279 1938 aut
1295 1911 1464 1946 promoverit
1480 1918 1527 1945 per
1541 1911 1672 1945 pecunias
1690 1910 1801 1945 dispen-

1011 1966 1145 1991 satorem,
1158 1963 1205 1985 aut
1216 1958 1400 1990 defensorem,
1432 1957 1475 1984 vel
1494 1957 1725 1989 mansionarium,
1754 1962 1801 1985 aut

1011 2012 1176 2040 quemquam
1196 2005 1244 2039 qui
1260 2004 1400 2038 subjectus
1416 2007 1458 2030 est
1481 2003 1593 2037 regulae,
1612 2010 1662 2037 pro
1686 2003 1728 2030 sui
1743 2008 1801 2030 tur-

1011 2051 1115 2086 pissimi
1136 2050 1207 2077 lucri
1225 2049 1390 2077 commodo:
1419 2049 1442 2076 is
1464 2057 1546 2083 quem
1573 2050 1625 2076 hoc
1650 2054 1802 2078 attentasse

1010 2097 1155 2132 probatum
1177 2095 1269 2126 fuerit,
1288 2096 1391 2130 proprii
1406 2096 1507 2130 gradus
1527 2096 1651 2130 periculo
1676 2096 1803 2130 subjacm

1011 2144 1049 2171 bit
1064 2153 1070 2171 :
1090 2147 1117 2171 et
1132 2143 1177 2178 qui
1201 2144 1344 2170 ordinatus
1368 2147 1420 2174 est,
1438 2142 1504 2169 nihil
1517 2150 1550 2169 ex
1565 2145 1614 2171 hac
1628 2145 1802 2173 ordinatione

1010 2194 1056 2217 aut
1072 2191 1255 2224 promotione,
1272 2197 1333 2223 qua:
1359 2196 1406 2222 per
1419 2189 1635 2223 negotiationem
1665 2190 1736 2218 facta
1749 2197 1801 2222 est.

168 2234 308 2269 χρήμασιν
333 2232 438 2268 ἔτυχεν,
454 2234 478 2258 εἰ
494 2232 522 2258 δέ
537 2241 579 2264 τις
602 2234 650 2259 καὶ
676 2231 826 2267 μεσιτεύων
859 2231 956 2266 φανείη

1010 2236 1148 2271 proﬁciat,
1170 2235 1217 2262 sed
1235 2235 1272 2262 sit
1287 2234 1395 2261 alienus
1421 2242 1452 2262 ea
1467 2235 1600 2269 dignitate
1624 2240 1651 2262 et
1668 2237 1800 2263 sollicitu-

167 2281 224 2310 τοῖς
238 2279 323 2310 οὕτως
338 2279 462 2313 αἰσχροῖς
478 2279 526 2306 καὶ
541 2278 683 2313 ἀθεμίτοις
698 2278 833 2312 λήμμασι,
846 2278 894 2303 καὶ
909 2275 955 2303 οὗ·

167 2333 213 2356 τος
225 2325 249 2350 εί
273 2324 322 2359 μὲν
341 2323 472 2358 κληρικὸς
499 2325 541 2359 εἴη
556 2344 563 2356 ,
594 2324 641 2350 τοῦ
665 2323 767 2349 οἰκείου
798 2323 955 2349 ὲκπιπτέτω

169 2370 274 2406 βαθμοῦ
289 2378 295 2384 ·
316 2371 340 2396 εἰ
369 2369 398 2396 δὲ
417 2370 510 2401 λαῖκὸς
536 2370 553 2404 ἢ
583 2369 727 2404 μονάςων,
758 2368 957 2403 ἁναΟεμα-ειζέ-

169 2416 236 2444 σθω.

173 2472 225 2499 Ἐκ
241 2472 297 2505 τῆς
320 2473 483 2506 ἐγκυκλίου
502 2472 666 2506 ἐπιστολῆς
674 2475 842 2501 Ferrato/0v
853 2474 906 2501 τοῦ
925 2474 958 2500 ά-

204 2507 346 2541 γιωτὰτου
389 2509 631 2541 ἀρχιεπισκόπου
673 2510 958 2536 Κωνσταντινουπό-

203 2544 289 2574 λεως,
307 2543 357 2569 καὶ
375 2542 430 2576 τῆς
444 2543 505 2569 σὺν
519 2544 600 2574 αὐτῴ
614 2544 759 2570 συνόδου.

205 2589 297 2614 Ἔστω
315 2589 404 2615 τοίνυν
419 2590 466 2615 καὶ
479 2588 553 2615 ἔστιν
583 2590 786 2625 ᾁποκὴρυκτος,
805 2591 854 2616 καὶ
869 2591 960 2626 πάσης

168 2635 310 2670 ἱερατικῆς
323 2634 401 2666 ἀξίας
414 2643 444 2662 τε
460 2635 507 2661 καὶ
520 2635 692 2670 λειτουργίας
704 2635 856 2671 ἀλλότριος,
869 2636 916 2662 καὶ
925 2637 958 2672 τῇ

167 2682 277 2717 κατάρᾳ
305 2682 353 2707 τοῦ
376 2681 546 2716 ἁναΘέματος
564 2682 755 2717 ὑποκείμενος,
768 2683 782 2708 ὃ
796 2690 826 2709 τε
841 2682 957 2710 κτᾶσθαι

166 2728 271 2762 ταύτην
287 2728 335 2763 τὴν
363 2728 514 2762 ἱερωσύνην
541 2728 584 2754 διὰ
598 2729 748 2763 χρημάτων
758 2729 892 2761 οἰόμενος,
911 2730 959 2757 καὶ

166 2774 299 2808 ὁταύτην
324 2773 456 2808 παρέχειν
484 2773 531 2799 ἐπὶ
555 2775 695 2808 χρήμασιν
718 2775 934 2810 ὑπισχνούμενος
950 2795 958 2807 ,

167 2821 222 2847 εἴτε
237 2820 376 2856 κληρικὸς,
396 2820 450 2846 εἴτε
467 2820 559 2851 λαῖκδς
578 2821 619 2855 εἴη
634 2828 640 2835 ·
658 2819 709 2847 κᾶν
740 2821 894 2856 ἐλέγχοιτο,
908 2822 960 2850 κᾶν

205 2897 226 2912 ⁸¹
244 2896 324 2923 .‘litlt.
346 2904 385 2926 ιιι,
408 2894 450 2921 ll.

314 2945 449 2974 Ριιτιιοι..
468 2945 527 2974 Gn.
541 2944 673 2975 XCVlll.

1005 2284 1078 2314 dine,
1093 2290 1174 2317 quam
1191 2280 1316 2315 pecuniis
1334 2280 1470 2314 qumsivit.
1483 2280 1582 2315 Siquis
1593 2289 1656 2308 vero
1666 2282 1798 2310 mediator

1005 2336 1060 2358 tam
1078 2328 1203 2363 turpibus
1217 2330 1243 2353 et
1256 2326 1461 2353 nefandlsdatis
1474 2326 1515 2353 vel
1524 2327 1643 2361 acceptis
1653 2329 1799 2362 exstiterit,

1006 2377 1027 2405 si
1041 2375 1151 2410 quidem
1170 2372 1286 2400 clericus
1310 2371 1401 2405 fuerit,
1413 2372 1522 2406 proprio
1547 2373 1630 2408 gradu
1646 2373 1763 2408 decidat,
1778 2375 1799 2402 si

1007 2429 1071 2449 vero
1093 2420 1180 2447 laicus
1196 2423 1243 2445 attt
1263 2418 1426 2449 monachus,
1444 2418 1699 2446 anathematizctur.

1011 2478 1052 2505 Ea:
1085 2476 1209 2512 synodica
1229 2475 1360 2512 _epistolu
1391 2474 1523 2512 Gettnadii
1558 2477 1723 2503 sant-tissimi
1755 2487 1800 2504 ar-

1045 2510 1204 2546 chiepiscopi
1219 2510 1502 2545 Constantinopoleos,
1519 2515 1543 2537 et
1558 2513 1653 2546 synodi
1668 2521 1727 2547 qua:
1743 2521 1800 2540 cum

1044 2556 1074 2575 eo
1092 2552 1160 2574 erat.

1026 2596 1029 2598 '
1046 2594 1088 2621 Sit
1105 2593 1198 2628 igitur,
1214 2598 1241 2620 et
1264 2596 1306 2620 est
1323 2591 1458 2626 abjeetus,
1478 2598 1505 2620 et
1525 2592 1560 2620 ab
1578 2592 1653 2620 omni
1673 2594 1799 2620 sacerdo-

1009 2639 1057 2667 tali
1073 2639 1205 2674 dignitate
1228 2643 1310 2673 atque
1326 2636 1414 2666 ollieio
1439 2638 1556 2672 alienus,
1572 2644 1600 2666 et
1615 2639 1799 2667 maledictioni

1012 2684 1196 2712 anathematis
1221 2683 1362 2715 subditus,
1385 2687 1440 2710 tam
1458 2685 1504 2718 qui
1527 2685 1668 2718 possidere
1686 2686 1737 2712 hoc
1761 2693 1804 2711 sa-

1012 2731 1168 2759 cerdotium
1202 2737 1252 2764 per
1277 2730 1410 2764 pecunias
1435 2730 1577 2764 opinatur,
1607 2738 1688 2765 quant
1712 2731 1734 2757 is
1754 2732 1800 2765 qui

1013 2775 1137 2810 przcbere
1150 2773 1175 2801 id
1195 2778 1305 2809 propter
1322 2774 1456 2808 pecunias
1475 2775 1629 2809 pollicetur,
1646 2775 1703 2803 sive
1719 2775 1802 2802 cleri-

1015 2830 1074 2854 cus,
1090 2821 1148 2849 sive
1162 2821 1248 2848 laicus
1264 2820 1300 2848 sit
1316 2829 1322 2847 :
1336 2821 1393 2849 sive
1403 2822 1557 2855 convictus,
1571 2823 1628 2850 sive
1649 2830 1703 2850 non
1720 2821 1803 2851 fuerit

1563 2932 1598 2962 46
