2051 3154
161 185 230 219 1153

877 169 1077 220 Eptsroms.

1725 191 1794 224 Ῑίῖιί

1638 222 1652 231 π

197 248 228 273 Οί
257 243 304 273 οὖν
325 247 518 282 ὲρευνητικῶς,
541 247 588 274 κοιλ
610 247 640 273 οὑ
663 247 864 283 παροδευτικῶς
882 249 947 273 πᾶσι

1034 249 1086 279 Qui
1099 254 1163 281 ergo
1179 248 1362 275 scrutahiliter
1376 252 1402 274 et
1420 255 1474 274 non
1490 246 1647 275 transitorie
1661 247 1790 275 omnibus

161 294 218 326 τοῖς
248 293 398 328 Γραφικοῖς
423 293 471 319 καὶ
501 293 650 328 Πατρικοῖς
676 292 836 327 διδάγμασιν
868 292 951 326 ἐγκύ-

162 347 298 371 πτοντες,
329 338 375 364 καὶ
405 339 437 373 τῇ
462 337 613 371 ἀναγνώσει
652 337 756 364 τούτων
802 338 949 371 προσέχον-

161 393 217 416 τες,
235 384 281 412 καὶ
294 383 339 410 τὸν
348 383 410 411 νοῦν
423 383 525 410 ἑαυτῶν
537 385 569 418 τῇ
587 383 711 418 εὐσεϐείᾳ
725 383 772 409 καὶ
789 385 821 418 τῇ
838 383 950 418 annosi;

162 430 405 465 προσπηγνῡντες,
432 429 479 455 καὶ
516 429 546 455 οὺ
577 429 646 464 πρὸς
678 430 708 454 τὸ
745 429 809 455 ἴδιον
844 429 951 464 ϐέλημα

162 475 242 502 τοῦτο
254 475 394 510 φέροντες,
411 474 574 508 φωτίζονται
590 474 768 508 θαυμαστῶς,
797 474 851 500 ἀπὸ
864 474 951 508 ὀρέων

163 521 291 554 αἰωνίων,
310 521 546 555 καταυγαζόμενοι
560 520 611 546 ὑπὸ
630 521 685 546 τῶν
700 519 888 554 εὐαγγελικῶν
904 519 951 546 καὶ

162 566 351 593 ἀποστολικῶν
380 566 566 601 ὲνταλμάτων.
585 567 655 601 Ὀρη
674 565 727 600 γὰρ
740 564 848 592 ταῦταό
858 564 950 599 ψαλμ-

162 613 229 648 ῳδδς
243 612 430 647 όνομόιζει,ὄτι
444 611 570 643 ὲναύτοῖς
577 611 780 646 ὲμμελετῶντες
791 610 837 636 καὶ
845 610 950 645 ὁδεόονς

162 666 218 689 τες,
245 658 313 691 πρὸς
341 657 375 683 τὰ
403 657 515 691 οὐράνια
547 656 733 690 ὲπιϐαίνομεν.
767 654 869 682 Αίώνια
900 654 947 686 δὲ,

163 703 205 729 ὅτι
220 702 251 728 οὐ
265 702 422 737 πρόσφατα,
443 701 503 728 οὐδὲ
535 701 701 736 πρόσκαιρα,
730 700 797 728 ἀλλὰ
817 700 869 735 πρὸ
899 709 949 726 κα-

163 748 279 783 ταὸολῆς
292 748 395 782 κόσμου
411 747 584 783 λελάληνται,
603 748 626 773 εί
643 748 690 774 καὶ
703 747 747 772 ἐπ’
760 747 881 781 ἐσχάτων
896 746 949 772 τῶν

164 795 267 829 χρόνων
287 793 495 828 ἑκπεφὼνηνται
509 793 584 828 παρὰ
594 793 648 819 τῶν
660 793 787 828 κηρύκων
807 792 853 818 τοῦ
866 793 949 825 εὐαγ-

164 839 273 874 γελικοῦ
298 840 486 874 κηρύγματος.
503 839 599 873 Ἡμεῖς
622 837 678 870 οὖν,
694 838 759 873 ἄνερ
783 837 948 872 ἐπιθυμιῶν,

163 885 217 912 τῶν
247 885 294 912 τοῦ
321 887 498 920 Πνεύματος,
524 885 562 916 ὡς
582 885 621 920 τῷ
647 884 706 919 Θεῷ
729 892 757 910 σε
773 885 805 910 ἑκ
827 883 950 918 νεότητος

1005 293 1092 320 sacris
1108 293 1258 327 Seripturis
1278 299 1303 319 et
1321 294 1440 327 paternis
1460 293 1593 320 doctrinis
1616 293 1789 325 incumbunt.

1004 342 1031 364 et
1045 337 1154 364 lectioni
1172 337 1267 363 horum
1288 336 1444 368 intendunt,
1462 341 1489 364 et
1504 342 1623 364 mentem
1637 345 1715 365 suam
1732 338 1788 372 pie-

1005 383 1052 410 tati
1070 387 1097 409 et
1119 382 1226 409 veritati
1245 382 1369 417 inﬁgunt,
1389 387 1416 409 et
1434 391 1488 410 non
1506 383 1538 410 ad
1559 383 1695 418 propriam
1720 384 1791 411 hanc

1005 430 1171 457 voluntatem
1199 430 1340 462 referunt,
1372 430 1560 458 illuminantur
1588 431 1752 458 mirabiliter
1776 440 1790 458 a

1004 476 1145 503 montibus
1161 476 1281 508 zelernis,
1300 476 1427 503 illustrari
1446 477 1479 504 ab
1493 477 1659 512 evangelicis
1681 483 1707 504 et
1723 485 1792 512 apo-

1005 522 1107 549 stolicis
1136 522 1286 556 prmeeptis.
1320 521 1424 549 Montes
1456 523 1528 549 enim
1558 523 1616 550 haec
1645 523 1791 550 Psalutista

1005 564 1175 599 no'minat“,
1196 567 1327 601 quoniam
1345 567 1370 594 in
1389 567 1431 594 his
1447 568 1611 595 meditantes
1623 572 1649 594 et
1668 568 1793 595 inambu-

1003 612 1104 643 lantes,
1117 612 1150 639 ad
1168 612 1288 639 cwlestia
1308 611 1521 646 pertransimus.
1541 612 1672 639 {Eteruos
1688 617 1789 644 autem,

1003 658 1068 693 quia
1090 665 1143 684 non
1162 659 1281 685 recentia
1298 666 1348 685 nec
1374 659 1547 692 temporalia,
1566 658 1614 685 sed
1632 658 1667 685 ab
1687 658 1792 693 origine

1004 705 1097 732 mundi
1118 704 1247 739 praedicta
1278 709 1344 732 sunt
1366 704 1425 740 [Cn
1452 708 1515 732 ante
1538 705 1633 731 mundi
1656 706 1792 731 constitu-

1003 751 1105 777 tionem
1120 751 1192 777 dieta
1215 749 1309 786 sunt];
1333 758 1490 785 quanquam
1509 750 1665 777 novissimis
1687 756 1792 784 tempu-

1003 797 1080 823 rillus
1109 796 1215 830 prolata
1247 797 1301 824 sint
1325 804 1339 823 a
1366 796 1594 831 praedicatoribus
1627 796 1792 830 cvangeliezc

1003 841 1216 876 praedicationis.
1236 841 1290 869 Nos
1317 849 1403 876 ergo,
1429 842 1470 868 vir
1492 842 1696 869 desideriorum
1710 863 1717 873 ,
1743 850 1791 869 eo-

1004 894 1065 913 rum
1080 883 1205 914 videlicet
1220 894 1279 921 quae
1302 892 1366 915 sunt
1382 887 1511 922 Spiritus,
1534 887 1590 914 Deo
1617 892 1643 915 te
1664 896 1678 914 a
1691 888 1786 922 juven-

164 932 345 966 γινώσκοντες
376 932 565 968 ἀνακείμενον..
581 930 631 965 τῆς
650 929 765 965 καρδίας
778 928 855 964 ἡμῶν
872 928 950 962 ὀλίγα

1006 936 1058 958 tute
1082 936 1278 967 cognoscentes
1301 933 1435 966 deditum,
1457 940 1561 968 paucos
1586 933 1678 961 cordis
1705 933 1790 960 nostri

164 978 225 1004 τινὰ
241 977 378 1013 κινήματά
388 986 416 1003 τε
434 978 481 1003 καὶ
501 975 673 1012 βουλεύματα
689 976 757 1010 πρὸς
773 974 892 1009 ψυχικὴν
904 974 950 999 εὑ-

164 1023 266 1056 θυμίαν
293 1022 486 1059 ἀνατιθέμεθα.
515 1022 555 1049 Τὰ
578 1022 631 1056 γὰρ
659 1021 770 1048 πλείονα
795 1021 883 1055 σιωπῇ
908 1028 950 1045 τι-

166 1067 274 1103 μάσθω.

201 1113 313 1145 Πάντως
336 1113 453 1148 ὲνηχήοη
483 1113 547 1147 ὑμῖν
583 1112 646 1148 περὶ
674 1111 723 1146 τῆς
755 1110 865 1137 συνόδου
902 1109 951 1144 τῆς

166 1159 315 1194 γενομένης
339 1157 448 1193 εὐδοκία
475 1158 544 1185 Θεοῦ
562 1158 590 1184 ὲν
603 1159 635 1193 τῇ
651 1157 778 1183 Νικαέων
795 1156 871 1182 πόλει
887 1164 894 1171 ⁸
910 1156 951 1187 είς

166 1204 198 1238 ἣν
215 1204 321 1231 σύνοδον
332 1206 414 1240 ἡμεῖς
426 1213 456 1230 τε
473 1205 517 1231 καὶ
549 1203 709 1239 ίερομύσται
722 1202 818 1237 ἄνδρες
834 1210 951 1236 τοποτη-

167 1251 247 1285 ρηταὶ
256 1250 303 1277 τοῦ
317 1259 347 1277 τε
359 1251 437 1278 πάπα
446 1251 495 1284 τῆς
510 1250 698 1286 πρεσϐυτέρας
707 1249 826 1284 Ῥώμης,
839 1247 951 1275 καὶτῶν

166 1296 214 1330 τῆς
230 1296 362 1331 ἀνατολῆς
374 1295 535 1330 ἁγιωτάτων
547 1296 699 1331 ἀρχιερέων
708 1294 888 1330 συνήλθομεν,
903 1293 950 1320 καὶ

166 1341 300 1375 θεοφιλεῖς
320 1343 464 1368 ἐπίσκοποι
485 1342 607 1368 πλεῖστοι
637 1341 709 1367 κατὰ
733 1339 880 1375 πρόσταξιν
895 1339 949 1364 τῶν

165 1387 284 1414 εὐσεϐῶν
297 1388 429 1422 βασιλέων
443 1387 532 1423 ἡμῶν.
553 1387 690 1417 Ὡσαύτως
705 1386 751 1413 καὶ
765 1386 886 1416 εὐλαϐεῖς
901 1385 950 1419 ἀρ-

166 1431 337 1466 χιμανδρίται
362 1432 409 1458 καὶ
432 1431 590 1466 ἡγούμενοι,
611 1432 659 1457 καὶ
679 1431 784 1466 πληθὺς
812 1430 946 1464 μοναχῶν.

166 1478 220 1504 Καὶ
237 1478 286 1512 ἤδη
305 1478 410 1504 πολλῶν
432 1477 532 1512 μεταξὺ
548 1477 627 1512 ἡμῶν
643 1476 824 1512 λαληθέντων,
837 1475 868 1502 τὸ
882 1475 948 1505 ἁληε-

167 1522 210 1554 (is;
222 1523 270 1549 καὶ
279 1522 391 1557 ἀρεστὸν
402 1522 441 1557 τῷ
448 1523 506 1558 Θεῷ
519 1523 625 1558 ἐκρίθη.
635 1522 689 1548 Καὶ
700 1522 770 1549 κατὰ
776 1522 824 1555 τὴν
834 1520 949 1556 ἀρχαίαν

167 1568 346 1603 θεσμοθεσίαν
361 1568 414 1594 τῶν
427 1568 513 1602 ἁγίων
528 1568 657 1603 Πατέρων
670 1568 749 1602 ἡμῶν
764 1569 779 1602 ἠ
800 1567 950 1600 Ἐκκλησία
967 1585 989 1616 C

167 1614 287 1641 ἀπέλαὸε
298 1615 345 1650 τὴν
362 1615 415 1641 τῶν
428 1615 540 1641 είκόνων
555 1613 787 1649 ἀναζωγραφησίν
795 1621 824 1639 τε
833 1613 878 1639 καὶ
889 1621 952 1646 στη-

167 1660 330 1695 λογραφίαν,
347 1660 415 1694 πρὸς
429 1659 575 1694 ἀναγωγὴν
597 1659 645 1686 καὶ
662 1659 817 1692 ὑπόμνησιν
828 1657 876 1684 τοῦ
893 1657 954 1683 καθ’

168 1707 241 1740 ἡμᾶς
255 1706 324 1737 νοὸς,
340 1705 387 1732 καὶ
400 1706 514 1740 μετοχὴν
532 1713 603 1736 τινος
614 1703 762 1738 ἁγιασμοῦ.
773 1703 806 1729 Εἴ
817 1712 843 1729 τι
857 1703 910 1738 γὰρ
926 1703 956 1729 τὸ

169 1753 248 1786 ἅγιον
269 1751 434 1785 Εὑαγγέλιον
466 1751 511 1778 διὰ
528 1752 577 1785 τῆς
593 1750 774 1784 ἀναγνώσεως
797 1749 956 1783 ἐνσημαίνει

169 1799 246 1833 ἡμῖν,
264 1798 293 1824 τὸ
307 1797 375 1824 αὐτὸ
400 1797 445 1824 καὶ
461 1797 489 1823 αἱ
503 1796 607 1827 εἰκόνες
620 1803 627 1811 ·
641 1796 687 1822 καὶ
703 1796 730 1821 εἴ
740 1803 765 1821 τι
779 1795 806 1821 αἱ
825 1802 957 1829 μαρτυρι-

171 1844 218 1871 καὶ
233 1843 318 1879 βίϐλοι
331 1843 488 1878 διηγοῦνται
502 1842 626 1877 περὶτῶν
637 1841 807 1876 παθημάτων
816 1840 870 1867 τῶν
888 1849 924 1875 μα
930 1849 957 1875 ρ-

170 1891 270 1926 τύρων⁹
289 1889 389 1924 ὁμοίως
404 1889 451 1915 καὶ
465 1889 494 1915 αι
507 1888 610 1919 εἰκόνες
628 1896 634 1902 ·
650 1888 697 1914 καὶ
709 1886 814 1918 ταύτας
836 1886 957 1918 ἀσπαζό-

173 1936 241 1970 μεθα
257 1936 295 1966 ὡς
311 1933 503 1969 ὲκτυπώματα
529 1933 583 1960 τῶν
605 1932 793 1967 πρωτοτῶτων
820 1932 893 1961 ὄντα,
911 1932 958 1958 καὶ

170 1983 246 2009 οὐδὲν
260 1982 363 2016 ἕτερον·
377 1979 511 2015 πρόδηλον
529 1978 704 2009 πιστεύοντες
722 1978 763 2008 είς
778 1977 826 2004 ἕνα
844 1977 909 2014 Θεᾲν
929 1978 958 2002 ὲν

171 2027 488 2063 Τριάδιὰνυμνούμενον,
511 2025 559 2051 καὶ
577 2024 652 2058 αὑτῷ
675 2024 749 2058 μόνῳ
768 2022 957 2057 λατρεύοντες.

178 2073 373 2108 Ἐξαιτούμεοα
388 2072 416 2098 δὲ
425 2071 528 2102 καὶτὰς
538 2069 687 2106 πρεσϐείας
696 2070 745 2104 τῆς
757 2069 894 2104 ἀχράντου
912 2070 959 2095 Δε-

172 2119 282 2151 σποίνης
289 2119 304 2152 ἡ
311 2117 367 2152 μῶν
375 2117 424 2151 τῆς
437 2116 515 2150 ἁγίας
528 2115 671 2147 Θεοτόκου,
688 2115 772 2148 ἁγίων
784 2123 814 2140 τε
823 2113 957 2148 ἀγγέλων,

171 2165 217 2191 καὶ
228 2164 337 2190 πάντων
346 2163 400 2189 τῶν
409 2162 494 2195 ἁγίων
503 2161 550 2187 καὶ
556 2161 636 2187 ὁσίων
647 2160 778 2194 Πατέρων
788 2159 875 2194 ἡμῶν.
890 2158 958 2184 Τού-

171 2218 224 2235 των
237 2209 322 2238 οὕτως
332 2207 428 2238 ὄντων,
444 2206 608 2234 ἐνεκάλεσαν
618 2207 649 2240 τῇ
662 2205 765 2240 συνόδῳ
772 2205 802 2230 τὺ
819 2205 899 2231 πλέον
913 2204 959 2238 μέ-

1002 980 1093 1003 motus
1107 981 1135 1003 et
1149 977 1303 1004 voluntates
1317 977 1350 1004 ad
1368 977 1452 1004 animi
1468 977 1637 1005 alacritatem
1650 985 1790 1005 commen-

1002 1021 1100 1048 damus
1115 1030 1121 1048 :
1137 1022 1215 1056 plura
1232 1023 1334 1057 quippe
1354 1022 1464 1050 silentio
1479 1023 1660 1050 honorentur.

1039 1111 1139 1147 Utique
1157 1113 1281 1141 auditum
1295 1118 1338 1141 est
1356 1122 1370 1141 a
1388 1115 1465 1142 vobis
1476 1115 1510 1142 de
1523 1115 1628 1151 synodo
1643 1122 1704 1149 quae
1719 1114 1790 1142 facta

1002 1162 1044 1184 est
1056 1157 1228 1192 beneplacito
1249 1158 1295 1185 Dei
1315 1159 1342 1185 in
1357 1158 1539 1186 Nicaeensium
1553 1160 1619 1186 urbe
1635 1169 1641 1186 :
1658 1160 1690 1187 ad
1707 1167 1789 1195 quam

1002 1203 1130 1231 videlicet
1151 1204 1287 1239 synodum
1310 1213 1360 1233 nos
1383 1209 1410 1232 et
1430 1206 1529 1233 sacrati
1546 1206 1597 1233 viri
1619 1210 1645 1233 et
1662 1207 1713 1233 loci
1731 1214 1789 1233 ser-

1001 1252 1112 1275 vatores
1129 1252 1184 1275 tam
1207 1256 1284 1284 papa),
1304 1249 1421 1276 senioris
1438 1250 1548 1283 ﬂorum,
1561 1258 1644 1285 quam
1669 1250 1789 1279 Orientis

1002 1293 1242 1321 sanctissimorum
1273 1295 1427 1329 principum
1453 1295 1627 1323 sacerdotum
1659 1296 1790 1324 conveni-

1002 1346 1080 1370 mus;
1106 1347 1156 1366 nec
1181 1347 1236 1367 non
1258 1346 1284 1368 et
1302 1340 1357 1367 Deo
1378 1341 1510 1382 amabiles
1535 1342 1656 1378 episcopi
1678 1344 1789 1378 plurimi

1001 1385 1153 1413 secundum
1174 1387 1382 1421 praeceptionem
1399 1387 1507 1422 piorum
1525 1387 1722 1423 imperatorum
1742 1398 1790 1417 no-

1002 1434 1132 1458 strorum.
1153 1430 1290 1459 Similiter
1315 1437 1341 1459 ct
1357 1433 1499 1460 revercndi
1517 1434 1741 1462 archimandrita:
1763 1442 1790 1463 et

1003 1475 1167 1510 hegumeni,
1200 1481 1227 1503 et
1252 1477 1399 1505 multitudo
1428 1478 1639 1506 monachorum.
1665 1479 1790 1514 Cumque

1002 1520 1087 1547 multa
1108 1520 1179 1547 inter
1202 1527 1252 1547 nos
1268 1521 1436 1553 dicerentur,
1454 1522 1527 1556 quod
1546 1530 1640 1549 verum
1661 1528 1688 1550 et
1703 1524 1790 1558 placi—

1004 1570 1060 1592 tum
1078 1570 1119 1593 est
1132 1565 1198 1598 Deo,
1218 1566 1351 1593 sancitum
1372 1571 1431 1599 est;
1450 1571 1476 1594 et
1496 1569 1646 1595 secundum
1669 1569 1788 1603 priscam

1006 1611 1205 1646 lcgislationem
1223 1616 1381 1638 sanctorum
1393 1612 1504 1639 Patrum
1525 1618 1683 1641 nostrorum
1702 1614 1792 1642 Eccle-

1006 1656 1046 1684 sia
1079 1657 1182 1691 recepit
1212 1657 1361 1689 imaginum
1391 1657 1526 1692 picturam
1560 1664 1585 1686 et
1615 1660 1729 1692 titulos,
1758 1661 1791 1687 ad

1006 1701 1176 1734 superiorem
1192 1708 1303 1728 sensum
1321 1700 1514 1736 [elevationem
1537 1703 1633 1740 animi]
1647 1709 1672 1732 et
1688 1713 1793 1733 memo-

1008 1745 1075 1772 riam
1093 1747 1193 1772 mentis
1215 1751 1327 1777 nostrae,
1347 1755 1379 1774 ac
1396 1748 1630 1782 participationem
1648 1750 1792 1785 cujusdam

1007 1791 1242 1818 sanctiﬁcationis.
1265 1791 1403 1826 Quidquid
1428 1793 1499 1819 cnim
1522 1798 1646 1821 sanctum
1670 1796 1794 1830 Evange—

1008 1835 1073 1861 lium
1099 1843 1148 1869 per
1174 1835 1319 1863 lectionem
1342 1837 1464 1864 insinuat
1480 1839 1568 1871 nobis,
1599 1839 1624 1866 id
1650 1840 1739 1875 ipsum
1766 1847 1793 1869 et

1009 1880 1141 1914 imagines
1158 1887 1164 1906 :
1180 1885 1206 1907 et
1219 1881 1350 1916 quidquid
1368 1886 1506 1916 gestorum
1526 1884 1588 1910 lihri
1605 1885 1638 1912 de
1657 1886 1794 1920 passioni-

1009 1926 1059 1953 bus
1083 1930 1234 1962 martyrum
1256 1932 1377 1959 narrant,
1403 1928 1529 1956 similiter
1552 1936 1578 1957 et
1596 1931 1728 1966 imagines
1745 1941 1752 1960 :
1768 1939 1795 1960 et

1008 1972 1058 1999 has
1079 1973 1232 2000 salutamus
1258 1979 1388 2008 tanquam
1412 1974 1515 2002 formas
1531 1976 1744 2010 primitivorum,
1768 1985 1794 2006 et

1009 2018 1078 2044 nihil
1099 2018 1172 2045 aliud
1191 2027 1198 2046 :
1217 2019 1341 2053 profecto
1357 2020 1385 2046 in
1404 2028 1487 2047 unum
1509 2021 1593 2049 Deum
1618 2024 1644 2050 in
1659 2023 1795 2053 Trinitata

1010 2063 1176 2090 laudandum
1190 2064 1340 2097 credentes,
1355 2069 1382 2091 ct
1397 2065 1448 2100 ipsi
1465 2066 1515 2093 soli
1528 2068 1689 2096 servientes.
1708 2070 1795 2105 Expe-

1011 2110 1092 2136 timus
1122 2110 1203 2136 etiam
1233 2110 1445 2139 intercessiones
1473 2112 1642 2140 intemerata:
1674 2114 1796 2143 Dominze

1011 2159 1111 2182 nostra:
1128 2161 1229 2182 sanctze
1245 2155 1290 2182 Dei
1307 2156 1465 2188 Gcnitricis,
1481 2165 1695 2195 sanctorumque
1713 2169 1796 2196 attge-

1010 2201 1097 2227 lorum
1111 2220 1117 2231 ,
1139 2205 1165 2228 et
1180 2201 1302 2228 outnium
1320 2208 1475 2230 sanctorum
1498 2204 1607 2232 Patrum
1625 2212 1794 2234 nostrorum.

173 2263 218 2288 ρος
234 2253 288 2279 τῶν
303 2252 425 2279 εὐλαϐὦν
438 2251 574 2286 μοναχῶν.
591 2251 645 2277 Καὶ
665 2251 746 2285 ἡμεῖς
763 2250 790 2276 δὲ
809 2249 954 2284 προεγινώ-

1012 2246 1058 2272 llis
1086 2246 1123 2273 ita
1143 2254 1172 2273 se
1202 2246 1381 2279 habentibus,
1410 2254 1506 2282 questa
1532 2255 1574 2277 est
1596 2252 1702 2286 synodo
1731 2260 1794 2286 pars

173 2307 274 2333 σκομεν
290 2298 338 2333 τὴν
361 2297 492 2331 ἕγκλησιν
511 2297 613 2329 ταύτην
627 2303 633 2310 ·
649 2296 690 2322 ὅτι
705 2295 729 2321 οἱ
746 2294 868 2325 πλείονες
904 2293 958 2319 τῶν

172 2345 330 2370 ἐπισκόπων
353 2345 495 2378 χρήμασιν
526 2342 667 2377 ὠνήσαντο
696 2341 745 2375 τὴν
781 2340 932 2375 ἱερωσύνην
950 2347 956 2353 ·

172 2393 220 2420 καὶ
229 2391 280 2418 κᾶν
288 2389 437 2425 ἁμαρτίαις
444 2388 593 2423 ἡμετέραις
603 2386 840 2422 περιπειρώμεῦα,
853 2386 899 2412 καὶ
906 2394 959 2412 σει-

174 2438 234 2471 ραῖς
256 2437 359 2461 τούτων
386 2431 622 2467 συσφιγγώμεθα,
649 2432 692 2465 ἐφ’
717 2430 760 2463 αἷς
787 2431 867 2462 ἵλεως
893 2431 959 2465 ἡμῖν

173 2483 278 2515 γένοιτο
304 2480 405 2516 Κύριος
420 2487 426 2494 ·
443 2478 500 2505 ἀλλ’
519 2476 566 2505 οὖν
582 2478 635 2504 τῶν
663 2477 850 2511 εὑαγγελικῶν
863 2476 958 2502 ὲνταλ-

175 2528 268 2563 μάτων
284 2527 331 2552 καὶ
346 2523 499 2551 κανονικῶν
511 2522 662 2554 διατάξεων
673 2523 721 2556 τὴν
732 2523 833 2556 γνῶσιν
847 2522 959 2556 είλήιρα-

175 2581 237 2608 μεν,
261 2572 309 2597 καὶ
322 2571 354 2597 ἐν
370 2569 485 2605 καθαρῷ
511 2568 654 2600 συνειδότι,
684 2568 731 2594 καὶ
759 2568 831 2603 ἁπλῇ
848 2568 957 2603 καρδίᾳ,

174 2619 222 2645 καὶ
235 2617 415 2652 ἀφιλαργύρῳ
427 2616 531 2651 τρόπῳ,
545 2614 593 2641 καὶ
600 2614 628 2640 ὲν
644 2613 794 2648 συνειδήσει
806 2615 960 2649 ἀνεπτερω-

177 2664 245 2699 μένῃ
272 2663 340 2698 πρὸς
358 2662 404 2688 τὸν
427 2659 504 2692 Θεὸν,
516 2661 550 2695 τῇ
561 2661 691 2694 κανονικῇ
719 2658 766 2685 καὶ
795 2659 958 2694 εὐαγγελικῇ

173 2708 294 2741 διατάξει
310 2707 380 2734 κατὰ
394 2707 483 2734 πάντα
491 2706 604 2732 ἕπεσθαι
618 2704 765 2739 εὐχόμεθα·
783 2705 829 2730 καὶ
836 2704 960 2738 καθήκα-

177 2763 227 2789 μεν
239 2753 354 2784 ἑαντοὺς
364 2752 411 2778 καὶ
429 2750 614 2785 ὑπεκλίναμεν
631 2748 792 2776 δουλοῦσθαι
803 2750 858 2780 τοῖς
878 2748 960 2782 εὐαγ-

175 2800 293 2834 γελικοῖς
307 2798 353 2825 καὶ
362 2794 549 2827 ἀποστολικοῖς
561 2795 704 2830 πατρικοῖς
720 2793 958 2830 παραγγέλμασιψ

211 2857 235 2872 ⁸³
247 2856 317 2882 Psal.
339 2863 420 2888 Lxxv,
439 2855 464 2882 5.

1011 2292 1098 2325 major
1120 2292 1332 2318 reverendorum
1352 2295 1548 2321 monachorum
1566 2295 1793 2332 [episcoporum].

1009 2337 1061 2363 Sed
1091 2341 1117 2363 et
1143 2345 1191 2363 nos
1220 2339 1409 2371 prmscivimus
1436 2341 1576 2374 querelam
1603 2342 1702 2374 istam,
1731 2345 1795 2378 quia

1010 2384 1100 2417 plures
1116 2383 1307 2417 episeoporutu
1326 2385 1452 2418 pecuniis
1468 2381 1649 2415 obtinuerunt
1668 2390 1796 2416 sacerdo-

1011 2430 1076 2456 tium
1093 2438 1100 2455 ξ
1116 2434 1141 2455 et
1159 2429 1223 2456 licet
1244 2430 1363 2464 peccatis
1386 2431 1488 2459 nostris
1506 2427 1677 2460 ohczeremur
1695 2433 1796 2469 [impli—

1010 2474 1131 2510 eemur],
1162 2479 1189 2501 et
1218 2475 1315 2501 hortttn
1350 2476 1471 2504 restihus
1497 2478 1736 2513 constringuntur,
1768 2480 1794 2506 in

1010 2522 1110 2556 quibus
1127 2521 1259 2555 propitius
1277 2521 1355 2549 nobis
1375 2522 1411 2549 sit
1431 2522 1500 2550 Deus
1518 2532 1524 2549 :
1543 2528 1662 2552 attamen
1676 2534 1794 2561 evange-

1010 2567 1125 2593 lieorum
1151 2567 1340 2594 mandatorum
1360 2573 1387 2594 et
1410 2564 1606 2597 c'anonicarum
1633 2574 1795 2606 praeceptio—

1011 2620 1074 2638 num
1093 2612 1273 2647 cognitionem
1290 2613 1470 2648 perecpimus,
1498 2619 1525 2642 et
1550 2616 1577 2642 in
1603 2618 1704 2644 matula
1728 2626 1795 2645 con-

1011 2658 1135 2690 scientia,
1151 2663 1176 2685 et
1198 2659 1316 2693 simplici
1331 2660 1423 2692 corde,
1440 2665 1467 2688 et
1483 2661 1509 2688 in
1528 2669 1605 2689 more
1625 2663 1683 2690 sine
1706 2664 1795 2690 avari‘

1012 2705 1058 2735 tia,
1074 2707 1101 2730 et
1114 2704 1330 2738 imperturbabili
1352 2705 1384 2732 ad
1403 2705 1486 2733 Deum
1503 2707 1608 2740 habito,
1632 2709 1792 2737 canonicum

1011 2749 1069 2786 [ϐν.
1095 2750 1261 2777 conscientia
1285 2751 1412 2778 alacriter
1438 2753 1561 2787 erigente
1587 2762 1617 2781 se
1641 2755 1674 2781 ad
1696 2753 1792 2785 Deum.

1011 2793 1085 2829 eam]
1106 2801 1154 2829 per
1181 2794 1272 2822 omnia
1302 2795 1380 2830 sequi
1407 2801 1536 2831 optamus
1562 2803 1727 2833 prrceptum
1745 2806 1752 2826 :
1768 2802 1795 2827 et
