2051 3154
260 168 339 202 Ἰξῧῦ

821 170 850 197 S.
868 167 1021 196 TANASll
1036 167 1288 196 l’.\'l‘lll.\ll(lll.li
1308 167 1361 195 (ΖΡ.

1842 164 1910 198 μεθ

271 226 533 255 «υιιιυιιιιηηιιιίιηιις
548 223 754 256 [διιὶιιιιὶςῐηιιιδὶ
777 223 972 255 nosmetipsos.
989 222 1068 247 incli-
1084 225 1104 251 Λ
1121 221 1318 255 ἀγωνιζόμενοι
1329 222 1375 247 καὶ
1384 221 1445 252 τοὺς
1456 221 1503 256 τὴν
1515 221 1666 256 ἱερωσύνην
1678 222 1911 256 κληρωσαμένους

271 267 397 292 navimus
416 266 448 291 ad
467 266 642 292 serviendum
667 266 836 300 evangelicis
852 270 934 300 atque
954 269 1066 298 aposto—

271 312 330 338 licis
347 316 373 337 et
388 311 510 345 paternis
530 310 760 344 dispositionibus
779 320 784 337 :
802 311 974 337 decertantes
993 315 1022 336 ut
1039 310 1066 337 hi

269 356 314 390 qui
334 356 521 383 sacerdotium
546 356 635 382 sortiti
660 360 734 386 sunt,
751 355 790 381 sic
806 355 906 389 degant
926 359 953 381 et
973 355 1066 381 vivant

269 407 296 428 et
315 407 525 434 eonversentur,
547 403 592 429 sed
610 407 636 428 et
656 409 754 429 omnes
770 402 816 436 qui
834 401 937 428 Christi
955 401 1066 428 nomine

270 449 440 475 vocitantur.
458 449 492 475 At
508 449 530 475 si
549 447 662 482 quidam
684 455 737 474 non
753 447 943 481 acquieverint
966 453 1065 480 praece-

270 495 326 528 ptis
346 494 419 524 istis.
438 493 657 520 tornmunicator
677 493 771 519 talium
790 492 835 526 qui
852 491 985 519 dicuntur
1003 491 1065 525 qui-

271 540 343 571 dem,
360 548 413 566 non
439 545 527 566 autent
546 544 609 565 sunt
626 538 795 570 sacerdotes,
813 545 874 565 esse
895 545 949 564 non
963 537 1064 571 patior,

272 586 318 611 scil
351 585 459 611 alienus
488 583 522 609 ab
554 583 653 609 horum
687 590 747 609 sum
781 581 974 616 portione:et
997 579 1064 606 mihi

272 631 382 664 quidem
409 629 554 664 protestari
575 629 632 656 haec
659 635 714 655 non
739 627 858 662 pigrum,
884 626 952 661 ipsis
973 630 1064 652 autem

273 682 372 703 tntum.
387 676 476 702 Divini
492 684 556 709 ergo
570 682 690 702 canones
707 675 815 700 dantem
829 673 869 700 vel
885 672 1064 707 accipientem

273 723 298 747 in
313 722 493 749 ordinatione
506 720 666 752 sacerdotii,
682 721 833 754 deponunt,
854 724 880 746 et
895 725 1065 753 persequuti-

272 773 316 793 lnr
338 766 504 802 [expellunt]
529 774 543 792 a
569 766 732 793 sacerdotali
755 765 898 799 dignitate.
924 763 1065 798 lnspector

272 813 318 839 hei
333 813 450 847 Moyses,
473 817 501 839 ut
526 811 594 844 dixi,
614 811 734 838 clamat:
755 819 764 836 ι
783 810 810 837 ln
833 810 898 842 illis,
924 809 1063 844 inquiens,

272 867 324 885 LOII
351 863 392 885 est
418 857 585 890 addendum,
614 862 641 884 et
668 858 702 884 ab
724 857 762 884 eis
787 865 839 883 non
864 860 906 882 est
937 854 1065 881 aufereti-

271 906 336 930 itnm
350 903 383 930 “.
403 913 410 928 ι
434 903 569 930 Similiter
588 908 614 930 et
635 902 861 938 hymoographus
884 900 967 928 David
984 900 1064 935 psal—
1083 891 1101 917 Β

275 951 318 982 lLt;
334 955 360 976 ct
376 957 425 977 nos
438 957 500 976 cum
523 949 570 975 illo
588 957 594 975 :
614 958 623 974 ι
639 949 680 976 Ab
702 948 780 975 initio
802 948 917 983 cognovi
939 948 972 974 de
990 947 1063 974 testi-

271 996 372 1022 muniis
392 996 457 1026 tuis,
477 995 541 1030 quia
565 995 593 1022 in
612 999 744 1022 aeternum
761 994 883 1021 fundasti
907 1001 939 1020 ea
951 993 984 1019 ⁵⁵.
1003 1002 1012 1018 ι
1034 993 1065 1019 ΕΙ.

271 1041 333 1075 quis
351 1041 383 1067 ad
402 1041 457 1068 haec
473 1041 620 1068 resistendi
636 1040 773 1067 idoneus?
789 1040 841 1066 nisi
858 1039 928 1066 forte
945 1038 1064 1066 infatue-

272 1094 315 1114 tur
344 1095 443 1120 sensu,
474 1091 501 1114 ct
531 1087 634 1114 divinis
660 1087 724 1113 velit
751 1086 875 1112 illuderc.
903 1084 963 1112 1am
992 1085 1063 1112 enim

271 1134 385 1159 fundata
409 1137 475 1160 sunt
499 1132 659 1159 testimonia
676 1131 734 1164 Dei,
759 1136 786 1159 et
803 1131 922 1158 radicata
950 1135 1015 1158 sunt
1037 1131 1064 1157 in

272 1180 394 1205 l'Icelesia
429 1179 490 1213 ejus
518 1188 524 1205 :
552 1178 615 1204 licet
643 1177 753 1212 quidam
790 1177 975 1211 tentporaliter
1010 1184 1064 1203 non

272 1225 442 1258 obcdientcs,
471 1223 586 1250 minime
610 1223 767 1250 custodiant
798 1230 839 1250 ca.
871 1222 919 1249 llla
948 1230 1012 1257 ergo
1038 1222 1065 1248 in

272 1275 405 1297 :nternum
433 1274 562 1302 manent;
589 1274 615 1296 et
632 1268 704 1296 beati
721 1268 768 1302 qui
794 1273 955 1295 scrutantur
977 1275 1020 1300 ea,
1039 1273 1066 1293 et

273 1317 316 1343 his
331 1316 482 1343 obcdiunt:
499 1320 526 1342 et
541 1323 580 1342 va:
597 1315 643 1350 qui
661 1322 714 1341 non
728 1314 872 1342 obcdiunt.

309 1375 407 1403 Omnis
428 1382 493 1410 ergo
519 1374 676 1409 episcopus,
699 1372 741 1400 vel
765 1372 918 1407 presbyter,
944 1376 992 1399 aut
1008 1372 1067 1399 dia’

274 1429 361 1447 conus
376 1420 528 1450 convictus,
539 1418 614 1453 quod
628 1426 675 1452 per
689 1417 820 1452 pecunias
837 1424 934 1444 manus
950 1417 1066 1451 imposi-

275 1466 377 1492 tionem
396 1464 504 1490 dederit
521 1463 563 1490 vel
580 1462 730 1497 acceperit,
748 1470 762 1489 a
781 1462 936 1489 sacerdotio
951 1462 1064 1489 decidit.

274 1510 417 1538 Fortassis
439 1515 530 1536 autem
551 1508 647 1535 dicunt
671 1508 768 1542 aliqui,
791 1508 855 1542 quia
875 1508 1064 1541 paenitentiam

275 1557 382 1590 agimus
398 1562 448 1590 pro
470 1558 597 1589 peccato,
622 1558 648 1580 et
667 1553 738 1580 Deus
753 1552 871 1587 ignoscit
886 1553 964 1579 illud.
982 1553 1021 1579 lta
1039 1556 1065 1579 et

276 1609 327 1635 ego
342 1601 414 1632 dico,
430 1600 494 1634 quia
511 1604 536 1626 et
549 1606 646 1626 omnes
662 1602 775 1632 agentes
791 1597 978 1632 pmnitentiam
995 1597 1064 1625 Deus

276 1645 404 1680 suscipit,
419 1650 445 1672 et
461 1645 583 1679 indulget
603 1652 650 1678 per
667 1643 858 1678 potnitentiam
874 1649 986 1677 peccata
1005 1651 1064 1677 quae

273 1690 330 1724 jam
349 1693 458 1724 patrata
485 1693 559 1716 sunt.
584 1688 652 1715 Novi
673 1688 747 1715 enim
775 1692 802 1715 et
821 1687 905 1714 David
932 1687 1064 1715 adulterio

275 1737 438 1770 depressum
461 1739 488 1762 et
511 1735 672 1766 homicidio,
697 1734 744 1762 sed
764 1738 825 1761 acta
843 1734 1005 1768 poenitentia
1021 1742 1064 1761 re-

276 1787 398 1817 ceptum.
423 1786 450 1808 ct
474 1781 567 1808 divino
587 1780 746 1809 testimonio
763 1780 944 1814 approbatum
963 1789 968 1806 :
993 1789 1002 1805 1
1020 1779 1064 1806 ln-

274 1827 336 1854 veni
354 1826 451 1860 David,
470 1827 571 1861 inquit,
593 1825 681 1852 lilium
697 1824 783 1856 Jesse,
800 1825 890 1852 virum
913 1824 1063 1851 secundum

274 1882 322 1900 cor
341 1880 445 1904 meum,
464 1873 510 1907 qui
529 1871 612 1899 faciet
625 1879 721 1898 omnes
736 1871 890 1898 voluntates
904 1878 979 1898 meas
990 1870 1029 1902 ";
1051 1879 1060 1895 ι

273 1924 299 1945 «ιι
318 1923 412 1946 sancta
430 1917 513 1944 David
529 1917 687 1952 prophetico
705 1916 894 1943 testimonium
911 1916 1038 1942 habentia
1055 1925 1062 1942 :

273 1965 449 1999 perspicuum
474 1971 538 1998 ergo
560 1968 602 1990 cst
631 1971 680 1997 per
695 1963 883 1997 paenitentiam
899 1970 960 1989 eum
980 1962 1064 1989 fuisse

273 2014 429 2036 (OI'I'CClllln
456 2008 515 2044 [σν.
540 2016 632 2043 persp.
651 2008 694 2034 ubi
722 2009 745 2035 is
769 2008 900 2042 pmniten.
924 2012 1063 2035 correctus

272 2055 335 2090 est].
353 2051 406 2081 Sed
423 2054 522 2081 iterum
541 2054 604 2081 novi
620 2054 731 2080 audisse
751 2053 827 2080 ῙΙΙιιιιι
843 2061 856 2080 a
877 2053 932 2080 Deo
950 2063 955 2080 :
976 2063 985 2078 ‹
1003 2052 1063 2079 Non

274 2106 301 2127 lu
324 2100 474 2127 aediﬁcabis
500 2100 567 2126 mihi
591 2100 721 2132 domum,
744 2100 807 2133 quia
830 2099 870 2126 vir
894 2099 1061 2133 sanguinum

271 2146 345 2172 es“.
369 2155 377 2170 ι
399 2145 466 2171 Novi
492 2145 647 2171 Manassem
664 2152 712 2179 per
735 2144 938 2171 confessionem
961 2144 995 2171 ab
1010 2145 1061 2170 ini-

273 2192 375 2225 pietate
388 2191 545 2218 dimissum.
565 2191 632 2217 Novi
646 2195 672 2217 et
685 2191 844 2217 meretrices
859 2195 885 2217 et
898 2191 1060 2224 publicanos

233 2231 238 2262 ἕ
272 2243 398 2271 receptos
423 2245 471 2271 per
489 2230 676 2271 pmnitentiam
699 2245 705 2263 :

228 2291 232 2295 '
271 2285 298 2310 in
319 2279 624 2317 sacerdotii'dignitate
646 2287 840 2314 numeratum;
866 2283 921 2309 nisi
945 2282 1014 2309 forte
1032 2283 1058 2309 id

271 2334 334 2357 ante
355 2329 490 2364 baptisma
510 2329 691 2356 commiserit.
707 2328 775 2355 Novi
798 2333 825 2355 et
842 2329 992 2356 monachos
1008 2329 1058 2355 ali-

270 2381 352 2410 qnot,
371 2383 433 2402 cum
452 2375 479 2402 in
497 2375 601 2402 mundo
616 2379 710 2402 essent
722 2393 729 2405 .
774 2374 848 2401 omni
866 2375 977 2401 libidine
993 2382 1059 2401 con-

270 2426 434 2456 spur-catos;
456 2428 517 2448 cum
532 2425 622 2447 autem
636 2420 760 2448 solitario
777 2420 909 2453 viverent,
928 2425 1057 2455 tanquam

270 2468 346 2494 faces
364 2467 390 2493 in
409 2467 476 2493 orbe
492 2466 697 2501 rcsplenduisse
713 2475 720 2493 :
737 2466 843 2493 nullum
863 2471 952 2493 tamen
967 2474 1001 2492 ex
1017 2466 1059 2493 his

269 2515 297 2540 in
325 2513 497 2540 sacerdotem
526 2513 728 2540 ordinatum”.
757 2511 835 2544 Quod
861 2512 886 2539 si
915 2516 1007 2539 autem
1031 2511 1057 2538 id

269 2561 354 2587 semel
370 2566 453 2595 atque
477 2559 576 2586 iterum
600 2559 704 2585 facium
726 2564 777 2591 est,
802 2566 856 2584 non
881 2562 970 2584 tamen
990 2565 1058 2584 cort-

271 2607 362 2633 festim
381 2607 467 2641 legem
495 2606 521 2632 io
538 2605 659 2634 Ecclesia
681 2605 844 2639 praescribit.
870 2603 979 2642 Scimus
995 2611 1059 2630 san-

271 2658 342 2680 ctam
362 2651 486 2688 [almam]
511 2651 625 2678 Mariam
642 2649 855 2686 [Egyptiacam]
879 2651 956 2685 prius
971 2657 1060 2677 mere-

272 2698 368 2726 tricem
387 2697 482 2729 fuisse,
503 2701 598 2732 postea
612 2697 713 2724 factam
728 2697 913 2724 continentem
929 2695 1060 2732 [fornica-

272 2745 353 2776 riam,
373 2751 471 2771 rursus
491 2748 582 2770 autem
601 2742 743 2778 pudicam]
763 2752 771 2770 :
789 2750 844 2770 non
871 2747 961 2770 tamen
987 2743 1057 2770 inter

303 2813 326 2829 "
343 2812 422 2840 Deut.
434 2820 472 2843 ιν,
486 2813 520 2845 2;
535 2821 582 2845 xn,
594 2812 638 2839 5‘2.
677 2812 701 2828 ⁸⁸
713 2812 784 2840 Psal.
796 2820 931 2844 cxxxvnt,
946 2812 1007 2840 l52.
1026 2812 1049 2828 "
1064 2812 1136 2839 Psal.
1150 2820 1246 2844 vant,
1258 2813 1304 2840 21.

1118 264 1204 296 οὕτως
1214 266 1435 303 ἀναστρέφεσθαι
1444 266 1490 292 καὶ
1500 266 1573 301 βιοῦν
1583 267 1630 293 καὶ
1641 266 1911 299 πολιτεύεσθαι,ἀ).λὰ

1118 311 1166 337 καὶ
1179 311 1283 342 πάντας
1295 312 1359 342 τοὺς
1367 311 1406 346 τῷ
1415 312 1535 346 Χριστοῦ
1545 312 1657 346 ὀνόματι
1673 311 1869 346 κεκλημένους.
1880 312 1911 338 El

1117 356 1145 383 δέ
1161 366 1234 388 τινες
1250 358 1396 384 ἀπειθοῦσι
1407 358 1464 388 τοῖς
1481 357 1631 392 ὲντά).μασι
1647 357 1766 388 τούτοις,
1783 357 1912 389 κοινωνὸς

1117 402 1171 429 τῶν
1186 402 1316 430 τοιούτων
1327 402 1483 437 λεγομένων
1496 403 1602 438 ἱερέων,
1626 403 1676 429 οὐκ
1690 403 1774 429 ὄντων
1787 400 1825 435 δὲ,
1841 400 1912 429 εἶναι

1117 448 1167 474 οὐκ
1193 448 1344 483 ἀνέχομαι·
1371 448 1439 475 ἀλλὰ
1469 448 1609 483 ἀλλότριος
1641 449 1690 484 τῆς
1719 448 1824 475 τούτων
1852 449 1912 483 είμὶ

1119 493 1237 528 μερίδος.
1259 494 1315 520 Καὶ
1335 493 1398 529 ἐμοὶ
1409 493 1647 528 διαμαρτύρασθαι
1663 493 1749 520 ταῦτα
1761 494 1811 520 οὐκ
1826 494 1911 528 ὀκνη-

1119 539 1174 574 ρὸν,
1210 539 1300 570 αὐτοῖς
1316 539 1344 574 δε
1360 539 1496 573 ἀσφαλές.
1514 539 1545 565 Οἱ
1559 537 1606 566 οὖν
1629 539 1696 565 θεῖοι
1723 540 1836 571 κανόνες
1864 540 1912 566 τὸν

1116 584 1196 611 δόντα
1212 586 1227 619 ἦ
1242 585 1358 611 λαϐόντα
1387 585 1434 611 ἐπὶ
1467 586 1619 620 χειροτονίᾳ
1646 585 1797 620 ἱερωσύνης
1816 585 1912 612 καθαι-

1118 630 1194 665 ροῦσι
1209 630 1256 656 καὶ
1276 630 1459 656 ἁποδιώχουσι
1482 631 1531 664 τῆς
1545 630 1687 665 ἱερατικῆς
1704 630 1858 665 ἁγιότητος.
1882 629 1912 657 ’0

1117 675 1236 710 θεὸπτης
1263 676 1402 710 Μωῦσῆς,
1431 675 1468 706 ὡς
1493 675 1579 710 ἔφθην
1605 675 1702 709 εἰπὼν,
1730 675 1796 710 βοᾷ·
1818 685 1828 701 ι
1851 675 1912 702 Ἐπ’

1117 720 1208 751 αὐτοῖς
1220 720 1270 746 οὐκ
1283 720 1342 746 ἔστι
1356 720 1531 754 προσθεῖναι,
1547 721 1594 746 καὶ
1607 720 1656 746 ἀπ’
1666 720 1757 748 αὐτῶν
1766 721 1823 747 ὀὐκ
1836 721 1912 748 ἔστιν

1117 766 1237 799 ἀφελεῖν.
1253 775 1262 791 ι
1284 766 1421 797 Ὡσαύτως
1445 766 1492 792 καὶ
1506 766 1706 801 ὁὺμνογράφος
1732 767 1814 792 Δασὶδ
1839 766 1911 801 ψάλ-

1116 811 1167 842 λει,
1185 812 1233 837 καὶ
1251 812 1335 846 ἡμεῖς
1349 812 1397 838 σὺν
1413 811 1487 846 αὐτῷ
1502 821 1508 826 ·
1525 821 1534 837 ί
1546 812 1696 847 Καταρχὰς
1712 811 1798 846 ἔγνων
1813 812 1912 839 ἐκτῶν

1118 857 1280 892 μαρτυρίων
1295 866 1353 889 σου,
1372 858 1413 883 ὅτι
1435 858 1475 888 είς
1495 857 1540 883 τὸν
1556 858 1641 884 αἰῶνα
1664 857 1848 892 ἐθεμελίωσας
1863 858 1911 884 αὐ-

1115 902 1160 929 τά.
1173 911 1181 927 ι
1197 902 1253 928 Καὶ
1271 902 1312 933 τίς
1333 901 1426 933 ἱκανὸς
1443 903 1511 937 πρὸς
1533 902 1619 929 ταῦτα
1634 902 1811 937 ἀντιστῆναι;
1830 904 1854 929 εἰ
1869 903 1907 938 μὴ

1117 955 1167 972 που
1186 946 1309 982 μωραίνῃ
1321 947 1370 981 τὴν
1382 947 1514 978 διάνοιαν,
1525 948 1572 973 καὶ
1584 947 1691 980 παίζειν
1705 948 1784 983 ἐθέλῃ
1792 948 1825 974 τὰ
1837 948 1907 982 θεῖος

1118 993 1187 1028 Ἤδη
1211 993 1264 1028 γὰρ
1292 991 1506 1027 τεθεμελίωνται
1526 993 1560 1019 τὰ
1583 984 1723 1029 μαρτύρια
1751 993 1800 1020 τοῦ
1826 994 1908 1027 Θεοῦ,

1115 1038 1163 1065 καὶ
1190 1038 1365 1073 ἐρριζωμένα
1392 1038 1461 1064 εἰσὶν
1479 1039 1507 1064 ἐν
1521 1039 1554 1073 τῇ
1574 1038 1721 1074 Ἐκκλησία
1738 1039 1832 1072 αὑτοῦ,
1857 1039 1910 1067 κᾶν

1116 1084 1294 1119 προσκαίρως
1311 1084 1383 1115 τινὲς
1400 1083 1578 1115 ἀπειθοῦντες
1590 1084 1620 1110 οὒ
1638 1085 1811 1118 φυλάττωσιν
1827 1086 1908 1113 αὑτά.

1122 1131 1231 1157 Ἐκεῖνα
1244 1127 1291 1156 οὖν
1303 1131 1341 1161 εἰς
1360 1130 1406 1156 τὸν
1426 1130 1510 1156 αἰῶνα
1532 1130 1653 1165 μένουσι,
1669 1131 1716 1157 καὶ
1739 1131 1869 1166 μακάριοι
1885 1132 1909 1158 οἱ

1111 1174 1316 1210 ’ἐξερευνῶντες
1329 1175 1408 1209 αὐτὰ,
1420 1175 1468 1201 καὶ
1481 1175 1588 1207 τούτοις
1603 1175 1772 1211 πειθόμενοι·
1785 1177 1833 1203 καὶ
1848 1176 1911 1203 οὐαὶ

1116 1220 1271 1248 ἀπειθοῦσι.
1310 1221 1316 1226 ’

1153 1377 1211 1408 Πᾶς
1241 1375 1287 1404 οὖν
1318 1378 1482 1411 ἐπίσκοπος,
1500 1379 1516 1414 ἦ
1535 1380 1762 1416 πρεσϐύτερος,ῆ
1786 1378 1908 1413 διάκονος

1116 1422 1255 1457 ἐλεγχθεὶς
1281 1424 1329 1450 ἐπὶ
1360 1425 1486 1459 χρήμασι
1507 1425 1557 1460 τὴν
1575 1427 1745 1461 χειροτονίαν
1766 1427 1782 1463 ἢ
1807 1428 1870 1459 δοὺς
1892 1428 1909 1463 ἦ

1123 1467 1215 1494 λαϐὼν
1233 1489 1240 1500 ,
1272 1468 1322 1504 τῆς
1351 1469 1501 1505 ἱερωσύνης
1530 1472 1668 1499 ἐκπίπτει.
1700 1474 1781 1504 Ἴσως
1809 1474 1837 1500 δέ
1866 1483 1907 1500 τι-

1116 1521 1161 1544 νες
1178 1514 1316 1547 λέγουσιν,
1332 1515 1373 1541 ὅτι
1388 1516 1583 1552 λιετανοοῦμεν
1598 1518 1669 1553 ὑπὲρ
1692 1519 1742 1553 τῆς
1757 1520 1906 1555 ἁμαρτίας,

1079 1571 1100 1599 C
1117 1558 1194 1584 καὶσὸ
1207 1558 1272 1589 Θεὸς
1301 1561 1439 1594 συγχωρεῖ
1464 1561 1561 1596 αὐτήν.
1590 1561 1646 1588 Ναὶ
1671 1563 1720 1588 καὶ
1743 1564 1799 1597 ἐγὼ
1823 1564 1905 1598 λέγω,

1117 1603 1156 1629 ὅτι
1173 1604 1262 1630 ¹πᾶσαν
1283 1606 1454 1639 μετάνοιανὸ
1467 1606 1534 1638 Θεὸς
1555 1607 1746 1643 προσδέχεται,
1766 1609 1815 1635 καὶ
1842 1618 1908 1644 συγ-

1116 1651 1201 1684 χωρεῖ
1217 1651 1260 1677 διὰ
1278 1652 1426 1684 μετανοίας
1441 1652 1474 1678 τὰ
1490 1653 1679 1687 προγεγονότα
1706 1655 1905 1690 ἁμαρτήματα.

1114 1691 1179 1720 Οἶδα
1199 1695 1253 1728 γὰρ
1278 1696 1325 1721 καὶ
1347 1696 1432 1722 Δαὸὶδ
1460 1697 1570 1732 μοιχείᾳ
1595 1698 1763 1733 συσχεθέντα
1786 1702 1834 1727 καὶ
1857 1703 1906 1735 φό-

1115 1747 1162 1773 νῳ,
1179 1739 1248 1765 ἀλλὰ
1280 1741 1497 1775 μετανοήσαντα,
1524 1742 1655 1777 δεχθέντα
1685 1744 1732 1770 καὶ
1763 1753 1906 1780 μαρτυρη·

1115 1785 1214 1812 θέντα·
1237 1782 1342 1821 (Εὗρον
1361 1787 1445 1814 Δαϐὶδ
1468 1788 1514 1814 τὸν
1542 1789 1590 1815 τοῦ
1613 1790 1696 1816 Ἰεσαὶ
1719 1791 1805 1826 ἄνδρα
1835 1793 1906 1819 κατὰ

1113 1831 1163 1865 τὴν
1187 1831 1301 1865 καρδίαν
1328 1841 1389 1867 μου,
1404 1833 1433 1864 ὃς
1459 1835 1570 1869 ποιήσει
1599 1835 1690 1862 πάντα
1709 1836 1744 1862 τὰ
1764 1837 1905 1872 θελήματά

1116 1884 1178 1910 μου’
1187 1886 1196 1901 ι
1213 1878 1260 1902 καὶ
1276 1877 1309 1903 τὰ
1319 1878 1379 1904 ὅσια
1391 1879 1475 1905 Δαόὶδ
1485 1881 1663 1916 προφητικῶς
1679 1883 1903 1918 μαρτυρούμενα.

1114 1921 1226 1957 εὒδηλον
1239 1923 1282 1949 διὰ
1299 1925 1443 1958 μετανοίας
1456 1925 1553 1952 τούτου
1574 1926 1805 1963 διορθωσαμένου.
1824 1930 1904 1955 Ἀλλὰ

1114 1967 1194 1994 πάλιν
1205 1965 1264 1994 οἴδα
1284 1969 1441 1996 ἀκούσαντα
1453 1971 1534 1998 αὐτὸν
1558 1973 1634 2006 παρὰ
1659 1973 1719 1999 105'
1731 1974 1820 2007 Θεοῦ]
1842 1984 1851 2000 ι
1865 1974 1903 2001 0)

1115 2013 1147 2038 σὺ
1165 2011 1356 2048 οἶκοδομήσεις
1373 2023 1419 2050 μοι
1443 2014 1529 2048 οἶκον,
1541 2017 1582 2043 ὅτι
1610 2017 1680 2053 ἀνὴρ
1701 2019 1826 2054 αἱμάτων
1844 2018 1901 2047 εἴ.»

1114 2057 1180 2086 Οἶδα
1203 2060 1355 2095 Μανασσῆν
1382 2061 1415 2088 δι’
1443 2062 1647 2099 ἑξαγορεύσεως
1684 2066 1821 2099 ἀφεθέντα
1852 2068 1903 2102 τῆς

1112 2105 1249 2138 ἀσεϐείας.
1262 2103 1328 2133 Οἶδα
1337 2107 1384 2133 καὶ
1397 2108 1499 2143 πόρνας
1509 2109 1558 2135 καὶ
1567 2110 1689 2142 τελώνας
1700 2112 1845 2146 δεχθέντας
1859 2113 1903 2140 διὰ

1113 2151 1267 2184 μετανοίας,
1282 2151 1342 2178 οὖδέ
1357 2161 1417 2178 τινα
1433 2153 1462 2179 δὲ
1477 2153 1581 2180 τούτων
1599 2156 1640 2186 είς
1664 2157 1816 2192 ἱερωσύνην
1839 2159 1902 2194 ἀρι-

1113 2194 1262 2229 θμηθὲντα,
1285 2196 1310 2222 εί
1336 2197 1373 2231 μή
1399 2205 1450 2223 που
1468 2198 1522 2233 πρὸ
1549 2199 1596 2225 τοῦ
1614 2199 1802 2235 βαπτίσματος
1824 2203 1902 2229 τοῦτο

729 2243 823 2263 verum
846 2236 952 2263 nullum
967 2245 999 2263 ex
1018 2237 1059 2264 his

1114 2241 1264 2276 πέπραχεν.
1293 2240 1360 2268 Οἶδά
1388 2251 1463 2274 τινας
1490 2245 1636 2279 μοναχοὺς,
1663 2247 1707 2272 ὅτε
1737 2248 1788 2282 μὲν
1814 2249 1842 2274 ἐν
1863 2249 1901 2283 τῷ

1113 2285 1208 2320 κόσμῳ
1231 2284 1326 2321 -ἦσαν,
1356 2287 1472 2324 πορνείᾳ
1501 2290 1683 2324 συσχεθέντας
1699 2299 1706 2305 ·
1734 2294 1901 2326 μονάσαντας

1111 2330 1148 2361 δὲ,
1168 2330 1205 2371 ὡς
1218 2332 1407 2366 φωστῆραςλὲν
1420 2333 1459 2368 τῷ
1479 2335 1575 2370 κόσμῳ
1601 2335 1762 2371 λάμψαντας
1785 2339 1829 2365 διὰ
1853 2341 1900 2366 τοῦ

1110 2376 1262 2411 ἁσκητικοῦ
1280 2377 1338 2410 βίου
1357 2385 1363 2391 ·
1378 2378 1474 2405 οὐδένα
1491 2380 1520 2406 δὲ
1532 2381 1572 2411 είς
1586 2381 1739 2417 ἱερωσύνην
1755 2384 1899 2415 ἐπιϐάντα.

1111 2420 1144 2447 Εἰ
1161 2420 1189 2447 δὲ
1215 2422 1262 2448 καὶ
1295 2423 1408 2450 σπάνιον
1437 2424 1560 2458 γέγονεν,
1577 2427 1608 2452 οὐ
1634 2427 1716 2462 νόμος
1737 2428 1900 2465 Ἐκχλησίας

1110 2467 1199 2494 τοῦτο.
1216 2468 1271 2502 Τὴν
1301 2469 1378 2495 ὁσίαν
1396 2469 1506 2504 Μαρίαν
1527 2471 1631 2506 πόρνην
1641 2473 1672 2499 τὸ
1696 2474 1830 2510 πρότερον
1859 2477 1898 2503 ἴσα

1110 2521 1169 2548 μεν.
1198 2511 1281 2545 Αὖθις
1306 2514 1334 2540 δὲ
1363 2514 1500 2549 σώφρονα,
1517 2517 1548 2543 οὐ
1577 2518 1632 2553 μὴν
1649 2519 1677 2546 δὲ
1701 2521 1742 2552 εἰς
1764 2522 1815 2554 τὰς
1841 2522 1898 2549 δια-

1108 2560 1204 2590 κόνους
1217 2560 1428 2594 καταλεγεῖσαν,
1441 2562 1523 2596 ἁγίαν
1532 2563 1561 2589 δὲ
1576 2565 1624 2590 καὶ
1641 2565 1816 2602 ἐξῃρημένην
1835 2577 1899 2595 παν‹

1108 2604 1153 2636 τὸς
1166 2604 1285 2639 πονηροῦ
1315 2606 1488 2641 πράγματος.
1523 2609 1578 2635 Καὶ
1591 2610 1618 2636 τί
1631 2611 1719 2638 ταῦτα
1740 2612 1824 2647 λέγω,
1852 2614 1898 2640 τὸν

1109 2649 1198 2684 ἀληθῆ
1224 2650 1304 2684 λόγον
1325 2652 1532 2686 ἐπιστὰμενος;
1549 2655 1625 2689 παρᾶ
1648 2655 1702 2682 τῶν
1735 2657 1814 2684 θείων
1829 2660 1897 2685 ἁπο-

1112 2696 1212 2723 στόλων
1228 2697 1354 2732 μυηθεὶς,
1367 2699 1414 2724 καὶ
1428 2699 1504 2734 παρὰ
1519 2700 1574 2727 τῶν
1590 2702 1685 2734 αὐτοῖς
1696 2703 1898 2740 ἀκολουθησάν-

1110 2750 1164 2769 των
1180 2742 1265 2777 ἁγίων
1281 2742 1411 2779 Πατέρων
1420 2745 1511 2779 ὴμῶν,
1525 2747 1814 2784 πεπαῤῥησιασμένως
1828 2750 1895 2785 βοᾶν

1360 2814 1383 2829 ⁵⁸
1391 2814 1417 2851 11
1432 2814 1500 2851 Reg.
1515 2824 1570 2849 xvi,
1585 2817 1612 2844 8.
1670 2819 1691 2835 ⁸⁷
1706 2815 1898 2849 Fornicatione

270 2847 404 2882 delenitos,
429 2848 541 2876 elleetos
556 2852 648 2875 autem
659 2848 812 2876 monachos
840 2849 914 2876 sicut
938 2847 1085 2875 luminaria
1102 2848 1129 2874 in
1152 2848 1252 2876 mundo
1274 2855 1322 2883 per
1336 2847 1486 2878 studiosam
1502 2847 1584 2879 vitain
1598 2853 1732 2883 lucentes.
