2051 3154
188 148 255 183 ὶιὶὓί

897 152 1099 182 EPTSTOLE.‘

1751 147 1818 179 113:7.

187 206 334 242 ταγμένον,
358 207 407 233 οὐκ
425 205 483 234 οἴδα
499 206 539 239 οἷς
564 206 712 242 κρίμασιν·
732 207 813 239 αὐτὸς
826 208 955 242 γινώσκει
969 217 974 224 ·

1040 209 1092 243 ;cit)
1119 208 1146 234 in
1168 207 1324 235 catltcdram
1354 206 1537 242 pontificalem
1572 206 1679 237 evexit,
1707 206 1815 233 hortatu

188 254 229 284 el;
243 253 331 280 θῶκον
343 253 535 288 ἀρχιερατικδν
549 252 705 285 ἀνεϐίϐασε,
715 254 873 288 προτροπῆς
887 253 977 288 βιαίας

191 299 266 334 ταρὰ
289 299 338 333 τῆς
361 298 491 333 ἀληθείας
519 298 671 333 προμάχων
704 298 907 325 εὐσεϐεστάτων
931 300 978 325 καὶ

189 343 339 379 ὄροοδόξων
355 343 488 378 βασιλέων
504 343 593 378 ἡμῶν,
610 343 657 370 ’καὶ
681 343 841 377 ἁγιωτάτων
865 343 977 370 ἐπισκό-

191 398 249 416 πων
262 397 292 415 τε
310 389 357 415 καὶ
368 389 515 424 κληρικῶν,
531 389 572 420 είς
592 388 641 422 ἐμὲ
658 389 817 424 γενομένης.
837 389 882 415 Διὸ
892 389 978 422 ἀναγ-

190 435 326 466 καστικῶς
343 434 485 469 ὑποκύψας
513 434 660 466 ὑπένευσα,
676 435 723 461 καὶ
736 434 781 460 τὸν
793 435 842 469 τῆς
856 435 980 469 ὑπακοῆς

192 481 297 516 καρπὸν
313 480 464 516 δρέψασθαι
479 480 584 511 τούτοις
599 480 739 506 ἀπέδωκα.
758 480 812 506 Καὶ
828 479 980 515 παρακαλῶ

192 527 255 558 τοὺς
267 525 413 560 πανιέρους
428 525 511 560 ὑμᾶς,
528 525 565 556 ὡς
580 525 630 559 μὲν
639 525 761 560 πατέρας
776 524 980 560 μικροψυχοῶ-

193 580 226 597 τα
243 570 381 605 βακτηρίᾳ
398 569 551 604 δυνάμεως,
565 570 626 601 ταῖς
646 570 794 604 πατρικαῖς
819 569 896 604 ὑμῶν
911 569 980 595 διδα-

195 616 318 647 σκαλίαις
341 615 540 650 ύποστηρίξαι·
557 614 594 646 ὡς
615 615 642 641 δὲ
662 615 796 649 ἀδελφοὺς
819 616 879 646 ταῖς
895 614 982 641 καθα-

195 663 256 696 ραῖς
288 661 365 696 ὑμῶν
384 661 479 696 εὐχαῖς
497 660 604 695 βοηθεῖν
619 661 697 695 ἡμῖν,
714 662 748 695 τῇ
766 660 813 687 τοῦ
830 660 898 687 Θεοῦ
914 669 981 686 παν-

195 706 276 741 οπλίᾳ
302 706 370 741 πρὸς
397 706 447 737 τὰς
473 706 616 742 μεθοδείας
644 705 692 732 τοῦ
714 705 983 740 ’Λντικειμένου,καὶ

196 753 316 787 κύμασιν
335 751 550 786 ὰλλεπαλλήλοις
571 751 801 778 ὲνθαλαττεὺοντά
829 759 862 785 με
886 751 983 777 διακυ-

197 797 371 833 ϐερνηοῆναι,
388 798 462 828 ὅπως
477 797 676 832 καθορμίσαιμι
693 797 738 824 ἐπὶ
754 797 852 832 λιμένα
865 797 984 831 Θελήμα-

195 853 241 875 τος
255 843 374 878 Χριστοῦ
390 843 436 869 τοῦ
452 843 519 869 Θεοῦ
536 842 625 878 ἡμῶν.
638 843 715 869 Ἔστι
731 841 795 878 γὰρ,
814 842 888 869 ἔστιν
901 843 985 873 ὄντως

1029 255 1120 282 valido
1138 262 1152 281 a
1170 254 1292 281 veritatis
1308 252 1569 288 propugnatoribus,
1587 251 1719 287 piissimis
1742 251 1817 278 vidc-

1029 301 1093 327 lieet
1120 307 1153 334 ac
1186 299 1347 326 ortltodoxis
1367 298 1579 333 imperatoribus
1597 297 1709 328 nostris.
1735 301 1818 331 atquc

1030 346 1212 374 sanctissimis
1228 345 1374 380 episcopis,
1392 353 1439 371 seu
1454 344 1572 376 clericis,
1585 343 1612 370 in
1632 351 1674 369 me
1686 343 1818 369 violenter

1030 392 1145 419 effecto:
1162 391 1207 418 cui
1227 391 1409 418 succumbens
1425 389 1520 422 annui,
1540 394 1566 416 et
1581 388 1742 416 obedientia:
1758 388 1818 414 fru-

1030 443 1103 465 ctum
1121 438 1163 465 Itis
1179 437 1344 472 carpettdunt
1356 436 1492 462 commisi.
1504 435 1535 462 Et
1549 443 1614 470 rogo
1628 442 1675 462 vos
1691 434 1819 461 saeratis-

1032 484 1127 515 simos,
1143 487 1173 509 ut
1199 489 1327 516 tanquam
1341 486 1433 515 patres
1448 488 1492 507 me
1505 480 1707 515 pusillanimem
1721 480 1819 506 baculo

1032 527 1169 563 potenti-az,
1186 527 1211 554 id
1229 531 1282 559 est,
1306 525 1427 561 paternis
1451 525 1550 552 vestris
1575 525 1740 560 magisteriis
1769 524 1820 551 ful-

1032 574 1122 606 ciatis,
1138 577 1165 600 et
1191 573 1274 600 veluti
1301 572 1399 599 fratres
1426 571 1503 606 puris
1534 571 1706 598 orationibus
1723 571 1819 597 vestris

1033 626 1082 646 nos
1116 625 1177 646 cum
1207 622 1346 644 armatura
1372 617 1418 644 Dei
1447 621 1541 644 contra
1565 616 1700 643 versutias
1715 617 1819 650 antiqui

1033 665 1119 692 hostis
1150 664 1296 698 adjuvetis,
1314 669 1396 698 atque
1415 662 1546 690 ﬂuetibus
1573 663 1690 689 invicem
1707 670 1821 696 surgen-

1034 711 1106 738 tibus
1127 710 1298 737 vacillantcm
1322 709 1491 742 gubernetis.
1511 713 1645 743 quatenus
1669 708 1820 742 pertingant

1035 757 1068 784 ad
1082 761 1189 791 portum
1204 755 1354 782 voluntatis
1376 754 1480 782 Christi
1499 754 1545 781 Dei
1563 754 1660 781 nostri.
1681 753 1729 780 Est
1748 754 1821 780 enim

1035 809 1147 836 prorsus
1171 800 1235 836 [est]
1247 801 1316 835 apud
1330 808 1379 827 ttos
1388 798 1525 834 quoddam
1534 799 1657 833 prtelium
1670 798 1728 825 sine
1739 797 1823 828 ferro,

1037 849 1101 875 dum
1118 855 1260 876 sermones
1272 847 1376 882 jaciant
1388 841 1575 881 etjaciantur.
1591 844 1642 871 Sed
1660 844 1824 878 triumphale

197 890 225 915 ὲν
241 890 294 920 τοῖς
308 888 369 918 καθ’
382 889 455 923 ἡμᾶς
475 888 594 923 πόλεμός
611 897 653 920 τις
674 888 813 923 ὰσίδηρος,
831 888 906 922 λόγοι
924 888 985 922 βάλ-

1041 894 1173 920 ltabemtts
1189 893 1353 927 trophaeum,
1370 892 1511 919 veritatem
1533 898 1594 925 qua:
1617 898 1669 916 non
1693 889 1823 916 vincitur.

196 934 288 965 λοντές
302 942 331 960 τε
347 933 393 960 καὶ
407 932 576 968 βαλλόμενοι.
596 933 676 960 Ἀλλὰ
687 933 815 968 τρόπαιον
828 933 984 968 νικητήριον

198 979 295 1014 ἔχομεν
317 978 366 1014 τὴν
392 979 429 1013 μὴ
453 978 608 1014 νικωμένην
631 979 772 1013 ἀλήθειαν.
791 977 860 1005 Εῐτά
883 987 912 1005 τε
938 979 985 1005 καὶ

199 1023 361 1057 καταιγίδων
374 1023 496 1058 σφοδρῶν
507 1024 688 1049 είσπνίουσῶν
703 1023 893 1054 συνασπιστὰς
909 1023 985 1058 ὑμᾶς

199 1068 352 1102 λαϐόμενοι,
370 1068 419 1102 τὴν
437 1067 539 1094 τούτων
558 1067 656 1103 μικρὸν
673 1068 878 1101 ὑπενέγκαντες
890 1067 984 1103 ζάλην,

200 1113 353 1148 εὑρήσομεν
373 1113 470 1144 αὑταῖς
497 1113 614 1148 Χριστὸν
634 1113 817 1148 ἐπιτιμῶντα,
840 1114 886 1139 καὶ
900 1113 986 1148 γαλη-

201 1157 264 1189 νίως
289 1157 334 1184 τὸν
359 1157 415 1192 βίον
437 1158 503 1192 ἡμῖν
529 1158 709 1191 ὲπεξάγοντα.
731 1158 786 1185 Καὶ
806 1158 907 1184 τούτων
939 1158 986 1192 μὲν

201 1202 359 1236 ἀρκούντως
382 1204 411 1228 ὲν
435 1202 588 1237 προοιμίοις
611 1203 679 1238 ἡμῖν
698 1203 865 1238 εἰρημένων,
885 1204 914 1229 ὲν
930 1204 987 1234 τοῖς

203 1247 266 1282 ἑξῆς
283 1249 377 1281 σαφῶς
390 1249 405 1282 ἠ
421 1248 538 1283 ἀκριϐὴς
554 1249 620 1283 περὶ
632 1249 722 1275 αὐτῶν
748 1249 848 1283 γνῶσις
862 1249 987 1283 διαγγελτ

202 1292 324 1327 θήσεται.
341 1293 398 1319 Νῦν
410 1293 439 1320 δὲ
455 1294 496 1328 ἐφ’
511 1294 607 1329 ἕτερον
623 1293 723 1321 σκοπὸν
742 1294 842 1327 λέξεων
861 1294 985 1330 ἔρχομαι.

208 1339 319 1378 Ἐπειδὴ
346 1339 399 1374 γὰρ
415 1339 517 1374 ἀρχαία
536 1348 589 1372 τις,
610 1340 727 1375 τάληθὲς
741 1341 769 1367 δὲ
786 1341 900 1376 φράσαι,
918 1342 988 1369 ἀπο-

203 1385 312 1419 στολικὴ
322 1386 472 1420 παράδοσις
485 1386 514 1424 ὲν
523 1386 624 1417 πάσαις
638 1387 697 1417 ταῖς
715 1387 890 1421 Ἐκκλησίαις
898 1387 987 1421 διῆκε,

201 1430 271 1465 πρὸς
293 1431 433 1466 ἱεραρχίαν
454 1431 603 1466 ἀγομένους
620 1433 676 1463 τοῖς
694 1432 745 1467 πρὸ
763 1433 853 1459 αὐτῶν
867 1433 916 1463 τὰς
934 1434 988 1468 ίερε

201 1477 300 1512 αρχίας
325 1477 525 1512 ἐγχειρίζουσιν
541 1497 548 1510 ,
568 1477 606 1508 ὡς
628 1477 661 1504 ἂν
695 1478 752 1513 ἔχοι
772 1478 808 1504 τὰ
823 1479 872 1512 τῆς
899 1478 989 1505 αὐτῶν

202 1525 320 1555 πίστεως
353 1523 530 1551 ἀνατίθεσθαι
551 1531 557 1539 ·

204 1570 276 1604 μένῳ
290 1569 433 1596 ὑποκλῖναι
443 1570 562 1604 ἐμαυτὸν
576 1570 651 1605 ὑμῖν,
660 1571 707 1597 καὶ
716 1571 851 1605 ὰριδήλως
868 1571 916 1606 τὴν
929 1571 989 1598 κατ’

202 1615 253 1650 ἐμὲ
275 1615 421 1650 ὁμολογίαν
441 1615 633 1650 ἐξαγορεῦσαι,
655 1616 746 1648 καθὼς
775 1617 826 1643 ὑπὸ
847 1617 903 1643 τῶν
923 1617 989 1643 σαλ-

203 1660 310 1693 πίγγων
336 1660 383 1686 τοῦ
407 1659 584 1694 Πνεύματος·
604 1657 642 1687 ὧν
664 1660 678 1686 ό
703 1660 821 1694 φθόγγος
842 1662 882 1692 εἰς
900 1662 990 1688 πᾶσαν

203 1706 252 1740 τὴν
270 1706 322 1740 γῆν
337 1705 443 1741 ἐξῆλθε,
466 1707 515 1732 καὶ
535 1707 575 1738 εἰς
592 1706 625 1733 τὰ
644 1706 750 1739 πέρατα
763 1707 811 1741 τῆς
827 1707 990 1742 οἰκουμένης

203 1751 237 1778 τὰ
256 1752 366 1787 ῥήματα
376 1760 382 1767 ·
400 1752 448 1778 καὶ
463 1751 541 1788 παρὰ
550 1753 603 1778 τῶν
619 1752 709 1779 αὐτῶν
726 1752 892 1787 θρεμμάτων
903 1761 932 1778 τε
945 1751 991 1779 καὶ

204 1797 407 1833 προϐλημάτων
442 1798 522 1826 Θεὶων
556 1799 689 1834 Πατέρων
718 1798 796 1833 ἡμῶν
822 1798 852 1830 ἐξ
879 1798 991 1824 ἁπαλῶν

204 1842 310 1876 ὀνύχων
324 1842 491 1879 ἀνατραφεὶς
508 1843 666 1878 μεμάθηκα.

240 1888 364 1914 Πιστεύω
380 1889 420 1919 είς
435 1887 483 1914 ἕνα
500 1888 565 1916 Θεὸν
582 1888 692 1923 Πατέρα
707 1888 928 1923 παντοκράτορα,
941 1889 988 1915 καὶ

205 1933 245 1964 είς
264 1933 312 1959 ἕνα
329 1934 433 1968 Κύριον
455 1933 560 1968 Ἰησοῦν
581 1934 698 1969 Χριστὸν
712 1934 758 1960 τὸν
773 1934 838 1960 Υίὸν
861 1934 907 1960 τοῦ
924 1934 992 1960 Θεοῦ

206 1977 254 2003 καὶ
267 1977 334 2003 θεὸν
348 1977 436 2012 ἡμῶν,
451 1977 618 2013 γεννηθέντα
640 1979 672 2005 ὲκ
685 1978 731 2005 τοῦ
746 1978 853 2014 Πατρὸς
869 1979 993 2013 ἀχρόνως

206 2024 254 2050 καὶ
274 2023 377 2055 ἀϊδίως.
389 2024 443 2050 Καὶ
459 2024 498 2055 είς
511 2024 543 2050 τὸ
556 2024 668 2059 Πνεῦμα
683 2025 713 2051 τὸ
726 2025 814 2058 ἆγιον,
829 2025 874 2051 τὸν
892 2026 993 2059 Κύριον

207 2069 253 2096 καὶ
269 2069 466 2101 ζωοποιοῦν,τὸ
484 2070 515 2095 ὲκ
533 2070 580 2096 τοῦ
593 2070 700 2105 Πατρδς
716 2070 749 2097 δι’
766 2070 831 2096 Υἱοῦ
845 2071 994 2106 ἐκπορευό-

208 2122 298 2149 μενον,
313 2115 361 2141 καὶ
374 2115 440 2141 αὐτὸ
454 2116 520 2141 Θεὸν
535 2115 566 2141 ὄν
581 2124 608 2141 τε
624 2116 672 2141 καὶ
686 2116 898 2151 γνωριζόμενονι
911 2117 994 2151 Τριά-

207 2161 241 2187 δα
261 2160 414 2194 ὁμοούσιον,
443 2161 574 2196 ὁμότιμον
593 2170 623 2188 τε
637 2163 684 2188 καὶ
710 2162 867 2197 ὁμόϐρονον,
898 2163 993 2196 ἀΐδιον,

1038 940 1139 967 Deinde
1152 946 1262 974 quoque
1276 943 1302 965 ct
1316 937 1440 972 procellis
1454 937 1660 964 vehementibus
1686 936 1826 970 inspiran-

1039 985 1122 1015 tibus,
1141 984 1167 1010 in
1185 983 1316 1014 auxilium
1335 982 1415 1009 vobis
1430 981 1589 1016 assumptis,
1604 982 1702 1008 harum
1717 980 1825 1015 pauxil-

1038 1029 1094 1056 lum
1121 1030 1185 1064 quid
1201 1029 1363 1057 sufferentes
1379 1033 1486 1059 aestum,
1508 1028 1646 1055 Christum
1668 1028 1716 1053 has
1735 1028 1826 1053 incre-

1039 1079 1146 1110 pantem
1174 1075 1339 1106 invenimus,
1359 1079 1386 1101 et
1405 1074 1487 1100 vitam
1501 1073 1649 1107 tranquille
1671 1080 1717 1107 per
1732 1072 1825 1098 omnia

1040 1121 1233 1155 transigetttus.
1255 1121 1286 1148 Et
1311 1121 1352 1147 his
1369 1120 1477 1155 quidem
1494 1118 1655 1147 sufficientct
1685 1118 1711 1144 in
1727 1117 1826 1152 praefa-
1864 1134 1869 1139 ι

1040 1167 1112 1193 tione
1127 1171 1221 1195 nostra
1236 1167 1396 1202 praemissis,
1413 1166 1440 1192 in
1452 1165 1557 1192 etetcris
1572 1165 1713 1191 evidenter
1727 1164 1825 1190 horum

1039 1214 1161 1249 cognitio
1184 1212 1399 1240 denuntiabitur.
1427 1210 1505 1238 Nunc
1527 1215 1618 1237 autem
1638 1210 1670 1236 ad
1686 1209 1767 1236 aliam
1785 1209 1827 1236 in-

1040 1261 1187 1288 tentionem
1200 1259 1306 1286 dicendi
1325 1257 1464 1293 [dicendo]
1478 1255 1647 1291 progredior.
1666 1255 1736 1288 Quia
1753 1255 1825 1282 enittt

1041 1307 1129 1341 prisca
1154 1305 1288 1340 quredam,
1312 1308 1338 1331 et
1355 1308 1385 1330 ιιι
1407 1304 1499 1330 verius
1514 1302 1660 1332 fateantur.
1677 1301 1827 1336 apostolica

1041 1352 1148 1379 traditio
1165 1351 1192 1378 in
1206 1351 1335 1378 omnibus
1354 1349 1484 1376 Ecclesiis
1499 1347 1622 1380 inolevit,
1638 1352 1668 1374 ttt
1686 1347 1714 1373 hi
1730 1347 1777 1381 qui
1793 1346 1839 1375 ad.

1040 1398 1208 1433 pontificium
1233 1397 1433 1432 proveltuntur,
1455 1395 1672 1430 pratccdcntihus
1694 1401 1722 1420 se
1740 1393 1766 1419 in
1783 1401 1828 1419 eo-

1040 1445 1100 1471 dcut
1112 1442 1342 1477 ordine,qualitcr
1355 1449 1384 1469 se
1396 1441 1516 1468 habeant
1530 1448 1591 1475 quae
1608 1447 1663 1466 sum
1679 1439 1740 1466 tidci
1752 1442 1827 1470 sunt,

1040 1489 1200 1524 exponendo
1225 1488 1419 1515 contnteudent
1436 1496 1443 1514 :
1463 1486 1556 1514 Visum
1584 1490 1624 1513 cst
1652 1491 1678 1512 et
1694 1484 1760 1512 mihi
1776 1485 1830 1511 ltoc

584 1524 658 1556 ἔδοξε
687 1525 772 1560 κάμοὶ
799 1525 905 1556 τούτοις
927 1526 988 1551 ἑπο-

1041 1535 1167 1567 scclauti,
1186 1541 1229 1561 me
1244 1534 1320 1561 voltis
1343 1533 1488 1565 inclinare,
1504 1537 1530 1560 et
1550 1531 1656 1566 liquido
1679 1530 1831 1557 confessio-

1041 1587 1101 1606 nem
1128 1578 1323 1611 pronuntiare,
1346 1576 1576 1611 quemadmodum
1603 1583 1617 1601 a
1644 1574 1715 1602 tubis
1743 1573 1829 1600 sancti

1042 1624 1160 1660 Spiritus
1173 1625 1298 1659 (quarum
1314 1630 1399 1650 sonus
1414 1623 1441 1649 in
1457 1629 1566 1649 onmem
1582 1626 1683 1647 terrant
1697 1619 1791 1649 exivit,
1804 1622 1832 1645 ct

1041 1671 1067 1697 in
1091 1671 1159 1697 fines
1173 1675 1253 1697 terra:
1269 1668 1392 1703 verba")
1406 1672 1433 1695 et
1450 1667 1484 1694 ab
1502 1674 1597 1694 earunt
1613 1664 1734 1692 alumnis
1749 1668 1831 1698 atque

1042 1716 1173 1749 asseclis,
1198 1714 1393 1741 sacratissimis
1425 1713 1552 1740 videlicet
1578 1711 1705 1738 Patribus
1730 1708 1831 1736 nostris

1042 1761 1186 1791 educatus,
1204 1767 1237 1786 ex
1253 1758 1321 1793 ipsis
1341 1757 1470 1784 ntollibus
1487 1756 1595 1791 ungulis
1611 1755 1705 1782 didici.

1078 1892 1166 1919 Credo
1186 1892 1213 1919 in
1231 1897 1315 1918 unum
1333 1891 1417 1917 Deum
1434 1889 1541 1916 Patrem
1564 1889 1790 1922 omnipotentem,
1804 1891 1832 1913 et

1044 1937 1070 1964 ιιι
1091 1943 1174 1963 unum
1192 1935 1336 1962 Dominum
1356 1933 1450 1961 Jesutn
1469 1933 1607 1959 Christum
1623 1931 1722 1958 Filium
1742 1930 1787 1956 Dei
1805 1934 1832 1956 et

1046 1984 1129 2010 Deum
1147 1986 1280 2014 ttostrum,
1299 1986 1393 2009 natum
1407 1989 1440 2008 ex
1454 1980 1535 2008 Patre
1550 1980 1609 2006 sine
1627 1983 1750 2013 tentpore
1760 1985 1831 2005 eoat-

1044 2033 1150 2056 terttum
1168 2039 1174 2056 :
1193 2032 1220 2056 et
1236 2028 1263 2054 in
1278 2027 1408 2061 Spiritum
1421 2030 1556 2058 sanctum,
1573 2025 1757 2052 Dominumct
1768 2024 1832 2050 vivi-

1046 2074 1182 2105 ficantem,
1213 2080 1246 2099 ex
1278 2071 1358 2099 Patre
1377 2078 1424 2106 per
1448 2070 1545 2097 Filinut
1573 2069 1777 2104 procedentem,
1805 2072 1832 2094 ιιι

1046 2118 1170 2146 eumdem
1185 2117 1268 2145 Deum
1281 2125 1342 2144 esse
1359 2122 1385 2144 et
1399 2116 1527 2150 cognosci
1546 2126 1551 2142 :
1573 2115 1735 2142 Trinitatem
1752 2116 1833 2142 unius

1047 2164 1216 2197 substantia,
1230 2163 1311 2190 unius
1328 2163 1440 2189 honoris
1456 2169 1482 2189 et
1498 2162 1581 2195 sedis,
1598 2163 1791 2196 sempiternam
1807 2167 1833 2188 ct

207 2207 343 2239 ἄκτιστον,
362 2207 416 2233 τῶν
430 2207 537 2234 πάντων
551 2208 709 2242 κτισμάτων
720 2208 887 2243 δημιουργόν
900 2217 906 2223 “
928 2209 988 2243 μίαι

1047 2210 1212 2240 ittereatam,
1243 2209 1367 2235 ontuiuut
1398 2213 1587 2235 creaturarum
1622 2207 1798 2235 couditricem
1826 2217 1833 2233 τ

208 2254 305 2289 ἀρχὴν,
323 2253 387 2289 μίαν
402 2253 518 2289 Θεὸτητα
533 2255 580 2280 καὶ
601 2255 761 2289 κυριότητα,
777 2255 841 2288 μίαν
856 2255 995 2289 βασιλείαν

212 2300 254 2325 (αἱ
272 2299 387 2334 δύναμιν
410 2299 458 2325 καὶ
478 2298 603 2330 ἐξουσίαν
628 2300 656 2325 ἐν
683 2300 772 2332 τρισὶν
798 2300 994 2332 ὑποστάσεσιν,

209 2345 371 2379 ἀδιαιρέτως
391 2344 595 2379 διαιρουμένην,
612 2345 659 2371 καὶ
672 2345 815 2380 ἡνωμένην
832 2346 992 2381 διαιρετῶς·

211 2391 247 2425 μὴ
267 2390 296 2422 ἐξ
314 2390 418 2416 ἀτελῶν
446 2389 529 2425 τριῶν
556 2390 584 2415 ἕν
608 2399 635 2416 τι
657 2391 769 2421 τέλειον,
788 2391 845 2418 ἀλλ’
863 2392 895 2418 ἐκ
911 2392 996 2425 τριῶν

208 2436 319 2462 τελείων
337 2435 365 2462 ἓν
381 2436 529 2471 ὑπερτελὲς
552 2437 599 2463 καὶ
616 2437 785 2471 προτέλειον,
807 2438 844 2469 ὡς
869 2439 883 2464 ὀ
911 2439 996 2473 μέγας

209 2480 261 2515 ἔφη
279 2481 430 2512 Διονύσιος.
456 2481 537 2507 Ὥστε
563 2481 634 2508 κατὰ
658 2481 708 2516 μὲν
736 2482 785 2518 τὴν
807 2483 927 2518 ἰδιότητα
943 2484 997 2510 τῶν

211 2526 367 2559 προσώπων
380 2527 443 2561 τρῖσ.
460 2529 494 2555 τὰ
512 2527 749 2562 προσκυνούμενα,
765 2528 837 2554 κατὰ
852 2529 880 2554 δὲ
896 2529 925 2554 τὸ
940 2537 997 2556 κοι-

211 2573 254 2598 νὸν
264 2573 313 2607 τῆς
328 2572 435 2606 φύσεως
451 2570 491 2603 εἷς
506 2572 572 2604 Θεὸς
593 2573 702 2599 πάντων
718 2573 833 2607 ποιητὴς
849 2573 954 2608 ὁρατῶν
968 2583 998 2600 τε

212 2618 258 2644 καὶ
275 2617 411 2653 ἀοράτων,
430 2618 537 2644 πάντων
558 2618 723 2653 προνοητής.
748 2618 887 2653 Ὁμολογῶ
900 2619 927 2645 δὲ
952 2620 999 2645 καὶ

212 2665 261 2698 τὴν
280 2663 326 2691 διὰ
350 2663 399 2698 τὴν
425 2664 562 2699 ἡμετέραν
582 2664 718 2698 σωτηρίαν
736 2664 780 2690 ἐπ’
797 2665 921 2700 ἐσχάτων
943 2665 998 2693 τῶν

214 2711 324 2746 ἡμερῶν
339 2710 410 2737 κατὰ
428 2710 518 2744 σάρκα
531 2711 658 2746 γέννησιν
682 2711 727 2737 τοῦ
759 2711 817 2743 ἑνὸς
841 2712 891 2747 τῆς
918 2712 1000 2746 ἁγίας

212 2756 328 2791 Τριάδος
344 2755 390 2783 τοῦ
405 2756 470 2782 Υἰοῦ
485 2756 532 2783 τοῦ
552 2756 629 2788 Θεοῦ,
647 2757 749 2792 Κυρίου
765 2757 792 2784 δὲ
810 2758 888 2792 ἡμῶν
911 2758 997 2793 Ἰησοῦ

266 2872 287 2888 ⁷³
300 2871 372 2900 Psal.
391 2880 465 2905 xrtn,
482 2873 513 2907 5;
531 2873 610 2902 liont.
633 2882 659 2906 x,
675 2874 701 2902 8.

1047 2263 1130 2282 unum
1148 2255 1328 2289 principium,
1357 2262 1437 2280 uttattt
1463 2254 1590 2280 deitatem
1616 2257 1643 2280 et
1667 2253 1834 2279 dominatio-

1047 2305 1120 2331 nem,
1136 2308 1219 2327 ttntttn
1248 2300 1402 2333 imperium,
1429 2303 1598 2333 potentatum
1619 2304 1644 2325 ct
1671 2303 1832 2332 potestatein

1047 2347 1074 2373 in
1090 2347 1177 2373 tribus
1199 2345 1397 2376 subsistentiis,
1421 2344 1561 2371 individue
1575 2344 1685 2379 quidem
1705 2344 1833 2373 divisam,

1047 2397 1074 2420 et
1090 2392 1175 2420 divise
1187 2391 1290 2418 unitam
1311 2400 1318 2418 ι
1340 2398 1394 2418 non
1412 2398 1445 2417 ex
1458 2390 1623 2425 imperfectis
1639 2390 1727 2417 tribus
1748 2398 1832 2416 uuttut

1046 2438 1148 2472 aliquid
1176 2437 1325 2472 pcrfectmtt
1347 2446 1354 2464 :
1370 2437 1428 2464 .‘sed
1450 2445 1482 2464 ex
1500 2437 1589 2464 tribus
1605 2436 1734 2471 perfectis
1750 2445 1834 2463 unum

1048 2482 1279 2518 superperfectum
1288 2488 1313 2509 et
1323 2482 1465 2517 plusquam
1475 2482 1624 2516 perfectuut
1634 2483 1708 2514 ",uti
1721 2490 1836 2517 magnus

1049 2530 1157 2557 locutus
1175 2533 1216 2556 est
1237 2529 1394 2564 Dionysius.
1419 2527 1513 2563 Itaque
1538 2529 1688 2556 secundum
1716 2530 1836 2564 proprie-

1049 2579 1131 2603 tatem
1158 2582 1338 2610 personarum
1359 2574 1410 2601 tria
1425 2575 1534 2609 quidem
1556 2575 1710 2608 adoranda;
1727 2580 1754 2601 at
1771 2582 1835 2601 vero

1049 2619 1200 2648 secundum
1217 2627 1390 2647 contmuttem
1407 2625 1511 2647 natura“:
1526 2620 1661 2646 rationem
1678 2627 1749 2647 lll'lllS
1765 2618 1836 2646 DCIIS

1049 2667 1172 2693 omnittm
1188 2665 1276 2693 factor
1292 2666 1441 2693 visibilium
1458 2669 1485 2693 et
1504 2666 1694 2698 invisibilium,
1711 2665 1833 2692 omnium

1050 2713 1186 2747 provisor.
1206 2711 1343 2739 Confiteor
1363 2716 1451 2739 autent
1469 2712 1568 2739 factam
1585 2717 1695 2746 propter
1719 2711 1834 2738 salutent

1052 2764 1170 2785 nostram
1199 2757 1226 2783 in
1254 2757 1410 2783 novissimis
1431 2757 1527 2784 diebus
1558 2757 1706 2784 secundum
1725 2763 1841 2782 carnem.

758 2875 781 2891 ⁷⁵
794 2875 881 2903 Locus
899 2875 1045 2907 obscurus,
1063 2879 1089 2902 et
1107 2879 1186 2901 cattle
1199 2874 1341 2909 legendus.
