2051 3154
185 187 252 221 146]

183 244 232 270 καὶ
268 243 422 279 προφάσεις
449 245 658 280 καθ’ἑκάστην,
689 247 729 277 ὡς
767 245 832 277 ἔπος
871 246 972 276 εἰπεῖν,
995 248 1012 274 Α

183 288 290 323 ἡμέραν
307 289 511 325 ἐπιζητούντων
533 289 579 316 τοῦ
607 289 763 317 θανατῶσαι
781 292 828 318 καὶ
843 291 976 318 ἀπολέσαι

183 334 256 369 ἡμᾶς
266 341 274 350 ·
290 336 362 371 χαρᾷ
374 335 413 368 δὲ,
428 334 473 362 διὰ
493 335 542 370 τὴν
554 335 748 371 ὲκλάμπουσαν
763 337 792 363 ὲν
810 338 875 372 ὑμῖν
892 337 975 373 [ἄλλ.

181 379 211 405 ὲν
235 379 340 415 αὐτοῖς]
361 379 479 406 ἀκτίνων
514 380 593 414 δίκην
618 380 740 415 ἡλιακῶν
765 381 815 415 τῆς
832 379 975 416 ὀρθοδόξου

185 424 305 456 πίστεως
334 425 491 460 ἀκρίϐειαν,
521 427 569 452 καὶ
594 426 649 453 τῶν
672 426 862 453 ἀποστολικῶν
884 434 914 452 τε
930 426 977 452 καὶ

181 470 328 505 Πατρικῶν
342 471 488 506 δογμάτων
498 471 717 506 διαφανεστάτην
730 471 893 504 ὲξάπλωσιν.
908 471 977 506 Περὶ

181 513 219 543 ὧν
237 517 375 552 εὐκαίρως
401 518 451 553 τῆς
477 518 525 544 τοῦ
546 519 686 553 προφήτου
715 518 849 553 Ζαχαρίου
865 517 977 552 καὶτῆς

181 561 227 588 τοῦ
244 561 325 596 λόγου
344 562 438 597 φωνῆς
453 563 616 597 γεννήτορος
631 564 670 595 εἰς
687 563 797 598 μνήμην
817 562 889 598 ᾠδῆς
911 562 975 597 ἔλη-

180 607 302 640 λυθότες,
316 607 519 642 μεγαλοφώνως
533 608 641 643 βοῶμεν
652 617 658 624 ·
679 619 687 635 ι
709 609 976 643 Ἐπεσκέψατοὴμᾶς

181 653 301 688 ἀνατολὴ
327 653 462 689 παμφαὴς
490 653 519 686 ἐξ
545 654 651 688 ῦψουςι
683 654 855 690 θεωρητικῆς
878 663 907 680 τε
930 654 976 680 καὶ

182 699 421 734 θεοιρρονεστάτης
445 700 575 733 διανοίας,
600 702 656 732 τοῖς
680 701 708 727 ὲν
732 700 822 727 σκότει
839 700 886 726 καὶ
913 700 976 733 σκιᾷ

181 744 311 778 θανάτου,
328 746 504 780 κακοτρόπου
532 746 647 781 πλάνης,
663 747 723 781 ἦτοι
744 746 893 781 Ἀραϐικῆς
913 746 974 772 δυσ-

181 789 300 821 σεὸείας,
316 790 481 825 καθημένοις
500 792 578 826 ἡμῖν,
595 791 643 818 τοῦ
663 791 828 818 κατευθῦναι
844 792 907 822 τοὺς
916 799 974 826 νοη-

183 835 317 870 ματικοὺς
335 836 415 871 ἡμῶν
437 837 520 868 πόδας
537 838 578 869 είς
600 837 659 864 ὁδὸν
678 837 726 864 καὶ
739 837 849 872 τρίϐους
873 838 972 872 εἰρηνι-

186 880 238 914 κῆς
251 881 456 912 καταστάσεως.
471 891 480 907 ί
493 881 540 912 Τίς
556 881 668 916 λαλήσει
686 882 733 913 τὰς
747 881 904 912 δυναστείας
925 882 978 907 Κυο

900 187 1107 218 ΕΙἾΞἸῸΕᾸΞ.

1756 183 1823 216 1470

1029 245 1084 270 lant
1103 243 1138 275 ⁷⁸,
1158 252 1167 268 ι
1183 249 1215 269 ac
1232 249 1279 277 per
1298 240 1421 277 singulos
1441 247 1510 275 pene
1524 239 1583 267 dies
1600 238 1759 267 occasiones
1775 248 1824 267 ex-

1029 289 1152 324 quirunt,
1175 292 1207 315 ut
1222 295 1272 315 nos
1286 287 1368 314 morti
1384 286 1509 318 tradant,
1524 290 1552 313 et
1566 285 1681 320 perdant
1698 306 1706 318 ,
1723 285 1825 320 gaudio

1029 342 1105 367 vero,
1122 338 1233 368 propter
1253 333 1395 360 veritatem
1409 331 1570 358 orthodoxae
1587 331 1649 358 ﬁdei
1666 339 1726 366 qua:
1743 331 1826 366 fulget

1028 381 1056 407 in
1066 380 1106 407 eis
1120 379 1252 407 solarium
1269 385 1345 405 more
1362 377 1515 410 radiorum,
1532 381 1559 404 et
1570 377 1824 405 luculentissimam

1027 426 1249 460 explanationem
1275 424 1486 458 apostolicorum
1505 423 1666 458 dogmatum
1687 428 1714 450 et
1735 427 1826 458 pater-

1029 479 1138 499 uorum.
1157 471 1195 498 De
1210 470 1311 505 quibus
1328 473 1388 504 apte
1409 469 1559 503 genitorem
1585 469 1662 496 vocis
1679 468 1775 500 Verbi,
1798 469 1824 496 id

1027 522 1078 550 est,
1101 517 1261 552 prophetam
1278 515 1440 542 Zachariam
1461 514 1493 541 ad
1509 514 1671 542 memoriam
1688 514 1824 542 reducen-

1029 569 1081 594 tes,
1098 570 1196 597 magna
1211 569 1278 588 voce
1295 561 1468 588 clamamus:
1488 569 1497 585 ι
1517 559 1645 586 V'isitavit
1660 567 1711 587 nos
1729 560 1824 587 oriens

1027 617 1060 637 ex
1074 609 1130 636 alto
1149 609 1182 640 7’,
1205 617 1213 633 ι
1228 607 1399 642 splendidius
1428 605 1550 633 theorica
1563 610 1590 632 et
1615 606 1705 632 divina
1732 606 1825 641 provi-

1027 654 1117 681 dentia
1138 653 1282 680 illustratzc
1297 651 1408 682 mentis,
1425 651 1452 678 in
1467 651 1585 678 tenebris
1601 656 1628 677 et
1641 651 1738 677 umhra
1751 659 1824 678 mor-

1028 701 1062 727 tis
1075 699 1186 734 maligni
1203 697 1315 729 erroris,
1334 697 1360 724 id
1375 701 1426 729 est,
1440 697 1564 724 Arabica:
1593 696 1742 730 impietatis
1755 716 1762 729 ,
1781 705 1825 724 se-

1033 743 1128 769 dentes
1141 762 1148 773 ,
1171 741 1204 768 ad
1231 740 1390 775 dirigendos
1416 739 1600 775 iutelligihiles
1617 741 1698 774 pedes
1714 745 1826 768 nostros

1028 787 1054 814 in
1074 787 1146 814 viam
1165 791 1191 814 et
1207 786 1319 814 semitas
1337 785 1463 820 pacifera;
1477 785 1703 813 constitutionis.
1724 795 1733 811 ι
1753 785 1824 819 Quis

1028 833 1156 867 loquetur
1179 831 1315 866 potentias
1345 831 1452 858 Domini
1467 831 1513 857 “'3
1528 840 1537 855 ι
1556 831 1701 858 nobiscum
1728 831 1826 866 psallat

1029 878 1113 905 David
1126 883 1203 912 pater
1217 877 1261 904 Dei
1279 886 1285 910 ;
1306 886 1314 902 ι
1330 876 1385 903 Aut
1410 876 1518 903 auditas
1533 875 1614 903 faciet
1625 883 1720 904 omnes
1732 877 1826 905 laudes

182 925 277 960 ρίου;ι
299 926 479 961 συμψαλλέτω
501 927 583 954 Δαεέὶδ
603 928 669 962 ἡμῖν
688 929 701 954 ὸ
727 927 890 962 οεοπάτωρ*
907 937 915 952 ι
933 927 975 953 ’Δ-

1027 925 1087 959 ejus
1099 924 1173 950 3'?»
1193 924 1325 959 quoniam
1354 923 1484 950 misertus
1511 927 1554 950 est
1582 922 1656 950 Deus
1687 923 1826 958 desperati

181 971 297 1002 κουστὰς
320 972 430 1006 ποιήσει
448 971 540 1003 πάσας
565 973 614 1004 τὰς
640 972 762 1004 αἱνέσεις
790 971 890 1005 ait-:05;
907 981 915 998 ι
933 972 974 998 ὅτι

179 1016 298 1051 ἠλέησεν
312 1017 325 1042 ὁ
341 1017 408 1048 Θεὸς
430 1018 476 1044 τὸν
491 1018 706 1053 ἀπεγνωσμένον
728 1018 793 1044 λαὸν
812 1018 908 1050 αὑτοῦ,
927 1019 975 1044 καλ¹

181 1063 215 1089 τὰ
229 1062 364 1090 διεστῶτα
383 1064 452 1098 πρὸς
472 1064 536 1099 μίαν
554 1064 658 1099 συνῆψε
683 1064 803 1096 πίστεως
829 1064 974 1100 ἁρμονίαν.

184 1117 193 1133 ι
210 1108 271 1134 Ὀτι
288 1108 384 1143 ήγειρε
400 1109 486 1144 κέρας
514 1110 656 1145 σωτηρίας
677 1111 743 1145 ἡμῖν
757 1119 766 1135 ι
786 1111 833 1136 καὶ
857 1109 977 1146 ἀνορθώ-

183 1161 253 1183 σεως
276 1153 305 1179 ὲν
318 1153 384 1188 οἴκῳ
401 1154 447 1180 καὶ
461 1153 579 1189 θεοδόχῳ
595 1154 651 1190 ναῷ
667 1155 714 1181 τοῦ
731 1154 895 1190 μονογενοῦς
911 1155 976 1181 Υἰοῦ

182 1199 278 1231 αὑτοῦ,
304 1201 408 1235 Κυρίου
430 1201 458 1227 δὲ
473 1202 520 1228 καὶ
540 1201 608 1228 Θεοῦ
624 1203 671 1229 καὶ
683 1203 810 1238 Σωτῆρος
822 1203 901 1238 ἡμῶν
925 1203 977 1237 Ἰη-

180 1244 228 1270 σοῦ
249 1245 383 1279 Χριστοῦ·
402 1246 503 1278 οἵτινές
533 1247 594 1273 ἐστε
616 1247 695 1283 ὑμεῖς
716 1247 873 1281 ἁγιώτατοι,
892 1249 939 1274 καὶ
953 1248 977 1274 οἱ

179 1290 214 1316 τὰ
233 1290 348 1326 δεύτερα
373 1291 444 1319 κατὰ
459 1292 561 1327 Θεσμὸν
582 1293 629 1319 καὶ
653 1294 731 1326 τάξιν
752 1294 915 1329 Ἐκκλησίας
931 1294 985 1328 ῳέέ

183 1344 274 1370 ροντες
299 1337 376 1372 ὑμῶν
403 1337 563 1372 θεοοτεφεῖς
580 1339 756 1374 τροπαιοῦχοι
780 1340 827 1366 καὶ
842 1339 977 1374 θεοψήίρι-

181 1391 240 1408 στοι
265 1382 386 1417 βασιλεῖς
411 1384 491 1419 ἡμῶν
507 1385 555 1411 καὶ
570 1385 701 1412 δεσπάται
719 1386 769 1421 τῆς
783 1386 953 1422 οἰκουμένης
967 1395 974 1402 ·

180 1428 317 1464 ἱερωσύνη
333 1429 388 1464 γὰρ
404 1429 546 1465 βασιλείας
562 1431 701 1466 ἀγιασμός
715 1432 773 1460 ἐστι
787 1433 834 1459 καὶ
849 1433 978 1460 ἀναστοι-

179 1472 300 1508 χείωσις,
319 1474 369 1501 καὶ
395 1474 519 1509 βασιλεία
547 1475 699 1511 ἱερωσύνης
733 1477 809 1511 ἰσχὺς
841 1477 887 1503 καὶ¹
912 1486 977 1513 κρα-

178 1518 300 1553 τιίωμα,
327 1520 396 1555 Περὶ
426 1515 463 1546 ὧν
489 1520 572 1554 σοφός
592 1529 621 1547 τε
634 1521 702 1553 ἄναξ
717 1522 765 1547 καὶ
780 1522 809 1548 ὲν
823 1521 979 1556 βασιλεῦσιν

178 1563 267 1598 ἁγίοις
290 1563 342 1600 ἔφη
378 1567 611 1601 μακαριστότατος
627 1576 633 1582 ·
648 1567 785 1601 Μέγιστον
803 1567 889 1603 δῶρον
914 1568 979 1599 Θεὸς

1028 970 1121 1005 populi
1139 969 1195 1002 sui,
1215 974 1242 996 et
1259 969 1388 996 distantia
1403 969 1436 996 ad
1452 977 1536 997 unam
1548 969 1611 997 fidei
1631 969 1742 1003 collegit
1759 969 1825 996 har-

1028 1017 1160 1044 moniam.
1177 1026 1187 1042 ι
1213 1016 1246 1043 Et
1270 1016 1358 1043 ert-xit
1387 1023 1473 1042 cornu
1493 1016 1590 1043 salutis
1611 1015 1690 1043 nobis
1706 1015 1728 1031 ³⁵
1744 1035 1751 1047 ,
1771 1025 1780 1041 ι
1800 1019 1832 1044 et.

1027 1063 1188 1090 directionis
1207 1062 1234 1089 in
1251 1063 1344 1095 domo,
1359 1067 1384 1089 et
1401 1062 1543 1090 dominum
1561 1062 1709 1097 recipiente
1725 1062 1826 1096 templo

1027 1108 1161 1144 unigeuili
1176 1108 1235 1135 Filii
1256 1108 1309 1141 sui,
1331 1107 1439 1135 Domini
1461 1108 1588 1136 videlicet
1607 1107 1652 1134 Dei
1667 1115 1699 1135 ac
1727 1107 1826 1134 Salva-

1029 1154 1096 1181 Ioris
1109 1154 1196 1182 nostri
1211 1152 1275 1181 Jesu
1288 1153 1390 1180 Christi
1407 1162 1414 1180 :
1432 1153 1506 1188 quod
1522 1153 1590 1180 estis
1605 1160 1654 1180 vos
1679 1153 1823 1180 sanctissi-

1028 1200 1107 1231 mi“,
1117 1204 1201 1235 atque
1214 1199 1243 1226 hi
1258 1199 1304 1234 qui
1319 1203 1410 1234 partes
1420 1199 1556 1227 secundas
1571 1198 1701 1226 Ecclesiae
1715 1201 1826 1235 portant

1028 1253 1075 1280 per
1090 1244 1176 1281 legem
1193 1249 1220 1272 et
1234 1245 1357 1272 ordinem
1383 1243 1514 1272 Ecclesiae
1531 1249 1649 1276 nostrae,
1669 1243 1824 1278 triumpha-

1028 1296 1101 1318 tores
1129 1291 1235 1318 scilicet
1268 1299 1300 1318 ac
1330 1291 1464 1318 divinitus
1492 1290 1610 1318 redimiti
1640 1298 1689 1318 seu
1717 1289 1824 1317 decreti

1028 1337 1166 1372 principes
1183 1337 1268 1365 nostri
1288 1341 1315 1364 et
1331 1336 1435 1364 domini
1454 1341 1589 1363 terrarum
1613 1336 1702 1364 orbis.
1727 1335 1826 1364 Sacer-

1029 1383 1135 1410 dotium
1178 1383 1250 1410 enim
1279 1383 1386 1417 imperii
1412 1383 1595 1410 sanctificatio
1627 1387 1670 1410 est
1705 1387 1730 1410 et
1758 1390 1826 1410 con-

1031 1429 1155 1461 stitutio,
1170 1433 1196 1456 et
1213 1429 1359 1464 imperium
1375 1429 1523 1456 sacerdotii
1543 1428 1676 1456 fortitudo
1691 1433 1718 1456 et
1730 1428 1825 1456 ﬁrma-

1030 1480 1176 1502 mentum:
1201 1475 1235 1502 de
1256 1475 1359 1510 quibus
1394 1476 1503 1510 sapiens
1520 1475 1632 1510 quidam
1653 1475 1782 1510 princeps
1797 1480 1825 1503 et

1035 1522 1064 1548 in
1093 1522 1196 1549 sanctis
1234 1522 1345 1556 regibus
1379 1522 1558 1549 beatissimus
1585 1523 1648 1549 ait:
1671 1521 1823 1550 Maximum

1031 1567 1134 1594 donum
1153 1566 1225 1594 Deus
1249 1567 1407 1595 hominibus
1430 1568 1568 1603 praestitit,
1597 1567 1782 1595 sacerdotium
1798 1573 1826 1595 et

179 1599 340 1644 ἀνθρώποις
367 1599 505 1646 παρέσχεν
543 1599 703 1648 ἱερωσύνην
742 1613 790 1640 καὶ
821 1599 975 1648 βασιλείων

1032 1613 1178 1646 imperium
1196 1622 1201 1639 :
1218 1612 1284 1640 illud
1300 1613 1410 1648 quidem
1428 1614 1566 1640 adornaus
1584 1619 1610 1641 et
1623 1621 1721 1648 regens
1737 1614 1823 1642 ecclo-

179 1653 227 1688 τὴν
262 1654 311 1689 μὲν
337 1655 372 1682 τὰ
396 1656 511 1691 οὐράνια
541 1658 772 1693 κατακοσμοῦσαν
795 1659 842 1686 καὶ
868 1659 977 1686 διέπου-

179 1708 238 1732 σαν,
255 1700 302 1735 τὴν
318 1700 346 1728 δὲ
360 1701 535 1735 οῑακῐζουσαν
549 1704 660 1739 θεσμοῖς
674 1704 789 1736 δικαίοις
807 1704 840 1731 τὰ
856 1705 974 1739 ἐπίγεια.

178 1745 236 1772 Νῦν
274 1746 384 1781 ἀληθῶς
409 1748 439 1775 τὸ
467 1750 627 1783 μεσότοιχον
647 1749 694 1776 τοῦ
723 1750 854 1785 φραγμοῦ
885 1751 976 1777 διαλέ-

177 1791 272 1824 λυται,
301 1793 349 1819 καὶ
378 1795 524 1829 συμφωνία
555 1795 688 1831 κατάρχει
724 1796 895 1830 διαφωνίας,
928 1797 976 1824 καὶ

178 1836 332 1865 ὖποκύπτει
351 1839 449 1866 ένώσει
478 1840 621 1877 διαίρεσις,
639 1842 686 1869 καὶ
711 1842 827 1878 φροῦδος
854 1844 974 1879 κατέστη

177 1882 337 1915 διάστασις·
357 1885 436 1920 καὶὴ
462 1887 558 1922 είρήνη
593 1888 638 1914 τοῦ
667 1889 736 1916 Θεοῦ
761 1889 777 1925 ἡ
799 1890 974 1926 ὑπερέχουσα

180 1930 272 1956 πάντα
295 1929 369 1963 νοῦν,
384 1931 506 1966 φαιδρῶς
532 1933 672 1967 πομπεύει
694 1934 734 1969 τῷ
757 1934 908 1970 προσώπῳ,
927 1936 974 1962 καὶ

178 1976 429 2011 παρῤησιαστικῶς
446 1977 631 2007 πολιτεύεται.
662 1981 720 2008 Νῦν
737 1991 747 2006 ι
759 1981 791 2008 Οἱ
811 1981 973 2016 γενηθέντες

180 2021 259 2056 ἡμεῖς
284 2021 386 2054 ὄνειδος
409 2024 467 2055 τοῖς
497 2024 600 2058 γείτοσι
639 2025 686 2052 καὶ
705 2026 866 2061 συνομόροις
882 2027 972 2062 ἡμῶν,

179 2068 371 2103 μυκτηρισμὸς
383 2069 430 2095 καὶ
441 2064 596 2105 χλευασμὸς
611 2073 668 2103 τοῖς
683 2072 777 2108 κύκλῳ
789 2073 877 2109 ἡμῶν,
891 2083 900 2099 ›
918 2075 972 2101 κὰκ

175 2112 271 2139 τούτου
288 2113 356 2148 πρὸς
375 2114 426 2148 γῆν
451 2116 608 2150 κεχηνότες,
622 2116 662 2148 εἰς
683 2117 815 2151 οὐρανοὺς
842 2117 971 2152 ἐκθύμως

176 2157 407 2192 συνανανεύομεν.
423 2158 470 2185 καὶ¹
494 2158 641 2194 ψαλμικῶς
667 2161 695 2187 ὲν
720 2161 881 2195 ἀγαλλιάσει
904 2163 970 2190 ἁνα-

176 2201 314 2237 κράζομεν
331 2210 338 2218 ”
361 2213 370 2230 ἰ
386 2204 430 2231 Ἑν
443 2204 531 2240 τούτῳ
559 2204 657 2239 ἔγνων,
683 2206 721 2232 ὅτι
751 2207 900 2242 τεθέληκάς
923 2217 968 2242 με,

177 2247 263 2300 ’ἐστὶοῨ
280 2248 317 2300 μίὴ
330 2249 449 2300 ἐπιχαρῇ
465 2250 479 2276 ὁ
492 2251 589 2286 ἐχθρός
615 2260 666 2286 μου
690 2253 733 2278 ἐπ’
751 2253 824 2288 ἐμοί.
838 2262 847 2278 ι
867 2253 966 2288 Κὰμοῦ
984 2272 1006 2300 D

175 2292 204 2319 δὲ
217 2292 262 2319 διὰ
274 2293 326 2329 *τὴν
341 2294 460 2322 ἀκακίαν
477 2296 525 2322 καὶ
547 2296 687 2332 ἁπλότητα
714 2297 805 2333 πλάνῃ
833 2307 965 2334 περιτρα-

174 2338 272 2371 πέντος
287 2339 446 2371 ἀντελάεου,
465 2341 512 2368 καὶ
528 2341 664 2373 διασώσας
681 2351 714 2378 με
738 2343 901 2379 ἀνέστησας,
918 2343 967 2370 καὶ

173 2385 219 2410 ἐπὶ
233 2384 281 2420 τὴν
305 2385 407 2421 πέτραν
422 2386 472 2421 τῆς
487 2388 671 2423 ἀποστολικῆς
702 2389 820 2421 πίστεως
832 2390 896 2421 τοὺς
912 2399 967 2424 χω-

173 2429 307 2463 λᾶναντάς
324 2440 375 2466 μου
391 2432 475 2464 πόδας
486 2433 652 2469 κατέπηξας.

211 2476 305 2504 Ταῦτα
318 2478 366 2509 καὶ
383 2478 417 2505 τὰ
429 2478 536 2510 τούτοις
549 2479 668 2514 γράφειν
681 2481 754 2514 ἡμᾶς
773 2481 880 2516 συνῳδὰ
894 2490 965 2517 παρ-

173 2521 329 2549 εσκεύασαν
356 2524 386 2550 at
413 2524 593 2560 θεοχάρακτοι
608 2525 696 2553 δέλτοι
724 2527 813 2561 ὑμῶν,
830 2527 865 2558 ἃς
889 2536 968 2554 κανο-

176 2567 244 2602 νικῴ
260 2570 417 2604 κινούμενοι
439 2570 524 2606 νόμῳ,
543 2571 590 2597 καὶ
605 2573 840 2608 πατροπαραδότῳ
856 2572 969 2609 εὐταξία

175 2613 387 2649 ποδηγούμενοι,
403 2617 460 2648 τοῖς
484 2617 548 2648 τοὺς
577 2617 774 2650 ἀποστολικοὺς
802 2619 913 2654 θρόνους
930 2619 968 2646 δι-

174 2657 251 2685 έπειν
265 2660 377 2695 λαχοῦσι
390 2661 434 2688 διὰ
458 2662 602 2699 ξυνωρίδος
617 2664 697 2697 ἁγίας
710 2665 757 2690 καὶ
774 2664 906 2696 εὐλαϐοῦς
922 2666 968 2691 καὶ

174 2703 338 2740 θεοδηγήτου
366 2707 546 2743 πεπόμφατε·
573 2710 672 2742 οἵτινες
710 2711 884 2746 ἀφικόμενοι,
922 2712 969 2738 καὶ

173 2750 243 2777 κατὰ
256 2751 322 2778 Θεοῦ
334 2752 461 2789 βούλησίν
467 2763 496 2781 τε
509 2756 555 2782 καὶ
565 2756 704 2783 ὲπίνευσιν
712 2758 900 2793 ὑπηντηκότες
912 2759 968 2790 τοῖς

208 2818 233 2859 _'°
257 2820 370 2859 Psal.r.u
385 2845 391 2854 ,
406 2824 432 2851 9.
470 2825 493 2840 "
523 2823 588 2852 Luc.
611 2833 630 2858 ι,
648 2825 691 2853 78.
730 2828 753 2844 ⁸ο
783 2826 855 2854 Psal.
889 2835 932 2859 cv,
952 2827 980 2854 2.

1029 1660 1091 1692 stin,
1123 1659 1174 1686 hoc
1190 1667 1254 1686 vero
1269 1660 1427 1694 gubernans
1448 1659 1555 1694 legibus
1570 1660 1654 1695 justis
1671 1660 1823 1688 terrestria.

1031 1706 1110 1733 Nunc
1130 1707 1263 1733 veraciter
1276 1707 1381 1734 medius
1397 1707 1526 1734 maceria:
1539 1708 1632 1741 paries
1649 1707 1756 1735 solutus
1770 1712 1823 1739 est,

1026 1755 1053 1778 ct
1069 1751 1216 1779 concordia
1242 1752 1388 1779 discordize
1411 1753 1594 1787 principatur,
1613 1758 1640 1780 et
1656 1753 1818 1780 incurvatur

1025 1797 1124 1824 unitati
1140 1796 1249 1830 divisio,
1265 1803 1290 1824 et
1304 1797 1365 1832 fuga
1380 1797 1454 1832 lapsa
1480 1798 1615 1832 disparuit
1628 1799 1798 1826 dissonantia
1815 1806 1822 1824 :

1025 1847 1052 1869 et
1070 1849 1123 1877 pax
1139 1842 1186 1869 Dei
1201 1850 1261 1877 qua:
1277 1848 1424 1877 exsuperat
1439 1851 1548 1870 omnem
1560 1850 1683 1875 sensum,
1697 1843 1821 1878 jucundo

1002 1889 1005 1892 ⁴
1025 1889 1100 1916 vultu
1120 1888 1287 1923 triumphat,
1307 1893 1334 1916 et
1353 1883 1515 1917 ﬁducialiter
1536 1894 1725 1917 conversatur.
1743 1889 1823 1916 Nunc

1025 1942 1075 1963 nos
1106 1945 1115 1960 ι
1141 1936 1188 1970 qui
1214 1935 1279 1963 facti
1306 1935 1445 1962 fueramus
1477 1936 1655 1971 opprobrium
1684 1936 1781 1963 vicinis
1796 1941 1823 1963 et

1024 1980 1150 2008 amnibus
1170 1980 1282 2012 nostris,
1303 1981 1481 2008 subsannalio
1494 1985 1521 2007 ct
1548 1981 1650 2007 derisio
1670 1981 1712 2008 his
1733 1981 1779 2015 qui
1793 1981 1818 2007 in

1023 2027 1142 2054 circuitu
1159 2033 1254 2054 nostro
1272 2031 1336 2053 sunt
1352 2026 1386 2059 ⁸⁵,
1404 2035 1413 2051 ι
1431 2033 1462 2053 ac
1476 2034 1524 2060 per
1535 2026 1587 2053 hoc
1601 2026 1634 2053 ad
1646 2031 1746 2053 terram
1763 2034 1819 2060 pra:

1022 2073 1185 2100 confusione
1199 2073 1409 2108 prospicientes,
1429 2073 1462 2100 ad
1479 2073 1563 2101 cmlos
1577 2073 1698 2099 unanimi
1715 2073 1817 2099 alacri-

1023 2122 1075 2146 tate
1087 2119 1264 2153 suspicimus,
1276 2124 1301 2146 et
1309 2119 1454 2153 psallentes
1469 2119 1494 2146 iu
1507 2119 1690 2146 exsultatione
1706 2118 1816 2153 proeli-

1021 2171 1129 2191 matnus
1147 2173 1153 2191 :
1171 2173 1180 2189 ι
1200 2164 1230 2191 ln
1248 2165 1300 2191 hoc
1317 2164 1432 2199 cognovi
1454 2184 1461 2196 ,
1478 2165 1608 2199 quoniam
1630 2164 1740 2191 voluisti
1764 2173 1817 2197 Ine,

1022 2211 1084 2244 quia
1103 2219 1156 2238 non
1181 2211 1309 2246 gaudebit
1331 2211 1458 2238 inimicus
1480 2219 1555 2238 mcus
1580 2218 1662 2246 super
1691 2219 1733 2237 me
1747 2211 1780 2237 ".
1804 2221 1813 2237 ›

1021 2256 1062 2284 Me
1078 2261 1170 2284 autem
1198 2261 1310 2292 propter
1344 2256 1528 2290 innqcentiam
1559 2261 1586 2283 et.
1612 2256 1814 2290 simplicitatem

1021 2303 1123 2330 erretis
1137 2302 1252 2338 [errore]
1263 2303 1422 2330 titubantem
1439 2302 1595 2337 suscepisti,
1607 2307 1633 2328 et
1649 2303 1756 2329 salvum
1770 2311 1816 2329 me

1024 2349 1127 2376 faciens
1143 2350 1271 2381 erexisli,
1288 2353 1315 2376 et
1337 2357 1420 2383 super
1446 2354 1548 2383 petram
1576 2349 1734 2382 apostolicae
1751 2348 1814 2376 tidci

1022 2395 1209 2431 claudicantes
1229 2395 1311 2430 pedes
1328 2402 1402 2422 meos
1421 2394 1544 2422 inlixisti.

1058 2482 1120 2510 llaec
1139 2487 1166 2510 et
1182 2482 1224 2509 his
1244 2481 1416 2509 concinentia
1434 2481 1555 2509 scribere
1576 2489 1626 2509 nos
1645 2481 1767 2508 fecerunt
1779 2481 1821 2508 di-

1024 2529 1125 2556 vinitus
1144 2533 1257 2556 exarata
1287 2528 1426 2555 volumina
1457 2533 1566 2561 vestra,
1597 2535 1659 2563 qua:
1684 2528 1819 2556 canonica

1023 2575 1088 2602 moti
1105 2576 1164 2610 lege
1175 2595 1183 2608 ,
1199 2579 1226 2601 et
1250 2578 1374 2609 paternae
1390 2573 1544 2602 traditionis
1572 2573 1716 2608 disciplina
1730 2573 1816 2604 docti.

1023 2621 1066 2648 his
1081 2621 1127 2656 qui
1147 2621 1362 2656 apostoliearum
1393 2620 1498 2647 sedium
1526 2620 1704 2647 moderamen
1727 2619 1818 2646 sortiti

1023 2672 1098 2699 sunt,
1122 2675 1168 2701 per
1189 2667 1352 2694 reverendus
1367 2672 1394 2693 et
1413 2675 1427 2693 a
1444 2667 1499 2693 Deo
1512 2665 1633 2693 directas
1651 2666 1727 2700 bigas
1743 2665 1818 2691 misi-

1022 2713 1092 2740 stis:
1113 2712 1160 2748 qni
1182 2713 1382 2747 pervenientes,
1397 2716 1424 2740 et
1454 2720 1502 2748 per
1525 2713 1572 2739 Dei
1602 2712 1770 2739 voluntatem
1785 2718 1818 2738 ac

1023 2765 1118 2786 nutum
1131 2765 1307 2787 occurrentes
1323 2760 1369 2787 Dei
1384 2759 1537 2788 cultoribus
1556 2758 1687 2786 fratribus
1701 2757 1816 2792 uostrfs,

1018 2827 1039 2843 “
1059 2827 1122 2855 ibid.
1163 2829 1185 2844 ⁸¹
1207 2828 1273 2855 Luc.
1308 2837 1326 2862 ι,
1347 2828 1394 2855 69.
1434 2828 1457 2844 ⁸³
1474 2829 1572 2855 Anast.
1601 2827 1697 2859 verh.,
1718 2837 1727 2852 ι
1744 2826 1815 2860 Qui:

290 2858 407 2906 {etinft‘tt
433 2861 606 2895 patriarclne,
620 2855 682 2888 nam
706 2862 822 2896 primum
841 2864 866 2890 in
890 2855 1009 2890 Et'i'it'bla
1031 2863 1118 2891 locum
1143 2864 1285 2898 possident
1300 2855 1468 2892 saCerdotes.
1486 2873 1494 2889 ›
1535 2864 1558 2879 ⁸⁵
1574 2864 1645 2891 Psal.
1660 2855 1773 2894 u'xvni,
1786 2855 1812 2892 ὀί

207 2889 279 2920 Psal.
297 2901 329 2919 at.
340 2914 346 2922 ,
362 2893 402 2921 1:1.
