2051 3154
186 153 253 184 14Ῐ3

194 211 263 238 Ἀλλ’

186 266 235 293 μεν
263 257 331 291 πρὸς
362 257 474 288 αὺτῡὺς,
493 258 652 291 συνηντεῐτο
683 258 697 283 ὁ
709 256 843 289 κίνδυνος,
856 254 929 291 εἶχεν
945 257 977 283 ἂν

182 304 197 329 ό
212 303 292 337 λόγος
307 302 385 336 ὑμῶν
410 302 441 328 τὸ
462 303 571 337 βέϐαιον
586 311 593 317 ·
613 303 676 328 ἐπεὶ
692 302 720 329 δὲ
741 302 813 328 κατὰ
826 302 916 328 κοινοῦ
931 302 978 328 τοῦ

183 347 409 384 ’τῆςἙκκλησιας
425 348 590 384 προέρχεται
602 348 739 383 σώματος,
751 347 815 374 ποία
830 348 906 374 ἔσται
917 348 979 383 ὄνη-

185 403 227 426 σις
241 403 248 427 ;
267 394 370 429 μᾶλλον
403 394 431 420 δὲ
447 395 522 420 ποῖον
536 395 586 420 οὐκ
599 394 676 420 ἔσται
695 393 804 428 βλάϐος,
831 393 923 420 κτίσαι
938 394 978 419 οἰ-

184 440 302 475 κοδομὴν
329 439 489 475 ἐπίσαορον,
505 439 552 466 καὶ
567 439 684 474 στερῤοὖ
700 439 826 474 οεμελίου
843 439 979 474 χηρεύου-

186 494 254 517 σαν;
275 485 322 511 καὶ
350 485 419 516 πῶς,
430 485 534 518 ἔλεγον,
552 484 568 519 ἢ
590 484 660 519 ποίῳ
683 485 822 520 προσώπῳ
835 485 903 520 πρὸς
917 485 980 515 τοὺς

185 531 393 562 ἁπεσταλκότας
419 531 492 566 ἡμᾶς
509 531 682 566 ὲπανήξομεν
694 551 701 561 ,
715 530 911 565 ἐπιφερόμενοι
928 539 980 565 μη-

184 577 229 603 δὲν
257 577 312 603 τῶν
340 577 411 603 κατὰ
443 576 556 611 γνώμην
574 577 666 608 αὐτοῖς
683 576 871 611 ἐλπιζομένων
885 584 892 608 ;
908 575 980 610 Πρὸς

185 622 270 649 ταῦτα
279 622 536 657 ὴπορηκότεςήμεῖς
545 621 726 655 γινώσκοντες
737 630 767 648 τε
774 622 836 652 τοὺς
847 621 981 656 θεοῳιλεῖς

186 667 316 701 ἀδελφοὺς
330 668 408 702 ἡμῶν
428 668 558 703 Ἰωάννην
575 669 622 694 καὶ
637 668 739 702 Θωμᾶν
754 667 829 702 ζήλῳ
852 667 916 702 θείῳ
930 669 980 703 τῆς

185 713 327 747 ὀρθοδόξου
353 714 581 748 κεκοσμημένους
608 714 739 746 πίστεως,
754 713 801 739 δύο
831 714 916 747 ἁγίων
933 715 980 739 καὶ

187 757 314 792 μεγάλων
341 757 520 792 πατριαρχῶν
545 757 700 792 ὁμοψὺχους
721 757 888 791 συγκέλλους
902 766 980 792 γενο-

188 803 297 838 μένους,
315 803 344 829 οὐ
364 803 418 838 μὴν
433 802 500 829 ἀλλὰ
519 803 566 829 καὶ
584 804 633 838 τῆς
649 803 792 836 ἁγιοτςοιοῠ
809 803 923 838 ἡσυχίας
936 803 980 830 ὅν-

186 857 234 880 τας
248 849 376 884 ἐραστὰς,
389 849 495 884 ἔφημεν
511 849 578 884 πρὸς
590 848 703 879 αὐτούς’
715 849 768 874 Ἴδε
783 849 890 883 καιρὸς,
905 848 983 874 ἀδελ.

187 895 232 928 φο).
249 894 403 929 πρόσφορος
426 894 575 929 σωτηρίας,
593 894 642 920 καὶ
665 894 782 928 ἡσυχίας
796 893 896 928 μᾶλλον
912 894 981 928 ὑψη-
999 889 1019 916 Β

186 939 294 974 λότεεγς
306 947 312 953 ·
329 938 481 974 πορεύεσθε
503 939 551 965 σὺν
583 940 639 969 τοῖς
669 938 784 973 ἀνδράσι
803 939 920 970 τούτοις,
934 938 982 965 καὶ

185 983 236 1017 τὴν
245 983 316 1018 ὑπὲρ
332 982 422 1009 αὐτῶν
438 983 593 1016 ᾁπολογίαν
616 981 795 1014 ἀναδέξασθε.
815 982 871 1009 Καὶ
887 983 983 1018 διηγή-

187 1027 269 1053 σασθε
284 1027 359 1063 ζώσῃ
374 1028 461 1062 φωνῇ,
478 1026 496 1053 ἆ
509 1027 553 1053 διὰ
567 1027 743 1062 γραμμάτων
767 1028 901 1063 γνωρίσαι
925 1028 982 1058 τοῖς

185 1072 331 1104 δεσπόταις
346 1072 425 1108 ἡμῶν
443 1073 579 1108 παρέλκοι)
598 1072 752 1108 ἡγούμεθα.

222 1118 334 1150 Οἴδατε,
356 1119 429 1148 ὅπως
455 1118 500 1144 διὰ
516 1118 689 1153 βραχυτάτης
713 1120 883 1156 κατηγορίας
896 1120 983 1155 ἐξόρι-

187 1170 249 1193 στος
266 1163 378 1198 γέγονεν
396 1162 450 1188 ἀπὸ
472 1162 611 1196 δισχιλίων
640 1163 762 1198 σημείων
785 1165 799 1190 ό
813 1164 859 1190 τὸν
887 1164 982 1199 θρόνον

186 1207 277 1242 λαχὼν
301 1208 405 1234 διέπειν
429 1208 475 1234 τοῦ
498 1208 662 1242 ἀδελφοοέου
681 1209 822 1236 Ἰακώϐου.
847 1210 982 1244 Ὀπηνίκα

186 1254 215 1280 δὲ
225 1254 256 1280 τὺ
270 1254 316 1280 τοῦ
332 1254 399 1281 Θεοῦ
421 1254 501 1290 ἔργον
515 1254 567 1290 πλη
574 1254 691 1289 ρώσητε,
709 1256 756 1282 καὶ
766 1255 815 1290 τὴν
827 1256 981 1291 κρατοῦσαν

187 1300 371 1336 ἀποστολικὴν
387 1301 538 1335 παράδοσιν
554 1301 583 1327 ὲν
599 1301 842 1336 ταῖςἘκκλησίαις
855 1301 902 1328 τοῦ
912 1302 980 1328 Θεοῦ

186 1348 246 1378 ταῖς
262 1347 322 1373 κατ’
338 1347 476 1380 Αἴγυπτον
493 1347 538 1372 καὶ
551 1346 651 1380 Συρίαν
667 1349 721 1379 τοῖς
740 1347 887 1380 δεσπόταις
903 1348 980 1383 ἡμῶν

186 1393 352 1427 γνωρίσητε,
381 1392 533 1427 τηνικαῦτα
551 1393 581 1419 τὸ
611 1393 781 1428 ποθούμενον
800 1395 864 1429 ὑμῖν
889 1394 980 1421 ἀσπά-

187 1438 283 1464 σασθε.
302 1438 358 1464 Καὶ
385 1438 444 1469 πῶς
468 1439 560 1473 ἡμεῖς,
588 1439 770 1472 ἀπεκρίναντο
784 1459 791 1470 ,
809 1439 914 1466 ἰδιῶται
934 1440 980 1466 καὶ

186 1485 307 1518 ἀγνῶτες
322 1485 408 1516 ὄντες,
422 1485 470 1510 καὶ
500 1485 568 1517 πρὸ;
583 1484 632 1519 τὴν
647 1484 780 1511 ὑπόθεσιν
794 1485 918 1516 ἀσθενῶς
932 1486 980 1511 κα)⁸

187 1530 303 1565 ἀμαθῶς
333 1530 459 1565 ἔχοντες,
490 1530 734 1565 κατατολμήσομεν
762 1532 904 1565 χρήματος
930 1530 979 1565 τὴν

187 1563 324 1610 ἡμετέραν
333 1563 548 1610 ὑπερϐάλλοντος
559 1563 674 1610 δύναμιν
714 1563 849 1602 Ἀλλ’-όνδι¹
861 1563 977 1602 εὐτελιων
994 1563 1015 1592 C

187 1622 234 1648 καὶ
253 1622 375 1653 ἰδιωτῶν,
389 1622 555 1656 ἀντέφημεν,
569 1622 734 1656 ἐνεργήσας,
746 1622 800 1647 τῶν
813 1622 899 1656 ἁγίων
912 1623 980 1648 ἀπο-

188 1667 301 1699 στόλων,
314 1667 397 1702 φημὶ,
412 1668 459 1693 καὶ
474 1667 508 1697 δι’
522 1666 612 1695 αὐτῶν
625 1667 772 1701 ζωγρήσας
789 1667 838 1701 τὴν
852 1667 980 1702 οἰκουμέ-

188 1720 236 1746 νην
254 1712 344 1737 πᾶσαν
359 1711 427 1746 πρὸς
444 1711 567 1745 ὑπακοὴν
583 1710 632 1737 τοῦ
647 1710 728 1744 λόγου
742 1711 791 1744 τῆς
808 1711 892 1737 αὐτοῦ
905 1712 979 1737 οἰκο-

188 1756 294 1790 νομίας,
317 1756 434 1791 Χριστὸς
448 1757 462 1782 ὁ
476 1756 541 1788 Θεὸς
573 1756 651 1791 ἡμῶν
675 1756 788 1787 δυνατός
809 1757 868 1782 ἐστι
887 1756 980 1782 δοῦναι

188 1803 252 1837 ὑμῖν
269 1802 346 1836 λόγον
364 1803 392 1828 ἐν
409 1801 509 1834 ἀνοίξει
523 1801 571 1828 τοῦ
588 1802 725 1836 στόματος
743 1801 820 1836 ὑμῶν
833 1822 840 1832 ,
857 1802 926 1837 πρὸς
950 1803 980 1828 τὸ

187 1849 385 1884 ἀναπληρῶσαι
410 1849 456 1874 τὸν
487 1849 587 1875 σκοπὸν
618 1849 665 1875 καὶ
692 1849 821 1884 φρόνημα
843 1849 897 1878 τῶν
912 1851 980 1886 μήτε

187 1895 339 1929 γράμματα
356 1894 516 1928 δυναμένων
530 1893 676 1926 δέξασθαι,
690 1894 753 1929 μηδ’
767 1894 802 1921 αὖ
818 1895 980 1930 τολμώντων

187 1940 290 1975 γράψαι
305 1940 321 1975 ἢ
338 1939 437 1976 γρύξαι
452 1949 478 1965 τι
494 1940 558 1974 περὶ
579 1939 635 1966 τῶν
659 1940 799 1966 τοιούτων.
821 1941 851 1967 Οἱ
874 1941 903 1967 δὲ
922 1941 981 1967 θεο-

188 1985 274 2020 φιλεῖς
285 1986 371 2018 ὂντες,
388 1986 434 2012 καὶ
461 1986 585 2020 ὑπακοῆς
605 1985 658 2011 υἱό“ι
671 1985 832 2020 πεφηνότες,
851 1986 981 2021 ἐπείσθη-

190 2040 237 2058 σαν
250 2031 288 2066 τῷ
305 2031 376 2065 λόγῳ
393 2031 482 2066 ἡμῶν,
498 2031 545 2057 καὶ
558 2029 633 2063 εἶξαν
655 2032 688 2065 τῇ
714 2031 897 2066 παρακλήσει.
926 2031 980 2062 Οὓς

189 2078 250 2112 μετ’
262 2077 388 2108 ὲκτενοῦς
403 2076 653 2112 προσπεπομφότες
668 2077 750 2111 εὐχῆς
762 2097 768 2108 ,
785 2078 832 2103 καὶ
846 2079 932 2112 χαρὰν
949 2077 979 2102 οὐ

186 2123 237 2158 τὴν
250 2123 384 2158 τυχοῦσαν
401 2125 456 2154 τοῖς
470 2123 646 2149 ἀποσταλετσι
675 2123 897 2158 προεξενηκότες,
908 2123 980 2150 οὕτω

185 2169 390 2203 διεσπάσθημεν
418 2169 466 2195 ἀπ’
487 2168 610 2203 ἀλλήλων
635 2169 707 2203 μετὰ
729 2169 831 2204 πολλῆς
852 2169 979 2204 δακρύων

186 2213 302 2248 χὺσεως.
328 2214 409 2246 Ἀλλ’,
425 2211 448 2240 ὦ
463 2215 612 2248 ἁγιώτατοι
630 2215 679 2241 καὶ
700 2215 904 2250 μακαριώτατοι
916 2236 923 2247 ,
940 2216 978 2248 ὡς

186 2260 293 2295 πρέπον
311 2261 368 2286 ἐστὶ
381 2262 414 2295 τῇ
428 2262 550 2295 πατρικῇ
568 2260 714 2295 δεσποτεία
739 2260 815 2295 ὑμῶν
828 2282 835 2293 ,
851 2261 977 2295 ἁσμένως

185 2308 247 2338 τοὺς
262 2307 394 2341 ἀδελφοὺς
412 2307 491 2342 ἡμῶν
504 2306 682 2339 ὑποδέξασθε,
699 2307 747 2334 καὶ
759 2309 815 2337 τοῖς
832 2307 977 2340 δεσπόταις

184 2353 234 2387 τῆς
249 2353 414 2388 οἰκουμένης
430 2354 496 2388 ἄτερ
520 2353 655 2388 συστολῆς
668 2353 716 2380 καὶ
736 2353 909 2388 ἀνθρωπίνου
929 2355 978 2388 φό-

186 2398 232 2425 ⁶Ξου
251 2399 457 2433 παραστήσατε.
474 2398 570 2429 ’Ἑξετε
586 2398 639 2432 γὰρ
666 2399 765 2430 αὐτοὺς
777 2399 977 2434 ἐπισταμένους

184 2443 308 2478 ἀκριϐῶς
330 2443 383 2470 τῶν
406 2443 491 2479 τριῶν
509 2443 697 2470 ἀποστολικῶν
719 2444 822 2478 θρόνων
849 2445 898 2479 τὴν
911 2446 976 2480 ὁμο-

184 2489 315 2523 νοητικήν
330 2498 358 2515 τε
376 2489 425 2516 καὶ
441 2489 587 2524 σύμφωνον
604 2489 762 2525 ὸρϐοδοξίαν
776 2498 783 2506 ν
799 2490 897 2522 οἵτινες
927 2492 976 2522 τὰς

185 2534 266 2567 ἁγίας
282 2535 331 2561 καὶ
354 2536 549 2570 οὶκουμενικὰς
574 2536 602 2569 ἓξ
617 2536 744 2568 συνόδους
756 2537 907 2572 ὁμοφώνως
924 2546 975 2572 κη-

186 2580 338 2614 ρύττουσιν,
354 2581 453 2616 ἑτέραν
482 2581 551 2616 πρὸς
577 2581 702 2614 ταύταις,
732 2583 766 2618 ἥν
784 2583 832 2609 καὶ⁴
858 2583 976 2617 ἑϐδόμην

183 2624 256 2656 τινὲς
269 2625 442 2660 Θρυλλοῦσιν,
454 2626 484 2652 οὐ
501 2626 690 2661 προσιέμενοι,
700 2627 767 2653 ἀλλὰ
777 2628 894 2662 πάμπαν
907 2629 975 2654 ἀπο-

168 2669 356 2705 ιϐαλλόμενοι,
375 2671 413 2700 ὡς
428 2672 474 2697 ἐπὶ
492 2671 652 2707 καθαιρέσει
674 2672 728 2698 τῶν
744 2673 934 2700 ἀποστολικῶν
944 2682 975 2699 τε

183 2717 232 2744 καὶ
240 2717 440 2744 διδασκαλικῶν
458 2718 636 2753 παραδόσεων
658 2719 911 2754 συναθροισθεῖσαν,
928 2720 975 2746 καὶ

182 2759 238 2787 ’τῶν
257 2761 337 2787 θείων
354 2762 400 2788 καὶ
421 2761 529 2788 σεπτῶν
550 2762 664 2789 εἰκόνων
690 2763 829 2798 ἀναιρέσει
866 2764 913 2789 καὶ
932 2763 975 2795 ἐξ·

218 2829 241 2845 ³⁸
259 2829 303 2856 Sic
314 2829 394 2856 ctiam
423 2831 450 2856 in
466 2829 570 2862 Gra‘co,
585 2831 632 2858 sed
650 2830 721 2859 forte
749 2831 866 2864 melius,
885 2833 1045 2860 cooriretur.
1065 2832 1153 2859 “ARD.

184 2864 292 2898 melius,
311 2866 462 2900 captivae“.
481 2864 566 2891 flant).

900 155 1101 185 EPISTOLE.

281 212 304 237 εἰ
317 211 365 246 μὲν
381 211 419 242 ;ξς
430 211 478 242 τὰς
493 211 632 246 ἡμετέρας
647 212 693 238 καὶ
708 212 789 246 μόνον
798 211 896 246 ψυχὰς,
912 212 978 246 Esq—

1030 214 1056 239 in
1082 214 1173 241 linem.
1193 213 1244 241 Sed
1257 214 1280 241 si
1306 214 1330 240 in
1353 219 1456 240 vcsH'as
1484 213 1674 240 tantummodo
1704 212 1822 242 anilitas,

1756 151 1821 185 liTi

1030 259 1150 286 diximus
1163 260 1194 286 ad
1209 268 1266 291 eos.
1286 261 1478 287 cohauriretur
1494 260 1517 275 ⁸⁸
1533 260 1695 294 periculum,
1709 259 1822 286 habetet

1031 305 1100 331 forte
1110 313 1199 332 sermo
1211 311 1300 332 vrster
1314 307 1432 340 aliquant
1452 306 1619 332 ﬁrmitatem.
1635 306 1668 332 At
1683 312 1747 332 vero
1759 305 1822 339 quia

1031 355 1127 377 contra
1144 358 1291 378 commune
1305 359 1404 386 corpus
1421 351 1544 385 procedit
1563 350 1706 381 EcclcsTae,
1728 350 1820 385 qualis

1030 395 1082 422 erit
1094 396 1253 430 prolectus?
1272 396 1326 422 imo
1340 396 1429 430 quatis
1444 403 1498 423 non
1510 396 1562 422 erit
1574 395 1659 426 laesio,
1675 395 1821 422 aedilicium

1031 446 1189 468 construere
1209 449 1292 475 super
1310 442 1494 475 ptttredinem,
1511 447 1537 467 et
1554 441 1632 467 ﬁrttto
1646 440 1823 474 fundamento

1032 486 1168 520 privatum
1181 486 1191 512 7
1202 490 1228 512 et
1244 485 1393 520 quomodo,
1409 486 1537 520 inquiunt
1548 505 1556 518 ,
1571 486 1612 512 vel
1632 493 1686 520 qua
1706 485 1775 513 facie
1788 485 1821 512 ad

1030 538 1077 558 eos
1090 531 1135 565 qui
1156 538 1206 558 nos
1222 531 1366 562 miserunt.
1383 531 1543 562 redibimus,
1561 531 1629 558 nihil
1651 539 1745 558 eorum
1761 539 1822 565 qum.

1031 577 1181 604 secundum
1197 581 1289 604 votum
1302 584 1380 604 sumu
1393 577 1548 611 sperabant,
1561 577 1671 603 omnino
1688 576 1822 603 ferentes?

1031 620 1071 647 Ad
1086 621 1142 647 haec
1160 621 1317 648 deﬁcientes
1338 628 1398 653 nos,
1418 621 1591 654 scientesque
1616 620 1670 647 Deo
1691 620 1822 647 notabiles

1032 666 1132 694 fratres
1149 671 1269 699 nostros,
1284 666 1417 693 Joannem
1431 666 1534 694 scilicet
1552 671 1579 693 et
1596 666 1742 697 Thomam,
1764 666 1823 692 zelo

1032 711 1126 738 divino
1142 712 1303 739 orthodoxa:
1330 711 1389 738 ﬁdei
1414 711 1560 738 adornatos
1575 730 1581 742 ,
1600 715 1682 745 atque
1705 711 1823 737 duorutn

1032 763 1190 786 sanctorum
1208 762 1234 784 ct
1260 764 1421 792 magnorum
1443 757 1661 791 patriarcharum
1676 756 1823 791 syncellos,

1033 804 1098 839 quin
1118 808 1144 830 et
1156 803 1366 831 sanetiﬁeandos
1382 802 1542 839 [sattctiﬁci]
1558 801 1659 828 silentii
1672 806 1823 834 amatores,

1033 850 1154 877 diximus
1174 849 1206 876 ad
1223 857 1289 876 eos:
1311 849 1379 875 Ecce
1412 853 1529 882 tempus,
1555 847 1665 878 fratres,
1679 850 1824 880 aeceplttm

1033 895 1142 928 salutis,
1160 899 1187 921 et
1203 893 1514 922 silentioexcellentius.
1532 892 1569 920 ite
1581 901 1643 920 eum
1661 893 1726 920 viris
1752 893 1823 926 istis,

1033 945 1058 967 et
1070 948 1118 975 pro
1129 941 1168 967 eis
1176 940 1327 977 apologiam
1339 940 1472 967 assumile
1483 948 1492 973 ;
1502 944 1528 966 et
1537 944 1662 966 cnarrate
1675 939 1735 966 viva
1746 945 1822 970 voce,

1034 994 1094 1021 qum
1108 994 1155 1021 per
1166 986 1270 1013 litteras
1280 985 1407 1012 itttintare
1419 985 1539 1012 demittis
1550 985 1651 1012 nostris
1662 992 1743 1020 supra
1753 985 1824 1011 vires

1033 1039 1096 1060 esse
1110 1031 1289 1067 conjicimus.‘

1069 1118 1162 1146 Nostis
1178 1119 1248 1146 enim
1266 1119 1382 1153 qualiter
1403 1126 1450 1153 per
1467 1118 1593 1154 pusillam
1615 1117 1822 1145 accusationem

1033 1166 1110 1192 exsul
1127 1165 1215 1192 factus
1230 1165 1264 1192 sit
1280 1172 1295 1191 a
1311 1165 1352 1192 bis
1367 1165 1488 1192 millibus
1509 1165 1648 1199 signorum
1665 1164 1710 1191 ille
1730 1165 1774 1200 qui
1790 1165 1823 1191 ad

1034 1209 1179 1244 regendum
1197 1210 1325 1236 thronum
1351 1209 1445 1236 fratris
1468 1209 1574 1236 Domini
1593 1209 1710 1236 sortitus
1726 1213 1766 1236 cst
1779 1209 1824 1236 Ja-

1032 1255 1103 1281 cobi.
1119 1256 1188 1282 (Ium
1211 1259 1301 1281 autem
1320 1262 1389 1290 opus
1403 1254 1449 1282 Dei
1475 1255 1700 1289 adimplevcritis,
1720 1259 1824 1289 ctapo—

1032 1299 1156 1326 stoliratn
1175 1300 1351 1326 traditionem
1371 1308 1433 1335 qua:
1451 1305 1559 1327 tenetur
1575 1300 1602 1326 ιιι
1627 1299 1760 1327 Ecelesiis
1776 1308 1825 1334 per

1031 1344 1179 1379 Egyptttm
1195 1350 1221 1372 ct
1235 1345 1353 1380 Syriam,
1368 1342 1488 1373 dominis
1509 1346 1613 1372 nostris
1635 1345 1770 1380 cognitam
1787 1345 1825 1372 fc-

1031 1391 1135 1421 ceritis,
1154 1395 1218 1417 tunc
1240 1391 1313 1425 quod
1341 1398 1356 1417 a
1373 1392 1450 1418 vobis
1473 1391 1643 1418 desideratur
1657 1411 1664 1423 ,
1681 1391 1824 1425 amplecti-

1032 1436 1108 1462 mini.
1126 1436 1158 1462 Et
1169 1436 1306 1470 quomodo
1332 1444 1391 1466 nos.
1412 1437 1633 1471 responderunt,
1653 1437 1743 1464 idiota:
1761 1445 1822 1463 cutn

1031 1482 1118 1508 simus
1133 1487 1160 1508 et
1176 1482 1332 1516 inexpertes
1350 1481 1410 1517 [Cia
1428 1482 1536 1518 ignoti],
1550 1487 1577 1509 et
1593 1483 1625 1508 ad
1642 1488 1744 1509 tantam
1760 1490 1825 1509 catt-

1032 1535 1090 1563 sam
1106 1528 1206 1554 inﬁrtni
1221 1532 1246 1554 et
1263 1527 1377 1559 indocti,
1410 1535 1608 1562 praesumamus
1639 1528 1759 1562 arripere
1776 1536 1824 1554 nc-

1032 1573 1134 1609 gotium
1143 1573 1213 1607 quod
1226 1574 1352 1601 virtutem
1366 1578 1488 1600 nostram
1501 1579 1647 1608 exsuperat
1659 1574 1669 1600 Ἰ
1680 1574 1733 1600 Sed
1746 1575 1824 1601 Chri-

1031 1626 1090 1647 stus
1113 1619 1185 1647 Deus
1211 1624 1315 1652 noster,
1330 1621 1376 1654 qui
1402 1627 1450 1653 per
1473 1620 1625 1647 vilissimos
1641 1625 1667 1647 et
1683 1620 1791 1653 idiotas,
1809 1628 1825 1647 ο

1030 1665 1145 1700 vestigio
1161 1666 1290 1697 diximus,
1307 1670 1467 1700 cooperatus
1484 1669 1535 1698 est,
1555 1671 1674 1698 sanctos,
1694 1666 1819 1700 inquam,

1031 1711 1168 1746 apostolos
1181 1731 1187 1741 ,
1208 1716 1234 1738 et
1261 1719 1308 1745 per
1324 1719 1371 1738 eos
1389 1713 1481 1738 orbem
1506 1716 1641 1738 terrarum
1664 1713 1782 1746 captavit
1801 1712 1824 1728 ⁸⁹

1030 1757 1064 1784 ad
1081 1757 1263 1784 obedientiam
1294 1757 1368 1783 verbi
1394 1757 1610 1790 dispensationis
1633 1765 1708 1790 sua),
1729 1761 1824 1791 potens

1030 1805 1072 1828 est
1086 1801 1151 1828 dare
1167 1801 1245 1828 vobis
1276 1809 1431 1828 sermonem
1448 1802 1473 1828 in
1490 1802 1631 1836 apertione
1652 1803 1708 1829 oris
1729 1803 1823 1836 vestri,

1031 1847 1063 1872 ad
1088 1846 1268 1880 supplendum
1296 1847 1474 1874 intentionem
1495 1852 1522 1874 et
1542 1856 1651 1875 sensum
1668 1856 1760 1875 corutn
1777 1851 1823 1883 qui

1031 1899 1119 1926 neque
1132 1892 1236 1919 litteras
1253 1893 1563 1927 quiveruntsttscipere,
1583 1901 1670 1928 neque
1689 1895 1824 1922 ausisunt

1031 1938 1162 1971 scribere,
1181 1938 1220 1965 vel
1242 1946 1324 1973 super
1343 1939 1444 1966 talibus
1469 1940 1592 1974 quolibet
1615 1941 1695 1968 tnodo
1711 1942 1820 1970 mutir‘e.

1031 1983 1081 2016 Qui
1100 1992 1161 2012 cum
1183 1985 1228 2011 Dei
1254 1990 1346 2012 essent
1370 1991 1519 2017 amatores.
1535 1987 1697 2014 ohedientim
1712 1987 1758 2014 ﬁlii
1773 1996 1822 2022 ap-

1030 2035 1168 2064 parentes,
1185 2030 1347 2057 obcdierunt
1361 2030 1444 2058 verbo
1459 2035 1552 2058 nostro
1564 2052 1571 2064 ,
1588 2037 1613 2058 et
1625 2033 1820 2067 acquievernnt

1030 2075 1179 2102 hortationi
1191 2084 1197 2101 :
1208 2083 1280 2110 quos
1288 2083 1350 2102 cum
1365 2077 1469 2110 prolixa
1480 2077 1671 2111 promittentes
1687 2079 1820 2111 oratione,

1030 2125 1056 2146 et
1071 2121 1199 2154 gaudium
1231 2128 1283 2147 non
1310 2121 1499 2155 qualecunque
1520 2121 1562 2148 his
1579 2121 1629 2156 qui
1648 2122 1724 2149 missi
1746 2128 1821 2155 sunt,

1030 2166 1217 2198 conciliantes,
1242 2167 1331 2193 taliter
1349 2167 1450 2193 divulsi
1474 2175 1569 2195 sumus
1591 2169 1742 2196 abinvicent
1758 2178 1820 2197 Cum

1031 2213 1116 2239 multa
1134 2213 1316 2248 iacrytnarum
1335 2212 1478 2240 effusione.
1496 2214 1606 2247 Verum,
1626 2217 1819 2243 osum-tissimi

1030 2264 1058 2284 et.
1073 2258 1233 2290 beatissimi,
1252 2263 1278 2284 ut
1292 2259 1521 2294 decetpatcrnam
1539 2259 1751 2288 dominationem
1773 2269 1820 2288 ve-

1030 2308 1126 2336 stram,
1142 2303 1258 2338 benigne
1268 2303 1366 2331 fratres
1385 2309 1493 2332 nostros
1507 2306 1649 2340 suscipite,
1664 2311 1689 2334 ct
1703 2306 1822 2336 dominis

1029 2349 1104 2376 orbis
1119 2349 1221 2384 absque
1231 2350 1416 2377 subtractione
1431 2351 1471 2377 vel
1486 2352 1582 2378 timore
1603 2352 1822 2387 hominumpraz-

1029 2399 1152 2422 sentate:
1168 2395 1303 2422 habebitis
1317 2396 1389 2422 enim
1416 2404 1464 2423 eos
1486 2397 1605 2427 scientes
1620 2398 1725 2433 liquido
1738 2400 1820 2427 trium

1030 2441 1240 2476 apostolicarum
1257 2441 1363 2468 sediutn
1391 2443 1582 2471 concinentem
1605 2448 1632 2471 et
1652 2446 1821 2472 concordan-

1029 2491 1082 2513 tem
1099 2487 1289 2513 ortltodoxiam
1303 2497 1310 2514 :
1326 2488 1373 2522 qui
1403 2493 1514 2515 sanctas
1531 2494 1559 2516 et
1583 2490 1752 2518 universales
1773 2499 1819 2518 sex

1028 2533 1148 2567 synodos
1176 2540 1241 2560 voce
1276 2541 1396 2560 consona
1420 2534 1580 2568 praedicant,
1603 2536 1682 2563 aliam
1711 2537 1743 2563 ad
1761 2538 1820 2570 has,

1028 2586 1109 2613 quam
1126 2583 1153 2605 et
1166 2579 1308 2613 septimam
1324 2580 1435 2614 quidam
1452 2582 1623 2609 susurrando
1641 2588 1818 2617 nuncupant,

1027 2625 1182 2651 nullatenus
1214 2624 1410 2656 adtnittenteS,
1430 2627 1486 2653 imo
1515 2627 1604 2654 modis
1625 2628 1752 2656 omnibus
1775 2637 1819 2656 re-

1030 2675 1169 2705 spuontes,
1183 2670 1313 2697 nimirum
1342 2676 1371 2698 ut
1393 2672 1495 2699 dudum
1521 2672 1547 2699 in
1564 2674 1775 2708 apostolicarttm
1793 2680 1821 2702 et

1030 2716 1255 2751 magisterialium
1282 2718 1460 2746 traditionutn
1493 2719 1707 2755 depositionetn,
1738 2727 1821 2756 atque

1030 2769 1170 2789 sacrarum
1188 2770 1219 2790 ac
1240 2765 1438 2793 venerabilium
1465 2765 1612 2801 imaginum
1636 2767 1820 2803 intercnzplio-

1210 2833 1232 2849 ⁸³
1250 2833 1296 2861 Sic
1310 2834 1391 2862 etiam
1409 2835 1435 2862 in
1450 2835 1555 2871 Gram-0,
1576 2837 1624 2865 sed
1640 2842 1730 2866 tantcn
1752 2839 1822 2867 forte.
