2051 3154
252 178 320 212 1475

793 183 825 212 S.
841 178 994 213 TARASII
1013 177 1266 212 PATItIAltCH/E
1287 180 1340 212 ΟΡ.

1813 182 1878 214 1476

250 242 310 262 nem
326 237 352 261 et
366 233 708 267 abolitionem,collectam.
723 235 779 264 Vos
793 241 896 268 autem.
913 236 1031 264 sanctis-

1083 235 1206 270 αλείψειι
1221 235 1299 270 ὑμεῖς
1316 236 1354 268 δὲ,
1374 235 1539 270 ἁγιώτατοι,
1567 240 1789 274 πεπυρσευμένοι
1814 241 1876 277 θείῳ

249 280 312 307 simi
341 280 432 307 divino
458 280 587 310 illustrati
616 281 675 309 zelo
688 302 695 314 ,
711 287 911 310 consentaneos
927 288 1037 316 quoque

248 325 378 352 habentes
392 326 523 353 divinitus
535 327 737 354 conservandos
750 327 886 361 dominos,
899 327 945 362 qui
961 327 1037 362 justo

248 370 358 397 decreto
374 369 420 397 Dei
435 370 461 397 in
474 370 551 398 vobis
567 371 703 406 imperare
718 372 889 406 praeordinati
913 376 987 405 sunt,
998 373 1036 399 si-

247 415 305 442 mul
319 415 402 442 etiam
428 419 455 442 et
477 423 490 441 a
507 415 565 443 Deo
585 416 781 451 protegendum
805 421 833 444 et
856 417 1050 452 muniendum,

248 467 371 488 senatuin
389 461 534 496 praevalete
553 466 580 488 ct
597 462 710 488 viriliter
725 462 812 496 agite,
826 466 853 489 ct
866 462 1036 490 coniortetur

248 514 295 533 cor
332 511 452 534 vestrum
478 507 523 539 °°,
550 514 659 534 omnem
688 508 898 535 inobcdienliam
929 513 1036 542 aposto-

247 552 300 579 lice
326 552 507 582 ulciscentes.
527 556 555 579 et
583 552 617 579 ad
645 552 745 580 Christi
775 553 955 580 obedientiam
987 561 1034 581 co-

247 601 381 631 aptantes.
955 603 960 606 ’

282 642 350 669 Illud
375 646 467 669 autem
492 647 620 677 tanquam
645 645 830 671 necessarium
846 652 928 679 penes
942 644 1034 679 penti-

246 688 351 715 llcalem
373 689 477 722 apicem
492 693 611 716 vestrum
629 687 864 717 commonendum
888 690 1032 723 ducimus;

247 738 277 761 ut
289 734 313 760 si
328 733 498 768 bcneplacito
514 739 674 762 cunctorum
694 735 764 770 regis
775 756 783 768 ,
796 735 897 762 Christi
911 735 1034 762 videlicet

248 773 293 806 Dei
310 780 407 809 nostri.
419 783 445 806 et
456 786 550 806 eorum
560 779 605 813 qui
617 787 678 806 cum
691 787 723 806 eo
733 787 847 813 regnare
861 785 1031 814 meruerunt,

247 824 294 851 Dei
312 824 415 851 scilicet
427 824 578 851 amicorum
589 829 614 852 et
625 825 851 858 triumphatorum
861 825 1032 852 dominorum

245 875 413 902 nostrorum,
437 869 580 897 volueritis
603 870 742 897 celebrare
758 871 890 906 synodum
904 881 910 897 :
925 879 959 898 ne
975 878 1033 897 mo-

245 916 313 942 lesta
345 915 422 942 vobis
449 919 577 949 appareat
601 915 682 942 trium
700 916 910 950 apostolicarum
923 917 1028 943 sedium

245 959 379 986 almorum
397 959 626 993 patriarcharum,
655 964 682 988 et
709 960 944 992 sanctissirrwruin
971 961 1030 995 epi-

244 1011 402 1038 scoporum,
418 1004 465 1038 qui
481 1005 533 1031 sub
548 1004 615 1038 ipsis
630 1004 750 1039 degunt,
767 1005 889 1032 absentia
902 1024 909 1037 ,
928 1012 982 1032 non
997 1012 1030 1032 ex

244 1052 354 1086 proprio
366 1058 462 1079 eorum
485 1051 613 1079 accidens
637 1052 794 1087 proposito,
811 1052 858 1080 sed
879 1060 913 1080 ex
935 1057 1030 1080 tenen-

245 1096 313 1123 tium
332 1103 380 1123 seu
406 1096 606 1123 dominantium
634 1097 688 1124 illis
717 1097 884 1124 terribilibus
905 1097 987 1124 minis
1004 1102 1031 1125 et

244 1142 392 1170 mortiferis
409 1142 508 1177 poenis.
524 1142 580 1170 Hoc
597 1148 688 1170 autem
701 1143 829 1171 subtilius
841 1147 891 1171 ‘est
904 1144 1030 1171 censide-

243 1187 360 1214 randum
377 1188 458 1214 etiam
477 1188 512 1215 ab
543 1188 601 1223 ipsa
626 1196 703 1216 sacra
735 1193 762 1216 et
791 1189 937 1216 universali
954 1193 1030 1217 sexta

243 1233 358 1268 synodo,
376 1233 403 1259 in
420 1240 473 1267 qua
484 1233 576 1260 nullus
593 1241 687 1260 eorum
709 1234 756 1268 qui
776 1241 823 1268 per
838 1235 909 1261 idem
926 1239 1031 1269 tempus

244 1277 272 1304 in
295 1277 337 1304 his
352 1277 476 1311 partibus
497 1277 616 1312 episcopi
637 1283 724 1310 erant,
738 1279 896 1306 convenisse
907 1284 1030 1313 repertus

244 1325 286 1348 est
302 1325 410 1356 propter
433 1322 614 1349 obscenorum
631 1322 820 1349 obtinentiam.
843 1322 894 1350 Sed
924 1324 1029 1350 nullum

243 1373 276 1393 ex
293 1366 344 1393 hoc
357 1371 459 1394 sancta:
472 1367 587 1394 adhaesit
599 1367 704 1402 synodo
725 1368 906 1402 praeiudicium
920 1377 926 1395 :
942 1376 1030 1403 neque

243 1412 315 1440 vires
327 1413 422 1440 habuit
433 1413 582 1448 prohibitio
595 1413 685 1448 aliqua
699 1414 834 1441 statuendi
847 1418 875 1441 et
887 1414 1029 1442 manifesta

245 1456 364 1485 faciendi
380 1463 453 1485 recta
468 1457 594 1493 dogmata
611 1459 729 1492 pietatis,
741 1458 877 1493 prazcipue
890 1467 951 1485 cum
967 1467 1030 1486 san-

243 1504 381 1531 ctissimus
397 1508 425 1531 et
441 1504 610 1538 apostolicus
626 1511 693 1538 papa
718 1503 859 1531 Romanus
879 1504 1029 1531 concorda-

243 1549 323 1581 verit,
339 1554 367 1576 et
384 1549 411 1575 in
437 1557 467 1575 ea
485 1549 612 1576 inventus
629 1549 666 1576 sit
691 1556 738 1582 per
751 1549 941 1583 apocrisiarios
954 1557 1028 1577 suos.

245 1595 370 1626 Etnnnc,
388 1595 563 1625 sanctissimi,
582 1595 632 1621 hoc
642 1601 702 1621 cum
725 1594 826 1620 auxilio
843 1593 887 1620 Dei
905 1594 1030 1622 similiter

244 1641 301 1666 liat.
315 1639 383 1667 Nam
401 1640 472 1667 sicut
486 1645 549 1667 tunc
563 1640 635 1666 illius
649 1640 714 1666 fides
728 1641 755 1666 in
773 1640 848 1668 orbis
875 1644 953 1674 terra:
969 1648 1028 1675 per-

245 1685 338 1712 sonuit
356 1684 436 1717 ﬁnes,
454 1685 490 1710 ita
517 1689 543 1711 ct
571 1684 666 1720 synodi
684 1692 742 1718 quae
762 1692 835 1711 nunc
855 1692 903 1719 per
914 1686 1029 1720 gratiam

245 1729 292 1757 Dei
318 1730 508 1765 congreganda
534 1735 575 1757 est
592 1738 639 1764 per
652 1730 875 1758 interventionem
897 1735 1029 1765 vestram,

243 1780 271 1802 et
286 1775 345 1810 ejus
359 1775 405 1810 qui
422 1775 576 1802 moderatur
587 1775 769 1810 apostolorum
784 1776 913 1811 principis
928 1777 1029 1809 sedem,

246 1821 437 1856 [medicabitur
457 1821 484 1848 in
509 1821 583 1848 omni
600 1821 660 1848 loco
684 1822 730 1856 qui
749 1822 797 1848 sub
812 1822 869 1849 sole
885 1827 940 1855 est;
956 1823 1030 1850 ride-

244 1866 308 1893 liCct
334 1873 395 1900 qum
412 1865 551 1900 tyrannica
567 1866 706 1892 destructa
730 1870 808 1898 sunt,
828 1866 946 1901 erigens,
962 1871 988 1893 et
1003 1867 1029 1894 in

245 1912 382 1946 antiquam
416 1915 443 1938 et
473 1911 650 1945 apostolicam
668 1911 820 1939 reformans
846 1912 1029 1940 traditionem.

244 1959 330 1986 POrro
345 1958 379 1984 ad
393 1957 569 1984 munitionem
588 1957 730 1984 humilium
752 1957 906 1984 litterarum
923 1963 1031 1985 nostra-

246 2012 318 2036 rum,
343 2003 612 2037 satisfactionemr'lue
635 2004 812 2030 beatitudinis
836 2004 1032 2032 dominationis

246 2055 351 2082 vestrae,
363 2053 444 2083 atque
463 2049 593 2076 victorum
622 2053 648 2075 et
673 2049 900 2083 triumphatornm
914 2050 1031 2083 impera-

246 2101 337 2123 torum
368 2101 534 2126 nostrorum,
562 2094 752 2129 conspeximus
788 2096 868 2123 etiam
893 2096 1032 2130 exemplar

247 2141 445 2175 Synodicorum
459 2141 592 2167 Theodori
608 2145 707 2167 sanctae
725 2141 862 2178 memoriae
877 2140 966 2167 Patris
982 2149 1031 2168 no-

245 2185 296 2211 stri
321 2189 347 2210 ct
368 2184 529 2218 patriarelne
555 2184 804 2219 Hierosolymorum
833 2185 1030 2218 subjiciendum

1089 280 1162 316 ζήλῳ
1182 281 1369 316 ὑπάρχοντες,
1385 281 1545 317 σύμφρονάς
1566 292 1596 309 τε
1614 285 1677 316 τοὺς
1688 285 1780 321 δικαίᾳ
1794 287 1877 323 ψήφῳ

1088 326 1156 353 Θεοῦ
1172 326 1327 361 βασιλεύειν
1352 327 1429 362 ὑμῶν
1451 328 1651 363 προκριθέντας
1675 329 1878 365 θεοφυλάκτους

1087 372 1222 403 δεσπότας
1239 371 1356 406 ἔχοντες,
1373 372 1431 407 ἅμα
1444 372 1472 399 δὲ
1485 373 1532 400 καὶ
1541 373 1591 409 τὴν
1606 374 1740 411 θεοσκεπῆ
1757 377 1804 403 καὶ
1820 377 1878 404 050-

1086 416 1221 451 τείχιστον
1241 416 1405 452 σύγκλητον,
1437 417 1566 452 ίσχύσατε
1584 419 1631 445 καὶ
1646 419 1815 455 ἀνδρίζεσθε,
1830 423 1877 449 καὶ

1087 462 1278 497 κραταιούσθω
1296 463 1312 497 ἡ
1327 462 1427 498 καρδία
1445 463 1533 498 ὑμῶν,
1545 465 1637 491 πᾶσαν
1648 467 1792 502 παρακοὴ-ι
1809 469 1877 495 ἁπο-

1087 507 1221 539 στολικῶς
1245 507 1454 542 διεκδικοῦντες,
1472 510 1518 536 καὶ
1543 512 1583 541 είς
1611 511 1660 546 τὴν
1686 512 1733 538 τοῦ
1755 513 1875 548 Χριστοῦ

1086 553 1210 588 ὑπακοὴν
1226 552 1457 589 μεθαρμόζοντες.

1129 641 1234 667 Ἐκεῖνο
1260 640 1288 667 δὲ
1315 642 1563 678 ὐπομιμνήσκομεν
1576 663 1583 676 ,
1604 645 1641 677 ὡς
1661 646 1810 681 ἀναγκαῖον
1823 648 1876 684 τὴν

1087 686 1248 721 ίεραρχικὴν
1265 687 1343 721 ὑμῶν
1363 688 1501 723 κορυφὴν,
1520 689 1578 723 εἴγε
1604 691 1712 727 εὐδοκία
1736 693 1782 719 τοῦ
1799 703 1875 728 παμ-

1085 731 1218 762 ϐασιλέως
1247 732 1366 766 Χριστοῦ
1391 733 1438 759 τοῦ
1455 734 1521 760 Θεοῦ
1551 735 1639 769 ἡμῶν,
1659 737 1706 763 καὶ
1727 738 1780 764 τῶν
1799 739 1875 773 αὐτῷ

1086 777 1298 811 συμϐασιλεύειν
1327 777 1488 813 ἀξιωμὲνων
1512 779 1731 809 θεοσεϐεστάτων
1748 783 1796 810 καὶ⁵
1811 792 1875 819 τρο-

1085 823 1223 857 παιούχων
1243 822 1382 850 δεσποτῶν
1397 824 1486 858 ἡμῶν,
1499 824 1675 861 βουληθείητε
1687 829 1873 864 συγκροτῆσαι

1086 867 1205 898 σύνοδον,
1221 867 1258 902 μὴ
1278 867 1402 904 ἐπαχθὴς
1431 869 1495 904 ὑμῖν
1510 871 1608 905 φανείη
1631 871 1685 898 τῶν
1708 873 1791 907 τριῶν
1807 875 1874 899 ἁπη-

1084 913 1215 939 στολικῶν
1231 913 1334 948 θρόνων
1362 913 1417 940 τῶν
1440 915 1600 949 ἁγιωτάτων
1621 918 1807 953 πατριαρχῶν,
1826 920 1873 945 καὶ

1083 959 1137 985 τῶν
1157 958 1202 985 ὑπ’
1214 959 1314 990 αὐτοὺς
1337 960 1494 987 ὁσιωτάτων
1509 961 1668 988 ἐπισκόπων
1685 964 1702 998 ἠ
1717 963 1871 999 ἀπόλειψις.

1084 1005 1121 1030 Οὑ
1135 1005 1189 1040 γὰρ
1209 1003 1239 1036 ἐξ
1263 1004 1368 1036 οἰκείας
1392 1005 1483 1031 αὐτῶν
1511 1007 1542 1032 τὸ
1557 1007 1683 1041 ἐμποδὼν
1704 1008 1871 1044 προθέσεως,

1083 1049 1150 1076 ἀλλὰ
1165 1050 1216 1084 τῆς
1232 1050 1286 1078 τῶν
1304 1050 1478 1086 κρατούντων
1504 1052 1552 1078 καὶ
1575 1053 1757 1088 κυριευόντων
1782 1054 1873 1084 αὐτῶν

1084 1095 1310 1130 φρικωδεστάτης
1324 1096 1533 1131 ἑπαπειλήσεως
1549 1098 1596 1124 καὶ
1610 1098 1798 1135 θανατηφόρου
1813 1100 1873 1127 ἐπι-

1083 1141 1232 1176 τιμήσεως.
1253 1142 1339 1168 Τοῦτο
1352 1142 1380 1168 δὲ
1400 1142 1474 1168 ἐστιν
1489 1143 1687 1179 ἀκριϐέστερον
1700 1145 1816 1172 συνιδεῖν
1825 1145 1873 1172 καὶ

1083 1186 1138 1213 ἀπὸ
1154 1186 1204 1220 τῆς
1218 1187 1299 1220 ἁγίας
1316 1187 1364 1213 καὶ
1390 1187 1586 1222 οἱκουμενικῆς
1606 1188 1690 1224 ἕκτης
1709 1189 1829 1221 συνόδου,
1843 1192 1872 1216 ἑν

1083 1227 1100 1267 ᾖ
1115 1231 1203 1262 οὐδεὶς
1219 1231 1274 1257 τῶν
1285 1232 1355 1257 κατὰ
1367 1231 1413 1257 τὸν
1427 1231 1524 1266 καιρὸν
1531 1232 1635 1259 ἐκεῖνον
1647 1233 1676 1259 ὲν
1688 1233 1794 1265 τούτοις
1809 1235 1872 1260 ἑπι-

1085 1276 1258 1303 σκοποὺντων
1290 1279 1347 1308 τοῖς
1364 1277 1459 1314 μέρεσι
1474 1277 1620 1313 συναχθεὶς
1632 1278 1746 1314 εὕρηται
1765 1279 1809 1305 διὰ
1821 1280 1872 1315 τὴν

1083 1321 1137 1347 τῶν
1165 1321 1271 1357 μιαρῶν
1298 1322 1489 1356 ἐπικράτειαν.
1512 1322 1582 1349 Ἀλλ’
1597 1323 1658 1350 οὐδὲ
1681 1325 1713 1350 ὲκ
1726 1325 1822 1351 τούτου
1836 1327 1870 1360 τῇ

1083 1366 1148 1401 ἁγίᾳ
1177 1367 1277 1402 συνόδῳ
1308 1367 1449 1402 πρόκριμα
1474 1369 1641 1403 συνεπλάκη,
1671 1368 1772 1396 οὐδάὖ
1798 1379 1871 1405 παρ·

1082 1411 1232 1446 ωμάρτησε
1246 1410 1363 1442 κώλυσίς
1381 1420 1423 1443 τις
1443 1413 1638 1447 συστήσασθαι,
1662 1415 1709 1439 καὶ
1729 1414 1871 1449 κατάδηλα

1083 1455 1149 1480 πᾶσι
1177 1457 1289 1490 ποιῆσαι
1309 1455 1346 1481 τὰ
1359 1455 1428 1491 ὀρθὰ
1442 1456 1492 1490 τῆς
1506 1457 1645 1488 εὐσεϐείας
1658 1458 1781 1492 δῦγματα
1792 1467 1798 1473 ·
1815 1459 1868 1493 μά-

1082 1499 1161 1525 λιστα
1174 1499 1221 1525 τοῦ
1233 1500 1386 1533 ἀγιωτάτου
1404 1501 1452 1527 καὶ
1471 1502 1650 1528 ἀποστολικοῦ
1667 1503 1745 1528 πάπα
1760 1503 1869 1538 Ῥώμης

1083 1546 1317 1581 συμφωνήσαντος
1329 1547 1397 1581 αὐτῇ
1419 1547 1466 1573 καὶ
1481 1547 1691 1582 συνευρεῦἐντος
1710 1548 1754 1575 διὰ
1766 1549 1819 1576 τῶν
1834 1550 1869 1574 οἱς

1082 1591 1164 1617 κείων
1181 1592 1408 1627 ἁποκρισιαρίων.
1422 1593 1476 1619 Καὶ
1491 1593 1603 1627 ἀρτίως,
1621 1593 1781 1627 ἁγιώτατοι,
1791 1595 1870 1622 τοῦτο

1080 1637 1185 1670 γένοιτο
1201 1638 1248 1663 σὺν
1262 1637 1332 1672 Θεῷ.
1350 1638 1405 1664 Καὶ
1424 1637 1452 1664 δν
1472 1637 1572 1673 τρόπον
1589 1639 1741 1674 τηνικαῦτα
1761 1640 1869 1674 ἐκείνης

1081 1683 1204 1718 ήπίστις
1220 1685 1259 1714 είς
1279 1684 1314 1710 τὰ
1327 1684 1376 1718 τῆς
1396 1684 1561 1719 οἰκουμένης
1589 1684 1722 1720 ἐξήχηται
1750 1685 1868 1721 πέρατα,

1080 1728 1150 1755 οὕτω
1162 1730 1210 1755 καὶ
1227 1728 1276 1763 τῆς
1289 1729 1348 1755 νυνὶ
1365 1729 1616 1765 ἁθροισοησομένης
1634 1731 1755 1765 Χριστοῦ
1770 1731 1866 1766 χάριτι

1082 1774 1190 1800 συνόδου
1206 1774 1249 1800 διὰ
1268 1775 1406 1809 μεσιτείας
1418 1774 1495 1809 ὑμῶν
1510 1774 1558 1801 καὶ
1571 1774 1618 1801 τοῦ
1634 1775 1680 1801 τὸν
1690 1776 1869 1803 ἁποστολικίιν

1082 1819 1176 1853 θρόνον
1193 1819 1239 1845 τοῦ
1267 1819 1417 1854 κορυφαίου
1446 1820 1603 1853 διέποντος,
1621 1817 1870 1857 κηρυχθήσεται’ὲν

1081 1863 1130 1898 ὅλῃ
1145 1864 1178 1897 τῇ
1195 1863 1240 1896 ὑφ’
1255 1863 1340 1898 ἠ“λίῳ’
1356 1863 1456 1898 δηλαδὴ
1472 1863 1506 1890 τὰ
1522 1863 1693 1899 τυραννικῶς
1716 1873 1870 1898 καταστρα-

1082 1908 1167 1942 φέντα
1180 1908 1349 1944 ἁνορθούσης
1365 1928 1372 1941 ,
1388 1910 1435 1934 καὶ
1449 1909 1489 1939 είς
1509 1908 1540 1934 τὸ
1554 1910 1666 1943 ἀρχαῖον
1677 1909 1870 1935 ἀποκαθιστώ-

1082 1963 1131 1990 σης
1145 1955 1216 1981 κατὰ
1231 1955 1281 1989 τὴν
1294 1953 1477 1988 ἀποστολικὴν
1493 1954 1653 1989 παράδοσιν.
1670 1955 1743 1990 Πρὸς
1764 1955 1792 1981 δὲ
1805 1954 1870 1989 ὀχύ-

1084 2009 1167 2036 ρωσιν
1180 2000 1234 2026 τῶν
1253 2000 1370 2035 μετρίων
1387 2000 1467 2034 ἡμῶν
1483 2001 1666 2035 γραμμάτων,
1682 2001 1870 2036 πληροφορίαν

1082 2056 1110 2073 τε
1122 2047 1172 2081 τῆς
1186 2046 1320 2081 ὑμετέρας
1345 2045 1506 2080 δεσποτικῆς
1530 2046 1739 2080 μακαριότητος,
1754 2046 1801 2072 καὶ
1817 2046 1871 2072 τῶν

1081 2092 1200 2128 νικητῶν
1218 2091 1264 2118 καὶ
1282 2090 1473 2125 τρσπαιούχων
1498 2091 1578 2125 ἡμῶν
1595 2091 1740 2126 βασιλέων,
1755 2092 1871 2118 συνείδο.

1084 2146 1134 2173 μεν
1161 2138 1209 2164 καὶ
1239 2136 1270 2163 τὸ
1299 2137 1358 2163 ἴσον
1386 2137 1434 2170 τῆς
1461 2136 1603 2170 συνοδικῆς
1627 2136 1766 2171 Θεοδώρου
1779 2137 1825 2162 τοῦ
1841 2138 1870 2162 ὲν

1083 2184 1172 2217 ἁγίοις
1186 2182 1293 2217 Πατρδς
1319 2181 1397 2216 ἡμῶν
1412 2181 1458 2208 καὶ
1481 2181 1653 2217 πατριάρχου
1676 2182 1870 2217 Ἱεροσολύμων

247 2230 290 2256 his
307 2237 366 2264 quae
382 2223 483 2264 scripta
501 2233 565 2257 sunt
579 2237 593 2256 a
610 2230 698 2257 nobis.
715 2229 791 2263 llunc
802 2235 892 2257 autem
908 2231 1029 2258 libellum

1083 2229 1215 2261 ὑποτάξαι
1227 2230 1283 2260 τοῖς
1303 2229 1347 2262 ὑφ’
1363 2227 1441 2262 ἡμῶν
1452 2229 1593 2262 γραφεῖσι.
1613 2228 1714 2254 Τοῦτον
1726 2228 1754 2254 δὲ
1769 2229 1815 2254 τὸν
1829 2228 1869 2254 λίσ

246 2277 396 2303 scenndum
414 2276 522 2303 solitum
540 2275 667 2303 Ecclesia
683 2276 774 2309 ritum,
787 2277 856 2303 idem
869 2281 971 2304 sanctae
986 2285 1029 2304 re-

245 2322 412 2350 cordationis
427 2322 537 2356 scripsit
555 2321 640 2349 beatis
656 2326 683 2348 et
704 2322 768 2349 almi
785 2322 894 2349 termini
916 2323 1031 2349 sanctis-

246 2368 323 2395 simis
349 2368 524 2402 patriarchis,
543 2368 648 2395 Cosmae
677 2367 782 2394 scilicet
802 2367 984 2399 Alexandria,
1000 2375 1032 2394 ac

246 2412 392 2441 Theodoro
420 2414 570 2440 Antioshia:
592 2412 835 2447 Theopoleos;qni
853 2417 880 2440 ct
893 2412 1031 2447 reciproca

246 2458 382 2493 Synodica
412 2465 507 2484 eorum
522 2478 529 2489 ,
548 2457 609 2484 dum
637 2457 725 2484 adhuc
751 2458 870 2489 viveret,
895 2459 1031 2492 recepisse

247 2503 426 2538 dignoscitur.
453 2504 604 2530 Incolumes
644 2511 692 2530 vos
730 2511 778 2536 pro
813 2503 890 2530 nobis
923 2507 1031 2530 orantes

248 2549 379 2577 Dominus
406 2554 556 2582 conservet,
574 2549 775 2577 sanctissimict
787 2549 917 2576 divinitus
945 2549 1031 2575 hono-

247 2602 308 2621 l’ﬂ'l.

293 2680 330 2710 “'l
346 2685 407 2713 Cor.
432 2693 485 2717 xu,
507 2685 546 2712 l5.

1078 2275 1170 2302 ϐελλον
1181 2275 1251 2301 κατὰ
1265 2274 1309 2300 τὸν
1321 2273 1422 2308 συνὴοη
1435 2273 1534 2307 θεσμὸν
1551 2273 1600 2307 τῆς
1615 2273 1778 2308 Ἑκκλησίας
1792 2273 1806 2298 ὁ
1820 2273 1869 2299 αὑ-

1079 2321 1124 2352 τὸς
1137 2321 1168 2347 ὲν
1186 2320 1252 2354 ἁγίᾳ
1265 2321 1297 2354 τῇ
1312 2319 1386 2353 λήξει
1401 2319 1564 2354 γεγράφηκε
1580 2320 1636 2350 τοῖς
1661 2318 1806 2354 μακαρίοις
1824 2319 1870 2344 καὶ

1081 2367 1109 2391 ὲν
1121 2365 1182 2400 ὁσία
1195 2365 1227 2399 τῇ
1248 2363 1324 2398 λήξει
1353 2363 1516 2396 ἁγιωτάτοις
1547 2362 1740 2397 πατριάρχαις,
1755 2361 1867 2395 Κοσμᾷ,

1082 2410 1172 2445 φαμὲν
1187 2430 1194 2442 ,
1207 2409 1245 2444 τῷ
1267 2408 1484 2443 Ἀλεξανδρείας,
1499 2408 1545 2435 καὶ
1562 2407 1692 2442 Θεοδώρῳ
1711 2407 1750 2440 τῷ
1771 2407 1873 2432 Ἀντιο-

1083 2457 1159 2491 χείας
1189 2455 1372 2485 Θεουπόλεως.
1388 2455 1417 2485 ὃς
1445 2455 1492 2480 καὶ
1513 2454 1547 2481 τὰ
1568 2453 1760 2480 ἀντισυνοδιιιὰ
1781 2451 1871 2478 αὐτῶν

1084 2503 1124 2528 ἔτι
1134 2502 1188 2533 ζῷν
1199 2500 1520 2536 ἐδέξατο.ΙἘρῤωμένους
1534 2500 1607 2534 ὑμᾶς
1620 2499 1666 2526 καὶ¹
1676 2500 1742 2534 ἡμῖν
1751 2497 1868 2533 εὐχομέ-

1085 2556 1147 2578 νους
1171 2548 1185 2573 ὁ
1214 2546 1316 2582 Κύριος
1332 2545 1532 2580 διαφυλάξειεν,
1553 2544 1698 2580 ἁγιώτατοι
1721 2544 1769 2571 καὶ
1783 2541 1871 2570 θεοτί-

1087 2602 1178 2628 μητοι.
