2051 3154
209 163 271 196 1481

667 161 708 192 ΙΝ
721 161 773 192 SS-
799 160 976 191 DEIPAR/E
995 160 1356 192 PRESENTATIONEM.

1751 156 1816 186 1432

215 233 1815 253 W

745 303 818 330 ΤΟΥ
831 301 876 329 EN
893 301 1006 329 ΑΓΙΟΙΣ
1020 301 1157 328 ΠΑΤΡΟΣ
1169 301 1268 329 ΗΜΩΝ

281 375 548 422 ΤΑΡΑΣΙΟΥ
571 376 1035 421 ΑΡΧΙΕΠΙΣΚΟΠΟΥ
1071 370 1736 438 ΚΩΝΣΤΑΝΤΙΝΟΥΠΟΛΕΩΣ

881 460 1146 520 ΛΟΓΟΣ

608 561 672 589 ΕΙΣ
684 563 725 588 ΤΔ
737 560 884 588 ΕΙΣΟΔΙΑ
901 561 970 587 ΤΗΣ
991 559 1202 587 ΥΠΕΡΛΓΙΑΣ
1219 556 1414 585 ΘΕΟΊὈΚΟΥ.

787 690 924 719 ,ςΑΝσΤι
942 689 1078 718 PATRIS
1096 687 1233 717 NOSTRI

267 769 502 815 TARASII
524 766 986 814 ARCHIEPISCOPI
1019 759 1741 812 CONSTANTINOPOLITANI

861 861 1158 925 ORATIO

535 970 576 1000 IN
606 968 658 999 SS.
688 968 756 999 DEI
774 966 948 998 MATREM
963 965 1005 996 IN
1032 965 1229 998 TEMPLUM
1253 965 1485 998 DEDUCTAM.

499 1104 688 1139 Ε’ὐλόγησον.

236 1155 280 1183 A'.
294 1152 397 1188 Φαιδρὰ
411 1151 458 1178 καὶ
472 1149 624 1186 παράδοξος
639 1151 656 1185 ἡ
670 1148 797 1184 παροῦσα
812 1149 965 1184 πανήγυρις
979 1168 986 1181 ,

204 1201 318 1228 καὶτῶν
345 1196 494 1233 φιλεορτῶν
509 1196 555 1223 τὸν
573 1195 656 1222 πόθον
673 1196 742 1229 πρὸς
763 1195 897 1230 ὑμνῳδίαν
915 1195 987 1228 ἐγεί-

205 1255 297 1282 ρουσα,
310 1247 326 1281 ή
350 1245 399 1279 τῆς
425 1241 617 1276 Ἀειπαρθένου
631 1242 678 1268 καὶ
690 1241 823 1268 Θεοτόκου
840 1242 869 1267 ὲν
880 1240 920 1275 τῷ
933 1239 988 1275 ναῷ

206 1292 314 1327 πρόοδος
326 1299 334 1306 ·
359 1290 479 1324 σήμερον
494 1289 547 1323 γὰρ
572 1289 586 1314 ὁ
605 1287 719 1322 οὐρανὸς
735 1287 782 1312 καὶ¹
802 1287 818 1321 ἡ
839 1287 874 1320 γῆ
895 1285 988 1320 κοινὴν

205 1337 299 1373 ἑορτὴν
310 1334 494 1365 ἐκτελοῦντες,
506 1334 658 1368 ἀμφότεροι
671 1332 716 1359 τὸν
731 1331 902 1366 Δημιουργὸν
913 1331 988 1364 δοξο-

203 1383 311 1417 λογοῦσι
327 1381 372 1408 τὸν
385 1381 417 1407 ὲκ
428 1379 551 1415 βροτειας
568 1379 675 1412 φύσεως
690 1378 739 1412 τὴν
754 1377 885 1403 Θεόπαιδα
903 1377 987 1412 κόρην

204 1427 385 1462 ὲκλεξάμενον
402 1426 442 1457 εἰς
453 1425 551 1452 ἑαυτοῦ
566 1423 787 1458 κατασκήνωσιν.

239 1516 364 1552 Σήμερον
384 1514 431 1541 τοῦ
452 1513 505 1549 πρὸ
519 1513 627 1539 πάντων
652 1513 758 1539 αἰώνων
779 1511 990 1547 προορισθέντος

206 1561 357 1599 μυστηρίου
373 1560 420 1587 καὶ
434 1560 484 1586 ἐπ’
499 1560 622 1594 ἐσχάτων
637 1552 821 1593 φανεροῦὲθαι
837 1557 989 1592 μέλλοντος,

205 1607 396 1644 εὐτρεπίζεται
411 1605 579 1640 οἰκητήριον.
603 1604 727 1639 Σήμερον
747 1604 763 1638 ἡ
780 1603 810 1636 ἐξ
824 1603 992 1638 ἐπαγγελίας

205 1653 332 1688 τεχθεῖσα
351 1651 380 1684 ἐξ
404 1650 532 1684 Ίωακεὶμ
555 1649 602 1675 καὶ
621 1649 721 1683 Ἀννης
739 1648 925 1683 προσφέρεται
945 1648 991 1674 ὑπ’

205 1698 305 1729 αὐτῶν,
318 1697 408 1731 τίμιον
423 1694 520 1730 δῶρον,
536 1693 575 1729 τῷ
585 1693 734 1728 μετέπειτα
752 1693 781 1725 ἐξ
798 1693 883 1726 αὐτῆς
894 1692 992 1727 τεχθῆ-

206 1752 250 1770 ναι
261 1741 448 1776 εὐδοκήσαντι.
460 1739 585 1774 Σήμερον
595 1738 626 1764 τὺ
637 1738 687 1772 τῆς
702 1738 790 1774 χαρᾶς
807 1737 950 1772 προοίμιον
962 1737 992 1762 ὲν

1372 1102 1492 1130 Benedic.

1076 1148 1097 1177 ι.
1123 1148 1198 1176 Laeta
1223 1153 1304 1184 atque
1326 1148 1495 1176 admirabilis
1516 1147 1646 1175 hodierna
1667 1146 1822 1178 celebritas.

1041 1201 1102 1229 quae
1115 1194 1254 1222 studiosos
1271 1195 1390 1222 cultores
1406 1194 1538 1222 festorum
1553 1193 1659 1221 dierum
1673 1194 1774 1221 excitat
1790 1194 1824 1220 ad

1041 1241 1159 1276 hymnos
1172 1240 1358 1268 concinendos
1370 1260 1377 1273 ,
1395 1245 1552 1275 perpetuam
1570 1239 1708 1274 Virginem
1723 1239 1825 1274 Deique

1042 1285 1156 1314 Matrem
1182 1286 1210 1313 in
1240 1286 1371 1320 templum
1393 1285 1612 1320 progredientem
1637 1285 1824 1320 prosequitur.

1042 1331 1148 1359 Etenim
1169 1332 1249 1359 hodie
1270 1332 1370 1360 caelum
1391 1336 1418 1360 et
1439 1337 1509 1359 terra
1526 1338 1699 1358 communem
1721 1331 1827 1365 agitant

1045 1377 1256 1410 solemnitatem,
1274 1381 1302 1404 et
1320 1376 1485 1411 conjunctim
1503 1377 1615 1404 laudant
1631 1383 1723 1403 rerum
1738 1375 1825 1410 Opili-

1043 1429 1113 1453 cem,
1128 1422 1175 1457 qui
1192 1430 1207 1449 e
1224 1423 1309 1457 stirpe
1322 1423 1479 1450 mortalium
1502 1422 1620 1457 puellam
1630 1442 1639 1456 ,
1650 1429 1712 1458 quae
1727 1421 1773 1449 Dei
1784 1427 1828 1449 est

1043 1466 1110 1498 ﬁlia,
1127 1466 1160 1493 ad
1171 1467 1214 1494 sui
1230 1467 1415 1494 habitaculum
1429 1467 1538 1502 delegit.

1082 1511 1168 1538 Hodie
1191 1513 1356 1539 sacramenti
1369 1517 1431 1539 ante
1445 1513 1538 1539 omnia
1562 1512 1662 1539 saecula
1686 1513 1827 1547 praeparati

1044 1557 1123 1591 cujus
1136 1557 1170 1584 ad
1182 1562 1303 1584 extrema
1317 1562 1439 1592 tempora
1458 1558 1651 1585 reservabatnr
1666 1557 1826 1585 manifesta-

1044 1602 1094 1634 tio.
1121 1607 1271 1636 apparatur
1286 1602 1467 1631 domicilium.
1485 1602 1571 1630 llodie
1587 1611 1621 1630 ex
1643 1604 1828 1638 prOmissiOne

1045 1648 1145 1682 genita,
1158 1647 1294 1676 Joacbimi
1306 1654 1332 1676 et
1344 1649 1429 1676 Annae
1441 1649 1507 1681 ﬁlia,
1522 1650 1556 1677 ab
1569 1650 1665 1677 iisdem
1677 1650 1829 1684 pretiosum

1045 1700 1146 1721 munus
1160 1694 1199 1721 illi
1213 1694 1335 1727 oﬂertur,
1351 1695 1397 1729 qui
1411 1699 1505 1729 postea
1518 1695 1675 1730 dignabitur
1686 1696 1720 1723 ab
1734 1703 1766 1723 ea
1781 1703 1829 1730 ge-

1047 1739 1146 1766 nerari.
1158 1738 1243 1766 Ilodie
1257 1740 1437 1774 primordium
1451 1740 1551 1767 latitia;
1562 1741 1707 1768 adducitur
1719 1740 1747 1767 in
1762 1745 1830 1767 tem—

206 1788 245 1824 τῷ
258 1787 313 1822 ναῷ
329 1785 469 1818 εἰσάγεται
483 1783 664 1819 τριετίζουσα,
682 1784 729 1809 καὶ
741 1783 871 1818 παρθένοι
888 1781 991 1816 ταύτης

1043 1784 1118 1819 plum
1141 1784 1260 1817 trimula,
1276 1793 1358 1820 quam
1377 1785 1498 1820 virgines
1512 1793 1576 1812 cum
1591 1785 1763 1820 lampadibus
1780 1786 1828 1813 de-

207 1835 278 1870 μετὰ
301 1834 451 1869 λαμπάδων
476 1832 704 1868 προπορεύονται.
734 1830 856 1865 Σήμερον
877 1829 894 1864 ή
916 1828 993 1860 λύσις

206 1881 256 1916 τῆς
269 1879 449 1915 στειρωτικῆς
468 1878 602 1913 κατάρας
623 1876 709 1909 δῶρον
731 1876 771 1907 εἰς
784 1874 819 1901 τὰ
839 1875 922 1908 Ἀγια
939 1873 992 1900 τῶν

207 1927 292 1961 ἁγίων
305 1925 482 1961 προσάγεται.
492 1924 616 1959 Σήμερον
625 1921 679 1948 τῶν
690 1919 839 1956 προφητῶν
851 1919 882 1945 τὸ
892 1919 926 1954 κή
931 1926 994 1953 ρυγ-

209 1981 248 2007 μα
258 1993 266 2004 ,
288 1971 340 1998 ὑπὸ
353 1972 402 1998 τοῦ
416 1970 570 2006 ἀρχιερέως
584 1969 630 1994 καὶ
643 1967 784 2002 προφήτου
801 1966 938 2001 Ζαχαρίου
952 1965 993 1996 εις

207 2017 241 2044 τὰ
262 2017 348 2043 ἄδυτα
366 2014 510 2050 ἀνέρχεται
522 2021 529 2028 ·
546 2012 610 2040 ἔνθα
623 2011 705 2042 αὐτὸς
718 2009 792 2041 ἅπαξ
807 2010 854 2036 τοῦ
869 2008 992 2036 ἐνιαυτοῦ

208 2063 267 2098 μετ’
277 2060 419 2091 εὐλαϐείας
431 2060 586 2094 εἰσήρχετο,
598 2056 667 2092 αὕτη
684 2055 805 2090 φαιδρῶς
816 2054 886 2089 μετὰ
901 2054 993 2085 ἀδείας

208 2105 313 2140 ἡμέρας
328 2106 375 2131 καὶ
388 2104 485 2135 νυκτὸς
500 2102 656 2134 ἐκαθέζετο.

245 2152 281 2178 B’.
299 2151 348 2182 Τις
361 2151 412 2177 οὐκ
429 2148 553 2184 ἐκπλαγῇ
566 2148 635 2184 πρὸς
646 2147 676 2174 τὺ
689 2146 839 2182 παράδοξον
854 2145 971 2181 πρᾶγμα
983 2153 991 2178 ;

208 2198 249 2229 τις
262 2197 313 2223 οὑν.
326 2195 506 2230 ἐκπλήττεται
524 2196 571 2221 ἐπὶ
586 2193 624 2228 τῷ
639 2192 784 2228 παραδόξῳ
800 2191 937 2226 θαύματι;
952 2190 994 2222 τίς

207 2245 258 2271 οὐκ
271 2243 408 2278 ὲκπλαγῇ,
419 2242 526 2277 βλέπων
537 2241 565 2267 ὲν
579 2239 618 2275 τῷ
633 2239 699 2275 ἱερῷ
712 2237 930 2273 παρεδρεύουσαν
942 2237 990 2271 τὴν

207 2292 264 2322 τοῖς
279 2289 380 2324 ἱερεῦσι
393 2289 536 2322 γεγονυῖαν
547 2286 693 2322 ἀπρόσιτον
707 2284 817 2320 Μαρίαν
832 2284 881 2319 τὴν
894 2282 993 2318 ἀμίαν-

207 2343 253 2361 τον
269 2333 375 2367 ςΤοῦτο
395 2333 445 2367 τῆς
471 2332 538 2366 πρὸς
561 2332 635 2366 ἡμᾶς
662 2330 809 2364 συναφείας
833 2328 992 2363 προοίμιον·

207 2379 287 2405 τοῦτο
300 2380 349 2414 τῆς
372 2377 427 2404 τῶν
439 2378 561 2410 ἀγγέλων
578 2375 647 2410 μετὰ
660 2374 813 2410 ἀνθρώπων
836 2371 993 2407 συμμίξεως

210 2423 395 2458 προχὰραγμα
406 2431 413 2438 ·
429 2423 509 2448 τοῦτο
517 2422 565 2455 τῆς
575 2420 654 2455 ήμῶν
666 2419 862 2450 ἀνακαινισεως
873 2417 993 2453 εκσφρὰ-

208 2453 313 2503 γισμαΙ·
338 2453 418 2494 τοῦτο
430 2468 477 2494 τοῦ
495 2453 682 2501 ἀκανθοφὸρου
701 2465 760 2500 βίου
777 2464 856 2499 ἡμῶν
880 2463 928 2490 καὶ
944 2464 993 2498 τῆς
1006 2453 1028 2482 c

208 2515 372 2548 ἀποφάσεως
385 2514 435 2549 τῆς
449 2513 596 2548 προτέρας.
614 2511 672 2544 τοῦ,
687 2509 915 2544 Ἐπικατάρατος
927 2509 946 2542 ἠ
959 2507 996 2543 γῆ

207 2560 242 2585 ὲν
253 2559 316 2591 τοῖς
337 2559 436 2593 ἔργοις
452 2566 521 2590 σου,
537 2557 669 2588 ἀκάνθας
686 2555 735 2582 καὶ
752 2555 908 2589 τριϐόλους
922 2555 996 2581 ἁνα-

208 2603 290 2630 τελεῖ
299 2611 363 2629 σοι·
377 2602 424 2630 καὶ
437 2602 497 2634 τοῦ,
517 2601 568 2629 Ἐν
580 2600 677 2634 ἱδρῶτι
691 2599 744 2626 τοῦ
760 2598 922 2633 προσώπου
937 2604 996 2625 σου

208 2648 290 2684 grani
309 2649 363 2675 τὸν
388 2648 480 2682 ἄρτον
500 2655 577 2681 σου,
598 2647 615 2681 ή
637 2644 799 2681 μετάλλαξις
812 2652 819 2660 '
840 2643 921 2670 τοῦτο
936 2643 994 2675 τοῦ,

208 2694 355 2728 uanam;
379 2694 433 2726 τὰς
452 2695 552 2726 λύπας
576 2700 634 2719 σου
650 2691 699 2718 ml
716 2690 786 2723 τοὺς
807 2688 994 2724 στεναγμούς

245 2761 255 2777 ‘
273 2761 341 2788 Gen.
358 2768 400 2793 III,
418 2760 462 2787 l7.
500 2761 511 2776 ¹
529 2759 595 2787 ibid.
611 2759 657 2786 19.

1042 1830 1156 1858 ducunt.
1172 1830 1258 1857 llodie
1279 1831 1307 1857 in
1323 1830 1424 1858 Sancta
1442 1834 1601 1858 sanctorum
1615 1838 1665 1858 ceu
1678 1831 1779 1858 donum
1794 1839 1827 1858 ea

1042 1875 1168 1908 infertur,
1180 1883 1241 1910 quae
1252 1875 1403 1903 sterilitatis
1416 1875 1637 1903 maledictionem
1649 1875 1762 1903 abstulit
1774 1875 1825 1911 (I).

1042 1922 1129 1950 Hodie
1143 1931 1159 1951 τι
1171 1923 1309 1958 prophetis
1322 1922 1479 1958 praedicata,
1494 1921 1636 1950 sacerdote
1647 1929 1681 1950 ac
1697 1922 1828 1957 propheta

1042 1968 1174 1995 Zacharia
1205 1968 1364 2001 comitante,
1381 1968 1409 1995 in
1425 1968 1577 1995 sanctiores
1592 1967 1687 2002 templi
1702 1975 1828 1995 recessus

1042 2014 1183 2047 ascendit;
1198 2018 1225 2042 et
1239 2021 1320 2049 quem
1334 2014 1426 2041 locum
1442 2014 1526 2041 semel
1540 2013 1585 2041 ille
1603 2013 1750 2049 quotannis
1764 2021 1827 2041 cum

1042 2063 1116 2087 metu
1131 2059 1235 2092 adibat,
1251 2059 1279 2086 in
1291 2066 1325 2086 eo
1339 2059 1429 2094 puella
1444 2060 1496 2087 ista
1510 2059 1589 2087 hilari
1605 2067 1667 2087 cum
1681 2061 1828 2088 securitate

1042 2105 1089 2132 diu
1104 2108 1240 2139 noctuque
1253 2104 1424 2132 considebat.

1077 2146 1110 2175 lI.
1125 2147 1193 2180 Quis
1214 2148 1255 2175 rei
1272 2148 1393 2175 novitate
1409 2155 1462 2175 non
1482 2148 1677 2184 Obstupescat?
1694 2150 1756 2184 quis
1773 2156 1827 2177 non

1043 2193 1175 2228 suspiciat
1187 2193 1348 2220 inusitatum
1362 2193 1538 2229 prodigium?
1550 2194 1618 2227 Quis
1630 2202 1684 2222 non
1700 2195 1829 2230 percella-

1044 2242 1089 2265 tur
1104 2238 1294 2271 admiratione,
1309 2246 1373 2266 cum
1385 2239 1479 2267 videat
1493 2240 1696 2267 immaculatam
1714 2240 1826 2268 Mariam

1044 2283 1071 2310 in
1082 2283 1169 2311 sacris
1191 2283 1281 2319 adytis
1308 2284 1475 2312 assidentem
1492 2285 1534 2312 vel
1553 2285 1621 2320 ipsis
1638 2285 1826 2314 sacerdotibus

1044 2328 1142 2356 factam
1159 2328 1353 2356 inaccessam?
1369 2329 1426 2358 Hoc
1444 2330 1553 2357 initium
1568 2334 1610 2357 est
1620 2330 1718 2358 divinae
1735 2331 1827 2358 nonis-

1046 2382 1109 2401 cum
1121 2374 1335 2409 coniunctionis.
1347 2374 1411 2403 Haec
1422 2376 1510 2410 prima
1525 2381 1589 2403 sunt
1603 2376 1768 2404 lineamenta
1786 2377 1814 2404 iu
1823 2392 1830 2397 υ

1044 2424 1112 2448 tura:
1127 2421 1196 2448 inter
1210 2421 1321 2456 angelos
1341 2421 1520 2456 hominesque
1536 2422 1686 2450 societatis.
1703 2422 1765 2450 Haec
1781 2431 1830 2451 ex—

1045 2473 1138 2501 pressa
1165 2466 1265 2502 eﬂigies
1289 2472 1392 2495 nostrae
1407 2468 1625 2496 instaurationis.
1642 2468 1705 2496 IIazc
1729 2474 1831 2496 nostra-

1045 2511 1110 2539 vita:
1122 2511 1215 2546 spinas
1229 2511 1341 2540 ferentis
1357 2519 1440 2548 atque
1456 2514 1530 2542 illius
1541 2515 1706 2549 permutatio
1724 2519 1751 2541 et
1765 2522 1829 2541 sen-

1046 2558 1137 2585 tentiae
1148 2558 1213 2586 olim
1231 2559 1314 2586 latas:
1333 2558 1478 2586 Maledicta
1502 2565 1573 2586 terra
1591 2560 1619 2586 in
1631 2559 1751 2593 operibus
1769 2559 1830 2587 tuis.

1047 2604 1137 2637 spinas
1158 2609 1183 2630 et
1203 2604 1314 2631 tribulos
1331 2604 1468 2632 submittet
1491 2605 1539 2632 tibi
1562 2605 1590 2637 ¹;
1618 2609 1646 2632 et
1669 2605 1768 2632 illius:
1797 2603 1830 2630 In

1044 2648 1140 2674 sudore
1153 2649 1240 2676 uultur
1253 2650 1292 2676 tui
1306 2650 1415 2677 vesceris
1430 2657 1498 2684 pane
1512 2650 1533 2677 ³.
1551 2649 1614 2677 Haec
1635 2654 1677 2677 est
1693 2654 1767 2677 certa
1785 2657 1824 2675 rc-

1046 2693 1167 2727 deinptio
1180 2694 1214 2722 ab
1226 2694 1328 2723 inﬂicta
1349 2695 1395 2723 illa
1408 2703 1488 2731 pinna
1502 2704 1510 2723 :
1525 2695 1709 2730 Multiplicabo
1728 2695 1830 2722 doleret

246 2835 284 2871 (ι)
301 2833 475 2871 Sterilitatem
499 2841 552 2871 non
568 2831 711 2871 _Joac_hi_mi
737 2835 764 2858 et
779 2830 1000 2871 Annae__tantum,
1021 2829 1068 2858 sed
1087 2835 1115 2858 et
1144 2830 1271 2859 humanae
1279 2837 1389 2867 quoque
1404 2836 1506 2859 natura:
1526 2837 1587 2866 quae
1602 2829 1635 2857 ad
1658 2828 1770 2856 Mariam
1785 2836 1828 2857 us

209 2866 262 2906 que
274 2866 377 2897 nullum
390 2868 508 2896 fructum
523 2868 574 2895 nisi
589 2867 764 2894 maledictum
781 2866 902 2901 protulit.

387 2918 521 2947 PATROL.
544 2917 603 2948 Gn.
621 2914 747 2946 XCVIII

1637 2910 1677 2940 b7
