2051 3154
253 177 322 211 1485

725 181 766 212 ΙΝ
781 182 834 219 SS.
851 182 1026 213 DEIPARFE
1050 183 1416 216 PRESENTATIONEM.

1818 182 1885 214 1486

250 242 339 266 σασα,
360 234 461 269 φυσικῇ
484 233 604 261 διαθέσει
628 236 742 268 ἄτεκνος
764 237 941 272 ὲγνωρίζετο.
959 237 1035 263 ’Ὂθει

1095 237 1309 272 dignoscebatur
1329 247 1426 267 exsors
1443 239 1613 274 concipiendi
1630 239 1712 266 [intus
1725 238 1884 267 conditione

249 280 297 316 τὴν
309 280 484 315 ἀναχώρησιν
494 280 542 307 τοῦ
554 281 672 316 συζύγου
685 282 862 319 θεωρήσασα,
875 284 913 315 ὡς
929 284 1038 318 τρυγὼν

249 326 409 364 φιλέρημος,
421 328 449 353 ὲν
461 327 501 362 τῷ
514 328 600 362 αὐτῆς
613 329 773 365 παραδείσῳ
784 330 876 365 εὐχαῖς
890 330 1038 365 ἱκετηρίαις

248 372 295 399 τὸν
321 373 438 408 ποιητὴν
463 374 510 400 καὶ
532 374 656 409 πλάστην
674 375 882 410 ἀνακαλουμένη
895 396 903 408 ,
926 376 1038 409 ἔλεγενο

247 413 283 445 Ὠ
299 418 387 453 Κύριε
402 418 530 453 Σαῦαὼθ,
543 421 559 446 d
569 419 737 454 καθήμενος
750 421 800 447 ἐπὶ
809 420 869 447 τῶν
881 422 1039 455 Χερουϐὶμ,

248 465 294 492 καὶ
316 464 496 500 δοξαζόμενος
534 465 586 492 ὐπὸ
612 466 667 492 τῶν
694 466 839 502 Σεραφίμ·
868 468 885 494 ὁ
912 467 1039 501 μυριάσι

246 510 402 544 μυριάδων
425 510 551 544 ἀγγέλων
574 511 819 546 δορυφορούμενος,
849 512 898 538 καὶ
923 512 1040 546 χιλιάσι

247 555 392 589 χιλιάδων
406 555 543 590 στρατιῶν
558 555 699 590 δοξολογού
704 564 783 591 μενος
797 557 846 583 καὶ
868 557 1038 592 προσκυνού-

249 609 329 635 μενος
345 609 353 616 ι
374 601 388 627 ὁ
404 601 449 628 τὸν
468 600 555 636 Ἀδὰμ
566 601 674 633 πλάσας
689 603 724 638 τῇ
735 602 808 637 χειρί
823 611 883 635 σου,
897 603 945 630 καὶ
965 603 1040 637 αὐτῷ

248 646 321 681 ζωὴν
334 645 422 678 ἐνθεὶς
436 647 470 682 τῇ
487 646 624 682 ζωηφόρῳ
640 655 687 674 σου
705 648 851 683 προστάξει
872 648 918 675 καὶ
941 650 974 675 ἐκ
989 648 1040 683 τῆς

249 691 372 726 πλευρᾶς
393 691 476 718 αὐτοῦ
494 692 710 727 ἀνοικοδομήσας
733 694 849 727 γυναῖκα
864 701 871 708 ·
887 695 901 720 ὁ
921 695 954 729 τῇ
969 695 1039 729 σοφῇ

249 743 295 761 σου
311 734 421 770 εὐδοκία
438 735 557 770 ποιήσας
571 735 647 770 αὐτῷ
659 736 778 770 ,βοηθὸν
788 738 852 764 κατ’
864 737 959 764 αὐτὸν
968 759 975 770 ,
992 739 1039 764 καὶ

247 781 287 812 εἰς
300 780 330 806 ἓν
342 782 406 812 τοὺς
420 780 467 806 δύο
492 781 615 815 συνάψας
630 789 636 796 ·
656 782 797 808 Ἔσονται
811 784 839 809 οί
857 783 923 814 δύο,
941 783 1038 815 εἰπὼν,

247 826 292 858 εις
306 824 405 859 σάρκα
420 825 495 861 μίαν
509 833 517 841 ·
538 827 552 852 ὁ
565 826 605 861 τῷ
622 826 764 861 Ἀδραὰμ,
782 827 821 862 τῷ
837 827 876 863 σῷ
891 827 1039 862 θεράποντι

247 871 296 897 xal.
312 870 480 906 πατριάρχῃ,
497 870 694 906 δωρησάμενος
710 872 766 898 υἱὸν
785 873 830 898 τὸν
851 873 954 904 Ἰσαὰκ,
970 874 1040 907 μετὰ

1091 283 1148 318 ipsa
1166 289 1280 312 naturae.
1300 286 1394 319 Itaque
1409 285 1498 312 mariti
1523 284 1715 312 animadverso
1729 284 1755 311 in
1770 284 1882 312 devium

1091 329 1180 356 locum
1193 338 1314 364 secessu,
1326 335 1458 365 tanquam
1471 334 1562 358 turtur
1576 336 1711 366 appetens
1725 331 1882 358 solitudinis

1090 375 1118 402 in
1133 375 1212 403 horto
1223 384 1274 404 suo
1285 378 1455 412 supplicibus
1465 377 1671 412 precationibus
1683 376 1817 405 artiﬁcem
1837 386 1865 404 re

1091 429 1152 448 rum
1175 426 1258 456 atque
1278 423 1433 450 eﬁ‘ectorem
1455 424 1491 451 ita
1514 418 1677 451 obsecrabat
1702 433 1708 451 :
1726 423 1748 451 Ο
1769 423 1884 451 Domine

1090 466 1272 500 exercituum,
1287 469 1333 502 qui
1345 468 1416 495 sedes
1433 477 1512 503 super
1525 468 1669 496 Cherubin:
1683 469 1707 501 ',
1721 476 1804 504 quem
1822 469 1881 505 glo—

1091 510 1199 538 riﬁcant
1214 511 1370 547 Seraphim,
1385 513 1430 551 cui
1442 518 1539 548 parent
1549 514 1583 541 ad
1597 514 1781 542 ministerium
1798 523 1883 549 auges

1090 555 1179 583 lorum
1201 557 1286 584 decies
1312 558 1408 586 millies
1433 564 1542 586 centena
1566 559 1663 592 millia,
1689 568 1770 595 quem
1796 560 1884 587 millia

1092 601 1207 628 millium
1223 603 1233 619 ’
1248 603 1388 639 agminum
1408 604 1568 633 collaudant
1583 610 1609 632 et
1627 611 1794 633 venerantur
1806 627 1814 639 ,
1837 606 1884 641 qui

1091 647 1224 675 Adamnm
1249 654 1294 676 tua
1319 657 1402 676 manu
1426 651 1528 678 ﬁnxisti
1542 671 1549 684 ,
1568 651 1675 686 ipsique
1698 652 1782 679 vitam
1802 653 1882 687 jussu

1091 697 1139 720 tuo
1163 693 1272 721 vivilico
1296 694 1427 726 indidisti,
1451 700 1479 723 et
1502 703 1535 724 ex
1556 696 1616 730 ejus
1638 696 1724 724 latere
1741 698 1882 725 mulierem

1091 737 1242 770 aediﬁcasti,
1260 740 1306 774 qui
1322 747 1371 774 pro
1387 745 1433 768 tua
1448 742 1566 776 sapienti
1584 742 1759 770 ordinatione
1775 744 1884 777 adjuto-

1092 784 1161 810 rium
1175 784 1226 810 sibi
1240 785 1328 812 simile
1344 786 1364 801 '°
1381 786 1431 820 ipsi
1451 786 1548 819 fecisti,
1566 792 1593 814 et
1606 787 1675 815 dths
1692 788 1718 815 in
1736 796 1820 815 unum
1835 797 1882 816 co—

1092 829 1206 864 pulasti,
1223 829 1308 858 Erunt
1324 851 1331 863 ,
1348 831 1493 867 inquiens,
1511 833 1563 860 duo
1580 833 1607 860 in
1623 841 1731 861 carnem
1746 843 1827 862 unam
1842 837 1862 851 ιι
1874 856 1882 867 ,

1092 874 1141 909 qui
1169 874 1326 903 Abrahamo
1344 885 1424 905 servo
1446 883 1493 906 tuo
1509 883 1537 906 et
1553 880 1717 914 patriarcha:
1733 881 1832 909 dedisti
1849 881 1881 908 ﬁ-

247 916 336 951 γῆρας
352 917 399 942 καὶ
413 918 484 951 μετὰ
494 918 543 952 τὴν
555 917 698 952 στείρωσιν
708 918 757 951 τῆς
769 918 888 953 Σάρρας,
904 919 952 945 καὶ
962 920 1035 954 «mir

1092 921 1159 948 lium
1177 921 1253 948 illttm
1266 921 1389 950 lsaacum
1401 929 1464 958 post
1476 929 1645 952 senectutem
1662 933 1694 953 ac
1710 927 1881 954 sterilitatem

249 970 300 994 σας
326 963 408 988 αὐτὸν
429 963 537 989 πολλῶν
560 963 645 990 ἐθνῶν
665 964 794 998 πατέρα’
819 965 833 990 ὁ
849 965 883 1000 τῇ
899 964 1039 999 ὁμωνύμῳ

248 1009 296 1035 καὶ
322 1009 450 1044 ὁμοφύλῳ
471 1017 515 1044 μοι
530 1009 615 1046 Ἀννῃ
635 1010 819 1045 χαρισάμενος
835 1011 880 1036 τὸν
897 1010 1041 1036 κάλλιστον

248 1054 328 1080 παῖδα
344 1055 392 1081 καὶ
408 1054 482 1090 ἱερὸν
496 1054 625 1090 Σαμουὴλ
636 1075 644 1087 ,
663 1055 701 1087 ὠς
716 1054 854 1082 θεόσδοτον
869 1055 953 1090 εὐχῆς
971 1055 1039 1088 υἱὸν,

247 1094 294 1126 κα)⁴
301 1099 348 1126 τοῦ
355 1100 472 1134 ψεύδους
480 1101 528 1129 καὶ
538 1101 635 1136 μίσους
647 1099 783 1136 θρίαμϐον
795 1109 802 1117 ·
816 1100 900 1128 ἔπιδε
910 1101 943 1133 ἐξ
953 1102 1040 1136 ἁγίου

246 1153 304 1172 σου
325 1149 569 1181 κατοικητηρίου,
584 1146 715 1180 ’Ὕψιστῆ
728 1146 776 1173 καὶ
794 1146 900 1179 ἄνοιξον
926 1155 971 1182 μοι
991 1147 1041 1181 τὴν

247 1190 353 1225 μήτραν
369 1190 437 1225 πρὸς
450 1189 625 1224 παιδογονίαν
635 1199 642 1206 ·
655 1190 749 1223 δίωξὸν
765 1198 816 1225 μου
827 1189 877 1225 τὴν
888 1190 978 1225 λύπην
989 1190 1040 1224 τῆς

245 1235 430 1271 στειρώσεως,
451 1236 497 1262 καὶ
518 1234 666 1272 διάῥρηξόν
689 1245 739 1271 μου
759 1236 793 1262 τὰ
811 1236 900 1270 δεσμά
915 1237 965 1270 τῆς
980 1236 1040 1267 ἀτε-

246 1281 334 1314 κνίας,
363 1282 436 1313 ὅπως
464 1282 494 1308 τὸ
511 1282 713 1317 γεννησόμενον
735 1282 768 1308 ὲκ
792 1281 844 1316 τῆς
868 1281 965 1317 δούλης
991 1290 1037 1308 σου

244 1326 407 1361 βλάστημα,
425 1328 480 1354 εἴτε
506 1327 602 1362 ἄρσεν,
622 1328 677 1354 εἴτε
696 1327 776 1362 θῆλυ,
789 1327 886 1363 ,δῶρον
908 1328 1038 1363 προσάξω

244 1381 297 1404 σοι,
317 1365 355 1403 ὡς
381 1373 507 1407 θυμίαμα
521 1373 621 1404 εὐῶδες
633 1393 639 1405 ,
654 1373 691 1405 ὡς
707 1373 832 1408 καθαρὰν
857 1373 1015 1409 προσφορὰν
1029 1394 1036 1405 ,

241 1416 280 1447 ὡς
291 1417 381 1451 τίμιον
396 1417 492 1452 δῶρον,
509 1418 547 1449 ὡς
565 1418 636 1453 ἱερὸν
654 1418 792 1453 ἀνάθημα,
809 1417 846 1448 ῶς
861 1417 934 1444 θεῖον
948 1426 1037 1444 uarat-

242 1464 393 1499 κητήριον,
418 1464 455 1496 ὡς
481 1464 613 1499 ἀμίαντον
645 1464 774 1500 ἀμνάδα,
799 1464 837 1496 ὡς
861 1464 1035 1499 πρωτότοκον

241 1508 338 1542 ἀμνὸν,
351 1508 389 1540 ὡς
407 1509 466 1535 νέον
484 1509 588 1536 Ἰσαάκ.

1093 966 1169 994 Sam
1182 988 1189 1001 ,
1203 969 1384 1004 eumdeutque
1403 969 1519 999 eﬁecisti
1538 976 1643 1006 patrem
1656 972 1805 999 multarum
1819 981 1883 1008 gen-

1090 1013 1170 1045 tium,
1187 1013 1233 1048 qui
1251 1014 1336 1042 Annae
1349 1016 1503 1050 cognomini
1518 1025 1545 1044 et
1558 1017 1650 1044 tribuli
1672 1025 1738 1044 mea:
1753 1019 1881 1053 pulcher-

1091 1058 1192 1086 rimum
1208 1064 1234 1087 et
1249 1067 1359 1088 sacrum
1377 1069 1492 1096 puerum
1507 1061 1618 1090 donasti
1638 1062 1805 1097 Samuelem,
1822 1065 1880 1092 vel-

1093 1104 1132 1130 uti
1164 1104 1256 1132 ﬁlium
1286 1106 1314 1133 in
1347 1107 1581 1142 supplicationum
1608 1109 1724 1143 gratiam
1751 1110 1881 1138 divinitus

1090 1157 1253 1178 concessum
1269 1159 1303 1179 ae
1315 1152 1398 1180 veluti
1414 1153 1584 1188 triumphum
1600 1155 1633 1181 de
1646 1156 1789 1183 mendacio
1801 1157 1880 1184 odio-

1089 1202 1142 1230 que
1157 1201 1324 1230 reportatum
1340 1207 1348 1230 ;
1373 1199 1486 1231 intuere,
1502 1207 1519 1226 o
1542 1199 1694 1236 Altissime,
1707 1203 1738 1228 tle
1757 1202 1881 1229 taberna-

1087 1240 1146 1266 culo
1156 1246 1248 1268 sancto
1265 1246 1311 1268 tuo
1329 1243 1362 1275 ¹¹,
1378 1243 1453 1278 aperi
1473 1244 1506 1271 ad
1521 1251 1683 1280 conceptum
1700 1241 1802 1275 sobolis
1818 1253 1879 1274 ute-

1089 1292 1150 1311 rum
1170 1293 1274 1320 meum,
1294 1292 1391 1315 excute
1410 1295 1426 1315 a
1441 1296 1486 1316 me
1502 1289 1706 1318 infccunditatis
1722 1299 1881 1324 mmrorem,

1087 1334 1114 1356 et
1127 1331 1260 1366 abrumpe
1280 1333 1389 1360 vincula
1414 1343 1481 1362 mea:
1501 1335 1668 1369 sterilitatis,
1687 1342 1718 1364 ut;
1741 1342 1834 1364 natum
1847 1347 1880 1366 ex

1087 1383 1130 1403 me
1144 1376 1247 1404 famula
1264 1382 1309 1406 ttta
1323 1379 1454 1413 fructum,
1479 1381 1537 1409 sive
1553 1382 1655 1410 ﬁliolus
1667 1384 1712 1410 ille
1725 1383 1807 1411 fuerit
1821 1385 1880 1412 sim

1088 1420 1181 1454 ﬁliola,
1199 1431 1299 1451 munus
1325 1425 1373 1452 tibi
1399 1425 1525 1458 offeram,
1556 1428 1630 1455 velut
1657 1429 1822 1457 sacriﬁcium
1851 1430 1880 1457 in

1086 1467 1199 1495 odorem
1211 1471 1366 1503 suavitatis,
1380 1471 1456 1498 velut
1470 1472 1636 1500 oblationem
1651 1475 1793 1508 mundam,
1807 1475 1881 1503 velut

1087 1511 1189 1540 donum
1213 1516 1376 1549 pretiosum,
1398 1517 1473 1545 velut
1499 1525 1594 1546 sancte
1617 1520 1774 1548 dedicatum
1797 1522 1883 1549 dona-

241 1554 322 1585 rium,
339 1554 411 1581 velut
431 1555 551 1582 divinam
580 1555 614 1582 ad
643 1555 851 1583 inhabitandum
876 1555 971 1587 aedem,
988 1555 1063 1583 velut
1082 1564 1179 1593 agnam
1197 1560 1412 1596 immaculatam,
1431 1563 1505 1591 velut
1539 1572 1638 1599 agnum
1656 1567 1879 1602 primogenitum,

240 1600 313 1626 velut
328 1607 427 1626 novttm
446 1600 580 1627 lsaacum.

277 1648 314 1674 E'.
337 1646 414 1673 Οὕτω
429 1647 519 1673 τοίνυν
535 1648 701 1682 ἀμφοτέροις
713 1647 941 1683 ἐπικαλουμένοις
956 1648 1034 1684 ὤφθη

1123 1648 1157 1676 ν.
1168 1648 1300 1684 Utrisque
1315 1650 1398 1685 igitur
1412 1652 1451 1680 sic
1465 1647 1643 1687 precantibus
1665 1655 1752 1684 astitit
1768 1659 1881 1693 angelus

240 1693 332 1723 αὐτοῖς
352 1692 467 1726 ἄγγελος
483 1692 602 1728 Κυρίου,
618 1692 668 1726 τῆς
688 1692 824 1725 παναγίας
838 1692 887 1727 τὴν
902 1693 1033 1728 σύλληψιν

240 1736 499 1771 εὐαγγελιζόμενος,
515 1736 603 1770 λέγων
614 1745 620 1751 ·
639 1736 809 1771 Εῑσήκουσεν
828 1737 906 1770 ὑμῶν
921 1738 935 1763 ό
948 1737 1033 1772 ’Υψι-

241 1790 302 1813 στος
318 1780 368 1815 τῆς
382 1781 516 1816 δεήσεως,
533 1781 580 1807 καὶ
602 1781 631 1807 ὲν
647 1781 731 1815 ὀλίγῳ
752 1780 842 1816 χρόνῳ
857 1781 967 1814 τέξεσθε
984 1781 1033 1808 θυ-

239 1827 355 1862 γατέρα,
368 1827 417 1861 τὴν
433 1827 465 1853 ὲκ
480 1826 576 1853 πασῶν
591 1827 693 1860 γενεῶν
709 1827 859 1862 μακαρίαν,
871 1826 1035 1861 ἐκλελεγμέ-

239 1880 288 1908 νην
311 1873 352 1903 είς
376 1871 445 1898 Θεοῦ
472 1873 695 1906 κατοικητήριον.
722 1871 814 1898 Ταῦτα
840 1871 888 1898 τοῦ
915 1872 1032 1905 ἀγγέλου

240 1918 397 1953 περιχαρῶς
418 1917 683 1953 εὐαγγελιζομένου,
699 1917 819 1953 κατῆλθε
837 1919 886 1953 μὲν
903 1918 1032 1953 Ὶωακεὶμ

239 1964 273 1991 ἐκ
286 1963 334 1990 τοῦ
354 1964 433 1999 ὅρους
451 1964 521 1998 μετὰ
535 1964 624 1999 χαρᾶς
641 1964 688 1991 καὶ
704 1964 875 1999 εὐφροσύνης
897 1965 1010 1999 καρδίας
1023 1973 1031 1980 ·

239 2009 351 2044 γόνιμος
377 2009 406 2036 δὲ
429 2009 495 2045 παρ’
506 2009 601 2036 ἐλπίδα
628 2010 645 2045 ή
667 2010 793 2046 ἄκαρπος
816 1999 959 2046 ἀδεδείχθη
982 2010 1033 2045 τῆς

241 2056 341 2090 ΙἈννης
359 2055 476 2091 γαστὴρ,
493 2057 524 2082 ὲκ
548 2056 702 2091 θελήματος
728 2056 829 2091 σαρκὸς
844 2055 890 2083 καὶ
904 2057 937 2083 ὲκ
954 2057 1032 2092 θελή-

241 2109 327 2134 ματος
340 2101 447 2136 ἀνδρδς,
464 2101 512 2127 καὶ
526 2102 572 2127 τὸν
590 2102 685 2137 καιρὸν
699 2101 749 2136 τῆς
761 2102 971 2137 ὲννεαμηνιαίας
982 2102 1031 2129 αὐ-

240 2145 345 2180 ξήσεως
362 2145 529 2180 γνωρίσασα,
544 2145 622 2172 ἔτεκε
644 2145 693 2181 τὴν
719 2146 909 2180 πανάχραντον
924 2146 1030 2182 Παρθέ-

240 2199 285 2217 νον
300 2192 346 2216 καὶ
360 2191 491 2217 Θεοτόκον
507 2191 617 2226 Μαρίαν
630 2212 638 2224 ,
655 2191 705 2227 τὴν
718 2191 765 2218 τοῦ
781 2193 883 2226 κόσμου
901 2191 1030 2227 πρόξενον

241 2236 390 2272 σωτηρίας.

275 2283 322 2315 ς’.
344 2282 399 2308 Καὶ
430 2282 525 2316 μηδεὶς
552 2281 606 2308 τῶν
631 2282 681 2317 τῆς
698 2282 864 2318 Ἐκκλησίας
887 2284 1028 2318 τροφίμων

239 2329 332 2356 τοῦτον
347 2329 499 2363 είσδέξηται
513 2329 561 2356 τὸν
577 2329 666 2363 λόγον,
682 2329 878 2361 ὑποϐάλλοντα,
891 2330 930 2361 ὡς
943 2331 1029 2356 ἑπτα·
1045 2319 1067 2346 D

240 2375 355 2410 μηνιαία
375 2375 393 2410 ὴ
417 2374 559 2410 Παρθένος
577 2374 687 2410 ἐτέχθη.
704 2375 760 2402 Καὶ
774 2375 828 2411 γὰρ
843 2375 958 2407 πολλοὺς
976 2375 1030 2402 τῶν

238 2420 364 2454 ἀφρόνων
377 2419 464 2445 ταῦτα
479 2419 699 2453 φιλονεικοῦντας
713 2419 831 2454 ἀκήκοα¹
847 2419 894 2451 οὓς
908 2419 963 2453 ἐγὼ
975 2419 1029 2446 τῶν

237 2464 361 2491 ἀπίστων
381 2463 490 2500 χείρους
513 2461 583 2490 εἶναι
598 2463 678 2490 δοκῶ.
698 2463 792 2490 Ταῦτα
814 2463 868 2499 γὰρ
884 2465 1030 2499 αἱρετικῶν

236 2511 306 2536 εἰσιν
326 2509 523 2544 ὲφευρήματα·
538 2508 625 2536 ταῦτα
641 2510 692 2544 τῆς
712 2509 873 2545 Ἐκκλησίας
889 2509 1027 2541 ἀντίθετα,

236 2554 291 2580 τῶν
307 2553 455 2589 ὀρθοδόξων
473 2553 602 2590 ἀλλότρια
615 2562 622 2568 ·
636 2555 653 2589 ὴ
669 2554 724 2589 γὰρ
742 2553 880 2589 Παρθένος
893 2555 940 2580 καὶ
961 2554 1026 2580 θεά-

237 2606 308 2631 παις
325 2599 418 2634 Μαρία
430 2599 533 2626 τέλειον
546 2599 593 2625 τὸν
608 2599 705 2634 χρόνον
721 2598 775 2625 τῶν
790 2598 869 2625 ἐννέα
886 2599 980 2634 μηνῶν
1001 2600 1030 2625 ὲν

236 2646 269 2680 τῇ
288 2645 339 2680 τῆς
351 2646 451 2680 ’Λννης
475 2645 566 2680 κοιλία
590 2645 755 2678 ἐξετέλεσεν,
770 2645 807 2676 ὡς
822 2646 838 2680 ἡ
854 2644 935 2680 φύσις
950 2647 966 2681 ἡ
980 2646 1029 2672 ἀν-

237 2691 361 2726 θρωπίνη
384 2691 477 2725 δηλοῖ·
491 2690 559 2718 ἀλλὰ
573 2691 629 2717 τῶν
647 2691 772 2725 ἀφρόνων
788 2691 822 2718 τὰ
836 2691 961 2726 στόματα
976 2701 1028 2727 μη-

234 2736 298 2764 δένα
316 2737 410 2772 μῶμον
424 2737 492 2772 πρὸς
503 2737 553 2772 τὴν
568 2736 684 2771 ἄμωμον
703 2737 795 2772 εὐρεϊν
808 2736 955 2772 δυνάμενα,
968 2737 1029 2763 τοῦ-

1094 1694 1213 1728 Domini,
1225 1695 1272 1730 qui
1285 1697 1467 1725 sanctissimae
1483 1698 1575 1727 Maria:
1590 1706 1753 1736 conceptum
1769 1705 1880 1731 nuntia-

1088 1739 1138 1771 vit,
1156 1739 1284 1775 inquiens
1298 1750 1305 1768 :
1322 1742 1482 1771 Altissimus
1498 1746 1636 1772 exaudivit
1651 1754 1745 1781 preces
1760 1754 1878 1782 vestras,

1087 1792 1120 1812 ac
1136 1785 1210 1813 brevi
1229 1786 1313 1813 ﬁliam
1325 1787 1451 1822 gignetis,
1466 1789 1573 1817 beatam
1595 1791 1681 1824 illam,
1695 1801 1756 1828 qua:
1768 1802 1802 1821 ex
1819 1803 1879 1823 om-

1086 1829 1169 1858 nibus
1191 1831 1415 1866 generationibus
1444 1834 1470 1861 in
1497 1833 1545 1862 Dei
1571 1836 1767 1866 habitationem
1792 1841 1878 1870 electa

1086 1880 1140 1904 est.
1154 1875 1206 1904 Ubi
1227 1877 1300 1905 hunc
1324 1879 1436 1913 angelus
1462 1881 1546 1908 edidit
1573 1882 1713 1912 latissime
1737 1887 1875 1920 nuntium,

1083 1919 1244 1950 Joachimus
1264 1923 1388 1951 miriﬁcis
1412 1925 1519 1960 gaudiis
1539 1927 1658 1961 gestiens
1681 1929 1823 1958 descendit
1843 1919 1876 1960 de

1084 1972 1188 1999 monte,
1199 1966 1278 1995 Anna
1292 1976 1358 1997 vero
1371 1974 1478 1998 uterum
1489 1992 1497 2005 ,
1519 1972 1566 2006 qui
1582 1974 1684 2002 sterilis
1700 1974 1789 2004 fuerat
1800 1997 1807 2009 ,
1828 1977 1872 2005 fe-

1083 2012 1203 2040 cundum
1218 2019 1331 2048 experta
1350 2020 1393 2043 est
1411 2016 1448 2052 (2)
1462 2025 1495 2044 ex
1520 2019 1663 2047 voluntate
1682 2023 1773 2050 carnis
1799 2028 1826 2051 et
1840 2032 1875 2051 ex

1082 2058 1222 2086 voluntate
1248 2059 1317 2092 viri;
1344 2065 1401 2088 tum
1420 2063 1528 2096 cognita
1553 2069 1615 2099 post
1643 2074 1740 2094 novem
1764 2076 1873 2096 menses

1083 2105 1240 2133 maturitate
1252 2111 1357 2141 partus,
1375 2109 1470 2143 genuit
1490 2110 1677 2139 intemcratam
1692 2113 1832 2149 Virginem
1846 2121 1875 2144 et

1083 2149 1130 2177 Dei
1150 2150 1265 2179 Matrem
1292 2152 1406 2181 Mariam
1430 2155 1528 2183 salutis
1554 2159 1712 2187 mortalium
1741 2162 1871 2191 concilia-

1083 2196 1189 2224 tricem.

1118 2285 1161 2315 Vl.
1175 2287 1236 2314 Jam
1257 2290 1420 2316 sententiam
1447 2291 1521 2318 illam
1548 2294 1682 2327 spuriam,
1700 2303 1762 2329 quae
1781 2297 1873 2331 perhi-

1082 2331 1127 2359 bet
1139 2333 1255 2368 septimo
1270 2342 1366 2363 mense
1379 2340 1440 2370 post
1451 2333 1623 2373 conceptum
1632 2338 1718 2367 fuisse
1733 2340 1871 2377 Virginem

1081 2377 1211 2410 genitam,
1228 2385 1308 2406 nemo
1332 2379 1359 2406 in
1384 2379 1509 2408 Ecclesia
1529 2382 1680 2411 innutritus
1705 2386 1870 2420 probaverit.

1081 2421 1180 2449 Multos
1195 2423 1267 2450 enim
1285 2423 1376 2452 fatuos
1391 2426 1483 2453 audivi
1497 2427 1530 2454 de
1541 2427 1593 2455 ltac
1614 2437 1644 2457 re
1662 2433 1871 2467 contendentes,

1081 2474 1149 2501 quos
1158 2474 1209 2503 ego
1226 2469 1321 2503 judico
1341 2469 1498 2499 inﬁdelibus
1517 2473 1675 2508 deteriores,
1702 2484 1764 2504 cum
1783 2480 1871 2507 luet-e-

1081 2512 1197 2540 tieorum
1211 2516 1321 2549 propria
1338 2515 1392 2543 sint
1410 2517 1545 2552 ejusmodi
1560 2520 1680 2549 inventa.
1704 2522 1767 2551 llaec
1780 2524 1873 2553 Eccle-

1082 2557 1131 2584 siae
1147 2558 1261 2587 adversa
1278 2565 1353 2594 sunt,
1368 2570 1383 2588 a
1397 2567 1470 2590 recte
1482 2565 1664 2594 sentientibus
1676 2569 1757 2603 plane
1770 2571 1869 2598 aliena.

1079 2601 1162 2638 Virgo
1172 2603 1245 2630 enim
1256 2612 1288 2631 ac
1299 2604 1349 2632 Dei
1359 2607 1418 2640 ﬁlia
1431 2606 1515 2635 Maria
1529 2614 1666 2638 maturum
1676 2601 1776 2640 novem
1792 2623 1870 2642 men-

1079 2647 1149 2674 sittm
1164 2649 1281 2683 spatium
1306 2650 1332 2677 in
1351 2652 1412 2679 alvo
1429 2654 1524 2681 matris
1551 2656 1678 2689 absolvit,
1697 2663 1727 2685 ut
1750 2661 1871 2694 pnstnlat

1080 2693 1198 2721 humana
1217 2700 1325 2723 natura.
1339 2697 1439 2725 Verum
1455 2700 1602 2728 stultorum
1617 2710 1676 2737 ora,
1689 2693 1869 2739 qtllﬁillllllalll

1078 2739 1165 2767 labetn
1187 2741 1214 2768 in
1232 2741 1335 2769 illibata
1350 2744 1387 2779 t5)
1399 2746 1538 2779 potuerint
1552 2747 1686 2782 invenire,
1702 2754 1870 2782 sententiam

269 2795 281 2813 ⁸
298 2797 366 2824 Dan.
381 2804 423 2829 ttt,
442 2797 486 2824 55.
525 2797 535 2812 '
548 2796 616 2824 Dan.
633 2805 682 2828 vn,
699 2795 742 2823 lO.
780 2796 802 2811 "
815 2796 883 2824 Gen.
895 2805 922 2824 ll.
943 2797 986 2824 18.
1025 2799 1044 2814 ¹¹
1063 2799 1131 2827 Gen.
1145 2802 1185 2833 lth
1201 2801 1246 2828 ιιι.
1287 2803 1308 2819 ¹¹
1323 2803 1442 2832 Baruch.
1459 2814 1488 2838 tt,
1508 2807 1548 2835 l6.

271 2855 309 2890 (‘2)
328 2855 483 2890 Sttpplenda
498 2855 541 2882 ltic
556 2856 663 2888 negatio
683 2852 801 2882 videtur.

268 2889 306 2925 (3)
336 2889 399 2930 Vide
421 2895 522 2930 quanta
551 2889 694 2930 sedulitate
721 2890 783 2930 $5..
804 2889 1030 2930 Patres-omnem

237 2933 293 2954 non
310 2925 390 2954 modo
405 2925 506 2959 peccati
522 2926 727 2959 maculamqute
741 2926 859 2952 animant
875 2926 970 2958 inlicit,
985 2927 1030 2954 sed

1087 2864 1113 2886 et
1129 2862 1260 2909 nullm-aliis
1275 2863 1398 2906 defectus
1410 2867 1593 2900 suspicionem
1611 2877 1625 2896 a
1641 2870 1717 2898 beata
1763 2872 1870 2909 Virgine

1087 2896 1298 2930 propulsandam
1315 2896 1484 2929 existimaui.
