2051 3154
185 151 249 182 1487

719 149 748 177 δι
778 149 930 178 TAllASII
953 149 1204 179 PATRIAHCIUE
1221 149 1273 179 UP.

1745 148 1811 181 MSS

182 205 253 231 hanc
270 203 417 238 Scriptura:
442 201 603 229 afﬁnxernnt
619 209 633 228 a
657 209 722 228 vero
747 206 877 237 rectoque
890 210 970 230 sensu

1029 212 1066 230 ιον
1080 204 1124 230 τὸν
1136 203 1214 237 λόγον
1224 205 1256 238 τῇ
1272 203 1367 238 Γραφῇ
1383 203 1557 238 περιέθηκαν.
1573 203 1668 238 πόρρω
1680 202 1731 237 τῆς
1745 201 1810 237 ἁλη-

182 250 340 285 longissime
357 249 560 276 abhorrentem.
575 247 628 275 Sed
644 255 694 275 nec
713 248 849 282 quispiam
870 256 885 275 e
901 249 969 275 siui-

182 297 342 330 plicioribus
366 296 440 323 illam
467 295 559 322 animo
582 294 713 326 imbibat;
743 294 815 328 quod
841 294 914 321 enim
938 294 970 321 ad

182 341 374 375 prudentiores
406 345 522 375 spectat,
546 340 675 367 existimo
704 348 752 367 cos
780 347 814 366 ne
843 347 971 372 passuros

182 387 302 420 quidem,
319 391 349 413 ut
361 387 402 413 vel
416 386 481 420 ipsis
492 385 605 413 auribus
618 385 671 412 tale
684 385 812 419 quiddam
827 385 969 416 hauriant;

183 441 246 467 quia
263 433 410 468 Scriptura:
425 432 507 459 verba
523 432 647 459 studiose
666 427 855 466 legentes'eam
871 431 972 458 divinis

184 479 311 505 sensibus
326 480 550 512 interpretantur,
572 477 632 504 etsi
650 477 759 511 quando
779 476 805 502 in
826 476 883 510 ipsa
897 476 971 502 ziza-

185 525 256 549 niam
281 523 314 549 ab
333 523 453 549 inimicis
475 522 681 548 dissetninatam
704 521 850 555 reperient,
869 525 898 548 ut
924 522 971 548 ﬁlii

185 568 312 595 Ecclesia:
327 569 435 602 penitus
451 568 614 601 exstirpant.

221 613 276 640 Vll.
297 612 348 640 Sed
369 621 442 640 nunc
463 613 496 639 ad
519 613 688 647 propositum
712 616 891 643 revertamur,
907 620 972 639 nar-

184 660 299 685 rationis
317 659 426 690 seriem,
444 664 525 692 atque
539 666 569 684 ea
587 666 646 692 quae
666 658 699 684 ad
723 657 894 684 nativitatem
910 665 973 692 spe—

184 709 276 735 elant,
300 709 489 738 percurrentes
514 709 595 738 atque
622 703 799 737 explicantes.
815 703 882 730 Cum
902 703 973 729 enim

184 749 365 783 praenuntiata
383 749 486 775 exitum
514 749 658 783 perspicue
678 748 848 779 habuissent,
876 753 901 775 et
922 749 972 775 im—

185 795 319 821 maculata
337 795 424 829 puella
438 802 469 821 ac
485 793 530 821 Dei
545 794 598 821 lilia
614 795 651 829 (ft)
665 802 679 821 a
692 794 774 829 justis
791 783 934 821 Joachimo
949 798 976 821 et.

184 843 262 866 Anna
289 840 385 866 fuisset
406 840 556 874 progenita,
571 839 597 865 hi
620 840 694 866 serio
716 847 826 874 operam
847 847 974 874 posuere,

1022 249 1097 280 θείας
1113 249 1161 276 καὶ
1177 249 1224 276 τοῦ
1241 249 1321 283 ὀρθοῦ
1343 249 1486 275 πίπτοντα.
1505 249 1558 274 Καὶ
1577 248 1668 282 μηδεὶς
1695 248 1809 274 καταδέ-

1022 295 1100 329 ξηται
1126 295 1180 321 τῶν
1205 294 1412 330 ἀφελεστέρων·
1445 294 1508 325 τοὺς
1535 294 1589 329 γὰρ
1614 293 1810 328 εὐφρονοῦντας

1023 340 1174 374 πέπεισμαι
1195 341 1263 373 μηδὲ
1287 340 1385 375 μέχρις
1405 340 1495 366 ἀκοῶν
1516 348 1580 365 ποτε
1597 339 1627 365 zz.
1642 339 1717 374 ῥῆμα
1734 339 1813 366 τοῦτο

1023 386 1193 413 ὑπεισελθεῖν
1206 406 1212 418 ,
1229 387 1270 412 ὅτι
1283 387 1317 412 τὰ
1332 386 1383 420 τῆς
1398 386 1508 420 Γραφῆς
1525 384 1661 420 ὲπιμελῶς
1676 385 1811 418 ἀναγινώ-

1023 440 1143 463 σκοντες,
1163 433 1271 467 νοήσεσι
1296 432 1381 463 θείαις
1397 432 1497 466 ταύτην
1511 431 1740 466 ὲφερμηνεύουσι.
1757 430 1813 456 Καὶ

1022 478 1086 505 ὅταν
1108 478 1137 503 ὲν
1159 478 1227 513 αὑτῇ
1241 477 1360 509 ζιζάνιον
1374 477 1489 512 εὕρωσιν
1503 477 1535 503 ἐκ
1548 476 1602 502 τῶν
1615 476 1720 511 ἐχθρῶν
1735 484 1812 502 σπει-
1838 508 1843 512 ὁ

1024 522 1150 558 ρόμενον,
1174 523 1211 554 ὡς
1234 523 1318 548 τέκνα
1345 522 1394 558 τῆς
1412 522 1573 557 Ἐκκλησίας
1598 521 1710 552 τελείως
1731 521 1809 548 ἐκκό-

1023 575 1145 594 πτουσιν.

1059 615 1096 640 Z'.
1115 613 1184 639 Ἀλλ’
1200 614 1247 640 ἐπὶ
1270 614 1300 639 τὸ
1327 613 1508 648 προκείμενον
1533 612 1745 647 ἐπανέλθωμεν,
1768 612 1814 638 τὸν

1025 661 1119 695 εἱρμὸν
1133 660 1183 695 τῆς
1199 661 1352 695 διηγήσεως
1365 660 1411 686 καὶ
1424 660 1472 694 τῆς
1487 660 1640 694 γεννήσεως
1653 659 1814 689 διοδεύοντες

1025 707 1072 733 καὶ
1087 706 1264 742 ἐξηγούμενοι
1275 715 1281 721 ·
1300 707 1353 733 τῶν
1368 707 1422 741 γὰρ
1438 706 1568 742 ῥημάτων
1582 705 1626 731 διὰ
1643 705 1814 740 πραγμάτοιν

1025 754 1064 784 εἰς
1087 753 1241 787 τούμφανὲς
1256 753 1387 779 ἐλθόντων
1398 772 1405 783 .
1421 752 1469 778 καὶ
1483 753 1532 786 τῆς
1552 750 1669 785 ἀμώμου
1687 750 1734 776 καὶ¹
1754 749 1814 775 θεό-

1027 800 1121 830 7:1260;
1143 800 1238 834 κόρης,
1253 800 1284 825 ὲκ
1299 799 1353 825 τῶν
1371 798 1483 825 δικαίων
1503 797 1630 832 Ἰωακεὶμ
1652 797 1699 823 καὶ
1715 796 1814 830 ’Λννης

1027 846 1230 880 γεγεννημένης
1242 865 1249 877 ,
1267 845 1313 871 καὶ
1329 845 1377 875 τὰς
1392 844 1553 878 ὑποσχέσεις
1567 842 1657 869 αὐτῶν
1673 840 1811 876 ἐκπληρῶ-

186 891 214 912 ιιι
234 886 380 912 liberarent
395 885 523 920 promissi
548 885 641 912 iidem.
665 885 748 918 Igitur
767 885 863 911 licebat.
883 884 976 911 videre

1029 899 1073 916 σαι
1100 890 1316 922 ἐσπουδακότων,
1341 887 1375 924 ἦν
1403 890 1467 916 ίδείν
1494 889 1542 922 τὴν
1565 889 1699 923 θεόφρονα
1715 888 1815 913 ’Λνναν

184 932 256 966 piam
271 931 376 958 Annam
394 931 585 963 exsultantem,
607 938 636 957 ac
654 930 827 964 gestientem,
843 935 870 958 et
883 929 974 964 Virgi-

185 985 246 1004 nem
261 977 336 1004 hisce
354 977 444 1004 verbis
461 975 637 1004 festivissime
656 976 864 1010 compellantem
885 984 891 1002 ε
908 975 975 1008 Quis

185 1023 383 1056 dixisset,lilia,
397 1030 427 1049 ex
443 1030 484 1049 tne
500 1026 524 1048 te
541 1022 720 1056 prodituratn,
733 1030 793 1054 quae
807 1022 883 1049 licata
899 1029 976 1049 com-

185 1074 335 1096 nioustreta
355 1076 384 1096 es
398 1068 423 1095 in
446 1068 636 1102 generationes
657 1068 889 1102 generationum?
908 1067 976 1100 Quis

186 1122 211 1143 te
225 1116 294 1143 inter
309 1123 384 1143 meas
408 1115 487 1142 uittas
516 1114 653 1149 aspiciens
680 1114 723 1141 lae
745 1118 899 1149 sugentem,
916 1121 971 1140 non

184 1163 260 1189 illum
277 1162 439 1192 laudaverit.
453 1161 500 1196 qui
529 1165 554 1188 te
572 1161 647 1188 dedit
672 1161 739 1187 mihi
760 1160 935 1187 fecunditatis
950 1165 977 1187 et

185 1209 270 1243 prolis
288 1208 411 1243 experti?
422 1207 490 1240 Quis
508 1207 617 1234 intuens
634 1207 692 1233 haec
706 1207 788 1233 ubera
801 1206 887 1238 laete,
902 1206 976 1240 quod

186 1252 325 1289 nunquain
347 1254 510 1284 emiserant,
533 1252 589 1287 jam
616 1251 816 1283 redundantia,
838 1258 893 1278 non
914 1258 977 1278 eum

187 1299 329 1333 magniﬁce
342 1299 444 1330 efferat,
463 1298 507 1332 qui
526 1306 540 1324 e
561 1298 630 1324 duro
653 1297 728 1324 silice
741 1304 820 1331 aqua:
835 1296 976 1324 scatebras

187 1345 286 1372 sitienti
302 1345 401 1379 populo
419 1344 535 1371 elicuit?
550 1342 602 1370 Sed
621 1342 697 1374 verti,
713 1342 779 1374 ﬁlia,
799 1342 832 1369 ad
850 1349 913 1369 eum
931 1341 978 1376 qui

187 1395 212 1417 te
229 1390 294 1417 mihi
320 1389 449 1424 elargitus
468 1393 518 1416 cst.
545 1388 624 1420 Veni,
649 1395 714 1415 arca
743 1387 977 1419 sanctiﬁcationis,

187 1437 219 1463 ad
231 1435 422 1462 misericordiae
437 1434 592 1461 Dominum.
605 1432 685 1465 Veni,
698 1437 775 1467 porta
791 1432 890 1459 divinae
905 1431 977 1462 vitae,

186 1481 392 1512 veni,1hu’lame
410 1480 501 1511 Verbi,
523 1479 556 1506 ad
572 1479 703 1513 templum
719 1477 837 1504 Domini.
862 1476 933 1503 intra
950 1476 977 1503 in

188 1527 315 1562 gaudium
334 1525 452 1556 Domini,
480 1530 507 1552 tu
533 1523 627 1551 mundi
655 1523 782 1558 gaudium
803 1527 830 1549 et
853 1521 975 1549 exsulta-

188 1574 236 1601 tio.
254 1573 355 1600 l“rucre
369 1572 429 1606 ejus
444 1570 656 1605 pulchritudine,
672 1576 752 1603 quem
768 1575 822 1594 non
839 1567 877 1594 ita
891 1567 976 1594 multo

188 1624 250 1654 post
270 1620 390 1645 humana
402 1617 491 1644 forma
506 1616 630 1643 indutum
646 1615 745 1650 paries.
759 1614 815 1649 Ego
825 1621 890 1640 vero
901 1613 979 1640 beata

190 1673 261 1696 sum,
271 1671 332 1699 quae
344 1664 406 1690 talis
418 1663 478 1689 tilige
491 1666 577 1689 mater
589 1661 732 1696 praedicor.
744 1659 980 1694 Cougratulamiui

191 1711 269 1742 mihi,
298 1709 387 1736 tribus
412 1707 534 1740 lsraelis,
564 1706 695 1742 quoniam
727 1710 788 1740 post
809 1704 979 1732 sterilitatem

191 1763 277 1785 mater
295 1764 356 1784 sum
373 1755 432 1790 ejus
449 1754 556 1786 eﬂ‘ecta,
572 1760 633 1787 qua:
650 1756 738 1779 mater
761 1750 893 1777 Altissimi
907 1757 977 1777 con-

192 1805 328 1831 stituetur.
349 1801 502 1835 Exsurgite,
520 1799 638 1834 virgines
658 1797 777 1825 ferentes
791 1797 941 1831 lampades,
955 1800 982 1823 et

192 1850 285 1884 prmite
298 1848 500 1875 immaculatam
521 1845 660 1881 Virginem
673 1867 680 1878 ,
697 1848 723 1870 et
736 1843 783 1870 Dei
798 1843 892 1869 ﬁliam.
909 1842 981 1869 Can-

186 1900 246 1923 tatc
259 1895 284 1922 ei
297 1895 323 1922 in
341 1894 429 1926 laude,
451 1893 558 1928 psallite
576 1891 627 1926 ipsi
652 1891 678 1917 in
694 1890 810 1921 cithara,
832 1889 979 1916 acclamate

192 1942 230 1969 illi
245 1950 307 1969 cum
320 1941 425 1968 cantico
437 1938 581 1974 spirituali,
592 1937 723 1972 psalterio
738 1935 911 1963 decachordo
920 1943 979 1963 eam

193 1988 377 2023 magniﬁcate.
387 1987 427 2013 Tu
439 1992 559 2020 quoque,
569 1983 652 2010 David
665 1981 712 2009 Dei
724 1981 891 2016 progenitor,
904 1981 981 2015 puel-

193 2035 246 2061 lam
264 2033 344 2060 lauda
358 2031 508 2067 profectam
521 2030 554 2057 de
564 2029 650 2063 stirpe
662 2031 718 2060 tua,
734 2031 761 2054 et
775 2026 980 2061 magniloquum

194 2083 324 2115 hymnum
340 2078 416 2110 eﬁ‘er,
434 2077 474 2104 sic
501 2075 676 2110 inquiens”:
693 2073 773 2104 Audi,
789 2072 858 2107 ﬁlia,
874 2077 899 2099 et
913 2072 981 2105 vide,

193 2131 216 2152 rt
230 2125 328 2152 inclina
340 2131 430 2150 aurem
452 2127 535 2153 luant,
548 2125 572 2147 et
590 2119 742 2146 obliviscere
757 2118 882 2152 populum
898 2122 982 2149 tuum,

194 2177 218 2199 et
245 2171 351 2197 domum
378 2169 461 2204 patris
487 2168 536 2199 tui,
557 2171 582 2193 et
609 2165 774 2199 concupiscet
799 2172 844 2190 rex
865 2164 982 2191 decorem

195 2223 280 2245 tuum.

232 2263 297 2290 Vlll.
315 2263 383 2290 Cum
400 2262 457 2288 lucc
473 2260 580 2294 aliaque
596 2259 693 2285 horum
708 2257 808 2285 similia
821 2256 896 2283 Anna
920 2263 982 2292 gra-

195 2313 238 2339 tim
253 2308 564 2345 cognominisdixisset,
578 2305 728 2340 pretiosum
748 2304 822 2330 illum
838 2302 982 2329 Trinitatis

196 2359 368 2387 thesaurum,
386 2361 441 2382 tres
470 2361 556 2380 annos
586 2356 676 2379 natam
713 2349 850 2384 Virginem
879 2348 983 2383 Deique

195 2409 309 2431 matrem
332 2403 359 2428 in
387 2400 516 2434 templum
542 2397 648 2425 Domini
675 2396 827 2423 lmtahunda
860 2394 982 2425 deduxit,

195 2454 222 2476 et
249 2446 466 2476 cumJoachimo
481 2445 596 2480 hymnos
614 2444 639 2470 iu
664 2442 814 2476 gratiarum
847 2439 982 2466 actionem

196 2496 350 2525 elfundcns.
381 2496 586 2525 convocatoque
612 2488 748 2523 virginum
770 2490 842 2513 coetu
873 2488 984 2519 gestan-

199 2543 264 2569 tium
281 2541 365 2571 faces,
382 2539 485 2566 aditqu
504 2536 549 2570 qui
565 2535 640 2562 ducit
655 2534 686 2560 ad
699 2533 799 2559 Sancta
827 2535 984 2558 sanctorum

198 2587 351 2621 occupavit.
365 2586 454 2619 Atque
467 2584 504 2611 ibi
518 2581 689 2612 Zachariam,
703 2578 803 2614 quippe
819 2577 865 2612 qtti
884 2583 911 2603 et
926 2583 989 2610 pro-

200 2636 279 2670 pheta
294 2637 353 2661 crat
364 2638 392 2660 et
408 2630 537 2659 sacerdos
554 2633 582 2656 et
595 2625 819 2661 consanguineus
844 2628 871 2651 et
901 2622 987 2649 admi-

199 2667 284 2709 nister
298 2678 410 2714 legitimi
430 2674 596 2706 testamenti,
610 2671 796 2700 venerandum
812 2669 878 2697 illud
891 2667 987 2702 conju-

235 2735 255 2750 *³
271 2733 344 2762 Psal.
362 2739 435 2763 xuv,
471 2730 515 2762 ll,
545 2729 589 2755 12.

236 2791 273 2826 (lt)
289 2791 447 2826 Cuicumque
461 2784 646 2814 ecclesiastica
663 2778 991 2826 Graecorum‘om'c‘iaper:

202 2815 460 2852 solventiwconstahit
476 2827 648 2849 communem
660 2825 720 2845 esse
734 2816 856 2852 omnium
873 2815 991 2852 orientis

200 2849 517 2888 imor-em,
544 2857 651 2882 beatam
670 2852 819 2890 Virginum
828 2849 952 2890 absolute
965 2853 992 2875 et

203 2885 421 2923 Siiioiiomsuce
435 2885 533 2920 vocare
547 2890 657 2920 θεόπαις
680 2887 780 2914 Filiam
798 2885 856 2913 Dei.

1024 935 1233 971 ἀγαλλιωμένην
1257 936 1304 962 καὶ
1324 935 1480 970 σκιρτῶσαν
1505 935 1552 961 καὶ
1580 933 1730 969 χαριέντως
1747 932 1816 967 πρὸς

1025 980 1073 1014 τὴν
1090 981 1228 1016 Παρθένον
1242 980 1376 1014 λέγουσαν
1387 988 1393 994 '
1408 980 1456 1011 Τίς
1473 979 1565 1013 ἔλεγεν
1577 978 1606 1010 ἐξ
1623 977 1690 1013 ἐμοῦ
1707 986 1747 1008 σε,
1766 976 1814 1003 θύ-

1026 1035 1121 1063 γατερ,
1138 1027 1281 1062 προελθεῖν
1306 1027 1354 1062 τὴν
1382 1028 1411 1054 ὲν
1435 1028 1543 1061 γενεαῖς
1558 1025 1660 1059 γενεῶν
1676 1024 1815 1060 μακαρίαν

1026 1073 1250 1108 ἀποδειχθεῖσαν;
1268 1073 1316 1104 Τίς
1337 1074 1366 1099 ὲν
1388 1074 1444 1105 τοῖς
1462 1072 1573 1103 κόλποις
1589 1080 1640 1106 μου
1657 1070 1767 1105 θεωρῶν
1784 1077 1814 1095 σε

1026 1119 1258 1155 γαλουχουμένην,
1276 1119 1313 1154 μὴ
1333 1119 1439 1151 δοξάσει
1460 1119 1505 1144 τὸν
1523 1118 1553 1144 σέ
1573 1126 1618 1153 μοι
1631 1117 1816 1152 χαρισάμενον

1026 1165 1059 1199 τῇ
1077 1165 1171 1200 στείρᾳ
1185 1164 1231 1190 καὶ
1245 1165 1349 1199 ἀτέχνῳ
1361 1172 1368 1196 ;
1383 1164 1431 1195 Τίς
1442 1163 1505 1194 τοὺς
1523 1163 1641 1198 μαστοὺς
1653 1162 1717 1192 τοὺς
1733 1160 1817 1195 μήπω

1026 1210 1098 1243 γάλα
1115 1210 1267 1244 βλύσαντας
1285 1209 1355 1243 ὁρῶν
1371 1209 1422 1243 ἤδη
1440 1207 1624 1242 πηγάζοντας,
1642 1205 1679 1241 μὴ
1697 1204 1816 1240 μεγαλυ-

1026 1257 1068 1282 νεῖ
1081 1255 1126 1282 τὸν
1144 1255 1173 1288 ἑξ
1187 1255 1341 1290 ἀκροτόμου
1362 1255 1463 1288 πέτρας
1477 1253 1613 1288 βλύσαντα
1626 1252 1660 1278 τὰ
1675 1251 1759 1277 ὕδατα
1779 1249 1817 1284 τῷ

1027 1301 1138 1335 διψῶντι
1153 1300 1227 1336 λαῷ;
1245 1300 1326 1327 Ἀλλά
1342 1300 1432 1334 δεῦρο,
1447 1299 1575 1333 θύγατερ,
1591 1297 1659 1332 πρὸς
1670 1297 1715 1323 τὸν
1730 1296 1758 1322 σέ
1771 1303 1817 1330 μοι

1028 1347 1218 1382 παρασχόντα-
1238 1346 1326 1381 δεῦρο,
1352 1346 1423 1379 πύλη
1442 1345 1491 1379 τῆς
1517 1344 1591 1375 Θείας
1614 1342 1703 1376 ζωῆς·
1727 1340 1816 1376 δεῦρο,

1029 1394 1135 1424 παστὰς
1158 1393 1205 1425 τοῦ
1221 1393 1308 1426 Λόγου
1319 1412 1326 1425 ,
1343 1391 1411 1426 πρὸς
1431 1391 1476 1417 τὸν
1493 1391 1557 1417 ναὸν
1574 1389 1689 1425 Κυρίου.
1707 1387 1818 1414 Εῖσελθε

1028 1440 1068 1472 είς
1081 1440 1131 1475 τὴν
1149 1439 1236 1474 χαρὰν
1251 1438 1298 1465 τοῦ
1315 1438 1435 1473 Κυρίου,
1455 1438 1472 1472 ἡ
1489 1437 1537 1462 τοῦ
1561 1436 1665 1470 κόσμου
1681 1434 1754 1469 χαρὰ
1772 1434 1819 1460 καὶ

1028 1486 1203 1520 ἀγαλλίασιςο
1227 1485 1381 1511 ἀπόλαυσον
1403 1483 1498 1510 τούτου
1521 1483 1570 1516 τῆς
1584 1481 1760 1515 ὡραιότητος,
1775 1480 1820 1506 ὅν-

1029 1542 1083 1568 περ
1097 1533 1164 1568 μετά
1193 1531 1290 1566 μικρὸν
1319 1530 1406 1564 τέξεις
1437 1530 1473 1561 ὡς
1500 1529 1662 1563 ἄνθρωπον·
1695 1526 1819 1562 μακαρία

1030 1581 1100 1616 εἰμὶ,
1115 1581 1156 1607 ὅτι
1178 1580 1307 1615 τοιαύτης
1328 1579 1464 1614 θυγατρὸς
1490 1579 1580 1613 μήτηρ
1604 1576 1794 1611 ἀνηγόρευμαι
1810 1583 1818 1590 ·

1031 1627 1188 1662 συγχάρητέ
1205 1634 1263 1662 μοι,
1282 1626 1364 1659 φυλαὶ
1376 1625 1424 1651 τοῦ
1440 1624 1561 1660 Ἰσραὴλ,
1573 1624 1614 1651 ὅτι
1629 1623 1698 1658 μετά
1711 1622 1820 1658 σπείρω·
1859 1648 1865 1652 _

1032 1682 1074 1702 σιν
1088 1674 1182 1708 μήτηρ
1196 1671 1446 1707 ἀναδέδειγμαι(5),
1456 1671 1517 1706 ἣτις
1531 1669 1752 1704 ἀναδειχθήσεται
1768 1671 1820 1703 μή-

1030 1728 1084 1755 τηρ
1107 1719 1155 1745 τοῦ
1178 1718 1318 1754 Ὑψίστου.
1346 1716 1504 1751 Ἐξάρξατε,
1527 1715 1654 1750 παρθένοι
1674 1714 1821 1749 λαμπαδη-

1032 1767 1121 1802 φόροι,
1136 1766 1183 1792 καὶ
1210 1763 1414 1800 προπορεύεσθε
1437 1760 1593 1796 ἔμπροσθεν
1617 1761 1664 1796 τῆς
1685 1760 1821 1794 ἀμιάντου

1033 1811 1172 1846 Παρθένου
1198 1810 1245 1836 καὶ
1271 1808 1429 1839 θεόπαιδος·
1446 1807 1529 1842 ᾀσατε
1549 1807 1616 1841 αὐτῇ
1643 1807 1672 1832 ὲν
1697 1806 1820 1846 αἰνέσει·

1032 1842 1136 1892 ψάλατε
1149 1856 1218 1890 αὐτῇ
1243 1856 1271 1881 ὲν
1295 1855 1396 1889 κιθάρᾳ
1407 1862 1413 1869 ”
1429 1852 1580 1884 ἀλαλάξατε
1593 1852 1661 1886 αὐτῇ
1680 1842 1738 1886 μετ’
1748 1850 1821 1886 ᾠδῆς

1033 1902 1240 1939 πνευματικῆς¹
1260 1901 1428 1936 μεγαλύνατε
1451 1900 1479 1927 ὲν
1500 1898 1643 1934 ψαλτηρίῳ
1656 1897 1820 1932 δεκαχόρδῳ.

1034 1947 1128 1979 Δαυῒδ,
1144 1946 1263 1977 αῐνεσον,
1279 1944 1431 1978 Θεοπάτορ,
1446 1942 1495 1979 τὴν
1507 1943 1539 1969 ὲκ
1551 1942 1636 1977 φυλῆς
1653 1949 1699 1969 σου
1714 1940 1821 1968 ἀναδει-

1033 1993 1144 2028 χθεῖσαν
1154 1992 1248 2027 κόρην,
1263 1989 1429 2026 ὑμνολογῶν,
1442 1988 1600 2023 μεγαλογῶν
1610 1986 1822 2023 μεγαλοφώνως,

1035 2039 1082 2065 καὶ
1096 2037 1198 2070 λέγων’
1220 2036 1377 2066 Ἄκουσον,
1400 2034 1539 2067 θύγατερ,
1554 2032 1603 2058 καὶ
1616 2031 1660 2057 ἴδε
1670 2051 1678 2064 ,
1695 2031 1743 2057 καί
1758 2031 1823 2057 κλῖ-

1035 2091 1090 2110 νον
1104 2082 1136 2108 τὸ
1154 2079 1209 2114 οὖς
1225 2089 1294 2111 σου,
1310 2079 1360 2105 καί
1371 2077 1515 2105 ἐπιλάθου
1530 2076 1583 2103 τοῦ
1600 2075 1677 2102 λαοῦ
1695 2083 1764 2108 σου,
1774 2076 1823 2102 καὶ

1035 2129 1088 2155 τοῦ
1104 2128 1189 2154 οτκου
1203 2126 1254 2152 τοῦ
1269 2125 1379 2158 πατρός
1390 2124 1465 2156 "trav,
1477 2122 1526 2150 καὶ
1541 2121 1721 2156 ἐπιθυμήσει
1735 2122 1751 2148 ὁ
1763 2121 1823 2153 βα-

1036 2175 1142 2207 σιλεὺς
1155 2173 1207 2200 τοῦ
1220 2173 1353 2203 κάλλους
1368 2178 1435 2197 σου.
1516 2161 1521 2165 ’

1072 2267 1111 2292 Η¹.
1129 2263 1222 2291 Ταῦτα
1236 2263 1282 2289 καὶ
1299 2261 1334 2288 τὰ
1349 2260 1454 2291 τούτοις
1480 2259 1559 2293 ὃμοια
1591 2259 1607 2292 ἡ
1635 2256 1824 2292 χαριτὼνυμος

1039 2313 1124 2338 Ἅννα
1139 2310 1249 2342 λέξασα,
1265 2308 1295 2334 τὸ
1314 2308 1363 2341 τῆς
1378 2306 1493 2341 Τριάδος
1509 2303 1661 2338 κειμήλιον,
1692 2301 1826 2337 χαίρουσα

1036 2359 1070 2393 τῇ
1088 2357 1169 2391 σαρκὶ
1186 2353 1373 2390 τριετίζουσαν
1386 2351 1435 2385 τὴν
1452 2349 1589 2384 Παρθένον
1615 2347 1663 2373 καὶ
1695 2346 1826 2372 Θεοτόκον

1097 2402 1143 2428 τὸν
1159 2400 1221 2427 ναὸν
1234 2398 1337 2434 Κυρίου
1353 2395 1523 2431 προέπεμψε,
1540 2394 1586 2420 καὶ
1600 2394 1650 2419 σὺν
1677 2391 1715 2426 τῷ
1754 2391 1828 2416 Ἰωα-

1034 2449 1101 2484 κεὶμ
1117 2447 1188 2483 ᾠδὰς
1205 2443 1432 2480 εὐχαριστηρίους
1448 2440 1659 2475 ἀναπέμπουσα,
1677 2437 1723 2463 καὶ
1742 2436 1828 2470 δῆμον

1035 2481 1089 2520 τῶν
1123 2481 1265 2526 παρθένων
1289 2485 1556 2522 λαμπαδηφοροῦντα
1586 2481 1828 2516 συγκαλεσαμένη,

1037 2537 1171 2566 κατέλαϐε
1197 2536 1232 2562 τὰ
1246 2535 1300 2561 τῶν
1316 2534 1402 2567 ἁγίων
1417 2533 1501 2565 ’Ἅγια
1513 2538 1520 2545 ·
1538 2529 1586 2556 καὶ
1612 2529 1658 2554 τὸν
1691 2527 1830 2561 Ζαχαρίαν

1037 2583 1216 2620 χαρμονικοῖς
1232 2580 1343 2616 χείλεσι,
1360 2578 1407 2605 καὶ
1424 2575 1585 2611 ἀγαλλιάσει
1611 2575 1755 2608 στόματος,
1782 2573 1831 2598 ita

1041 2619 1184 2667 προφήτην
1212 2628 1259 2655 καὶ
1276 2627 1351 2661 ίερέα
1380 2625 1426 2652 καὶ
1446 2623 1564 2658 συγγενῆ
1595 2622 1643 2648 καὶ
1674 2619 1830 2667 λειτουργὸν

1041 2665 1090 2713 τῆς
1102 2665 1216 2712 νάμικῆς
1232 2673 1376 2708 διαθήκης,
1392 2669 1586 2706 προσεκαλεῖτο
1601 2668 1616 2703 ἡ
1628 2666 1706 2701 τιμία
1716 2665 1831 2700 ξυνωρὶς

1134 2771 1322 2814 Supplendum
1346 2766 1638 2814 vi’dctplrgtauitqcl

1043 2796 1347 2842 nudiifi'iﬁlmg
1367 2796 1638 2836 ἁναδέδειγμαί(τῆς
1655 2797 1772 2834 ἀμώμου
1784 2796 1832 2823 καὶ

1045 2843 1185 2875 θεόπαιδος
1201 2840 1308 2877 κόρης),
1326 2840 1396 2874 ἥτις.
