2051 3154
210 179 273 212 1491

749 185 779 214 S.
793 183 945 214 TABASII
964 181 1214 212 PATRIARCHIE
1235 180 1290 213 (ΣΡ.

1761 179 1830 213 14⁸λέ

208 235 348 263 benedicta
362 236 432 263 inter
448 237 585 269 mulieres,
598 242 626 264 tu
646 238 780 265 celebrata
796 243 905 273 propter
916 238 990 264 inuo-

1043 233 1065 262 ὦ
1080 236 1167 272 μῆτερ
1182 237 1303 270 Παρθένε
1318 237 1393 271 ἁγία,
1414 236 1457 266 σὺ.
1475 235 1646 271 εὐλογημένη
1658 236 1687 263 ἐν
1703 238 1812 270 γυναιξί
1825 247 1829 252 ’

207 282 336 314 centiam,
352 287 379 309 tu
396 283 538 318 obsignata
555 284 732 319 virginitate;
750 289 777 310 tu
792 284 889 311 Adami
904 284 989 310 male-

205 327 269 354 dicti
286 328 415 361 expiatio,
436 333 464 355 tu
480 329 565 356 debiti
580 329 641 356 Eva!
660 330 778 363 solutio;
795 334 824 356 tu
841 329 931 356 Abelis
939 337 990 364 pu-

209 373 318 399 rissima
332 373 445 405 oblatio,
460 374 703 408 primogenitorum
717 374 882 408 delectus",
894 375 991 401 imma-

202 419 323 444 culatum
340 419 504 446 sacriﬁcium
518 428 524 452 ;
542 424 568 447 tu
584 420 657 447 Sethi
675 425 746 448 recta
759 420 903 454 disciplina
914 420 937 435 ¹⁸
952 423 991 453 (ιιι

203 466 366 496 conceptum
381 463 408 490 in
424 468 502 491 utero
516 465 561 491 Dei
573 465 755 500 tiliumparics
771 467 828 494 sine
843 466 990 501 dolore”);

203 513 230 534 tu
249 507 321 535 Enos
331 509 357 535 in
368 509 452 536 Deum
468 519 530 545 spes
547 519 599 538 non
615 512 717 546 pudore
726 513 828 539 sutl‘usa
840 521 848 544 ;
859 518 887 539 tu
899 512 990 540 Enoch

203 553 270 580 inita
292 554 377 588 gratia
401 555 468 582 etin
501 564 625 583 securam
655 558 738 583 vitam
770 557 917 591 migratio;
963 561 990 583 tu

203 598 307 628 Noachi
321 608 394 634 arca,
409 605 436 627 et
450 603 576 629 secundae
591 603 804 636 regenerationis
817 603 887 637 apud
904 602 990 629 Deum

203 647 380 679 conciliatio;
397 652 426 673 tu
447 648 521 683 regni
550 652 577 675 et
608 648 754 675 sacerdotii
782 648 989 676 Melchisedeehi

204 690 368 723 pet-illustris
382 691 528 725 splendor;
552 697 579 719 tu
593 693 740 719 Alirahami
759 692 837 719 ﬁrma
854 692 951 719 ﬁducia
964 697 989 720 et

205 735 397 768 promissionis
418 736 517 764 futurm
541 737 708 771 posteritatis
721 738 874 772 obsequens
902 738 988 771 lides;

206 785 234 806 tu
248 779 330 807 lsaaci
346 788 445 808 novum
473 782 639 809 sacriticium
655 788 681 810 ct
697 783 831 810 rationale
857 784 989 811 holocau-

204 830 275 852 stum
291 834 298 858 ;
313 831 342 853 tu
360 825 452 853 Jacobi
467 827 494 854 in
513 828 613 854 scalam
630 836 761 856 ascensus
792 837 884 861 causa,
902 834 929 855 et
953 830 989 856 te-

204 871 351 899 cunditatis
364 871 391 898 in
400 872 541 905 duodecjm
551 873 639 900 tribus
648 875 836 908 permanantis
847 875 988 909 expressio

205 916 372 944 nobilissima
387 926 394 949 ;
411 923 440 944 tu
464 917 541 945 Iuda:
565 919 716 954 apparuisti
745 920 894 948 secundum
923 920 988 947 stir—

203 969 262 994 pem
293 961 347 988 tilia
366 970 373 994 ;
391 967 418 989 ιιι
432 962 542 998 Josephi
555 964 695 998 pudicitia,
711 969 739 991 et
753 966 851 993 veteris
867 965 988 1001 Egypti,

207 1006 336 1033 nimirum
356 1007 506 1044 Synagogte
532 1008 699 1042 Judmorum,
714 1011 830 1042 eversio,
843 1018 859 1038 ο
890 1011 987 1038 imma-

202 1052 289 1079 culata
302 1060 310 1084 ;
329 1057 356 1079 tu
367 1051 429 1080 Jobi
444 1053 471 1080 in
487 1054 683 1082 teutationibus
697 1054 835 1089 patientiae
849 1054 986 1090 perfectio

202 1102 230 1124 et
246 1098 379 1125 bonorum
397 1099 457 1134 eius
475 1099 502 1127 in
518 1100 630 1135 duplum
648 1101 784 1128 restitutio
801 1107 834 1128 ac
854 1100 988 1128 ditissima

202 1145 298 1177 copia;
314 1149 342 1171 tu
365 1145 466 1181 Moysis
493 1146 607 1181 ejusque
624 1146 801 1181 Legislatoris
818 1146 888 1174 liber
917 1146 986 1174 divi-

203 1191 278 1218 nitus
293 1192 474 1219 concinnatus
487 1213 495 1226 ,
511 1193 538 1219 in
555 1199 610 1227 quo
627 1192 760 1227 scriptum
776 1197 818 1220 est
829 1200 989 1220 sacramen-

203 1241 259 1262 tum
275 1237 502 1271 regenerationis,
521 1243 547 1265 et
561 1238 661 1266 divinis
685 1238 778 1273 digitis
805 1238 940 1273 insculpta
962 1238 988 1265 in

201 1283 303 1310 tabulis
316 1284 360 1311 lex
384 1290 427 1311 est
439 1289 570 1319 tanquam
588 1284 616 1311 in
631 1288 723 1311 monte
747 1284 824 1316 Sina,
840 1284 886 1311 ubi
899 1292 988 1312 novus

202 1328 285 1356 Israel
301 1329 336 1356 ab
360 1329 570 1364 intelligiliilium
584 1329 775 1365 Egyptiorum
791 1331 923 1358 servitute
934 1330 990 1357 vin-

203 1373 347 1405 dicaliitur.
367 1375 598 1408 quemadmodum
620 1377 749 1410 antiquus
763 1377 881 1411 populus
892 1376 920 1403 in
943 1383 989 1404 so-

203 1420 316 1447 litudine
336 1428 436 1448 manna
450 1425 477 1448 et
494 1428 564 1455 aqua
589 1421 623 1449 de
648 1429 745 1456 aspera
774 1426 851 1456 petra
875 1422 989 1450 satiatus

201 1471 253 1498 est,
274 1470 349 1500 petra
363 1471 450 1493 autem
465 1472 521 1493 erat
536 1465 657 1493 Christus
669 1467 691 1483 ’⁸
701 1476 709 1500 ;
720 1475 735 1494 e
751 1470 797 1494 tuo
814 1467 919 1501 gremio
929 1475 990 1501 pro-

201 1512 308 1539 diturus
322 1517 450 1547 tauquam
472 1521 583 1547 sponsu:
601 1521 617 1539 a
633 1513 750 1540 thalamo
764 1513 801 1547 ";
828 1518 856 1540 tu
873 1513 989 1541 Aaronis

202 1556 276 1591 virga
291 1556 456 1590 ﬂorescens;
482 1562 511 1584 tu
525 1556 618 1584 Iesum
634 1556 708 1584 Nave
721 1557 806 1584 ﬁlium
834 1558 861 1584 in
891 1558 989 1585 mediis
1004 1577 1024 1604 ο

201 1603 363 1630 adversariis
377 1603 525 1637 gloriosum
544 1603 706 1636 reddidisti;
723 1608 749 1630 tu
766 1611 795 1630 es
816 1603 925 1630 Davidis
953 1603 984 1630 ii-

203 1648 248 1678 lia,
267 1647 377 1681 ﬁmbriis
404 1648 492 1674 aureis
505 1649 711 1679 circumvestita,
729 1649 802 1675 uario
826 1653 924 1674 ornatu
949 1649 989 1674 ni-

203 1699 301 1720 tescens
316 1693 350 1727 ιο,
365 1699 393 1720 tu
405 1693 487 1720 lectus
508 1694 657 1721 Salomonis
669 1701 701 1721 ex
716 1702 783 1721 auro
799 1694 898 1725 faetus,
913 1702 988 1729 quem

202 1740 340 1774 sexaginta
360 1739 410 1766 viri
426 1739 565 1774 fortissimi
582 1740 747 1767 circumdant
763 1739 797 1772 “,
814 1740 933 1767 musicas
944 1747 989 1767 vo-

202 1793 247 1812 ces
263 1785 680 1820 divinarumScripturarumiu
712 1786 765 1813 Deo
790 1786 854 1813 tuba
887 1793 990 1813 canen-

202 1838 260 1864 tes;
278 1832 404 1859 ascensio
419 1839 449 1858 cs
462 1831 657 1866 assumptionis
680 1830 756 1863 Eliae,
771 1837 798 1859 et
813 1832 991 1868 intelligibilis

201 1877 333 1904 Jezabelis
349 1877 474 1904 exitium.
489 1876 531 1905 Tu
546 1878 636 1905 Eliszei
649 1878 766 1913 duplicis
785 1878 861 1914 pallii
879 1879 990 1907 benedi-

201 1923 267 1954 ctio,
295 1931 349 1957 qua
365 1923 410 1950 ille
426 1923 520 1951 divisit
534 1923 634 1951 ﬂuenta
645 1923 774 1952 Iordanis
787 1929 815 1952 et
829 1925 911 1952 siccis
939 1933 988 1960 pe-

201 1969 282 1996 dibus
296 1969 415 2000 transiit,
432 1973 459 1996 et
474 1977 573 2004 aquam
597 1971 654 1997 sale
667 1970 830 1998 medicatam
844 1971 877 1998 ad
893 1971 988 1998 biben-

201 2015 264 2040 dum
278 2019 370 2049 aptam
384 2015 518 2048 reddidit;
531 2019 559 2042 tu
575 2015 651 2043 Iona:
663 2016 691 2043 in
717 2017 768 2044 ceti
794 2021 891 2044 ventre
909 2017 987 2045 inco-

188 2059 523 2092 lumitas.etNinivitarum
535 2060 568 2088 ad
583 2061 698 2088 meliora
715 2062 830 2089 consilia
843 2063 986 2091 conversio

200 2113 231 2129 ur.
244 2104 359 2139 benigna
374 2105 463 2132 venia.

1044 282 1075 308 σὺ
1095 281 1275 316 δεδοξασμένῃ
1295 285 1328 318 τῇ
1360 283 1477 317 ἁγνείᾳ·
1507 285 1539 311 σὺ
1562 283 1768 317 ἐσφραγισμένη
1795 284 1829 317 τῇ

1044 327 1179 363 παρθενίᾳ
1194 336 1201 343 ·
1218 329 1250 354 σὺ
1262 328 1308 354 τοῦ
1332 329 1418 363 ’Δδὰμ
1428 329 1478 364 τῆς
1490 328 1613 362 κατάρας
1635 329 1651 362 ὴ
1679 328 1755 358 λύσις
1769 336 1776 343 ⁶
1795 328 1827 354 σὺ

1042 373 1091 407 τῆς
1107 373 1179 405 Εὔας
1190 374 1238 400 τοῦ
1251 374 1434 409 ὀφλήματος-ἡ
1450 374 1589 409 πλήρωσις
1602 382 1608 389 ·
1635 375 1666 400 σὺ
1680 374 1728 400 τοῦ
1748 373 1826 400 Ἀϐε)

1042 419 1059 454 ἡ
1075 419 1256 454 καθαρωτάτη
1272 419 1425 455 προσφορὰ,
1439 419 1486 446 καὶ
1508 420 1688 454 πρωτοτόκων
1703 419 1831 454 πρόθεσις

1043 463 1145 495 ἄκακος
1165 464 1245 490 θυσία
1256 471 1263 478 ·
1291 465 1322 490 σὺ
1334 464 1382 490 τοῦ
1411 464 1464 500 Σὴθ
1479 466 1495 499 ή
1520 464 1728 499 κατακόσμησις
1744 471 1751 478 '
1773 463 1828 499 [σὺ

1042 508 1086 535 τὸν
1103 509 1167 535 Υίδν
1180 509 1227 535 τοῦ
1243 509 1313 536 Θεοῦ
1332 510 1361 536 ὲν
1374 510 1475 545 γαστρὶ
1494 509 1662 544 βαστάσασα,
1690 509 1830 544 ὼδινήσεις

1041 554 1151 586 ἀπόνως
1164 554 1183 590 ·]
1202 555 1234 581 σὺ
1250 555 1298 582 τοῦ
1329 555 1414 587 Ἐνὼς
1425 556 1455 582 ὲν
1470 555 1529 589 Θεῷ
1543 555 1620 585 ἐλπὶς
1645 555 1829 589 ἀκαταίσχυν-

1041 608 1106 632 τος·
1130 601 1162 627 σὺ
1181 601 1228 627 τοῦ
1253 600 1369 636 Ἐνὼχή
1395 601 1586 635 εὐαρέστησις,
1615 599 1750 635 καὶπρὸς
1785 600 1831 626 τὸν

1041 647 1138 674 ἄσυλον
1150 646 1207 681 βίον
1236 647 1401 681 μετάστασις
1416 655 1424 662 ο
1441 648 1473 673 σὺ
1496 646 1544 672 τοῦ
1571 645 1630 672 Νῶε
1653 647 1669 680 ὴ
1699 646 1828 678 κιϐωτὸς,

1041 692 1088 719 καὶ
1103 694 1153 728 τῆς
1163 692 1293 727 δευτέρας
1304 692 1515 727 παλιγγενεσίας
1529 692 1545 726 ή
1564 691 1632 726 πρὸς
1645 691 1710 717 Θεὸν
1721 691 1830 717 οἰκείω-

1042 746 1084 768 σις
1096 746 1102 752 ⁸
1120 738 1152 764 σὺ
1167 737 1213 764 τοῦ
1228 738 1393 773 Μελχισεδὲκ
1406 738 1454 773 τῆς
1463 737 1601 772 βασιλείας
1626 738 1673 764 καὶ
1693 737 1829 771 ίερατείας

1040 783 1179 818 ἀγλάϊσμα
1194 783 1345 818 πάμφωτον
1359 791 1365 798 ³
1381 783 1413 809 σὺ
1429 783 1477 810 τοῦ
1498 783 1625 818 ’Λϐραὰμ
1650 783 1667 817 ἡ
1682 782 1826 813 πίστωσις,

1041 831 1089 856 καὶ
1108 830 1156 865 τῆς
1168 829 1335 864 ἐπαγγελίας
1348 830 1396 856 καὶ
1409 829 1581 863 τεκνογονίας
1604 829 1725 864 ὑπήκοος
1749 827 1829 854 πειθ-

1040 876 1156 910 άρχησις
1172 883 1180 891 ·
1199 876 1230 903 σὺ
1253 875 1300 901 τοῦ
1326 875 1419 902 Ἰσαὰκ
1440 875 1520 910 καινὴ
1546 875 1637 906 θυσία,
1662 875 1709 901 καὶ
1734 875 1765 900 τὸ
1783 874 1829 900 λο-

1040 922 1117 955 γικὸν
1133 921 1314 955 ὁλοκαύτωμα
1325 929 1332 937 ·
1349 921 1381 947 σὺ
1395 920 1442 947 τοῦ
1464 920 1561 947 Ἰακὼὸ
1581 920 1631 955 τῆς
1656 921 1684 946 ὲν
1713 920 1829 954 κλίμακι

1039 966 1133 993 ἀνόδου
1166 967 1252 997 αἰτία,
1277 968 1328 1001 τῆς
1360 966 1549 1000 δωδεκαφύλου
1571 965 1745 1000 τεκνογονίας
1783 966 1829 991 ὲκ-

1038 1013 1202 1048 σφράγισμα
1222 1014 1363 1047 μέγιστον·
1377 1013 1408 1039 σὺ
1429 1012 1476 1038 τοῦ
1495 1012 1580 1039 Ἰούδα
1594 1012 1718 1046 πέφηνας
1730 1012 1747 1046 ἡ
1758 1012 1829 1038 κατὰ

1038 1057 1117 1090 γένος
1129 1056 1252 1092 θυγάτηρ
1265 1065 1272 1071 ·
1290 1057 1323 1083 σὺ
1340 1055 1387 1083 τοῦ
1423 1056 1523 1091 Ἰωσὴφ
1539 1057 1555 1092 ἡ
1589 1055 1762 1091 σωφροσύνη,
1781 1056 1829 1082 καὶ

1042 1103 1092 1136 τῆς
1115 1103 1235 1134 παλαιᾶς
1250 1102 1414 1137 Αἰγυπτίας,
1437 1102 1520 1137 ἤγουν
1537 1101 1587 1136 τῆς
1606 1101 1742 1128 Ἰουδαίων
1763 1101 1830 1128 Συν-

1039 1148 1160 1183 αγωγῆς,
1172 1148 1341 1184 καθαίρεσις,
1356 1148 1472 1183 ἄχραντε
1487 1156 1494 1164 ’
1510 1147 1542 1174 σὺ
1554 1147 1600 1174 τοῦ
1621 1147 1681 1174 Ἰὼϐ
1695 1148 1712 1181 ἡ
1729 1147 1758 1172 ὲν
1768 1154 1828 1172 πει-

1040 1195 1156 1229 ρασμοῖς
1166 1195 1352 1229 ὑπομονητικὴ
1364 1193 1610 1227 ἀνακεφαλαίωσις,
1621 1193 1668 1219 καὶ
1677 1193 1731 1219 τῶν
1742 1193 1828 1227 ὑπαρ‹

1039 1241 1141 1276 χόντων
1157 1240 1232 1275 αὑτῷ
1249 1240 1330 1274 διπλῆ
1346 1239 1463 1271 διάδοσις
1478 1239 1524 1265 καὶ
1539 1239 1716 1269 πλουτοποιος
1741 1237 1829 1272 ῦπαρ-

1039 1287 1081 1319 ξις
1093 1295 1100 1304 ο
1117 1287 1149 1314 σὺ
1165 1286 1211 1313 τοῦ
1224 1286 1346 1317 Μωσέως
1371 1287 1418 1312 καὶ
1432 1285 1577 1320 νομοθέτου
1601 1284 1758 1315 θεότευκτος
1784 1283 1827 1318 βι-

1040 1334 1113 1366 σλος,
1134 1334 1163 1360 ὲν
1211 1333 1242 1359 τὺ
1255 1333 1305 1367 τῆς
1321 1331 1531 1366 παλιγγενεσίας
1544 1332 1693 1366 μυστήριον
1708 1330 1826 1364 ἐγράφη.

1039 1378 1087 1405 καὶ
1105 1376 1247 1408 δακτύλοις
1266 1377 1349 1408 θείοις
1365 1377 1394 1403 ὲν
1411 1376 1508 1408 πλαξὶν
1518 1372 1712 1410 ἐνομοθετήθη,
1728 1374 1766 1405 ὡς
1799 1375 1829 1399 ὲν

1040 1423 1140 1458 Σιναίῳ
1155 1422 1195 1457 τῷ
1211 1423 1280 1458 ὄρει,
1301 1423 1330 1447 ὲν
1357 1418 1433 1456 ᾧπερ
1453 1421 1559 1456 Ἰσραὴλ
1585 1421 1599 1446 6
1614 1420 1766 1455 ἁρτιφανὴς
1796 1420 1828 1445 ὲκ

1040 1468 1161 1499 δουλείας
1179 1468 1335 1502 Αἰγυπτίων
1361 1468 1415 1494 τῶν
1439 1467 1543 1501 νοητῶν
1569 1465 1827 1500 ἐλευθερωθήσεται,

1040 1513 1078 1545 ὼς
1095 1514 1110 1539 ὁ
1124 1513 1189 1548 πρὶν
1202 1513 1230 1538 έν
1243 1513 1275 1547 τῇ
1287 1513 1383 1547 ἐρήμῳ
1406 1511 1479 1544 λαὸς,
1508 1510 1554 1537 τοῦ
1581 1511 1670 1546 μάννα
1695 1509 1827 1544 ἐπλήσθη.

1041 1559 1089 1585 καὶ
1101 1558 1148 1584 τοῦ
1169 1557 1266 1589 ὕδατος
1279 1558 1312 1583 ἐκ
1327 1558 1430 1592 πέτρας
1447 1556 1600 1592 ἀκροτὸμου
1617 1564 1623 1571 ·
1646 1556 1675 1582 Ἠ
1692 1554 1725 1581 δὲ
1737 1556 1830 1588 πέτρα

1041 1602 1081 1639 ἦν
1096 1605 1111 1631 ὀ
1129 1602 1267 1637 Χριστὸς,
1288 1603 1302 1628 ὀ
1317 1602 1422 1638 μέλλων
1436 1603 1468 1628 ὲκ
1484 1602 1533 1636 τῆς
1547 1601 1652 1632 κοιλίας
1664 1610 1710 1627 σου
1727 1601 1827 1636 προέρ-

1041 1649 1148 1685 χεσθαι,
1161 1649 1201 1681 ὡς
1215 1649 1249 1675 ἐκ
1268 1648 1389 1675 παστοῦ
1404 1648 1534 1682 νυμφίος
1549 1655 1557 1662 ·
1580 1647 1611 1673 σὺ
1642 1647 1690 1673 τοῦ
1724 1646 1830 1681 Ἀαρὼν

1043 1697 1060 1731 ἡ
1084 1695 1182 1731 ῥάϐδος
1195 1695 1210 1730 ή
1225 1694 1400 1729 βλαστήσασα
1417 1702 1423 1709 ·
1444 1694 1476 1720 σὺ
1493 1693 1538 1719 τὸν
1553 1693 1600 1719 τοῦ
1623 1693 1701 1728 Ναυῆ
1725 1692 1831 1727 Ἰησοῦν

1042 1743 1070 1768 ὲν
1087 1741 1162 1776 μέσῳ
1175 1741 1228 1766 τῶν
1246 1739 1412 1766 ὑπεναντίων
1428 1738 1556 1772 ὲδόξασας
1569 1747 1575 1754 ·
1593 1740 1624 1766 σὺ
1638 1737 1663 1766 εἷ
1686 1739 1733 1765 τοῦ
1748 1738 1831 1765 Δαυῗδ

1041 1786 1204 1824 ἡθυγάτηρ,
1223 1786 1241 1819 ἡ
1257 1785 1442 1820 κροσσωτοῖς
1464 1784 1590 1818 χρυσοῖς
1620 1784 1831 1818 περιϐεϐλημέ-

1038 1842 1088 1868 νη,
1107 1832 1325 1866 πεποικιλμέηνη
1343 1840 1350 1845 ·
1365 1832 1398 1858 σὺ
1413 1831 1465 1858 τοῦ
1486 1830 1681 1865 Σολομῶντος
1708 1831 1727 1864 ἡ
1739 1830 1828 1861 κλίνη

1038 1880 1055 1914 ὴ
1085 1880 1293 1917 χρυσότευκτος,
1317 1876 1412 1910 ἥνπερ
1443 1876 1566 1902 δυνατοὶ
1589 1875 1738 1909 ἐξήκοντα
1773 1883 1827 1900 κυ-

1038 1924 1161 1955 κλοῦσι,
1181 1923 1236 1949 τῶν
1249 1922 1418 1949 θεοτεύκτων
1441 1922 1559 1956 Γραφῶν
1570 1922 1619 1953 τὰς
1636 1923 1664 1947 ὲν
1683 1921 1743 1956 Θεῷ
1758 1929 1828 1955 μου-

1038 1969 1117 2000 σικὰς
1131 1969 1224 2002 φωνὰς
1244 1968 1421 2000 σαλπίζοντες
1437 1975 1444 1982 ·
1460 1968 1493 1994 σὺ
1507 1969 1556 2003 τῆς
1572 1967 1662 1994 Ἠλίου
1672 1967 1829 2002 ἀναλήψεως

1041 2015 1144 2047 ἄνοδος,
1160 2014 1265 2048 καὶτῆς
1273 2016 1370 2049 νοητῆς
1385 2013 1503 2045 Ίεζαὸὲλ
1511 2013 1671 2048 καθαίρεσις
1685 2013 1809 2046 πέφηνας
1820 2019 1828 2027 ·

1042 2060 1074 2086 σὺ
1089 2059 1136 2086 τοῦ
1158 2059 1313 2085 Ἐλισσαίου
1327 2059 1376 2093 τῆς
1391 2058 1488 2093 διπλῆς
1517 2058 1647 2093 μηλωτῆς
1667 2059 1683 2092 ἡ
1707 2056 1829 2090 εὐλογία,

1041 2104 1106 2144 ᾗτὰ
1127 2105 1273 2141 Ἰορδάνεια
1289 2105 1385 2139 ῥεῖθρα
1400 2104 1491 2139 τεμὼν
1515 2103 1591 2138 διέϐη
1616 2102 1829 2132 ἁκατακλύστως

200 2150 248 2176 καὶ
265 2150 296 2176 τὺ
332 2149 404 2186 ὕδωρ
420 2151 499 2178 ἅλατι
532 2150 715 2186 θεραπεύσας,
743 2152 858 2187 πότιμον
886 2153 1005 2186 ἀνέδειξε
1017 2161 1024 2169 ·
1046 2152 1078 2178 σὺ
1093 2151 1141 2178 τοῦ
1164 2151 1271 2186 Ἰωνᾶή
1291 2151 1320 2176 ὲν
1330 2150 1369 2186 τῷ
1388 2145 1465 2184 κήτέι
1478 2149 1618 2182 διάσωπις,
1637 2149 1754 2176 καὶτῶν
1782 2148 1831 2175 Νι-

199 2198 312 2224 νευῖτῶν
329 2198 503 2233 μετανόησις,
517 2199 565 2225 καὶ
580 2199 752 2234 συγχώρησις
771 2200 896 2234 ἄφθονος.

234 2243 274 2271 Tu
294 2252 325 2270 es
340 2245 534 2279 prophetarum
548 2247 702 2279 speculum,
717 2250 744 2273 et
771 2253 862 2273 rerum
878 2247 913 2274 ab
923 2247 990 2282 ipsis
1007 2250 1029 2277 υ

201 2290 447 2325 prmuuutiatarum
465 2291 564 2318 exitus.
590 2292 627 2318 Te
640 2291 712 2318 enim
741 2290 866 2319 Ezechiel
895 2293 990 2320 vatici-

200 2344 269 2363 nans
293 2337 439 2371 appellavit
459 2342 566 2371 portam
593 2337 727 2367 clausam.
747 2344 795 2371 per
808 2344 891 2372 quam
907 2345 990 2366 nemo

200 2382 343 2409 hominum
359 2390 478 2416 unquam
495 2382 623 2409 transibit
635 2383 686 2410 nisi
704 2381 838 2410 Dominus
859 2382 930 2411 Deus
945 2391 990 2411 so-

200 2429 253 2460 lus,
270 2433 296 2455 ct
309 2432 415 2462 portam
444 2429 564 2455 clausam
593 2429 769 2456 conservabit
783 2429 826 2462 ’¹;
854 2433 880 2456 te
905 2429 990 2457 Isaias

200 2474 246 2501 ille
258 2473 284 2500 in
303 2473 400 2508 primis
422 2474 622 2509 grandiloquus
638 2474 802 2508 praenuntiat
819 2475 922 2508 virgam
934 2473 988 2502 Jes-

199 2528 239 2553 se,
256 2527 289 2546 ex
303 2527 356 2554 qua
376 2519 427 2547 llos
441 2519 570 2547 Christus
583 2520 697 2553 orietur,
723 2525 750 2547 et
782 2520 916 2548 fructibus
946 2521 987 2546 vi-

199 2567 301 2592 tiorum
321 2564 479 2599 exstirpatis
498 2565 629 2593 radicitus
649 2565 755 2600 plantas
772 2565 872 2592 divina:
897 2565 990 2600 cogui~

199 2611 283 2638 tionis
302 2610 328 2637 iu
340 2617 408 2645 agro
426 2610 527 2637 inseret
548 2610 592 2644 ";
610 2615 636 2638 te
647 2610 779 2638 Jcremias
795 2615 986 2645 pramonstra-

198 2655 399 2690 vitinquiens:
418 2655 484 2682 Ecce
507 2656 562 2682 dies
581 2657 693 2688 venient,
710 2656 776 2682 dicit
794 2655 935 2686 Dominus.
962 2660 987 2682 et

199 2702 212 2735 ι’
226 2703 295 2728 riam
320 2701 411 2728 domui
424 2701 510 2728 Israel
524 2706 548 2728 et
565 2702 655 2728 domui
668 2701 748 2728 Jndw
779 2702 863 2737 fwdus
892 2710 987 2728 novum

199 2747 268 2781 quod
284 2748 411 2774 constitui
424 2756 482 2775 cum
513 2748 632 2782 putribus
649 2757 740 2774 eorum
753 2749 795 2782 ἠ
813 2749 850 2775 ita
882 2748 987 2783 signiti-

1079 2245 1115 2272 Σὺ
1132 2242 1158 2270 εἴ
1182 2243 1236 2270 τῶν
1251 2243 1401 2278 προφητῶν
1414 2244 1431 2278 ὴ
1444 2243 1570 2278 διόπτρα,
1588 2242 1636 2269 καὶ
1650 2241 1705 2268 τῶν
1738 2241 1830 2276 ῥημά-

1039 2299 1092 2317 των
1125 2289 1215 2316 αὺτῶν
1235 2289 1252 2324 ή
1272 2289 1450 2324 ὲμπλήρωσις
1466 2297 1472 2304 ·
1490 2289 1520 2316 σὲ
1534 2289 1588 2324 γὰρ
1611 2287 1741 2322 Ἰεζεκιὴλ
1764 2294 1831 2322 προ-

1038 2336 1171 2370 ηγόρευσε
1186 2335 1273 2370 πύλην
1288 2336 1496 2372 κεκλεισμένην,
1507 2337 1535 2362 ὲν
1576 2336 1663 2367 οὐδεὶς
1679 2333 1831 2368 ἀνθρώπων

1037 2381 1168 2407 διοδεύσει
1189 2382 1265 2414 ποτὲ,
1279 2382 1303 2407 εί
1319 2382 1357 2416 μὴ
1385 2382 1487 2417 Κύριος
1500 2383 1514 2408 ὁ
1531 2382 1597 2413 Θεὸς
1613 2382 1702 2416 μόνος,
1721 2382 1767 2408 καὶ
1782 2382 1831 2414 τὴν

1039 2426 1127 2462 πύλην
1147 2426 1344 2461 κεκλεισμένην
1372 2427 1531 2462 διαφυλάξει
1547 2436 1555 2442 ·
1575 2427 1605 2454 σὲ
1627 2428 1740 2459 Ἡσαΐας
1755 2428 1768 2453 ὁ
1783 2436 1832 2461 με-

1041 2473 1263 2507 γαλοφωνότατος
1284 2473 1382 2509 ῥάϐδον
1408 2473 1456 2500 τοῦ
1477 2474 1576 2499 Ἰεσσαὶ
1605 2474 1772 2510 προγράφει,
1801 2473 1832 2505 ἐξ

1041 2517 1076 2555 ἦς
1091 2519 1122 2546 τὸ
1140 2519 1221 2551 ἄνθος
1236 2519 1354 2554 Χριστὸς
1368 2519 1517 2552 ἐλεύσεται,
1535 2520 1628 2546 καὶτὰ
1643 2520 1714 2554 φυτὰ
1724 2519 1772 2554 τῆς
1780 2528 1832 2545 κα-

1039 2566 1102 2597 κίας
1117 2565 1266 2601 πρόρῥιζον
1282 2565 1418 2600 ἐκτεμὼν,
1444 2566 1494 2600 τῆς
1519 2565 1685 2599 Θεογνωσίας
1701 2565 1832 2600 φυτεύσει

1038 2612 1088 2647 τὴν
1104 2613 1224 2647 ἄρουραν
1238 2620 1244 2625 ·
1254 2611 1284 2638 σὲ
1302 2611 1435 2647 Ἱερεμίας
1445 2611 1616 2647 προεκήρυξε
1630 2612 1716 2645 λέγων
1731 2619 1738 2625 '
1754 2610 1832 2637 ’Ῑδοὶι

1037 2657 1142 2692 ἡμέραι
1156 2657 1394 2692 ἓρχονται.λέγει
1404 2658 1524 2692 Κύριος,
1541 2658 1589 2684 καί
1605 2657 1783 2691 διαθήσομαι
1793 2656 1834 2688 τῷ

1037 2703 1109 2736 οῖκῳ
1125 2703 1256 2736 Ἰσραὴλ
1274 2703 1323 2730 καὶ
1339 2703 1378 2736 τῷ
1396 2704 1468 2735 οἴκῳ
1490 2704 1583 2730 Ἰούδα
1594 2703 1743 2736 διαθήκην
1769 2711 1832 2729 και-

1035 2749 1105 2783 νὴν,
1113 2749 1298 2784 ῆνδιεθέμην
1307 2749 1369 2782 τοῖς
1376 2748 1629 2783 πατράσιναὺτῶν
1638 2758 1644 2764 ’
1654 2749 1700 2784 τῆς
1707 2748 1753 2775 τοῦ
1767 2748 1833 2775 Υὶοῦ

235 2830 257 2845 ¹¹
268 2830 481 2870 (ἶριιίλῖοηηιν,
499 2834 525 2860 ll.
566 2834 586 2848 ”
601 2833 667 2860 Gen.
687 2833 815 2870 I\',_25Let
831 2834 913 2860 lict-li.
929 2842 1000 2863 κων.
1029 2835 1070 2862 li).
1111 2836 1131 2850 ”
1149 2834 1231 2862 chis
1246 2836 1349 2862 inclusa
1361 2840 1424 2862 sunt
1438 2835 1530 2866 verba,
1544 2844 1604 2870 quae
1621 2835 1719 2861 seriem
1735 2835 1834 2861 nra=io-

200 2865 395 2902 ttisﬂvidvuttll‘
434 2869 641 2902 interlumprre.
690 2868 735 2894 "l
770 2869 832 2895 Cur.
862 2878 887 2898 κ,
915 2870 941 2895 Α.

201 2901 222 2915 ’ί
240 2900 336 2926 lizcrh.
359 2910 431 2934 χειν,
451 2904 505 2930 1-5.
546 2900 591 2929 ’τι
611 2912 634 2929 ιι.
655 2912 689 2935 ιι,
712 2906 733 2930 ι.

983 2870 1002 2884 ¹⁹
1021 2870 1092 2896 I’snl.
1113 2879 1188 2902 xuii,
1209 2872 1236 2896 6.

774 2903 909 2930 "10.0111.
930 2905 1042 2931 SCt'ltlltl.
1073 2904 1153 2937 LXX,
1176 2914 1234 2940 mp.
1251 2913 1325 2939 xmu,
1353 2906 1397 2938 5i,
1417 2906 1461 2943 55!.

1281 2872 1302 2885 “’
1322 2871 1393 2897 l‘sal.
1418 2879 1489 2903 κων,
1515 2872 1554 2898 Η.
1603 2871 1623 2886 ’⁸
1639 2871 1773 2899 (Immin.
1807 2871 1832 2896 Ἰ.
