2051 3154
259 139 326 172 1495

788 144 817 173 S.
838 142 991 175 TARASII
1013 146 1264 178 PATRIARCHE
1292 147 1347 178 (ΖΡ.

1809 145 1874 176 141‘6

257 193 348 221 Prima
364 201 461 228 parens
477 195 532 223 Eva
551 196 666 224 Caiuum
689 198 715 224 in
733 198 820 226 lucem
838 201 921 228 edidit
936 202 1034 229 invidia

1094 205 1188 235 νασίας
1203 203 1445 240 χορτασθησὸμεθα
1456 212 1462 218 -
1480 204 1496 238 ἡ
1512 203 1664 238 προμήτωρ
1681 201 1734 228 Εὕα
1749 203 1819 228 Κὰἴν
1831 213 1875 229 τε-

255 243 283 266 et
295 239 422 275 nequitiae
434 241 604 276 principem;
621 243 779 278 unigenilus
798 244 884 273 Filius
906 250 968 274 tuus
988 248 1040 274 crit

257 285 452 321 primogenitus
475 287 537 315 vitae
560 295 592 316 ac
609 291 828 328 resurrectionis.
851 292 873 318 0
889 292 1038 320 inauditum

256 331 425 366 prodigium!
442 340 458 360 ο
471 332 660 360 admirandam
674 334 820 362 novitatem
832 336 838 361 l
852 343 868 363 ο
879 337 1037 371 sapientiam

256 376 338 404 nullis
353 377 444 405 verbis
457 379 669 412 coaequandaml

291 420 348 448 Xll.
364 421 425 455 Quo
447 422 529 457 igitur
553 424 662 451 nomine
691 424 803 452 Mariam
825 427 1039 460 appellabimus?

255 466 324 494 Num
342 467 440 495 ctelum
451 468 462 495 ?
474 473 501 496 et
513 476 579 497 sane
593 470 655 497 caeli
672 475 805 506 terraeque
821 472 974 500 effectorem
988 482 1038 501 suo

255 517 333 540 utero
357 514 501 542 conclusit.
518 514 559 541 An
575 515 683 542 solem?
700 517 757 550 ipsa
775 517 847 543 enim
867 519 966 551 septies
980 519 1037 546 sole

254 558 423 591 splendidior
434 560 549 592 enitens,
563 560 676 594 justitia‘
688 560 778 588 Solem
793 563 926 598 concepit.
941 565 982 590 An
996 566 1041 590 lu-

254 610 315 629 nam
324 604 337 629 '!
350 604 449 630 etenim
467 604 672 639 incomparabili
690 606 892 640 pulchritudine
904 608 1035 642 emicans,

252 648 392 675 Christum
417 649 490 676 omni
508 649 709 683 pulchritudine
723 652 853 678 decorqu
870 653 982 687 peperit.
995 654 1035 680 An

254 693 352 720 nubem
363 694 376 719 ?
387 694 485 720 ctenim
498 702 572 726 eum,
583 695 631 730 qui
647 696 767 723 nubibus
782 698 907 730 vestitur,
920 699 978 726 suis
995 699 1037 725 ul-

253 736 296 764 nis
320 737 442 772 gestavit.
461 738 501 764 An
519 739 731 766 candelabrum?
747 741 846 768 etenim
867 742 894 768 in
917 743 1036 771 tenebris

251 785 278 807 ct
293 781 387 808 umbra
412 782 508 809 mortis
522 782 680 811 sedentibus
696 784 742 810 lux
756 783 875 812 refulsit.
898 785 939 812 Au
962 786 1036 812 thro-

252 827 336 854 num?
350 827 449 854 etenim
468 835 529 854 cum
545 828 590 863 qui
611 828 637 854 iu
651 833 763 863 paterno
775 829 874 857 throno
890 830 1035 859 invisibilis

1090 258 1164 284 τοκε,
1183 252 1280 286 φθόνου
1297 251 1345 278 καὶ
1359 250 1457 281 κακίας
1469 249 1588 285 ἀρχηγόν
1600 258 1606 265 ·
1626 249 1640 275 ὁ
1664 249 1812 284 μονογενής
1830 258 1875 275 σου

1091 298 1164 331 Υἱὸς,
1180 299 1252 334 ζωῆς
1273 298 1320 324 καὶ¹
1337 296 1511 328 ἀναστάσεως
1529 296 1673 332 γενήσεται
1692 295 1875 330 πρωτότοκος.

1091 343 1123 368 Ὢ
1143 341 1190 368 τοῦ
1213 342 1363 378 παραδόξου
1379 341 1533 376 Θαύματοςι
1553 340 1575 367 ὢ
1597 341 1647 376 τῆς
1661 340 1757 376 καινῆς
1773 341 1873 374 ἐκπλή-

1091 386 1158 418 ξεως
1171 387 1177 413 l
1192 387 1215 413 ὣ
1229 389 1279 421 τῆς
1290 387 1430 421 ἁφράστου
1444 386 1556 420 σοφίαςέ

1127 433 1176 459 fB'.
1191 433 1224 459 Τί
1240 431 1286 459 οὖν
1301 432 1453 467 καλέσομεν
1466 432 1514 466 τὴν
1529 431 1657 466 Μαρίαν;
1672 431 1804 466 οὖρανόν;
1829 433 1873 458 καὶ

1089 478 1142 512 γὰρ
1157 478 1202 505 τὸν
1219 476 1333 514 οὐρανοῦ
1352 478 1398 504 καὶ
1413 479 1464 512 γῆς
1478 477 1592 511 ποιητὴν
1615 478 1642 504 ἐν
1665 478 1755 513 μήτρᾳ
1771 476 1875 514 ἐχώρη-

1090 531 1135 549 σεν
1146 531 1151 538 ·
1168 522 1260 557 ἧλιον;
1274 522 1343 556 αὕτη
1356 521 1409 557 γὰρ
1421 521 1469 547 τοῦ
1482 521 1557 556 ἡλίου
1570 521 1762 553 ἑπταπλασίως
1777 531 1874 556 φωτει-

1089 568 1185 602 νοτὲρα
1199 568 1368 602 ὑπάρχουσα,
1380 567 1425 594 τὸν
1438 567 1514 602 ἧλιον
1526 567 1576 601 τῆς
1591 566 1762 601 δικαιοσύνης
1778 567 1873 593 ὑπεδέ-

1089 614 1168 647 ξατο·
1194 614 1326 648 σε).ήνην;
1358 613 1425 648 αὕτη
1455 613 1509 648 γὰρ
1530 613 1559 640 τδ
1583 613 1680 645 κάλλος
1708 614 1873 648 ἀσύγκριτον

1088 659 1197 694 ἔχουσα,
1212 659 1257 686 τὸν
1267 659 1366 693 ὡραῖον
1385 659 1477 685 κάλλει
1493 659 1610 693 Χριστὸν
1624 659 1764 694 ἁπεκύησε
1775 668 1781 674 ·
1795 659 1872 693 νεφέ-

1087 704 1136 739 λην
1149 713 1156 736 ;
1176 705 1222 731 καὶ
1237 705 1291 740 γὰρ
1306 705 1350 731 τὸν
1363 705 1410 731 ἐπὶ
1425 704 1544 738 νεφελῶν
1556 703 1737 738 ὲποχούμενον
1750 705 1809 735 ταῖς
1820 704 1871 736 ἀγ-

1087 751 1184 781 κάλαις
1199 750 1332 776 ὲὸἀστασε
1344 757 1351 764 ·
1366 749 1493 784 ).υχνῐαν;
1515 749 1561 775 καὶ
1578 749 1632 784 γὰρ
1648 749 1678 775 τὸ
1699 749 1757 783 φῶς
1770 751 1826 780 τοῖς
1843 749 1871 776 ἑν

1089 796 1179 822 σκότει
1204 796 1252 822 καὶ
1280 796 1343 830 σκιᾷ
1371 795 1487 821 θανάτου
1516 788 1683 829 καθημένοις
1711 795 1869 830 ἐξέλαμψε·

1088 841 1199 876 θρόνον;
1216 841 1263 867 καὶ
1279 841 1333 876 γὰρ
1349 841 1394 867 τὸν
1410 841 1439 867 ὲν
1453 840 1539 875 θρόνῳ
1554 840 1591 875 τῷ
1610 840 1734 876 πατρικῷ
1747 841 1871 876 ἀοράτως

251 877 356 907 regnat,
372 872 399 899 in
416 872 517 907 Spiritu
531 878 626 901 sancto
639 874 876 909 circumscriptum
896 883 946 903 suo
958 881 1034 904 utero

1088 870 1272 922 βασιλευοντα,
1285 870 1554 920 ’ἐν’ΠνεύματιΙάγίῳ
1571 870 1687 920 χορηγδν
1704 870 1870 919 Esaiam;

251 918 362 952 recepit.
377 918 418 945 An
434 919 629 954 margaritam?
649 920 750 947 etenim
766 921 852 948 multo
871 922 1038 956 pretiosissi-

251 971 322 991 mam
337 965 510 999 margaritam
527 965 689 993 mortalibus
704 967 881 1001 comparavit.
896 967 937 994 An
955 975 1035 1002 para-

249 1010 360 1037 disum?
373 1011 473 1038 etenim
486 1010 569 1038 Edcm
584 1011 626 1041 iis.
641 1012 687 1046 qui
701 1012 821 1039 damnati
836 1017 923 1045 erant,
939 1013 1036 1047 adape-

251 1056 334 1087 iiens.
353 1056 380 1083 in
400 1063 512 1090 regnum
526 1063 573 1084 cos
592 1056 695 1084 inducit
711 1062 839 1092 perpetuo
860 1058 1034 1085 duraturum.

249 1103 290 1129 Au
317 1103 457 1130 montem?
478 1103 502 1130 ei
530 1103 614 1136 enim,
632 1111 686 1138 quo
703 1104 817 1138 jubeute
838 1109 938 1132 montes
954 1105 1036 1136 fumi-

249 1153 312 1182 gant
322 1149 345 1164 "
357 1148 523 1176 continendo
538 1157 593 1177 non
606 1149 659 1176 fuit
671 1154 797 1184 angusta.
810 1150 849 1176 An
864 1151 983 1177 terram?
996 1155 1035 1177 et-

249 1194 321 1220 enim
334 1201 408 1226 eum,
425 1194 504 1228 cujus
517 1199 586 1221 nutu
603 1198 673 1222 terra
686 1194 855 1227 concutitur.
868 1196 928 1222 sine
941 1195 1035 1222 dolere

250 1243 328 1267 utero
346 1239 472 1275 gestavit.
488 1240 529 1267 An
547 1240 688 1268 mensam?
706 1241 806 1268 etenim
829 1247 903 1273 eum,
920 1241 967 1275 qui
984 1248 1034 1267 no-

251 1286 292 1312 bis
308 1285 463 1320 suppeditat
478 1285 647 1319 alimentum,
666 1285 745 1318 lacte,
757 1289 880 1314 materno
895 1279 1033 1314 euulrivit.

249 1331 290 1356 An
312 1329 408 1357 mare?
431 1337 494 1356 eum
518 1329 602 1362 enim,
615 1329 662 1365 qui
683 1337 770 1364 aquas
792 1330 820 1357 in
839 1337 924 1357 unum
945 1330 1033 1358 locum

249 1373 435 1409 congregavit.
451 1373 509 1402 suis
526 1373 606 1401 labiis
622 1373 765 1401 osculavit.

286 1418 355 1445 Xlll.
373 1418 473 1453 Ecquis
486 1418 569 1454 igitur
589 1425 643 1446 non
659 1418 822 1453 percellatur
838 1418 969 1453 stupore?
983 1418 1034 1445 Ec-

248 1464 311 1499 quis
325 1463 503 1492 admiratione
516 1463 622 1492 deﬁxus
634 1470 688 1491 non
701 1464 839 1491 teneatur?
851 1464 918 1497 Quis
926 1471 1033 1491 summa

248 1517 311 1536 cum
326 1509 478 1538 reverentia
498 1517 553 1536 non
572 1509 645 1537 colat
660 1509 789 1545 mysterii’
798 1509 1033 1544 magnitudinem?

248 1555 315 1582 Nam
335 1556 358 1583 si
374 1562 457 1590 opera
474 1559 537 1582 ante
549 1555 664 1589 gratiam
686 1557 792 1589 patrata
807 1554 941 1588 ejusmodi
958 1558 1033 1586 sunt,

249 1608 310 1635 quae
324 1601 423 1628 mentis
439 1600 493 1627 vim
516 1605 599 1635 atque
616 1607 724 1627 omnem
742 1599 937 1634 cogitationem
954 1606 1034 1626 exce-

248 1648 332 1679 dant;
342 1646 403 1681 quis
415 1646 524 1673 tandem
539 1646 638 1681 poterit
658 1646 730 1673 edita
744 1649 806 1680 post
820 1645 936 1680 gratiam
953 1652 1034 1672 enar-

249 1691 329 1719 rare?
345 1691 374 1719 Si
394 1691 510 1719 illustria
526 1696 599 1723 sunt,
618 1699 679 1726 quae
695 1691 728 1718 ad
747 1692 873 1718 umbram
897 1691 1035 1725 pertinent

248 1743 274 1765 et
286 1738 320 1765 ad
332 1738 417 1772 legem
433 1737 614 1771 antiquatam,
627 1741 728 1771 quanta
738 1736 848 1764 demum
859 1737 1034 1768 videbuntur,

248 1790 309 1817 quae
320 1782 465 1810 subsecuta
477 1786 542 1810 sunt
559 1781 679 1816 Spiritus
694 1779 941 1808 manifestationem
954 1780 965 1806 ?

283 1828 375 1856 Pudor
389 1832 504 1862 occupet
515 1827 704 1854 haereticorum
720 1826 799 1859 filios,
814 1826 861 1860 qui
877 1826 972 1854 buccis
985 1826 1036 1853 im-

249 1873 302 1906 piis
328 1878 356 1900 et
380 1880 485 1900 veneno
515 1872 623 1900 infectis
650 1876 788 1900 conantur
816 1872 955 1907 Virginem
986 1879 1033 1899 ca-

249 1919 389 1946 lumniari.
408 1918 533 1947 Gloriosa
548 1919 624 1946 enim
645 1918 729 1946 Maria
743 1919 777 1945 ad
794 1919 926 1946 honorem
939 1925 1032 1947 evecta

248 1965 394 1992 Genitricis
422 1965 479 1997 Dei,
510 1972 592 1999 quem
617 1972 679 1992 cum
705 1965 853 1993 secundum
884 1965 1031 1992 humanam

247 2010 362 2037 formam
374 2010 544 2045 concepisset
558 2016 584 2038 et
596 2014 739 2045 gestasset,
757 2015 853 2044 preter
867 2015 971 2038 naturae
987 2017 1033 2037 or-

246 2053 337 2080 dinem
351 2053 434 2081 Deum
449 2054 550 2088 pariter
563 2057 590 2081 et
602 2054 740 2081 hominem
751 2054 865 2089 peperit.
883 2053 971 2089 Hujus
985 2062 1032 2082 ve-

246 2098 396 2126 nerandam
425 2099 551 2134 eﬂigiem,
575 2104 683 2134 propter
704 2099 829 2127 eumdem
859 2101 1032 2131 honorantes,

246 2144 458 2178 amplectimur;
477 2145 533 2172 imo
552 2144 626 2172 illius
647 2152 766 2179 quoque,
783 2149 876 2180 utpote
897 2153 957 2180 quae
977 2145 1033 2172 Ma-

1088 932 1275 967 μαργαρίτηνς
1287 931 1334 957 καὶ
1348 931 1402 966 γὰρ
1413 931 1458 957 τὸν
1471 931 1616 966 πολύτιμον
1628 931 1799 966 μαργαρίτην
1812 933 1870 962 τοῖς

1087 977 1191 1013 βροτοῖς
1204 978 1368 1013 ὲθησαῦρίσε
1378 986 1384 992 ·
1401 976 1566 1010 παράδεισον
1578 986 1584 1009 ;
1600 977 1647 1003 καὶ
1658 977 1712 1010 γὰρ
1725 977 1774 1013 τὴν
1789 977 1870 1011 Ἐδὲμ

1085 1024 1141 1054 τοῖς
1168 1023 1342 1057 κατακρίτοις
1361 1021 1500 1054 ἀνοίξασα,
1517 1022 1585 1057 πρὸς
1601 1021 1738 1055 βασιλείαν
1764 1022 1869 1055 εἰσάγει

1085 1069 1134 1103 τὴν
1154 1069 1198 1095 ἀεὶ
1214 1068 1412 1104 διαμένουσαν⁸
1431 1068 1510 1103 ὗρο;;
1539 1068 1584 1094 καῖ
1607 1067 1662 1102 γὰρ
1684 1067 1729 1093 τὸν
1759 1068 1792 1094 τὰ
1816 1067 1870 1101 ὄρη

1085 1114 1230 1141 ποιοῦντα
1262 1113 1454 1144 καπνίζεσθαι
1477 1114 1706 1148 ἀστενοχωρήτως
1734 1114 1868 1148 ἐχώρησε·

1085 1159 1156 1194 γῆνς
1172 1159 1218 1186 καὶ
1233 1160 1286 1194 γὰρ
1303 1159 1348 1186 τὸν
1361 1160 1409 1195 τὴν
1425 1159 1476 1194 γῆν
1492 1158 1622 1185 ποιοῦντα
1635 1159 1747 1194 τρέμειν
1765 1159 1868 1187 ἀνωδύ-

1085 1215 1137 1237 νως
1151 1206 1283 1232 ἐϐάστασε
1296 1214 1302 1220 ’
1319 1205 1476 1240 τράπεζαν;
1491 1206 1537 1232 καὶ
1561 1206 1615 1241 γὰρ
1632 1206 1675 1232 τὸν
1697 1206 1747 1240 τὴν
1766 1206 1871 1241 τροφὴν

1085 1251 1150 1286 ἡμῖν
1165 1250 1333 1286 χορηγοῦντα
1347 1251 1548 1286 μητροπρεπῶς
1565 1251 1661 1286 ἔθρεψε
1676 1251 1790 1285 γάλακτι
1803 1259 1810 1266 ’
1825 1250 1870 1276 Θά-

1084 1296 1203 1329 λασσανς
1218 1297 1330 1332 καὶγὰρ
1339 1296 1384 1323 τὸν
1397 1296 1548 1330 συνάγοντα
1562 1297 1595 1324 τὰ
1609 1297 1692 1323 ὕδατα
1705 1298 1744 1328 εἰς
1755 1296 1870 1331 ἑνότητα

1087 1342 1161 1377 μίαν,
1179 1343 1234 1374 τοῖς
1249 1343 1368 1378 χείλεσιν
1383 1343 1466 1378 αὐτῆς
1483 1342 1636 1378 ὴσπάσατο.
1838 1343 1841 1346 ⁴

1119 1426 1171 1454 ΙΓ’.
1182 1425 1230 1458 Τίς
1243 1426 1293 1452 οὐκ
1305 1425 1445 1461 ὲκπλαγῇτ,
1462 1425 1504 1457 τίς
1520 1426 1551 1452 οὐ
1563 1426 1712 1460 θαυμάσει;
1727 1426 1769 1457 τίς
1781 1426 1811 1452 οὺ
1827 1425 1869 1452 δοες

1086 1473 1161 1506 ξάσει
1174 1472 1220 1500 τοῦ
1236 1471 1385 1507 μυστηρίου
1395 1472 1426 1498 τὺ
1444 1471 1558 1506 μέγεθος
1569 1479 1577 1503 ;
1593 1473 1617 1498 εἰ
1636 1472 1690 1506 γὰρ
1703 1472 1738 1499 τὰ
1751 1471 1804 1507 πρὸ
1817 1470 1870 1506 τῆς

1084 1519 1194 1554 χάριτος
1205 1518 1376 1554 γεγενημένα
1389 1517 1510 1548 τοιαῦτα.
1526 1517 1590 1544 νοῦν
1604 1517 1802 1552 ὑπερϐαίνοντα
1817 1517 1868 1543 καὶ

1085 1564 1212 1596 διάνοιαν,
1227 1563 1262 1590 τὰ
1277 1562 1346 1598 μετὰ
1357 1562 1406 1597 τῆς
1418 1562 1529 1596 χάριτος
1541 1561 1755 1597 παραδειχθέντα
1769 1562 1809 1593 τίς
1822 1562 1869 1597 ὲρ-

1087 1608 1220 1644 μηνεῦσαι
1236 1607 1363 1640 advertat;
1379 1608 1402 1634 εἰ
1416 1607 1463 1633 καὶ
1474 1608 1524 1642 τῆς
1539 1608 1618 1638 σκιᾶς
1631 1607 1678 1633 καὶ
1689 1607 1737 1633 τοῦ
1750 1606 1871 1633 παλαιω-

1086 1654 1177 1685 Θέντος
1191 1653 1294 1687 ἔνδοξα,
1309 1653 1344 1680 τὰ
1357 1653 1504 1688 μετέπειτα
1519 1651 1566 1678 τοῦ
1582 1651 1740 1686 Πνεύματος
1754 1653 1871 1686 ἐμφανι-

1087 1698 1196 1730 σοέντος
1212 1698 1275 1724 ποῖα
1281 1716 1288 1723 .

1122 1831 1348 1867 Αἰσχυνέσθωσαν
1359 1828 1506 1866 αἱρετικῶν
1519 1827 1623 1860 παῖδες,
1635 1827 1660 1853 οἱ
1672 1826 1721 1862 τὴν
1734 1825 1871 1860 Παρθένον

1086 1877 1238 1913 βλασφήμῳ
1254 1877 1369 1912 στόματι
1384 1876 1432 1902 καὶ
1453 1874 1548 1909 ἰοϐόλῳ
1568 1873 1744 1906 συκοφαντεῖν
1765 1873 1870 1905 ἐπιχει-

1087 1923 1211 1960 ροῦντες*
1228 1923 1246 1957 ἡ
1257 1922 1311 1957 γὰρ
1328 1921 1431 1952 ἔνδοξος
1446 1919 1550 1954 Μαρία,
1565 1918 1696 1948 Θεοτόκος
1706 1915 1872 1951 ἀναδειχθεῖ-

1086 1976 1131 2001 σα,
1153 1967 1201 1994 καὶ
1226 1966 1365 2002 μορφώσει
1391 1964 1548 2000 ἀνθρωπίνῃ
1573 1963 1653 1989 αὐτὸν
1678 1962 1869 1996 ἀποκυήσασα,

1085 2014 1178 2040 ἔτεκεν
1195 2012 1342 2048 ὑπερφυῶς
1360 2011 1427 2037 Θεὸν
1441 2009 1508 2044 ὁμοῦ
1530 2009 1578 2035 καὶ
1594 2007 1754 2042 ἄνθρωπον·
1775 2006 1872 2033 τοῦτον

1084 2059 1130 2085 τὸν
1154 2058 1245 2093 τίμιον
1272 2056 1435 2092 χαρακτῆρα
1458 2054 1591 2089 σχετικῶς
1608 2052 1805 2088 ἀσπαζόμεθα·
1827 2051 1872 2078 ναὶ

1087 2103 1140 2137 μὴν
1154 2103 1201 2129 καὶ
1212 2101 1313 2136 ταύτης
1329 2101 1377 2136 τὴν
1390 2100 1540 2135 μόρφωσιν,
1552 2098 1590 2129 ὡς
1600 2097 1712 2132 Μητρὸς
1722 2095 1871 2130 γενομένης

1085 2148 1133 2174 τοῦ
1140 2147 1303 2182 σωματικῶς
1318 2147 1383 2181 ἡμῖν
1392 2145 1585 2180 ὁμιλήσαντος,
1600 2141 1817 2177 προσκυνοῦμεν,
1838 2139 1870 2165 οὗ

245 2193 288 2215 ter
308 2188 412 2216 exstitit
429 2189 499 2224 ejus,
518 2190 565 2224 qui
587 2190 735 2217 secundum
752 2197 861 2218 carnem
889 2191 1032 2218 nobiscqu

1086 2194 1120 2229 τῇ
1131 2193 1182 2228 ὕλῃ
1196 2193 1244 2228 τὴν
1259 2190 1454 2226 προσκύνησιν,
1473 2190 1572 2223 ἄπαγε,
1595 2186 1788 2222 προσάγοντες·
1805 2185 1873 2211 ἀλλὰ

245 2239 424 2262 conversatus
443 2239 496 2266 est,
520 2235 663 2269 imaginem
688 2235 762 2262 cultu
785 2235 898 2263 relativo
917 2243 1030 2263 venera-

245 2286 317 2311 mur,
338 2286 394 2306 non
415 2278 524 2312 quidem
547 2279 668 2306 materiae
682 2279 885 2307 venerationem
901 2280 938 2315 (id
957 2281 1031 2315 quod

245 2324 328 2359 absit)
341 2323 512 2357 adhibentes,
527 2325 574 2352 sed
589 2324 720 2352 honorem
735 2325 883 2354 referentes
897 2326 929 2353 ad
943 2334 1033 2354 exem-

244 2368 314 2403 plar,
332 2373 361 2395 ut
379 2369 471 2396 divina
487 2369 539 2396 fide
554 2370 736 2405 percepimus.
753 2370 812 2398 Non
826 2372 898 2398 enim
915 2372 1030 2398 formam

243 2414 405 2447 divinitatis,
419 2419 450 2441 ut
461 2422 510 2442 vos
523 2416 586 2442 caeci
601 2420 629 2442 et
640 2416 755 2450 improbi
774 2416 916 2447 dictitatis,
935 2417 1032 2452 objici-

244 2466 306 2487 mus
330 2460 429 2493 oculis,
447 2460 495 2488 sed
516 2468 548 2487 ex
572 2461 650 2488 nobis
671 2465 839 2496 assumptam
862 2470 876 2489 ο
893 2462 1034 2490 Salvatore

243 2516 250 2530 ι
260 2513 364 2537 arncm.
380 2514 433 2541 qua
446 2505 491 2533 ille
506 2506 648 2534 nobiscum
663 2508 723 2534 sine
738 2507 779 2534 sui
794 2509 942 2535 mutatione
956 2509 1032 2541 vixit,

243 2559 275 2577 ac
289 2551 498 2587 primogenitam
514 2560 529 2579 e
545 2553 661 2580 mortuis
678 2553 825 2580 redivivam
843 2553 940 2580 formis
955 2554 1032 2581 eﬂin-

243 2601 349 2631 gcntes,
363 2597 552 2632 praedicamus.
569 2598 682 2634 Propter
695 2599 783 2634 ipsum
799 2605 901 2633 autem,
916 2600 962 2634 qui
974 2608 1032 2627 car-

243 2649 304 2669 nem
321 2643 482 2676 assumpsit,
496 2642 579 2670 etiam
595 2644 747 2679 genitricis,
763 2649 793 2671 ut
804 2645 916 2672 omnino
932 2646 1029 2673 imma-

244 2689 339 2716 culata
349 2688 398 2722 (6),
414 2688 527 2724 elligiem
540 2696 573 2717 eo
585 2690 668 2719 cultu.
685 2698 740 2726 quo
751 2690 838 2722 decet,
850 2691 1027 2722 honoramus,

285 2788 309 2802 "
326 2787 398 2815 Psal.
416 2795 475 2820 CIII,
489 2787 533 2815 δὲ.

1085 2239 1154 2274 πρὸς
1176 2239 1207 2264 τὸ
1222 2237 1399 2272 πρωτότυπον
1415 2236 1465 2270 τὴν
1483 2235 1565 2270 τιμὴν
1580 2233 1797 2269 ἀναπέμποντες,
1815 2231 1870 2257 θεῖ-

1085 2285 1142 2316 κῶς
1154 2284 1390 2317 πεπιστεύκαμεν·
1403 2281 1432 2308 οὐ
1445 2281 1500 2316 γὰρ
1511 2280 1636 2316 θεότητος
1649 2279 1766 2315 μορφὴν,
1780 2276 1872 2309 καθὼς

1086 2331 1164 2365 ὑμεῖς
1183 2329 1276 2364 τυφλοὶ
1298 2329 1345 2355 καὶ
1368 2327 1520 2362 παράνομοι
1539 2326 1668 2360 φάσκετε,
1691 2324 1870 2359 ἱστοροῦμεν·

1085 2375 1154 2401 ἀλλὰ
1167 2375 1216 2409 τὴν
1229 2374 1260 2406 ἐξ
1271 2373 1349 2408 ἡμῶν
1362 2371 1581 2409 προσληφθεῖσαν
1592 2370 1632 2405 τῷ
1645 2370 1751 2404 Σωτῆρι
1767 2369 1871 2404 σάρκα,

1084 2420 1116 2447 δι’
1130 2417 1163 2455 ἧς
1180 2421 1246 2455 ἡμῖν
1264 2418 1407 2453 ἀτρέπτως
1418 2417 1550 2452 ὡμίλησε,
1566 2417 1614 2443 καὶ
1629 2417 1661 2442 ὲκ
1675 2415 1779 2449 νεκρῶν
1803 2415 1870 2440 ἁνα-

1085 2466 1187 2492 στᾶσαν
1209 2465 1381 2499 πρωτότοκον
1398 2463 1608 2494 ἁνατυποῦντες.
1627 2462 1800 2497 κηρύττομεν
1813 2468 1819 2474 ·
1838 2460 1872 2486 δι’

1083 2510 1163 2536 αὐτὸν
1184 2509 1211 2536 δὲ
1228 2509 1275 2535 τὸν
1296 2508 1507 2544 προσειληφότα.
1528 2509 1573 2534 καὶ
1597 2508 1646 2542 τῆς
1665 2505 1810 2540 τεκούσης,
1834 2505 1872 2535 ὡς

1083 2555 1233 2589 πανάγνου.
1249 2554 1298 2588 τὴν
1313 2554 1415 2584 εἰκόνα,
1427 2553 1498 2580 κατὰ
1511 2553 1541 2580 τὸ
1553 2553 1703 2588 προσῆκον,
1717 2550 1869 2585 σεϐόμεθα·

1083 2600 1148 2634 ἁγία
1168 2601 1222 2634 γὰρ
1237 2600 1320 2630 ὖντως
1337 2599 1416 2633 αὕτη,
1433 2599 1470 2630 ὼς
1489 2599 1534 2624 τὸν
1553 2598 1632 2633 μόνον
1653 2597 1730 2630 ᾶγιον
1744 2596 1872 2631 ἀρρήτως

1082 2645 1272 2679 ἀποκυήσασα.
1291 2645 1322 2670 Εἰ
1343 2644 1397 2679 γὰρ
1419 2645 1433 2670 ὀ
1456 2644 1521 2674 Θεὸς
1538 2643 1577 2678 τῷ
1597 2642 1723 2677 ’Λὸραὰμ
1750 2642 1871 2673 ἐνεγκεῖν

1083 2690 1232 2725 προσέταξε
1248 2690 1364 2724 δάμαλιν
1375 2689 1573 2724 τριετίζουσαν,
1588 2689 1633 2714 καὶ
1648 2685 1713 2721 αἶγα
1726 2684 1869 2722 19:9:th-

279 2866 315 2897 ιϋ)
333 2864 397 2892 Νηιυ
416 2867 544 2893 rationein
564 2866 704 2900 liciparuni
719 2866 822 2893 rolcndi
839 2874 891 2894 non
910 2874 922 2892 ιι
939 2866 1034 2900 diguit:

1086 2866 1180 2899 ipsius,
1205 2866 1250 2893 sed
1279 2866 1311 2892 ab
1337 2865 1490 2892 innocentia
1515 2872 1537 2891 t‘l
1557 2863 1867 2896 puritatedrsuuuuum.
