4062 6338
200 499 303 565 501

1676 509 1948 590 11mm.

3329 507 3433 569 502

203 613 523 684 θεοπρεπῶς
546 633 626 682 σε,
653 617 869 687 βασιλεῦ
900 620 1112 691 Ἰσραὴλ
1129 623 1218 674 καὶ
1238 621 1508 690 ἀγγέλων,
1529 620 1623 676 ανύ
1635 635 1736 689 μνη
1751 648 1767 658 -

1888 616 2038 669 )cum
2075 614 2247 680 decet,
2277 625 2344 682 te,
2378 630 2469 669 rex
2499 614 2663 670 Israel
2694 620 2747 667 et
2779 611 3119 681 angelorum,
3152 612 3390 666 laudavit
3423 632 3436 666 :

205 718 329 755 σενο
386 703 760 777 ’Υπερύμνητε
817 708 1008 779 Κύριε,
1063 693 1097 760 δ’
1140 709 1270 774 Θεὸς
1297 713 1323 764 6
1368 711 1474 763 τῶν
1505 709 1776 778 πατέρων,

203 794 499 865 εὐλογητὸς
527 792 597 853 εί.

274 886 431 938 Μετά
501 887 669 955 βαϊων
723 903 804 955 σε,
845 892 1068 960 Χριστὲ,
1124 892 1337 956 κλάδοις
1379 894 1660 964 ἐπεκρότει
1714 892 1779 946 τέι

206 975 390 1045 πλήθη
409 994 422 1007 ο
457 976 831 1049 Εὐλογημένος
862 984 889 1034 ὁ
931 983 1098 1037 ἐλθὼν
1127 985 1389 1048 Βασιλεὺς
1409 985 1518 1038 τῶν
1549 984 1776 1050 αἰώνων,

206 1065 338 1118 ἐϐόα
365 1067 441 1126 δὲ.
468 1068 852 1144 ’Υπερύμνητε
877 1075 1072 1145 Κύριε,
1097 1078 1124 1128 6
1146 1076 1278 1139 Θεδς
1312 1076 1340 1128 6
1368 1076 1476 1129 τῶν
1508 1077 1778 1147 πατέρων,

209 1155 496 1225 εὐλογητὸς
524 1155 592 1212 εί.
1081 1150 1087 1156 ’

277 1244 1035 1324 Εὐφράνθητι,⁹1ερουσαλὴμ,
1091 1259 1518 1330 πανηγυρίσατε,
1551 1263 1599 1314 οἱ
1643 1263 1779 1330 ἀγα-

211 1335 424 1400 πῶντες
479 1339 636 1396 Σιών.
705 1343 762 1396 Ὀ
810 1344 1117 1414 βασιλεύων
1163 1351 1270 1421 γὰρ
1302 1353 1382 1415 εἰς
1414 1354 1538 1415 τοὺς
1581 1354 1780 1416 αἰῶνας

210 1427 418 1499 Κύριος
469 1431 579 1486 τῶν
623 1433 907 1505 δυνάμεων
938 1434 1122 1510 ἦλθεν.
1160 1442 1507 1498 Εὑλαϐείσθω
1560 1447 1710 1500 πᾶσα
1748 1446 1779 1514 ἡ

209 1519 277 1588 γῆ
310 1521 378 1574 lx
418 1520 718 1591 προσώπου
751 1526 938 1592 αὑτοῦ,
974 1533 1066 1597 καὶ
1119 1533 1329 1601 βοάτωο
1372 1535 1679 1604 Εὐλογεῖτε,
1714 1536 1782 1590 τὰ

210 1610 481 1679 ἔργα,τδν
522 1615 744 1687 Κύριον,
778 1621 874 1673 καὶ
917 1622 1256 1694 ὑπεροψοῦτε
1297 1627 1376 1689 εις
1410 1627 1614 1691 πάντας
1657 1629 1782 1691 τοὺς

211 1701 442 1765 αἰῶνας.

279 1793 417 1846 Νέον
442 1796 618 1850 πῶλον
645 1800 990 1870 ἐπιϐεϐηκὼς
1019 1805 1048 1857 6
1072 1804 1326 1874 βασιλεύς
1355 1804 1655 1873 σου,γΣιὼν,
1683 1812 1781 1864 ὲπο

211 1884 340 1954 ἐστη
374 1887 635 1957 Χριστός.
679 1891 791 1961 Τὴν
823 1893 931 1963 γὰρ
983 1896 1267 1965 ἀλόγιστον
1296 1898 1527 1952 είδώλων
1577 1901 1784 1972 πλάνην

211 1976 392 2046 λῦσαι,
455 1980 585 2050 τὴν“
618 1982 924 2038 ἀκάθεκτον
976 1987 1150 2058 ὁρμὴν
1203 1991 1515 2045 ἀναστεῖλαι
1566 1995 1784 2047 πάντων

209 2069 378 2123 ἐθνῶν
425 2074 830 2143 παραγέγονεν,
868 2068 1035 2140 είςτὸ
1071 2080 1296 2149 μέλπειν
1320 2099 1334 2112 ·
1382 2074 1783 2152 Εὑλογείτεξτά

209 2161 366 2230 ἔργα,
392 2165 489 2216 τὸν
528 2165 753 2236 Κύριον,
780 2170 875 2222 καὶ
909 2171 1248 2242 ὑπερυψοῡτε
1283 2176 1366 2239 εἰς
1415 2177 1621 2240 πάντας
1659 2178 1784 2242 τοὺς

208 2253 436 2316 αἰῶνας.

289 2345 348 2398 '0
378 2347 511 2410 Θεός
545 2365 636 2400 σου
676 2349 1056 2421 (χαῖρε,Σιὼν,
1080 2356 1308 2427 σφόδρα)
1337 2358 1683 2414 ἐϐασίλευσεν
1704 2364 1782 2426 είς

207 2437 331 2499 τοὺς
378 2438 580 2503 αἰῶνας
624 2442 879 2512 Χριστός.
903 2439 1093 2513 Οὗτος,
1119 2447 1194 2511 ὠς
1238 2449 1580 2520 γέγραπται,
1605 2455 1783 2524 πραῢς

211 2528 302 2578 καὶ
343 2529 552 2592 σώζων.
583 2531 789 2598 δίκαιος
822 2537 1123 2607 Λυτρωτὴς
1156 2541 1312 2610 ἡμῶν
1351 2538 1513 2614 ἦλθεν
1544 2545 1635 2597 ἐπὶ
1667 2545 1783 2598 πώ-

209 2617 298 2667 λου
354 2617 522 2672 ῐππον
549 2633 593 2684 ο,
648 2623 851 2692 Θράσος
893 2627 1074 2680 ὀλέσαι
1119 2630 1330 2699 ἐχθρῶν
1373 2633 1447 2702 μὴ
1499 2634 1779 2702 βοώντων·

212 2709 516 2776 Εὐλογεῐτε,
551 2713 619 2764 τὰ
644 2714 800 2783 ἔργα,
832 2716 924 2769 τὸν
947 2719 1170 2790 Κύριον,
1207 2722 1299 2774 καὶ
1334 2722 1674 2795 ὑπερυψοῦτε
1705 2727 1784 2790 εἰς

212 2800 420 2865 πάντας
444 2804 572 2867 τοὺς
599 2806 823 2868 αἰῶνας.

282 2892 605 2958 Σπανίζεται
646 2895 804 2952 θείων
856 2896 1156 2972 περιϐόλων
1187 2905 1248 2958 τὸ
1294 2906 1608 2978 παράνομον
1654 2928 1783 2963 συν-

214 2983 385 3075 (apum
416 2987 677 3051 ἀπειθῶν,
719 2990 810 3056 τὸν
852 2996 1161 3066 προσευχῆς
1205 2997 1342 3050 Θεοῦ
1375 3001 1602 3075 ἐπείπερ
1634 3001 1784 3058 οἷκον

215 3073 476 3152 σπῄλαιον
532 3078 937 3150 ἀπειργάσαντο
983 3084 1192 3154 λῃστῶν
1212 3124 1238 3150 ,.
1290 3088 1352 3140 ὲκ
1413 3073 1643 3160 καρδίας
1692 3092 1783 3146 τὸν

217 3164 516 3236 Λυτρωτὴν
560 3169 933 3242 ἀπωσάμενοι,
971 3167 1013 3241 ᾧ
1065 3175 1310 3245 βοῶμεν·
1382 3180 1687 3250 Εὐλογεῖτε,
1716 3185 1784 3238 τὰ

1881 705 2342 775 Supcrlaudabilis
2389 705 2637 770 Domine,
2674 704 2814 758 Deus
2867 709 3104 774 patrum,
3132 701 3444 755 benedictus

1879 810 1958 848 DS.

1950 888 2086 941 Cum
2144 885 2340 954 palmis
2369 884 2488 950 tibi,
2520 884 2754 951 Christe,
2785 885 3062 954 ramisque
3119 885 3447 956 plaudebant
3496 923 3500 927 ι

1882 977 2096 1030 turbae:
2140 974 2463 1030 Benedictus
2513 975 2606 1044 qui
2652 975 2799 1028 venit
2850 991 2942 1030 rex
2974 977 3297 1030 saeculorum
3334 975 3447 1028 ρης

1880 1067 2099 1118 mahant
2124 1081 2137 1117 :
2161 1063 2620 1134 Super-laudabilis
2650 1065 2894 1131 Domine,
2927 1069 3067 1120 Deus
3093 1074 3325 1136 patrum.
3357 1067 3445 1114 ti».—

1883 1157 2128 1212 nedietus
2160 1171 2234 1211 es.

1953 1249 2178 1312 Lmtare,
2212 1248 2531 1313 Jerusalem,
2565 1261 2888 1304 conventum
2921 1249 3082 1319 agite,
3106 1249 3199 1318 qui
3226 1250 3448 1317 diligitis

1884 1338 2039 1393 Sion.
2071 1341 2171 1407 Qui
2197 1346 2385 1418 regnat
2411 1342 2555 1394 enim
2587 1341 2640 1393 in
2672 1340 2871 1395 smeula
2901 1338 3161 1394 Dominus
3184 1341 3445 1395 virtutum

1884 1433 2050 1486 venit.
2081 1430 2290 1486 Timeat
2324 1434 2501 1486 omnis
2534 1439 2676 1486 terra
2724 1446 2753 1485 a
2786 1430 2921 1486 facie
2959 1431 3094 1500 ejus,
3128 1440 3182 1484 et
3208 1425 3445 1486 clamet:

1883 1522 2189 1579 Benedicite
2219 1565 2232 1587 ,
2267 1539 2430 1593 opera
2454 1566 2466 1589 ,
2495 1507 2781 1578 Dominum
2805 1566 2820 1592 ,
2845 1532 2894 1578 et
2945 1523 3336 1595 superexaltate
3390 1524 3446 1577 in

1881 1617 2062 1672 omnia
2089 1617 2305 1672 saecula.

1951 1779 2209 1849 Juvenem
2236 1796 2440 1864 pullum
2472 1796 2772 1852 ascendens
2795 1811 2885 1851 rex
2923 1804 3070 1861 tuus,
3096 1795 3249 1861 Sion,
3279 1797 3452 1851 astitit

1885 1885 2156 1942 Clnistus.
2209 1887 2634 1942 lrrationabilem
2687 1888 2833 1941 enim
2893 1887 3163 1942 idolorum
3209 1903 3449 1966 errorem

1819 1971 2116 2043 Bsolvere,
2175 1979 2431 2034 eﬂ‘rencm
2485 1980 2746 2048 impetum
2801 1993 3150 2047 compescere
3204 1979 3450 2032 omnium
3554 2045 3560 2050 .

1883 2071 2121 2140 gentium
2183 2071 2441 2135 advenit,
2475 2079 2534 2125 ut
2578 2078 2794 2124 cantent
2830 2088 2844 2124 :
2876 2069 3214 2133 Benedicite,
3264 2083 3449 2139 Opera,

1885 2160 2196 2228 Dominum,
2235 2173 2288 2217 et
2325 2164 2724 2232 superexaltate
2758 2163 2813 2216 in
2847 2161 3030 2217 omnia
3055 2163 3273 2217 szecula.

1954 2342 2098 2396 Deus
2144 2351 2270 2398 tuus
2303 2342 2530 2413 (gaude,
2563 2342 2718 2406 Sion,
2751 2342 2923 2412 valde)
2969 2341 3211 2412 regnavit
3253 2341 3304 2394 in
3347 2345 3450 2413 sie-

1885 2433 2006 2495 cula
2036 2433 2306 2486 Christus.
2344 2434 2471 2495 Iste,
2519 2442 2578 2486 ut
2612 2432 2876 2502 scriptum
2911 2441 3014 2495 est,
3056 2431 3202 2485 milis
3247 2441 3301 2484 et
3338 2430 3448 2484 sal-

1883 2535 2058 2589 valor,
2115 2523 2300 2593 jusms
2335 2525 2646 2594 redempwr
2694 2532 2879 2578 noster
2931 2511 3079 2578 venit
3109 2539 3271 2593 super
3303 2522 3450 2592 pullo

1883 2617 2158 2686 equitans,
2193 2625 2250 2670 ut
2306 2617 2588 2670 audaciam
2647 2616 2898 2684 perderet
2945 2615 3285 2669 inimicorum
3342 2628 3452 2668 non

1882 2692 2264 2763 clamantium:
2295 2707 2619 2772 Benedicite,
2646 2721 2833 2775 opera,
2857 2706 3164 2770 Dominum,
3188 2714 3238 2758 et
3262 2718 3452 2759 soner-

1883 2801 2118 2856 exaltate
2149 2802 2203 2854 in
2234 2802 2417 2855 omnia
2453 2800 2673 2855 smcula.

1953 2893 2257 2964 Dissipatur
2291 2895 2432 2949 sacri
2467 2894 2648 2964 templi
2685 2894 2932 2962 iniquum
2969 2907 3283 2963 syneuuum
3315 2906 3450 2946 con.-

1887 2986 2185 3040 tumacium
2223 3003 2235 3037 :
2269 2985 2534 3039 orationis
2563 2984 2708 3038 enim
2766 2983 2857 3037 Dei
2885 2985 3105 3038 domum
3139 2982 3452 3050 speluncam

1884 3079 2173 3134 cll‘eceraut
2201 3069 2488 3141 latronum,
2512 3092 2540 3131 a
2554 3078 2713 3132 corde
2732 3077 3143 3144 Redemptor-em
3164 3073 3452 3129 excluden-

1883 3179 1986 3237 tes,
2036 3171 2123 3226 cui
2179 3171 2476 3224 clamamus
2508 3187 2521 3222 :
2553 3169 2884 3234 Benedicitc,
2914 3183 3101 3239 opera,
3141 3167 3452 3230 Dominum,

214 3254 373 3348 Ιργα,
397 3259 488 3313 τὸν
519 3261 754 3332 Κύριον,
779 3264 871 3344 καὶ
904 3265 1245 3337 ὗπερυψοῦτε
1289 3272 1368 3335 εἰς
1416 3273 1626 3337 πάντας
1659 3277 1783 3340 τοὺς

1888 3268 1940 3314 et
1970 3261 2369 3328 superexaltate
2399 3257 2452 3312 in
2485 3258 2667 3312 omnia
2700 3257 2914 3312 saecula.

215 3363 435 3411 αιωνας.

279 3440 413 3505 Θεὸς
476 3442 680 3512 Κύριος
733 3440 828 3499 καὶ
889 3448 1160 3517 ὲπὲφανεν
1219 3453 1384 3522 ἡμῖν,
1445 3458 1785 3526 συστῆσασθε

215 3531 429 3602 ἑορτὴν,
461 3535 555 3585 καὶ
585 3534 1003 3607 ἀγαλλιώμενοι,
1040 3539 1194 3593 δεῦτε
1231 3542 1623 3611 μεγαλύνωμεν
1653 3547 1788 3618 Χρι-

217 3622 359 3687 στὸν,
392 3623 534 3693 μετὰ
557 3624 729 3694 βαῖων
761 3627 856 3679 καὶ
884 3628 1093 3682 κλάδων
1121 3630 1310 3702 ὕμνοις
1344 3634 1752 3704 κραυγάζοντες
1772 3652 1785 3666 ·

217 3714 598 3784 Εὐλογημένος
626 3717 655 3769 6
681 3718 974 3789 ἐρχόμενος
1015 3723 1074 3773 ὲν
1109 3721 1335 3793 ὀνόματι
1369 3727 1574 3796 Κυρίου
1602 3729 1788 3797 Σωτῆ-

217 3823 306 3874 ρος
338 3807 516 3876 ἡμῶν.

284 3897 475 3969 Ἐθνη,
505 3900 589 3967 ἵνα
622 3899 675 3952 τί
721 3901 1024 3971 ἑφρνάξατε
1075 3903 1316 3972 Γραφάς,
1370 3909 1463 3959 καὶ
1517 3909 1703 3978 ἱερεῖς,
1736 3907 1792 3960 τι

213 3990 341 4043 κενά
399 3991 794 4064 ὲμελετήσατε;
851 3995 946 4057 Τίς
997 3989 1172 4060 οὗτος,
1201 3999 1468 4064 εἰπόντες,
1501 3994 1546 4067 ᾦ
1603 4002 1790 4066 παῖδες

217 4081 351 4150 μετά
379 4081 545 4150 βαΐων
571 4087 664 4136 καὶ
695 4084 902 4138 κλάδων
929 4084 1119 4155 ὕμνοις
1148 4091 1551 4158 κραυγάζουσιν
1573 4109 1586 4123 ο
1627 4093 1790 4145 Εὐλο-

214 4173 449 4242 γημένος
503 4175 530 4226 ό
580 4174 874 4244 ἐρχόμενος
921 4179 979 4230 ὲν
1031 4179 1254 4248 ὀνόματι
1280 4181 1486 4252 Κυρίου
1534 4183 1788 4254 Σωτῆρος

215 4265 246 4333 ἡ
253 4264 386 4332 μῶν.
401 4311 412 4341 ζ
748 4317 751 4320 ,
1228 4295 1243 4309 .

282 4346 451 4416 Οὗτος
483 4356 511 4408 6
541 4353 675 4418 Θεδς
702 4348 746 4422 ᾧ
779 4355 1079 4427 παρόμοιος
1123 4359 1319 4426 οὐδεὶς,
1359 4361 1572 4415 δικαίαν
1610 4365 1787 4417 πᾶσαν

214 4444 328 4496 ὁδόν
363 4443 602 4516 ἐξευρὼν
628 4445 832 4500 δέδωκε
867 4447 944 4524 τῷ
978 4450 1321 4524 ῂγαπημένῳ
1367 4453 1603 4523 Ἰσραὴλ,
1649 4455 1790 4524 μετά

213 4535 267 4588 δὲ
295 4536 468 4590 ταῦτα
497 4535 805 4608 ἀνθρώποις
837 4523 1252 4612 συνανεστράφη
1301 4542 1505 4612 ὀφθείς.
1547 4545 1787 4617 Εὐλογη-

1961 3434 2103 3490 Deus
2157 3434 2418 3489 Dominus
2484 3442 2537 3488 et
2592 3433 2844 3502 apparuit
2908 3427 3087 3504 nobis,
3140 3430 3454 3487 constituite

1889 3526 2030 3580 diem
2061 3526 2380 3586 solemnem,
2410 3533 2462 3578 et
2482 3526 2817 3597 exsultantes
2844 3524 3020 3596 venite
3043 3523 3455 3592 magniﬁcemus

1889 3617 2188 3680 Christum,
2225 3633 2346 3670 cum
2381 3615 2574 3684 palmis
2607 3625 2659 3668 et
2713 3615 2880 3668 ramis
2928 3614 3178 3668 laudibus
3211 3612 3455 3667 claman~

1892 3715 1972 3759 tes
2008 3724 2022 3759 :
2070 3705 2396 3758 Benedictus
2429 3704 2518 3772 qui
2555 3702 2699 3755 venit
2729 3702 2780 3754 in
2822 3702 3040 3756 nomine
3076 3700 3288 3755 Domini
3333 3702 3453 3754 Sal-

1891 3797 2095 3852 vatoris
2122 3798 2317 3851 nostri.

1960 3886 2158 3940 Gentes
2189 3893 2246 3939 ut
2280 3885 2409 3954 quid
2457 3885 2755 3940 fremuistis
2796 3887 2848 3938 in
2891 3885 3224 3953 Scripturas,
3266 3895 3319 3938 et
3354 3900 3454 3939 sae-

1889 3979 2136 4034 cerdotes
2192 3986 2251 4032 ut
2298 3977 2427 4046 quid
2461 3977 2638 4031 inania
2693 3976 2930 4030 meditati
2968 3977 3134 4030 estis?
3165 3976 3406 4030 dicentes
3438 3995 3450 4029 :

1892 4070 2027 4136 Quis
2049 4080 2132 4124 est
2169 4069 2272 4124 iste
2299 4069 2386 4123 cui
2421 4070 2577 4138 pueri
2612 4083 2732 4122 cum
2762 4067 2963 4136 palmis
2994 4077 3045 4121 et
3083 4067 3248 4121 ramis
3280 4067 3454 4121 laudi-

1890 4165 2253 4218 bus’clamant
2287 4181 2308 4216 :-
2344 4161 2662 4216 Benedictus
2704 4162 2795 4230 qui
2827 4162 2969 4215 venit
3000 4162 3062 4213 .in
3095 4162 3310 4216 nomine
3351 4161 3454 4215 Do-

1893 4254 2022 4309 mini
2053 4253 2349 4309 Salvatoris
2381 4254 2572 4307 nostri.
3078 4243 3080 4245 ’

1961 4348 2058 4401 Hic
2093 4347 2234 4402 Deus
2259 4347 2343 4401 cui
2372 4345 2566 4401 similis
2603 4346 2806 4406 nullus,
2840 4360 3054 4400 omnem
3083 4334 3220 4400 viam
3248 4347 3457 4416 justam

1891 4445 2173 4499 Inveniens
2222 4444 2368 4498 dedit
2415 4443 2613 4496 dilecto
2667 4441 2829 4496 Israel
2870 4453 2966 4496 :et
3009 4455 3131 4512 post
3163 4445 3277 4498 lucc
3331 4461 3454 4498 cum

1890 4539 2204 4596 hominibus
2233 4548 2590 4595 conversatus
2620 4548 2702 4592 est
2727 4537 2977 4592 visibilis.
3016 4539 3336 4593 Benedictus
3365 4541 3456 4609 qui

219 4627 378 4694 μένος
430 4628 461 4680 δ
517 4628 806 4698 ιρχόμενος
869 4631 926 4683 ἐν
983 4631 1210 4703 ὀνόματι
1271 4635 1475 4706 Κυρίου
1536 4636 1783 4708 Σωτῆρος

1889 4632 2038 4687 venit
2069 4632 2122 4685 iu
2156 4633 2375 4687 nomine
2403 4630 2614 4685 Domini
2646 4629 2946 4710 Salvatoris
2981 4631 3174 4684 nostri.

216 4719 246 4785 ἡ
256 4717 368 4784 μῶν
377 4761 390 4772 .

285 4811 566 4865 Σκάνδαλα
595 4813 816 4883 τρίϐους
843 4816 894 4868 τί
926 4817 1160 4886 ἐχόμενα
1190 4818 1350 4888 ὑμεῖς
1373 4821 1585 4874 τιθέατε
1620 4824 1783 4878 ἀπει-

220 4897 358 4965 θεῖς;
388 4902 544 4967 πόδες
602 4903 746 4970 ὀξεῖς
791 4905 920 4974 ὑμῖν
955 4902 1094 4978 αἷμα
1138 4909 1232 4962 τοῦ
1263 4911 1448 4981 ἐκχέαι
1482 4916 1778 4969 Δεσπότου.

228 4991 367 5046 Ἀλλ’
412 4997 781 5067 ἀναστήσεται
824 4999 1032 5063 πάντας
1079 5001 1251 5055 σῶσαι
1285 5005 1410 5067 τοὺς
1443 5008 1783 5075 κραυγάζου-

215 5095 340 5173 Eur
396 5085 777 5159 Εὐλογημένος
821 5092 848 5145 6
882 5092 1176 5163 ἐρχόμενος
1220 5097 1279 5150 ὲν
1320 5099 1546 5171 ὀνόματι
1580 5103 1782 5173 Κυρίου

220 5169 468 5246 Σωτῆρος
491 5177 678 5248 ἡμῶν

948 5297 1046 5350 IB'.

439 5377 550 5439 ΕἰΣ
579 5379 722 5434 ΤΗΝ
753 5383 1012 5439 ΥΨΩΣΙΝ
1047 5389 1183 5441 ΤΟΥ
1220 5390 1558 5448 ΣΤΑΥΡΟΥ,

767 5476 828 5530 Ἠ
856 5478 1206 5550 ἀκροστιχίς
1225 5501 1238 5513 ο

385 5564 628 5632 Σταυρῷ
659 5569 957 5636 πεποιθὼς
981 5571 1176 5641 ὕμνον
1208 5577 1607 5650 ἐξερεύγομαι.

284 5652 524 5728 Σταυρδν
555 5658 798 5730 χαράξας
836 5663 1058 5734 Μωσῆς,
1091 5667 1186 5720 ὑπ’·
1225 5671 1439 5736 εὐθείας
1476 5675 1656 5744 ῥάϐδῳ
1687 5676 1784 5746 τὴν

1957 4809 2225 4864 Scandal’a
2249 4806 2470 4863 semitas
2496 4808 2820 4877 occupantia
2849 4807 2977 4877 quid
3007 4822 3103 4862 vos
3128 4809 3324 4876 ponitis
3355 4811 3457 4862 im-

1885 4903 2177 4976 morigeri?
2203 4903 2420 4958 veloces
2442 4904 2604 4972 pedes
2633 4904 2800 4959 vestri
2829 4906 2895 4959 ad
2921 4903 3303 4959 ell‘undendum
3329 4921 3456 4959 san-

1885 4998 2102 5068 guinem
2148 4995 2381 5049 Domini.
2417 4994 2524 5050 Sed
2565 5005 2810 5065 resurget
2844 5006 2899 5051 ut
2942 4997 3111 5051 salvet
3141 5009 3332 5049 omnes
3363 4997 3456 5063 qui

1891 5092 2172 5148 clamant:
2213 5088 2534 5166 Benedictus
2565 5090 2656 5158 qui
2689 5091 2835 5143 venit
2875 5089 2926 5142 in
2977 5088 3196 5143 nomine
3241 5078 3458 5144 Domini

1894 5183 2193 5238 Salvator-is
2231 5181 2424 5236 nostri.

2614 5292 2730 5347 XII.

2173 5386 2235 5438 ΙΝ
2300 5382 2836 5439 EXALTATIONEM
2901 5382 3167 5450 CRDCIS.

2492 5479 2815 5534 Acrostichis
2845 5495 2862 5533 :

2207 5576 2370 5629 Cruce
2390 5573 2618 5642 conﬁsus
2649 5573 2895 5642 hymnum
2927 5577 3124 5624 eruclo.

1955 5669 2186 5724 Crucem
2235 5668 2474 5737 ﬁgurans
2522 5664 2750 5734 Moyses,
2803 5664 2857 5718 in
2901 5662 3107 5718 directo
3163 5662 3308 5733 virga
3349 5657 3457 5713 llu-

1495 5811 1724 5872 VARl/ﬁ
1760 5803 2163 5871 LECTlONES.

278 5917 299 5946 '
345 5913 384 5972 Ρ
387 5925 510 5972 orte
541 5918 809 5977 ἱππεύων.
