4062 6338
3818 0 3857 25 2.

600 446 704 511 επ
814 520 815 523 γ
1154 458 1162 465 -
1456 429 1718 493 sura.
1766 420 2083 523 ANTONII
2138 382 2521 489 moneam
2570 404 2983 488 PMFATIO.
3273 416 3275 418 '
3648 522 3651 523 γ
3726 418 3842 483 523

578 556 774 630 ‘lique
810 549 931 610 hoc
960 552 1021 609 et
1056 544 1388 621 superiore
1428 543 1662 607 seculo
1701 542 1952 622 experti
1986 547 2161 613 sunt,
2195 537 2569 618 quicunque
2608 533 2898 630 excussis
2940 527 3471 630 bibliothecarum
3528 522 3835 606 antiquis

578 625 952 714 codicibus,
990 638 1272 703 veterum
1303 648 1633 700 auctorum
1664 631 1861 717 opera
1898 636 1998 699 vel
2036 635 2226 715 primi
2271 632 2654 706 emiserunt,
2707 627 2824 692 vel'
2865 633 3046 690 aucta
3102 632 3165 687 et
3201 625 3537 687 emendata
3584 628 3837 685 iterum

601 738 847 803 edenda
879 726 1202 799 curarunt.
1234 736 1477 796 Horum
1534 732 1711 794 enim
1764 733 2083 795 editiones
2124 722 2225 792 sic
2264 730 2652 809 plerumque
2708 722 2999 803 probatis
3036 728 3207 793 sunt,
3240 729 3308 782 ut
3338 735 3556 807 earum
3601 734 3842 781 exem-

603 834 803 917 plaria
836 832 1246 911 cupidissime
1286 829 1564 908 quisqtre
1612 826 1976 906 amplexus,
2023 827 2089 887 in
2140 828 2526 907 bibliotheca
2578 822 3101 885 sua‘desiderari
3158 820 3460 917 noluerit,
3494 836 3699 900 eaque
3766 827 3832 879 et

604 910 972 993 charissima
1003 928 1249 1002 habeat,
1287 934 1349 989 et
1372 925 1874 1003 diligentissime
1910 926 2212 996 retineat;
2250 923 2425 1006 banc‘
2440 923 2525 983 ob
2558 935 2811 982 causam
2846 934 2944 978 tne
2974 933 3234 995 quoque
3270 910 3627 994 sumpsisse
3668 917 3820 976 ani-

607 1043 740 1087 mos
776 1023 999 1098 fateor,
1032 1010 1640 1094 necinvitum‘injd
1678 1019 2024 1081 consilium
2061 1022 2337 1093 venisse,
2365 1030 2430 1081 ut
2460 1018 2562 1098 vel,
2594 1013 2798 1092 impar
2827 1015 3003 1092 operi
3037 1006 3577 1096 Commentarium
3610 1011 3823 1073 sancti

604 1118 891 1198 Gregorii
923 1090 1326 1196 ll'pontiﬁcis
1357 1090 1949 1192 Agrigentinorum;
1994 1091 2184 1195 quem
2220 1090 2408 1182 nemo
2446 1090 2654 1175 adhuc
2685 1090 2718 1173 e
2760 1090 3049 1198 tenebris.
3075 1107 3428 1179 eduxisset,
3473 1109 3719 1187 primus
3754 1107 3827 1167 in

516 1229 519 1232 ‘
606 1195 825 1276 lucem
851 1195 1181 1281 hominum
1209 1208 1769 1288 celebritatemque
1800 1206 2182 1273 revocarem.
2215 1211 2524 1293 Videbam
2559 1195 2899 1282 enim,‘etsi
2931 1206 3009 1266 de
3051 1220 3216 1282 penu
3252 1219 3393 1263 meo
3431 1218 3653 1280 pauca,
3696 1218 3821 1264 nec

600 1310 732 1371 «nisi
770 1308 983 1386 exigui
1020 1305 1202 1383 pretii
1242 1303 1518 1383 proferre
1547 1320 1826 1382 possem,
1858 1305 2071 1383 ipsum
2104 1314 2311 1369 tamen
2338 1321 2515 1383 'Opus
2546 1294 2909 1378 antiquum,
2940 1317 3055 1362 nec
3080 1298 3287 1361 adhuc
3321 1296 3654 1386 hominum
3690 1313 3832 1357 mae
3906 1319 3910 1322 ’

598 1404 801 1465 suibus
831 1402 1074 1473 tritum,
1110 1400 1305 1461 instar
1334 1401 1573 1480 egregii
1610 1400 1896 1461 muneris
1926 1398 2238 1467 futurum.
2269 1416 2403 1480 quo
2432 1416 2501 1460 se
2525 1398 2758 1461 eruditi
2801 1396 2916 1457 viri
2942 1410 2977 1455 ει
3005 1410 3102 1453 me
3132 1393 3398 1479 donatos
3433 1393 3829 1454 lmtaretitur:

599 1497 953 1582 .praasertim
983 1511 1126 1558 cum
1158 1510 1235 1557 eo
1273 1496 1461 1556 etiam
1497 1478 1755 1556 n‘dmine
1784 1495 2107 1573 permagni
2134 1496 2264 1556 ﬁeri
2296 1478 2645 1572 oporteret,
2676 1491 2849 1571 quod
2881 1507 3008 1551 non
3054 1488 3276 1582 privati
3310 1491 3586 1581 hominis
3624 1488 3821 1548 lucu-

599 1575 837 1665 iuratio,
873 1575 984 1653 sed
1015 1590 1299 1669 episcOpi
1326 1590 1784 1650 documentum
1820 1598 2013 1650 esset.
2044 1589 2204 1671 Qua;
2234 1590 2408 1651 enim
2438 1590 2517 1650 ab
2543 1587 2866 1670 episcopis
2893 1576 3128 1661 scripta
3164 1575 3551 1662 accepimus,
3585 1598 3657 1642 ea
3684 1598 3823 1644 non

614 1688 898 1765 ipsorum
929 1692 1170 1746 tantum
1201 1682 1487 1743 animum
1518 1689 1579 1742 et
1614 1698 1801 1744 sensa
1833 1683 2132 1760 produnt,
2164 1686 2275 1746 sed
2314 1683 2609 1746 Ecclesia
2638 1682 2854 1754 etiam,
2879 1681 2980 1741 cui
3020 1678 3350 1756 prmfuere,
3380 1676 3832 1745 testiinonium

542 1766 552 1775 ’
610 1782 1099 1868 impertiuntur:
1131 1784 1202 1839 ut
1229 1793 1373 1838 cum
1404 1776 1472 1838 in
1505 1776 1935 1861 singularium
1980 1778 2407 1841 Ecclesiarum
2442 1788 2779 1840 consensu
2814 1774 3186 1862 cathqlicam
3218 1768 3569 1835 doctrinam
3616 1788 3821 1856 agno-

587 1864 1360 1952 "scamus,episcOporum
1404 1881 1601 1951 opera
1652 1875 1715 1934 in
1761 1869 2258 1952 primiswulgari
2314 1873 2571 1954 legique
2605 1873 2880 1933 intersit.
2920 1870 3139 1948 Itaque
3192 1885 3306 1930 eos
3366 1868 3679 1938 maxime,
3724 1864 3847 1943 qui
3922 1896 3943 1905 π

614 1973 866 2035 tuendas
897 1969 1227 2047 religionis
1262 1969 1477 2030 studio
1505 1968 1788 2048 ﬂagrant,
1832 1979 1891 2030 et
1917 1969 2419 2031 Christianorum
2452 1980 2809 2044 temporum
2843 1971 3280 2036 monumenta,
3312 1970 3503 2041 atque
3540 1961 3835 2027 illustria

612 2066 1037 2129 Ecclesiarum
1068 2065 1291 2126 decora
1324 2063 1519 2125 latere
1549 2065 1789 2138 dolent,
1826 2066 2089 2143 gratiam
2138 2080 2396 2145 quoque
2428 2061 2759 2123 habituros
2808 2059 3263 2139 intelligebam,
3317 2057 3491 2137 quod
3537 2065 3597 2118 et
3632 2073 3837 2117 sacras

602 2163 915 2224 doctrinm
936 2160 1118 2237 copia
1150 2177 1258 2237 per
1290 2148 1388 2220 me
1419 2159 1748 2231 crevisset,
1771 2168 1832 2219 et
1865 2162 2114 2239 Patrum
2148 2145 2503 2237 priscorum
2532 2173 2762 2219 census
2794 2166 3017 2217 auctus
3048 2163 3239 2216 esset.
3268 2156 3474 2232 Atque
3498 2151 3606 2214 illa
3640 2152 3848 2214 etiam

613 2257 913 2336 c0gitatio
950 2254 1175 2326 subiit,
1215 2252 1644 2331 Agrigentinis
1672 2253 2100 2331 potissimum,
2134 2260 2195 2313 et
2226 2255 2338 2333 qui
2364 2249 2697 2333 religionis
2728 2249 3503 2331 ergo-vigilantissimeiis
3540 2257 3845 2328 prmerat,

604 2354 665 2415 iv
674 2355 771 2415 iro
804 2351 1313 2415 eminentissimo
1347 2352 1626 2411 Antonio
1672 2351 2090 2412 Branciniorti
2124 2350 2430 2412 cardinali
2474 2336 2725 2427 gratum
2779 2347 2898 2409 hoc
2942 2362 3023 2411 eo
3050 2345 3313 2407 nomine
3348 2360 3420 2408 ac
3465 2345 3841 2424 jucundum

617 2465 757 2510 esse
793 2448 1049 2519 debere,
1083 2446 1251 2525 quod
1304 2445 1380 2506 ad
1429 2460 1654 2506 eorum
1685 2445 1783 2507 vel
1832 2445 2100 2523 gloriam
2147 2446 2243 2507 vel
2288 2445 2660 2525 dignitatem
2702 2459 2828 2506 non
2871 2436 3797 2523 parumconferrevideretur
3824 2462 3845 2501 :

601 2560 870 2621 semper
916 2542 1087 2603 enim
1128 2540 1441 2620 pracipua
1473 2534 1976 2603 Christianarum
2014 2542 2271 2603 urbium
2306 2540 2443 2602 laus
2475 2539 2687 2603 habita
2723 2548 2844 2613 est,
2886 2538 3097 2600 virum
3144 2536 3428 2616 aliquem
3463 2537 3840 2615 protulisse,

618 2639 804 2719 cujus
833 2638 1117 2701 doctrina
1155 2636 1494 2699 Ecclesium
1530 2636 1898 2719 illustrat-it;
1934 2654 2052 2700 nec
2089 2637 2321 2698 minori
2359 2635 2603 2698 honore
2635 2635 2681 2695 ii
2728 2633 3049 2703 honestari
3091 2640 3421 2713 putantur,
3450 2632 3694 2716 quibus
3724 2632 3841 2694 da—

562 2742 750 2796 gtum
790 2741 883 2795 est
912 2731 1197 2796 eamdem
1225 2730 1517 2794 obtinere
1546 2734 1790 2808 sedem,
1822 2734 1887 2793 in
1912 2748 2037 2811 qua
2066 2733 2266 2795 sancti
2298 2730 2599 2811 doctique
2623 2731 2745 2793 viri
2776 2732 3168 2798 claruerunt.

698 2872 818 2934 Sed
852 2877 1058 2931 tamen
1092 2866 1398 2929 editionis
1430 2872 1647 2929 curam
1686 2867 2093 2951 suscipienti,
2129 2881 2211 2927 ne
2252 2866 2455 2928 sterili
2493 2865 2707 2928 labore
2740 2864 2907 2927 nihil
2949 2864 3086 2942 ipse
3128 2868 3645 2925 ornamentorum
3679 2860 3853 2938 libro

596 2953 946 3027 addidisse
972 2978 1299 3040 arguerer,
1328 2962 1689 3024 conandum
1732 2962 1997 3024 omnino
2034 2970 2190 3036 erat,
2235 2970 2307 3025 ut
2360 2963 2511 3025 novi
2561 2971 2860 3038 praeterea
2903 2960 3175 3039 aliquid,
3210 2960 3404 3039 quod
3435 2956 3617 3020 afﬁne
3648 2969 3850 3034 esset,

622 3058 972 3124 accederet,
1004 3061 1066 3116 et
1100 3062 1406 3133 quantum
1430 3052 1572 3115 ﬁeri
1615 3064 1861 3137 posset,
1886 3063 2086 3117 totum
2117 3071 2280 3135 Opus
2316 3059 2457 3136 ipso
2497 3071 2710 3118 rerum
2745 3058 2973 3119 ordine
3012 3064 3074 3116 et
3112 3055 3483 3133 scriptionis
3513 3054 3854 3134 diligentia

579 3151 950 3236 .-probabile
981 3148 1380 3222 redderetur.
1427 3147 1563 3222 Qua
1610 3149 1675 3209 in
1711 3164 1777 3209 re
1815 3150 2163 3212 multorum
2199 3170 2298 3213 me
2343 3153 2635 3230 exempla
2679 3154 3060 3222 excitabant,
3103 3152 3212 3230 qui
3278 3168 3422 3213 cum
3484 3152 3850 3228 praeclaris-

608 3251 782 3331 sima
817 3252 1066 3309 Patrum
1098 3245 1328 3321 scripta
1356 3246 1714 3321 vulgarent,
1746 3252 2097 3322 etoperum
2140 3247 2561 3325 plurimorum
2594 3247 2867 3309 editioni
2902 3264 3117 3308 curam
3152 3248 3618 3324 impenderent,
3653 3246 3851 3311 oﬂ'icii

608 3354 830 3407 tamen
869 3343 970 3402 sui
1016 3355 1159 3402 esse
1198 3342 1546 3408 duxerunt,
1585 3348 1649 3398 ut
1680 3339 1999 3417 quidquid
2034 3341 2225 3402 etiam
2266 3342 2359 3402 vel
2404 3345 2485 3403 ad
2515 3344 2793 3426 auctoris
2823 3340 3076 3403 laudem
3106 3340 3467 3423 famamque
3504 3353 3851 3421 Spectaret,

628 3439 723 3500 vel
755 3439 829 3499 ad
861 3437 1241 3513 scriptorum
1275 3434 1761 3494 “lustrationem
1802 3436 2140 3513 quamdam
2171 3436 2781 3517 distinctionemque
2816 3440 3184 3517 pertineret,
3220 3455 3344 3504 non
3394 3439 3578 3500 modo
3608 3441 3706 3516 [ιι]
3737 3441 3846 3501 di.

624 3534 899 3614 iigenter
929 3531 1408 3610 conquirerent,
1450 3530 1558 3591 sed
1608 3541 1897 3611 accurate
1945 3548 2204 3611 quoque
2253 3550 2324 3594 ac
2365 3532 2728 3595 luculenter
2770 3535 3145 3596 disserendo
3180 3533 3597 3612 publicarent.
3636 3537 3849 3611 Igitur

626 3629 703 3691 ab
732 3629 867 3708 ipsa
894 3626 1169 3715 auctoris
1202 3627 1395 3686 nostri
1426 3625 1686 3687 historia
1717 3628 2157 3703 cognoScenda
2191 3644 2485 3713 exorsus,
2521 3625 2672 3707 quia
2706 3628 2998 3691 nondum‘
3033 3630 3237 3690 lucem
3264 3629 3523 3691 vidisset
3552 3631 3852 3694 Graecum

626 3724 768 3802 ejus
802 3723 959 3782 Vitas
988 3721 1329 3795 exemplar,
1358 3738 1544 3799 quam
1576 3722 1874 3781 Leontius
1905 3724 2192 3800 quidam;
2232 3724 2447 3785 Romae
2482 3724 2636 3807 olim
2670 3724 3089 3802 Hegumenus
3119 3723 3534 3799 Sabaitarum,
3572 3728 3652 3788 de
3683 3728 3854 3791 Gre-

627 3818 810 3909 gorio
832 3815 1107 3893 scripsit,
1140 3813 1258 3881 hoc
1292 3815 1445 3874 mihi
1483 3831 1608 3891 prm
1638 3817 1880 3876 cwteris
1917 3820 2442 3895 perquirendum,
2476 3828 2537 3882 et
2567 3821 2649 3883 ob
2678 3821 3119 3901 antiquitatem
3160 3822 3302 3903 ejus
3344 3840 3541 3886 unum
3580 3826 3853 3909 potissi-

631 3904 803 3975 mum
832 3911 1151 3973 edendum
1184 3909 1576 3979 existimavi:
1608 3910 1702 3971 sic
1735 3920 1940 3973 tamen
1982 3919 2051 3973 ut
2086 3920 2231 3975 ante
2261 3915 2340 3976 de
2371 3916 2512 3993 ipso
2552 3917 2859 3995 scriptore
2891 3917 3341 3997 investigando
3398 3904 3849 4003 deprehende-

630 4026 786 4082 rem,
812 4007 957 4086 quis
990 4005 1101 4067 ille
1131 4013 1407 4077 tandem,
1440 4021 1569 4086 quo
1612 4005 1773 4081 loco,
1812 4024 1938 4087 qua
1967 4016 2147 4070 atate
2177 4010 2549 4075 exstitisset.
2584 4017 2793 4093 Atque
2835 4013 2905 4075 in
2937 4014 3052 4075 hac
3084 4023 3296 4076 nostra
3348 4015 3849 4095 investigatione

630 4105 780 4166 novi
804 4101 1048 4179 aliquid
1088 4117 1461 4187 expromere
1497 4100 1675 4163 licuit
1704 4102 1785 4164 de
1818 4103 2056 4182 insigni
2113 4107 2510 4183 monasterio,
2554 4109 2863 4181 Romano,
2895 4108 3068 4188 quod
3107 4108 3390 4189 antiquis
3449 4111 3851 4189 temporibus

626 4196 841 4275 magni
863 4196 1040 4257 Saba:
1069 4193 1356 4255 monachi
1397 4196 1590 4255 multa
1612 4211 1755 4256 cum
1791 4199 1974 4258 laude
2006 4198 2448 4262 incoluerunt:
2477 4204 2542 4263 in
2576 4218 2710 4281 quo
2730 4213 2791 4265 et
2819 4204 3168 4281 Gregorius
3201 4212 3417 4267 noster
3464 4203 3853 4285 aliquandiu
3940 4262 3951 4271 .

633 4292 865 4369 hospes
897 4290 1129 4353 dicitur
1161 4307 1301 4353 esse
1342 4300 1648 4353 versatus.
1681 4288 1821 4370 lpsa
1872 4309 2025 4355 vero
2071 4296 2314 4355 Leontii
2354 4296 2616 4373 scriptio
2656 4302 2855 4359 multo
2887 4298 3251 4361 uberiorem
3288 4300 3842 4379 disputationibus

632 4389 955 4449 materiam
980 4386 1432 4464 suppeditavit.
1470 4387 1619 4448 Nam
1652 4394 1714 4448 et
1750 4388 1829 4449 de
1862 4388 2015 4473 viris
2049 4389 2674 4467 inquirendumvfuit,
2706 4409 2980 4472 quorum
3019 4392 3249 4472 injecta
3291 4396 3531 4457 mentio
3557 4404 3749 4470 esset,
3782 4407 3848 4461 et

630 4495 988 4560 temporum
1016 4481 1295 4542 ineunda
1323 4482 1500 4554 ratio,
1534 4480 1693 4542 ultra
1725 4472 1870 4560 quas
1896 4472 2238 4546 excurrere
2276 4483 2537 4547 historia
2563 4504 2689 4569 non
2727 4495 2961 4564 posset,
2992 4496 3053 4548 et
3088 4488 3219 4550 loca
3256 4489 3392 4567 ipsa
3424 4490 3848 4570 designanda,

632 4580 701 4639 in
732 4577 970 4655 quibus
1024 4575 1275 4652 insigne
1330 4574 1573 4652 aliquid
1620 4586 1729 4636 aut
1761 4578 1924 4639 scitu
1957 4580 2220 4657 dignum
2270 4580 2623 4656 contigisse
2679 4582 3075 4659 proderetur.
3126 4585 3253 4646 Nec
3306 4599 3461 4646 sane
3507 4602 3701 4662 pauca
3732 4595 3846 4651 aut

632 4673 861 4750 exigua
902 4676 974 4732 ea
1004 4670 1217 4732 dicere
1247 4669 1394 4749 quis
1432 4671 1657 4747 possit,
1687 4687 1831 4750 quas
1861 4675 2078 4750 partim
2116 4691 2274 4737 nova
2307 4692 2426 4738 nec
2456 4684 2601 4738 ante
2630 4676 2906 4755 cOgnita,
2944 4678 3175 4756 partim
3200 4674 3530 4742 emendata
3567 4696 3638 4743 ac
3668 4683 3851 4746 resti-

630 4776 788 4837 tuta,
824 4782 991 4827 nunc
1023 4763 1301 4843 denique
1333 4768 1535 4827 lucem
1565 4772 1897 4844 aSpectura
1928 4768 2075 4830 sint.
2744 4806 2757 4811 -
3502 4826 3505 4829 λ
3736 4801 3743 4805 -

708 4886 869 4960 Quia
896 4901 1046 4973 vero
1092 4883 1395 4945 Leontius
1427 4884 1642 4949 nullos
1673 4881 1956 4949 historias
1995 4905 2130 4950 sua;
2169 4904 2369 4951 annos
2402 4889 2799 4967 ascripserat,
2853 4889 3207 4952 ordinanda
3249 4905 3510 4970 quoque
3552 4892 3845 4969 Gregorii

631 4982 754 5041 vita
787 4981 928 5055 fuit,
974 4988 1034 5043 et
1070 4979 1281 5042 annali
1322 4979 1671 5058 proposito,
1701 4998 1802 5043 res
1835 4983 1975 5060 ejus
2002 4976 2221 5062 gestae,
2255 4993 2563 5063 quantum
2611 4984 2704 5046 fas
2751 4992 2946 5059 esset,
2986 4986 3063 5045 ad
3116 4993 3283 5048 certa
3324 4988 3447 5050 aevi
3507 4988 3845 5051 intervalla

633 5074 1000 5139 referendis.
1031 5076 1208 5137 Unde
1236 5074 1467 5137 factum
1501 5082 1619 5150 est,
1654 5083 1719 5138 ut
1751 5079 2084 5140 contraria;
2126 5081 2481 5154 sententiae,
2515 5099 2660 5160 quae
2688 5083 2766 5144 de
2807 5082 2986 5143 illius
3021 5097 3161 5145 mvo
3201 5084 3366 5161 apud
3417 5083 3580 5157 alios
3623 5083 3840 5147 hacte-

631 5180 751 5233 nus
770 5171 1197 5259 obtinuerant,
1218 5168 1506 5231 funditus
1531 5174 1991 5247 averterentur,
2023 5174 2335 5255 tertiaque
2368 5166 2970 5255 induceretur,-qum
2996 5177 3409 5259 ﬁrmisplane
3442 5184 3840 5259 argumentis

629 5275 793 5328 stare
830 5264 1156 5356 videatur:
1183 5280 1392 5343 neque
1421 5265 1593 5325 enim
1625 5267 1701 5327 ad
1727 5283 1864 5328 eam
1884 5270 2373 5331 conﬁrmandam
2414 5271 2790 5332 recentioris
2826 5271 3025 5332 ullius
3054 5258 3382 5351 scriptoris
3406 5258 3844 5341 testimonium

631 5370 868 5425 temc’re
902 5360 1178 5438 amplexi
1216 5376 1480 5434 sumus;
1510 5360 1646 5422 sed.
1674 5363 2009 5437 Vetustatis
2045 5371 2478 5433 monumenta,
2514 5365 2828 5425 eteorum
2882 5367 2997 5444 qui
3038 5367 3332 5446 Gregorii
3367 5372 3647 5451 aequales
3687 5372 3847 5436 {uiso

629 5469 793 5533 sent,
844 5458 1076 5521 indicia
1117 5456 1657 5537 conquisivimu's,
1696 5461 1870 5521 unde
1912 5460 2121 5521 solum
2160 5460 2237 5522 ad
2280 5460 2703 5541 qumstiouem
2742 5460 3168 5525 dirimendum
3225 5465 3636 5528 auctoritates
3690 5469 3845 5544 peti,

630 5564 688 5616 et
721 5562 1017 5632 tanquam
1050 5570 1125 5613 ex
1151 5554 1281 5612 veri
1336 5552 1623 5613 fontibus
1649 5555 1891 5616 hauriri
1926 5565 2235 5632 poterant.
3341 5568 3344 5570 ‘

708 5669 854 5729 Post
877 5670 1007 5730 haec
1034 5666 1463 5750 indagandum
1488 5666 1674 5726 etiam
1710 5667 2109 5736 censuimus,
2143 5685 2333 5747 quam
2376 5677 2558 5729 vetus
2590 5669 2666 5730 de
2700 5648 2818 5732 viri
2852 5668 3184 5735 sanctitate
3210 5650 3436 5750 Opinio
3464 5675 3533 5737 in
3564 5678 3855 5746 Ecclesia

627 5761 873 5827 luisset.
897 5765 1089 5843 Cujus
1118 5763 1205 5825 rei
1231 5778 1419 5824 causa
1444 5771 1656 5823 vetera
1676 5763 1739 5822 in
1770 5765 1992 5840 primis
2024 5763 2389 5835 Latinorum
2418 5765 2891 5845 Martyrologia,
2911 5767 3399 5849 Grecorumun
3415 5772 3859 5847 Menaascm.
