4062 6338
200 490 309 557 529
1075 468 1334 560 sum.
1373 472 1691 562 Noun
1727 500 2107 562 MORCELLI
2142 498 2579 584 PWATIQ.
2935 478 2942 482 ’
3190 559 3200 565 _
3320 495 3431 561 530
3484 478 3495 487 ⁷

202 604 327 669 tari
356 624 523 687 opus
550 606 674 672 fuit
710 631 726 673 :
772 609 943 674 unde
998 595 1814 694 testimoniasumpsimus,
1852 632 1997 696 qua)
2038 614 2313 701 reperire
2373 581 2699 693 potuimus
2751 616 2995 674 vetusta
3040 614 3235 689 atque
3275 598 3435 670 illu-

198 702 385 769 atria,
420 701 634 799 neque
670 704 937 767 aliunde
967 708 1139 786 quod
1178 710 1303 787 peti
1335 709 1981 799 pot‘uit,‘neglectum,
2014 726 2153 791 quo
2178 709 2470 791 Gregorii
2500 706 2700 770 nostri
2727 708 3124 771 sanctitatem
3151 710 3436 767 testatam

205 812 420 876 magis
448 796 509 860 et
523 798 770 879 jamdiu
800 802 1115 882 cognitam
1144 818 1217 865 ac
1249 796 1644 867 manifestam
1667 802 2182 870 ostenderemus.
2456 868 2466 877 .
3392 817 3403 827 ’

293 944 724 1018 Adnecte'ndm
776 950 1056 1031 denique
1107 952 1207 1014 his
1253 950 1437 1039 fuere
1481 964 1771 1018 veterum
1818 973 2079 1037 quoque
2128 954 2513 1034 scriptorum
2555 952 2979 1024 auctoritates,
3038 948 3419 1029 quicunque
3512 942 3517 947 ’

204 1040 513 1119 Gregorii
562 1042 780 1106 laudes
826 1054 887 1107 et
924 1048 1274 1112 doctrinam
1314 1051 1766 1115 celcbrassent.
1800 1053 2177 1130 Quanquam
2232 1066 2380 1112 vero
2417 1048 2824 1125 scriptorum,
2848 1044 2976 1127 qui
3016 1048 3261 1107 aetatem
3294 1042 3439 1120 ejus

215 1136 514 1212 proxime
548 1141 871 1224 consecuti
912 1153 1088 1215 sunt,
1122 1136 1426 1223 pauCitas,
1457 1165 1574 1210 nec
1610 1148 1821 1211 minus
1852 1156 2251 1219 caterorum,
2284 1142 2400 1224 qui
2429 1142 2665 1204 deinde
2693 1139 2899 1213 fuere.
2922 1139 3251 1203 Silentium
3284 1137 3440 1199 (ἔπε’

208 1228 298 1290 cit
345 1239 411 1291 ut
464 1232 528 1294 in
561 1242 903 1298 scrutando
960 1234 1356 1302 felices-non
1406 1258 1730 1315 essemus,
1787 1242 2102 1321 nonnulla
2168 1236 2373 1307 tamen
2419 1236 2707 1314 reperire,
2749 1235 2952 1309 licuit,
2998 1252 3145 1316 quin
3192 1234 3258 1295 in
3302 1233 3441 1309 ipsa

209 1331 574 1403 temporum
616 1331 1114 1409 perturbatiOnc,
1145 1343 1334 1412 atque
1362 1335 1439 1398 'in
1481 1337 1729 1415 magnis
1761 1337 1896 1398 illis
1931 1336 2203 1400 inscitia
2232 1330 2519 1399 tenebris
2553 1330 2808 1395 virtutis
2838 1339 2902 1393 et
2929 1330 3273 1411 sapientiai
3304 1327 3447 1408 ejus

152 1500 159 1503 ν
213 1422 589 1484 memoriam
626 1426 852 1504 perdiu
884 1431 1052 1507 apud
1078 1428 1372 1498 homines
1409 1432 1720 1495 mansisse
1750 1432 2095 1502 declarent.
2186 1486 2189 1487 ν
3116 1487 3123 1490 .
3390 1440 3395 1441 ί

290 1567 428 1629 Jam
461 1568 560 1632 his
594 1570 954 1650 defunctus,
990 1576 1147 1640 illud
1183 1580 1572 1659 pracipuum
1603 1578 2010 1661 maximeque
2037 1590 2469 1662 opportunum
2501 1576 2885 1656 existimavi,
2914 1582 2985 1640 ut
3014 1575 3093 1639 de
3123 1570 3416 1651 Gregorii

210 1662 494 1741 scriptis.
530 1683 802 1746 quorum
835 1670 1053 1734 titn‘lo's
1082 1673 1309 1738 aifarre
1348 1693 1624 1754 possem,
1650 1677 1943 1739 nonnihil
1978 1676 2630 1752 dissererem,'fusius
2677 1691 2845 1738 vero-
2868 1674 2944 1736 de
2979 1666 3449 1737 Commentario

212 1758 432 1835 ipsius
466 1761 541 1823 in‘
566 1763 988 1829 Ecclesiasten
1048 1767 1230 1831 libris
1261 1770 1480 1833 decem
1516 1772 1836 1844 absoluto,
1870 1773 1980 1851 qui
2023 1780 2148 1834 tam
2178 1790 2323 1836 sero
2356 1775 2420 1836 in
2456 1774 2661 1836 lucem
2697 1789 2795 1833 me
2829 1776 3091 1832 auctore
3131 1764 3439 1843 prodiret.

213 1854 443 1948 Itaque
474 1857 637 1942 scire
666 1862 1120 1938 omnesfvolui,
1154 1865 1340 1944 cujus
1371 1866 1482 1947 ille
1520 1868 1583 1930 in
1633 1868 1868 1935 manus.
1909 1868 2182 1946 primum
2220 1872 2524 1944 venisset,
2576 1867 2816 1948 quibus
2863 1863 3099 1927 deinde
3141 1859 3441 1940 cognitus

212 1947 471 2035 fuisset,
511 1952 587 2015 ad
614 1970 776 2031 quos
810 1957 1065 2033 demum
1098 1959 1343 2023 delatus
1403 1955 1599 2037 esset.
1636 1962 1897 2043 Aliquid
1932 1963 2121 2025 etiam
2166 1963 2501 2027 interesse
2544 1962 2786 2044 putavi,
2823 1954 2876 2022 Si
2916 1949 3271 2025 accuratius
3329 1955 3452 2019 dos
3508 2034 3516 2040 .

214 2061 432 2107 cerem
491 2066 678 2126 quam
715 2052 853 2128 ipse
887 2070 1145 2133 cperam
1177 2058 1244 2119 in
1288 2075 1379 2121 eo-
1410 2060 1659 2122 edendo
1705 2059 2219 2140 illustranquue
2255 2066 2625 2122 navassem:
2665 2075 2809 2139 quas
2853 2053 3185 2133 scriptoris
3223 2051 3451 2131 proci-

220 2158 369 2240 illi?”
399 2141 642 2220 Ῑδυάθεν
674 2163 818 2225 (lim
846 2150 1061 2225 OPBI‘iS
1090 2168 1362 2224 summa.
1386 2140 1538 2233 quae
1568 2156 1787 2233 gratia,
1822 2175 1967 2236 quin
2000 2158 2238 2220 utilitas
2266 2175 2409 2221 esse
2442 2157 2789 2240 videretur.
2817 2160 3023 2234 Atque
3056 2154 3175 2213 hoc
3203 2151 3269 2212 in
3293 2151 3448 2211 loco

216 2237 437 2299 oblata
464 2240 651 2302 etiam
685 2245 939 2306 occasio
962 2252 1057 2307 est
1098 2247 1471 2326 inquirendi
1495 2251 1587 2311 de
1630 2252 1955 2333 veteribus
1994 2264 2315 2333 sacrarum
2350 2237 2724 2313 Litterarum
2761 2245 3263 2333 exemplaribus.
3298 2260 3472 2323 qua,

218 2333 459 2410 priscis
499 2337 795 2401 Ecclesiae
822 2341 1107 2403 Patribus
1137 2342 1203 2404 in
1226 2361 1364 2405 "usu
1393 2342 1658 2419 fuerint,
1683 2330 1826 2409 cum
1857 2329 2104 2411 scilicet
2135 2342 2386 2410 codices
2417 2362 2642 2427 magno
2675 2329 2914 2424 ubique
2945 2334 3146 2419 pretio
3171 2341 3451 2412 stabant,

221 2446 348 2525 nec
382 2434 768 2507 Optimornm
813 2436 1380 2507 describendorum
1437 2443 1622 2516 capia
1660 2444 1897 2524 cuique
1951 2460 2206 2523 semper
2260 2451 2415 2506 erat.
2461 2441 2747 2525 Subinde
2796 2454 2949 2502 vero
2974 2434 3243 2499 causam
3291 2435 3445 2495 item
3528 2470 3532 2477 -

220 2524 731 2600 investigandam
762 2532 951 2610 atque
982 2534 1367 2598 afferendum
1396 2538 1702 2609 duxi,cnr
1725 2524 2642 2618 Gregorius’Commentarium
2674 2547 2865 2599 suum
2895 2535 3112 2596 Grinco
3147 2544 3453 2591 sermone-

220 2621 349 2681 sibi
376 2622 779 2690 scribendum
812 2630 1210 2707 existimarit,
1248 2636 1371 2711 [tu]
1400 2635 1509 2714 qui
1544 2636 1761 2699 Latina
1814 2637 1880 2698 in
1916 2635 2199 2697 Ecclesia
2245 2639 2453 2706 natus,
2503 2632 2856 2710 Latinoque
2903 2627 3264 2720 ritufactus
3312 2624 3451 2702 epi-

220 2733 487 2793 scopus.
528 2721 736 2783 [.ntina
772 2724 1048 2802 profecto
1081 2745 1346 2792 noscere
1377 2738 1437 2791 et
1476 2739 1738 2794 tractare
1770 2730 2087 2793 debuerit.
2120 2731 2268 2792 Hinc
2297 2729 2513 2791 omnia
2557 2726 2953 2808 Gregoriano
2984 2722 3180 2799 Operi
3214 2720 3449 2799 prmire
3554 2723 3557 2726 ‘

224 2814 443 2887 volui,
476 2820 676 2908 utqui
708 2813 1156 2901 ad’legendum
1187 2811 1582 2900 accederent,
1606 2828 1671 2889 in
1698 2827 2081 2908 lncealiqua
2115 2824 2539 2900 versarentur,
2571 2836 2634 2888 et
2663 2817 3124 2903 qumstionibus
3157 2816 3235 2881 de
3264 2815 3462 2879 illius

217 2921 489 2974 auctore
520 2906 875 2993 explicatis,
904 2917 1159 2982 lectioni
1198 2911 1506 2985 libentius
1534 2922 1959 3002 indulgerent.

311 3052 830 3141 lnveniesiigitiir
874 3064 1087 3143 ipsum
1142 3067 1424 3148 denique
1478 3070 2041 3147 Commentarium,
2090 3074 2253 3145 opus
2296 3069 2552 3129 doctum
2595 3064 2780 3145 plane
2832 3081 2951 3129 nec
2998 3064 3394 3141 incomptum
3428 3076 3459 3119 :-

222 3153 529 3241 invenies
560 3158 743 3221 simul
766 3168 963 3239 totum
992 3162 1134 3225 libri
1163 3164 1560 3226 Ecclesiaste
1590 3171 1981 3237 contextum;
2000 3164 2253 3243 qualem
2273 3180 2307 3225 a
2337 3162 2647 3241 Gregorio
2669 3164 2907 3229 lectum
2928 3154 3471 3237 descriptu’mque

223 3253 621 3327 accepimus,
656 3273 801 3336 quae
842 3259 1099 3336 quidem
1147 3261 1447 3339 religiose
1474 3276 1546 3323 ac
1576 3262 1835 3339 totidem
1871 3260 2085 3322 verbis
2138 3259 2385 3337 vulgata
2414 3270 2449 3320 ‘a
2494 3274 2593 3318 me
2627 3272 2769 3320 esse
2803 3255 3129 3333 proﬁteor,
3152 3271 3269 3315 nec
3320 3252 3470 3313 ullo.

144 3342 168 3353 “
224 3353 410 3410 alii-ta
452 3351 881 3415 additamenta
917 3360 1138 3430 printer
1165 3336 1490 3427 numeros.
1516 3372 1680 3435 quos
1712 3336 2210 3427 ut'ascriberem,
2249 3336 2595 3415 multorum
2627 3368 2728 3413 me
2761 3342 3185 3422 consuetudo,
3227 3354 3289 3409 et
3314 3347 3464 3427 ipsa-

154 3526 159 3527 ,
229 3445 325 3505 rei
356 3446 609 3505 utilitas
640 3448 986 3512 admonuit.
1024 3454 1102 3512 At
1148 3467 1298 3514 vero
1335 3449 1521 3529 infra,
1558 3458 1626 3515 ut
1673 3469 1811 3516 mos
1856 3459 1974 3525 est,
2018 3450 2310 3512 adnotata
2350 3447 2694 3513 identidem
2732 3446 2972 3521 videas,
3005 3461 3153 3528 quas
3200 3443 3466 3533 maxime

230 3539 473 3618 legenti
524 3543 697 3605 utilia
731 3550 816 3605 "et
874 3553 1045 3623 grata
1107 3546 1242 3608 fore
1300 3547 1606 3626 judicavi,
1664 3565 1699 3609 e
1756 3550 1992 3628 quibus
2046 3545 2168 3608 alia
2234 3543 2399 3607 sacri
2453 3542 2602 3626 libri
2674 3540 3025 3620 cognitioni
3087 3540 3470 3618 lmemgen‘

232 3634 487 3710 Iiieque'
543 3640 931 3715 conducant,
999 3642 1123 3721 alia
1189 3643 1498 3720 Gregorii,
1539 3642 1902 3721 interpretis
1971 3642 2314 3706 sententias
2385 3645 2447 3702 et
2523 3638 2868 3701 doctrinam
2937 3637 3276 3701 illustrem.
3365 3637 3455 3698 Ex

223 3730 336 3795 his
397 3734 587 3811 porro
653 3734 1071 3816 si..pleraque
1125 3756 1160 3798 e
1228 3738 1459 3813 medio,
1503 3746 1571 3800 ut
1625 3738 1833 3813 aiunt,
1905 3745 2157 3817 sumpta
2220 3752 2361 3798 esse
2404 3735 2777 3816 putaveris;
2826 3750 3035 3814 neque
3086 3750 3250 3811 nova
3345 3733 3474 3797 dici

173 3879 187 3887 .
231 3841 430 3902 posse
464 3834 568 3887 aut
600 3828 912 3891 recondita
941 3847 957 3907 ;
991 3849 1069 3894 ne
1099 3831 1211 3893 tibi
1257 3834 1658 3912 persuadeas,
1693 3849 1766 3896 ea
1799 3832 1992 3911 pluris
2026 3852 2063 3897 a
2108 3836 2209 3897 me
2255 3834 2584 3907 venditari,
2621 3848 2813 3912 quam
2844 3832 3129 3911 ipsorum
3173 3832 3255 3896 sit
3305 3846 3449 3908 pre-

229 3921 433 3984 tium:
476 3924 734 3987 sed‘hoc
786 3933 1023 3989 tantum
1062 3945 1159 3991 me
1215 3930 1498 3991 sensisse
1530 3935 1806 4012 statuas,
1843 3931 1994 3993 usui
2037 3931 2303 3994 fortasse
2344 3938 2537 4010 atque
2580 3929 3041 4009 oblectamento
3098 3925 3469 4006 legentibus

146 4039 151 4043 '
226 4014 469 4090 futura,
501 4021 667 4099 quod
702 4022 994 4086 nimirum
1031 4041 1178 4087 suos
1198 4026 1278 4086 lu
1311 4024 1482 4087 locos
1510 4033 1805 4103 congesta
1833 4034 1893 4091 et
1924 4026 2243 4108 quaerendi
2280 4027 2557 4089 laborem
2598 4022 2911 4096 adimere,
2934 4029 2996 4084 et
3028 4020 3460 4105 cognoscendi

228 4114 465 4177 atl’erre
487 4117 1089 4201 .voluptatem‘posse
1123 4112 1505 4185 viderentur.
1536 4123 1762 4209 Ecquis
1793 4122 1961 4185 enim
1995 4130 2137 4202 post
2162 4112 3030 4191 ιδηιοέάοοῑοηιωᾌνίτοωω
3068 4116 3313 4203 labores
3342 4114 3469 4176 hu“

122 4266 137 4276 ς
232 4228 412 4275 nunc
445 4212 728 4293 recipere
756 4219 1002 4297 possit,
1028 4235 1098 4281 se
1126 4219 1284 4281 nihil
1319 4200 1754 4300 expositurum
1785 4218 1962 4300 quod
1996 4200 2309 4280 intactum
2336 4232 2463 4301 non
2496 4216 2597 4289 sit,
2628 4213 2948 4307 autnulla
2986 4200 3263 4277 aliorum
3291 4228 3466 4275 com.-
3556 4218 3561 4223 ’

230 4309 628 4373 mentatioue
651 4310 1083 4387 delibatumi,
1209 4328 1213 4332 '
2368 4308 2383 4314 ’
2602 4348 2608 4359 ι
2737 4385 2741 4387 .
2785 4370 2793 4377 ρ
3306 4326 3309 4333 ’

319 4454 568 4527 Indices
588 4454 839 4539 demum
868 4456 1214 4537 desiderari
1238 4458 1440 4534 nolui,
1472 4458 1703 4540 quibus
1728 4476 1897 4540 smpe
1928 4474 2151 4537 magna
2180 4474 2258 4518 ex
2288 4460 2462 4534 parte
2493 4451 2927 4517 studiosorum
2960 4450 3211 4514 levatur
3248 4448 3427 4511 labor
3454 4469 3475 4509 ξ
3571 4468 3577 4475 ’

231 4550 558 4629 etfecique
618 4560 687 4613 ut
716 4539 1041 4634 ‘quidquid
1079 4561 1207 4633 toto
1245 4556 1310 4617 in
1346 4539 1669 4619 volumine
1713 4539 1850 4618 sive
1905 4571 2122 4618 rerum
2172 4554 2306 4615 sive
2339 4552 2677 4613 verborum
2728 4548 2918 4621 inest,
2963 4547 3136 4627 quod
3176 4544 3469 4624 cuiquam

194 4662 628 4722 “cognoscere
669 4648 1030 4726 aliquando,
1068 4657 1173 4712 aut
1202 4649 1974 4730 relegendo-perpendere
2000 4666 2163 4730 Opus
2192 4647 2409 4722 fuerit,
2440 4646 2781 4727 diligenter
2809 4653 2955 4707 ante
2976 4642 3211 4706 oculos
3242 4657 3474 4722 prOpo-

232 4740 434 4803 situm
468 4742 643 4804 nullo
680 4744 935 4826 negotio
968 4745 1254 4806 invenire
1285 4745 1563 4824 quisque
1593 4746 1814 4824 possit.
2066 4767 2071 4772 ’
2835 4749 2839 4752 ’

325 4882 536 4944 Habes
567 4881 861 4944 editionis
890 4900 1222 4961 summam,
1256 4901 1596 4965 operasque
1624 4901 1695 4946 ac
1724 4884 1919 4946 studii
1948 4884 2071 4947 mei
2098 4887 2395 4946 conatum
2425 4879 2767 4963 quemdam
2789 4884 2852 4943 et
2880 4875 3423 4969 adumbrationem
3451 4895 3466 4935 :
3562 4902 3572 4911 ε

230 4977 446 5052 unde,
477 4980 723 5056 Opinor,
767 4981 1118 5060 intelligere
1148 5000 1384 5061 queas,
1434 4991 1499 5043 ut
1533 4989 1756 5045 cmlera
1796 4980 2141 5051 defuerint,
2172 4978 2567 5058 diligentiam
2597 4984 2766 5041 certe
2818 4974 3165 5043 adhibitam
3196 4974 3358 5042 esse,
3394 4986 3473 5031 ne

229 5075 397 5138 novi
428 5070 642 5155 operis
676 5078 869 5141 editio
907 5078 1117 5139 multis
1144 5078 1388 5158 culpari
1417 5088 1652 5157 posset.
1687 5078 1932 5140 Utinam
1964 5086 2025 5139 et
2078 5078 2256 5157 plura
2295 5076 2496 5142 sancti
2532 5076 2724 5155 hujus
2767 5074 2878 5135 viri
2919 5071 3151 5150 scripta
3188 5068 3468 5147 reperire

231 5162 1068 5256 licuissetldguéquidem
1113 5174 1192 5236 ab
1236 5174 1349 5236 illo
1396 5174 1786 5256 relictugesse
1838 5160 2093 5248 scimus,
2135 5175 2247 5236 sed
2298 5180 2671 5235 vetustatem
2723 5180 2929 5233 tamen
2987 5165 3315 5245 pertulisse
3360 5164 3469 5225 vix

229 5266 584 5333 credimus.
619 5269 770 5329 Nam
805 5277 1122 5347 quantum
1160 5288 1236 5331 ex
1270 5271 1697 5333 eorumlibris
1745 5271 1855 5350 qui
1888 5257 2302 5338 bibliothecas
2330 5278 2577 5330 veteres
2608 5265 2867 5329 scrutati
2895 5272 3063 5338 sunt,
3094 5276 3480 5350 cognoscere

231 5363 597 5446 potuimus,
630 5380 945 5443 nusquam
975 5366 1261 5445 Gregorii
1290 5367 1487 5429 nostri
1519 5349 1779 5429 nomine
1810 5366 2177 5451 inscriptum
2210 5364 2556 5444 quidquam
2580 5362 2834 5427 emersit
2882 5361 3210 5433 hactenus,
3236 5349 3474 5417 nedum

228 5464 315 5525 in
341 5478 525 5525 usum
555 5459 885 5523 hominum
914 5462 1270 5542 manusque
1306 5464 1615 5542 perVenit.
2398 5502 2403 5507 .
2852 5498 2884 5531 _.
3042 5494 3051 5501 .
3113 5469 3118 5474 -

228 5598 238 5605 ’
329 5613 483 5688 Qum
525 5631 668 5677 cum
698 5613 783 5677 ita
816 5614 965 5690 sint,
1001 5614 1098 5678 vel
1134 5614 1256 5677 hoc
1291 5634 1485 5679 unum
1542 5636 1577 5679 a
1629 5618 1815 5681 nobis
1869 5619 2327 5680 munusculum
2374 5617 2580 5680 libens
2621 5613 2881 5691 accipiat
2918 5610 3197 5675 Ecclesia
3234 5613 3471 5679 sancta,
3517 5673 3526 5682 ,

228 5709 542 5776 catholici
574 5710 846 5774 nominis
896 5708 1123 5790 parens
1172 5718 1363 5791 atque
1407 5714 1627 5776 altrix:
1665 5714 1785 5777 hoc
1824 5713 2050 5777 habeat
2078 5721 2312 5777 nostra;
2357 5715 2582 5793 pignus
2610 5711 2984 5783 voluntatis,
3018 5707 3215 5773 nostri
3244 5704 3478 5795 amoris

232 5806 584 5879 indiiium,
619 5823 750 5888 quo
780 5824 918 5871 eam
953 5806 1171 5889 utique
1205 5807 1670 5888 amplectimur,
1715 5811 1775 5873 ei
1814 5810 1942 5873 lieti
1970 5812 2306 5887 servimus,
2339 5827 2481 5874 cum
2524 5827 2597 5874 ea
2627 5808 2889 5883 sentire,
2920 5808 2989 5869 in
3020 5806 3165 5868 sinu
3216 5803 3353 5883 ejus
3388 5801 3483 5862 vi-

240 5904 408 5974 ver'e
442 5924 515 5972 ac
543 5906 707 5971 mori
747 5907 930 5974 dulce
961 5913 1023 5973 et
1053 5910 1363 5975 decorum
1382 5896 1710 5991 putamus:
1730 5910 1791 5975 Si
1831 5909 1973 5993 plus
2012 5909 2159 5973 dare
2193 5908 2313 6002 ipsi
2361 5925 2488 5972 non
2537 5922 2904 5987 possumus,
2938 5902 2992 5967 si
3042 5916 3343 5981 maguum
3379 5895 3487 5961 illa
