  <div class='ocr_page' id='page_1' title='image "/cluster/home/n/w/nwhite01/storage/ocr_20150623/98/pst.000005714056/325.png"; bbox 0 0 4060 6334; ppageno 0'>
   <div class='ocr_carea' id='block_1_1' title="bbox 595 419 724 511">
    <p class='ocr_par' dir='ltr' id='par_1_1' title="bbox 595 419 724 511">
     <span class='ocr_line' id='line_1_1' title="bbox 595 419 724 511; baseline 0 0"><span class='ocrx_word' id='word_1_1' title='bbox 595 419 724 511; x_wconf 66' lang='lat'><strong>623</strong></span> 
     </span>
    </p>
   </div>
   <div class='ocr_carea' id='block_1_2' title="bbox 1600 433 2862 511">
    <p class='ocr_par' dir='ltr' id='par_1_2' title="bbox 1600 433 2862 511">
     <span class='ocr_line' id='line_1_2' title="bbox 1600 433 2862 511; baseline 0.001 -5"><span class='ocrx_word' id='word_1_2' title='bbox 1600 444 1667 506; x_wconf 84' lang='lat' dir='ltr'><strong>&#39;s.</strong></span> <span class='ocrx_word' id='word_1_3' title='bbox 1694 436 2078 508; x_wconf 83' lang='lat' dir='ltr'><strong>GBEGORII</strong></span> <span class='ocrx_word' id='word_1_4' title='bbox 2125 433 2637 508; x_wconf 62' lang='lat' dir='ltr'><strong>KGRIGENTINI</strong></span> <span class='ocrx_word' id='word_1_5' title='bbox 2667 448 2862 511; x_wconf 58' lang='lat' dir='ltr'><strong>V&#39;ITA.</strong></span> 
     </span>
    </p>
   </div>
   <div class='ocr_carea' id='block_1_3' title="bbox 3759 455 3865 521">
    <p class='ocr_par' dir='ltr' id='par_1_3' title="bbox 3759 455 3865 521">
     <span class='ocr_line' id='line_1_3' title="bbox 3759 455 3865 521; baseline 0.009 -1"><span class='ocrx_word' id='word_1_6' title='bbox 3759 455 3865 521; x_wconf 60' lang='lat'><strong>624</strong></span> 
     </span>
    </p>
   </div>
   <div class='ocr_carea' id='block_1_4' title="bbox 619 526 2195 634">
    <p class='ocr_par' dir='ltr' id='par_1_4' title="bbox 619 557 2192 633">
     <span class='ocr_line' id='line_1_4' title="bbox 619 557 2192 633; baseline 0.002 -18"><span class='ocrx_word' id='word_1_7' title='bbox 619 576 689 616; x_wconf 74' lang='lat' dir='ltr'><strong>ex</strong></span> <span class='ocrx_word' id='word_1_8' title='bbox 716 560 950 613; x_wconf 80' lang='lat' dir='ltr'><strong>adverso</strong></span> <span class='ocrx_word' id='word_1_9' title='bbox 981 568 1232 613; x_wconf 84' lang='lat' dir='ltr'><strong>sanctum</strong></span> <span class='ocrx_word' id='word_1_10' title='bbox 1272 557 1536 625; x_wconf 75' lang='lat' dir='ltr'><strong>Marcum,</strong></span> <span class='ocrx_word' id='word_1_11' title='bbox 1570 560 1636 615; x_wconf 89' lang='lat' dir='ltr'><strong>ad</strong></span> <span class='ocrx_word' id='word_1_12' title='bbox 1679 577 1844 631; x_wconf 89' lang='lat' dir='ltr'><strong>quem</strong></span> <span class='ocrx_word' id='word_1_13' title='bbox 1893 577 2192 633; x_wconf 77' lang='lat' dir='ltr'><strong>assurgens</strong></span> 
     </span>
    </p>
   </div>
   <div class='ocr_carea' id='block_1_5' title="bbox 2294 526 3868 634">
    <p class='ocr_par' dir='ltr' id='par_1_5' title="bbox 2294 561 3868 634">
     <span class='ocr_line' id='line_1_5' title="bbox 2294 561 3868 634; baseline 0.008 -20"><span class='ocrx_word' id='word_1_14' title='bbox 2294 562 2384 615; x_wconf 82' lang='grc' dir='ltr'>τὸν</span> <span class='ocrx_word' id='word_1_15' title='bbox 2413 563 2568 630; x_wconf 73' lang='grc' dir='ltr'>ἅγιον</span> <span class='ocrx_word' id='word_1_16' title='bbox 2601 563 2827 634; x_wconf 83' lang='grc' dir='ltr'>Μάρκον</span> <span class='ocrx_word' id='word_1_17' title='bbox 2851 561 3080 618; x_wconf 77' lang='grc' dir='ltr'>ἐνώπιον</span> <span class='ocrx_word' id='word_1_18' title='bbox 3109 563 3297 633; x_wconf 83' lang='grc' dir='ltr'>αὐτοῦ,</span> <span class='ocrx_word' id='word_1_19' title='bbox 3320 565 3416 622; x_wconf 75' lang='grc' dir='ltr'>καὶ</span> <span class='ocrx_word' id='word_1_20' title='bbox 3449 567 3752 634; x_wconf 72' lang='grc' dir='ltr'>ἐξαναστὰς</span> <span class='ocrx_word' id='word_1_21' title='bbox 3774 589 3868 627; x_wconf 80' lang='grc' dir='ltr'>τα-</span> 
     </span>
    </p>
   </div>
   <div class='ocr_carea' id='block_1_6' title="bbox 620 649 2189 722">
    <p class='ocr_par' dir='ltr' id='par_1_6' title="bbox 620 649 2189 722">
     <span class='ocr_line' id='line_1_6' title="bbox 620 649 2189 722; baseline 0.002 -17"><span class='ocrx_word' id='word_1_22' title='bbox 620 651 769 706; x_wconf 89' lang='lat' dir='ltr'><strong>illieo</strong></span> <span class='ocrx_word' id='word_1_23' title='bbox 799 650 1064 714; x_wconf 90' lang='lat' dir='ltr'><strong>accurrit,</strong></span> <span class='ocrx_word' id='word_1_24' title='bbox 1091 658 1146 704; x_wconf 91' lang='lat' dir='ltr'><strong>et</strong></span> <span class='ocrx_word' id='word_1_25' title='bbox 1173 649 1240 704; x_wconf 91' lang='lat' dir='ltr'><strong>ad</strong></span> <span class='ocrx_word' id='word_1_26' title='bbox 1278 650 1443 719; x_wconf 82' lang='lat' dir='ltr'><strong>pedes</strong></span> <span class='ocrx_word' id='word_1_27' title='bbox 1481 652 1600 721; x_wconf 88' lang='lat' dir='ltr'><strong>ejus</strong></span> <span class='ocrx_word' id='word_1_28' title='bbox 1629 655 1969 722; x_wconf 70' lang='lat' dir='ltr'><strong>provolutus,</strong></span> <span class='ocrx_word' id='word_1_29' title='bbox 2000 653 2189 708; x_wconf 89' lang='lat' dir='ltr'><strong>multis</strong></span> 
     </span>
    </p>
   </div>
   <div class='ocr_carea' id='block_1_7' title="bbox 619 739 2188 815">
    <p class='ocr_par' dir='ltr' id='par_1_7' title="bbox 619 739 2188 815">
     <span class='ocr_line' id='line_1_7' title="bbox 619 739 2188 815; baseline 0.002 -19"><span class='ocrx_word' id='word_1_30' title='bbox 619 758 747 798; x_wconf 91' lang='lat' dir='ltr'><strong>eum</strong></span> <span class='ocrx_word' id='word_1_31' title='bbox 777 743 1037 809; x_wconf 80' lang='lat' dir='ltr'><strong>lacrymis</strong></span> <span class='ocrx_word' id='word_1_32' title='bbox 1073 742 1150 795; x_wconf 90' lang='lat' dir='ltr'><strong>ait</strong></span> <span class='ocrx_word' id='word_1_33' title='bbox 1180 760 1192 794; x_wconf 93' lang='lat'>:</span> <span class='ocrx_word' id='word_1_34' title='bbox 1219 739 1470 811; x_wconf 79' lang='lat' dir='ltr'><strong>Magnam</strong></span> <span class='ocrx_word' id='word_1_35' title='bbox 1500 753 1592 798; x_wconf 90' lang='lat' dir='ltr'><strong>tua</strong></span> <span class='ocrx_word' id='word_1_36' title='bbox 1622 758 1785 800; x_wconf 80' lang='lat' dir='ltr'><strong>causa</strong></span> <span class='ocrx_word' id='word_1_37' title='bbox 1824 745 1935 801; x_wconf 90' lang='lat' dir='ltr'><strong>Deo</strong></span> <span class='ocrx_word' id='word_1_38' title='bbox 1960 747 2188 815; x_wconf 87' lang='lat' dir='ltr'><strong>gratiam</strong></span> 
     </span>
    </p>
   </div>
   <div class='ocr_carea' id='block_1_8' title="bbox 621 828 2190 903">
    <p class='ocr_par' dir='ltr' id='par_1_8' title="bbox 621 828 2190 903">
     <span class='ocr_line' id='line_1_8' title="bbox 621 828 2190 903; baseline 0.001 -17"><span class='ocrx_word' id='word_1_39' title='bbox 621 835 906 900; x_wconf 81' lang='lat' dir='ltr'><strong>habemus,</strong></span> <span class='ocrx_word' id='word_1_40' title='bbox 925 831 1089 887; x_wconf 73' lang='lat' dir='ltr'><strong>Pater</strong></span> <span class='ocrx_word' id='word_1_41' title='bbox 1105 828 1446 898; x_wconf 82' lang='lat' dir='ltr'><strong>venerande;</strong></span> <span class='ocrx_word' id='word_1_42' title='bbox 1473 841 1529 888; x_wconf 91' lang='lat' dir='ltr'><strong>tu</strong></span> <span class='ocrx_word' id='word_1_43' title='bbox 1551 833 1749 903; x_wconf 86' lang='lat' dir='ltr'><strong>quippe</strong></span> <span class='ocrx_word' id='word_1_44' title='bbox 1771 834 1966 889; x_wconf 87' lang='lat' dir='ltr'><strong>salutis</strong></span> <span class='ocrx_word' id='word_1_45' title='bbox 1987 844 2190 889; x_wconf 74' lang='lat' dir='ltr'><strong>nostrae</strong></span> 
     </span>
    </p>
   </div>
   <div class='ocr_carea' id='block_1_9' title="bbox 621 924 2190 999">
    <p class='ocr_par' dir='ltr' id='par_1_9' title="bbox 621 924 2190 999">
     <span class='ocr_line' id='line_1_9' title="bbox 621 924 2190 999; baseline 0.004 -21"><span class='ocrx_word' id='word_1_46' title='bbox 621 934 814 980; x_wconf 89' lang='lat' dir='ltr'><strong>auctor</strong></span> <span class='ocrx_word' id='word_1_47' title='bbox 841 924 991 980; x_wconf 81' lang='lat' dir='ltr'><strong>fuisti</strong></span> <span class='ocrx_word' id='word_1_48' title='bbox 1024 941 1040 980; x_wconf 88' lang='lat'><strong>:</strong></span> <span class='ocrx_word' id='word_1_49' title='bbox 1066 933 1128 979; x_wconf 87' lang='lat' dir='ltr'><strong>te</strong></span> <span class='ocrx_word' id='word_1_50' title='bbox 1158 924 1300 979; x_wconf 91' lang='lat' dir='ltr'><strong>duce</strong></span> <span class='ocrx_word' id='word_1_51' title='bbox 1329 924 1515 980; x_wconf 91' lang='lat' dir='ltr'><strong>datum</strong></span> <span class='ocrx_word' id='word_1_52' title='bbox 1547 937 1647 992; x_wconf 90' lang='lat' dir='ltr'><strong>est,</strong></span> <span class='ocrx_word' id='word_1_53' title='bbox 1679 938 1736 983; x_wconf 91' lang='lat' dir='ltr'><strong>ut</strong></span> <span class='ocrx_word' id='word_1_54' title='bbox 1768 929 2056 999; x_wconf 82' lang='lat' dir='ltr'><strong>sapientiae</strong></span> <span class='ocrx_word' id='word_1_55' title='bbox 2086 929 2190 984; x_wconf 86' lang='lat' dir='ltr'><strong>iter</strong></span> 
     </span>
    </p>
   </div>
   <div class='ocr_carea' id='block_1_10' title="bbox 622 1015 2187 1086">
    <p class='ocr_par' dir='ltr' id='par_1_10' title="bbox 622 1015 2187 1086">
     <span class='ocr_line' id='line_1_10' title="bbox 622 1015 2187 1086; baseline 0.002 -15"><span class='ocrx_word' id='word_1_56' title='bbox 622 1027 889 1073; x_wconf 87' lang='lat' dir='ltr'><strong>tenerem.</strong></span> <span class='ocrx_word' id='word_1_57' title='bbox 921 1015 1061 1072; x_wconf 82' lang='lat' dir='ltr'><strong>Vere</strong></span> <span class='ocrx_word' id='word_1_58' title='bbox 1087 1016 1466 1086; x_wconf 84' lang='lat' dir='ltr'><strong>praenuntiasti</strong></span> <span class='ocrx_word' id='word_1_59' title='bbox 1500 1017 1616 1073; x_wconf 90' lang='lat' dir='ltr'><strong>fore</strong></span> <span class='ocrx_word' id='word_1_60' title='bbox 1655 1028 1716 1074; x_wconf 93' lang='lat' dir='ltr'><strong>ut</strong></span> <span class='ocrx_word' id='word_1_61' title='bbox 1753 1028 1805 1081; x_wconf 83' lang='lat' dir='ltr'><strong>te</strong></span> <span class='ocrx_word' id='word_1_62' title='bbox 1849 1021 1901 1076; x_wconf 88' lang='lat' dir='ltr'><strong>in</strong></span> <span class='ocrx_word' id='word_1_63' title='bbox 1935 1019 2038 1074; x_wconf 87' lang='lat' dir='ltr'><strong>hac</strong></span> <span class='ocrx_word' id='word_1_64' title='bbox 2080 1021 2187 1074; x_wconf 80' lang='lat' dir='ltr'><strong>vita</strong></span> 
     </span>
    </p>
   </div>
   <div class='ocr_carea' id='block_1_11' title="bbox 619 1109 2191 1179">
    <p class='ocr_par' dir='ltr' id='par_1_11' title="bbox 619 1109 2191 1179">
     <span class='ocr_line' id='line_1_11' title="bbox 619 1109 2191 1179; baseline 0.001 -16"><span class='ocrx_word' id='word_1_65' title='bbox 619 1125 720 1179; x_wconf 92' lang='lat' dir='ltr'><strong>pro</strong></span> <span class='ocrx_word' id='word_1_66' title='bbox 753 1123 876 1165; x_wconf 85' lang='lat' dir='ltr'><strong>meo</strong></span> <span class='ocrx_word' id='word_1_67' title='bbox 911 1109 1192 1167; x_wconf 88' lang='lat' dir='ltr'><strong>desiderio</strong></span> <span class='ocrx_word' id='word_1_68' title='bbox 1232 1123 1550 1178; x_wconf 86' lang='lat' dir='ltr'><strong>cernerem;</strong></span> <span class='ocrx_word' id='word_1_69' title='bbox 1602 1126 1702 1168; x_wconf 85' lang='lat' dir='ltr'><strong>nec</strong></span> <span class='ocrx_word' id='word_1_70' title='bbox 1733 1110 1996 1175; x_wconf 72' lang='lat' dir='ltr'><strong>fefellisti,</strong></span> <span class='ocrx_word' id='word_1_71' title='bbox 2031 1109 2191 1167; x_wconf 87' lang='lat' dir='ltr'><strong>Pater</strong></span> 
     </span>
    </p>
   </div>
   <div class='ocr_carea' id='block_1_12' title="bbox 619 1211 2082 1279">
    <p class='ocr_par' dir='ltr' id='par_1_12' title="bbox 619 1211 2082 1279">
     <span class='ocr_line' id='line_1_12' title="bbox 619 1211 2082 1279; baseline -0.003 -22"><span class='ocrx_word' id='word_1_72' title='bbox 619 1211 824 1257; x_wconf 70' lang='grc' dir='ltr'>εοηοιθ.</span> <span class='ocrx_word' id='word_1_73' title='bbox 1777 1249 1783 1254; x_wconf 97' lang='grc'>.</span> <span class='ocrx_word' id='word_1_74' title='bbox 2073 1272 2082 1279; x_wconf 32' lang='grc' dir='ltr'>ι</span> 
     </span>
    </p>
   </div>
   <div class='ocr_carea' id='block_1_13' title="bbox 692 1291 2190 1368">
    <p class='ocr_par' dir='ltr' id='par_1_13' title="bbox 692 1291 2190 1368">
     <span class='ocr_line' id='line_1_13' title="bbox 692 1291 2190 1368; baseline 0.004 -21"><span class='ocrx_word' id='word_1_75' title='bbox 692 1291 874 1348; x_wconf 81' lang='lat' dir='ltr'><strong>XLIII.</strong></span> <span class='ocrx_word' id='word_1_76' title='bbox 919 1293 1070 1350; x_wconf 86' lang='lat' dir='ltr'><strong>Talia</strong></span> <span class='ocrx_word' id='word_1_77' title='bbox 1097 1295 1422 1368; x_wconf 89' lang='lat' dir='ltr'><strong>Gregorium</strong></span> <span class='ocrx_word' id='word_1_78' title='bbox 1456 1313 1581 1353; x_wconf 85' lang='lat' dir='ltr'><strong>eum</strong></span> <span class='ocrx_word' id='word_1_79' title='bbox 1614 1298 1809 1354; x_wconf 85' lang='lat' dir='ltr'><strong>abbate</strong></span> <span class='ocrx_word' id='word_1_80' title='bbox 1851 1314 2190 1355; x_wconf 91' lang='lat' dir='ltr'><strong>commemo-</strong></span> 
     </span>
    </p>
   </div>
   <div class='ocr_carea' id='block_1_14' title="bbox 621 1390 2190 1459">
    <p class='ocr_par' dir='ltr' id='par_1_14' title="bbox 621 1390 2190 1459">
     <span class='ocr_line' id='line_1_14' title="bbox 621 1390 2190 1459; baseline 0.003 -20"><span class='ocrx_word' id='word_1_81' title='bbox 621 1395 834 1440; x_wconf 86' lang='lat' dir='ltr'><strong>rantem</strong></span> <span class='ocrx_word' id='word_1_82' title='bbox 873 1401 1126 1442; x_wconf 86' lang='lat' dir='ltr'><strong>sermone</strong></span> <span class='ocrx_word' id='word_1_83' title='bbox 1155 1390 1449 1443; x_wconf 79' lang='lat' dir='ltr'><strong>admodum</strong></span> <span class='ocrx_word' id='word_1_84' title='bbox 1490 1390 1670 1459; x_wconf 83' lang='lat' dir='ltr'><strong>longo,</strong></span> <span class='ocrx_word' id='word_1_85' title='bbox 1701 1391 2049 1447; x_wconf 85' lang='lat' dir='ltr'><strong>mirabantur</strong></span> <span class='ocrx_word' id='word_1_86' title='bbox 2072 1407 2190 1445; x_wconf 87' lang='lat' dir='ltr'><strong>nm-</strong></span> 
     </span>
    </p>
   </div>
   <div class='ocr_carea' id='block_1_15' title="bbox 620 1480 2191 1553">
    <p class='ocr_par' dir='ltr' id='par_1_15' title="bbox 620 1480 2191 1553">
     <span class='ocr_line' id='line_1_15' title="bbox 620 1480 2191 1553; baseline 0.004 -21"><span class='ocrx_word' id='word_1_87' title='bbox 620 1493 740 1545; x_wconf 88' lang='lat' dir='ltr'><strong>nes,</strong></span> <span class='ocrx_word' id='word_1_88' title='bbox 775 1493 839 1533; x_wconf 90' lang='lat' dir='ltr'><strong>ae</strong></span> <span class='ocrx_word' id='word_1_89' title='bbox 869 1480 1035 1534; x_wconf 91' lang='lat' dir='ltr'><strong>simul</strong></span> <span class='ocrx_word' id='word_1_90' title='bbox 1069 1496 1189 1535; x_wconf 90' lang='lat' dir='ltr'><strong>cum</strong></span> <span class='ocrx_word' id='word_1_91' title='bbox 1241 1483 1375 1552; x_wconf 89' lang='lat' dir='ltr'><strong>ipsis</strong></span> <span class='ocrx_word' id='word_1_92' title='bbox 1416 1480 1637 1538; x_wconf 82' lang='lat' dir='ltr'><strong>ﬂebant.</strong></span> <span class='ocrx_word' id='word_1_93' title='bbox 1673 1482 1917 1539; x_wconf 86' lang='lat' dir='ltr'><strong>Subinde</strong></span> <span class='ocrx_word' id='word_1_94' title='bbox 1946 1483 2191 1553; x_wconf 79' lang='lat' dir='ltr'><strong>pontifex</strong></span> 
     </span>
    </p>
   </div>
   <div class='ocr_carea' id='block_1_16' title="bbox 620 1571 2189 1647">
    <p class='ocr_par' dir='ltr' id='par_1_16' title="bbox 620 1571 2189 1647">
     <span class='ocr_line' id='line_1_16' title="bbox 620 1571 2189 1647; baseline 0.004 -23"><span class='ocrx_word' id='word_1_95' title='bbox 620 1571 897 1626; x_wconf 74' lang='lat' dir='ltr'><strong>maximus</strong></span> <span class='ocrx_word' id='word_1_96' title='bbox 928 1573 1182 1629; x_wconf 84' lang='lat' dir='ltr'><strong>secedere</strong></span> <span class='ocrx_word' id='word_1_97' title='bbox 1213 1583 1463 1639; x_wconf 84' lang='lat' dir='ltr'><strong>caeteros,</strong></span> <span class='ocrx_word' id='word_1_98' title='bbox 1488 1585 1650 1644; x_wconf 87' lang='lat' dir='ltr'><strong>atque</strong></span> <span class='ocrx_word' id='word_1_99' title='bbox 1673 1592 1842 1630; x_wconf 89' lang='lat' dir='ltr'><strong>unum</strong></span> <span class='ocrx_word' id='word_1_100' title='bbox 1871 1577 2189 1647; x_wconf 73' lang='lat' dir='ltr'><strong>Gregorium</strong></span> 
     </span>
    </p>
   </div>
   <div class='ocr_carea' id='block_1_17' title="bbox 585 1661 2191 1738">
    <p class='ocr_par' dir='ltr' id='par_1_17' title="bbox 585 1661 2191 1738">
     <span class='ocr_line' id='line_1_17' title="bbox 585 1661 2191 1738; baseline 0.007 -25"><span class='ocrx_word' id='word_1_101' title='bbox 585 1704 592 1713; x_wconf 93' lang='lat'><strong>.</strong></span> <span class='ocrx_word' id='word_1_102' title='bbox 621 1678 745 1716; x_wconf 89' lang='lat' dir='ltr'><strong>eum</strong></span> <span class='ocrx_word' id='word_1_103' title='bbox 784 1661 968 1718; x_wconf 79' lang='lat' dir='ltr'><strong>Marco</strong></span> <span class='ocrx_word' id='word_1_104' title='bbox 996 1664 1192 1720; x_wconf 89' lang='lat' dir='ltr'><strong>abbate</strong></span> <span class='ocrx_word' id='word_1_105' title='bbox 1230 1681 1294 1721; x_wconf 90' lang='lat' dir='ltr'><strong>ac</strong></span> <span class='ocrx_word' id='word_1_106' title='bbox 1323 1668 1536 1723; x_wconf 86' lang='lat' dir='ltr'><strong>duobus</strong></span> <span class='ocrx_word' id='word_1_107' title='bbox 1576 1668 1850 1738; x_wconf 79' lang='lat' dir='ltr'><strong>episcopis</strong></span> <span class='ocrx_word' id='word_1_108' title='bbox 1884 1668 2191 1724; x_wconf 83' lang='lat' dir='ltr'><strong>nonnullis-</strong></span> 
     </span>
    </p>
   </div>
   <div class='ocr_carea' id='block_1_18' title="bbox 620 1754 2192 1828">
    <p class='ocr_par' dir='ltr' id='par_1_18' title="bbox 620 1754 2192 1828">
     <span class='ocr_line' id='line_1_18' title="bbox 620 1754 2192 1828; baseline 0.004 -21"><span class='ocrx_word' id='word_1_109' title='bbox 620 1767 727 1822; x_wconf 90' lang='lat' dir='ltr'><strong>que</strong></span> <span class='ocrx_word' id='word_1_110' title='bbox 755 1754 879 1808; x_wconf 90' lang='lat' dir='ltr'><strong>aliis</strong></span> <span class='ocrx_word' id='word_1_111' title='bbox 929 1769 1151 1813; x_wconf 87' lang='lat' dir='ltr'><strong>manere</strong></span> <span class='ocrx_word' id='word_1_112' title='bbox 1193 1757 1360 1825; x_wconf 84' lang='lat' dir='ltr'><strong>jussit</strong></span> <span class='ocrx_word' id='word_1_113' title='bbox 1390 1777 1402 1813; x_wconf 92' lang='lat'>:</span> <span class='ocrx_word' id='word_1_114' title='bbox 1431 1768 1594 1828; x_wconf 86' lang='lat' dir='ltr'><strong>atque</strong></span> <span class='ocrx_word' id='word_1_115' title='bbox 1623 1760 1690 1814; x_wconf 91' lang='lat' dir='ltr'><strong>ad</strong></span> <span class='ocrx_word' id='word_1_116' title='bbox 1719 1774 1841 1814; x_wconf 88' lang='lat' dir='ltr'><strong>eum</strong></span> <span class='ocrx_word' id='word_1_117' title='bbox 1873 1773 2192 1825; x_wconf 82' lang='lat' dir='ltr'><strong>conversus,</strong></span> 
     </span>
    </p>
   </div>
   <div class='ocr_carea' id='block_1_19' title="bbox 621 1844 2193 1916">
    <p class='ocr_par' dir='ltr' id='par_1_19' title="bbox 621 1844 2193 1916">
     <span class='ocr_line' id='line_1_19' title="bbox 621 1844 2193 1916; baseline 0.006 -17"><span class='ocrx_word' id='word_1_118' title='bbox 621 1844 871 1916; x_wconf 81' lang='lat' dir='ltr'><strong>Grcgnri,</strong></span> <span class='ocrx_word' id='word_1_119' title='bbox 904 1848 1100 1916; x_wconf 86' lang='lat' dir='ltr'><strong>inquit,</strong></span> <span class='ocrx_word' id='word_1_120' title='bbox 1132 1849 1228 1915; x_wconf 86' lang='lat' dir='ltr'><strong>ﬁli,</strong></span> <span class='ocrx_word' id='word_1_121' title='bbox 1261 1849 1525 1907; x_wconf 90' lang='lat' dir='ltr'><strong>Dominus</strong></span> <span class='ocrx_word' id='word_1_122' title='bbox 1548 1862 1733 1906; x_wconf 88' lang='lat' dir='ltr'><strong>noster</strong></span> <span class='ocrx_word' id='word_1_123' title='bbox 1754 1851 1914 1908; x_wconf 82' lang='lat' dir='ltr'><strong>Jcsns</strong></span> <span class='ocrx_word' id='word_1_124' title='bbox 1939 1852 2193 1908; x_wconf 85' lang='lat' dir='ltr'><strong>Christus</strong></span> 
     </span>
    </p>
   </div>
   <div class='ocr_carea' id='block_1_20' title="bbox 581 1918 2266 2014">
    <p class='ocr_par' dir='ltr' id='par_1_20' title="bbox 581 1918 2266 2014">
     <span class='ocr_line' id='line_1_20' title="bbox 581 1918 2266 2014; baseline 0.004 -23"><span class='ocrx_word' id='word_1_125' title='bbox 581 1933 584 1937; x_wconf 79' lang='grc'><strong>’</strong></span> <span class='ocrx_word' id='word_1_126' title='bbox 621 1937 830 1992; x_wconf 85' lang='lat' dir='ltr'><strong>sanctis</strong></span> <span class='ocrx_word' id='word_1_127' title='bbox 859 1940 1122 2008; x_wconf 89' lang='lat' dir='ltr'><strong>apostolis</strong></span> <span class='ocrx_word' id='word_1_128' title='bbox 1151 1941 1271 2010; x_wconf 82' lang='lat' dir='ltr'><strong>eius</strong></span> <span class='ocrx_word' id='word_1_129' title='bbox 1322 1943 1388 1997; x_wconf 91' lang='lat' dir='ltr'><strong>ad</strong></span> <span class='ocrx_word' id='word_1_130' title='bbox 1438 1958 1541 1999; x_wconf 89' lang='lat' dir='ltr'><strong>nos</strong></span> <span class='ocrx_word' id='word_1_131' title='bbox 1572 1944 1858 2009; x_wconf 84' lang='lat' dir='ltr'><strong>demissis,</strong></span> <span class='ocrx_word' id='word_1_132' title='bbox 1903 1945 2189 2014; x_wconf 62' lang='lat' dir='ltr'><strong>praesidem</strong></span> <span class='ocrx_word' id='word_1_133' title='bbox 2226 1918 2266 1972; x_wconf 73' lang='grc' dir='ltr'><strong>Β</strong></span> 
     </span>
    </p>
   </div>
   <div class='ocr_carea' id='block_1_21' title="bbox 621 2031 2193 2106">
    <p class='ocr_par' dir='ltr' id='par_1_21' title="bbox 621 2031 2193 2106">
     <span class='ocr_line' id='line_1_21' title="bbox 621 2031 2193 2106; baseline 0.003 -21"><span class='ocrx_word' id='word_1_134' title='bbox 621 2038 674 2085; x_wconf 90' lang='lat' dir='ltr'><strong>te</strong></span> <span class='ocrx_word' id='word_1_135' title='bbox 716 2031 1022 2103; x_wconf 80' lang='lat' dir='ltr'><strong>designarit</strong></span> <span class='ocrx_word' id='word_1_136' title='bbox 1063 2035 1299 2100; x_wconf 59' lang='lat' dir='ltr'><strong>sancta,</strong></span> <span class='ocrx_word' id='word_1_137' title='bbox 1338 2036 1644 2100; x_wconf 64' lang='lat' dir='ltr'><strong>catholicae,</strong></span> <span class='ocrx_word' id='word_1_138' title='bbox 1694 2051 1902 2106; x_wconf 71' lang='lat' dir='ltr'><strong>magna:</strong></span> <span class='ocrx_word' id='word_1_139' title='bbox 1936 2034 2193 2090; x_wconf 75' lang='lat' dir='ltr'><strong>Ecclesia:</strong></span> 
     </span>
    </p>
   </div>
   <div class='ocr_carea' id='block_1_22' title="bbox 618 2121 2187 2200">
    <p class='ocr_par' dir='ltr' id='par_1_22' title="bbox 618 2121 2187 2200">
     <span class='ocr_line' id='line_1_22' title="bbox 618 2121 2187 2200; baseline 0.004 -24"><span class='ocrx_word' id='word_1_140' title='bbox 618 2121 1149 2194; x_wconf 46' lang='lat' dir='ltr'><strong>Agrigentinorumj</strong></span> <span class='ocrx_word' id='word_1_141' title='bbox 1176 2137 1238 2182; x_wconf 91' lang='lat' dir='ltr'><strong>ut</strong></span> <span class='ocrx_word' id='word_1_142' title='bbox 1285 2128 1548 2197; x_wconf 88' lang='lat' dir='ltr'><strong>populum</strong></span> <span class='ocrx_word' id='word_1_143' title='bbox 1585 2129 1738 2182; x_wconf 90' lang='lat' dir='ltr'><strong>illum</strong></span> <span class='ocrx_word' id='word_1_144' title='bbox 1787 2137 1973 2198; x_wconf 86' lang='lat' dir='ltr'><strong>pastor</strong></span> <span class='ocrx_word' id='word_1_145' title='bbox 2011 2143 2187 2200; x_wconf 87' lang='lat' dir='ltr'><strong>regas.</strong></span> 
     </span>
    </p>
   </div>
   <div class='ocr_carea' id='block_1_23' title="bbox 529 2213 2190 2288">
    <p class='ocr_par' dir='ltr' id='par_1_23' title="bbox 529 2213 2190 2288">
     <span class='ocr_line' id='line_1_23' title="bbox 529 2213 2190 2288; baseline 0.004 -22"><span class='ocrx_word' id='word_1_146' title='bbox 529 2223 531 2226; x_wconf 83' lang='lat'>&#39;</span> <span class='ocrx_word' id='word_1_147' title='bbox 619 2213 835 2282; x_wconf 85' lang='lat' dir='ltr'><strong>Quippe</strong></span> <span class='ocrx_word' id='word_1_148' title='bbox 860 2224 910 2269; x_wconf 89' lang='lat' dir='ltr'><strong>te</strong></span> <span class='ocrx_word' id='word_1_149' title='bbox 947 2215 1294 2284; x_wconf 89' lang='lat' dir='ltr'><strong>potissimum</strong></span> <span class='ocrx_word' id='word_1_150' title='bbox 1327 2217 1478 2272; x_wconf 88' lang='lat' dir='ltr'><strong>locus</strong></span> <span class='ocrx_word' id='word_1_151' title='bbox 1524 2217 1615 2272; x_wconf 90' lang='lat' dir='ltr'><strong>ille</strong></span> <span class='ocrx_word' id='word_1_152' title='bbox 1658 2220 1910 2288; x_wconf 87' lang='lat' dir='ltr'><strong>requirit,</strong></span> <span class='ocrx_word' id='word_1_153' title='bbox 1943 2234 2054 2288; x_wconf 93' lang='lat' dir='ltr'><strong>quo</strong></span> <span class='ocrx_word' id='word_1_154' title='bbox 2101 2227 2190 2273; x_wconf 89' lang='lat' dir='ltr'><strong>tua</strong></span> 
     </span>
    </p>
   </div>
   <div class='ocr_carea' id='block_1_24' title="bbox 622 2304 2215 2381">
    <p class='ocr_par' dir='ltr' id='par_1_24' title="bbox 622 2304 2215 2381">
     <span class='ocr_line' id='line_1_24' title="bbox 622 2304 2215 2381; baseline 0.003 -21"><span class='ocrx_word' id='word_1_155' title='bbox 622 2320 788 2374; x_wconf 83' lang='lat' dir='ltr'><strong>opera</strong></span> <span class='ocrx_word' id='word_1_156' title='bbox 817 2323 940 2377; x_wconf 78' lang='lat' dir='ltr'><strong>qua:</strong></span> <span class='ocrx_word' id='word_1_157' title='bbox 958 2320 1266 2378; x_wconf 83' lang='lat' dir='ltr'><strong>supersunt</strong></span> <span class='ocrx_word' id='word_1_158' title='bbox 1305 2311 1490 2378; x_wconf 89' lang='lat' dir='ltr'><strong>populi</strong></span> <span class='ocrx_word' id='word_1_159' title='bbox 1525 2310 1671 2366; x_wconf 92' lang='lat' dir='ltr'><strong>illius</strong></span> <span class='ocrx_word' id='word_1_160' title='bbox 1700 2311 1944 2381; x_wconf 73' lang='lat' dir='ltr'><strong>reliquiae</strong></span> <span class='ocrx_word' id='word_1_161' title='bbox 1970 2304 2215 2367; x_wconf 29' lang='lat' dir='ltr'><strong>conser-&#39;</strong></span> 
     </span>
    </p>
   </div>
   <div class='ocr_carea' id='block_1_25' title="bbox 623 2385 2189 2474">
    <p class='ocr_par' dir='ltr' id='par_1_25' title="bbox 623 2385 2189 2474">
     <span class='ocr_line' id='line_1_25' title="bbox 623 2385 2189 2474; baseline 0.004 -25"><span class='ocrx_word' id='word_1_162' title='bbox 623 2406 838 2451; x_wconf 81' lang='lat' dir='ltr'><strong>ventur.</strong></span> <span class='ocrx_word' id='word_1_163' title='bbox 867 2398 964 2454; x_wconf 87' lang='lat' dir='ltr'><strong>Cui</strong></span> <span class='ocrx_word' id='word_1_164' title='bbox 990 2385 1292 2470; x_wconf 81' lang='lat' dir='ltr'><strong>Gregorius</strong></span> <span class='ocrx_word' id='word_1_165' title='bbox 1318 2416 1641 2472; x_wconf 84' lang='lat' dir='ltr'><strong>responsum</strong></span> <span class='ocrx_word' id='word_1_166' title='bbox 1670 2402 1820 2457; x_wconf 88' lang='lat' dir='ltr'><strong>dedit</strong></span> <span class='ocrx_word' id='word_1_167' title='bbox 1844 2404 2151 2474; x_wconf 72' lang='lat' dir='ltr'><strong>huiusmodi</strong></span> <span class='ocrx_word' id='word_1_168' title='bbox 2176 2422 2189 2456; x_wconf 90' lang='lat'><strong>:</strong></span> 
     </span>
    </p>
   </div>
   <div class='ocr_carea' id='block_1_26' title="bbox 623 2488 2194 2570">
    <p class='ocr_par' dir='ltr' id='par_1_26' title="bbox 623 2488 2194 2570">
     <span class='ocr_line' id='line_1_26' title="bbox 623 2488 2194 2570; baseline 0.004 -27"><span class='ocrx_word' id='word_1_169' title='bbox 623 2488 667 2543; x_wconf 87' lang='grc'>0</span> <span class='ocrx_word' id='word_1_170' title='bbox 711 2489 963 2556; x_wconf 88' lang='lat' dir='ltr'><strong>domine,</strong></span> <span class='ocrx_word' id='word_1_171' title='bbox 1013 2491 1171 2556; x_wconf 91' lang='lat' dir='ltr'><strong>mihi,</strong></span> <span class='ocrx_word' id='word_1_172' title='bbox 1203 2506 1415 2570; x_wconf 68' lang='lat' dir='ltr'><strong>quazso,</strong></span> <span class='ocrx_word' id='word_1_173' title='bbox 1449 2495 1667 2559; x_wconf 82' lang='lat' dir='ltr'><strong>ignosce</strong></span> <span class='ocrx_word' id='word_1_174' title='bbox 1696 2511 1710 2547; x_wconf 86' lang='lat'><strong>:</strong></span> <span class='ocrx_word' id='word_1_175' title='bbox 1749 2509 1924 2563; x_wconf 85' lang='lat' dir='ltr'><strong>neque</strong></span> <span class='ocrx_word' id='word_1_176' title='bbox 1955 2494 2099 2549; x_wconf 90' lang='lat' dir='ltr'><strong>enim</strong></span> <span class='ocrx_word' id='word_1_177' title='bbox 2149 2494 2194 2549; x_wconf 87' lang='lat' dir='ltr'><strong>is</strong></span> 
     </span>
    </p>
   </div>
   <div class='ocr_carea' id='block_1_27' title="bbox 619 2581 2194 2654">
    <p class='ocr_par' dir='ltr' id='par_1_27' title="bbox 619 2581 2194 2654">
     <span class='ocr_line' id='line_1_27' title="bbox 619 2581 2194 2654; baseline 0.001 -17"><span class='ocrx_word' id='word_1_178' title='bbox 619 2596 745 2637; x_wconf 88' lang='lat' dir='ltr'><strong>sum</strong></span> <span class='ocrx_word' id='word_1_179' title='bbox 787 2595 911 2651; x_wconf 82' lang='lat' dir='ltr'><strong>ego,</strong></span> <span class='ocrx_word' id='word_1_180' title='bbox 961 2581 1056 2651; x_wconf 86' lang='lat' dir='ltr'><strong>qui</strong></span> <span class='ocrx_word' id='word_1_181' title='bbox 1104 2592 1211 2635; x_wconf 86' lang='lat' dir='ltr'><strong>tam</strong></span> <span class='ocrx_word' id='word_1_182' title='bbox 1261 2583 1544 2639; x_wconf 80' lang='lat' dir='ltr'><strong>tremendb</strong></span> <span class='ocrx_word' id='word_1_183' title='bbox 1590 2585 1895 2639; x_wconf 86' lang='lat' dir='ltr'><strong>ministerio</strong></span> <span class='ocrx_word' id='word_1_184' title='bbox 1930 2599 2029 2654; x_wconf 89' lang='lat' dir='ltr'><strong>par</strong></span> <span class='ocrx_word' id='word_1_185' title='bbox 2071 2599 2194 2639; x_wconf 84' lang='lat' dir='ltr'><strong>esse</strong></span> 
     </span>
    </p>
   </div>
   <div class='ocr_carea' id='block_1_28' title="bbox 621 2672 2192 2750">
    <p class='ocr_par' dir='ltr' id='par_1_28' title="bbox 621 2672 2192 2750">
     <span class='ocr_line' id='line_1_28' title="bbox 621 2672 2192 2750; baseline 0.004 -25"><span class='ocrx_word' id='word_1_186' title='bbox 621 2675 851 2742; x_wconf 85' lang='lat' dir='ltr'><strong>possim.</strong></span> <span class='ocrx_word' id='word_1_187' title='bbox 885 2672 1035 2728; x_wconf 64' lang='lat' dir='ltr'><strong>Cum</strong></span> <span class='ocrx_word' id='word_1_188' title='bbox 1069 2675 1194 2729; x_wconf 86' lang='lat' dir='ltr'><strong>eum</strong></span> <span class='ocrx_word' id='word_1_189' title='bbox 1249 2674 1604 2750; x_wconf 83' lang='lat' dir='ltr'><strong>nihilominus</strong></span> <span class='ocrx_word' id='word_1_190' title='bbox 1634 2675 1873 2746; x_wconf 77' lang='lat' dir='ltr'><strong>pontifex</strong></span> <span class='ocrx_word' id='word_1_191' title='bbox 1919 2677 2192 2732; x_wconf 78' lang='lat' dir='ltr'><strong>maximus</strong></span> 
     </span>
    </p>
   </div>
   <div class='ocr_carea' id='block_1_29' title="bbox 619 2763 2193 2836">
    <p class='ocr_par' dir='ltr' id='par_1_29' title="bbox 619 2763 2193 2836">
     <span class='ocr_line' id='line_1_29' title="bbox 619 2763 2193 2836; baseline 0.004 -19"><span class='ocrx_word' id='word_1_192' title='bbox 619 2763 958 2832; x_wconf 80' lang='lat' dir='ltr'><strong>burtaretur,</strong></span> <span class='ocrx_word' id='word_1_193' title='bbox 996 2781 1065 2821; x_wconf 90' lang='lat' dir='ltr'><strong>ne</strong></span> <span class='ocrx_word' id='word_1_194' title='bbox 1091 2766 1261 2822; x_wconf 82' lang='lat' dir='ltr'><strong>Deum</strong></span> <span class='ocrx_word' id='word_1_195' title='bbox 1290 2768 1394 2823; x_wconf 83' lang='lat' dir='ltr'><strong>sibi</strong></span> <span class='ocrx_word' id='word_1_196' title='bbox 1421 2768 1739 2824; x_wconf 85' lang='lat' dir='ltr'><strong>adfuturum</strong></span> <span class='ocrx_word' id='word_1_197' title='bbox 1771 2769 2068 2836; x_wconf 83' lang='lat' dir='ltr'><strong>dubitaret,</strong></span> <span class='ocrx_word' id='word_1_198' title='bbox 2107 2778 2193 2823; x_wconf 92' lang='lat' dir='ltr'><strong>ut—</strong></span> 
     </span>
    </p>
   </div>
   <div class='ocr_carea' id='block_1_30' title="bbox 577 2857 2191 2935">
    <p class='ocr_par' dir='ltr' id='par_1_30' title="bbox 577 2857 2191 2935">
     <span class='ocr_line' id='line_1_30' title="bbox 577 2857 2191 2935; baseline 0.002 -25"><span class='ocrx_word' id='word_1_199' title='bbox 577 2915 581 2919; x_wconf 19' lang='lat'><strong>,</strong></span> <span class='ocrx_word' id='word_1_200' title='bbox 621 2869 730 2925; x_wconf 90' lang='lat' dir='ltr'><strong>que</strong></span> <span class='ocrx_word' id='word_1_201' title='bbox 762 2857 1102 2913; x_wconf 84' lang='lat' dir='ltr'><strong>meminisset</strong></span> <span class='ocrx_word' id='word_1_202' title='bbox 1131 2873 1349 2929; x_wconf 62' lang='lat' dir='ltr'><strong>gravem</strong></span> <span class='ocrx_word' id='word_1_203' title='bbox 1403 2861 1468 2915; x_wconf 88' lang='lat' dir='ltr'><strong>iis</strong></span> <span class='ocrx_word' id='word_1_204' title='bbox 1517 2875 1734 2935; x_wconf 73' lang='lat' dir='ltr'><strong>pmnam</strong></span> <span class='ocrx_word' id='word_1_205' title='bbox 1784 2876 1890 2915; x_wconf 91' lang='lat' dir='ltr'><strong>non</strong></span> <span class='ocrx_word' id='word_1_206' title='bbox 1929 2859 2191 2925; x_wconf 88' lang='lat' dir='ltr'><strong>defuisse,</strong></span> 
     </span>
    </p>
   </div>
   <div class='ocr_carea' id='block_1_31' title="bbox 621 2948 2194 3020">
    <p class='ocr_par' dir='ltr' id='par_1_31' title="bbox 621 2948 2194 3020">
     <span class='ocr_line' id='line_1_31' title="bbox 621 2948 2194 3020; baseline 0.003 -20"><span class='ocrx_word' id='word_1_207' title='bbox 621 2948 718 3018; x_wconf 89' lang='lat' dir='ltr'><strong>qui</strong></span> <span class='ocrx_word' id='word_1_208' title='bbox 743 2958 1176 3018; x_wconf 82' lang='lat' dir='ltr'><strong>repugnassent;</strong></span> <span class='ocrx_word' id='word_1_209' title='bbox 1207 2952 1470 3019; x_wconf 84' lang='lat' dir='ltr'><strong>temporis</strong></span> <span class='ocrx_word' id='word_1_210' title='bbox 1511 2952 1615 3006; x_wconf 88' lang='lat' dir='ltr'><strong>sibi</strong></span> <span class='ocrx_word' id='word_1_211' title='bbox 1662 2951 1867 3020; x_wconf 84' lang='lat' dir='ltr'><strong>aliquid</strong></span> <span class='ocrx_word' id='word_1_212' title='bbox 1897 2951 2014 3004; x_wconf 88' lang='lat' dir='ltr'><strong>dari</strong></span> <span class='ocrx_word' id='word_1_213' title='bbox 2055 2950 2194 3005; x_wconf 83' lang='lat' dir='ltr'><strong>Gre-</strong></span> 
     </span>
    </p>
   </div>
   <div class='ocr_carea' id='block_1_32' title="bbox 615 3041 2194 3112">
    <p class='ocr_par' dir='ltr' id='par_1_32' title="bbox 615 3041 2194 3112">
     <span class='ocr_line' id='line_1_32' title="bbox 615 3041 2194 3112; baseline 0 -15"><span class='ocrx_word' id='word_1_214' title='bbox 615 3041 811 3112; x_wconf 84' lang='lat' dir='ltr'><strong>gorius</strong></span> <span class='ocrx_word' id='word_1_215' title='bbox 833 3041 1011 3109; x_wconf 81' lang='lat' dir='ltr'><strong>petiit,</strong></span> <span class='ocrx_word' id='word_1_216' title='bbox 1036 3051 1326 3112; x_wconf 78' lang='lat' dir='ltr'><strong>antequam</strong></span> <span class='ocrx_word' id='word_1_217' title='bbox 1354 3041 1682 3096; x_wconf 77' lang='lat' dir='ltr'><strong>sententiam</strong></span> <span class='ocrx_word' id='word_1_218' title='bbox 1715 3043 1790 3096; x_wconf 88' lang='lat' dir='ltr'><strong>illi</strong></span> <span class='ocrx_word' id='word_1_219' title='bbox 1821 3056 1974 3097; x_wconf 87' lang='lat' dir='ltr'><strong>suam</strong></span> <span class='ocrx_word' id='word_1_220' title='bbox 2006 3057 2194 3097; x_wconf 88' lang='lat' dir='ltr'><strong>rursus</strong></span> 
     </span>
    </p>
   </div>
   <div class='ocr_carea' id='block_1_33' title="bbox 621 3111 2192 3202">
    <p class='ocr_par' dir='ltr' id='par_1_33' title="bbox 621 3111 2192 3202">
     <span class='ocr_line' id='line_1_33' title="bbox 621 3111 2192 3202; baseline 0 -16"><span class='ocrx_word' id='word_1_221' title='bbox 621 3111 878 3202; x_wconf 77' lang='lat' dir='ltr'><strong>aperiret.</strong></span> <span class='ocrx_word' id='word_1_222' title='bbox 928 3130 1066 3186; x_wconf 90' lang='lat' dir='ltr'><strong>Tum</strong></span> <span class='ocrx_word' id='word_1_223' title='bbox 1100 3111 1349 3186; x_wconf 74' lang='lat' dir='ltr'><strong>abbatem</strong></span> <span class='ocrx_word' id='word_1_224' title='bbox 1397 3140 1621 3187; x_wconf 88' lang='lat' dir='ltr'><strong>secutus</strong></span> <span class='ocrx_word' id='word_1_225' title='bbox 1673 3133 1726 3185; x_wconf 92' lang='lat' dir='ltr'><strong>in</strong></span> <span class='ocrx_word' id='word_1_226' title='bbox 1771 3131 2019 3188; x_wconf 80' lang='lat' dir='ltr'><strong>cellulam</strong></span> <span class='ocrx_word' id='word_1_227' title='bbox 2070 3130 2192 3201; x_wconf 88' lang='lat' dir='ltr'><strong>ejus</strong></span> 
     </span>
    </p>
   </div>
   <div class='ocr_carea' id='block_1_34' title="bbox 620 3222 2260 3308">
    <p class='ocr_par' dir='ltr' id='par_1_34' title="bbox 620 3222 2260 3308">
     <span class='ocr_line' id='line_1_34' title="bbox 620 3222 2260 3308; baseline -0.001 -28"><span class='ocrx_word' id='word_1_228' title='bbox 620 3223 912 3288; x_wconf 88' lang='lat' dir='ltr'><strong>concessit,</strong></span> <span class='ocrx_word' id='word_1_229' title='bbox 961 3222 1076 3296; x_wconf 74' lang='lat' dir='ltr'><strong>[ex]</strong></span> <span class='ocrx_word' id='word_1_230' title='bbox 1124 3233 1286 3294; x_wconf 88' lang='lat' dir='ltr'><strong>atque</strong></span> <span class='ocrx_word' id='word_1_231' title='bbox 1334 3225 1409 3278; x_wconf 93' lang='lat' dir='ltr'><strong>ibi</strong></span> <span class='ocrx_word' id='word_1_232' title='bbox 1455 3234 1668 3278; x_wconf 90' lang='lat' dir='ltr'><strong>noctem</strong></span> <span class='ocrx_word' id='word_1_233' title='bbox 1699 3233 1866 3278; x_wconf 82' lang='lat' dir='ltr'><strong>totum</strong></span> <span class='ocrx_word' id='word_1_234' title='bbox 1909 3224 2191 3279; x_wconf 84' lang='lat' dir='ltr'><strong>insomnes</strong></span> <span class='ocrx_word' id='word_1_235' title='bbox 2219 3252 2260 3308; x_wconf 65' lang='grc' dir='ltr'><strong>ρ</strong></span> 
     </span>
    </p>
   </div>
   <div class='ocr_carea' id='block_1_35' title="bbox 621 3315 2194 3387">
    <p class='ocr_par' dir='ltr' id='par_1_35' title="bbox 621 3315 2194 3387">
     <span class='ocr_line' id='line_1_35' title="bbox 621 3315 2194 3387; baseline -0.001 -14"><span class='ocrx_word' id='word_1_236' title='bbox 621 3319 783 3373; x_wconf 88' lang='lat' dir='ltr'><strong>ambo</strong></span> <span class='ocrx_word' id='word_1_237' title='bbox 830 3325 1152 3387; x_wconf 81' lang='lat' dir='ltr'><strong>exegerunt.</strong></span> <span class='ocrx_word' id='word_1_238' title='bbox 1200 3315 1424 3370; x_wconf 82' lang='lat' dir='ltr'><strong>Volebat</strong></span> <span class='ocrx_word' id='word_1_239' title='bbox 1477 3323 1676 3370; x_wconf 85' lang='lat' dir='ltr'><strong>autem</strong></span> <span class='ocrx_word' id='word_1_240' title='bbox 1713 3316 2007 3386; x_wconf 83' lang='lat' dir='ltr'><strong>Gregorius</strong></span> <span class='ocrx_word' id='word_1_241' title='bbox 2069 3317 2194 3371; x_wconf 90' lang='lat' dir='ltr'><strong>inde</strong></span> 
     </span>
    </p>
   </div>
   <div class='ocr_carea' id='block_1_36' title="bbox 622 3404 2196 3477">
    <p class='ocr_par' dir='ltr' id='par_1_36' title="bbox 622 3404 2196 3477">
     <span class='ocr_line' id='line_1_36' title="bbox 622 3404 2196 3477; baseline -0.001 -16"><span class='ocrx_word' id='word_1_242' title='bbox 622 3407 884 3476; x_wconf 84' lang='lat' dir='ltr'><strong>anfngere</strong></span> <span class='ocrx_word' id='word_1_243' title='bbox 930 3409 982 3460; x_wconf 90' lang='lat' dir='ltr'><strong>in</strong></span> <span class='ocrx_word' id='word_1_244' title='bbox 1039 3405 1352 3477; x_wconf 79' lang='lat' dir='ltr'><strong>Hispaniam</strong></span> <span class='ocrx_word' id='word_1_245' title='bbox 1401 3404 1536 3474; x_wconf 79' lang='lat'><strong>(58).</strong></span> <span class='ocrx_word' id='word_1_246' title='bbox 1597 3404 1864 3461; x_wconf 65' lang='lat' dir='ltr'><strong>Caeterum</strong></span> <span class='ocrx_word' id='word_1_247' title='bbox 1911 3406 2196 3476; x_wconf 85' lang='lat' dir='ltr'><strong>ignorabat</strong></span> 
     </span>
    </p>
   </div>
   <div class='ocr_carea' id='block_1_37' title="bbox 623 3500 2195 3571">
    <p class='ocr_par' dir='ltr' id='par_1_37' title="bbox 623 3500 2195 3571">
     <span class='ocr_line' id='line_1_37' title="bbox 623 3500 2195 3571; baseline -0.001 -16"><span class='ocrx_word' id='word_1_248' title='bbox 623 3501 785 3555; x_wconf 91' lang='lat' dir='ltr'><strong>etiam</strong></span> <span class='ocrx_word' id='word_1_249' title='bbox 839 3509 953 3555; x_wconf 90' lang='lat' dir='ltr'><strong>tum</strong></span> <span class='ocrx_word' id='word_1_250' title='bbox 1008 3512 1285 3571; x_wconf 88' lang='lat' dir='ltr'><strong>parentem</strong></span> <span class='ocrx_word' id='word_1_251' title='bbox 1328 3514 1551 3569; x_wconf 86' lang='lat' dir='ltr'><strong>quoque</strong></span> <span class='ocrx_word' id='word_1_252' title='bbox 1602 3500 1771 3568; x_wconf 82' lang='lat' dir='ltr'><strong>ipsius</strong></span> <span class='ocrx_word' id='word_1_253' title='bbox 1817 3500 2014 3553; x_wconf 86' lang='lat' dir='ltr'><strong>ibidem</strong></span> <span class='ocrx_word' id='word_1_254' title='bbox 2071 3516 2195 3555; x_wconf 87' lang='lat' dir='ltr'><strong>esse</strong></span> 
     </span>
    </p>
   </div>
   <div class='ocr_carea' id='block_1_38' title="bbox 539 3591 2190 3665">
    <p class='ocr_par' dir='ltr' id='par_1_38' title="bbox 539 3591 2190 3665">
     <span class='ocr_line' id='line_1_38' title="bbox 539 3591 2190 3665; baseline -0.001 -17"><span class='ocrx_word' id='word_1_255' title='bbox 539 3592 542 3596; x_wconf 83' lang='grc'><strong>’</strong></span> <span class='ocrx_word' id='word_1_256' title='bbox 622 3611 745 3648; x_wconf 83' lang='lat' dir='ltr'><strong>(‘um</strong></span> <span class='ocrx_word' id='word_1_257' title='bbox 786 3595 996 3665; x_wconf 71' lang='lat' dir='ltr'><strong>reliquo</strong></span> <span class='ocrx_word' id='word_1_258' title='bbox 1039 3593 1262 3664; x_wconf 87' lang='lat' dir='ltr'><strong>populo.</strong></span> <span class='ocrx_word' id='word_1_259' title='bbox 1302 3593 1402 3646; x_wconf 89' lang='lat' dir='ltr'><strong>Cui</strong></span> <span class='ocrx_word' id='word_1_260' title='bbox 1461 3592 1671 3646; x_wconf 83' lang='lat' dir='ltr'><strong>abbas:</strong></span> <span class='ocrx_word' id='word_1_261' title='bbox 1701 3591 1945 3658; x_wconf 82' lang='lat' dir='ltr'><strong>Nostine,</strong></span> <span class='ocrx_word' id='word_1_262' title='bbox 1998 3595 2190 3662; x_wconf 83' lang='lat' dir='ltr'><strong>inquit,</strong></span> 
     </span>
    </p>
   </div>
   <div class='ocr_carea' id='block_1_39' title="bbox 623 3683 2191 3757">
    <p class='ocr_par' dir='ltr' id='par_1_39' title="bbox 623 3683 2191 3757">
     <span class='ocr_line' id='line_1_39' title="bbox 623 3683 2191 3757; baseline 0.001 -19"><span class='ocrx_word' id='word_1_263' title='bbox 623 3684 718 3747; x_wconf 79' lang='lat' dir='ltr'><strong>fili,</strong></span> <span class='ocrx_word' id='word_1_264' title='bbox 764 3686 1048 3749; x_wconf 77' lang='lat' dir='ltr'><strong>dominum</strong></span> <span class='ocrx_word' id='word_1_265' title='bbox 1094 3683 1443 3739; x_wconf 76' lang='lat' dir='ltr'><strong>Cbaritonem</strong></span> <span class='ocrx_word' id='word_1_266' title='bbox 1491 3695 1696 3753; x_wconf 84' lang='lat' dir='ltr'><strong>patrem</strong></span> <span class='ocrx_word' id='word_1_267' title='bbox 1747 3692 1898 3748; x_wconf 86' lang='lat' dir='ltr'><strong>tuum</strong></span> <span class='ocrx_word' id='word_1_268' title='bbox 1932 3688 2036 3741; x_wconf 87' lang='lat' dir='ltr'><strong>huc</strong></span> <span class='ocrx_word' id='word_1_269' title='bbox 2067 3702 2191 3757; x_wconf 85' lang='lat' dir='ltr'><strong>cum</strong></span> 
     </span>
    </p>
   </div>
   <div class='ocr_carea' id='block_1_40' title="bbox 622 3773 2191 3844">
    <p class='ocr_par' dir='ltr' id='par_1_40' title="bbox 622 3773 2191 3844">
     <span class='ocr_line' id='line_1_40' title="bbox 622 3773 2191 3844; baseline -0.001 -15"><span class='ocrx_word' id='word_1_270' title='bbox 622 3776 836 3829; x_wconf 57' lang='lat' dir='ltr'><strong>exteris</strong></span> <span class='ocrx_word' id='word_1_271' title='bbox 865 3774 1187 3828; x_wconf 76' lang='lat' dir='ltr'><strong>orthodoxis</strong></span> <span class='ocrx_word' id='word_1_272' title='bbox 1216 3773 1427 3829; x_wconf 78' lang='lat' dir='ltr'><strong>civibus</strong></span> <span class='ocrx_word' id='word_1_273' title='bbox 1451 3773 1757 3838; x_wconf 86' lang='lat' dir='ltr'><strong>advenisse,</strong></span> <span class='ocrx_word' id='word_1_274' title='bbox 1784 3786 1839 3830; x_wconf 90' lang='lat' dir='ltr'><strong>et</strong></span> <span class='ocrx_word' id='word_1_275' title='bbox 1867 3775 2008 3844; x_wconf 88' lang='lat' dir='ltr'><strong>apud</strong></span> <span class='ocrx_word' id='word_1_276' title='bbox 2039 3791 2191 3828; x_wconf 89' lang='lat' dir='ltr'><strong>com-</strong></span> 
     </span>
    </p>
   </div>
   <div class='ocr_carea' id='block_1_41' title="bbox 545 3864 2192 3935">
    <p class='ocr_par' dir='ltr' id='par_1_41' title="bbox 545 3864 2192 3935">
     <span class='ocr_line' id='line_1_41' title="bbox 545 3864 2192 3935; baseline -0.001 -14"><span class='ocrx_word' id='word_1_277' title='bbox 545 3864 552 3870; x_wconf 76' lang='grc'><strong>”</strong></span> <span class='ocrx_word' id='word_1_278' title='bbox 623 3881 845 3922; x_wconf 87' lang='lat' dir='ltr'><strong>munem</strong></span> <span class='ocrx_word' id='word_1_279' title='bbox 895 3877 1173 3935; x_wconf 85' lang='lat' dir='ltr'><strong>parentem</strong></span> <span class='ocrx_word' id='word_1_280' title='bbox 1203 3875 1475 3919; x_wconf 83' lang='lat' dir='ltr'><strong>-nostrum</strong></span> <span class='ocrx_word' id='word_1_281' title='bbox 1524 3865 1840 3934; x_wconf 80' lang='lat' dir='ltr'><strong>ponti-licem</strong></span> <span class='ocrx_word' id='word_1_282' title='bbox 1897 3868 2192 3920; x_wconf 73' lang='lat' dir='ltr'><strong>maximum</strong></span> 
     </span>
    </p>
   </div>
   <div class='ocr_carea' id='block_1_42' title="bbox 624 3953 2190 4030">
    <p class='ocr_par' dir='ltr' id='par_1_42' title="bbox 624 3953 2190 4030">
     <span class='ocr_line' id='line_1_42' title="bbox 624 3953 2190 4030; baseline 0.001 -18"><span class='ocrx_word' id='word_1_283' title='bbox 624 3973 821 4026; x_wconf 74' lang='lat' dir='ltr'><strong>magna</strong></span> <span class='ocrx_word' id='word_1_284' title='bbox 873 3971 994 4010; x_wconf 91' lang='lat' dir='ltr'><strong>esse</strong></span> <span class='ocrx_word' id='word_1_285' title='bbox 1040 3957 1096 4010; x_wconf 90' lang='lat' dir='ltr'><strong>in</strong></span> <span class='ocrx_word' id='word_1_286' title='bbox 1141 3955 1354 4026; x_wconf 82' lang='lat' dir='ltr'><strong>gratia?</strong></span> <span class='ocrx_word' id='word_1_287' title='bbox 1389 3953 1512 4011; x_wconf 62' lang='lat' dir='ltr'><strong>Haec</strong></span> <span class='ocrx_word' id='word_1_288' title='bbox 1555 3968 1614 4010; x_wconf 88' lang='lat' dir='ltr'><strong>ut</strong></span> <span class='ocrx_word' id='word_1_289' title='bbox 1659 3956 1830 4012; x_wconf 88' lang='lat' dir='ltr'><strong>audiit</strong></span> <span class='ocrx_word' id='word_1_290' title='bbox 1869 3955 2190 4030; x_wconf 88' lang='lat' dir='ltr'><strong>Gregorius,</strong></span> 
     </span>
    </p>
   </div>
   <div class='ocr_carea' id='block_1_43' title="bbox 625 4047 2195 4120">
    <p class='ocr_par' dir='ltr' id='par_1_43' title="bbox 625 4047 2195 4120">
     <span class='ocr_line' id='line_1_43' title="bbox 625 4047 2195 4120; baseline 0.001 -18"><span class='ocrx_word' id='word_1_291' title='bbox 625 4051 676 4102; x_wconf 90' lang='lat' dir='ltr'><strong>in</strong></span> <span class='ocrx_word' id='word_1_292' title='bbox 704 4049 857 4102; x_wconf 76' lang='lat' dir='ltr'><strong>Eoluit</strong></span> <span class='ocrx_word' id='word_1_293' title='bbox 895 4049 1215 4118; x_wconf 87' lang='lat' dir='ltr'><strong>plurimum,</strong></span> <span class='ocrx_word' id='word_1_294' title='bbox 1258 4058 1310 4103; x_wconf 92' lang='lat' dir='ltr'><strong>et</strong></span> <span class='ocrx_word' id='word_1_295' title='bbox 1343 4047 1525 4120; x_wconf 85' lang='lat' dir='ltr'><strong>fugam</strong></span> <span class='ocrx_word' id='word_1_296' title='bbox 1557 4049 1626 4104; x_wconf 89' lang='lat' dir='ltr'><strong>ab</strong></span> <span class='ocrx_word' id='word_1_297' title='bbox 1652 4049 1786 4105; x_wconf 90' lang='lat' dir='ltr'><strong>urbe</strong></span> <span class='ocrx_word' id='word_1_298' title='bbox 1821 4051 1994 4120; x_wconf 80' lang='lat' dir='ltr'><strong>magis</strong></span> <span class='ocrx_word' id='word_1_299' title='bbox 2024 4052 2195 4106; x_wconf 86' lang='lat' dir='ltr'><strong>medi-</strong></span> 
     </span>
    </p>
   </div>
   <div class='ocr_carea' id='block_1_44' title="bbox 625 4141 2192 4213">
    <p class='ocr_par' dir='ltr' id='par_1_44' title="bbox 625 4141 2192 4213">
     <span class='ocr_line' id='line_1_44' title="bbox 625 4141 2192 4213; baseline 0.002 -19"><span class='ocrx_word' id='word_1_300' title='bbox 625 4143 863 4196; x_wconf 84' lang='lat' dir='ltr'><strong>tabatur.</strong></span> <span class='ocrx_word' id='word_1_301' title='bbox 918 4141 987 4197; x_wconf 87' lang='lat' dir='ltr'><strong>At</strong></span> <span class='ocrx_word' id='word_1_302' title='bbox 1027 4142 1194 4197; x_wconf 82' lang='lat' dir='ltr'><strong>abbas</strong></span> <span class='ocrx_word' id='word_1_303' title='bbox 1228 4143 1582 4212; x_wconf 84' lang='lat' dir='ltr'><strong>interpellans</strong></span> <span class='ocrx_word' id='word_1_304' title='bbox 1616 4141 1828 4206; x_wconf 85' lang='lat' dir='ltr'><strong>:Cave,</strong></span> <span class='ocrx_word' id='word_1_305' title='bbox 1865 4143 2062 4213; x_wconf 88' lang='lat' dir='ltr'><strong>inquit,</strong></span> <span class='ocrx_word' id='word_1_306' title='bbox 2098 4144 2192 4208; x_wconf 82' lang='lat' dir='ltr'><strong>fili,</strong></span> 
     </span>
    </p>
   </div>
   <div class='ocr_carea' id='block_1_45' title="bbox 623 4235 2194 4307">
    <p class='ocr_par' dir='ltr' id='par_1_45' title="bbox 623 4235 2194 4307">
     <span class='ocr_line' id='line_1_45' title="bbox 623 4235 2194 4307; baseline 0 -17"><span class='ocrx_word' id='word_1_307' title='bbox 623 4251 692 4290; x_wconf 91' lang='lat' dir='ltr'><strong>nc</strong></span> <span class='ocrx_word' id='word_1_308' title='bbox 745 4235 836 4288; x_wconf 86' lang='lat' dir='ltr'><strong>Dei</strong></span> <span class='ocrx_word' id='word_1_309' title='bbox 891 4236 1026 4288; x_wconf 89' lang='lat' dir='ltr'><strong>iram</strong></span> <span class='ocrx_word' id='word_1_310' title='bbox 1083 4235 1396 4290; x_wconf 88' lang='lat' dir='ltr'><strong>accendas:</strong></span> <span class='ocrx_word' id='word_1_311' title='bbox 1431 4236 1572 4290; x_wconf 88' lang='lat' dir='ltr'><strong>nosti</strong></span> <span class='ocrx_word' id='word_1_312' title='bbox 1614 4235 1879 4306; x_wconf 90' lang='lat' dir='ltr'><strong>profecto,</strong></span> <span class='ocrx_word' id='word_1_313' title='bbox 1921 4237 2051 4307; x_wconf 89' lang='lat' dir='ltr'><strong>quid</strong></span> <span class='ocrx_word' id='word_1_314' title='bbox 2099 4236 2194 4291; x_wconf 91' lang='lat' dir='ltr'><strong>tibi</strong></span> 
     </span>
    </p>
   </div>
   <div class='ocr_carea' id='block_1_46' title="bbox 622 4323 2195 4398">
    <p class='ocr_par' dir='ltr' id='par_1_46' title="bbox 622 4323 2195 4398">
     <span class='ocr_line' id='line_1_46' title="bbox 622 4323 2195 4398; baseline 0.001 -19"><span class='ocrx_word' id='word_1_315' title='bbox 622 4326 751 4379; x_wconf 88' lang='lat' dir='ltr'><strong>nIim</strong></span> <span class='ocrx_word' id='word_1_316' title='bbox 781 4325 1097 4394; x_wconf 82' lang='lat' dir='ltr'><strong>praeceperit</strong></span> <span class='ocrx_word' id='word_1_317' title='bbox 1117 4325 1310 4380; x_wconf 84' lang='lat' dir='ltr'><strong>beatus</strong></span> <span class='ocrx_word' id='word_1_318' title='bbox 1337 4323 1428 4380; x_wconf 90' lang='lat' dir='ltr'><strong>ille</strong></span> <span class='ocrx_word' id='word_1_319' title='bbox 1453 4339 1640 4398; x_wconf 84' lang='lat' dir='ltr'><strong>senex,</strong></span> <span class='ocrx_word' id='word_1_320' title='bbox 1668 4326 1809 4397; x_wconf 85' lang='lat' dir='ltr'><strong>apud</strong></span> <span class='ocrx_word' id='word_1_321' title='bbox 1834 4341 1995 4396; x_wconf 87' lang='lat' dir='ltr'><strong>quem</strong></span> <span class='ocrx_word' id='word_1_322' title='bbox 2023 4341 2195 4382; x_wconf 91' lang='lat' dir='ltr'><strong>annos</strong></span> 
     </span>
    </p>
   </div>
   <div class='ocr_carea' id='block_1_47' title="bbox 620 4418 2196 4493">
    <p class='ocr_par' dir='ltr' id='par_1_47' title="bbox 620 4418 2196 4493">
     <span class='ocr_line' id='line_1_47' title="bbox 620 4418 2196 4493; baseline 0.002 -21"><span class='ocrx_word' id='word_1_323' title='bbox 620 4428 858 4489; x_wconf 87' lang='lat' dir='ltr'><strong>quatuor</strong></span> <span class='ocrx_word' id='word_1_324' title='bbox 887 4429 1139 4473; x_wconf 82' lang='lat' dir='ltr'><strong>versatus</strong></span> <span class='ocrx_word' id='word_1_325' title='bbox 1168 4434 1228 4474; x_wconf 88' lang='lat' dir='ltr'><strong>es</strong></span> <span class='ocrx_word' id='word_1_326' title='bbox 1261 4437 1273 4472; x_wconf 90' lang='lat'><strong>:</strong></span> <span class='ocrx_word' id='word_1_327' title='bbox 1309 4418 1460 4488; x_wconf 87' lang='lat' dir='ltr'><strong>atqui</strong></span> <span class='ocrx_word' id='word_1_328' title='bbox 1505 4420 1622 4489; x_wconf 91' lang='lat' dir='ltr'><strong>ipse</strong></span> <span class='ocrx_word' id='word_1_329' title='bbox 1657 4419 1847 4493; x_wconf 86' lang='lat' dir='ltr'><strong>etiam,</strong></span> <span class='ocrx_word' id='word_1_330' title='bbox 1900 4429 1958 4474; x_wconf 91' lang='lat' dir='ltr'><strong>ut</strong></span> <span class='ocrx_word' id='word_1_331' title='bbox 1998 4429 2196 4475; x_wconf 70' lang='lat' dir='ltr'><strong>caetera</strong></span> 
     </span>
    </p>
   </div>
   <div class='ocr_carea' id='block_1_48' title="bbox 618 4510 2192 4587">
    <p class='ocr_par' dir='ltr' id='par_1_48' title="bbox 618 4510 2192 4587">
     <span class='ocr_line' id='line_1_48' title="bbox 618 4510 2192 4587; baseline 0.001 -21"><span class='ocrx_word' id='word_1_332' title='bbox 618 4515 687 4567; x_wconf 89' lang='lat' dir='ltr'><strong>de</strong></span> <span class='ocrx_word' id='word_1_333' title='bbox 727 4522 799 4577; x_wconf 81' lang='lat' dir='ltr'><strong>te,</strong></span> <span class='ocrx_word' id='word_1_334' title='bbox 860 4513 931 4564; x_wconf 82' lang='lat' dir='ltr'><strong>ita</strong></span> <span class='ocrx_word' id='word_1_335' title='bbox 983 4514 1084 4564; x_wconf 89' lang='lat' dir='ltr'><strong>hoc</strong></span> <span class='ocrx_word' id='word_1_336' title='bbox 1122 4527 1344 4582; x_wconf 79' lang='lat' dir='ltr'><strong>quoqu</strong></span> <span class='ocrx_word' id='word_1_337' title='bbox 1387 4510 1500 4566; x_wconf 82' lang='lat' dir='ltr'><strong>Deo</strong></span> <span class='ocrx_word' id='word_1_338' title='bbox 1537 4520 1882 4587; x_wconf 83' lang='lat' dir='ltr'><strong>monstrante</strong></span> <span class='ocrx_word' id='word_1_339' title='bbox 1919 4513 2192 4583; x_wconf 64' lang='lat' dir='ltr'><strong>cognovit,</strong></span> 
     </span>
    </p>
   </div>
   <div class='ocr_carea' id='block_1_49' title="bbox 621 4604 2194 4675">
    <p class='ocr_par' dir='ltr' id='par_1_49' title="bbox 621 4604 2194 4675">
     <span class='ocr_line' id='line_1_49' title="bbox 621 4604 2194 4675; baseline 0.001 -16"><span class='ocrx_word' id='word_1_340' title='bbox 621 4607 666 4659; x_wconf 89' lang='lat' dir='ltr'><strong>si</strong></span> <span class='ocrx_word' id='word_1_341' title='bbox 711 4605 843 4675; x_wconf 89' lang='lat' dir='ltr'><strong>quid</strong></span> <span class='ocrx_word' id='word_1_342' title='bbox 875 4613 1062 4658; x_wconf 77' lang='lat' dir='ltr'><strong>comra</strong></span> <span class='ocrx_word' id='word_1_343' title='bbox 1098 4619 1266 4658; x_wconf 87' lang='lat' dir='ltr'><strong>ausus</strong></span> <span class='ocrx_word' id='word_1_344' title='bbox 1299 4604 1472 4668; x_wconf 73' lang='lat' dir='ltr'><strong>esSes,</strong></span> <span class='ocrx_word' id='word_1_345' title='bbox 1509 4606 1605 4660; x_wconf 88' lang='lat' dir='ltr'><strong>tibi</strong></span> <span class='ocrx_word' id='word_1_346' title='bbox 1640 4620 1738 4675; x_wconf 87' lang='lat' dir='ltr'><strong>pro</strong></span> <span class='ocrx_word' id='word_1_347' title='bbox 1779 4606 1965 4660; x_wconf 86' lang='lat' dir='ltr'><strong>divino</strong></span> <span class='ocrx_word' id='word_1_348' title='bbox 2012 4605 2194 4660; x_wconf 84' lang='lat' dir='ltr'><strong>favore</strong></span> 
     </span>
    </p>
   </div>
   <div class='ocr_carea' id='block_1_50' title="bbox 623 4689 2226 4767">
    <p class='ocr_par' dir='ltr' id='par_1_50' title="bbox 623 4689 2226 4767">
     <span class='ocr_line' id='line_1_50' title="bbox 623 4689 2226 4767; baseline -0.002 -13"><span class='ocrx_word' id='word_1_349' title='bbox 623 4703 758 4754; x_wconf 83' lang='lat' dir='ltr'><strong>iram</strong></span> <span class='ocrx_word' id='word_1_350' title='bbox 792 4708 844 4754; x_wconf 90' lang='lat' dir='ltr'><strong>et</strong></span> <span class='ocrx_word' id='word_1_351' title='bbox 877 4697 1102 4752; x_wconf 81' lang='lat' dir='ltr'><strong>exitium</strong></span> <span class='ocrx_word' id='word_1_352' title='bbox 1143 4695 1429 4754; x_wconf 89' lang='lat' dir='ltr'><strong>imminere</strong></span> <span class='ocrx_word' id='word_1_353' title='bbox 1459 4695 1719 4767; x_wconf 41' lang='lat' dir='ltr'><strong>(59).‘Ad</strong></span> <span class='ocrx_word' id='word_1_354' title='bbox 1754 4689 1870 4752; x_wconf 61' lang='lat' dir='ltr'><strong>haec</strong></span> <span class='ocrx_word' id='word_1_355' title='bbox 1899 4711 2027 4750; x_wconf 88' lang='lat' dir='ltr'><strong>vero</strong></span> <span class='ocrx_word' id='word_1_356' title='bbox 2059 4696 2194 4751; x_wconf 90' lang='lat' dir='ltr'><strong>Gre-</strong></span> <span class='ocrx_word' id='word_1_357' title='bbox 2224 4718 2226 4720; x_wconf 92' lang='grc'><strong>·</strong></span> 
     </span>
    </p>
   </div>
   <div class='ocr_carea' id='block_1_51' title="bbox 623 4778 2193 4858">
    <p class='ocr_par' dir='ltr' id='par_1_51' title="bbox 623 4778 2193 4858">
     <span class='ocr_line' id='line_1_51' title="bbox 623 4778 2193 4858; baseline 0 -16"><span class='ocrx_word' id='word_1_358' title='bbox 623 4791 809 4858; x_wconf 61' lang='grc' dir='ltr'>μοι’ἱιις</span> <span class='ocrx_word' id='word_1_359' title='bbox 840 4788 1132 4857; x_wconf 76' lang='lat' dir='ltr'><strong>acquievit.</strong></span> <span class='ocrx_word' id='word_1_360' title='bbox 1167 4778 1277 4841; x_wconf 83' lang='lat' dir='ltr'><strong>Nec</strong></span> <span class='ocrx_word' id='word_1_361' title='bbox 1310 4787 1482 4840; x_wconf 84' lang='lat' dir='ltr'><strong>multo</strong></span> <span class='ocrx_word' id='word_1_362' title='bbox 1504 4797 1625 4856; x_wconf 85' lang='lat' dir='ltr'><strong>post</strong></span> <span class='ocrx_word' id='word_1_363' title='bbox 1647 4787 1887 4856; x_wconf 73' lang='lat' dir='ltr'><strong>pontifex</strong></span> <span class='ocrx_word' id='word_1_364' title='bbox 1922 4789 2193 4842; x_wconf 77' lang='lat' dir='ltr'><strong>maximus</strong></span> 
     </span>
    </p>
   </div>
   <div class='ocr_carea' id='block_1_52' title="bbox 626 4865 2196 4947">
    <p class='ocr_par' dir='ltr' id='par_1_52' title="bbox 626 4865 2196 4947">
     <span class='ocr_line' id='line_1_52' title="bbox 626 4865 2196 4947; baseline -0.001 -12"><span class='ocrx_word' id='word_1_365' title='bbox 626 4865 844 4935; x_wconf 45' lang='lat' dir='ltr'><strong>alicuius</strong></span> <span class='ocrx_word' id='word_1_366' title='bbox 888 4891 1074 4933; x_wconf 82' lang='lat' dir='ltr'><strong>Omnes</strong></span> <span class='ocrx_word' id='word_1_367' title='bbox 1112 4880 1165 4932; x_wconf 88' lang='lat' dir='ltr'><strong>in</strong></span> <span class='ocrx_word' id='word_1_368' title='bbox 1212 4880 1434 4932; x_wconf 89' lang='lat' dir='ltr'><strong>domum</strong></span> <span class='ocrx_word' id='word_1_369' title='bbox 1473 4877 1836 4947; x_wconf 79' lang='lat' dir='ltr'><strong>pontificalem</strong></span> <span class='ocrx_word' id='word_1_370' title='bbox 1865 4888 2087 4944; x_wconf 86' lang='lat' dir='ltr'><strong>coactos</strong></span> <span class='ocrx_word' id='word_1_371' title='bbox 2114 4879 2196 4934; x_wconf 88' lang='lat' dir='ltr'><strong>sic</strong></span> 
     </span>
    </p>
   </div>
   <div class='ocr_carea' id='block_1_53' title="bbox 619 4970 2194 5038">
    <p class='ocr_par' dir='ltr' id='par_1_53' title="bbox 619 4970 2194 5038">
     <span class='ocr_line' id='line_1_53' title="bbox 619 4970 2194 5038; baseline -0.001 -10"><span class='ocrx_word' id='word_1_372' title='bbox 619 4985 704 5030; x_wconf 76' lang='lat' dir='ltr'><strong>cst</strong></span> <span class='ocrx_word' id='word_1_373' title='bbox 740 4975 1004 5027; x_wconf 66' lang='lat' dir='ltr'><strong>allocutus</strong></span> <span class='ocrx_word' id='word_1_374' title='bbox 1051 4989 1062 5023; x_wconf 95' lang='lat'>:</span> <span class='ocrx_word' id='word_1_375' title='bbox 1106 4970 1308 5038; x_wconf 74' lang='lat' dir='ltr'><strong>Ecquid</strong></span> <span class='ocrx_word' id='word_1_376' title='bbox 1344 4970 1563 5022; x_wconf 89' lang='lat' dir='ltr'><strong>demum</strong></span> <span class='ocrx_word' id='word_1_377' title='bbox 1610 4971 1676 5024; x_wconf 91' lang='lat' dir='ltr'><strong>de</strong></span> <span class='ocrx_word' id='word_1_378' title='bbox 1709 4972 1984 5025; x_wconf 77' lang='lat' dir='ltr'><strong>communi</strong></span> <span class='ocrx_word' id='word_1_379' title='bbox 2019 4973 2194 5027; x_wconf 84' lang='lat' dir='ltr'><strong>salute</strong></span> 
     </span>
    </p>
   </div>
   <div class='ocr_carea' id='block_1_54' title="bbox 624 5059 2195 5130">
    <p class='ocr_par' dir='ltr' id='par_1_54' title="bbox 624 5059 2195 5130">
     <span class='ocr_line' id='line_1_54' title="bbox 624 5059 2195 5130; baseline -0.003 -9"><span class='ocrx_word' id='word_1_380' title='bbox 624 5077 800 5120; x_wconf 74' lang='lat' dir='ltr'><strong>vestra</strong></span> <span class='ocrx_word' id='word_1_381' title='bbox 860 5061 1247 5118; x_wconf 84' lang='lat' dir='ltr'><strong>deliberastis?</strong></span> <span class='ocrx_word' id='word_1_382' title='bbox 1287 5062 1374 5116; x_wconf 85' lang='lat' dir='ltr'><strong>cui</strong></span> <span class='ocrx_word' id='word_1_383' title='bbox 1407 5059 1612 5130; x_wconf 89' lang='lat' dir='ltr'><strong>Euplus</strong></span> <span class='ocrx_word' id='word_1_384' title='bbox 1666 5061 2086 5115; x_wconf 86' lang='lat' dir='ltr'><strong>archidiaconus</strong></span> <span class='ocrx_word' id='word_1_385' title='bbox 2139 5071 2195 5121; x_wconf 86' lang='lat' dir='ltr'><strong>et</strong></span> 
     </span>
    </p>
   </div>
   <div class='ocr_carea' id='block_1_55' title="bbox 618 5150 2192 5222">
    <p class='ocr_par' dir='ltr' id='par_1_55' title="bbox 618 5150 2192 5222">
     <span class='ocr_line' id='line_1_55' title="bbox 618 5150 2192 5222; baseline -0.005 -8"><span class='ocrx_word' id='word_1_386' title='bbox 618 5160 843 5214; x_wconf 77' lang='lat' dir='ltr'><strong>Cimrito</strong></span> <span class='ocrx_word' id='word_1_387' title='bbox 907 5159 1007 5209; x_wconf 90' lang='lat' dir='ltr'><strong>hoc</strong></span> <span class='ocrx_word' id='word_1_388' title='bbox 1077 5169 1396 5222; x_wconf 88' lang='lat' dir='ltr'><strong>responsum</strong></span> <span class='ocrx_word' id='word_1_389' title='bbox 1450 5153 1646 5207; x_wconf 90' lang='lat' dir='ltr'><strong>dedere</strong></span> <span class='ocrx_word' id='word_1_390' title='bbox 1687 5171 1702 5207; x_wconf 87' lang='lat'><strong>:</strong></span> <span class='ocrx_word' id='word_1_391' title='bbox 1746 5150 1917 5207; x_wconf 84' lang='lat' dir='ltr'><strong>Nobis</strong></span> <span class='ocrx_word' id='word_1_392' title='bbox 1973 5153 2192 5222; x_wconf 89' lang='lat' dir='ltr'><strong>quidem</strong></span> 
     </span>
    </p>
   </div>
   <div class='ocr_carea' id='block_1_56' title="bbox 622 5245 2195 5316">
    <p class='ocr_par' dir='ltr' id='par_1_56' title="bbox 622 5245 2195 5316">
     <span class='ocr_line' id='line_1_56' title="bbox 622 5245 2195 5316; baseline -0.003 -12"><span class='ocrx_word' id='word_1_393' title='bbox 622 5252 756 5304; x_wconf 79' lang='lat' dir='ltr'><strong>nihil</strong></span> <span class='ocrx_word' id='word_1_394' title='bbox 809 5261 914 5308; x_wconf 83' lang='lat' dir='ltr'><strong>est.</strong></span> <span class='ocrx_word' id='word_1_395' title='bbox 964 5249 1107 5315; x_wconf 81' lang='lat' dir='ltr'><strong>quod</strong></span> <span class='ocrx_word' id='word_1_396' title='bbox 1141 5261 1483 5314; x_wconf 77' lang='lat' dir='ltr'><strong>opponamus</strong></span> <span class='ocrx_word' id='word_1_397' title='bbox 1519 5246 1668 5316; x_wconf 72' lang='lat'><strong>(40);</strong></span> <span class='ocrx_word' id='word_1_398' title='bbox 1725 5245 1828 5300; x_wconf 93' lang='lat' dir='ltr'><strong>hoc</strong></span> <span class='ocrx_word' id='word_1_399' title='bbox 1866 5250 2040 5300; x_wconf 88' lang='lat' dir='ltr'><strong>solum</strong></span> <span class='ocrx_word' id='word_1_400' title='bbox 2096 5248 2195 5301; x_wconf 91' lang='lat' dir='ltr'><strong>ad-</strong></span> 
     </span>
    </p>
   </div>
   <div class='ocr_carea' id='block_1_57' title="bbox 523 5335 2196 5410">
    <p class='ocr_par' dir='ltr' id='par_1_57' title="bbox 523 5335 2196 5410">
     <span class='ocr_line' id='line_1_57' title="bbox 523 5335 2196 5410; baseline -0.004 -12"><span class='ocrx_word' id='word_1_401' title='bbox 523 5367 527 5373; x_wconf 62' lang='grc' dir='ltr'><strong>ί</strong></span> <span class='ocrx_word' id='word_1_402' title='bbox 622 5335 1013 5410; x_wconf 69' lang='lat' dir='ltr'><strong>dittitts,-qttod</strong></span> <span class='ocrx_word' id='word_1_403' title='bbox 1069 5338 1162 5392; x_wconf 78' lang='lat' dir='ltr'><strong>tibi</strong></span> <span class='ocrx_word' id='word_1_404' title='bbox 1219 5335 1362 5391; x_wconf 81' lang='lat' dir='ltr'><strong>Deus</strong></span> <span class='ocrx_word' id='word_1_405' title='bbox 1408 5337 1739 5404; x_wconf 86' lang='lat' dir='ltr'><strong>ostenderit,</strong></span> <span class='ocrx_word' id='word_1_406' title='bbox 1800 5337 1850 5391; x_wconf 82' lang='lat' dir='ltr'><strong>id</strong></span> <span class='ocrx_word' id='word_1_407' title='bbox 1909 5338 1976 5391; x_wconf 89' lang='lat' dir='ltr'><strong>de</strong></span> <span class='ocrx_word' id='word_1_408' title='bbox 2036 5337 2196 5392; x_wconf 84' lang='lat' dir='ltr'><strong>nobis</strong></span> 
     </span>
    </p>
   </div>
   <div class='ocr_carea' id='block_1_58' title="bbox 626 5447 868 5493">
    <p class='ocr_par' dir='ltr' id='par_1_58' title="bbox 626 5447 868 5493">
     <span class='ocr_line' id='line_1_58' title="bbox 626 5447 868 5493; baseline -0.017 0"><span class='ocrx_word' id='word_1_409' title='bbox 626 5447 868 5493; x_wconf 75' lang='lat' dir='ltr'><strong>statuito.</strong></span> 
     </span>
    </p>
   </div>
   <div class='ocr_carea' id='block_1_59' title="bbox 699 5508 2197 5593">
    <p class='ocr_par' dir='ltr' id='par_1_59' title="bbox 699 5508 2197 5593">
     <span class='ocr_line' id='line_1_59' title="bbox 699 5508 2197 5593; baseline -0.005 -14"><span class='ocrx_word' id='word_1_410' title='bbox 699 5525 883 5580; x_wconf 74' lang='lat' dir='ltr'><strong>XLIV.</strong></span> <span class='ocrx_word' id='word_1_411' title='bbox 915 5525 1050 5580; x_wconf 89' lang='lat' dir='ltr'><strong>Cum</strong></span> <span class='ocrx_word' id='word_1_412' title='bbox 1099 5531 1283 5578; x_wconf 84' lang='lat' dir='ltr'><strong>autem</strong></span> <span class='ocrx_word' id='word_1_413' title='bbox 1336 5520 1580 5591; x_wconf 75' lang='lat' dir='ltr'><strong>pontifex</strong></span> <span class='ocrx_word' id='word_1_414' title='bbox 1634 5520 1902 5574; x_wconf 80' lang='lat' dir='ltr'><strong>maximus</strong></span> <span class='ocrx_word' id='word_1_415' title='bbox 1944 5511 1974 5574; x_wconf 85' lang='lat' dir='ltr'><strong>a</strong></span> <span class='ocrx_word' id='word_1_416' title='bbox 2014 5508 2197 5593; x_wconf 79' lang='lat' dir='ltr'><strong>Marco</strong></span> 
     </span>
    </p>
   </div>
   <div class='ocr_carea' id='block_1_60' title="bbox 695 5711 2202 5798">
    <p class='ocr_par' dir='ltr' id='par_1_60' title="bbox 695 5711 2202 5798">
     <span class='ocr_line' id='line_1_60' title="bbox 695 5711 2202 5798; baseline -0.011 -14"><span class='ocrx_word' id='word_1_417' title='bbox 695 5730 806 5798; x_wconf 74' lang='lat'><strong>(38)</strong></span> <span class='ocrx_word' id='word_1_418' title='bbox 848 5725 1034 5798; x_wconf 56' lang='lat' dir='ltr'><strong>G&#39;rtece</strong></span> <span class='ocrx_word' id='word_1_419' title='bbox 1065 5711 1176 5790; x_wconf 76' lang='lat' dir='ltr'><strong>alii</strong></span> <span class='ocrx_word' id='word_1_420' title='bbox 1229 5730 1457 5798; x_wconf 66' lang='lat' dir='ltr'><strong>quoque</strong></span> <span class='ocrx_word' id='word_1_421' title='bbox 1499 5718 1742 5798; x_wconf 65' lang='grc' dir='ltr'>Σπανῖαν</span> <span class='ocrx_word' id='word_1_422' title='bbox 1791 5716 2083 5798; x_wconf 53' lang='lat' dir='ltr'><strong>scripsere,</strong></span> <span class='ocrx_word' id='word_1_423' title='bbox 2143 5724 2202 5798; x_wconf 77' lang='lat' dir='ltr'><strong>ut</strong></span> 
     </span>
    </p>
   </div>
   <div class='ocr_carea' id='block_1_61' title="bbox 626 5785 2202 5857">
    <p class='ocr_par' dir='ltr' id='par_1_61' title="bbox 626 5785 2202 5857">
     <span class='ocr_line' id='line_1_61' title="bbox 626 5785 2202 5857; baseline -0.013 0"><span class='ocrx_word' id='word_1_424' title='bbox 626 5785 826 5857; x_wconf 51' lang='lat' dir='ltr'><strong>Publu&#39;s</strong></span> <span class='ocrx_word' id='word_1_425' title='bbox 855 5794 919 5854; x_wconf 80' lang='lat' dir='ltr'><strong>ad</strong></span> <span class='ocrx_word' id='word_1_426' title='bbox 958 5785 1117 5848; x_wconf 75' lang='lat' dir='ltr'><strong>Rom.</strong></span> <span class='ocrx_word' id='word_1_427' title='bbox 1149 5785 1330 5854; x_wconf 38' lang='lat'><strong>“[28</strong></span> <span class='ocrx_word' id='word_1_428' title='bbox 1360 5785 1372 5842; x_wconf 80' lang='grc' dir='ltr'>Ξ</span> <span class='ocrx_word' id='word_1_429' title='bbox 1416 5789 1814 5857; x_wconf 66' lang='grc' dir='ltr'>Ἀπελεύτομαι</span> <span class='ocrx_word' id='word_1_430' title='bbox 1839 5785 1907 5838; x_wconf 74' lang='grc' dir='ltr'>δι’</span> <span class='ocrx_word' id='word_1_431' title='bbox 1938 5786 2089 5857; x_wconf 79' lang='grc' dir='ltr'>ὑμῶν</span> <span class='ocrx_word' id='word_1_432' title='bbox 2122 5788 2202 5846; x_wconf 72' lang='grc' dir='ltr'>εἰς</span> 
     </span>
    </p>
   </div>
   <div class='ocr_carea' id='block_1_62' title="bbox 623 5837 2202 5944">
    <p class='ocr_par' dir='ltr' id='par_1_62' title="bbox 623 5837 2202 5944">
     <span class='ocr_line' id='line_1_62' title="bbox 623 5837 2202 5944; baseline -0.005 -19"><span class='ocrx_word' id='word_1_433' title='bbox 623 5837 1020 5944; x_wconf 54' lang='grc' dir='ltr'>ιέὶῑνμὲζιὲνίαν.</span> <span class='ocrx_word' id='word_1_434' title='bbox 1067 5837 1388 5934; x_wconf 74' lang='lat' dir='ltr'><strong>Stcpbattus</strong></span> <span class='ocrx_word' id='word_1_435' title='bbox 1433 5861 1499 5916; x_wconf 86' lang='lat' dir='ltr'><strong>de</strong></span> <span class='ocrx_word' id='word_1_436' title='bbox 1547 5856 1677 5912; x_wconf 79' lang='lat' dir='ltr'><strong>Urb.</strong></span> <span class='ocrx_word' id='word_1_437' title='bbox 1720 5837 1829 5920; x_wconf 60' lang='grc' dir='ltr'><strong>Καὶ</strong></span> <span class='ocrx_word' id='word_1_438' title='bbox 1873 5855 2202 5924; x_wconf 74' lang='grc' dir='ltr'>συνίεινύμως</span> 
     </span>
    </p>
   </div>
   <div class='ocr_carea' id='block_1_63' title="bbox 2295 653 3866 726">
    <p class='ocr_par' dir='ltr' id='par_1_63' title="bbox 2295 653 3866 726">
     <span class='ocr_line' id='line_1_63' title="bbox 2295 653 3866 726; baseline 0.007 -21"><span class='ocrx_word' id='word_1_439' title='bbox 2295 653 2432 722; x_wconf 83' lang='grc' dir='ltr'><strong>χέως</strong></span> <span class='ocrx_word' id='word_1_440' title='bbox 2475 653 2708 724; x_wconf 77' lang='grc' dir='ltr'><strong>ἔδραμεν</strong></span> <span class='ocrx_word' id='word_1_441' title='bbox 2753 655 2846 708; x_wconf 79' lang='grc' dir='ltr'>καὶ</span> <span class='ocrx_word' id='word_1_442' title='bbox 2885 653 3107 725; x_wconf 72' lang='grc' dir='ltr'>ἔρριψεν</span> <span class='ocrx_word' id='word_1_443' title='bbox 3153 657 3343 710; x_wconf 80' lang='grc' dir='ltr'>ἑαυτὸν</span> <span class='ocrx_word' id='word_1_444' title='bbox 3385 657 3479 711; x_wconf 74' lang='grc' dir='ltr'><strong>ἐπὶ</strong></span> <span class='ocrx_word' id='word_1_445' title='bbox 3524 660 3652 724; x_wconf 82' lang='grc' dir='ltr'>τοὺς</span> <span class='ocrx_word' id='word_1_446' title='bbox 3697 659 3866 726; x_wconf 68' lang='grc' dir='ltr'>πόδας</span> 
     </span>
    </p>
   </div>
   <div class='ocr_carea' id='block_1_64' title="bbox 2295 743 3868 823">
    <p class='ocr_par' dir='ltr' id='par_1_64' title="bbox 2295 743 3868 823">
     <span class='ocr_line' id='line_1_64' title="bbox 2295 743 3868 823; baseline 0.006 -27"><span class='ocrx_word' id='word_1_447' title='bbox 2295 743 2458 796; x_wconf 80' lang='grc' dir='ltr'>αὑτοῦ</span> <span class='ocrx_word' id='word_1_448' title='bbox 2506 745 2707 798; x_wconf 78' lang='grc' dir='ltr'>κλαίων</span> <span class='ocrx_word' id='word_1_449' title='bbox 2753 745 2845 799; x_wconf 71' lang='grc' dir='ltr'>καὶ</span> <span class='ocrx_word' id='word_1_450' title='bbox 2886 745 3094 814; x_wconf 80' lang='grc' dir='ltr'>λέγων’</span> <span class='ocrx_word' id='word_1_451' title='bbox 3142 747 3583 821; x_wconf 76' lang='grc' dir='ltr'>Εὐχαριστοῦμεν</span> <span class='ocrx_word' id='word_1_452' title='bbox 3629 751 3712 822; x_wconf 83' lang='grc' dir='ltr'><strong>τῷ</strong></span> <span class='ocrx_word' id='word_1_453' title='bbox 3744 753 3868 823; x_wconf 84' lang='grc' dir='ltr'><strong>Θεῷ</strong></span> 
     </span>
    </p>
   </div>
   <div class='ocr_carea' id='block_1_65' title="bbox 2294 835 3869 916">
    <p class='ocr_par' dir='ltr' id='par_1_65' title="bbox 2294 835 3869 916">
     <span class='ocr_line' id='line_1_65' title="bbox 2294 835 3869 916; baseline 0.007 -28"><span class='ocrx_word' id='word_1_454' title='bbox 2294 835 2382 889; x_wconf 80' lang='grc' dir='ltr'><strong>διὰ</strong></span> <span class='ocrx_word' id='word_1_455' title='bbox 2415 835 2532 898; x_wconf 83' lang='grc' dir='ltr'>σοῦ,</span> <span class='ocrx_word' id='word_1_456' title='bbox 2584 839 2766 908; x_wconf 84' lang='grc' dir='ltr'>Πάτερ</span> <span class='ocrx_word' id='word_1_457' title='bbox 2813 837 3127 909; x_wconf 83' lang='grc' dir='ltr'>τιμιώτατε,</span> <span class='ocrx_word' id='word_1_458' title='bbox 3178 840 3258 894; x_wconf 85' lang='grc' dir='ltr'>ὅτι</span> <span class='ocrx_word' id='word_1_459' title='bbox 3288 841 3353 894; x_wconf 84' lang='grc' dir='ltr'>σὺ</span> <span class='ocrx_word' id='word_1_460' title='bbox 3383 843 3569 910; x_wconf 77' lang='grc' dir='ltr'>ἐγένου</span> <span class='ocrx_word' id='word_1_461' title='bbox 3604 844 3869 916; x_wconf 78' lang='grc' dir='ltr'><strong>πρόξενος</strong></span> 
     </span>
    </p>
   </div>
   <div class='ocr_carea' id='block_1_66' title="bbox 2293 926 3868 1003">
    <p class='ocr_par' dir='ltr' id='par_1_66' title="bbox 2293 926 3868 1003">
     <span class='ocr_line' id='line_1_66' title="bbox 2293 926 3868 1003; baseline 0.006 -25"><span class='ocrx_word' id='word_1_462' title='bbox 2293 926 2393 995; x_wconf 80' lang='grc' dir='ltr'>τῆς</span> <span class='ocrx_word' id='word_1_463' title='bbox 2422 928 2695 998; x_wconf 80' lang='grc' dir='ltr'><strong>σωτηρίας</strong></span> <span class='ocrx_word' id='word_1_464' title='bbox 2727 928 2883 999; x_wconf 83' lang='grc' dir='ltr'>ἡμῶν</span> <span class='ocrx_word' id='word_1_465' title='bbox 2903 945 2916 958; x_wconf 81' lang='lat'><strong><em>°</em></strong></span> <span class='ocrx_word' id='word_1_466' title='bbox 2947 930 3036 984; x_wconf 82' lang='grc' dir='ltr'>διὰ</span> <span class='ocrx_word' id='word_1_467' title='bbox 3067 929 3160 984; x_wconf 82' lang='grc' dir='ltr'>σοῦ</span> <span class='ocrx_word' id='word_1_468' title='bbox 3192 930 3504 1003; x_wconf 71' lang='grc' dir='ltr'><strong>ἠξιώθημεν</strong></span> <span class='ocrx_word' id='word_1_469' title='bbox 3538 935 3868 990; x_wconf 72' lang='grc' dir='ltr'>καταλαϐεῖν</span> 
     </span>
    </p>
   </div>
   <div class='ocr_carea' id='block_1_67' title="bbox 2297 1019 3869 1097">
    <p class='ocr_par' dir='ltr' id='par_1_67' title="bbox 2297 1019 3869 1097">
     <span class='ocr_line' id='line_1_67' title="bbox 2297 1019 3869 1097; baseline 0.006 -28"><span class='ocrx_word' id='word_1_470' title='bbox 2297 1019 2478 1072; x_wconf 80' lang='grc' dir='ltr'>πᾶσαν</span> <span class='ocrx_word' id='word_1_471' title='bbox 2508 1020 2627 1074; x_wconf 86' lang='grc' dir='ltr'>ὁδὸν</span> <span class='ocrx_word' id='word_1_472' title='bbox 2660 1020 2856 1092; x_wconf 80' lang='grc' dir='ltr'>ὲπιστή</span> <span class='ocrx_word' id='word_1_473' title='bbox 2868 1039 2993 1092; x_wconf 85' lang='grc' dir='ltr'>μης.</span> <span class='ocrx_word' id='word_1_474' title='bbox 3052 1021 3292 1093; x_wconf 81' lang='grc' dir='ltr'><strong>Ἀληθῶς</strong></span> <span class='ocrx_word' id='word_1_475' title='bbox 3318 1023 3347 1076; x_wconf 85' lang='grc' dir='ltr'><strong>δ</strong></span> <span class='ocrx_word' id='word_1_476' title='bbox 3375 1025 3687 1094; x_wconf 80' lang='grc' dir='ltr'>ἐπηγγείλω</span> <span class='ocrx_word' id='word_1_477' title='bbox 3706 1029 3763 1080; x_wconf 85' lang='grc' dir='ltr'>ὲν</span> <span class='ocrx_word' id='word_1_478' title='bbox 3801 1031 3869 1097; x_wconf 71' lang='grc' dir='ltr'>τῇ</span> 
     </span>
    </p>
   </div>
   <div class='ocr_carea' id='block_1_68' title="bbox 2297 1110 3872 1190">
    <p class='ocr_par' dir='ltr' id='par_1_68' title="bbox 2297 1110 3872 1190">
     <span class='ocr_line' id='line_1_68' title="bbox 2297 1110 3872 1190; baseline 0.005 -26"><span class='ocrx_word' id='word_1_479' title='bbox 2297 1110 2410 1182; x_wconf 77' lang='grc' dir='ltr'><strong>ζωῇ</strong></span> <span class='ocrx_word' id='word_1_480' title='bbox 2443 1111 2616 1184; x_wconf 77' lang='grc' dir='ltr'>ταύτῃ</span> <span class='ocrx_word' id='word_1_481' title='bbox 2661 1113 2968 1183; x_wconf 78' lang='grc' dir='ltr'>ἑωραθῆναί</span> <span class='ocrx_word' id='word_1_482' title='bbox 3016 1114 3078 1168; x_wconf 77' lang='grc' dir='ltr'>σι</span> <span class='ocrx_word' id='word_1_483' title='bbox 3122 1132 3211 1185; x_wconf 87' lang='grc' dir='ltr'><strong>μοι</strong></span> <span class='ocrx_word' id='word_1_484' title='bbox 3241 1115 3332 1170; x_wconf 86' lang='grc' dir='ltr'>τὸν</span> <span class='ocrx_word' id='word_1_485' title='bbox 3370 1116 3723 1190; x_wconf 78' lang='grc' dir='ltr'>ποθούμενον,</span> <span class='ocrx_word' id='word_1_486' title='bbox 3772 1123 3872 1174; x_wconf 81' lang='grc' dir='ltr'>καὶ</span> 
     </span>
    </p>
   </div>
   <div class='ocr_carea' id='block_1_69' title="bbox 2296 1202 3462 1278">
    <p class='ocr_par' dir='ltr' id='par_1_69' title="bbox 2296 1202 3462 1278">
     <span class='ocr_line' id='line_1_69' title="bbox 2296 1202 3462 1278; baseline 0.006 -25"><span class='ocrx_word' id='word_1_487' title='bbox 2296 1202 2502 1273; x_wconf 77' lang='grc' dir='ltr'>ἀψευδῆ</span> <span class='ocrx_word' id='word_1_488' title='bbox 2536 1203 2597 1255; x_wconf 86' lang='grc' dir='ltr'>τὸ</span> <span class='ocrx_word' id='word_1_489' title='bbox 2634 1202 2798 1272; x_wconf 80' lang='grc' dir='ltr'><strong>ῥηθὲν</strong></span> <span class='ocrx_word' id='word_1_490' title='bbox 2823 1203 2926 1256; x_wconf 79' lang='grc' dir='ltr'><strong>ὑπὸ</strong></span> <span class='ocrx_word' id='word_1_491' title='bbox 2974 1203 3091 1270; x_wconf 82' lang='grc' dir='ltr'>σοῦ,</span> <span class='ocrx_word' id='word_1_492' title='bbox 3121 1206 3302 1278; x_wconf 81' lang='grc' dir='ltr'><strong>Πάτερ</strong></span> <span class='ocrx_word' id='word_1_493' title='bbox 3331 1205 3462 1260; x_wconf 82' lang='grc' dir='ltr'>ὄσιε.</span> 
     </span>
    </p>
   </div>
   <div class='ocr_carea' id='block_1_70' title="bbox 2370 1292 3872 1370">
    <p class='ocr_par' dir='ltr' id='par_1_70' title="bbox 2370 1292 3872 1370">
     <span class='ocr_line' id='line_1_70' title="bbox 2370 1292 3872 1370; baseline 0.001 -23"><span class='ocrx_word' id='word_1_494' title='bbox 2370 1292 2502 1347; x_wconf 77' lang='lat' dir='ltr'><strong>Ml&quot;.</strong></span> <span class='ocrx_word' id='word_1_495' title='bbox 2545 1295 2733 1348; x_wconf 83' lang='grc' dir='ltr'>Ταῦτα</span> <span class='ocrx_word' id='word_1_496' title='bbox 2775 1297 2866 1348; x_wconf 78' lang='grc' dir='ltr'><strong>ἐπὶ</strong></span> <span class='ocrx_word' id='word_1_497' title='bbox 2911 1296 3174 1359; x_wconf 79' lang='grc' dir='ltr'><strong>πλείστας</strong></span> <span class='ocrx_word' id='word_1_498' title='bbox 3215 1296 3366 1368; x_wconf 76' lang='grc' dir='ltr'>ὥρας</span> <span class='ocrx_word' id='word_1_499' title='bbox 3413 1298 3872 1370; x_wconf 71' lang='grc' dir='ltr'>διαλεγόμενοςρ</span> 
     </span>
    </p>
   </div>
   <div class='ocr_carea' id='block_1_71' title="bbox 2297 1386 3871 1458">
    <p class='ocr_par' dir='ltr' id='par_1_71' title="bbox 2297 1386 3871 1458">
     <span class='ocr_line' id='line_1_71' title="bbox 2297 1386 3871 1458; baseline 0.006 -21"><span class='ocrx_word' id='word_1_500' title='bbox 2297 1386 2596 1458; x_wconf 76' lang='grc' dir='ltr'>Γρηγόριος</span> <span class='ocrx_word' id='word_1_501' title='bbox 2623 1386 2699 1456; x_wconf 85' lang='grc' dir='ltr'>τῷ</span> <span class='ocrx_word' id='word_1_502' title='bbox 2730 1387 2892 1456; x_wconf 78' lang='grc' dir='ltr'>ἀσόᾷ,</span> <span class='ocrx_word' id='word_1_503' title='bbox 2927 1387 3237 1458; x_wconf 77' lang='grc' dir='ltr'>ἐθαύμαζον</span> <span class='ocrx_word' id='word_1_504' title='bbox 3263 1390 3463 1453; x_wconf 82' lang='grc' dir='ltr'>πάντες</span> <span class='ocrx_word' id='word_1_505' title='bbox 3506 1394 3598 1445; x_wconf 80' lang='grc' dir='ltr'>καὶ</span> <span class='ocrx_word' id='word_1_506' title='bbox 3645 1393 3871 1446; x_wconf 79' lang='grc' dir='ltr'>συνεδά-</span> 
     </span>
    </p>
   </div>
   <div class='ocr_carea' id='block_1_72' title="bbox 2300 1478 3876 1546">
    <p class='ocr_par' dir='ltr' id='par_1_72' title="bbox 2300 1478 3876 1546">
     <span class='ocr_line' id='line_1_72' title="bbox 2300 1478 3876 1546; baseline 0.004 -16"><span class='ocrx_word' id='word_1_507' title='bbox 2300 1493 2468 1546; x_wconf 80' lang='grc' dir='ltr'>κρυον</span> <span class='ocrx_word' id='word_1_508' title='bbox 2506 1479 2709 1540; x_wconf 81' lang='grc' dir='ltr'>αὐτοῖς.</span> <span class='ocrx_word' id='word_1_509' title='bbox 2749 1479 2904 1532; x_wconf 83' lang='grc' dir='ltr'><strong>Μετὰ</strong></span> <span class='ocrx_word' id='word_1_510' title='bbox 2949 1478 3003 1531; x_wconf 81' lang='grc' dir='ltr'>δὲ</span> <span class='ocrx_word' id='word_1_511' title='bbox 3043 1479 3239 1544; x_wconf 78' lang='grc' dir='ltr'>ταῦτα,</span> <span class='ocrx_word' id='word_1_512' title='bbox 3271 1481 3555 1536; x_wconf 80' lang='grc' dir='ltr'>ἐκέλευσεν</span> <span class='ocrx_word' id='word_1_513' title='bbox 3595 1482 3812 1546; x_wconf 77' lang='grc' dir='ltr'>πάντας</span> <span class='ocrx_word' id='word_1_514' title='bbox 3845 1487 3876 1536; x_wconf 80' lang='lat'><em>6&#39;</em></span> 
     </span>
    </p>
   </div>
   <div class='ocr_carea' id='block_1_73' title="bbox 2299 1557 3873 1646">
    <p class='ocr_par' dir='ltr' id='par_1_73' title="bbox 2299 1557 3873 1646">
     <span class='ocr_line' id='line_1_73' title="bbox 2299 1557 3873 1646; baseline 0.006 -26"><span class='ocrx_word' id='word_1_515' title='bbox 2299 1568 2486 1631; x_wconf 80' lang='grc' dir='ltr'>πάπας</span> <span class='ocrx_word' id='word_1_516' title='bbox 2513 1567 2887 1636; x_wconf 80' lang='grc' dir='ltr'>ἐξαποστεῖλαι</span> <span class='ocrx_word' id='word_1_517' title='bbox 2915 1571 3023 1624; x_wconf 67' lang='grc' dir='ltr'>ἀπὸ</span> <span class='ocrx_word' id='word_1_518' title='bbox 3046 1573 3336 1642; x_wconf 74' lang='grc' dir='ltr'><strong>προσώπου</strong></span> <span class='ocrx_word' id='word_1_519' title='bbox 3361 1574 3545 1641; x_wconf 78' lang='grc' dir='ltr'>αὐτοῦ,</span> <span class='ocrx_word' id='word_1_520' title='bbox 3580 1577 3672 1629; x_wconf 82' lang='grc' dir='ltr'>καὶ</span> <span class='ocrx_word' id='word_1_521' title='bbox 3706 1557 3873 1646; x_wconf 79' lang='grc' dir='ltr'>μόνον</span> 
     </span>
    </p>
   </div>
   <div class='ocr_carea' id='block_1_74' title="bbox 2298 1659 3872 1735">
    <p class='ocr_par' dir='ltr' id='par_1_74' title="bbox 2298 1659 3872 1735">
     <span class='ocr_line' id='line_1_74' title="bbox 2298 1659 3872 1735; baseline 0.006 -24"><span class='ocrx_word' id='word_1_522' title='bbox 2298 1659 2390 1712; x_wconf 82' lang='grc' dir='ltr'>τὸν</span> <span class='ocrx_word' id='word_1_523' title='bbox 2433 1661 2734 1732; x_wconf 83' lang='grc' dir='ltr'>Γρηγόριον</span> <span class='ocrx_word' id='word_1_524' title='bbox 2769 1663 2861 1714; x_wconf 74' lang='grc' dir='ltr'>καὶ</span> <span class='ocrx_word' id='word_1_525' title='bbox 2903 1661 2994 1714; x_wconf 74' lang='grc' dir='ltr'><strong>τὸν</strong></span> <span class='ocrx_word' id='word_1_526' title='bbox 3026 1662 3203 1716; x_wconf 76' lang='grc' dir='ltr'>ἁὸὂᾶν</span> <span class='ocrx_word' id='word_1_527' title='bbox 3247 1665 3472 1735; x_wconf 77' lang='grc' dir='ltr'>Μάρκον</span> <span class='ocrx_word' id='word_1_528' title='bbox 3499 1668 3594 1720; x_wconf 79' lang='grc' dir='ltr'><strong>καὶ</strong></span> <span class='ocrx_word' id='word_1_529' title='bbox 3619 1668 3742 1729; x_wconf 68' lang='grc' dir='ltr'>τοὺς</span> <span class='ocrx_word' id='word_1_530' title='bbox 3777 1667 3872 1720; x_wconf 81' lang='grc' dir='ltr'>δύο</span> 
     </span>
    </p>
   </div>
   <div class='ocr_carea' id='block_1_75' title="bbox 2299 1749 3870 1828">
    <p class='ocr_par' dir='ltr' id='par_1_75' title="bbox 2299 1749 3870 1828">
     <span class='ocr_line' id='line_1_75' title="bbox 2299 1749 3870 1828; baseline 0.006 -23"><span class='ocrx_word' id='word_1_531' title='bbox 2299 1753 2632 1818; x_wconf 71' lang='grc' dir='ltr'><strong>ἐπισκόπους</strong></span> <span class='ocrx_word' id='word_1_532' title='bbox 2678 1755 2772 1808; x_wconf 74' lang='grc' dir='ltr'><strong>καὶ</strong></span> <span class='ocrx_word' id='word_1_533' title='bbox 2797 1755 3016 1825; x_wconf 77' lang='grc' dir='ltr'>ἐτέρους</span> <span class='ocrx_word' id='word_1_534' title='bbox 3043 1755 3259 1824; x_wconf 84' lang='grc' dir='ltr'><strong>ὀλίγους</strong></span> <span class='ocrx_word' id='word_1_535' title='bbox 3288 1749 3478 1828; x_wconf 71' lang='grc' dir='ltr'>στῆναι</span> <span class='ocrx_word' id='word_1_536' title='bbox 3519 1761 3615 1815; x_wconf 80' lang='grc' dir='ltr'>σὺν</span> <span class='ocrx_word' id='word_1_537' title='bbox 3647 1760 3835 1824; x_wconf 83' lang='grc' dir='ltr'>αὐτοῖς</span> <span class='ocrx_word' id='word_1_538' title='bbox 3855 1776 3870 1791; x_wconf 74' lang='grc'>⁸</span> 
     </span>
    </p>
   </div>
   <div class='ocr_carea' id='block_1_76' title="bbox 2301 1844 3874 1921">
    <p class='ocr_par' dir='ltr' id='par_1_76' title="bbox 2301 1844 3874 1921">
     <span class='ocr_line' id='line_1_76' title="bbox 2301 1844 3874 1921; baseline 0.002 -24"><span class='ocrx_word' id='word_1_539' title='bbox 2301 1844 2395 1897; x_wconf 74' lang='grc' dir='ltr'>καὶ</span> <span class='ocrx_word' id='word_1_540' title='bbox 2429 1844 2944 1916; x_wconf 76' lang='grc' dir='ltr'>προσκαλεσάμενος</span> <span class='ocrx_word' id='word_1_541' title='bbox 2987 1849 3015 1898; x_wconf 87' lang='lat'><strong>6</strong></span> <span class='ocrx_word' id='word_1_542' title='bbox 3055 1847 3363 1912; x_wconf 79' lang='grc' dir='ltr'>πάπας-τὺν</span> <span class='ocrx_word' id='word_1_543' title='bbox 3397 1849 3696 1921; x_wconf 79' lang='grc' dir='ltr'>Γρηγόριον</span> <span class='ocrx_word' id='word_1_544' title='bbox 3721 1850 3874 1917; x_wconf 82' lang='grc' dir='ltr'>λέγει</span> 
     </span>
    </p>
   </div>
   <div class='ocr_carea' id='block_1_77' title="bbox 2296 1934 3875 2010">
    <p class='ocr_par' dir='ltr' id='par_1_77' title="bbox 2296 1934 3875 2010">
     <span class='ocr_line' id='line_1_77' title="bbox 2296 1934 3875 2010; baseline 0.003 -23"><span class='ocrx_word' id='word_1_545' title='bbox 2296 1934 2477 2006; x_wconf 78' lang='grc' dir='ltr'>αὐτῷ·</span> <span class='ocrx_word' id='word_1_546' title='bbox 2525 1936 2726 1989; x_wconf 83' lang='grc' dir='ltr'>Τέκνον</span> <span class='ocrx_word' id='word_1_547' title='bbox 2773 1937 3078 2010; x_wconf 87' lang='grc' dir='ltr'>Γρηγόριε,</span> <span class='ocrx_word' id='word_1_548' title='bbox 3127 1941 3155 1992; x_wconf 91' lang='lat'><strong>6</strong></span> <span class='ocrx_word' id='word_1_549' title='bbox 3202 1939 3407 2010; x_wconf 80' lang='grc' dir='ltr'>Κύριος</span> <span class='ocrx_word' id='word_1_550' title='bbox 3447 1940 3604 2010; x_wconf 73' lang='grc' dir='ltr'>ἡμῶν</span> <span class='ocrx_word' id='word_1_551' title='bbox 3665 1941 3875 2010; x_wconf 79' lang='grc' dir='ltr'>Ἰησοῦς</span> 
     </span>
    </p>
   </div>
   <div class='ocr_carea' id='block_1_78' title="bbox 2295 2027 3876 2104">
    <p class='ocr_par' dir='ltr' id='par_1_78' title="bbox 2295 2027 3876 2104">
     <span class='ocr_line' id='line_1_78' title="bbox 2295 2027 3876 2104; baseline 0.006 -25"><span class='ocrx_word' id='word_1_552' title='bbox 2295 2027 2529 2098; x_wconf 78' lang='grc' dir='ltr'>Χριστὸς</span> <span class='ocrx_word' id='word_1_553' title='bbox 2580 2029 2983 2099; x_wconf 75' lang='grc' dir='ltr'>προσκέκληται</span> <span class='ocrx_word' id='word_1_554' title='bbox 3039 2048 3099 2084; x_wconf 92' lang='grc' dir='ltr'><strong>σε</strong></span> <span class='ocrx_word' id='word_1_555' title='bbox 3153 2033 3232 2101; x_wconf 79' lang='grc' dir='ltr'><strong>είς</strong></span> <span class='ocrx_word' id='word_1_556' title='bbox 3285 2033 3584 2103; x_wconf 76' lang='grc' dir='ltr'>ἡγούμενον</span> <span class='ocrx_word' id='word_1_557' title='bbox 3632 2033 3720 2086; x_wconf 70' lang='grc' dir='ltr'>διὰ</span> <span class='ocrx_word' id='word_1_558' title='bbox 3757 2035 3876 2104; x_wconf 80' lang='grc' dir='ltr'><strong>-τῆς</strong></span> 
     </span>
    </p>
   </div>
   <div class='ocr_carea' id='block_1_79' title="bbox 2296 2120 3877 2196">
    <p class='ocr_par' dir='ltr' id='par_1_79' title="bbox 2296 2120 3877 2196">
     <span class='ocr_line' id='line_1_79' title="bbox 2296 2120 3877 2196; baseline 0.004 -24"><span class='ocrx_word' id='word_1_559' title='bbox 2296 2120 2598 2189; x_wconf 84' lang='grc' dir='ltr'>παρουσίας</span> <span class='ocrx_word' id='word_1_560' title='bbox 2628 2120 2741 2174; x_wconf 87' lang='grc' dir='ltr'>τῶν</span> <span class='ocrx_word' id='word_1_561' title='bbox 2769 2121 2939 2189; x_wconf 79' lang='grc' dir='ltr'>ἁγίων</span> <span class='ocrx_word' id='word_1_562' title='bbox 2968 2122 3137 2176; x_wconf 83' lang='grc' dir='ltr'>αὑτοῦ</span> <span class='ocrx_word' id='word_1_563' title='bbox 3177 2123 3488 2176; x_wconf 81' lang='grc' dir='ltr'>ἀποστόλων</span> <span class='ocrx_word' id='word_1_564' title='bbox 3529 2127 3609 2187; x_wconf 86' lang='grc' dir='ltr'><strong>εἰς</strong></span> <span class='ocrx_word' id='word_1_565' title='bbox 3632 2125 3733 2196; x_wconf 81' lang='grc' dir='ltr'>τὴν</span> <span class='ocrx_word' id='word_1_566' title='bbox 3764 2127 3877 2178; x_wconf 80' lang='grc' dir='ltr'><strong>τῶν</strong></span> 
     </span>
    </p>
   </div>
   <div class='ocr_carea' id='block_1_80' title="bbox 2310 2211 3877 2286">
    <p class='ocr_par' dir='ltr' id='par_1_80' title="bbox 2310 2211 3877 2286">
     <span class='ocr_line' id='line_1_80' title="bbox 2310 2211 3877 2286; baseline 0.002 -22"><span class='ocrx_word' id='word_1_567' title='bbox 2310 2211 2746 2282; x_wconf 79' lang='grc' dir='ltr'>Ἀκραγαντίνων</span> <span class='ocrx_word' id='word_1_568' title='bbox 2790 2212 2955 2280; x_wconf 80' lang='grc' dir='ltr'>ἁγίαν</span> <span class='ocrx_word' id='word_1_569' title='bbox 2999 2212 3292 2285; x_wconf 79' lang='grc' dir='ltr'>καθολικὴν</span> <span class='ocrx_word' id='word_1_570' title='bbox 3334 2215 3580 2285; x_wconf 83' lang='grc' dir='ltr'>μεγάλην</span> <span class='ocrx_word' id='word_1_571' title='bbox 3640 2215 3877 2286; x_wconf 70' lang='grc' dir='ltr'>Ἐκκλη-</span> 
     </span>
    </p>
   </div>
   <div class='ocr_carea' id='block_1_81' title="bbox 2295 2302 3878 2379">
    <p class='ocr_par' dir='ltr' id='par_1_81' title="bbox 2295 2302 3878 2379">
     <span class='ocr_line' id='line_1_81' title="bbox 2295 2302 3878 2379; baseline 0.006 -25"><span class='ocrx_word' id='word_1_572' title='bbox 2295 2302 2439 2368; x_wconf 82' lang='grc' dir='ltr'>σίαν,</span> <span class='ocrx_word' id='word_1_573' title='bbox 2466 2305 2560 2356; x_wconf 81' lang='grc' dir='ltr'><strong>τοῦ</strong></span> <span class='ocrx_word' id='word_1_574' title='bbox 2586 2305 2848 2375; x_wconf 82' lang='grc' dir='ltr'>ποιμᾶναι</span> <span class='ocrx_word' id='word_1_575' title='bbox 2880 2304 2972 2358; x_wconf 80' lang='grc' dir='ltr'>τὸν</span> <span class='ocrx_word' id='word_1_576' title='bbox 2997 2305 3124 2360; x_wconf 76' lang='grc' dir='ltr'>λαὸν</span> <span class='ocrx_word' id='word_1_577' title='bbox 3154 2307 3380 2361; x_wconf 80' lang='grc' dir='ltr'>ἐκεῖνον.</span> <span class='ocrx_word' id='word_1_578' title='bbox 3413 2308 3602 2360; x_wconf 89' lang='grc' dir='ltr'>Δέεταί</span> <span class='ocrx_word' id='word_1_579' title='bbox 3627 2324 3724 2362; x_wconf 89' lang='grc' dir='ltr'><strong>σου</strong></span> <span class='ocrx_word' id='word_1_580' title='bbox 3767 2309 3878 2379; x_wconf 67' lang='grc' dir='ltr'><strong>γὰρ</strong></span> 
     </span>
    </p>
   </div>
   <div class='ocr_carea' id='block_1_82' title="bbox 2293 2384 3877 2471">
    <p class='ocr_par' dir='ltr' id='par_1_82' title="bbox 2293 2384 3877 2471">
     <span class='ocr_line' id='line_1_82' title="bbox 2293 2384 3877 2471; baseline 0.004 -26"><span class='ocrx_word' id='word_1_581' title='bbox 2293 2397 2321 2445; x_wconf 88' lang='lat'><strong>6</strong></span> <span class='ocrx_word' id='word_1_582' title='bbox 2347 2396 2510 2458; x_wconf 87' lang='grc' dir='ltr'>τόπος</span> <span class='ocrx_word' id='word_1_583' title='bbox 2545 2397 2770 2461; x_wconf 79' lang='grc' dir='ltr'>ἐκεῖνος,</span> <span class='ocrx_word' id='word_1_584' title='bbox 2801 2397 2887 2451; x_wconf 79' lang='grc' dir='ltr'>ἵνα</span> <span class='ocrx_word' id='word_1_585' title='bbox 2919 2384 3004 2451; x_wconf 77' lang='grc' dir='ltr'><strong>διὰ</strong></span> <span class='ocrx_word' id='word_1_586' title='bbox 3047 2397 3141 2452; x_wconf 85' lang='grc' dir='ltr'>σοῦ</span> <span class='ocrx_word' id='word_1_587' title='bbox 3174 2398 3320 2471; x_wconf 80' lang='grc' dir='ltr'>σωθῇ</span> <span class='ocrx_word' id='word_1_588' title='bbox 3358 2400 3420 2452; x_wconf 77' lang='grc' dir='ltr'>τὸ</span> <span class='ocrx_word' id='word_1_589' title='bbox 3450 2400 3877 2469; x_wconf 71' lang='grc' dir='ltr'>ἐγκατάλειμμα</span> 
     </span>
    </p>
   </div>
   <div class='ocr_carea' id='block_1_83' title="bbox 2293 2486 3875 2561">
    <p class='ocr_par' dir='ltr' id='par_1_83' title="bbox 2293 2486 3875 2561">
     <span class='ocr_line' id='line_1_83' title="bbox 2293 2486 3875 2561; baseline 0.003 -21"><span class='ocrx_word' id='word_1_590' title='bbox 2293 2487 2388 2540; x_wconf 78' lang='grc' dir='ltr'>τοῦ</span> <span class='ocrx_word' id='word_1_591' title='bbox 2417 2486 2545 2540; x_wconf 80' lang='grc' dir='ltr'>λαοῦ</span> <span class='ocrx_word' id='word_1_592' title='bbox 2584 2488 2816 2542; x_wconf 79' lang='grc' dir='ltr'>ἐκείνου.</span> <span class='ocrx_word' id='word_1_593' title='bbox 2863 2489 2920 2542; x_wconf 86' lang='grc'><strong>’0</strong></span> <span class='ocrx_word' id='word_1_594' title='bbox 2955 2489 3012 2542; x_wconf 80' lang='grc' dir='ltr'>δὲ</span> <span class='ocrx_word' id='word_1_595' title='bbox 3050 2490 3370 2559; x_wconf 75' lang='grc' dir='ltr'>ἀποκριθεὶς</span> <span class='ocrx_word' id='word_1_596' title='bbox 3413 2489 3552 2561; x_wconf 73' lang='grc' dir='ltr'><strong>ἔφη·</strong></span> <span class='ocrx_word' id='word_1_597' title='bbox 3599 2491 3875 2557; x_wconf 82' lang='grc' dir='ltr'>Δέσποτα,</span> 
     </span>
    </p>
   </div>
   <div class='ocr_carea' id='block_1_84' title="bbox 2296 2579 3876 2654">
    <p class='ocr_par' dir='ltr' id='par_1_84' title="bbox 2296 2579 3876 2654">
     <span class='ocr_line' id='line_1_84' title="bbox 2296 2579 3876 2654; baseline 0.003 -23"><span class='ocrx_word' id='word_1_598' title='bbox 2296 2579 2654 2651; x_wconf 81' lang='grc' dir='ltr'>συγχώρησόν</span> <span class='ocrx_word' id='word_1_599' title='bbox 2698 2597 2824 2651; x_wconf 52' lang='grc' dir='ltr'>μοις</span> <span class='ocrx_word' id='word_1_600' title='bbox 2874 2582 2935 2634; x_wconf 77' lang='grc' dir='ltr'>οὐ</span> <span class='ocrx_word' id='word_1_601' title='bbox 2980 2583 3089 2652; x_wconf 81' lang='grc' dir='ltr'><strong>γάρ</strong></span> <span class='ocrx_word' id='word_1_602' title='bbox 3121 2583 3236 2652; x_wconf 77' lang='grc' dir='ltr'>ειμι</span> <span class='ocrx_word' id='word_1_603' title='bbox 3283 2583 3431 2646; x_wconf 64' lang='lat' dir='ltr'><strong>eam;</strong></span> <span class='ocrx_word' id='word_1_604' title='bbox 3463 2584 3711 2637; x_wconf 82' lang='grc' dir='ltr'>τοιούτου</span> <span class='ocrx_word' id='word_1_605' title='bbox 3745 2602 3876 2654; x_wconf 77' lang='grc' dir='ltr'>φρι-</span> 
     </span>
    </p>
   </div>
   <div class='ocr_carea' id='block_1_85' title="bbox 2295 2669 3877 2745">
    <p class='ocr_par' dir='ltr' id='par_1_85' title="bbox 2295 2669 3877 2745">
     <span class='ocr_line' id='line_1_85' title="bbox 2295 2669 3877 2745; baseline 0.004 -21"><span class='ocrx_word' id='word_1_606' title='bbox 2295 2673 2424 2725; x_wconf 78' lang='grc' dir='ltr'>κτοῦ</span> <span class='ocrx_word' id='word_1_607' title='bbox 2469 2669 2894 2744; x_wconf 64' lang='grc' dir='ltr'>ἐγχειρῆματος..</span> <span class='ocrx_word' id='word_1_608' title='bbox 2939 2675 2998 2726; x_wconf 92' lang='lat'>&#39;0</span> <span class='ocrx_word' id='word_1_609' title='bbox 3031 2675 3088 2727; x_wconf 83' lang='grc' dir='ltr'>δὲ</span> <span class='ocrx_word' id='word_1_610' title='bbox 3143 2676 3333 2738; x_wconf 79' lang='grc' dir='ltr'>πὰπας</span> <span class='ocrx_word' id='word_1_611' title='bbox 3375 2677 3514 2745; x_wconf 73' lang='grc' dir='ltr'>πρὸς</span> <span class='ocrx_word' id='word_1_612' title='bbox 3560 2677 3730 2732; x_wconf 77' lang='grc' dir='ltr'>αὐτὸν</span> <span class='ocrx_word' id='word_1_613' title='bbox 3772 2680 3877 2730; x_wconf 84' lang='grc' dir='ltr'><strong>ἀπ·</strong></span> 
     </span>
    </p>
   </div>
   <div class='ocr_carea' id='block_1_86' title="bbox 2296 2764 3876 2839">
    <p class='ocr_par' dir='ltr' id='par_1_86' title="bbox 2296 2764 3876 2839">
     <span class='ocr_line' id='line_1_86' title="bbox 2296 2764 3876 2839; baseline 0.003 -22"><span class='ocrx_word' id='word_1_614' title='bbox 2296 2764 2548 2836; x_wconf 82' lang='grc' dir='ltr'>εκρίνατο</span> <span class='ocrx_word' id='word_1_615' title='bbox 2569 2781 2582 2795; x_wconf 83' lang='lat'><strong><em>°</em></strong></span> <span class='ocrx_word' id='word_1_616' title='bbox 2613 2765 2726 2835; x_wconf 78' lang='grc' dir='ltr'><strong>Μὴ,</strong></span> <span class='ocrx_word' id='word_1_617' title='bbox 2754 2765 2965 2830; x_wconf 81' lang='grc' dir='ltr'>τέκνον,</span> <span class='ocrx_word' id='word_1_618' title='bbox 2999 2766 3264 2837; x_wconf 79' lang='grc' dir='ltr'>φοὸἡοητι</span> <span class='ocrx_word' id='word_1_619' title='bbox 3291 2767 3380 2820; x_wconf 86' lang='grc' dir='ltr'>τὸν</span> <span class='ocrx_word' id='word_1_620' title='bbox 3415 2767 3568 2833; x_wconf 80' lang='grc' dir='ltr'>Θεὸν,</span> <span class='ocrx_word' id='word_1_621' title='bbox 3600 2769 3876 2839; x_wconf 77' lang='grc' dir='ltr'>μνήσθητι</span> 
     </span>
    </p>
   </div>
   <div class='ocr_carea' id='block_1_87' title="bbox 2294 2855 3871 2930">
    <p class='ocr_par' dir='ltr' id='par_1_87' title="bbox 2294 2855 3871 2930">
     <span class='ocr_line' id='line_1_87' title="bbox 2294 2855 3871 2930; baseline 0.003 -22"><span class='ocrx_word' id='word_1_622' title='bbox 2294 2857 2441 2918; x_wconf 81' lang='grc' dir='ltr'>ὅπως</span> <span class='ocrx_word' id='word_1_623' title='bbox 2491 2857 2538 2907; x_wconf 84' lang='grc' dir='ltr'>οἱ</span> <span class='ocrx_word' id='word_1_624' title='bbox 2584 2855 2652 2908; x_wconf 85' lang='grc' dir='ltr'><strong>δι’</strong></span> <span class='ocrx_word' id='word_1_625' title='bbox 2708 2855 3016 2922; x_wconf 77' lang='grc' dir='ltr'>ἀντιλογίαν</span> <span class='ocrx_word' id='word_1_626' title='bbox 3066 2857 3377 2926; x_wconf 69' lang='grc' dir='ltr'>ὑπέμεινα-ι’</span> <span class='ocrx_word' id='word_1_627' title='bbox 3418 2857 3611 2928; x_wconf 72' lang='grc' dir='ltr'>ποινὴν</span> <span class='ocrx_word' id='word_1_628' title='bbox 3665 2859 3871 2930; x_wconf 75' lang='grc' dir='ltr'>δεινήν.</span> 
     </span>
    </p>
   </div>
   <div class='ocr_carea' id='block_1_88' title="bbox 2300 2946 3875 3019">
    <p class='ocr_par' dir='ltr' id='par_1_88' title="bbox 2300 2946 3875 3019">
     <span class='ocr_line' id='line_1_88' title="bbox 2300 2946 3875 3019; baseline 0.001 -18"><span class='ocrx_word' id='word_1_629' title='bbox 2300 2949 2441 3019; x_wconf 82' lang='grc' dir='ltr'><strong>Ἔφη</strong></span> <span class='ocrx_word' id='word_1_630' title='bbox 2476 2947 2531 3001; x_wconf 82' lang='grc' dir='ltr'>δὲ</span> <span class='ocrx_word' id='word_1_631' title='bbox 2579 2947 2742 3002; x_wconf 86' lang='grc' dir='ltr'>πάλιν</span> <span class='ocrx_word' id='word_1_632' title='bbox 2797 2949 2826 2999; x_wconf 88' lang='grc' dir='ltr'><strong>ὁ</strong></span> <span class='ocrx_word' id='word_1_633' title='bbox 2876 2948 2914 3000; x_wconf 89' lang='grc' dir='ltr'><strong><em>Γ</em></strong></span> <span class='ocrx_word' id='word_1_634' title='bbox 2919 2948 3208 3018; x_wconf 79' lang='grc' dir='ltr'>ρηγόριος·</span> <span class='ocrx_word' id='word_1_635' title='bbox 3272 2946 3525 3018; x_wconf 84' lang='grc' dir='ltr'>Ἐπίσχες</span> <span class='ocrx_word' id='word_1_636' title='bbox 3551 2949 3736 3016; x_wconf 83' lang='grc' dir='ltr'>ὀλίγον</span> <span class='ocrx_word' id='word_1_637' title='bbox 3784 2949 3875 3003; x_wconf 81' lang='grc' dir='ltr'>τοῦ</span> 
     </span>
    </p>
   </div>
   <div class='ocr_carea' id='block_1_89' title="bbox 2293 3037 3876 3113">
    <p class='ocr_par' dir='ltr' id='par_1_89' title="bbox 2293 3037 3876 3113">
     <span class='ocr_line' id='line_1_89' title="bbox 2293 3037 3876 3113; baseline 0 -19"><span class='ocrx_word' id='word_1_638' title='bbox 2293 3041 2478 3094; x_wconf 76' lang='grc' dir='ltr'>δούλου</span> <span class='ocrx_word' id='word_1_639' title='bbox 2515 3058 2631 3106; x_wconf 89' lang='grc' dir='ltr'>σου,</span> <span class='ocrx_word' id='word_1_640' title='bbox 2687 3040 2784 3093; x_wconf 77' lang='grc' dir='ltr'><strong>καὶ</strong></span> <span class='ocrx_word' id='word_1_641' title='bbox 2824 3040 2987 3092; x_wconf 82' lang='grc' dir='ltr'>πάλιν</span> <span class='ocrx_word' id='word_1_642' title='bbox 3022 3037 3399 3109; x_wconf 72' lang='grc' dir='ltr'>ἀπολογοῦμαι</span> <span class='ocrx_word' id='word_1_643' title='bbox 3448 3040 3583 3109; x_wconf 75' lang='grc' dir='ltr'>πρὸς</span> <span class='ocrx_word' id='word_1_644' title='bbox 3617 3041 3722 3109; x_wconf 78' lang='grc' dir='ltr'>τὴν</span> <span class='ocrx_word' id='word_1_645' title='bbox 3777 3043 3876 3113; x_wconf 81' lang='grc' dir='ltr'>σὴν</span> 
     </span>
    </p>
   </div>
   <div class='ocr_carea' id='block_1_90' title="bbox 2294 3131 3878 3207">
    <p class='ocr_par' dir='ltr' id='par_1_90' title="bbox 2294 3131 3878 3207">
     <span class='ocr_line' id='line_1_90' title="bbox 2294 3131 3878 3207; baseline 0.001 -19"><span class='ocrx_word' id='word_1_646' title='bbox 2294 3135 2607 3207; x_wconf 83' lang='grc' dir='ltr'>τιμιότητα.</span> <span class='ocrx_word' id='word_1_647' title='bbox 2647 3131 2985 3202; x_wconf 80' lang='grc' dir='ltr'>Παραλαϐὼν</span> <span class='ocrx_word' id='word_1_648' title='bbox 3019 3132 3076 3186; x_wconf 80' lang='grc' dir='ltr'>δὲ</span> <span class='ocrx_word' id='word_1_649' title='bbox 3118 3133 3282 3185; x_wconf 61' lang='grc' dir='ltr'>αὑτὸν</span> <span class='ocrx_word' id='word_1_650' title='bbox 3331 3134 3360 3185; x_wconf 92' lang='lat'><strong>6</strong></span> <span class='ocrx_word' id='word_1_651' title='bbox 3398 3132 3592 3198; x_wconf 72' lang='grc' dir='ltr'>ἀΰσας,</span> <span class='ocrx_word' id='word_1_652' title='bbox 3635 3134 3878 3190; x_wconf 69' lang='grc' dir='ltr'>ἄπεισαν</span> 
     </span>
    </p>
   </div>
   <div class='ocr_carea' id='block_1_91' title="bbox 2295 3223 3876 3294">
    <p class='ocr_par' dir='ltr' id='par_1_91' title="bbox 2295 3223 3876 3294">
     <span class='ocr_line' id='line_1_91' title="bbox 2295 3223 3876 3294; baseline 0 -15"><span class='ocrx_word' id='word_1_653' title='bbox 2295 3227 2353 3279; x_wconf 82' lang='grc' dir='ltr'>ἐν</span> <span class='ocrx_word' id='word_1_654' title='bbox 2397 3224 2475 3294; x_wconf 82' lang='grc' dir='ltr'>τῷ</span> <span class='ocrx_word' id='word_1_655' title='bbox 2509 3224 2706 3293; x_wconf 83' lang='grc' dir='ltr'>κελλίῳ</span> <span class='ocrx_word' id='word_1_656' title='bbox 2742 3223 2929 3290; x_wconf 82' lang='grc' dir='ltr'>αὑτοῦ,</span> <span class='ocrx_word' id='word_1_657' title='bbox 2986 3225 3078 3276; x_wconf 74' lang='grc' dir='ltr'>καὶ</span> <span class='ocrx_word' id='word_1_658' title='bbox 3128 3224 3258 3294; x_wconf 80' lang='grc' dir='ltr'>ὃλην</span> <span class='ocrx_word' id='word_1_659' title='bbox 3304 3225 3403 3294; x_wconf 76' lang='grc' dir='ltr'>τὴν</span> <span class='ocrx_word' id='word_1_660' title='bbox 3449 3223 3621 3278; x_wconf 82' lang='grc' dir='ltr'>νύκτα</span> <span class='ocrx_word' id='word_1_661' title='bbox 3674 3227 3876 3282; x_wconf 77' lang='grc' dir='ltr'>ᾶῦπνοι</span> 
     </span>
    </p>
   </div>
   <div class='ocr_carea' id='block_1_92' title="bbox 2294 3315 3880 3387">
    <p class='ocr_par' dir='ltr' id='par_1_92' title="bbox 2294 3315 3880 3387">
     <span class='ocr_line' id='line_1_92' title="bbox 2294 3315 3880 3387; baseline 0.003 -18"><span class='ocrx_word' id='word_1_662' title='bbox 2294 3316 2620 3370; x_wconf 82' lang='grc' dir='ltr'>διετέλεσαν.</span> <span class='ocrx_word' id='word_1_663' title='bbox 2669 3315 3001 3386; x_wconf 76' lang='grc' dir='ltr'>Βουλόμενος</span> <span class='ocrx_word' id='word_1_664' title='bbox 3029 3318 3056 3376; x_wconf 84' lang='lat'><strong>6</strong></span> <span class='ocrx_word' id='word_1_665' title='bbox 3089 3316 3126 3368; x_wconf 88' lang='grc' dir='ltr'><strong>Γ</strong></span> <span class='ocrx_word' id='word_1_666' title='bbox 3133 3316 3386 3386; x_wconf 85' lang='grc' dir='ltr'>ρηγόριος</span> <span class='ocrx_word' id='word_1_667' title='bbox 3430 3316 3740 3387; x_wconf 76' lang='grc' dir='ltr'>ἀποδράσαι</span> <span class='ocrx_word' id='word_1_668' title='bbox 3771 3321 3880 3375; x_wconf 64' lang='grc' dir='ltr'><strong>ἀπὸ</strong></span> 
     </span>
    </p>
   </div>
   <div class='ocr_carea' id='block_1_93' title="bbox 2295 3407 3877 3481">
    <p class='ocr_par' dir='ltr' id='par_1_93' title="bbox 2295 3407 3877 3481">
     <span class='ocr_line' id='line_1_93' title="bbox 2295 3407 3877 3481; baseline 0.003 -20"><span class='ocrx_word' id='word_1_669' title='bbox 2295 3409 2404 3461; x_wconf 85' lang='grc' dir='ltr'><strong>τῶν</strong></span> <span class='ocrx_word' id='word_1_670' title='bbox 2431 3410 2610 3462; x_wconf 75' lang='grc' dir='ltr'>ἐκεῖσε</span> <span class='ocrx_word' id='word_1_671' title='bbox 2657 3408 2749 3462; x_wconf 71' lang='grc' dir='ltr'><strong>ἐπὶ</strong></span> <span class='ocrx_word' id='word_1_672' title='bbox 2782 3408 2880 3477; x_wconf 82' lang='grc' dir='ltr'>τὴν</span> <span class='ocrx_word' id='word_1_673' title='bbox 2931 3407 3204 3472; x_wconf 82' lang='grc' dir='ltr'>Σπανίαν,</span> <span class='ocrx_word' id='word_1_674' title='bbox 3237 3410 3336 3461; x_wconf 85' lang='grc' dir='ltr'>οὐκ</span> <span class='ocrx_word' id='word_1_675' title='bbox 3368 3408 3485 3479; x_wconf 71' lang='grc' dir='ltr'>ᾔδει</span> <span class='ocrx_word' id='word_1_676' title='bbox 3517 3408 3577 3462; x_wconf 84' lang='grc' dir='ltr'>δὲ</span> <span class='ocrx_word' id='word_1_677' title='bbox 3603 3412 3629 3462; x_wconf 89' lang='lat'><strong>6</strong></span> <span class='ocrx_word' id='word_1_678' title='bbox 3658 3411 3877 3481; x_wconf 84' lang='grc' dir='ltr'>Γρηγό-</span> 
     </span>
    </p>
   </div>
   <div class='ocr_carea' id='block_1_94' title="bbox 2299 3495 3880 3585">
    <p class='ocr_par' dir='ltr' id='par_1_94' title="bbox 2299 3495 3880 3585">
     <span class='ocr_line' id='line_1_94' title="bbox 2299 3495 3880 3585; baseline 0.002 -32"><span class='ocrx_word' id='word_1_679' title='bbox 2299 3506 2434 3573; x_wconf 86' lang='grc' dir='ltr'>ριος,</span> <span class='ocrx_word' id='word_1_680' title='bbox 2461 3503 2545 3554; x_wconf 75' lang='grc' dir='ltr'>ὅτι</span> <span class='ocrx_word' id='word_1_681' title='bbox 2569 3503 2662 3556; x_wconf 66' lang='grc' dir='ltr'>καὶ</span> <span class='ocrx_word' id='word_1_682' title='bbox 2686 3504 2714 3554; x_wconf 91' lang='lat'><strong>6</strong></span> <span class='ocrx_word' id='word_1_683' title='bbox 2745 3505 2931 3585; x_wconf 33' lang='grc' dir='ltr'>’πατὴρ</span> <span class='ocrx_word' id='word_1_684' title='bbox 2956 3498 3121 3554; x_wconf 75' lang='grc' dir='ltr'>αὐτοῦ</span> <span class='ocrx_word' id='word_1_685' title='bbox 3150 3503 3266 3572; x_wconf 74' lang='grc' dir='ltr'>ἐκεῖ</span> <span class='ocrx_word' id='word_1_686' title='bbox 3303 3495 3370 3572; x_wconf 79' lang='grc' dir='ltr'>ἦν</span> <span class='ocrx_word' id='word_1_687' title='bbox 3402 3500 3538 3569; x_wconf 85' lang='grc' dir='ltr'>μετά</span> <span class='ocrx_word' id='word_1_688' title='bbox 3564 3499 3662 3554; x_wconf 81' lang='grc' dir='ltr'>τοῦ</span> <span class='ocrx_word' id='word_1_689' title='bbox 3685 3502 3880 3578; x_wconf 81' lang='grc' dir='ltr'>λοιποῦ</span> 
     </span>
    </p>
   </div>
   <div class='ocr_carea' id='block_1_95' title="bbox 2293 3585 3881 3665">
    <p class='ocr_par' dir='ltr' id='par_1_95' title="bbox 2293 3585 3881 3665">
     <span class='ocr_line' id='line_1_95' title="bbox 2293 3585 3881 3665; baseline 0.001 -22"><span class='ocrx_word' id='word_1_690' title='bbox 2293 3589 2448 3644; x_wconf 76' lang='grc' dir='ltr'>λαοῦ.</span> <span class='ocrx_word' id='word_1_691' title='bbox 2480 3591 2590 3643; x_wconf 65' lang='grc' dir='ltr'><strong>Καὶ</strong></span> <span class='ocrx_word' id='word_1_692' title='bbox 2620 3590 2766 3657; x_wconf 84' lang='grc' dir='ltr'>λέγει</span> <span class='ocrx_word' id='word_1_693' title='bbox 2818 3589 2966 3660; x_wconf 87' lang='grc' dir='ltr'><strong>αὐτῷ</strong></span> <span class='ocrx_word' id='word_1_694' title='bbox 3009 3591 3036 3640; x_wconf 97' lang='lat'><strong>6</strong></span> <span class='ocrx_word' id='word_1_695' title='bbox 3067 3588 3240 3660; x_wconf 68' lang='grc' dir='ltr'><strong>ἀβὸᾶς</strong></span> <span class='ocrx_word' id='word_1_696' title='bbox 3261 3605 3274 3619; x_wconf 78' lang='grc'><strong><em>⁸</em></strong></span> <span class='ocrx_word' id='word_1_697' title='bbox 3321 3585 3502 3655; x_wconf 83' lang='grc' dir='ltr'>Οἶδας,</span> <span class='ocrx_word' id='word_1_698' title='bbox 3536 3589 3881 3665; x_wconf 66' lang='grc' dir='ltr'>τέκνον,ὄτι</span> 
     </span>
    </p>
   </div>
   <div class='ocr_carea' id='block_1_96' title="bbox 2295 3675 3884 3752">
    <p class='ocr_par' dir='ltr' id='par_1_96' title="bbox 2295 3675 3884 3752">
     <span class='ocr_line' id='line_1_96' title="bbox 2295 3675 3884 3752; baseline 0.002 -17"><span class='ocrx_word' id='word_1_699' title='bbox 2295 3684 2388 3735; x_wconf 77' lang='grc' dir='ltr'>καὶ</span> <span class='ocrx_word' id='word_1_700' title='bbox 2422 3684 2449 3735; x_wconf 84' lang='lat'><strong>6</strong></span> <span class='ocrx_word' id='word_1_701' title='bbox 2487 3681 2646 3752; x_wconf 78' lang='grc' dir='ltr'>κύρις</span> <span class='ocrx_word' id='word_1_702' title='bbox 2681 3682 2935 3752; x_wconf 80' lang='grc' dir='ltr'>Χαρίτων</span> <span class='ocrx_word' id='word_1_703' title='bbox 2976 3683 3004 3733; x_wconf 88' lang='lat'><strong>6</strong></span> <span class='ocrx_word' id='word_1_704' title='bbox 3035 3683 3221 3752; x_wconf 81' lang='grc' dir='ltr'>πατήρ</span> <span class='ocrx_word' id='word_1_705' title='bbox 3258 3697 3351 3733; x_wconf 91' lang='grc' dir='ltr'><strong>σου</strong></span> <span class='ocrx_word' id='word_1_706' title='bbox 3395 3675 3499 3734; x_wconf 80' lang='grc' dir='ltr'>ὧδε</span> <span class='ocrx_word' id='word_1_707' title='bbox 3533 3684 3884 3751; x_wconf 85' lang='grc' dir='ltr'>παρεγένετο</span> 
     </span>
    </p>
   </div>
   <div class='ocr_carea' id='block_1_97' title="bbox 2297 3771 3883 3844">
    <p class='ocr_par' dir='ltr' id='par_1_97' title="bbox 2297 3771 3883 3844">
     <span class='ocr_line' id='line_1_97' title="bbox 2297 3771 3883 3844; baseline 0.004 -19"><span class='ocrx_word' id='word_1_708' title='bbox 2297 3773 2435 3844; x_wconf 82' lang='grc' dir='ltr'>μετὰ</span> <span class='ocrx_word' id='word_1_709' title='bbox 2464 3772 2573 3826; x_wconf 84' lang='grc' dir='ltr'>τῶν</span> <span class='ocrx_word' id='word_1_710' title='bbox 2622 3773 2918 3844; x_wconf 78' lang='grc' dir='ltr'>ὀρθοδόξων</span> <span class='ocrx_word' id='word_1_711' title='bbox 2951 3773 3175 3838; x_wconf 84' lang='grc' dir='ltr'>λοιπῶν,</span> <span class='ocrx_word' id='word_1_712' title='bbox 3227 3772 3382 3844; x_wconf 78' lang='grc' dir='ltr'>φίλος</span> <span class='ocrx_word' id='word_1_713' title='bbox 3427 3771 3508 3838; x_wconf 43' lang='grc' dir='ltr'>ὢν,</span> <span class='ocrx_word' id='word_1_714' title='bbox 3543 3773 3640 3826; x_wconf 81' lang='grc' dir='ltr'>τοῦ</span> <span class='ocrx_word' id='word_1_715' title='bbox 3693 3775 3883 3832; x_wconf 79' lang='grc' dir='ltr'>κοινοῦ</span> 
     </span>
    </p>
   </div>
   <div class='ocr_carea' id='block_1_98' title="bbox 2294 3863 3882 3941">
    <p class='ocr_par' dir='ltr' id='par_1_98' title="bbox 2294 3863 3882 3941">
     <span class='ocr_line' id='line_1_98' title="bbox 2294 3863 3882 3941; baseline 0.002 -24"><span class='ocrx_word' id='word_1_716' title='bbox 2294 3865 2451 3938; x_wconf 80' lang='grc' dir='ltr'>ήμῶν</span> <span class='ocrx_word' id='word_1_717' title='bbox 2480 3865 2690 3934; x_wconf 53' lang='lat' dir='ltr'><strong>lla-:96;</strong></span> <span class='ocrx_word' id='word_1_718' title='bbox 2719 3864 2814 3918; x_wconf 81' lang='grc' dir='ltr'>τοῦ</span> <span class='ocrx_word' id='word_1_719' title='bbox 2856 3864 3043 3931; x_wconf 66' lang='lat' dir='ltr'><strong>mit-ra;</strong></span> <span class='ocrx_word' id='word_1_720' title='bbox 3078 3863 3343 3926; x_wconf 79' lang='grc' dir='ltr'>Ἀκούσας</span> <span class='ocrx_word' id='word_1_721' title='bbox 3369 3864 3424 3917; x_wconf 70' lang='grc' dir='ltr'>δὲ</span> <span class='ocrx_word' id='word_1_722' title='bbox 3453 3864 3596 3918; x_wconf 77' lang='grc' dir='ltr'>πάνυ</span> <span class='ocrx_word' id='word_1_723' title='bbox 3621 3863 3882 3941; x_wconf 68' lang='grc' dir='ltr'>ἐλυπήθη</span> 
     </span>
    </p>
   </div>
   <div class='ocr_carea' id='block_1_99' title="bbox 2291 3954 3882 4028">
    <p class='ocr_par' dir='ltr' id='par_1_99' title="bbox 2291 3954 3882 4028">
     <span class='ocr_line' id='line_1_99' title="bbox 2291 3954 3882 4028; baseline 0.002 -18"><span class='ocrx_word' id='word_1_724' title='bbox 2291 3960 2320 4010; x_wconf 87' lang='grc' dir='ltr'>ὁ</span> <span class='ocrx_word' id='word_1_725' title='bbox 2371 3956 2689 4027; x_wconf 76' lang='grc' dir='ltr'>Γρηγόριος,</span> <span class='ocrx_word' id='word_1_726' title='bbox 2740 3956 2835 4009; x_wconf 69' lang='grc' dir='ltr'>καὶ</span> <span class='ocrx_word' id='word_1_727' title='bbox 2883 3956 3065 4024; x_wconf 77' lang='grc' dir='ltr'>ἐζήτει</span> <span class='ocrx_word' id='word_1_728' title='bbox 3113 3955 3416 4026; x_wconf 79' lang='grc' dir='ltr'>ἁποδράσαι</span> <span class='ocrx_word' id='word_1_729' title='bbox 3463 3954 3562 4024; x_wconf 83' lang='grc' dir='ltr'><strong>τῆς</strong></span> <span class='ocrx_word' id='word_1_730' title='bbox 3598 3956 3882 4028; x_wconf 84' lang='grc' dir='ltr'><strong>·Ῥώμης.</strong></span> 
     </span>
    </p>
   </div>
   <div class='ocr_carea' id='block_1_100' title="bbox 2296 4036 3886 4125">
    <p class='ocr_par' dir='ltr' id='par_1_100' title="bbox 2296 4036 3886 4125">
     <span class='ocr_line' id='line_1_100' title="bbox 2296 4036 3886 4125; baseline -0.006 -21"><span class='ocrx_word' id='word_1_731' title='bbox 2296 4050 2410 4104; x_wconf 76' lang='grc' dir='ltr'><strong>Καὶ·</strong></span> <span class='ocrx_word' id='word_1_732' title='bbox 2435 4049 2583 4118; x_wconf 80' lang='grc' dir='ltr'>λέγει</span> <span class='ocrx_word' id='word_1_733' title='bbox 2609 4048 2757 4117; x_wconf 78' lang='grc' dir='ltr'>αὐτῷ</span> <span class='ocrx_word' id='word_1_734' title='bbox 2784 4049 2812 4101; x_wconf 91' lang='lat'><strong>6</strong></span> <span class='ocrx_word' id='word_1_735' title='bbox 2841 4047 3015 4110; x_wconf 73' lang='grc' dir='ltr'>ἀϐὅᾱς</span> <span class='ocrx_word' id='word_1_736' title='bbox 3050 4049 3274 4120; x_wconf 74' lang='grc' dir='ltr'>Μάρκος</span> <span class='ocrx_word' id='word_1_737' title='bbox 3297 4065 3311 4080; x_wconf 83' lang='grc'><strong>⁸</strong></span> <span class='ocrx_word' id='word_1_738' title='bbox 3349 4036 3570 4116; x_wconf 77' lang='grc' dir='ltr'>Τέκνον,</span> <span class='ocrx_word' id='word_1_739' title='bbox 3610 4051 3689 4123; x_wconf 77' lang='grc' dir='ltr'>μὴ</span> <span class='ocrx_word' id='word_1_740' title='bbox 3733 4061 3886 4125; x_wconf 65' lang='grc' dir='ltr'>πει-ρ-</span> 
     </span>
    </p>
   </div>
   <div class='ocr_carea' id='block_1_101' title="bbox 2294 4135 3884 4213">
    <p class='ocr_par' dir='ltr' id='par_1_101' title="bbox 2294 4135 3884 4213">
     <span class='ocr_line' id='line_1_101' title="bbox 2294 4135 3884 4213; baseline 0.001 -17"><span class='ocrx_word' id='word_1_741' title='bbox 2294 4140 2526 4213; x_wconf 76' lang='grc' dir='ltr'>οργιζων</span> <span class='ocrx_word' id='word_1_742' title='bbox 2555 4139 2897 4211; x_wconf 74' lang='grc' dir='ltr'>παροργίσῃς</span> <span class='ocrx_word' id='word_1_743' title='bbox 2936 4138 3030 4192; x_wconf 74' lang='grc' dir='ltr'>τὸν</span> <span class='ocrx_word' id='word_1_744' title='bbox 3070 4140 3203 4193; x_wconf 82' lang='grc' dir='ltr'><strong>Θεὸν</strong></span> <span class='ocrx_word' id='word_1_745' title='bbox 3226 4152 3240 4165; x_wconf 86' lang='grc'>⁶</span> <span class='ocrx_word' id='word_1_746' title='bbox 3269 4135 3418 4205; x_wconf 81' lang='grc' dir='ltr'>οἶδας</span> <span class='ocrx_word' id='word_1_747' title='bbox 3451 4141 3558 4213; x_wconf 84' lang='grc' dir='ltr'><strong>γὰρ</strong></span> <span class='ocrx_word' id='word_1_748' title='bbox 3595 4141 3659 4195; x_wconf 80' lang='grc' dir='ltr'><strong>τὺ</strong></span> <span class='ocrx_word' id='word_1_749' title='bbox 3694 4145 3753 4196; x_wconf 84' lang='grc' dir='ltr'><strong>τί</strong></span> <span class='ocrx_word' id='word_1_750' title='bbox 3799 4159 3884 4198; x_wconf 87' lang='grc' dir='ltr'><strong>σοι</strong></span> 
     </span>
    </p>
   </div>
   <div class='ocr_carea' id='block_1_102' title="bbox 2295 4223 3886 4300">
    <p class='ocr_par' dir='ltr' id='par_1_102' title="bbox 2295 4223 3886 4300">
     <span class='ocr_line' id='line_1_102' title="bbox 2295 4223 3886 4300; baseline 0.003 -18"><span class='ocrx_word' id='word_1_751' title='bbox 2295 4230 2595 4283; x_wconf 76' lang='grc' dir='ltr'>ἐνετείλατο</span> <span class='ocrx_word' id='word_1_752' title='bbox 2623 4232 2650 4282; x_wconf 89' lang='lat'><strong>6</strong></span> <span class='ocrx_word' id='word_1_753' title='bbox 2681 4229 2949 4299; x_wconf 83' lang='grc' dir='ltr'>μακάριος</span> <span class='ocrx_word' id='word_1_754' title='bbox 2980 4229 3154 4300; x_wconf 80' lang='grc' dir='ltr'>γέρων</span> <span class='ocrx_word' id='word_1_755' title='bbox 3176 4231 3406 4294; x_wconf 74' lang='grc' dir='ltr'>ἐκεῖνος,</span> <span class='ocrx_word' id='word_1_756' title='bbox 3429 4231 3488 4283; x_wconf 79' lang='grc' dir='ltr'>ὲν</span> <span class='ocrx_word' id='word_1_757' title='bbox 3513 4223 3558 4297; x_wconf 84' lang='grc' dir='ltr'><strong>ᾧ</strong></span> <span class='ocrx_word' id='word_1_758' title='bbox 3587 4232 3723 4294; x_wconf 77' lang='grc' dir='ltr'>τοὺς</span> <span class='ocrx_word' id='word_1_759' title='bbox 3758 4231 3886 4288; x_wconf 82' lang='grc' dir='ltr'>τέσ-</span> 
     </span>
    </p>
   </div>
   <div class='ocr_carea' id='block_1_103' title="bbox 2296 4321 3886 4394">
    <p class='ocr_par' dir='ltr' id='par_1_103' title="bbox 2296 4321 3886 4394">
     <span class='ocr_line' id='line_1_103' title="bbox 2296 4321 3886 4394; baseline 0.003 -19"><span class='ocrx_word' id='word_1_760' title='bbox 2296 4340 2467 4394; x_wconf 83' lang='grc' dir='ltr'>σαρας</span> <span class='ocrx_word' id='word_1_761' title='bbox 2499 4323 2829 4393; x_wconf 75' lang='grc' dir='ltr'>παρέμεινες</span> <span class='ocrx_word' id='word_1_762' title='bbox 2860 4322 3087 4393; x_wconf 83' lang='grc' dir='ltr'>χρόνους</span> <span class='ocrx_word' id='word_1_763' title='bbox 3107 4337 3122 4352; x_wconf 88' lang='grc'><strong>·</strong></span> <span class='ocrx_word' id='word_1_764' title='bbox 3170 4321 3266 4375; x_wconf 76' lang='grc' dir='ltr'>καὶ</span> <span class='ocrx_word' id='word_1_765' title='bbox 3295 4321 3456 4384; x_wconf 80' lang='grc' dir='ltr'>αὐτὸς</span> <span class='ocrx_word' id='word_1_766' title='bbox 3493 4322 3560 4375; x_wconf 80' lang='grc' dir='ltr'><strong>δι’</strong></span> <span class='ocrx_word' id='word_1_767' title='bbox 3592 4322 3886 4380; x_wconf 78' lang='grc' dir='ltr'>ἀποκαλύ-</span> 
     </span>
    </p>
   </div>
   <div class='ocr_carea' id='block_1_104' title="bbox 2293 4406 3884 4481">
    <p class='ocr_par' dir='ltr' id='par_1_104' title="bbox 2293 4406 3884 4481">
     <span class='ocr_line' id='line_1_104' title="bbox 2293 4406 3884 4481; baseline 0.003 -19"><span class='ocrx_word' id='word_1_768' title='bbox 2293 4412 2439 4481; x_wconf 58' lang='lat' dir='ltr'><strong>eam;</strong></span> <span class='ocrx_word' id='word_1_769' title='bbox 2471 4409 2621 4471; x_wconf 85' lang='grc' dir='ltr'>Θείας</span> <span class='ocrx_word' id='word_1_770' title='bbox 2647 4410 3030 4480; x_wconf 75' lang='grc' dir='ltr'>ἐπιστάμενος,</span> <span class='ocrx_word' id='word_1_771' title='bbox 3066 4408 3159 4461; x_wconf 72' lang='grc' dir='ltr'>καὶ</span> <span class='ocrx_word' id='word_1_772' title='bbox 3186 4406 3254 4462; x_wconf 82' lang='grc' dir='ltr'>τὰ</span> <span class='ocrx_word' id='word_1_773' title='bbox 3293 4410 3434 4462; x_wconf 81' lang='grc' dir='ltr'>κατὰ</span> <span class='ocrx_word' id='word_1_774' title='bbox 3465 4409 3523 4462; x_wconf 78' lang='grc' dir='ltr'>σὲ</span> <span class='ocrx_word' id='word_1_775' title='bbox 3560 4410 3884 4479; x_wconf 77' lang='grc' dir='ltr'>γινώσκων,</span> 
     </span>
    </p>
   </div>
   <div class='ocr_carea' id='block_1_105' title="bbox 2297 4499 3889 4571">
    <p class='ocr_par' dir='ltr' id='par_1_105' title="bbox 2297 4499 3889 4571">
     <span class='ocr_line' id='line_1_105' title="bbox 2297 4499 3889 4571; baseline 0.001 -16"><span class='ocrx_word' id='word_1_776' title='bbox 2297 4502 2412 4564; x_wconf 79' lang='grc' dir='ltr'>πῶς</span> <span class='ocrx_word' id='word_1_777' title='bbox 2436 4501 2733 4571; x_wconf 83' lang='grc' dir='ltr'>τολμήσας,</span> <span class='ocrx_word' id='word_1_778' title='bbox 2770 4501 3057 4568; x_wconf 76' lang='grc' dir='ltr'>ὲπαγάγῃς</span> <span class='ocrx_word' id='word_1_779' title='bbox 3083 4499 3258 4568; x_wconf 79' lang='grc' dir='ltr'>ἐαυτῷ</span> <span class='ocrx_word' id='word_1_780' title='bbox 3285 4501 3529 4570; x_wconf 83' lang='grc' dir='ltr'>κατάραν</span> <span class='ocrx_word' id='word_1_781' title='bbox 3559 4502 3685 4554; x_wconf 78' lang='grc' dir='ltr'>ἀντὶ</span> <span class='ocrx_word' id='word_1_782' title='bbox 3730 4505 3889 4558; x_wconf 72' lang='grc' dir='ltr'>εὐλο-</span> 
     </span>
    </p>
   </div>
   <div class='ocr_carea' id='block_1_106' title="bbox 2225 4589 3887 4666">
    <p class='ocr_par' dir='ltr' id='par_1_106' title="bbox 2225 4589 3887 4666">
     <span class='ocr_line' id='line_1_106' title="bbox 2225 4589 3887 4666; baseline 0.002 -22"><span class='ocrx_word' id='word_1_783' title='bbox 2225 4589 2269 4644; x_wconf 82' lang='grc' dir='ltr'><strong>Ῑ)</strong></span> <span class='ocrx_word' id='word_1_784' title='bbox 2297 4596 2421 4664; x_wconf 85' lang='grc' dir='ltr'>γίας</span> <span class='ocrx_word' id='word_1_785' title='bbox 2451 4596 2514 4646; x_wconf 82' lang='grc' dir='ltr'>ἐκ</span> <span class='ocrx_word' id='word_1_786' title='bbox 2543 4593 2634 4647; x_wconf 80' lang='grc' dir='ltr'>τοῦ</span> <span class='ocrx_word' id='word_1_787' title='bbox 2666 4591 2822 4646; x_wconf 77' lang='grc' dir='ltr'>Θεοῦ.</span> <span class='ocrx_word' id='word_1_788' title='bbox 2869 4593 2925 4644; x_wconf 86' lang='grc'><strong>’0</strong></span> <span class='ocrx_word' id='word_1_789' title='bbox 2956 4593 3011 4645; x_wconf 81' lang='grc' dir='ltr'>δὲ</span> <span class='ocrx_word' id='word_1_790' title='bbox 3042 4594 3104 4646; x_wconf 79' lang='grc' dir='ltr'>ἐκ</span> <span class='ocrx_word' id='word_1_791' title='bbox 3135 4593 3255 4646; x_wconf 85' lang='grc' dir='ltr'>τότε</span> <span class='ocrx_word' id='word_1_792' title='bbox 3285 4591 3574 4662; x_wconf 73' lang='grc' dir='ltr'>ἡσύχασεν.</span> <span class='ocrx_word' id='word_1_793' title='bbox 3605 4594 3727 4647; x_wconf 74' lang='grc' dir='ltr'><strong>Καὶ</strong></span> <span class='ocrx_word' id='word_1_794' title='bbox 3765 4595 3887 4666; x_wconf 80' lang='grc' dir='ltr'>μετ’</span> 
     </span>
    </p>
   </div>
   <div class='ocr_carea' id='block_1_107' title="bbox 2299 4683 3889 4762">
    <p class='ocr_par' dir='ltr' id='par_1_107' title="bbox 2299 4683 3889 4762">
     <span class='ocr_line' id='line_1_107' title="bbox 2299 4683 3889 4762; baseline -0.004 -22"><span class='ocrx_word' id='word_1_795' title='bbox 2299 4687 2484 4756; x_wconf 74' lang='grc' dir='ltr'>ὀλίγας</span> <span class='ocrx_word' id='word_1_796' title='bbox 2513 4687 2722 4757; x_wconf 78' lang='grc' dir='ltr'>ἡμέρας</span> <span class='ocrx_word' id='word_1_797' title='bbox 2761 4683 3045 4762; x_wconf 68' lang='grc' dir='ltr'>ἐκέλευσεν</span> <span class='ocrx_word' id='word_1_798' title='bbox 3073 4683 3102 4735; x_wconf 87' lang='lat'><strong>6</strong></span> <span class='ocrx_word' id='word_1_799' title='bbox 3141 4685 3326 4747; x_wconf 72' lang='grc' dir='ltr'>πὰπας</span> <span class='ocrx_word' id='word_1_800' title='bbox 3374 4685 3580 4747; x_wconf 84' lang='grc' dir='ltr'>πάντας</span> <span class='ocrx_word' id='word_1_801' title='bbox 3612 4687 3751 4749; x_wconf 76' lang='grc' dir='ltr'>τοὺς</span> <span class='ocrx_word' id='word_1_802' title='bbox 3801 4688 3889 4742; x_wconf 71' lang='grc' dir='ltr'><strong>Σιρ</strong></span> 
     </span>
    </p>
   </div>
   <div class='ocr_carea' id='block_1_108' title="bbox 2301 4775 3886 4848">
    <p class='ocr_par' dir='ltr' id='par_1_108' title="bbox 2301 4775 3886 4848">
     <span class='ocr_line' id='line_1_108' title="bbox 2301 4775 3886 4848; baseline -0.004 -15"><span class='ocrx_word' id='word_1_803' title='bbox 2301 4779 2491 4842; x_wconf 79' lang='grc' dir='ltr'>κελοὺς</span> <span class='ocrx_word' id='word_1_804' title='bbox 2517 4777 2751 4848; x_wconf 80' lang='grc' dir='ltr'>ἀχθῆναι</span> <span class='ocrx_word' id='word_1_805' title='bbox 2798 4779 2854 4829; x_wconf 83' lang='grc' dir='ltr'>ἐν</span> <span class='ocrx_word' id='word_1_806' title='bbox 2901 4776 2978 4845; x_wconf 84' lang='grc' dir='ltr'>τῷ</span> <span class='ocrx_word' id='word_1_807' title='bbox 3023 4775 3358 4845; x_wconf 81' lang='grc' dir='ltr'>ὲπισκοπείῳ</span> <span class='ocrx_word' id='word_1_808' title='bbox 3388 4776 3524 4845; x_wconf 79' lang='grc' dir='ltr'>πρὸς</span> <span class='ocrx_word' id='word_1_809' title='bbox 3559 4775 3758 4838; x_wconf 79' lang='grc' dir='ltr'>αὐτὸν,</span> <span class='ocrx_word' id='word_1_810' title='bbox 3793 4778 3886 4830; x_wconf 77' lang='grc' dir='ltr'>καὶ</span> 
     </span>
    </p>
   </div>
   <div class='ocr_carea' id='block_1_109' title="bbox 2299 4865 3886 4941">
    <p class='ocr_par' dir='ltr' id='par_1_109' title="bbox 2299 4865 3886 4941">
     <span class='ocr_line' id='line_1_109' title="bbox 2299 4865 3886 4941; baseline -0.003 -17"><span class='ocrx_word' id='word_1_811' title='bbox 2299 4865 2447 4939; x_wconf 77' lang='grc' dir='ltr'>λέγει</span> <span class='ocrx_word' id='word_1_812' title='bbox 2489 4871 2705 4932; x_wconf 84' lang='grc' dir='ltr'>αὐτοῖς·</span> <span class='ocrx_word' id='word_1_813' title='bbox 2751 4868 2814 4920; x_wconf 85' lang='grc' dir='ltr'>Τί</span> <span class='ocrx_word' id='word_1_814' title='bbox 2846 4867 3148 4936; x_wconf 69' lang='grc' dir='ltr'>ὲσκέψασθε</span> <span class='ocrx_word' id='word_1_815' title='bbox 3193 4866 3446 4936; x_wconf 74' lang='grc' dir='ltr'>περὶτῆς</span> <span class='ocrx_word' id='word_1_816' title='bbox 3486 4867 3676 4936; x_wconf 76' lang='grc' dir='ltr'>κοινῆς</span> <span class='ocrx_word' id='word_1_817' title='bbox 3726 4869 3886 4941; x_wconf 78' lang='grc' dir='ltr'>ὑμῶν</span> 
     </span>
    </p>
   </div>
   <div class='ocr_carea' id='block_1_110' title="bbox 2303 4956 3885 5034">
    <p class='ocr_par' dir='ltr' id='par_1_110' title="bbox 2303 4956 3885 5034">
     <span class='ocr_line' id='line_1_110' title="bbox 2303 4956 3885 5034; baseline -0.002 -18"><span class='ocrx_word' id='word_1_818' title='bbox 2303 4963 2609 5034; x_wconf 85' lang='grc' dir='ltr'>σωτηρίας;</span> <span class='ocrx_word' id='word_1_819' title='bbox 2650 4959 3063 5030; x_wconf 82' lang='grc' dir='ltr'>Ἀποκριοὲντες</span> <span class='ocrx_word' id='word_1_820' title='bbox 3093 4958 3149 5017; x_wconf 80' lang='grc' dir='ltr'>δὲ</span> <span class='ocrx_word' id='word_1_821' title='bbox 3183 4959 3210 5010; x_wconf 89' lang='lat'><strong>6</strong></span> <span class='ocrx_word' id='word_1_822' title='bbox 3241 4956 3450 5019; x_wconf 79' lang='grc' dir='ltr'>Εὗπλος</span> <span class='ocrx_word' id='word_1_823' title='bbox 3494 4957 3885 5028; x_wconf 80' lang='grc' dir='ltr'>ἁρχιδιάκονος</span> 
     </span>
    </p>
   </div>
   <div class='ocr_carea' id='block_1_111' title="bbox 3028 5043 3351 5077">
    <p class='ocr_par' dir='ltr' id='par_1_111' title="bbox 3028 5043 3351 5077">
     <span class='ocr_line' id='line_1_111' title="bbox 3028 5043 3351 5077; baseline 0 0"><span class='ocrx_word' id='word_1_824' title='bbox 3028 5047 3062 5077; x_wconf 65' lang='grc' dir='ltr'><strong>ἶ.</strong></span> <span class='ocrx_word' id='word_1_825' title='bbox 3092 5043 3244 5077; x_wconf 61' lang='grc' dir='ltr'><strong>ἐρέοι-</strong></span> <span class='ocrx_word' id='word_1_826' title='bbox 3266 5061 3282 5077; x_wconf 82' lang='grc' dir='ltr'><strong>ο</strong></span> <span class='ocrx_word' id='word_1_827' title='bbox 3334 5047 3351 5065; x_wconf 77' lang='grc'><strong><em>⁸</em></strong></span> 
     </span>
    </p>
   </div>
   <div class='ocr_carea' id='block_1_112' title="bbox 2301 5135 3884 5219">
    <p class='ocr_par' dir='ltr' id='par_1_112' title="bbox 2301 5135 3884 5219">
     <span class='ocr_line' id='line_1_112' title="bbox 2301 5135 3884 5219; baseline 0.003 -28"><span class='ocrx_word' id='word_1_828' title='bbox 2301 5139 2573 5208; x_wconf 75' lang='grc' dir='ltr'>γήσασθαι</span> <span class='ocrx_word' id='word_1_829' title='bbox 2593 5138 2691 5189; x_wconf 82' lang='grc' dir='ltr'>οὐκ</span> <span class='ocrx_word' id='word_1_830' title='bbox 2721 5137 2935 5219; x_wconf 79' lang='grc' dir='ltr'>ἔχομεν,</span> <span class='ocrx_word' id='word_1_831' title='bbox 2967 5138 3042 5208; x_wconf 80' lang='grc' dir='ltr'>μὴ</span> <span class='ocrx_word' id='word_1_832' title='bbox 3061 5137 3161 5191; x_wconf 81' lang='grc' dir='ltr'>ὅσα</span> <span class='ocrx_word' id='word_1_833' title='bbox 3185 5135 3525 5208; x_wconf 78' lang='grc' dir='ltr'>ἀποκαλύψει</span> <span class='ocrx_word' id='word_1_834' title='bbox 3553 5154 3638 5195; x_wconf 81' lang='grc' dir='ltr'><strong>σοι</strong></span> <span class='ocrx_word' id='word_1_835' title='bbox 3671 5142 3703 5193; x_wconf 77' lang='lat'><strong>6</strong></span> <span class='ocrx_word' id='word_1_836' title='bbox 3726 5142 3884 5209; x_wconf 82' lang='grc' dir='ltr'>Θεδς,</span> 
     </span>
    </p>
   </div>
   <div class='ocr_carea' id='block_1_113' title="bbox 2302 5228 3028 5302">
    <p class='ocr_par' dir='ltr' id='par_1_113' title="bbox 2302 5228 3028 5302">
     <span class='ocr_line' id='line_1_113' title="bbox 2302 5228 3028 5302; baseline -0.004 -17"><span class='ocrx_word' id='word_1_837' title='bbox 2302 5230 2459 5284; x_wconf 79' lang='grc' dir='ltr'>τοῦτο</span> <span class='ocrx_word' id='word_1_838' title='bbox 2489 5228 2714 5299; x_wconf 68' lang='grc' dir='ltr'>ποίησον</span> <span class='ocrx_word' id='word_1_839' title='bbox 2744 5229 2824 5291; x_wconf 81' lang='grc' dir='ltr'><strong>είς</strong></span> <span class='ocrx_word' id='word_1_840' title='bbox 2861 5228 3028 5302; x_wconf 61' lang='grc' dir='ltr'>ἡμᾶς.</span> 
     </span>
    </p>
   </div>
   <div class='ocr_carea' id='block_1_114' title="bbox 2376 5495 3890 5586">
    <p class='ocr_par' dir='ltr' id='par_1_114' title="bbox 2376 5495 3890 5586">
     <span class='ocr_line' id='line_1_114' title="bbox 2376 5495 3890 5586; baseline -0.007 -15"><span class='ocrx_word' id='word_1_841' title='bbox 2376 5514 2508 5571; x_wconf 67' lang='lat' dir='ltr'><strong>MA&#39;.</strong></span> <span class='ocrx_word' id='word_1_842' title='bbox 2554 5513 2735 5580; x_wconf 87' lang='grc' dir='ltr'>Ἔγνω</span> <span class='ocrx_word' id='word_1_843' title='bbox 2761 5511 2816 5564; x_wconf 86' lang='grc' dir='ltr'>δὲ</span> <span class='ocrx_word' id='word_1_844' title='bbox 2844 5512 2871 5566; x_wconf 83' lang='lat'><strong>6</strong></span> <span class='ocrx_word' id='word_1_845' title='bbox 2898 5512 3084 5576; x_wconf 85' lang='grc' dir='ltr'>πάπας</span> <span class='ocrx_word' id='word_1_846' title='bbox 3107 5495 3197 5566; x_wconf 68' lang='grc' dir='ltr'>διὰ</span> <span class='ocrx_word' id='word_1_847' title='bbox 3223 5509 3320 5564; x_wconf 71' lang='grc' dir='ltr'>τοῦ</span> <span class='ocrx_word' id='word_1_848' title='bbox 3346 5509 3490 5567; x_wconf 70' lang='lat' dir='ltr'><strong>assa</strong></span> <span class='ocrx_word' id='word_1_849' title='bbox 3515 5513 3784 5586; x_wconf 71' lang='grc' dir='ltr'>Μάρκου,</span> <span class='ocrx_word' id='word_1_850' title='bbox 3812 5519 3890 5571; x_wconf 63' lang='grc' dir='ltr'>δτι</span> 
     </span>
    </p>
   </div>
   <div class='ocr_carea' id='block_1_115' title="bbox 2321 5706 3782 5786">
    <p class='ocr_par' dir='ltr' id='par_1_115' title="bbox 2321 5706 3782 5786">
     <span class='ocr_line' id='line_1_115' title="bbox 2321 5706 3782 5786; baseline 0.003 -23"><span class='ocrx_word' id='word_1_851' title='bbox 2321 5709 2636 5786; x_wconf 19' lang='grc' dir='ltr'>Ἰᾔῃρίαμξτι</span> <span class='ocrx_word' id='word_1_852' title='bbox 2672 5711 2765 5786; x_wconf 56' lang='lat' dir='ltr'><strong>xui.</strong></span> <span class='ocrx_word' id='word_1_853' title='bbox 2791 5707 3010 5786; x_wconf 71' lang='lat' dir='ltr'><strong>_27:_a_vta</strong></span> <span class='ocrx_word' id='word_1_854' title='bbox 3040 5706 3307 5786; x_wconf 56' lang='grc' dir='ltr'>καλεῖται.</span> <span class='ocrx_word' id='word_1_855' title='bbox 3341 5707 3428 5786; x_wconf 56' lang='grc' dir='ltr'><strong>(Υ.</strong></span> <span class='ocrx_word' id='word_1_856' title='bbox 3482 5710 3782 5786; x_wconf 55' lang='grc' dir='ltr'>ἰσηρίαιᾼ</span> 
     </span>
    </p>
   </div>
   <div class='ocr_carea' id='block_1_116' title="bbox 2380 5778 3502 5856">
    <p class='ocr_par' dir='ltr' id='par_1_116' title="bbox 2380 5778 3502 5856">
     <span class='ocr_line' id='line_1_116' title="bbox 2380 5778 3502 5856; baseline 0 0"><span class='ocrx_word' id='word_1_857' title='bbox 2380 5778 2490 5856; x_wconf 55' lang='lat' dir='ltr'><strong>(if!)</strong></span> <span class='ocrx_word' id='word_1_858' title='bbox 2528 5781 2661 5856; x_wconf 56' lang='lat'><strong>99¢!-</strong></span> <span class='ocrx_word' id='word_1_859' title='bbox 2694 5780 2749 5856; x_wconf 65' lang='grc' dir='ltr'>ἓν</span> <span class='ocrx_word' id='word_1_860' title='bbox 2787 5779 3002 5856; x_wconf 52' lang='lat' dir='ltr'><strong>sedi“;</strong></span> <span class='ocrx_word' id='word_1_861' title='bbox 3041 5778 3218 5856; x_wconf 65' lang='grc' dir='ltr'>έαυῖῷ</span> <span class='ocrx_word' id='word_1_862' title='bbox 3241 5781 3502 5856; x_wconf 51' lang='lat' dir='ltr'><strong>iure”;</strong></span> 
     </span>
    </p>
   </div>
   <div class='ocr_carea' id='block_1_117' title="bbox 2385 5849 3593 5924">
    <p class='ocr_par' dir='ltr' id='par_1_117' title="bbox 2385 5849 3593 5924">
     <span class='ocr_line' id='line_1_117' title="bbox 2385 5849 3593 5924; baseline 0.002 -21"><span class='ocrx_word' id='word_1_863' title='bbox 2385 5850 2493 5924; x_wconf 71' lang='grc' dir='ltr'><strong>(ίο)</strong></span> <span class='ocrx_word' id='word_1_864' title='bbox 2539 5849 2670 5904; x_wconf 65' lang='lat' dir='ltr'><strong>cmi.</strong></span> <span class='ocrx_word' id='word_1_865' title='bbox 2702 5851 2757 5915; x_wconf 75' lang='lat'><strong>9.,</strong></span> <span class='ocrx_word' id='word_1_866' title='bbox 2796 5849 3020 5921; x_wconf 61' lang='grc' dir='ltr'>ΪΕτερόν</span> <span class='ocrx_word' id='word_1_867' title='bbox 3054 5861 3104 5901; x_wconf 87' lang='grc' dir='ltr'><strong>τί</strong></span> <span class='ocrx_word' id='word_1_868' title='bbox 3135 5850 3593 5923; x_wconf 65' lang='grc' dir='ltr'>απολογήσασθαι.</span> 
     </span>
    </p>
   </div>
  </div>
