4060 6334
532 402 549 415 “’
573 401 677 466 555

1561 412 1622 470 S.
1663 410 2038 474 GREGORII
2074 414 2581 476 AGRIGENTINI
2613 417 2812 477 VITA.

3697 418 3808 482 656

575 513 693 581 ipse
716 511 780 564 ad
824 511 986 581 pedes
1026 515 1332 584 procideus,
1363 516 1651 592 obsecrare
1683 521 1764 576 sic
1803 523 1967 592 erepit
1997 540 2011 577 :
2039 522 2132 589 Ne,

2242 526 2751 596 μεναάπὸκινῆσαι.
2780 524 3088 579 Ἠκολούθει
3118 524 3172 580 δὲ
3199 526 3347 596 αὐτῷ
3371 527 3396 580 6
3427 527 3609 598 πατὴρ
3632 527 3810 582 αὐτοῦ

571 617 775 670 quaeso,
805 619 918 656 mea
952 621 1137 671 caiisa,
1164 609 1372 662 domini
1410 610 1536 676 mei,
1567 610 1645 664 sic
1672 612 1920 681 lugentis.
1937 612 2122 684 Neque

572 694 716 748 enim
744 693 1004 752 Dominus
1027 715 1178 752 meus
1196 698 1356 754 Jesus
1377 700 1631 757 Christus
1655 704 2022 774 nequidquam
2047 720 2135 760 me

571 783 624 836 in
672 785 1126 841 calumniatorum
1159 804 1405 844 meorum
1446 807 1638 848 manus
1672 794 1896 850 dedidit.
1933 794 2131 851 Verum

571 891 780 944 preces,
831 894 928 945 vos
980 896 1098 945 oro,
1133 897 1232 950 pro
1280 897 1366 937 me
1397 886 1630 942 scelesto
1662 887 1882 943 homine
1920 887 2132 955 iterate,

455 996 460 1001 -
567 983 678 1034 quo
702 967 845 1024 Deus
872 971 1002 1024 mihi
1029 974 1258 1028 crimina
1311 991 1432 1044 qua:
1458 979 1649 1032 admisi
1681 980 1848 1034 millia
1872 982 2130 1036 remittat.

573 1058 695 1112 llaec
720 1074 786 1114 eo
811 1061 1044 1126 dicente,
1069 1130 1071 1133 η
1097 1064 1305 1135 legatus
1336 1083 1505 1121 unum
1547 1084 1577 1123 e
1612 1071 1963 1127 naviculariis
1995 1071 2135 1131 Pro-

569 1151 786 1219 copium
821 1155 1147 1221 appellatum
1185 1159 1401 1222 accivit,
1433 1159 1594 1228 eique
1620 1163 1933 1232 episcopum
1969 1166 2136 1220 tradi-

567 1245 684 1308 dit;
716 1246 998 1312 eidemque
1029 1249 1343 1303 relationem
1379 1251 1544 1313 dedit,
1587 1235 1751 1324 quam
1783 1254 1900 1322 ipse
1940 1255 2134 1310 adver-

568 1349 661 1386 sus
690 1343 937 1387 sanctum
982 1336 1156 1390 virum
1193 1339 1258 1392 ad
1297 1340 1607 1407 pontiﬁcem
1655 1345 1953 1398 maximum
1998 1345 2132 1400 sori-

569 1433 772 1490 pserat,
808 1426 978 1492 signis
1017 1426 1192 1495 ipsius
1216 1429 1376 1498 legati
1408 1440 1462 1483 et
1499 1433 1875 1500 improborum
1914 1449 2161 1490 accusa--

570 1527 744 1566 torum
770 1516 1135 1584 obsignatam.
1163 1517 1444 1574 Neminem
1474 1535 1602 1575 vero
1633 1524 1797 1578 alium
1827 1540 1949 1579 cum
1977 1527 2135 1581 beato

566 1604 689 1658 .viro
720 1607 989 1674 prolicisei
1022 1609 1166 1677 passi
1200 1621 1348 1674 sunt,
1386 1626 1550 1680 quam
1585 1613 1928 1669 Platonicum
1965 1632 2130 1671 unum

565 1715 594 1748 e
628 1697 869 1752 diaeonis
898 1700 1036 1768 ejus.
1072 1700 1168 1755 llic
1205 1703 1439 1772 legatum
1478 1713 1532 1758 et
1567 1706 1869 1775 sacrilegos
1902 1705 2130 1780 [εχει-ιι]

561 1789 691 1843 illos
739 1783 960 1845 monere
1007 1803 1230 1848 sanctus
1273 1793 1567 1865 Gregorius
1612 1812 1717 1850 non
1762 1799 2125 1868 praetermisit,

2237 617 2329 667 καὶ
2361 618 2393 686 ή
2427 615 2606 688 μήτηρ
2653 616 2819 670 αὑτοῦ
2868 606 3168 681 κλαίοντες.
3214 618 3270 671 '0
3309 619 3364 670 δὲ
3415 617 3599 671 πεσὼν
3649 614 3809 690 παρὰ

2234 706 2360 768 τοὺς
2396 706 2561 769 πόδας
2605 707 2949 776 ἀμφοτέρων,
2982 708 3284 778 παρεκάλει
3325 709 3508 772 αὐτοῖς
3533 723 3549 739 ⁸
3583 710 3677 778 Μὴ
3708 710 3809 763 οὖ-

2234 797 2604 861 τως’κλαεετε
2645 799 2731 851 ἐπ’
2767 799 2926 869 ἐμοὶ,
2973 796 3149 869 κύριοί
3199 815 3332 868 μου·
3381 801 3409 851 6
3453 798 3562 870 γὰρ
3593 799 3808 868 Κύριός

2239 904 2339 956 μου
2388 888 2598 958 Ἰησοῦς
2652 889 2886 959 Χριστὸς
2933 890 2992 942 οὐ
3061 891 3147 961 μήί
3197 906 3264 959 με
3315 889 3660 960 ἐγκαταλίπῃ
3718 891 3810 953 εἰς

2234 980 2424 1049 χεῖρας
2453 979 2564 1032 τῶν
2597 979 3076 1051 συκοφαντούντων
3112 998 3177 1050 με
3203 981 3431 1051 δωρεάν.
3473 981 3615 1050 Πλὴν
3641 979 3808 1050 εὔχε-

2236 1072 2330 1133 σθε
2366 1072 2504 1140 ὑπὲρ
2538 1073 2697 1142 ἐμοῦ,
2728 1072 3048 1142 παρακαλῶ,
3079 1071 3174 1126 τοῦ
3215 1072 3742 1145 ἀμρτωλοῦπὸπως
3772 1074 3806 1125 ὁ

2235 1162 2367 1225 Θεὸς
2405 1165 2732 1235 συγχωρήσῃ
2767 1182 2855 1234 μοι
2884 1165 2954 1218 τὰ
2989 1164 3161 1218 πολλά
3196 1182 3298 1235 μου
3328 1166 3494 1241 κακά.
3527 1161 3716 1218 Ταῦτά
3737 1156 3807 1218 δι

2234 1253 2484 1319 λέγοντος
2529 1255 2694 1307 αὐτοῦ
2721 1294 2735 1319 ,
2770 1255 3026 1324 φωνήσας
3066 1242 3095 1306 6
3138 1254 3364 1325 ἔξαρχος
3397 1255 3492 1307 ἕνα
3517 1255 3626 1308 τῶν
3664 1271 3804 1308 ναυ-

2234 1343 2452 1412 κλήρων
2492 1344 2601 1396 τῶν
2632 1344 2832 1397 πλοίων
2879 1329 3187 1415 Προκὸπιον
3216 1345 3530 1416 λεγόμενον,
3565 1347 3776 1415 παραδὶ
3796 1373 3808 1383 -

2232 1435 2394 1486 δωσιν
2428 1435 2577 1504 αὐτῷ
2620 1436 2713 1488 τὸν
2761 1436 3079 1500 ἐπίσκοπον,
3131 1437 3233 1489 καῖ’
3269 1437 3485 1488 δίδωσιν
3523 1437 3671 1506 αὑτῷ
3702 1439 3806 1488 καὶ

2233 1525 2334 1594 τὴν
2381 1526 2511 1594 παρ’
2543 1525 2709 1578 αὐτοῦ
2741 1525 3064 1594 ’γραφεῖσαν
3091 1526 3372 1594 ἀναφορὰν
3401 1527 3536 1595 πρὸς
3567 1526 3659 1578 τὸν
3691 1527 3804 1580 πά-
3844 1520 3852 1530 ’

2233 1629 2341 1664 παν
2370 1617 2510 1666 κατὰ
2534 1612 2628 1664 τοῦ
2657 1613 2811 1681 ἀγίου
2843 1613 3072 1683 ἔχουσαν
3096 1613 3395 1684 σφραγῖδας
3425 1615 3584 1668 αὐτοῦ
3618 1632 3678 1668 τε
3699 1617 3803 1668 τοῦ

2213 1699 2462 1776 λέξάρχου
2486 1702 2581 1753 καὶ
2603 1701 2709 1768 τῷν
2736 1704 3070 1772 παρανόμων
3100 1704 3440 1774 κατηγόρων.
3470 1705 3582 1757 Οὐκ
3609 1707 3804 1758 alaeam

2234 1791 2292 1844 δὲ
2323 1792 2594 1847 συνελθεῖν
2622 1793 2701 1863 τῷ
2734 1795 3018 1865 μακαρίῳ,
3063 1796 3110 1846 εξ
3141 1795 3215 1863 μὴ
3243 1796 3400 1864 μόνον
3423 1796 3518 1848 ἕνα
3542 1796 3650 1848 τῶν
3677 1795 3803 1848 δια-

565 1882 814 1934 viderent
847 1883 973 1952 ipsi,
1015 1884 1103 1937 cui
1151 1863 1450 1940 Ecclesiam
1502 1886 1594 1941 Dei
1646 1863 2126 1955 administrandam

2241 1885 2411 1938 κόνων
2450 1863 2812 1939 Πλατωνικον.
2864 1863 3027 1954 Myer
3057 1887 3113 1939 δὲ
3149 1889 3176 1938 6
3203 1863 3355 1955 afro;
3387 1887 3683 1957 Γρηγόριος
3719 1887 3805 1956 τῷ

570 1975 971 2027 .ommitterent
1024 1991 1146 2029 :ne
1203 1976 1349 2030 illam
1405 1988 1660 2047 tanquam
1721 1982 1836 2050 apri
1878 1983 2134 2038 devasta-

570 2075 690 2120 rent
724 2083 737 2116 :
769 2080 864 2120 eos
901 2067 968 2119 de
1018 2067 1120 2120 hoc
1160 2068 1210 2119 in
1241 2067 1432 2136 judicii
1464 2070 1552 2124 die
1584 2073 1995 2129 rationemDeo
2025 2075 2141 2130 red-

569 2155 796 2208 dituros.
824 2153 921 2208 Cui
955 2157 1164 2226 legatus
1198 2175 1212 2211 :
1240 2156 1584 2227 Curatorem,
1619 2162 1814 2231 inquit,
1847 2177 1948 2218 nos
1974 2163 2136 2218 rebus

569 2249 823 2302 omnibus
854 2248 1282 2319 designavimus,
1311 2255 1404 2320 qui
1439 2253 1524 2321 pie
1551 2253 1763 2323 singula
1791 2249 2138 2309 adrriinistra-

567 2341 649 2394 bit
679 2339 788 2410 ((37)
821 2359 834 2395 :
867 2343 996 2408 quin
1033 2351 1125 2395 tuo
1173 2343 1292 2396 loco
1321 2343 1432 2411 jam
1464 2346 1695 2412 populus
1721 2345 1929 2399 ereavit
1959 2347 2132 2400 virum

570 2431 728 2498 plane
758 2429 1004 2500 dignum,
1038 2433 1132 2502 qui
1180 2433 1234 2486 in
1266 2447 1330 2487 ea
1371 2435 1499 2488 sede
1529 2436 1912 2490 constituatur.
1961 2438 2136 2506 Atque

573 2523 686 2576 tunc
715 2522 843 2576 dum
873 2517 943 2576 ab
972 2523 1055 2578 his
1085 2523 1418 2589 dicerentur,
1451 2526 1667 2581 advenit
1696 2528 2130 2595 archidiaconus,

569 2627 634 2667 ac
663 2613 824 2667 Simul
854 2613 1070 2668 diaconi
1101 2615 1208 2669 duo
1235 2613 1495 2670 Erasmus
1522 2626 1572 2670 et
1606 2618 2008 2688 Philadelphus,
2041 2620 2133 2689 qui

569 2704 808 2775 legatum
841 2713 895 2759 et
929 2705 1223 2775 sacrilegos
1263 2705 1386 2760 illos
1421 2705 1684 2760 Sabinum
1728 2716 1783 2762 et
1829 2709 2135 2764 Crescenti-

569 2811 698 2849 num
733 2795 1015 2865 rogabant,
1052 2805 1108 2850 ut
1135 2796 1238 2850 sibi
1272 2793 1395 2849 eum
1438 2796 1597 2852 Patre
1628 2811 1694 2852 ac
1727 2799 1988 2869 magistro
2032 2813 2132 2854 suo

568 2885 800 2939 abeundi
835 2895 1077 2954 potestas
1107 2887 1275 2939 lieret.
1302 2884 1510 2950 Quibus
1533 2886 1607 2939 illi
1638 2902 1703 2941 ne
1731 2902 1891 2941 aures
1913 2887 2132 2956 quidem

571 2976 937 3043 pra-buerunt.
984 2975 1170 3044 Itaque
1207 2992 1238 3030 a
1286 2977 1472 3032 littore
1523 2986 1733 3031 tantum
1776 2977 2128 3040 clamabant:

570 3064 703 3122 Tuis
738 3082 837 3121 nos
870 3067 1121 3136 precibus
1155 3068 1372 3136 adjuva,
1412 3069 1569 3122 Pater
1618 3077 1837 3135 sancte;
1872 3069 1962 3125 ille
2003 3086 2131 3125 vero

2239 1974 2454 2045 ἐξάρχῳ
2483 1976 2578 2028 καὶ
2607 1979 2720 2039 τοῖς
2744 1976 2982 2048 ἀνιέροις
3012 1977 3242 2041 ἐκείνοις
3261 1994 3276 2007 ·
3310 1979 3805 2050 Βλέπετε,ᾶνθρωο

2237 2077 2352 2126 ποι,
2384 2062 2446 2114 τὸ
2476 2062 2592 2124 πῶς
2613 2062 2888 2148 ,βούλεσθε
2912 2064 3134 2118 διοικεῖν
3161 2066 3261 2136 τὴν
3287 2066 3381 2118 τοῦ
3415 2065 3550 2119 Θεοῦ
3576 2069 3806 2138 Ἐκκλη-

2239 2152 2357 2203 σίαν
2376 2167 2388 2180 ⁸
2431 2153 2504 2220 μὴ
2540 2149 3023 2223 καταλυμαίνησθε
3051 2155 3220 2232 αὐτὴν
3251 2155 3328 2219 ὡς
3371 2158 3555 2226 μονιοὶ·
3574 2158 3800 2228 ἄγριόι·

2237 2243 2329 2296 καὶ
2363 2244 2584 2312 μέλλετε
2611 2243 2688 2313 τῷ
2714 2243 2833 2312 Θεῷ
2862 2247 2920 2296 ὲν
2943 2246 3127 2317 ἡμέρᾳ
3171 2248 3406 2316 κρίσεως
3441 2250 3571 2318 περὶ
3598 2251 3805 2305 τούτου

2234 2333 2331 2404 τὴν
2359 2334 2515 2403 δίκην
2542 2335 2984 2405 εἰσπράττεσθαι.
3011 2337 3068 2388 '0
3094 2337 3410 2409 δὲ-ἐξαρχος
3441 2340 3588 2408 λέγει
3619 2343 3803 2412 αὐτῷ’

2247 2423 2436 2493 Ἡμεῖς
2470 2425 2666 2496 ἔχομεν
2694 2421 3035 2496 καταστῆσαι
3066 2429 3348 2499 οἰκονόμον
3388 2433 3467 2494 εἰς
3495 2434 3673 2488 πάντα
3700 2435 3805 2488 τὸν

2233 2515 2427 2586 ἔχοντα
2463 2517 2736 2586 διοικῆσαι
2770 2519 2985 2572 taxat”
3016 2520 3190 2588 αὐτὴν
3221 2520 3491 2585 εὐσεϐῶς·
3540 2525 3631 2576 καὶ
3671 2527 3802 2578 ἀντὶ

2235 2606 2329 2660 σοῦ
2357 2602 2501 2661 οὗτοι
2542 2609 2592 2661 οἱ
2633 2609 2749 2660 λαοὶ
2777 2609 3115 2676 ἐψηφίσαντο
3147 2609 3314 2679 ἄνδρα
3356 2611 3504 2675 ἄξιον
3530 2613 3619 2665 τὸν
3642 2614 3803 2681 ὀφεί-

2231 2700 2396 2752 λοντα
2432 2701 2765 2768 καθεσθῆναι
2796 2702 2889 2752 ἐπὶ
2920 2693 3014 2754 τοῦ
3046 2701 3257 2771 θρόνου.
3280 2704 3389 2756 Καὶ
3419 2705 3590 2758 ταῦτα
3612 2706 3803 2759 αὐτῶν

2233 2791 2522 2854 εἰπόντων,
2556 2789 2860 2860 προσῆλθεν
2893 2793 2921 2844 6
2944 2790 3321 2861 ἀρχιδιάκονος
3350 2795 3445 2847 καὶ
3469 2796 3518 2846 οἱ
3547 2796 3641 2848 δύο
3678 2796 3804 2850 διὰ-

2232 2897 2377 2933 κονοι
2412 2882 2693 2950 Ἔρασμος
2725 2883 2817 2934 καὶ
2859 2874 3665 2953 Φιλάδελφος,παρακαλοῦντες
3697 2887 3805 2941 τὸν

2231 2969 2459 3041 ἔξαρχον
2492 2972 2582 3024 καὶ
2603 2973 2725 3034 τοὺς
2755 2973 3000 3044 ἀνιέρους
3032 2973 3254 3025 Σαϐῖνον
3279 2975 3370 3025 καὶ
3394 2974 3810 3042 Κρησκεντῖνον

2230 3061 2476 3130 λέγοντες
2497 3080 2510 3093 ·
2551 3063 2775 3116 Ἐάσατε
2811 3065 2957 3133 ἡμᾶς
3010 3063 3264 3118 ἀπελθεῖν
3289 3065 3422 3134 μετὰ
3456 3066 3550 3117 τοῦ
3579 3067 3809 3138 Πατρὸς
3902 3056 3905 3057 ν

571 3160 707 3212 bene
749 3158 1122 3225 iisprecatus,
1155 3167 1208 3212 et
1238 3159 1466 3213 salutari
1495 3173 1590 3213 eos
1620 3160 1777 3227 signo
1808 3173 1838 3212 e
1885 3160 2007 3214 navi
2041 3161 2128 3216 di-

2232 3154 2388 3224 ἡμῶν
2413 3155 2507 3207 καὶ
2526 3154 2870 3208 διδασκάλου.
2908 3157 2971 3208 ot
3003 3155 3060 3208 ιι
3083 3156 3202 3209 οὐδὲ
3226 3155 3458 3211 ἀκοῦσαι
3481 3144 3660 3212 αὐτῶν
3682 3161 3812 3214 οὐδ’

571 3250 833 3305 mittens:
864 3251 1096 3321 Pergite,
1142 3251 1337 3320 inquit,
1383 3251 1437 3306 in
1468 3265 1640 3320 pace:
1669 3249 1919 3306 Christus
1961 3252 2127 3320 enim,

575 3340 667 3394 lilii
699 3342 825 3406 inci,
864 3356 963 3395 vos
1005 3342 1273 3406 tuebitur,
1300 3342 1603 3411 charosque
1633 3343 1868 3397 habebit.
1905 3342 1976 3399 lis
2006 3357 2135 3399 vero

571 3433 743 3487 Amen
766 3433 1220 3501 respondentibus
1246 3448 1409 3486 naves
1431 3434 1539 3501 jam
1565 3435 1948 3499 discesserant,
1976 3444 2134 3489 nocte

565 3523 676 3590 jam
727 3523 1001 3575 inchoata.
1046 3522 1308 3591 Sacrilegi
1355 3536 1485 3574 vero
1531 3523 1608 3574 illi
1657 3534 1905 3576 sanctum
1953 3523 2133 3577 virum

555 3627 694 3682 eum
733 3612 910 3679 legato
947 3611 1286 3674 deridebant,
1319 3612 1412 3679 qui
1434 3611 1738 3679 perniciem
1774 3627 1927 3667 suam
1961 3613 2127 3668 miser

573 3717 679 3756 non
721 3701 963 3764 deﬂeret,
1008 3711 1062 3755 et
1107 3701 1174 3755 de
1224 3702 1292 3755 iis
1325 3701 1614 3766 laboraret,
1662 3717 1785 3773 quae
1813 3709 2125 3771 “nunquam

571 3795 800 3862 posthac
830 3793 1046 3850 visurus
1074 3801 1239 3846 esset.
1708 3799 1714 3806 '

2229 3247 2364 3309 ὅλως
2392 3247 2703 3331 ἠνέσχοντο.
2733 3247 2910 3300 Μόνον
2937 3246 3045 3299 ἀπὸ
3071 3245 3170 3316 τῆς
3199 3248 3302 3316 γῆς
3331 3247 3582 3319 ἔκραζον,
3605 3250 3810 3317 λέγον-

2201 3355 2354 3401 τες·
2393 3333 2558 3403 Εὗξαι
2590 3339 2729 3408 ὑπὲρ
2763 3338 2944 3408 ἡμῶν,
2991 3339 3172 3410 Πάτερ
3207 3340 3352 3408 ἀγιε.
3380 3341 3440 3394 '0
3466 3342 3525 3395 δὲ
3565 3343 3813 3409 ἐπευξά-

2235 3448 2393 3501 μενος
2440 3431 2620 3492 αὺτοῖς
2663 3432 2756 3484 καὶ
2805 3432 3259 3501 κατασφραγίσας
3307 3420 3504 3496 αὐτους
3550 3434 3660 3488 ἀπὸ
3697 3437 3810 3491 τοῦ

2231 3523 2445 3586 πλοίου,
2493 3523 2782 3582 ἀπέλυσεν,
2819 3522 2993 3590 λέγων
3025 3539 3037 3552 ⁸
3071 3524 3375 3596 Πορεύεσθε
3407 3529 3464 3579 ἐν
3496 3529 3689 3598 εἰρήνῃ
3717 3546 3734 3559 ο
3776 3533 3812 3583 ὁ

2231 3614 2464 3684 Χριστὸς
2498 3614 2607 3682 γὰρ
2640 3614 2782 3684 ὑμᾶς
2825 3613 3147 3683 διατηρήσει
3172 3615 3383 3688 ,τέκνα
3417 3628 3540 3686 μου,
3582 3621 3665 3682 εἰς
3691 3621 3812 3691 τὴν

2233 3705 2453 3772 ἀγάπην
2483 3703 2670 3755 αὐτοῦ.
2695 3704 2813 3756 Τῶν
2833 3705 2901 3755 ’δὲ
2930 3704 2989 3756 τὸ
3028 3704 3197 3774 Ἀμὴν
3228 3706 3813 3776 ἀποκριθέπωνίάπα

2235 3793 2493 3863 εκίνησαν
2523 3791 2726 3855 εὐθέως
2761 3794 2830 3844 τὰ
2859 3791 3052 3857 πλοῖα,
3088 3793 3329 3864 ἑσπέρας
3351 3793 3519 3865 οὔσης
3551 3796 3808 3865 βαθείας.

572 3888 632 3938 υἱ
665 3867 957 3955 δὲ’ἀνίεροι
1007 3885 1206 3937 ἐκεῖνοι
1248 3885 1558 3953 κατεγέλων
1620 3885 1784 3939 αὐτοῦ
1845 3886 1963 3955 ἃμα
2024 3885 2104 3955 τῷ
2168 3884 2402 3954 ἐξάρχω,
2447 3883 2736 3961 λέγοντες·
2778 3885 2836 3938 ’0
2885 3885 3069 3949 ἄθλιος
3111 3887 3172 3939 οὐ
3223 3886 3412 3958 θρηνεῖ
3443 3887 3542 3958 τὴν
3598 3875 3811 3946 ἑαυτοῦ
3891 3881 3896 3884 ⁴

568 3976 863 4040 ἀπώλειαν,
904 3975 1041 4028 ἀλλά
1065 3975 1172 4027 τῶν
1201 3975 1353 4028 ἐνθεν
1384 3975 1658 4045 φροντίζει
1701 3974 1737 4029 ἀ
1774 3976 1837 4028 οὐ
1880 3977 1955 4047 μή
1986 3993 2118 4029 ποτε
2157 3976 2439 4044 θεάσηται.

640 4067 774 4120 LXI.
815 4063 961 4118 Nihil
999 4065 1206 4121 interea
1249 4066 1455 4120 urbana
1497 4067 1646 4136 plebs
1680 4075 1948 4131 senserat,
1991 4067 2128 4122 nihil

569 4159 770 4216 tribuni
809 4167 906 4212 aut
939 4158 1225 4214 archon’tes
1251 4159 1318 4213 de
1344 4159 1486 4214 beati
1515 4159 1620 4213 viri
1655 4159 1899 4238 discessu
1927 4167 1983 4214 et
2027 4173 2127 4213 na-

570 4251 840 4319 vigatione
889 4257 1172 4303 noverant.
1222 4248 1462 4304 Diaconi'
1500 4260 1683 4305 autem
1730 4251 1798 4306 ad
1849 4263 2126 4307 carcerem

570 4341 798 4404 rediere,
845 4348 1003 4408 atque
1055 4339 1166 4394 illic
1211 4349 1426 4394 noctem
1471 4351 1794 4410 exegerunt.
1845 4340 1957 4394 Sub
2003 4339 2128 4408 galli

570 4439 789 4485 cantum
830 4429 1010 4483 omnis
1038 4431 1102 4483 ad
1133 4445 1405 4485 carcerem
1452 4432 1743 4485 multitudo
1774 4431 2045 4496 convenit,
2077 4444 2130 4485 et

2299 4066 2420 4118 ΞΜ.
2461 4067 2575 4118 Οὐκ
2611 4064 2728 4133 ᾔδει
2754 4063 2811 4115 δὲ
2838 4063 2902 4116 τὸ
2927 4063 3129 4134 πλῆθος
3159 4063 3249 4118 τοῦ
3279 4063 3410 4118 λαοῦ
3438 4066 3538 4138 τῆς
3562 4068 3810 4139 πόλεως,

2228 4155 2352 4207 οὔτε
2382 4156 2431 4207 οι
2461 4153 2736 4223 τριϐοὖνοι
2766 4153 2859 4206 καὶ
2883 4154 2933 4206 οἱ
2971 4155 3228 4223 ἄρχοντες
3255 4153 3317 4206 τὸ
3356 4154 3473 4220 πῶς
3513 4156 3744 4226 ἐξῆλθεν
3780 4165 3822 4214 ἁ

2233 4244 2526 4315 μακάριος,
2556 4243 2650 4296 καὶ
2676 4241 2928 4312 εἰσῆλθεν
2958 4245 3017 4296 ἐν
3041 4243 3116 4312 τῷ
3141 4243 3333 4313 πλοίῳ.
3373 4246 3438 4298 οι
3466 4246 3525 4300 δὲ
3553 4248 3824 4306 διάκονοι

2230 4329 2474 4401 ἀπῆλθον
2517 4333 2577 4383 ἐν
2622 4335 2686 4400 τῇ
2732 4331 2978 4401 φυλακῇ,
3024 4333 3243 4385 κάκεῖσε
3274 4333 3497 4402 ἔμειναν
3531 4338 3597 4406 τῇ
3639 4345 3817 4395 νυκτὶ

2229 4419 2436 4487 ἐκείνῃ.
2486 4419 2619 4486 Περὶ
2660 4417 2714 4470 δέ
2761 4419 3230 4488 ἀλεκτοροφωνίαν
3276 4422 3515 4492 συνήχθη
3546 4424 3700 4479 ἅπαν
3743 4431 3817 4484 τὸ

572 4533 694 4572 cum
731 4533 793 4571 ea
825 4517 1027 4570 tribuni
1057 4528 1228 4587 atque
1265 4520 1554 4574 archontes
1588 4534 1602 4572 :
1632 4522 1722 4589 qui
1757 4535 1880 4576 cum
1912 4520 2127 4575 beatum

2232 4507 2437 4575 πλῆθος
2478 4508 2590 4560 τοῦ
2611 4508 2739 4561 λαοῦ
2771 4511 2829 4561 ἐν
2866 4513 2931 4580 τῇ
2971 4510 3181 4580 φυλακῇ
3214 4510 3328 4579 ἅμα
3359 4513 3470 4564 τῶν
3496 4517 3817 4584 τριῦούνων

574 4609 747 4661 \irum
792 4621 896 4660 non
943 4607 1297 4672 invenissent,
1348 4610 1669 4664 tumultuari
1706 4620 2009 4680 cmperunt,
2051 4612 2130 4664 la-

538 4705 543 4718 '
573 4700 876 4766 mentisque
915 4706 968 4752 et
998 4699 1330 4754 clamoribus
1365 4699 1546 4754 ell'erri
1573 4711 1761 4755 contra
1811 4704 2126 4772 sacrilegam

573 4789 852 4840 hominum
875 4787 1359 4855 conspirationem,
1382 4803 1444 4842 ac
1466 4799 1654 4842 contra
1678 4788 1910 4856 legatum
1930 4788 2136 4855 ipsum,

572 4877 699 4944 quid
738 4877 805 4929 de
832 4876 1055 4928 domino
1104 4891 1241 4950 suo,
1267 4875 1398 4944 quid
1442 4878 1508 4930 de
1546 4879 1751 4945 optimo
1797 4885 2015 4944 pastore
2053 4876 2132 4929 fa-

572 4980 717 5022 ctum
774 4978 948 5031 esset,
1005 4983 1134 5020 num
1191 4969 1428 5036 ipsorum
1487 4967 1740 5021 manibus
1799 4967 2128 5030 interiisset,

505 5115 507 5117 _
573 5067 893 5124 qua-rentes.
922 5057 1130 5122 Quibus
1151 5057 1237 5110 ille
1269 5058 1640 5126 respondens:
1671 5054 1785 5110 Non
1807 5059 1900 5120 ita,
1937 5056 2156 5124 inquit,.

577 5147 788 5212 fratres,
825 5162 927 5200 non
965 5148 1015 5200 id
1048 5147 1248 5202 factum
1285 5157 1386 5214 est,
1422 5148 1566 5217 quod
1598 5162 1695 5202 vos
1723 5148 1789 5201 de
1835 5162 1899 5200 eo
1931 5150 2130 5216 COgila-

573 5240 642 5294 tis
677 5259 688 5292 :
722 5237 816 5295 sed
857 5239 990 5308 ipse,
1031 5251 1088 5292 ut
1129 5254 1158 5292 a
1206 5255 1290 5293 me
1322 5240 1645 5306 postularat,
1693 5248 1888 5307 sponte
1927 5254 2021 5292 sua
2065 5239 2132 5292 ad

645 5433 754 5504 (67)
793 5433 1110 5488 Curatorem
1152 5436 1316 5497 hunc,
1346 5436 1660 5504 quicunque
1706 5433 1885 5495 fuerit,
1913 5434 2003 5504 diu
2047 5449 2133 5488 so—

574 5506 686 5579 lum
717 5503 893 5579 delata
933 5506 1214 5579 curatione
1252 5503 1400 5579 luugi
1445 5503 2130 5579 no_n_estpassus_G_rego-

575 5576 689 5627 rius
740 5574 980 5641 Magnus.
1021 5572 1444 5643 Natnepiscopo
1495 5572 1757 5629 Triocalie
1812 5572 2129 5626 visita’tionis

575 5660 750 5695 curam
798 5643 1085 5696 commisit.
1148 5641 1608 5711 Desunt‘qnidem
1647 5645 1884 5706 littcrte,
1934 5645 2130 5711 quibus

579 5713 869 5764 Ecclesium
909 5713 1050 5766 illam
1084 5713 1234 5766 obire
1262 5714 1503 5779 jusserit,
1531 5715 1986 5781 quemadmodum
2012 5714 2129 5766 alia:

581 5784 734 5833 etiam
769 5782 1171 5849 desiderantur,
1204 5797 1338 5852 quas
1371 5800 1398 5835 ιι
1434 5784 1695 5852 Gregorio
1742 5785 1974 5851 scriptas
2007 5798 2125 5836 esse

2231 4599 2326 4652 καὶ
2357 4598 2466 4650 τῶν
2498 4598 2797 4668 ἀρχόντων,
2828 4601 2922 4652 καὶ
2957 4600 3030 4668 μὴ
3075 4600 3324 4670 εὑρόντες
3371 4603 3461 4655 τὸν
3497 4607 3817 4677 μακάριον,

2230 4691 2466 4763 ἤρξαντο
2493 4691 2863 4763 ταράσσεσθαι
2891 4693 2990 4744 καὶ-
3009 4691 3283 4755 ὀλολύζειν
3304 4694 3398 4746 καὶ
3425 4698 3822 4765 κατακράζειν

2231 4783 2374 4835 κατά
2412 4783 2507 4835 τοῦ
2537 4785 2752 4852 ἀνιέρου
2789 4783 3067 4851 συνεδρίου
3099 4782 3306 4834 ἐκείνου
3330 4800 3341 4813 ·
3388 4782 3573 4840 λοιπὸν
3605 4785 3664 4837 δὲ
3706 4791 3823 4842 καὶ

2233 4875 2368 4925 κατὰ
2417 4874 2512 4925 τοῦ
2556 4873 2808 4941 ἐξάρχου,
2866 4872 3148 4939 λέγοντες·
3198 4871 3263 4923 Τί
3317 4874 3652 4941 πεποιήκατε
3713 4878 3822 4928 τὸν

2232 4965 2419 5034 κύριον
2468 4961 2649 5032 ἡμῶν,
2671 4946 2762 5014 τὸν
2789 4960 2951 5014 καλὸν
2978 4961 3184 5029 νομέας
3218 4961 3325 5030 ἀρα
3356 4962 3686 5029 πεφόνευται
3715 4967 3820 5034 ὑφ’

2231 5053 2417 5122 ὑμών;
2461 5053 2518 5103 '0
2552 5051 2607 5104 δὲ
2637 5053 2819 5113 αὐτοῖς
2845 5050 3179 5121 ἀπεκρίνατο
3201 5065 3214 5080 °
3249 5051 3383 5119 υὺχὶ
3402 5089 3418 5114 ι
3447 5049 3695 5121 ἀδελφοὶ,
3734 5059 3820 5126 μὴ

2231 5144 2460 5211 γένοιτο,
2512 5142 2586 5205 ὡς
2633 5143 2788 5211 ὑμεῖς
2851 5140 3176 5210 ἐνθυμεῖσθε
3231 5139 3389 5194 τοῦτο
3435 5141 3697 5210 γενέσθαι
3757 5148 3822 5199 ἐν

2233 5233 2382 5302 αὐτῷ
2403 5250 2415 5262 ·
2449 5233 2567 5286 ἀλλ’
2601 5233 2762 5296 αὐτὸς
2811 5234 3041 5301 αἰτήσας
3076 5233 3257 5303 ἡμᾶς,
3289 5232 3596 5305 ἀνέδραμεν
3621 5235 3822 5312 οἰκείᾳ

2232 5431 2581 5506 manifestum
2611 5444 2721 5506 est,
2748 5436 2889 5504 quod
2921 5437 3034 5504 jam
3058 5435 3472 5506 Papebrochius
3508 5437 3586 5506 (in
3622 5437 3820 5499 Calai.

2234 5500 2391 5574 Pont.
2434 5503 2500 5556 ad
2544 5501 2636 5558 Gr.
2681 5500 2780 5574 Μή
2832 5500 3110 5559 adnotavit
3143 5500 3166 5557 ἒ
3199 5505 3295 5558 sed
3348 5500 3527 5560 tamen
3571 5521 3654 5562 ea:
3705 5512 3825 5567 hoc

2233 5573 2410 5648 ipsum
2464 5573 2764 5648 testantur.
2793 5590 2928 5648 quas
2975 5575 3175 5648 eidenL
3200 5575 3455 5648 episeopo
3505 5574 3827 5648 Gregorius

2234 5642 2422 5704 misit,
2489 5652 2547 5694 ut
2597 5659 2660 5696 ex
2717 5641 3082 5713 Agrigentinaa
3134 5641 3401 5698 Ecclesia!
3443 5641 3824 5713 proventibus

2233 5722 2484 5778 quartam
2551 5724 2755 5779 partem
2809 5715 2860 5766 in
2909 5713 3228 5766 uisitationis
3273 5715 3610 5782 stipendium
3667 5721 3824 5773 assi-

2234 5791 2422 5849 gnat'et
2472 5782 2587 5850 (lib.
2638 5799 2688 5847 γ,
2739 5784 2897 5851 epist.
2933 5782 3022 5854 t9.)
3060 5801 3072 5839 :
3103 5798 3222 5845 qua:
3257 5783 3397 5838 infra
3429 5786 3816 5849 proferentur.
