4060 6334
738 416 833 480 071
1205 397 1251 434 ⁸

1713 427 1754 483 s
1836 427 2212 488 GREGOIUI
2246 413 2756 486 AGRIGENTtNI
2793 423 2987 487 VITA.

3875 427 3968 487 67?

735 546 858 596 que
900 547 986 585 res
1031 532 1154 586 illos
1185 533 1250 586 ad
1293 531 1644 589 laudcsDco
1694 518 1998 592 reddendas
2027 539 2290 592 excitavit

2410 537 2545 610 πρὸς
2605 537 2836 600 αὐτούς·
2878 535 3108 604 "Agere
3166 534 3581 592 ἀναπαύσασθαι
3637 533 3731 586 τὸν
3794 533 3957 602 κύριον

745 622 844 676 lies
876 634 1055 676 autem
1090 634 1313 678 sanctus
1348 624 1644 695 Gregorius
1685 629 1986 693 admonuit,
2025 641 2084 684 ut
2113 630 2303 684 herum

736 729 897 768 suum
953 715 1232 781 quiescere
1278 717 1522 771 sinerent
1559 737 1574 772 :
1619 718 1734 786 ipse
1778 729 1990 773 noctem
2042 721 2302 790 reliquam

737 806 1001 860 insomnis
1025 808 1284 874 transegit
1313 806 1422 860 Deo
1456 809 1798 878 supplicans,
1831 819 1889 864 ut
1921 826 2127 880 aegrum
2158 813 2305 867 saui-

737 899 832 952 ιιιιί
865 901 1194 960 restitueret.
1224 910 1386 967 atque
1416 902 1470 954 in
1503 901 1586 954 his
1616 903 1872 970 precibus
1909 918 2084 972 usque
2113 903 2179 957 ad
2209 920 2303 957 au-

736 1006 914 1044 roram
963 991 1347 1060 perseveravit.
1402 990 1644 1045 Subinde
1695 995 1962 1052 matutina
2007 995 2303 1064 psalmodia

737 1085 1011 1144 inchoata,
1060 1084 1162 1137 sub
1209 1082 1368 1136 linem
1404 1085 1841 1154 quinquagesimi
1889 1087 2123 1155 psalmi,
2173 1088 2300 1140 dum

736 1175 1082 1230 sanctus-vir
1137 1176 1261 1227 thus
1295 1173 1409 1245 (se)
1443 1160 1686 1228 adoleret
1720 1175 1858 1243 (83),
1897 1175 2100 1231 exsiliit
2147 1192 2178 1232 e
2225 1177 2298 1231 le-

735 1276 823 1320 cto
847 1267 1172 1328 Marcianus,
1197 1279 1261 1320 ac
1285 1266 1500 1320 beatum
1521 1267 1696 1320 virum
1719 1268 2122 1337 contemplatus
2140 1283 2303 1337 agno-

723 1337 812 1410 lvit
846 1374 858 1407 :
893 1357 1076 1424 itaque
1131 1370 1428 1411 accurrens
1459 1357 1525 1409 ac
1583 1357 1748 1426 pedes
1789 1357 1908 1426 ejns
1959 1357 2300 1427 complexus,

637 1499 639 1502 ι
735 1446 983 1501 osculum
1013 1446 1097 1500 his
1124 1445 1292 1507 dedit,
1326 1445 1615 1517 ipsumque
1637 1447 1874 1502 adorans
1893 1447 1970 1501 ait
2000 1463 2016 1501 :
2049 1447 2168 1519 Ago
2188 1447 2305 1503 Deo

734 1538 937 1605 gratias
966 1550 1058 1606 per
1087 1545 1158 1601 te,
1185 1534 1344 1592 Pater
1367 1547 1581 1603 sancte,
1603 1537 1697 1607 qui
1732 1539 1838 1594 tuis
1866 1536 2122 1608 precibus
2169 1552 2303 1593 exo-

734 1638 886 1683 ratus
940 1643 1026 1682 me
1057 1627 1368 1682 valetudine
1400 1631 1606 1681 donare
1649 1627 1909 1697 dignatus
1950 1637 2060 1684 est.
2103 1627 2302 1683 Mansit

735 1728 862 1780 vero
893 1713 1032 1780 apud
1060 1728 1184 1766 eum
1217 1711 1526 1767 Marcianus
1542 1728 1667 1767 cum
1686 1715 1872 1783 pueris
1896 1717 2035 1780 suis,
2064 1731 2129 1772 ac
2153 1716 2302 1786 psal-

734 1822 850 1859 mos
877 1805 1038 1859 simul
1071 1806 1340 1868 cecinere,
1375 1814 1430 1858 et
1451 1804 1732 1860 Servatori
1762 1807 2007 1860 omnium
2036 1806 2146 1862 Deo
2176 1807 2294 1861 lau-

730 1900 826 1950 des
855 1897 1181 1950 tribuerunt.
1215 1893 1459 1966 [Luij
1493 1894 1589 1951 llis
1630 1896 1866 1965 peractis
1903 1913 2027 1952 cum
2059 1885 2297 1953 assedis-

732 1998 872 2051 scnt,
896 1999 949 2042 et
974 1989 1281 2044 Marcianus
1312 1989 1624 2052 miraretur,
1651 1991 1796 2058 quod
1826 2000 2047 2046 sanctus
2077 1993 2160 2045 vir
2186 2002 2293 2045 tam

731 2079 1022 2133 tenebroso
1066 2079 1118 2132 in
1170 2080 1287 2133 loco
1343 2078 1637 2133 conclusus
1672 2078 1888 2147 fuisset,
1929 2097 2119 2151 rogare
2169 2099 2292 2136 cum

730 2169 1023 2238 Gregorius
1051 2170 1129 2222 sic
1156 2169 1319 2236 coepit
1351 2185 1366 2221 :
1416 2167 1705 2233 Quomodo
1745 2181 1798 2224 te
1846 2172 2034 2238 habes,
2068 2172 2294 2227 Domine

728 2261 1000 2316 Marciane
1029 2261 1226 2314 Christi
1257 2262 1452 2317 serve?
1499 2263 1593 2332 qui
1640 2273 1824 2320 nostra
1869 2282 2035 2320 causa
2084 2275 2294 2321 tantum

728 2354 938 2408 itineris
975 2352 1291 2422 susceperis
1340 2369 1465 2408 cum
1519 2355 1880 2412 sanctissimis
1914 2359 2198 2428 episcopis.
2222 2361 2294 2416 ob

725 2446 956 2498 t't'itnina
986 2460 1104 2498 mea
1143 2456 1320 2498 tecum
1355 2445 1751 2504 laborantibus.
1773 2447 1876 2502 Cui
1896 2448 1986 2503 ille
2017 2467 2031 2502 :
2063 2448 2228 2517 Bene,
2259 2467 2292 2505 ο

729 2538 836 2588 Deo
866 2536 1045 2597 ehare,
1082 2551 1148 2589 ex
1183 2535 1285 2588 hac
1309 2535 1442 2590 hora
1475 2551 1570 2606 per
1600 2545 1723 2591 tuas
1749 2553 1954 2608 preces.

797 2623 981 2678 LXIX.
1023 2625 1094 2679 At
1126 2639 1256 2679 vero
1280 2622 1520 2681 Orientis
1549 2626 1811 2697 episcopi,
1855 2628 1949 2697 qui
1990 2644 2112 2684 cum
2148 2629 2291 2686 Mar-

722 2719 882 2769 ciauo
921 2725 1202 2781 venerant,
1244 2718 1411 2771 simul
1443 2727 1606 2787 atque
1651 2719 1961 2788 experrecti
1994 2719 2166 2785 fuere,
2193 2723 2293 2777 do-

725 2823 897 2871 mum,
941 2808 994 2861 in
1045 2824 1152 2876 qua
1197 2809 1518 2876 spatharins
1562 2809 1943 2874 decumbehat,
1989 2812 2285 2868 adierunt:

721 2915 830 2966 quo
863 2916 969 2952 non
1001 2900 1244 2962 invento,
1280 2899 1472 2954 faciem
1505 2901 1606 2956 sibi
1639 2901 1865 2955 tundere
1895 2912 2209 2972 coeperunt,
2237 2915 2290 2960 et

724 2988 834 3041 llcu
865 2989 1120 3052 clamare,
1151 2990 1280 3056 quid
1307 2990 1620 3045 factumest
1642 2989 1733 3060 qui
1752 2973 2034 3044 nobiseum
2068 2992 2174 3045 huc
2203 3007 2292 3046 ve-

722 3081 838 3132 nit?
867 3080 1038 3144 Quam
1066 3079 1476 3134 excusationem
1499 3081 1723 3136 domino
1759 3091 1946 3136 nostro
1976 3083 2288 3152 imperatori

2408 627 2582 697 ὑμῶν.
2621 629 2808 681 Πᾶσαν
2843 626 2901 678 δὲ
2927 625 3026 695 τὴν
3056 625 3226 678 νύκτα
3249 625 3450 686 ἄϋπνος
3476 623 3708 677 διετέλει
3739 639 3956 692 προσευ-

2405 720 2635 789 χόμενος
2683 717 2761 788 τῷ
2791 717 2930 786 Θεῷ,
2959 716 3106 778 ὅπως
3157 715 3319 768 αὐτὸν
3353 717 3602 784 ,ἰάσηται
3630 731 3642 742 ·
3697 714 3868 768 ταῦτα
3909 715 3955 766 δὲ

2406 811 2658 880 ἐποίησεν
2687 808 2791 871 ἕως
2817 808 3037 878 ὄρθρου.
3074 807 3396 878 Ἀρξὰμενοι
3422 807 3479 858 δὲ
3505 805 3601 859 τοῦ
3631 805 3853 859 ἑωθινοῦ
3878 806 3954 856 6ο-

2407 900 2560 970 θρου,
2593 900 2687 952 καὶ
2715 901 2795 962 είς
2816 901 2876 952 τὸ
2905 899 3058 960 τέλος
3078 899 3170 952 τοῦ
3193 898 3582 969 πεντηκοστοῦ,
3614 897 3953 964 θυμιὰζοντος

2403 991 2498 1044 τοῦ
2535 992 2716 1060 ἁγίου,
2749 991 3102 1061 ἀπεπήδησεν
3146 991 3254 1044 ἀπὸ
3293 992 3392 1060 τῆς
3431 990 3638 1059 κλίνης,
3675 991 3771 1041 καὶ
3800 1005 3951 1040 κατα-

2404 1085 2599 1154 νοήσας
2643 1083 2734 1136 τὸν
2785 1082 3053 1151 μακάριον
3097 1084 3125 1134 6
3159 1082 3473 1150 Μαρκιανὸς
3509 1081 3723 1147 ἐπέγνω
3768 1079 3948 1130 αὐτόν·

2405 1176 2498 1228 καὶ
2527 1173 2750 1245 δραμὼν
2776 1173 3079 1243 ἐκράτησεν
3104 1171 3268 1225 αὐτοῦ
3295 1174 3420 1234 τοὺς
3455 1172 3642 1234 πόδας,
3669 1170 3763 1222 καὶ
3797 1185 3951 1238 προσκ

2404 1267 2664 1335 εκύνησεν
2705 1265 2853 1334 αὐτῷ
2893 1263 3205 1331 καταφιλῶν
3241 1263 3437 1326 αὐτοὺς
3480 1262 3575 1317 καὶ
3617 1263 3792 1328 λέγων
3817 1280 3828 1292 ·
3869 1261 3953 1311 Εὑ-

2403 1357 2644 1428 χαριστῶ
2671 1356 2747 1426 τῷ
2773 1354 2892 1425 Θεῷ
2915 1355 3002 1408 διὰ
3030 1354 3144 1418 σοῦ,
3182 1354 3364 1424 Πάτερ
3397 1354 3541 1422 ἅγιε,
3564 1355 3592 1406 6
3621 1351 3952 1418 καταξιώσας

2405 1465 2474 1517 με
2498 1448 2585 1501 διὰ
2615 1449 2726 1500 τῶν
2755 1447 2931 1518 εὐχῶν
2963 1463 3058 1499 σου
3089 1448 3271 1516 τυχεῖν
3301 1445 3539 1516 ῥώσεως.
3571 1445 3742 1516 Ἔστη
3778 1444 3834 1496 δὲ
3867 1443 3952 1494 σὺν

2400 1539 2552 1608 αὐτῷ
2575 1540 2604 1592 6
2633 1538 2952 1610 Μαρκιανὸς
2979 1537 3096 1609 ἁμα
3132 1537 3239 1590 τῶν
3266 1536 3574 1606 παιδαρίων
3599 1535 3790 1596 αὐτοῦ,
3829 1535 3951 1603 ψελ-

2400 1632 2584 1695 λοντες
2611 1631 2728 1702 ἅμα
2757 1633 2850 1687 καὶ
2882 1628 3331 1701 εὐχαριστοῦντες
3353 1628 3432 1696 τῷ
3457 1628 3669 1699 Σωτῆρι
3700 1626 3809 1679 τῶν
3829 1625 3952 1680 ὅλων

2400 1720 2900 1804 Θεῷ.·1”ἐνομέχης
2943 1720 3000 1773 δὲ
3046 1717 3360 1782 ἀπολύσεως
3407 1716 3803 1784 ἐκαθέσθησαν.
3855 1716 3952 1804 Καὶ

2400 1808 2709 1878 ἐθαύμασεν
2754 1802 3154 1880 ὀήΜαρκιανὸς,
3193 1810 3251 1862 ἐν
3283 1808 3421 1877 ποίῳ
3447 1807 3596 1878 τόπῳ
3625 1805 3855 1876 σκοτινῷ
3893 1802 3949 1874 ἦν

2399 1900 2784 1968 κεκλεισμένος
2836 1899 2865 1952 6
2915 1899 3090 1967 ἁγιος.
3118 1895 3251 1950 Εἶτα
3278 1896 3425 1967 λέγει
3475 1897 3554 1966 τῷ
3583 1897 3880 1966 Μαρκιανῴ
3925 1898 3946 1947 6

2398 1991 2582 2056 ᾰγιος·
2615 1989 2738 2051 Πῶς
2756 1988 2921 2056 ἔχεις,
2949 1987 3075 2056 κύρι
3100 1987 3403 2059 Μαρκιανέ,
3431 1986 3592 2048 δοῦλε.
3612 1986 3845 2056 Χριστοῦ
3871 2003 3883 2049 ;
3924 1989 3948 2036 ὁ

2394 2078 2460 2131 δι’
2500 2081 2648 2148 ἡμᾶς
2701 2081 2953 2132 τοσοῦτον
3001 2079 3174 2149 μῆκος
3229 2077 3350 2131 ὀδοῦ
3408 2078 3658 2142 διανύσας
3705 2079 3820 2148 ἁμα
3852 2079 3947 2129 τῶν

2395 2169 2716 2237 ἁγιωτάτων
2766 2169 3080 2222 ἐπισκόπων
3118 2167 3224 2221 τῶν
3278 2170 3373 2222 σὺν
3423 2171 3505 2220 σοὶ
3549 2169 3636 2221 διὰ
3683 2168 3782 2231 τὰς

2397 2260 2671 2329 ἁμαρτίας
2721 2259 3104 2322 κοπιάσαντες.
3159 2259 3320 2326 Λέγει
3375 2259 3522 2328 αὐτῷ
3551 2261 3578 2311 6
3607 2260 3938 2327 Μαρκιανός·

2393 2349 2590 2414 Καλῶς
2634 2349 2740 2402 ἀπὸ
2777 2349 2872 2402 τοῦ
2911 2349 3026 2414 νῦν,
3056 2351 3177 2418 ἅγιε
3219 2349 3312 2402 τοῦ
3342 2350 3624 2412 Θεοῦ,.διὰ
3650 2352 3757 2403 τῶν
3788 2349 3942 2419 εὐχῶν

2368 2459 2374 2468 '
2394 2457 2510 2493 σου.

2460 2638 2968 2701 ΞΘ¹.”Δναστάντες
2993 2634 3086 2694 οὖν
3123 2639 3170 2691 οἱ
3195 2637 3296 2706 τῆς
3324 2639 3613 2709 Ἀνατολῆς
3643 2638 3939 2701 ἐπίσκοποι,

2387 2733 2438 2785 oi
2472 2732 2901 2802 παραγενόμενοι
2945 2732 3084 2802 μετὰ
3125 2731 3218 2784 τοῦ
3248 2731 3589 2800 Μαρκιανοῦ,
3624 2731 3863 2800 ἀπῆλθον
3893 2733 3941 2782 ἐν

2388 2822 2467 2893 τῷ
2489 2825 2640 2893 οἴκῳ.
2676 2826 2732 2876 ὲν
2757 2816 2800 2890 ᾧ
2826 2819 2894 2892 ἦν
2927 2825 2955 2876 6
2979 2823 3282 2893 σπαθάριος
3305 2839 3318 2852 ·
3350 2823 3446 2876 καὶ
3479 2823 3556 2894 μὴ
3585 2823 3834 2892 εὑρόντες
3861 2822 3941 2876 αὖ·

2389 2913 2500 2976 τὸν,
2531 2913 2767 2983 ἧρξαντο
2794 2909 3019 2963 τύπτειν
3040 2909 3109 2962 τὰ
3138 2910 3407 2978 πρόσωπα
3437 2909 3646 2961 ἐαυτῶν
3677 2909 3942 2976 λέγοντεςι

2389 3002 2456 3054 Τί
2483 3002 2707 3069 γέγονεν
2740 3003 2892 3072 ἡμῖν,
2922 2999 3026 3052 ποῦ
3057 3002 3085 3051 ὁ
3115 3000 3214 3051 σὺν
3242 3001 3373 3067 ἡμῖν
3413 2996 3721 3063 κατελθὼν;
3751 2995 3804 3049 τί
3828 2996 3947 3048 ἀπο-

2390 3093 2735 3165 λογησόμεθα
2755 3091 2834 3161 τῷ
2861 3091 3035 3161 κυρίῳ
3067 3090 3225 3161 ἡμῶν
3247 3090 3322 3158 τῷ
3347 3089 3559 3158 βασιλεί
3591 3088 3721 3158 περὶ
3752 3083 3842 3140 τοῦ
3859 3087 3943 3140 ὰν-

720 3170 1026 3232 sileremus,
1054 3171 1146 3238 qui
1170 3171 1346 3224 virum
1377 3171 1523 3225 hunc
1549 3173 1710 3227 unice
1749 3173 2006 3228 amabat?
2032 3175 2170 3230 Ecce
2194 3190 2289 3230 ve-

2393 3185 2516 3255 δρὸς
2544 3185 2638 3238 τοῦ
2678 3183 2829 3247 ὐντος
2878 3182 3043 3236 αὐτοῦ
3077 3182 3392 3249 ἀγαπητοῦ;
3430 3182 3541 3234 Καὶ
3586 3181 3696 3233 ἰδοὺ
3743 3174 3821 3241 εἷς
3839 3191 3930 3228 των

720 3279 781 3314 ro
810 3277 1091 3316 servorum
1137 3277 1279 3317 unus
1304 3277 1334 3328 ο
1368 3277 1590 3318 carcere
1624 3264 1896 3328 veniebat,
1932 3267 2023 3335 qui
2069 3267 2147 3320 sic
2179 3268 2294 3336 epi-

718 3371 913 3423 St'opos
946 3354 1138 3409 allatus
1163 3365 1244 3408 est
1275 3375 1286 3408 :
1315 3353 1391 3409 Ne
1419 3372 1517 3411 vos
1553 3356 1777 3412 maerori
1811 3358 2043 3425 dedatis,
2079 3360 2289 3414 domini

723 3447 861 3510 mei;
897 3446 1062 3499 herus
1109 3447 1309 3514 quippe
1361 3461 1535 3512 meus,
1575 3447 1762 3501 divino
1793 3464 2023 3512 munere
2048 3465 2145 3518 per
2171 3451 2288 3520 pias

721 3551 910 3604 preces
944 3537 1120 3594 sancti
1155 3537 1303 3593 illius
1333 3537 1570 3608 episcopi
1613 3538 1846 3609 hospitis
1896 3540 1986 3595 hic
2026 3541 2079 3594 in
2109 3551 2293 3596 custo-

719 3630 862 3683 diam
892 3630 1100 3694 traditi,
1131 3630 1290 3700 cujue
1322 3647 1544 3686 causam
1585 3647 1683 3686 vos
1718 3631 1825 3686 huc
1861 3631 2167 3702 judicatum
2199 3649 2292 3688 ve-

719 3722 901 3785 nistis,
925 3721 1213 3775 sanitatem
1235 3723 1462 3791 recepit,
1480 3732 1534 3775 et
1564 3737 1686 3775 cum
1714 3723 1832 3790 ipso
1863 3725 1920 3778 in
1939 3740 2164 3779 carcere
2183 3735 2288 3791 est,

720 3829 819 3866 nec
855 3813 923 3866 ab
953 3828 1018 3866 eo
1043 3814 1253 3881 sejungi
1295 3815 1427 3867 vult.
1476 3813 1571 3869 llis
1613 3815 1834 3878 auditis,
1877 3827 1932 3870 et
1955 3818 2145 3893 gratiis
2178 3817 2315 3872 Deo'

717 3903 858 3956 actis
901 3901 1427 3972 celeriter’puerum
1518 3913 1823 3972 sequuntur
1862 3906 2101 3975 episcopi
2130 3916 2290 3975 atque

719 3994 782 4044 :ul
813 4007 1088 4046 carcerem
1127 3993 1368 4046 veniunt.
1403 3995 1473 4050 Ut
1500 3997 1690 4064 pedem
1737 3997 1990 4060 intulere,
2028 4010 2279 4052 sanctum

717 4084 1040 4155 Gregorium
1099 4085 1406 4149 inveniunt,
1441 4097 1493 4141 et
1545 4105 1668 4143 cum
1709 4092 1889 4160 pueris
1931 4089 2286 4157 Marcianum,

715 4178 806 4244 qui
830 4176 990 4230 modo
1020 4177 1258 4230 animam
1283 4179 1498 4244 agebat,
1542 4181 1892 4235 incolumem.
1920 4181 2286 4251 Gontemplati

715 4282 842 4318 vero
865 4267 1208 4335 Gregorium,
1241 4279 1601 4336 agnoverunt,
1650 4280 1702 4324 et
1728 4272 1796 4324 ad
1829 4272 1992 4340 pedes
2024 4272 2145 4341 ejus
2177 4281 2288 4327 sta-

714 4358 807 4410 tim
843 4358 1133 4425 provoluti,
1169 4357 1247 4412 sic
1286 4375 1409 4412 cum
1439 4361 1881 4428 compellarunt:
1918 4361 2056 4431 Vere
2097 4374 2148 4416 tu
2185 4363 2288 4417 De-

714 4451 862 4501 mino
881 4459 1138 4518 acceptus
1155 4467 1234 4512 es,
1256 4451 1695 4519 quandoquidem
1726 4453 1937 4506 Domini
1963 4456 2135 4508 nostri
2156 4454 2282 4510 Jesu

2396 3276 2700 3350 παιδαρίων
2721 3274 3059 3344 παρεγένετο
3088 3273 3152 3326 ἐκ
3186 3271 3284 3341 τῆς
3316 3273 3582 3342 φυλακῆς,
3613 3273 3706 3322 ys‘.
3731 3272 3938 3336 ἀποκρι-

2395 3363 2508 3426 θεὶς
2548 3363 2697 3431 λέγει
2745 3365 2857 3426 τοῖς
2912 3361 3231 3423 ἐπισκόποις
3258 3377 3272 3390 ·
3305 3361 3398 3430 Μὴ
3444 3355 3937 3437 ).υπηθῆτε,.κύριπί

2397 3472 2524 3524 μου,
2551 3455 2631 3507 ὅτι
2680 3454 2767 3505 διὰ
2813 3452 2906 3505 τοῦ
2934 3452 3067 3505 Θεοῦ
3115 3452 3143 3502 6
3184 3451 3370 3521 κύριός
3403 3468 3503 3521 μου
3541 3451 3628 3504 διὰ
3658 3450 3767 3501 τῶν
3795 3447 3950 3513 ἁγίων’

2393 3546 2569 3615 εὐχῶν
2602 3546 2693 3598 τοῦ
2723 3545 2880 3612 ἁγίου
2908 3543 3208 3597 ἐπισκόπου
3233 3543 3446 3595 ἐκείνου
3482 3540 3580 3594 τοῦ
3614 3541 3765 3601 ὄντος
3800 3541 3852 3591 ἐν
3883 3540 3936 3602 τῇ

2393 3637 2602 3708 φυλακῇ
2643 3635 2737 3689 τοῦ
2781 3635 2957 3703 ξένού,
3002 3634 3070 3688 δι’
3106 3633 3166 3688 ὃν
3200 3633 3568 3705 παρεγένεσθε
3607 3630 3836 3684 ἐνταῦθα
3862 3628 3935 3681 τοῦ

2393 3728 2577 3798 κρίναι
2606 3726 2790 3789 αὐτὸν,
2822 3726 2981 3797 ὑγιὴς
3009 3726 3254 3798 γέγονεν,
3299 3724 3394 3777 καὶ
3419 3723 3518 3777 σὺν
3543 3722 3692 3792 αὐτῴ
3721 3723 3861 3790 μένει
3892 3722 3936 3771 ἐν

2389 3794 2456 3888 τῇ
2491 3819 2728 3888 φυλακῇ,
2759 3794 2947 3870 καὶού
2970 3794 3215 3886 βούλέται
3245 3815 3402 3870 ἐάσαι
3450 3814 3629 3869 αὐτόν.
3679 3813 3857 3867 Ταῦτα
3891 3811 3937 3861 δὲ

2391 3909 2723 3971 ἀκούσαντες
2751 3911 2800 3962 oi
2834 3909 3120 3960 ἐπίσκοποι
3147 3908 3546 3977 εὐχαρίστησαν
3576 3905 3652 3975 τῷ
3688 3905 3804 3974 Θεῷ
3824 3919 3837 3934 ο
3861 3903 3937 3954 καὶ

2390 4002 2776 4070 διαδραμόντες
2822 4001 2918 4051 σὺν
2947 3999 3026 4066 τῷ
3063 3997 3352 4069 παιδαρίῳ,
3384 3994 3547 4068 ἦλθον
3577 3997 3681 4062 ἕως
3727 3997 3822 4065 τῆς
3856 4011 3936 4060 φυ-

2389 4094 2561 4160 λακῆς
2589 4109 2601 4121 ·
2666 4092 2760 4142 καὶ
2813 4089 3145 4152 εἰσελθόντες
3188 4092 3246 4141 ἐν
3287 4092 3352 4159 τῇ
3403 4088 3613 4158 φυλακῇ
3660 4083 3814 4158 εὗρον
3863 4085 3935 4135 th")

2391 4183 2545 4250 ἅγιον
2581 4183 2619 4234 Γ
2627 4181 2878 4252 ρηγόριον
2911 4182 3006 4234 καὶ
3036 4180 3129 4234 τὸν
3157 4181 3473 4250 Μαρκιανδν
3499 4180 3595 4232 σὺν
3626 4180 3736 4232 τῶν
3764 4178 3934 4231 παιδα-

2391 4274 2520 4341 ρίων
2569 4273 2754 4337 αὐτοῦ,
2793 4273 2887 4325 καὶ
2921 4272 3012 4324 τὸν
3057 4269 3186 4322 ποτὲ
3233 4268 3679 4339 δαιμονιζόμενον
3722 4267 3932 4321 ίαθέντα.

2388 4368 2499 4418 Καὶ
2528 4366 2722 4427 ἰδόντες
2750 4366 3065 4430 ἐπέγνωσαν
3094 4362 3276 4425 αὐτὸν,
3317 4362 3411 4413 καὶ
3435 4362 3739 4431 δραμόντες
3766 4360 3934 4412 ἔπεσον

2389 4458 2536 4527 παρὰ
2564 4459 2686 4519 τοὺς
2717 4457 2884 4518 πόδας
2920 4453 3108 4518 αὐτοῦ,
3144 4453 3394 4520 λέγοντες
3425 4451 3572 4521 αὐτῷ
3591 4468 3604 4481 ·
3648 4447 3933 4517 Εὐλογημέ-

711 4541 912 4595 Christi
939 4542 1107 4611 gratia
1128 4550 1177 4594 et
1195 4543 1367 4596 sancti
1393 4542 1629 4611 Spiritus
1649 4559 1768 4610 ope,
1785 4541 2119 4621 insanabiles
2138 4562 2282 4600 mor-

2392 4567 2474 4611 νος
2498 4544 2549 4600 εἶ
2585 4550 2649 4600 σὺ
2675 4548 2750 4617 τῷ
2784 4547 2993 4616 Κυρίῳ,
3025 4547 3106 4598 ὃτι
3137 4544 3226 4598 διὰ
3254 4546 3350 4613 τῆς
3379 4544 3598 4616 χάριτος
3628 4543 3724 4594 τοῦ
3753 4539 3931 4608 Κυρίου

683 4631 812 4684 'bos
831 4645 1021 4684 curare
1040 4641 1211 4699 potes.
1236 4632 1446 4697 Quibus
1473 4632 1597 4686 ille:
1628 4630 1845 4686 Salvete
1869 4642 1923 4687 et
1941 4648 2059 4697 vos,
2080 4621 2277 4702 inquit,

716 4723 946 4774 Domino
980 4729 1243 4792 prepitto,
1275 4738 1488 4788 omnes,
1526 4739 1559 4776 ο
1593 4725 1897 4789 catholicae,
1933 4739 2098 4795 quam
2137 4727 2280 4781 Deus

713 4831 874 4870 unam
899 4826 1064 4881 amat,
1094 4815 1349 4869 Ecclesiae
1379 4816 1664 4870 columnae
1691 4825 1855 4885 atque
1890 4816 2073 4871 bases.
2099 4816 2282 4883 Quor-

711 4922 830 4960 sum
854 4914 1062 4959 tantum
1085 4906 1453 4959 molestiarum
1479 4914 1695 4975 nostra.
1725 4921 1890 4960 causa
1918 4908 2281 4977 suscepistis?

711 4997 879 5051 Nobis
906 4996 1148 5066 quidem,
1185 5010 1218 5048 ο
1247 4994 1474 5061 domini,
1508 4997 1645 5050 satis
1676 5006 1797 5050 erat
1835 4996 2101 5064 judicium
2135 4999 2278 5067 ejus,

779 5154 1398 5228 (82)ﬂPr-.etersacrilicii
1418 5163 1655 5228 tempus,
1684 5155 1860 5210 thuris
1877 5155 2125 5210 adolendi
2153 5173 2281 5210 con-

712 5227 1051 5281 suetudinem
1098 5227 1401 5280 obtinuisse
1449 5227 1613 5278 etiam
1655 5228 1783 5280 dum
1833 5228 2130 5295 psalmodia
2166 5246 2280 5296 per-

704 5313 730 5345 ίι
747 5309 982 5367 geretur,
1007 5298 1207 5349 iudicat
1225 5313 1438 5363 quoque
1454 5296 1690 5367 Cyr-illus
1713 5299 2193 5366 Scythopolitanus
2225 5304 2276 5352 in

713 5370 831 5421 Vita
889 5367 1044 5420 Saba)
1097 5371 1174 5432 (ιι.
1204 5368 1292 5428 45,
1342 5370 1492 5436 Apud
1531 5367 1701 5420 Cotcl.
1737 5378 1774 5420 I.
1812 5367 1931 5434 III):
1969 5371 2076 5420 Καὶ
2119 5372 2278 5436 γνοὺς

709 5442 872 5491 πόθεν
920 5444 948 5492 6
995 5439 1094 5504 τῆς
1131 5437 1448 5505 ψαλμῳδίας
1473 5434 1624 5508 ἦχος,
1657 5437 1931 5502 ἐξυπνίζει
1959 5439 2049 5490 τὸν
2092 5434 2281 5492 κανον-

709 5512 916 5578 άρχην,
963 5511 1055 5560 καὶ
1122 5512 1265 5558 ποιεί
1309 5510 1468 5559 αὐτὸν
1515 5508 1782 5575 κροῦσαι’
1831 5510 1922 5560 καὶ
1979 5510 2278 5578 ἀπέρχεται

712 5577 849 5645 μετὰ
892 5580 1328 5646 θυμιάματος....
1387 5579 1450 5631 Et
1509 5579 1800 5647 intelligens
1861 5580 1997 5631 unde
2054 5577 2283 5631 oriretur

709 5651 1021 5716 psalmodiw
1054 5666 1228 5711 sonus,
1262 5652 1644 5702 cuneum-cltum
1673 5650 2046 5718 cxpergefacit,
2077 5668 2138 5701 ac
2163 5647 2282 5717 pul-

712 5737 828 5772 sare
850 5721 1040 5787 jubet;
1083 5730 1188 5771 tum
1224 5723 1332 5773 abit
1379 5737 1495 5771 cum
1532 5721 1839 5786 stt/linteum.
1875 5719 2016 5784 Quin
2051 5731 2102 5772 et
2136 5719 2279 5772 Lali-

715 5806 905 5846 uonttn
939 5794 1073 5846 ritus
1107 5792 1192 5847 hic
1224 5793 1673 5859 l'ttil,quanquam
1711 5792 1885 5844 rarius
1937 5807 2099 5855 quant
2136 5796 2274 5859 :tpul

2382 4634 2539 4704 ὴμῶν
2583 4634 2759 4702 Ἰησοῦ
2813 4633 3048 4702 Χριστοῦ
3102 4635 3195 4685 καὶ
3234 4635 3301 4702 τῇ
3354 4631 3640 4700 συνεργείει⁵
3676 4630 3766 4682 τοῦ
3799 4629 3929 4695 ἁγίου

2382 4725 2697 4794 Πνεύματος
2749 4725 3074 4792 θεραπεύειν
3103 4724 3399 4793 δυνάμενος
3444 4720 3594 4790 πάθη
3642 4723 3846 4776 ἀνίατα.
3885 4719 3932 4767 ὐ

2380 4817 2436 4870 δὲ
2482 4818 2616 4887 πρὸς
2655 4817 2852 4881 αὐτοὺς
2896 4817 3233 4886 ἀπεκρίνατο
3256 4832 3269 4844 ·
3303 4815 3542 4886 Χαίρετε
3583 4815 3678 4866 καὶ⁵
3709 4814 3855 4881 ὑμεῖς
3882 4810 3927 4860 ὲν

2382 4914 2572 4982 Κυρίῳ
2602 4912 2802 4974 πάντες
2826 4912 2875 4964 οἱ
2900 4896 3081 4965 στύλοι
3108 4911 3204 4972 καὶ
3234 4909 3516 4981 ἑδραίωμα
3538 4912 3638 4980 τῆς
3664 4903 3925 4970 καθολικῆς

2381 4989 2476 5077 καὶ
2500 5005 2668 5076 μόνης
2697 5003 2792 5056 τοῦ
2826 5002 2960 5055 Θεοῦ
2997 5001 3340 5072 Ἑκκλησίας.
3373 4999 3440 5054 Τί
3471 4999 3782 5070 ,ἐσκύλθητε
3814 4994 3924 5066 πρδς

2383 5162 2605 5216 Graecos
2627 5157 3130 5223 usurpatus..Liber
3152 5155 3500 5228 Pontilicalis
3519 5157 3571 5208 in
3601 5155 3859 5228 Stephano

2383 5238 2460 5300 (ιι.
2510 5232 2618 5296 10),
2673 5219 2784 5283 hzec
2829 5231 3030 5282 habet:
3071 5228 3201 5300 Cttm
3245 5227 3300 5278 in
3346 5225 3569 5300 basilica
3621 5219 3756 5277 benti
3804 5219 3917 5298 Petti

2381 5291 2739 5370 apostatarum
2766 5300 3039 5370 principis,
3071 5298 3158 5370 ulfi
3190 5311 3340 5350 sacro
3369 5299 3478 5370 ipse
3507 5310 3722 5370 corpore
3750 5291 3916 5370 requie-

2359 5359 2505 5430 seu.
2535 5359 2776 5432 cerneret',
2815 5359 3084 5421 nocturnis
3119 5367 3359 5419 laudibus
3392 5359 3487 5418 'vix
3521 5367 3680 5418 semel
3726 5359 3920 5430 thymiai

2383 5444 2538 5494 matis
2592 5443 2859 5493 incensum
2919 5439 3119 5506 o/ferri,
3167 5437 3544 5506 iustitnit,_ut'
3565 5453 3658 5506 per
3716 5431 3920 5506 sing:th

2357 5513 2624 5566 lectiones
2657 5523 2704 5563 et
2741 5504 3070 5575 respousoria
3109 5508 3406 5561 adolentur.
3437 5504 3609 5558 Porro
3646 5505 3915 5575 Stephanus

2385 5586 2755 5648 punlilicaltlm
2791 5569 3086 5637 maximum
3111 5578 3254 5645 cepit
3280 5590 3423 5629 anno
3451 5575 3577 5642 885,
3610 5586 3663 5630 at
3695 5575 3821 5626 ritus
3850 5569 3916 5619 ille

2381 5654 2586 5722 jmndiu
2619 5652 2962 5725 aliquatenus
2990 5650 3176 5725 iuhusn
3209 5659 3345 5725 erat.

2457 5725 2566 5791 (.63)
2600 5722 2729 5774 (Lod.
2768 5721 2814 5785 l,
2845 5719 3214 5789 θαυμάζοντος
3250 5718 3342 5769 τοῦ
3363 5718 3542 5784 ἁγίου.
