4060 6334
170 419 272 488 681

1161 431 1225 492 S.
1260 431 1637 524 GREGOBII
1675 436 2185 501 AGRIGENTINI
2209 440 2406 502 VITA.

3311 449 3418 514 682

169 533 324 605 ’Δρά
346 553 431 603 γε,
453 537 629 604 γύναι,
648 538 940 594 ἐπίστασαι
968 537 1056 592 τὸν
1086 539 1386 596 ἐπίσκοπον
1410 545 1507 615 τῆς
1536 545 1726 608 πόλεώς

1849 547 1999 602 urbis
2050 557 2158 603 tua:
2213 551 2529 620 episcopum
2566 552 2748 606 nosti?
2795 553 2891 607 Cui
2941 555 3028 610 illa
3081 574 3093 610 :
3142 557 3411 625 Profecto,

172 645 313 693 σου;
351 630 511 696 Λέγει
546 629 692 700 αὐτῷ
731 632 764 702 ἡ
800 632 938 702 κόρη
965 647 978 660 ·
1019 632 1149 698 Ναὶ,
1180 633 1434 700 δέσποτα,
1463 637 1554 690 καὶ
1598 639 1738 693 πάνυ

169 719 338 773 αὐτὸν
367 720 664 791 ἐπίσταμαι
689 737 702 751 ο
733 721 996 787 πολλάκις
1022 723 1130 792 γάρ
1159 724 1429 797 ἐθεώρουν
1463 729 1623 781 αὑτὸν
1660 731 1739 782 δι-

170 809 468 880 ερχόμενον
497 813 591 864 καὶ
615 815 1080 884 ἐπισκεπτόμενον
1101 816 1308 881 πάντας
1334 819 1460 881 τοὺς
1491 821 1742 890 πτωχοὺς

168 902 272 971 τῆς
297 899 524 966 πόλεως,
558 904 651 956 καὶ
686 905 807 968 ταῖς
833 905 1032 975 χήραις
1064 907 1160 960 καὶ
1186 907 1443 978 ὀρφανοῖς
1484 910 1740 981 παρέχων

139 990 240 1044 ’τὲ
275 992 414 1060 πρὸς
453 993 552 1065 τὴν
597 996 806 1066 χρείαν.
841 997 1013 1065 Κάγὼ
1041 999 1178 1069 αὐτὴ
1228 1001 1260 1068 ή
1300 1000 1462 1053 ἀθλία
1508 1003 1738 1056 πάντοτε

171 1081 303 1150 παρ’
335 1082 502 1136 αὐτοῦ
546 1086 811 1156 ἐδεχόμην
837 1088 1206 1159 ἐλεημοσύνην
1249 1091 1398 1162 παρὰ
1427 1091 1537 1166 γτοῦ
1578 1110 1738 1146 τεταο

169 1171 375 1240 γμ-ένου
410 1174 490 1236 εἰς
516 1175 576 1228 τὸ
602 1175 889 1231 διακονεῖν.
914 1179 1341 1251 Λέγουσινάύτῇ
1368 1181 1533 1235 πάλιν
1577 1183 1704 1237 τάδε
1725 1199 1739 1215 ο

175 1262 274 1326 Σὺ,
308 1264 490 1330 γύναι,
536 1266 708 1334 ἔγνως
746 1267 838 1320 τὸν
871 1269 1040 1338 ἄνδρα
1075 1269 1372 1339 ὲπιμίξεως
1419 1276 1740 1346 σωματικῆς

169 1354 462 1422 γενόμενον
495 1355 635 1425 μετά
667 1358 795 1422 σούς
840 1358 904 1410 Ἦ
929 1359 984 1412 δὲ
1013 1359 1313 1424 στενάξασα
1337 1362 1401 1415 ὲκ
1423 1362 1621 1431 βάθους
1645 1366 1738 1420 καὶ

168 1447 507 1519 δακρύσασα,
536 1449 717 1521 ἄρασα
759 1451 858 1521 τὴν
904 1453 1088 1524 φωνὴν
1137 1455 1218 1516 εἰς
1252 1455 1402 1523 ὕψος.
1445 1451 1630 1510 εἶπεν
1660 1461 1734 1530 Ζῇ
1778 1456 1781 1459 ⁸

168 1539 376 1608 Κύριος
420 1538 529 1594 τῶν
566 1543 871 1612 δυνάμεων,
899 1546 998 1597 ούκ
1045 1541 1163 1598 οἴδα
1189 1546 1282 1598 τὸν
1310 1547 1592 1618 ἄνθρωπον
1615 1549 1738 1603 τοῦ-

166 1646 281 1695 τον,
316 1631 401 1694 τίς
431 1633 598 1695 ἐστιν,
629 1633 811 1696 καθὼς
831 1634 984 1687 αὐτοὶ
1017 1637 1277 1706 εἰρήκατε
1303 1639 1590 1707 γενόμενον
1619 1643 1736 1710 μετ’

169 1719 303 1792 ἐμοῦ
332 1741 347 1755 ο
378 1722 512 1776 ἀλλὰ
542 1725 766 1788 Σαϐῖνος
802 1727 894 1778 καὶ
919 1729 1318 1797 Κρησκεντίνος
1355 1723 1500 1783 οὗτοι
1523 1735 1570 1786 οε
1597 1749 1736 1804 παρ-

167 1815 461 1884 εστηκότες
519 1816 828 1886 ἔμπροσθεν
883 1818 1060 1887 ὑμῶν,
1107 1821 1259 1873 αὐτοί
1305 1839 1372 1890 με
1418 1824 1736 1893 ἠνάγκασαν

167 1906 547 1975 κατηγορῆσαι
577 1906 667 1959 τὸν
706 1907 912 1961 δίκαιον
950 1909 1137 1962 τοῦτον
1158 1925 1172 1939 ·
1202 1913 1456 1982 χρήματα
1500 1919 1609 1988 γάρ
1641 1935 1733 1988 μοι

166 1993 531 2047 κατεσάλοντο
557 1993 738 2058 ἱκανὰ,
766 1995 876 2058 ἵνα,
900 1995 975 2059 ὡς
1007 1992 1180 2063 εἶπον,
1207 2002 1517 2071 κατελέγξω
1547 2006 1731 2072 αὐτὸν,

163 2077 369 2140 ἀδίκως
397 2073 862 2151 παρανομήσασα,
889 2085 1231 2154 ἀπατηθεῖσα
1275 2089 1377 2142 ὑπὸ
1409 2091 1518 2144 τῶν
1555 2109 1734 2165 παρα-

164 2154 349 2233 νόμων
387 2165 598 2246 ἀνδρῶν
626 2168 851 2223 τούτων.
901 2173 1290 2231 Ἀνταποδὼσει
1316 2181 1500 2242 αὐτοῖς
1529 2154 1733 2254 Κύριος

162 2254 192 2305 ό
219 2247 355 2327 Θεὸς
385 2256 484 2326 τὴν
506 2242 779 2330 ἁμαρτίαν
805 2263 904 2332 τῆς
927 2264 1069 2334 ὲμῆς
1094 2266 1300 2339 ψυχῆςσ
1333 2273 1412 2343 εἰς
1443 2272 1550 2342 γὰρ
1582 2242 1729 2345 δίετῆ

163 2344 356 2414 χρόνον
388 2348 481 2399 κα)⁸
513 2349 688 2418 μῆνας
717 2351 774 2417 ἓξ
805 2353 1170 2428 ἐϐασανίσθην
1196 2359 1300 2412 ὑπὸ
1329 2360 1421 2413 τοῦ
1455 2344 1728 2434 δαίμονος.

161 2539 258 2585 τας
304 2526 434 2588 τοὺς
460 2527 813 2594 ἐπισκόπους,
849 2533 941 2584 καὶ
982 2537 1097 2603 μετ’
1127 2536 1308 2605 ὀλίγον
1349 2546 1732 2614 κατανοήσασα

158 2615 249 2666 τὸν
284 2613 440 2682 ἅγιον
470 2617 511 2668 Γ
515 2617 791 2687 ρηγόριον,
829 2622 1043 2704 ἐπέγνω
1077 2626 1273 2680 αὐτόν·
1314 2631 1407 2682 καὶ
1447 2613 1731 2704 δραμοῦσα

161 2702 314 2772 παρά
342 2705 469 2766 τοὺς
498 2705 662 2770 πόδας
697 2702 886 2773 αὐτοῦ,
924 2712 1185 2768 κλαίουσα
1215 2715 1398 2785 ἔλεγεν
1427 2721 1484 2774 ἐν
1518 2702 1690 2790 ἰσχύει
1714 2741 1727 2755 ·

171 2791 426 2860 Ἐλέησόν
474 2812 563 2864 με,
594 2797 748 2850 δοῦλε
783 2799 874 2852 τοῦ
904 2801 1060 2869 Θεοῦ,
1108 2807 1202 2859 καὶ
1238 2810 1592 2880 συγχώρησόν
1637 2832 1728 2882 μοι

159 2881 222 2962 τῇ
249 2887 482 2954 ταπεινῇ
514 2885 574 2938 τὸ
609 2889 923 2958 παράνομον
954 2893 1046 2945 καὶ
1089 2894 1347 2965 ἀθέμιτον
1379 2881 1724 2974 συμϐούλιον,

156 2972 184 3022 ὃ
207 2974 443 3043 ἐποίησα
471 2978 551 3039 είς
583 2980 661 3032 σέ.
694 2981 768 3050 Ζῇ
801 2982 1002 3052 Κύριος
1031 2986 1058 3036 ὁ
1084 2985 1214 3051 Θεός
1245 3007 1369 3059 μου,
1399 2995 1459 3045 ού
1488 2999 1562 3065 μὴ
1595 2972 1729 3052 ἀναέ-

153 3061 270 3114 ’στῶ
303 3065 369 3116 ὲκ
401 3065 508 3119 τῶν
537 3068 712 3122 ποδῶν
741 3085 855 3136 σου,
885 3072 989 3136 ἕως
1016 3070 1077 3131 οὗ
1117 3078 1215 3148 τὴν
1246 3084 1594 3155 συγχώρησίν
1636 3107 1725 3160 μοι

1820 637 2082 702 domine,
2121 641 2289 708 probe
2320 641 2474 707 illum
2511 642 2643 714 ιω]
2679 641 2848 698 novi:
2883 661 3024 716 saepe
3055 648 3200 702 enim
3237 650 3412 718 ipsum

1842 727 2108 795 videbam,
2146 745 2270 785 cum
2318 733 2505 787 urbem
2547 721 2740 800 obiret,
2796 745 2848 790 et
2881 752 3071 793 omnes
3101 741 3253 795 urbis
3289 756 3416 810 ege-

1843 835 1945 878 nos
1985 822 2259 888 inviseret,
2293 838 2356 877 ac
2385 824 2560 881 viduis
2589 827 2919 898 pupillisque
2966 832 3231 900 quidquid
3276 849 3415 902 opus

1841 913 2423 984 esset-suppeditaret;
2475 915 2607 984 quin
2660 926 2714 971 et
2749 934 2848 989 ego
2899 922 3094 975 misera
3130 939 3222 990 per
3251 939 3412 978 cura-

1845 1011 2014 1056 torem
2039 1003 2160 1074 ejus
2188 1005 2382 1074 stipem
2415 1007 2483 1062 ab
2512 1023 2578 1062 eo
2608 1010 2851 1080 quotidie
2878 1013 3082 1082 accepi.
3123 1013 3252 1068 Eam
3286 1030 3412 1069 vero

1841 1107 2060 1147 rursum
2114 1095 2449 1168 interrogant
2503 1118 2516 1154 :
2563 1101 2632 1154 At
2661 1101 2803 1155 enim
2847 1109 2925 1166 tu,
2963 1105 3182 1168 mulier,
3237 1107 3412 1160 virum

1843 1181 1989 1238 hunc
2026 1197 2318 1254 congressu
2373 1190 2617 1259 corporis
2651 1205 2757 1246 una
2804 1200 2982 1246 tecum
3019 1192 3189 1249 fuisse
3231 1199 3438 1270 nosti!

1843 1272 1941 1328 Hic
1965 1273 2055 1327 illa
2083 1275 2152 1330 ab
2176 1275 2288 1331 imo
2313 1287 2533 1346 pectore
2569 1281 2852 1350 suspirans
2893 1299 2955 1338 ac
2991 1285 3296 1355 lacrymans
3325 1288 3413 1340 iu-

1841 1365 1987 1434 genti
2012 1381 2144 1422 voce
2173 1369 2426 1424 clamavit
2460 1387 2473 1423 :
2512 1370 2658 1427 Vivit
2690 1373 2954 1430 Dominus
2990 1377 3272 1442 virtutum,
3311 1379 3411 1432 ho-

1842 1455 2041 1511 minem
2070 1471 2170 1528 ego
2204 1458 2370 1524 hunc,
2397 1461 2520 1530 quis
2557 1464 2646 1529 sit,
2680 1475 2949 1533 quatenus
2988 1483 3202 1524 mecum
3247 1470 3414 1527 fuisse

1839 1554 1938 1595 vos
1963 1541 2201 1608 dixistis,
2239 1560 2348 1601 non
2375 1549 2513 1612 vidi;
2545 1565 2732 1605 verum
2787 1553 3021 1610 Sabinus
3050 1567 3103 1610 et
3147 1558 3412 1615 Crescen-

1841 1629 2024 1697 tinus,
2067 1636 2162 1704 qui
2193 1645 2318 1693 ante
2350 1638 2447 1696 vos
2479 1652 2689 1707 astant,
2727 1645 2801 1699 illi
2839 1647 2942 1716 ipsi
2973 1665 3061 1704 me
3108 1661 3169 1705 ut
3200 1653 3410 1722 justum

1841 1722 1988 1778 hunc
2019 1740 2335 1784 accusarem
2379 1734 2677 1807 adegerunt
2711 1753 2724 1790 :
2767 1742 3051 1807 pecuniam
3091 1741 3235 1798 enim
3277 1749 3411 1802 mihi

1840 1814 1974 1869 satis
2001 1821 2257 1884 grandem
2295 1822 2513 1888 dedere,
2547 1841 2677 1895 quo,
2707 1817 2776 1883 ut
2802 1830 2933 1895 dixi,
2969 1848 3091 1888 eum
3121 1837 3412 1906 redarguo-

1839 1917 1954 1957 rem
1989 1903 2122 1976 (94).
2173 1906 2433 1975 iniustum
2476 1929 2607 1969 ausa
2646 1914 2876 1979 facinus,
2917 1931 2975 1974 ut
3009 1938 3094 1977 me
3128 1924 3410 1981 hominum

1838 1992 2066 2048 istorum
2095 1997 2355 2066 iniquitas
2379 2002 2433 2054 in
2468 2001 2712 2060 fraudem
2743 2009 2934 2064 illexit.
2965 2013 3034 2066 At
3068 2016 3273 2071 crimen
3311 2020 3410 2073 hoc

1839 2098 2018 2140 meum
2071 2086 2336 2144 Dominus
2391 2091 2534 2149 Deus
2590 2097 2703 2165 pari
2757 2099 2861 2154 illis
2895 2117 3072 2173 'pmna
3130 2110 3407 2176 rependet.

1834 2172 1969 2229 Nam
2002 2193 2103 2248 ego
2137 2182 2354 2249 quidem
2407 2186 2685 2242 biennium
2731 2201 2784 2242 et
2828 2207 3042 2250 menses
3087 2213 3178 2251 sex
3221 2214 3251 2251 a
3302 2203 3407 2254 (Ιαιο

1835 2280 1998 2321 mone
2025 2273 2334 2326 excruciata
2372 2291 2512 2330 sum.
2564 2277 2657 2334 His
2681 2281 2842 2338 dictis
2875 2299 2996 2338 cum
3025 2295 3174 2341 stans
3216 2292 3405 2345 oculos

1835 2356 2255 2415 circumtulisset
2285 2362 2354 2416 ad
2385 2379 2575 2421 omnes
2601 2367 2908 2441 episcopos,
2945 2378 3106 2444 paulo
3139 2389 3260 2448 post
3282 2397 3406 2434 san-

1692 2475 1729 2502 _.-
1834 2455 1980 2501 ctum
2013 2447 2328 2521 Gregorium
2356 2460 2716 2528 contemplata
2753 2467 2990 2534 agnovit,
3023 2447 3186 2538 atque
3215 2487 3408 2528 accur—

1809 2552 1960 2592 .reus
1992 2539 2058 2592 ad
2090 2543 2250 2608 pedes
2278 2545 2418 2614 ejus,
2452 2549 2634 2613 multis
2667 2568 2788 2606 cum
2833 2555 3086 2626 lacrymis
3116 2571 3170 2616 et
3208 2579 3404 2632 magno

1821 2628 1999 2682 .animi
2021 2629 2208 2686 dolore
2239 2637 2319 2689 sic
2343 2652 2466 2690 eum
2497 2643 2844 2700 est'allccuta
2875 2646 3165 2704 :Misereat
3191 2661 3241 2706 te
3273 2660 3397 2750 mei,

1832 2734 1864 2750 η
1911 2718 1999 2750 nn:
2038 2736 2191 2750 an-..“
2267 2740 2327 2750 ..Α
2381 2729 2635 2750 t_:___.___u
2695 2734 2706 2746 ο
2753 2734 2765 2746 .

1832 2734 1864 2771 o
1907 2718 2003 2773 Dei
2036 2736 2211 2786 serve,
2266 2740 2328 2783 ac
2379 2729 2642 2796 lnjustum
2693 2734 3048 2808 iniquumque
3087 2718 3432 2811 consilium,

1829 2812 1974 2876 quod
2009 2814 2061 2867 in
2094 2825 2144 2870 te
2172 2818 2550 2885 suscepi,mihi
2573 2821 2774 2904 infelici
2807 2835 2859 2880 et
2882 2827 3108 2898 abjecta:
3133 2837 3396 2892 remittas.

1836 2900 1975 2958 Vivit
2007 2899 2267 2965 Dominus
2286 2907 2436 2966 Deus
2470 2899 2644 2980 meus,
2678 2931 2708 2969 a
2753 2918 2980 2987 pedibus
3008 2937 3109 2992 ego
3151 2925 3256 2981 tuis
3291 2945 3398 2983 n0't

1830 3004 1955 3049 ante
1982 2997 2295 3064 abscedam,
2329 3020 2501 3073 quam
2525 3008 2659 3060 mihi
2694 3008 2882 3080 ﬂagitii
2915 3014 3017 3068 mei
3051 3019 3261 3072 veniam
3287 3036 3315 3073 a
3351 3031 3401 3076 te
3462 3009 3464 3011 ’

1829 3082 2009 3136 datam
2080 3090 2381 3147 renunties.
2430 3079 2798 3159 Quamobrem
2869 3117 2935 3156 nc
3000 3106 3399 3168 animadvertas

156 3152 496 3227 ἀπαγγείλῃς
520 3158 623 3228 τῆς
643 3163 965 3250 παρανόμης
998 3184 1098 3235 μου
1130 3169 1399 3238 πράξεως.
1544 3180 1617 3248 μὴ
1636 3152 1726 3230 ’ὲν-

1833 3185 1966 3225 neve
1986 3174 2316 3240 memineris,
2343 3178 2502 3233 Pater
2523 3192 2729 3250 sancte,
2751 3201 2872 3254 quae
2895 3203 2924 3242 a
2943 3205 3029 3246 me
3051 3195 3190 3248 mala
3207 3209 3396 3256 contra

157 3244 379 3314 νοήσῃς,
394 3246 527 3316 μηδὲ
551 3236 804 3321 μνησθῇς
823 3254 931 3308 τῶν
959 3258 1088 3327 παρ’
1115 3236 1248 3329 ἐμοῦ
1277 3236 1726 3334 πραχθέντωνεξς

159 3333 216 3384 σὲ
249 3334 459 3398 κακῶν,
495 3338 675 3412 Πάτερ
710 3340 852 3410 ἅγιε.
1673 3357 1678 3362 ’

224 3423 347 3475 OE'.
390 3419 574 3483 Ταῦτα
604 3429 659 3482 δὲ
679 3433 779 3490 ἐπὶ,
802 3434 1060 3502 πλείστας
1082 3440 1232 3513 ὥρας
1263 3433 1618 3523 διαλεγομένη
1648 3454 1726 3523 τῷ

152 3515 296 3586 ἁγίῳ
325 3519 356 3587 ἡ
383 3520 538 3599 κόρη,
569 3522 889 3593 ἀποκριθεὶς
919 3531 946 3581 ό
966 3529 1121 3598 ἅγιος
1143 3533 1288 3602 λέγει
1321 3538 1458 3610 αὐτῇ
1485 3515 1498 3570 λ
1531 3515 1719 3610 *θ’γύλ

152 3623 262 3669 ναι,
297 3611 400 3662 ούκ
427 3610 576 3664 ἔστιν
599 3615 731 3682 ἡμῖν
773 3618 834 3670 τὸ
866 3621 1313 3695 ἐπαγγείλασθαι,
1345 3628 1420 3692 ὡς
1461 3631 1523 3684 σὺ
1567 3635 1722 3704 νομί-

152 3695 288 3760 ζεις,
320 3699 368 3751 εἰ
404 3699 478 3770 μὴ
507 3703 667 3771 μόνον
699 3705 790 3760 τοῦ
819 3711 1257 3785 φιλοικτίρμονος
1288 3721 1380 3773 καὶ
1409 3695 1717 3797 φιλανθρώο

151 3805 253 3841 που
284 3789 421 3844 Θεοῦ
446 3792 604 3860 ἡμῶν
629 3811 643 3824 θ
680 3797 841 3861 αὐτὸς
870 3801 979 3871 γὰρ
1008 3804 1154 3859 ἰᾶται
1182 3810 1252 3863 τά
1289 3789 1582 3883 τραύματα
1610 3789 1718 3872 τῶν

147 3880 334 3951 ψυχῶν
359 3882 539 3952 ἡμῶν,
562 3885 590 3936 ὁ
621 3886 688 3938 τὰ
727 3889 874 3960 πάθη
917 3893 985 3945 δι’
1011 3896 1168 3965 ἡμῶν
1195 3880 1459 3966 ἑκουσίως
1490 3906 1715 3975 ὑπομεί-

147 3989 263 4036 νας,
284 3975 377 4025 καὶ
395 3973 679 4040 γινώσκων
707 3978 804 4048 τῆς
833 3986 1033 4053 σαρκὸς
1061 3987 1128 4041 τὰ
1147 3989 1327 4060 πάθη,
1353 3991 1427 4055 ὼς
1448 3973 1712 4066 πλάστης,

147 4068 235 4117 καὶ
259 4068 620 4140 ἐνδυσάμενος
651 4075 841 4144 αὑτήν.
869 4075 1036 4145 Πλὴν,
1065 4078 1247 4144 γύναι,
1267 4079 1380 4150 δῴη
1403 4083 1532 4152 ημῖν
1555 4087 1716 4150 αὐτὸς

148 4157 492 4228 συγχώρησιν
523 4163 665 4216 κατὰ
695 4166 759 4218 τὰ
790 4167 1062 4235 αἰτήματα
1087 4170 1262 4237 ἡμῶν,
1293 4173 1384 4228 καὶ
1417 4175 1713 4247 καθαρίσαι
1760 4196 1761 4199 ‘

142 4250 291 4315 ημᾶς
323 4251 433 4304 ἀπὸ
465 4253 645 4322 πάσης
680 4257 972 4325 ἁμαρτίας,
1007 4258 1088 4310 ὅτι
1121 4260 1284 4323 αὐτός
1309 4264 1517 4318 ὲστινό
1544 4270 1712 4340 αἴρων

141 4334 242 4402 τὴν
276 4337 555 4406 ἁμαρτίαν
598 4338 694 4391 τοῦ
731 4341 959 4409 κόσμου.
1004 4346 1113 4398 Καὶ
1163 4350 1443 4418 κρατήσας
1492 4334 1710 4427 ἦγείρεν
1795 4366 1800 4369 “

142 4424 331 4494 αὐτήν.
385 4427 632 4496 Ἐγένετο
663 4431 910 4499 δὲ’φόδος
941 4437 1034 4486 ἐπὶ
1058 4436 1266 4501 πάντας
1291 4442 1417 4504 τοὺς
1455 4424 1632 4510 ὄντας*
1651 4449 1710 4502 ἐν

139 4516 202 4581 τῇ
229 4515 363 4587 ἁγίᾳ
401 4519 604 4589 συνόδῳ
634 4520 835 4592 ἐκείνῃ,
867 4522 1008 4576 ὥστε
1048 4526 1225 4594 λέγειν
1268 4529 1477 4596 πάντας
1501 4551 1512 4563 ·
1544 4536 1707 4592 Εὐλο-
1743 4515 1786 4569 D

140 4605 303 4670 γητδς
335 4610 365 4659 ό
389 4601 518 4671 Θεὸς
547 4611 656 4664 τῶν
692 4613 916 4682 πατρῶν
948 4616 980 4682 ἡ
990 4617 1125 4684 μῶν,
1159 4621 1240 4674 ὅτι
1281 4623 1519 4677 τοιοῦτον
1545 4628 1706 4696 ὲργά-

138 4711 235 4762 την
264 4696 450 4765 ἑαυτῷ
486 4699 515 4750 ὁ
547 4699 679 4763 Θεὸς
715 4702 1081 4774 ἐφανέρωσεν,
1114 4709 1210 4762 καὶ
1241 4713 1510 4779 ἀνέδειξεν
1546 4720 1604 4772 ὲν
1630 4719 1708 4788 τῷ

137 4785 329 4856 κόσμῳ
361 4788 421 4839 ὲν
449 4792 571 4850 ταῖς
610 4792 866 4860 ἐσχάταις
894 4795 1129 4865 ἡμέραις
1153 4800 1400 4866 ταύταις.
1437 4806 1622 4864 Ταῦτα
1649 4785 1706 4863 δέ

135 4877 314 4928 αὐτῶν
347 4879 636 4944 εἰπόντων,
667 4883 1002 4954 ἀπεκίνησαν
1031 4891 1126 4943 καὶ
1149 4892 1390 4963 ἀπῆλθον
1423 4899 1482 4949 ὲν
1514 4905 1578 4972 τῇ
1611 4905 1704 4955 ὲκ-

135 4965 358 5036 κλησίᾳ,
392 4969 485 5022 καὶ
523 4969 621 5050 τὴν
655 4969 800 5026 Θείαν
829 4976 1242 5049 ἐπιτελέσαντες
1294 4965 1700 5059 μυσταγωγίαν,

135 5058 226 5108 καὶ
251 5045 650 5126 μεταλαϐόντες
674 5045 1068 5136 τοῦ’““ἀχράντου
1099 5045 1347 5143 σώματος
1377 5078 1469 5131 τοῦ
1484 5045 1702 5154 ,Κύρίού

134 5145 288 5214 ἡμῶν
330 5147 506 5216 Ἰησοῦ
530 5152 790 5222 Χριστοῦ,
820 5155 1023 5226 ἔφαγον
1053 5156 1217 5230 ἄρτον
1248 5167 1305 5218 ἐν
1332 5145 1701 5244 τραπέζησιοῦ

133 5237 286 5289 πάτρα
320 5236 380 5288 ὲν
415 5241 481 5308 τῇ
507 5240 692 5310 ἡμέρᾳ
714 5243 899 5315 ἐκείνῃ
928 5246 1059 5300 οἵτε
1087 5249 1375 5307 ἐπίσκοποι
1404 5258 1508 5326 τῆς
1546 5236 1702 5316 ᾖνα-

133 5325 311 5395 ωλῆς,
342 5328 437 5379 καὶ
470 5329 500 5380 ό
537 5330 859 5400 σπαθάριος,
889 5337 982 5389 καὶ⁸
1011 5339 1039 5388 ό
1072 5337 1226 5405 ἆγιος
1256 5325 1574 5416 Γρηγόριος,
1609 5356 1700 5406 καὶ

129 5412 160 5464 6
175 5431 242 5483 χσ
251 5415 547 5485 ρτοφύλαξ.
577 5414 758 5473 Ἦνοδὲ
779 5423 807 5473 ὁ
827 5422 980 5490 ᾶγιος
1003 5412 1470 5506 Γρηγόριοςᾶρτῲ
1495 5412 1699 5509 βραχυ-

129 5504 274 5569 τάτῳ
308 5507 672 5577 ἀρκούμενος,
705 5511 798 5564 καὶ
827 5511 1077 5584 λαχάνοις
1116 5519 1244 5572 ἄνευ
1281 5504 1505 5580 ὲλαίουί
1529 5504 1700 5585 Ἐκεῖ-

129 5592 220 5649 θεν
261 5595 322 5650 δδ
369 5597 676 5665 ἐξελθόντες
728 5601 948 5672 ἔμειναν
1002 5608 1298 5683 ἀμφότεροι
1331 5607 1401 5667 ἒν
1438 5617 1516 5688 τῷ
1558 5621 1694 5692 ἅμα,

171 5768 304 5844 ’(94)
333 5773 468 5830 Cod.
504 5779 555 5843 I,
585 5779 690 5845 ἵνα,
723 5781 797 5844 ὼς
829 5779 998 5847 εἷπον,
1025 5787 1349 5856 καταπλέξω
1370 5793 1552 5850 αὐτόν.

489 5886 762 5953 Damon.
807 5894 922 5954 Gn.
972 5892 1250 5960 XCVIII.

1834 3271 1883 3312 te
1917 3262 2153 3318 admissa
2181 3265 2310 3320 sint.

1899 3462 2109 3518 LXXV.
2142 3468 2272 3547 limo
2319 3471 2392 3524 illi
2437 3457 2598 3529 etiam
2662 3488 2823 3547 atque
2857 3482 3020 3538 etiam
3075 3487 3394 3545 edisserenti

1826 3550 1903 3604 sic
1931 3534 2165 3623 denique
2189 3567 2411 3616 sanctus
2442 3562 2522 3616 vir
2551 3569 2824 3636 respondit
2857 3587 2869 3622 :
2914 3569 3194 3640 Nostrum,
3220 3592 3252 3630 ο
3277 3595 3396 3634 mu-

1823 3640 1940 3706 lier,
1976 3660 2085 3700 non
2119 3658 2222 3714 est,
2255 3652 2397 3706 sicut
2429 3663 2484 3708 tu
2541 3669 2718 3724 putas,
2768 3665 3077 3742 retzqtttiare
3121 3671 3265 3738 quod
3300 3688 3396 3726 cu-

1822 3732 1928 3799 pis,
1959 3736 2052 3790 sed
2085 3737 2178 3792 Dei
2217 3741 2382 3796 unius
2413 3747 2580 3800 nostri
2615 3732 2943 3819 indulgentis
2973 3770 3036 3810 ac
3060 3759 3392 3817 misarentis.

1822 3820 1940 3891 Ipse
1971 3827 2116 3881 enim
2151 3831 2457 3888 animorum
2491 3847 2804 3894 nostrorum
2833 3844 3055 3900 vulnera
3085 3859 3263 3914 sanat,
3295 3856 3388 3921 qui

1821 3912 2157 3974 voluntarios
2186 3936 2283 3989 pro
2330 3926 2486 3980 nobis
2525 3929 2693 3982 subiit
2726 3934 3022 4001 cruciatus,
3069 3951 3119 3992 ct
3165 3942 3388 3998 humani

1819 4007 2053 4071 generis,
2089 4012 2232 4077 quod
2277 4015 2516 4070 condidit
2555 4019 2692 4073 idem
2735 4034 2897 4092 atque
2931 4028 3125 4094 induit,
3161 4033 3387 4091 aﬂ‘ectus

1817 4095 1988 4149 novit.-
2025 4097 2294 4156 Czrterum
2323 4106 2414 4158 det
2459 4107 2571 4176 ipse
2605 4111 2782 4178 nobis,
2815 4129 2848 4168 ο
2888 4119 3104 4184 mulier,
3146 4127 3383 4190 veniam,

1815 4199 1976 4252 quam
2007 4189 2205 4259 singuli
2257 4197 2510 4263 petimus,
2549 4215 2754 4271 uosque
2784 4205 2852 4260 ab
2883 4211 3031 4263 omni
3074 4212 3193 4268 labe
3225 4232 3386 4270 mun-

1815 4274 1933 4342 det;
1953 4279 2150 4349 quippe
2177 4283 2290 4351 ipse
2313 4296 2414 4351 est,
2442 4290 2534 4357 qui
2568 4292 2706 4349 tollit
2731 4305 2953 4362 peccata
2980 4304 3191 4356 mundi.
3223 4306 3386 4361 Eam-

1813 4380 1920 4434 que
1946 4377 2134 4423 tenens
2158 4376 2432 4441 excitavit.
2467 4378 2667 4437 Omnes
2689 4400 2836 4452 vero,
2868 4389 2960 4456 qui
2990 4390 3044 4444 in
3077 4405 3265 4450 sancta
3293 4399 3383 4454 illa

1815 4457 2022 4524 synodo
2071 4472 2244 4526 erant,
2291 4467 2454 4522 timor
2488 4473 2646 4542 cepit,
2705 4474 2914 4547 fuitque
2969 4467 3210 4537 omnium
3253 4503 3378 4553 vox,

1813 4544 1924 4603 Deo
1970 4549 2157 4608 laudes
2195 4556 2527 4627 tribuendas,
2576 4566 2667 4634 qui
2720 4544 2874 4624 talem
2932 4573 3038 4627 sibi
3071 4579 3379 4644 operarium

1808 4639 2157 4711 prodidisset,
2204 4662 2438 4718 eumque
2466 4658 2723 4712 extremis
2751 4659 2858 4713 illis
2888 4663 3078 4718 diebus
3107 4639 3227 4723 orbi
3262 4687 3379 4726 ma-

1808 4726 2138 4786 nifestasset.
2171 4734 2417 4806 Dumque
2449 4741 2563 4798 hrcc
2597 4745 2859 4811 dicerent.
2887 4752 3165 4810 discedere
3196 4775 3376 4829 caepe-

1808 4825 1955 4880 ruut,
2018 4829 2179 4890 atque
2221 4825 2273 4878 in
2321 4829 2582 4899 templum
2626 4837 2856 4908 ingressi
2912 4858 3064 4898 sacra
3116 4853 3371 4916 mysteria

1806 4919 2060 4976 peregere
2086 4923 2140 4966 et
2165 4915 2514 4998 immaculato
2536 4939 2766 4995 corpore
2805 4931 3013 4988 Domini
3047 4915 3375 4998 nostri‘Jesu

1755 5044 1768 5058 ,
1805 4996 2007 5052 Christi
2061 5003 2248 5059 refecti
2299 4997 2444 5064 sunt.
2481 5013 2680 5070 Eodem
2715 5019 3069 5091 die'pontifex
3102 5034 3373 5090 maximus

1804 5086 2090 5158 episcopos
2139 5091 2405 5159 Orientis,
2443 5103 2806 5168 spatharium,
2833 5086 3102 5167 sanctum
3172 5117 3376 5188 Grego«

1806 5177 1944 5231 rium
1973 5189 2048 5234 -et
2098 5182 2571 5255 chartophylacem
2617 5199 2870 5252 convivio
2903 5205 3111 5272 accepit
3147 5225 3159 5261 :
3204 5224 3376 5277 quan-

1804 5283 1962 5338 quam
2012 5280 2235 5328 sanctus
2283 5274 2578 5348 Gregorius
2621 5286 2820 5356 exiguo
2860 5305 2997 5358 pane
3044 5308 3096 5348 et
3134 5300 3376 5354 oleribus

1803 5357 1919 5410 sine
1953 5358 2072 5414 oleo
2103 5371 2391 5420 contentus
2433 5368 2552 5424 fuit.
2599 5370 2725 5428 Inde
2755 5357 2979 5446 egressi,
3015 5400 3262 5440 mansere
3295 5389 3374 5443 si-

1802 5449 1914 5502 mul
1973 5454 2114 5518 apud
2167 5454 2447 5525 episcopos
2505 5457 2801 5538 Gregorius
2851 5479 2903 5522 et
2955 5473 3265 5538 spatharius
3322 5490 3376 5534 et

1800 5541 2194 5614 chartopbylax
2237 5563 2251 5600 :
2299 5562 2360 5600 ac
2394 5547 2576 5624 [toti]
2619 5565 2830 5610 noctem
2882 5569 3050 5636 totam
3100 5565 3374 5649 insomnes

1800 5629 2090 5686 traduxere
2133 5633 2354 5705 singuli,
2391 5652 2528 5708 quos
2575 5642 2702 5708 dixi,
2744 5630 3078 5707 admirantes
3107 5663 3213 5708 tam
3255 5642 3372 5727 epi-

2890 5925 2970 5986 22
