4060 6334
154 422 249 492 681

1140 427 1204 488 S.
1239 427 1615 490 GREGORII
1653 426 2162 489 AGRIGENTINI
2187 426 2384 489 VITA.

3289 425 3396 491 682

154 537 302 609 ’Δρά
323 556 408 606 γε,
428 538 608 606 γύναι,
627 538 920 592 ἐπίστασαι
948 535 1036 590 τὸν
1065 536 1365 590 ἐπίσκοπον
1389 539 1486 608 τῆς
1515 537 1722 600 πόλεώς

1828 536 1978 591 urbis
2030 545 2137 590 ture
2192 537 2508 606 episcopum
2546 535 2727 590 nosti?
2775 534 2870 589 Cui
2921 535 3008 590 illa
3060 553 3072 590 :
3122 534 3391 600 Profecto,

157 649 292 696 σονς
330 633 490 699 Λέγει
525 629 673 701 αύτῷ
711 632 745 701 ἡ
780 631 919 700 κόρη
945 645 958 658 ⁶
1000 629 1130 694 Nai,
1160 628 1415 693 δέσποτα,
1443 631 1535 683 καὶ
1579 631 1718 685 πάνυ

155 722 318 777 αὐτὸν
347 722 646 792 ἐπίσταμαι
671 738 684 751 ο
715 720 977 785 πολλάκις
1003 720 1111 789 γὰρ
1140 719 1410 792 ἐθεώρουν
1444 721 1604 774 αὑτὸν
1641 723 1720 774 δι-

157 813 449 885 ερχόμενον
477 813 573 866 καὶ
597 815 1061 882 ἐπισκεπτόμενον
1083 812 1291 876 πάντας
1315 813 1441 875 τοὺς
1473 812 1722 882 πτωχοὺς

155 907 255 975 τῆς
279 904 506 967 πόλεως,
540 905 634 957 καὶ⁸
669 905 790 967 ταῖς
815 904 1015 973 χήραις
1047 903 1142 956 καὶ
1168 903 1425 973 ὀρφανοῖς
1467 902 1722 973 παρέχων

158 994 224 1048 τὰ
259 995 395 1063 πρὸς
435 995 535 1066 τὴν
582 995 790 1067 χρείαν.
824 995 996 1063 Κάγὼ
1025 994 1162 1064 αὑτὴ
1211 996 1244 1064 ὴ
1283 994 1445 1047 άθλία
1492 995 1722 1048 πάντοτε

158 1084 286 1154 παρ’
319 1084 486 1138 αὐτοῦ
531 1087 796 1156 ἐδεχόμην
822 1085 1190 1156 ἐλεημοσύνην
1233 1085 1382 1157 παρὰ
1412 1083 1521 1156 ,τοῦ
1562 1102 1722 1138 τετα-

157 1175 359 1244 γμένου
394 1176 475 1238 εἰς
501 1176 562 1230 τὸ
588 1176 874 1230 διακονεῖν.
899 1177 1162 1244 Λέγουσιν
1189 1175 1326 1246 αὐτῇ
1353 1175 1518 1229 πάλιν
1562 1175 1689 1228 τάδε
1711 1190 1724 1206 °

163 1267 260 1329 Σὺ,
295 1267 476 1334 γύναι,
522 1267 694 1335 ἔγνως
733 1266 825 1319 τὸν
857 1267 1026 1336 ἄνδρα
1061 1264 1358 1335 ἐπιμίξεως
1404 1267 1725 1337 σωματικῆς

157 1357 449 1426 γενόμενον
482 1356 622 1427 μετὰ
655 1357 782 1422 σοῦ;
827 1357 890 1409 Ἢ
915 1357 971 1409 δὲ
1000 1355 1300 1420 στενάξασα
1324 1357 1388 1409 ἐκ
1410 1355 1608 1424 βάθους
1631 1357 1724 1410 καὶ

159 1450 495 1522 δακρύσασα,
524 1451 705 1522 ἄρασα
747 1451 846 1519 τὴν
891 1450 1076 1520 φωνήν
1125 1451 1205 1512 εἰς
1238 1449 1390 1518 ὕψος,
1433 1445 1617 1502 εἶπενσ
1647 1453 1721 1521 Ζῇ
1765 1446 1768 1449 ’

160 1542 364 1612 Κύριος
408 1543 518 1596 τῶν
555 1543 859 1612 δυνάμεων,
887 1543 987 1595 οὐκ
1033 1538 1151 1595 οἶδα
1177 1540 1270 1594 τὸν
1298 1541 1580 1612 ἄνθρωπον
1604 1541 1726 1594 τοῦ-

159 1650 270 1699 τον,
305 1635 390 1697 τίς
419 1635 588 1696 ἐστιν,
618 1632 800 1695 καθὼς
820 1633 972 1685 αὐτοὶ
1006 1633 1266 1703 εἰρήκατε
1291 1633 1579 1701 γενόμενον
1608 1635 1724 1702 μετ’

161 1723 293 1796 ἐμοῦ
322 1744 336 1758 ο
367 1725 502 1779 ἀλλὰ
532 1725 756 1788 Σαϐῖνος
791 1725 884 1777 καὶ
909 1726 1308 1795 Κρησκεντῖνος
1345 1717 1489 1777 οὗτοι
1513 1728 1559 1778 οἰ
1587 1741 1726 1795 παρ-

160 1819 452 1887 εστηκότες
509 1816 819 1886 ἔμπροσθεν
873 1816 1050 1885 ὑμῶν,
1097 1817 1249 1868 αὐτοί
1296 1833 1363 1885 με
1409 1817 1726 1886 ἠνάγκασαν

161 1909 538 1978 κατηγορῆσαι
569 1907 659 1960 τὸν
697 1906 904 1960 δίκαιον
941 1905 1129 1959 τοῦτον
1149 1921 1164 1935 °
1193 1908 1448 1977 χρήματα
1491 1911 1600 1980 γάρ
1633 1927 1724 1980 μοι

160 1997 522 2050 κατεδάλοντο
549 1993 731 2058 ἱκανὰ,
758 1994 868 2057 ἵνα,
892 1993 967 2056 ώς
999 1990 1172 2060 εἶπον,
1199 1995 1508 2065 κατελέγξω
1539 1999 1724 2063 αὐτὸν,

159 2081 361 2143 ἀδίκως
390 2071 856 2151 παρανομήσασα,
883 2081 1224 2150 ἀπατηθεῖσα
1267 2083 1370 2136 ὑπὸ
1401 2084 1511 2137 τῶν
1549 2102 1727 2157 παρα-

160 2167 342 2236 νόμων
380 2167 592 2246 ἀνδρῶν
620 2168 844 2222 τούτων.
895 2171 1284 2226 Ἀνταποδώσει
1309 2175 1494 2236 αὐτοῖς
1523 2176 1727 2246 Κύριος

160 2258 188 2309 6
214 2257 349 2330 Θεὸς
379 2259 478 2328 τὴν
499 2241 773 2330 ἁμαρτίαν
799 2262 898 2330 τῆς
922 2261 1064 2331 ἐμῆς
1087 2263 1294 2335 ψυχῆς·
1328 2267 1408 2337 εἰς
1437 2265 1544 2335 γὰρ
1576 2241 1724 2336 διετῆ

162 2347 351 2418 χρόνον
382 2350 475 2402 καὶ
508 2349 682 2420 μῆνας
712 2350 770 2417 ἐξ
801 2352 1166 2424 ἐϐασανίσθην
1192 2355 1295 2407 ὑπὸ
1324 2354 1417 2408 τοῦ
1451 2356 1724 2426 δαίμονος.

161 2439 347 2492 Ταῦτα
371 2438 428 2491 δὲ
457 2438 684 2492 εἰποῦσα
711 2441 964 2495 σταθεῖσα
995 2445 1090 2495 καὶ
1121 2444 1566 2516 περιϐλεψαμένη
1589 2449 1724 2502 πάν-

161 2543 255 2588 τας
301 2529 430 2590 τοὺς
455 2528 810 2593 ἐπισκόπους,
845 2531 938 2582 καὶ
980 2534 1094 2600 μετ’
1124 2532 1305 2601 ὀλίγον
1345 2538 1729 2606 κατανοήσασα

159 2619 246 2670 τὸν
280 2617 436 2685 ἅγιον
467 2617 788 2688 Γρηγόριον,
827 2621 1041 2688 ἐπέγνω
1074 2623 1238 2676 αὐτόν
1258 2640 1271 2652 ·
1311 2625 1405 2677 καὶ
1445 2626 1728 2696 δραμοῦσα

161 2707 311 2776 παρὰ
340 2708 467 2768 τοὺς
496 2707 661 2770 πόδας
695 2706 885 2771 αὐτοῦ,
922 2709 1184 2763 κλαίουσα
1213 2711 1396 2779 ἔλεγεν
1425 2714 1482 2767 ἐν
1516 2715 1689 2782 ἰσχύει
1712 2732 1725 2746 ο

172 2796 424 2864 Ἐλέησόν
473 2814 562 2866 με,
593 2797 747 2851 δοῦλε
781 2797 872 2850 τοῦ
903 2799 1059 2866 Θεοῦ,
1107 2803 1202 2854 καὶ
1237 2803 1591 2874 συγχώρησόν
1637 2823 1727 2874 μοι

161 2885 224 2965 τῇ
248 2889 480 2957 ταπεινῇ
513 2886 573 2939 τὺ
609 2889 923 2957 παράνομον
954 2890 1047 2942 καὶ
1089 2890 1346 2961 ἀθέμιτον
1378 2897 1724 2965 συμϐούλιον,

159 2961 443 3047 δ’ἐποίησα
471 2981 551 3042 εἰς
583 2980 662 3032 σέ.
695 2981 769 3050 Ζῇ
800 2981 1003 3050 Κύριος
1031 2983 1059 3033 6
1084 2981 1214 3047 Θεός
1246 3002 1370 3054 μου,
1399 2961 1462 3039 ού
1489 2991 1564 3058 μὴ
1595 2961 1730 3043 όιναὲ

155 3065 272 3118 ’στῶ
304 3068 369 3120 ἐκ
401 3068 508 3121 τῶν
537 3069 713 3122 ποδῶν
741 3085 856 3134 σου,
886 3071 991 3133 ἕως
1017 3066 1078 3128 οὗ
1118 3074 1216 3144 τὴν
1247 3077 1596 3148 συγχώρησὶν
1638 3098 1727 3152 μοι

1802 627 2062 690 domine,
2102 627 2269 696 probe
2300 627 2454 680 illum
2491 625 2624 698 μοι]
2659 622 2828 680 uovi':
2863 642 3004 696 saepe
3035 627 3181 680 enim
3217 628 3392 696 ipsum

1823 717 2089 783 videbam,
2127 732 2251 772 cum
2299 719 2486 772 urbem
2527 705 2721 781 obiret,
2777 726 2830 771 et
2863 733 3052 772 omnes
3082 719 3235 772 urbis
3270 733 3397 788 cge-

1825 825 1927 868 uos
1965 809 2241 874 inviseret,
2275 823 2338 863 ac
2366 809 2541 864 viduis
2572 810 2901 880 pupillisque
2947 811 3213 879 quidquid
3257 827 3396 880 opus

1823 900 2406 971 esset-suppeditaret;
2457 899 2589 969 quin
2643 908 2697 954 et
2731 916 2830 971 ego
2881 902 3078 955 misera
3113 917 3204 969 per
3234 917 3394 954 cura-

1827 1001 1998 1046 torem
2023 991 2144 1061 ejus
2173 991 2366 1060 stipem
2398 992 2466 1047 ab
2496 1007 2562 1046 eo
2591 992 2834 1062 quotidie
2862 993 3066 1062 accepi.
3107 993 3236 1046 Eam
3269 1007 3396 1046 vero

1825 1097 2045 1136 rursum
2100 1083 2434 1154 interrogant
2487 1102 2500 1139 :
2548 1085 2616 1137 At
2645 1083 2788 1137 enim
2831 1090 2909 1147 tu,
2947 1084 3166 1146 mulier,
3221 1083 3397 1137 virum

1827 1171 1974 1225 hunc
2011 1185 2304 1241 congressu
2357 1174 2602 1244 corporis
2637 1188 2742 1228 una
2789 1181 2968 1228 tecum
3003 1172 3174 1228 fuisse
3216 1175 3399 1228 nosti?

1829 1262 1927 1317 Hic
1951 1263 2041 1316 illa
2069 1263 2138 1318 ab
2163 1262 2274 1318 imo
2298 1271 2519 1331 pectore
2555 1265 2838 1333 suspirans
2879 1279 2941 1319 ac
2976 1264 3282 1334 lacrytnaus
3311 1265 3399 1317 iu-

1828 1354 1974 1424 genti
1998 1369 2131 1410 voce
2159 1355 2413 1409 clamavit
2446 1373 2460 1408 :
2498 1354 2644 1411 Vivit
2677 1356 2941 1411 Dominus
2976 1357 3258 1419 virtutum,
3298 1357 3398 1409 ho-

1829 1445 2028 1499 minem
2057 1459 2158 1515 ego
2192 1445 2356 1509 hunc,
2383 1446 2507 1516 quis
2544 1447 2634 1513 sit,
2668 1457 2938 1516 quatenus
2976 1463 3189 1503 mecum
3233 1448 3402 1504 fuisse

1827 1544 1926 1584 vos
1951 1529 2189 1595 dixistis,
2227 1546 2336 1588 non
2363 1533 2502 1596 vidi;
2534 1548 2720 1588 verum
2775 1534 3010 1591 Sabinus
3038 1545 3091 1590 et
3136 1536 3400 1592 Crescen-

1829 1619 2012 1686 tinus,
2056 1623 2150 1692 qui
2181 1632 2308 1679 ante
2339 1626 2436 1681 Vos
2469 1637 2678 1690 astant,
2716 1628 2789 1680 illi
2829 1628 2931 1696 ipsi
2962 1645 3051 1684 me
3097 1639 3158 1685 ut
3190 1632 3398 1700 justum

1806 1712 1977 1767 hunc
2009 1728 2324 1770 accusarem
2369 1719 2667 1791 adegerunt.
2700 1735 2714 1772 :
2757 1723 3040 1788 pecuniam
3081 1721 3225 1776 enim
3268 1726 3400 1778 mihi

1830 1803 1964 1858 satis
1991 1808 2248 1873 grandem
2286 1808 2503 1873 dedere,
2537 1825 2668 1879 quo,
2693 1797 2767 1865 ut
2792 1811 2924 1876 dixi,
2959 1828 3082 1867 eum
3111 1815 3402 1884 redargue-

1830 1907 1946 1947 rem
1980 1892 2114 1964 (94),
2164 1893 2425 1962 iujustum
2468 1913 2598 1953 ausa
2637 1897 2868 1960 facinus.
2909 1911 2967 1955 ut
3001 1918 3088 1956 me
3120 1903 3402 1958 hominum

1829 1983 2058 2038 istorum
2087 1984 2347 2053 iniquitas
2370 1988 2425 2040 in
2461 1985 2704 2042 fraudem
2735 1991 2926 2045 illexit.
2957 1994 3027 2047 At
3061 1995 3265 2049 crimen
3302 1998 3402 2050 hoc

1831 2088 2011 2129 meum
2065 2074 2329 2131 Dominus
2386 2077 2527 2133 Deus
2583 2080 2696 2148 pari
2750 2080 2854 2136 illis
2888 2098 3065 2154 paena
3123 2087 3401 2154 rependet.

1827 2162 1962 2218 Nam
1995 2181 2096 2236 ego
2130 2168 2348 2236 quidem
2401 2171 2678 2226 biennium
2725 2183 2777 2225 et
2821 2188 3036 2230 menses
3081 2191 3174 2230 sex
3215 2192 3244 2228 a
3295 2180 3400 2231 dat--

1829 2270 1992 2310 mone
2019 2260 2328 2312 excruciata
2366 2276 2506 2314 sum.
2559 2261 2652 2316 His
2675 2263 2836 2319 dictis
2869 2280 2990 2319 cum
3020 2274 3169 2320 stans
3210 2269 3400 2322 oculos

1830 2345 2250 2401 circumtulisset
2281 2349 2348 2402 ad
2379 2364 2570 2404 omnes
2597 2351 2904 2422 episcopos,
2940 2357 3102 2424 paulo
3135 2368 3255 2426 post
3278 2374 3401 2412 san-

1830 2445 1975 2490 ctum
2009 2436 2324 2508 Gregorium
2352 2444 2711 2512 contemplata
2749 2448 2987 2515 agnovit,
3020 2457 3182 2517 atque
3213 2465 3404 2506 accur-

1805 2541 1956 2581 .rens
1989 2526 2055 2580 ad
2087 2530 2247 2596 pedes
2275 2531 2414 2599 ejus,
2447 2532 2631 2596 multis
2663 2551 2785 2589 cum
2829 2537 3083 2607 lacrymis
3113 2550 3167 2594 et
3206 2557 3400 2610 magno

1819 2617 1996 2671 animi
2019 2618 2205 2673 dolore
2236 2623 2316 2675 sic
2341 2638 2463 2676 eum
2495 2633 2578 2678 cst
2609 2626 2842 2681 allocuta
2873 2643 2888 2680 :
2914 2627 3163 2683 Misereat
3188 2640 3239 2684 te
3271 2637 3395 2700 mei,

1830 2724 1862 2761 ο
1906 2707 2001 2762 Dci
2035 2725 2210 2773 serve,
2264 2726 2327 2768 ac
2377 2713 2640 2781 lnjustum
2692 2717 3047 2788 iniquumque
3085 2701 3394 2788 consilidm,

1829 2801 1974 2866 quod
2008 2803 2060 2856 in
2093 2813 2143 2858 te
2171 2804 2550 2871 suscepi,mihi
2572 2804 2773 2888 infelici
2806 2817 2858 2861 et
2881 2807 3108 2878 abjectae
3133 2814 3395 2869 remittas.

1836 2890 1975 2947 Vivit
2007 2887 2266 2952 Dominus
2286 2893 2436 2952 Deus
2471 2887 2644 2962 meus,
2679 2914 2708 2952 a
2753 2899 2980 2969 pedibus
3009 2917 3110 2972 ego
3151 2904 3256 2959 tuis
3291 2921 3398 2960 non

1831 2993 1956 3039 ante
1983 2985 2295 3050 abscedam,
2329 3005 2502 3058 quam
2527 2992 2660 3044 mihi
2695 2991 2883 3062 ﬂagitii
2915 2994 3018 3048 mei
3051 2997 3262 3050 veniam
3289 3013 3316 3051 a
3351 3008 3402 3052 ta:

1831 3072 2010 3125 datam
2082 3076 2382 3132 renunties.
2432 3079 2800 3144 Quamobrem
2871 3098 2936 3136 nc
3003 3085 3401 3144 animadvertas

160 3156 497 3230 ἀπαγγείλῃς
521 3159 624 3229 τῆς
645 3162 966 3244 παραγόμης
1000 3181 1100 3232 μου
1132 3164 1401 3235 πράξεως.
1426 3170 1516 3221 Διὸ
1546 3172 1620 3240 μὴ
1647 3173 1726 3222 ἐν-

1835 3175 1968 3214 neve
1988 3162 2318 3227 memineris,
2346 3164 2504 3218 Pater
2525 3175 2731 3233 sancte,
2754 3183 2874 3236 qua:
2897 3185 2926 3222 a
2946 3185 3031 3226 me
3054 3173 3193 3228 mala
3209 3186 3400 3232 contra

161 3248 530 3318 νοήσῃς,μηδέ
554 3235 806 3321 μνησθῇς
825 3245 934 3307 τῶν
962 3255 1090 3324 παρ’
1118 3255 1251 3326 ἐμοῦ
1279 3235 1626 3329 πραχθέντων
1651 3263 1729 3325 εἰς

163 3337 220 3387 σὲ
251 3337 462 3401 κακῶν,
497 3340 678 3412 Πάτερ
713 3339 856 3410 ἅγιε.
1677 3349 1681 3354 ’

228 3426 351 3478 OE'.
393 3425 578 3484 Ταῦτα
607 3430 663 3482 δὲ
683 3433 777 3484 ἐπὶ
806 3434 1064 3499 πλείστας
1087 3437 1236 3509 ὥρας
1268 3439 1623 3514 διαλεγομένη
1653 3445 1730 3514 τῷ

157 3520 301 3590 ἁγίῳ
330 3522 362 3590 ή
388 3521 543 3601 κόρη,
573 3523 894 3593 ἀποκριθεὶς
923 3529 952 3580 6
971 3526 1126 3596 ἅγιος
1148 3529 1294 3598 λέγει
1327 3533 1464 3603 αὐτῇ
1491 3551 1504 3564 ο
1537 3530 1605 3585 Ὦ
1633 3537 1725 3602 γύ-

158 3627 268 3673 ναι,
302 3614 406 3665 ούκ
434 3612 582 3665 ἔστιν
603 3616 738 3683 ἡμῖν
779 3617 839 3669 τὸ
872 3619 1320 3690 ἐπαγγείλασθαι,
1351 3623 1427 3686 ὡς
1467 3624 1530 3676 σὺ
1574 3627 1728 3696 νομί-

158 3699 294 3764 ζεις,
325 3703 375 3754 εἰ
411 3701 484 3772 μὴ
515 3704 674 3773 μόνον
705 3705 796 3759 τοῦ
824 3709 1264 3782 φιλοικτίρμονος
1295 3716 1388 3768 καὶ
1417 3717 1724 3788 φιλανθρώο

158 3809 260 3845 που
290 3793 428 3846 Θεοῦ
453 3793 611 3862 ήμῶν
637 3812 650 3824 ·
687 3797 848 3861 αὐτὸς
877 3799 986 3870 γὰρ
1016 3801 1162 3855 ἰᾶται
1190 3806 1260 3858 τά
1297 3807 1591 3876 τραύματα
1620 3810 1726 3863 τῶν

155 3884 342 3955 ψυχῶν
367 3884 546 3954 ἡμῶν,
570 3886 599 3938 6
629 3887 696 3938 τὰ
736 3888 882 3959 πάθη
925 3891 993 3943 δι’
1020 3893 1177 3962 ἡμῶν
1203 3895 1468 3960 ἑκουσίως
1499 3899 1724 3967 ὑπομεί-

155 3993 271 4040 νας,
292 3978 386 4029 καὶ
404 3975 688 4043 γινώσκων
716 3977 814 4047 τῆς
842 3983 1042 4052 σαρκὸς
1071 3984 1138 4038 τά
1171 3984 1337 4054 πάθη,
1363 3985 1437 4049 ὼς
1457 3985 1722 4058 πλάστης,

155 4072 244 4121 καὶ
267 4071 630 4143 ἐνδυσάμενος
661 4075 850 4143 αὐτήν.
879 4073 1045 4143 Πλὴν,
1075 4074 1258 4141 γύναι,
1278 4073 1390 4145 δῴη
1413 4077 1543 4146 ἡμῖν
1566 4079 1726 4142 αὐτὸς

157 4162 504 4232 συγχώρησιν
532 4164 675 4216 κατὰ
705 4166 769 4218 τὰ
801 4165 1072 4234 αἰτήματα
1097 4166 1273 4234 ἡμῶν,
1303 4168 1396 4222 καὶ
1428 4168 1724 4240 καθαρίσαι

92 4238 94 4245 Ι
151 4254 300 4319 ημᾶς
332 4254 444 4307 ἀπὸ
476 4255 655 4322 πάσης
692 4256 984 4324 ἁμαρτίας,
1019 4256 1099 4307 ὅτι
1132 4256 1295 4318 αὑτός
1321 4258 1529 4312 ἐστινό
1555 4238 1724 4331 αἴρων

151 4337 252 4406 τὴν
285 4339 567 4409 ἁμαρτίαν
609 4339 706 4391 τοῦ
743 4340 972 4408 κόσμου.
1015 4343 1126 4396 Καὶ
1176 4345 1455 4414 κρατήσας
1505 4348 1723 4418 ήγειρεν
1811 4357 1814 4360 ’

152 4428 342 4498 αὑτήν.
397 4430 645 4498 Ἐγένετο
675 4430 923 4499 δὲ’φόσος
954 4434 1047 4484 ἐπὶ
1071 4432 1279 4497 πάντας
1304 4437 1430 4498 τοὺς
1469 4436 1628 4502 ὄντας
1665 4441 1723 4493 ἐν

1837 3260 1886 3302 te
1919 3252 1982 3303 ad
1992 3251 2156 3306 missa
2184 3252 2312 3306 sint.

1904 3451 2114 3506 LXXV.
2147 3455 2277 3530 _H:cc
2323 3456 2397 3510 illi
2441 3443 2602 3512 etiam
2667 3470 2828 3530 atque
2861 3463 3024 3518 etiam
3080 3466 3398 3522 edisserenti

1831 3541 1908 3594 sic
1935 3522 2170 3611 denique
2195 3553 2416 3600 sanctus
2447 3547 2526 3600 vir
2557 3551 2830 3618 respondit
2863 3568 2875 3603 :
2920 3550 3201 3618 Nostrum,
3226 3570 3258 3608 ο
3283 3572 3402 3611 mu-

1829 3630 1946 3696 lier,
1982 3649 2091 3688 non
2125 3646 2228 3700 est,
2261 3638 2404 3692 sicut
2435 3648 2490 3692 tu
2547 3653 2725 3708 putas.
2773 3645 3083 3718 renuntiare
3127 3649 3272 3716 quod
3307 3665 3403 3703 cu-

1829 3722 1935 3789 pis,
1966 3725 2060 3777 sed
2091 3725 2185 3779 Dei
2224 3727 2389 3782 unius
2420 3731 2588 3783 nostri
2622 3717 2951 3801 indulgentis
2980 3751 3043 3789 ac
3067 3738 3399 3794 miSerentis.

1829 3811 1948 3881 Ipse
1979 3815 2123 3868 enim
2158 3817 2466 3872 animorum
2499 3830 2812 3876 nostrorum
2841 3825 3063 3880 vulnera
3093 3838 3272 3892 sanat,
3303 3833 3396 3898 qui

1829 3900 2166 3961 voluntarios
2194 3923 2292 3976 pro
2339 3911 2495 3964 nobis
2534 3912 2702 3965 subiit
2735 3915 3030 3981 cruciatus,
3078 3930 3128 3972 ct
3174 3921 3398 3975 humani

1828 3995 2063 4062 generis,
2098 3998 2242 4064 quod
2287 4000 2525 4054 condidit
2565 4003 2702 4055 idem
2745 4016 2908 4074 atque
2941 4008 3134 4074 induit,
3171 4012 3397 4068 affectus

1827 4085 1998 4138 novit:
2035 4085 2304 4142 Caeterum
2334 4091 2424 4144 det
2470 4092 2582 4160 ipse
2615 4094 2793 4160 nobis,
2826 4111 2858 4150 ο
2899 4099 3114 4164 mulier,
3157 4105 3394 4166 veniam,

1827 4189 1988 4242 quam
2019 4178 2216 4247 singuli
2269 4182 2522 4248 petimus,
2560 4199 2765 4254 uosque
2795 4186 2863 4242 ab
2895 4191 3043 4243 omni
3084 4191 3204 4246 labe
3237 4210 3397 4247 mun-

1826 4263 1945 4331 det;
1965 4267 2163 4336 quippe
2188 4270 2302 4338 ipse
2324 4282 2427 4337 est,
2454 4275 2547 4342 qui
2579 4276 2718 4331 tollit
2743 4287 2964 4345 peccata
2993 4283 3203 4335 mundi.
3235 4285 3399 4338 Eam-

1826 4371 1933 4424 que
1959 4365 2146 4412 tenens
2171 4363 2445 4417 excitavit.
2479 4363 2680 4420 Omnes
2701 4382 2849 4433 vero,
2881 4370 2972 4438 qui
3003 4369 3057 4423 in
3089 4384 3278 4428 sancta
3307 4376 3396 4430 illa

1829 4447 2036 4515 synodo
2085 4459 2257 4513 erant,
2305 4454 2468 4507 timor
2501 4457 2660 4526 cepit,
2719 4457 2928 4529 fuitque
2981 4463 3224 4516 omnium
3268 4480 3392 4530 vox,

150 4520 213 4585 τῇ
241 4519 376 4589 ἁγίᾳ
414 4521 617 4590 συνόδῳ
647 4520 849 4591 ἐκείνῃ,
881 4520 1022 4574 ὥστε
1061 4523 1239 4591 λέγειν
1282 4525 1491 4590 πάντας
1515 4544 1527 4557 ·
1559 4529 1720 4583 Εὐλο-

1827 4507 1938 4593 Deo
1985 4538 2172 4596 laudes
2210 4507 2682 4618 tribuendas,v‘qui
2719 4507 2889 4604 talein
2946 4553 3052 4607 sibi
3085 4507 3418 4624 operariuni

151 4609 316 4675 γητδς
348 4613 379 4662 6
402 4605 533 4673 Θεὸς
562 4611 671 4665 τῶν
707 4611 930 4681 πατρῶν
962 4614 1140 4682 ἡμῶν,
1173 4617 1255 4669 ὅτι
1295 4617 1534 4670 τοιοῦτον
1560 4620 1721 4688 ἐργά-

150 4715 248 4766 την
277 4699 465 4768 ἐαυτῷ
501 4701 530 4752 6
561 4700 695 4764 Θεὸς
731 4701 1096 4772 ἐφανέρωσεν,
1129 4705 1226 4757 καὶ
1257 4708 1525 4773 ἀνέδειξεν
1563 4712 1620 4764 ἐν
1646 4711 1723 4780 τῷ

150 4789 343 4860 κόσμῳ
375 4791 436 4841 ἐν
464 4793 586 4852 ταῖς
626 4792 882 4860 ἐσχάταις
910 4793 1145 4862 ἡμέραις
1169 4795 1416 4862 ταύταις.
1453 4799 1638 4855 Ταῦτα
1666 4801 1722 4854 δὲ

149 4881 330 4932 αὐτῶν
363 4880 653 4943 εἰπόντων,
684 4883 1019 4953 ἁπεκίνησαν
1049 4887 1143 4939 καὶ
1167 4888 1406 4958 ἀπῆλθον
1441 4893 1499 4942 ἐν
1531 4897 1596 4964 τῇ
1628 4898 1721 4947 ἐκ-

149 4970 374 5040 κλησίᾳ,
407 4971 502 5025 καὶ
540 4971 638 5052 τήν
673 4970 818 5025 θείαν
846 4974 1260 5047 ἐπιτελέσαντες
1312 4985 1718 5052 μυσταγωγίαν,

149 5063 241 5114 καί⁷
267 5047 668 5130 μεταλαϐόντες
693 5063 1087 5134 τοῦάχράντου
1117 5067 1366 5138 σώματος
1395 5071 1488 5124 τοῦ
1504 5047 1597 5126 *Κύ
1607 5077 1720 5146 ρίου

149 5150 304 5220 ήμῶν
347 5151 524 5218 Ἰησοῦ
550 5153 809 5223 Χριστοῦ,
839 5154 1042 5224 ἔφαγον
1072 5151 1236 5226 ἄρτον
1267 5162 1324 5212 ἐν
1352 5161 1598 5236 τραπέζῃ
1627 5167 1720 5219 τοῦ

147 5242 302 5294 πάπα
337 5240 398 5292 ἐν
437 5243 501 5310 τῇ
527 5242 712 5310 ήμρρᾳ
733 5243 920 5313 ἐκείνῃ
947 5243 1080 5297 οἵτε
1108 5245 1396 5301 ἐπίσκοποι
1424 5252 1528 5319 τῆς
1566 5253 1723 5308 Ἀνα-

147 5329 328 5400 τολῖις,
359 5330 459 5382 καὶ
490 5332 519 5382 6
557 5330 880 5400 σπαθάριος,
910 5335 1003 5386 καὶ
1033 5336 1060 5385 6
1093 5333 1248 5401 ἅγιος
1277 5337 1595 5410 Γρηγόριος,
1630 5347 1722 5397 καὶ

145 5418 176 5470 6
191 5417 568 5490 χαρτοφύλαξ.
597 5415 780 5472 Ἦν·δέ
801 5421 829 5472 6
848 5421 1002 5489 ἅγιος
1024 5423 1324 5494 Γρηγόριος
1343 5428 1492 5499 ἄρτῳ
1517 5431 1720 5502 βραχυ.

145 5510 293 5574 τάτῳ
325 5509 694 5580 ἀρκούμενος,
728 5511 820 5564 καὶ
849 5511 1100 5582 λαχάνοις
1139 5515 1266 5568 ἄνευ
1304 5516 1504 5573 ἐλαίου.
1552 5523 1722 5577 Ἐκεῖ·-

146 5598 238 5654 risv
279 5601 341 5654 δὲ
389 5599 700 5666 ἐξελθόντες
751 5601 970 5671 ἔμειναν
1026 5605 1321 5678 ἀμφότεροι
1359 5603 1424 5661 ἐν
1461 5611 1540 5681 τῷ
1582 5613 1718 5684 ἅμα,

188 5774 323 5849 ’(94)
354 5777 492 5833 Cod.
528 5781 579 5845 1,
609 5780 714 5845 ἵνα,
748 5781 823 5844 ώς
853 5777 1023 5844 εἷπον,
1049 5782 1374 5850 καταπλέξω
1395 5786 1576 5843 αὐτόν.

515 5888 788 5952 ΡΑτιιοῐ..
833 5893 948 5952 Gn.
997 5889 1249 5954 XCVIII
1259 5937 1276 5955 .

1823 4629 2172 4699 prodidisset,
2219 4649 2453 4704 eumque
2481 4641 2738 4695 extremis
2767 4641 2874 4695 illis
2903 4643 3093 4698 diebus
3123 4646 3242 4702 orbi
3278 4665 3394 4703 mav

1825 4716 2154 4775 nilestasset.
2188 4721 2434 4792 Dumque
2466 4726 2579 4782 lucc
2613 4728 2876 4792 dicerent.
2904 4732 3182 4790 discedere
3211 4752 3392 4806 tmpe-

1824 4813 1972 4870 ruut,
2034 4818 2197 4878 atque
2237 4811 2290 4864 in
2337 4817 2599 4884 templum
2644 4821 2872 4890 ingressi
2929 4839 3081 4879 sacra
3134 4830 3389 4896 mysteria

1823 4910 2077 4966 peregere
2103 4910 2158 4954 et
2182 4902 2532 4959 immaculato
2555 4923 2783 4978 corpore
2822 4912 3031 4968 Domini
3064 4903 3392 4974 uostri‘Jcsu

1773 5035 1786 5050 ,
1823 4986 2025 5042 Christi
2079 4991 2266 5046 refecti
2318 4983 2462 5049 sunt.
2501 4998 2698 5053 Eodem
2734 5001 2820 5056 die
2851 5007 3088 5072 pontifex
3120 5012 3392 5066 maximus

1822 5076 2109 5146 episcopos
2158 5078 2424 5145 Orientis,
2463 5087 2825 5156 spatharium,
2873 5103 3121 5146 sanctum
3191 5095 3394 5166 Grego-

1826 5167 1964 5220 rium
1992 5178 2068 5222 -et
2118 5170 2591 5241 chartophylacem
2638 5181 2890 5233 convivio
2923 5185 3131 5252 accepit
3167 5204 3179 5238 :
3224 5202 3396 5255 quan-

1825 5272 1984 5328 quam
2033 5269 2256 5316 sanctus
2303 5261 2599 5334 Gregorius
2641 5269 2840 5338 exiguo
2880 5286 3018 5339 pane
3065 5287 3117 5328 et
3155 5277 3396 5330 oleribus

1824 5347 1940 5400 sine
1973 5347 2093 5402 oleo
2125 5358 2413 5407 contentus
2454 5353 2574 5408 fuit.
2621 5354 2747 5410 lude
2776 5363 3001 5428 egressi,
3035 5379 3283 5418 mansere
3317 5367 3395 5420 si-

1825 5439 1936 5491 mul
1995 5442 2136 5506 apud
2190 5442 2470 5511 episcopos
2527 5442 2822 5521 Gregorius
2873 5460 2925 5503 et
2977 5453 3287 5518 spatharius
3344 5467 3398 5511 ct

1823 5530 2218 5602 chartopbylax
2261 5551 2274 5587 :
2322 5549 2383 5586 ac
2417 5533 2600 5608 [που]
2643 5548 2852 5592 noctem
2905 5549 3072 5594 totam
3123 5544 3396 5601 insomnes

1824 5619 2114 5675 traduxere
2157 5621 2378 5692 singuli,
2415 5638 2552 5693 quos
2599 5626 2726 5690 dixi,
2768 5611 3102 5687 admirantes
3131 5642 3238 5686 tam
3279 5619 3395 5704 etri-

2917 5907 2996 5968 2'2
