4060 6334
628 405 747 469 .687

1615 418 1671 483 s.
1712 402 2088 484 GREGORII
2139 424 2645 486 AGRIGENTINI
2675 425 2850 485 VITA

3754 413 3856 478 688

641 531 761 571 sum
793 514 895 569 hoc
923 513 1186 571 dederunt
1213 536 1226 572 :
1257 517 1312 573 Si
1341 535 1462 575 cum
1495 523 1580 578 his
1611 534 1665 580 tu
1694 543 1908 596 quoque
1938 531 2094 596 petis,
2127 545 2192 582 ne

2314 547 2390 582 ποι
2423 531 2518 583 σὺν
2551 530 2624 600 τῷ
2648 532 2802 602 πάπᾳ
2832 529 3130 598 ἐδάκρυσαν
3160 528 3252 582 καὶ
3278 521 3456 580 εἷπον·
3485 526 3543 578 Ei
3570 523 3733 586 αὑτὸς
3765 527 3855 578 σὺν

643 605 770 671 quid
805 604 1097 672 patiamur,
1125 609 1385 680 nihiljam
1421 614 1486 667 ad
1516 629 1613 669 nos
1635 619 1881 685 pertinet.
1915 619 2044 672 Nam
2076 621 2198 673 illud

643 694 860 760 quidem
897 711 1018 750 vere
1043 699 1302 768 scriptum
1336 713 1438 766 est.
1484 708 1695 760 Domini
1726 710 1889 765 unius
1943 711 2198 764 ultionem

640 803 780 843 esse.
840 791 1005 860 Igitur
1041 791 1178 861 jussi
1212 793 1413 849 milites
1433 795 1705 851 dimittere
1737 815 1851 863 eos,
1884 816 1992 869 quo
2015 817 2202 854 rursus

639 881 826 934 eodem
859 897 1047 936 omnes
1090 884 1461 939 convenirent.
1506 886 1715 942 Accidit
1755 903 1905 950 vero,
1936 890 2062 942 dum
2097 904 2202 944 uno

638 969 692 1022 in
722 971 840 1025 loco
865 987 1053 1026 omnes
1085 982 1284 1039 essent,
1320 983 1380 1028 ut
1427 976 1660 1044 procella
1705 979 1996 1047 improviso
2023 995 2203 1033 erum-

636 1071 804 1128 peret,
835 1073 888 1116 et
937 1064 1098 1119 locus"
1122 1065 1230 1130 ille,
1277 1068 1331 1120 in
1372 1083 1482 1136 quo
1524 1080 1865 1126 accusatores
1908 1081 2081 1142 erant,
2113 1072 2205 1125 ob-

610 1145 613 1149 ’
639 1166 968 1210 scuraretur.
995 1156 1198 1212 Ventus
1223 1172 1386 1227 porro
1415 1175 1446 1213 e
1470 1169 1609 1214 terra
1631 1162 1776 1226 exiit,
1802 1171 1856 1217 et
1875 1163 2010 1218 adeo
2034 1163 2200 1217 densa

639 1247 815 1317 caligo
845 1263 1035 1303 omnes
1068 1251 1218 1312 texit,
1251 1259 1311 1304 ut
1363 1259 1503 1305 terra
1559 1252 1858 1316 dehiscere,
1909 1269 2112 1322 eosque
2147 1253 2201 1306 in

637 1339 953 1405 voraginem
993 1338 1277 1407 abreptura
1309 1356 1428 1395 esse
1457 1342 1730 1395 videretur
1775 1361 1788 1395 :
1821 1359 1991 1411 quare
2019 1343 2200 1396 omnis

638 1442 857 1494 quoque
903 1429 1140 1495 synodus
1168 1440 1458 1494 commota,
1491 1433 1722 1486 sublatis
1763 1434 1828 1486 ad
1862 1433 2059 1487 coelum
2097 1450 2205 1488 ma-

640 1518 802 1572 nibus
825 1518 1130 1574 inda-navit
1151 1539 1164 1574 :
1189 1520 1426 1585 Domine,
1453 1525 1716 1576 miserere.
1739 1525 1806 1576 At
1827 1525 1904 1578 rei
1925 1526 2099 1578 exitus
2119 1527 2204 1580 hic

640 1607 762 1662 fuit.
804 1609 971 1663 Paulo
1002 1622 1123 1679 post
1153 1614 1348 1682 caligo,
1389 1629 1507 1682 quae
1536 1615 1640 1667 illis
1673 1613 2010 1678 incvbuerat,
2041 1615 2203 1668 dissi-

641 1711 762 1769 pata
793 1711 894 1760 est.
925 1712 978 1755 at
1023 1704 1202 1756 vultus
1240 1719 1428 1758 eorum
1482 1704 1754 1772 nigrantes
1797 1715 2200 1773 apparuerunt;

641 1793 1003 1859 quorumdam
1030 1810 1158 1847 vero
1182 1803 1289 1847 tota
1320 1793 1489 1849 facies
1509 1797 1733 1849 omnino
1756 1797 2030 1866 nigruerat
2050 1795 2157 1864 (99)
2185 1814 2198 1847 :

644 1870 844 1936 Sabini
865 1885 918 1935 in
957 1885 1144 1952 primis
1173 1895 1225 1939 et
1251 1886 1583 1940 Crescentiui
1636 1887 1972 1956 aliorumque
2001 1889 2200 1940 multo-

644 1990 788 2036 rum,
818 1976 1012 2043 quibus
1069 1990 1321 2046 prmterea
1362 1981 1500 2034 labia
1541 1988 1765 2048 quoque
1807 1981 1942 2033 adeo
1987 1980 2202 2034 diducta

645 2075 795 2129 sunt,
831 2075 887 2118 ut
921 2071 1001 2120 vix
1035 2083 1094 2121 ea
1127 2077 1328 2123 tantum
1373 2071 1640 2124 adducere
1678 2079 1914 2138 possent,
1944 2080 2204 2138 quantum

644 2158 708 2208 ad
741 2158 1068 2223 lo-juondum
1107 2177 1243 2229 opus
1273 2172 1441 2216 esset.
1480 2159 1682 2214 Ultimo
1715 2162 1814 2215 hoc
1835 2161 2081 2230 prodigio
2121 2161 2206 2214 di-

641 2247 769 2300 vina
803 2249 853 2300 in
886 2260 1236 2304 accusatores
1262 2251 1340 2304 ira
1379 2252 1708 2320 conquievit.
1756 2251 1934 2317 Quare
1968 2253 2209 2323 synodus

643 2341 900 2392 universa
929 2341 1179 2394 clamavit
1228 2359 1242 2394 :
1286 2340 1437 2396 Nunc
1481 2344 1712 2412 denique
1754 2344 2014 2397 Dominus
2064 2345 2210 2398 chri-

643 2441 791 2483 stum
835 2429 914 2498 (t)
958 2446 1114 2484 suum
1160 2446 1422 2499 servasse,
1461 2449 1610 2488 nunc.
1637 2450 1666 2487 c
1693 2435 1834 2487 coelo
1879 2442 2066 2487 sancto
2112 2448 2212 2488 suo

647 2533 838 2588 preces
865 2520 984 2588 ejus
1027 2522 1336 2577 ex’audiisse
1376 2523 1526 2576 visus
1555 2531 1657 2577 est.
1683 2521 1909 2593 Magnus
1956 2521 2212 2578 Dominus

647 2622 850 2677 noster,
873 2621 933 2677 et
959 2629 1153 2681 magna
1189 2615 1362 2669 virtus
1387 2614 1535 2682 ejus;
1584 2623 1637 2668 et
1672 2631 1776 2668 non
1807 2623 1889 2669 est
1922 2615 2213 2684 investiga-

650 2699 727 2753 tio
755 2701 966 2754 consilii
994 2702 1132 2771 ejus.
1182 2700 1320 2757 Vere
1354 2718 1584 2773 magnus
1606 2713 1656 2758 et
1705 2705 1988 2760 laudabilis
2029 2705 2210 2771 nimis,

648 2800 704 2844 et
737 2793 1127 2860 magnitudinis
1183 2792 1304 2861 ejus
1352 2808 1459 2848 non
1495 2804 1580 2849 est
1616 2795 1770 2850 "finis.
1805 2795 1947 2849 B'cne
1992 2797 2215 2850 Domino

651 2879 896 2934 dicamus
945 2882 1054 2934 Deo
1086 2891 1296 2944 nostro,
1347 2884 1438 2950 qui
1484 2884 1668 2937 omnia
1716 2885 1966 2939 utilitatis
2017 2898 2216 2940 nostra:

653 2984 816 3024 causa
849 2959 1006 3037 facit;
1051 2971 1164 3039 ipse
1194 2973 1338 3024 enim
1377 2973 1554 3027 noscit
1580 2975 1670 3042 qui
1705 2990 1830 3028 eum
1866 2986 2071 3042 amant,
2097 2979 2218 3045 qui-

652 3077 760 3131 que
788 3061 1047 3116 voluntati
1097 3062 1215 3131 cjus
1253 3063 1645 3132 obsequuntur,
1695 3081 1758 3119 ac
1809 3077 1986 3121 servat
2015 3083 2129 3130 eos,
2165 3076 2218 3120 ct

2304 621 2483 682 αὐτοῖς
2529 622 2700 682 αἰτεῖς
2749 620 2845 688 τὴν
2888 619 3153 671 ἀπάθειαν
3185 618 3378 678 αὐτῶν,
3415 617 3572 685 ἡμεῖς
3629 615 3856 684 πρᾶγμα

2301 708 2397 760 οὐκ
2440 707 2633 777 ἔχομεν
2659 723 2672 737 ⁸
2709 706 2864 760 τοῦτο
2889 708 2994 776 γὰρ
3037 705 3244 776 ἀληθῶς
3275 704 3603 772 γέγραπται,
3649 704 3733 756 ὅτι
3766 703 3852 755 τού

2304 799 2506 868 Κυρίου
2536 802 2568 868 ἡ
2593 799 2868 865 ἐκδίκησις
2897 801 3077 866 μόνου.
3109 797 3216 850 Καὶ
3238 795 3518 847 ἐκέλευσεν
3540 794 3738 852 αὐτοὺς
3759 796 3854 858 ἀφ-

2306 885 2440 937 ιέναι
2477 886 2604 947 τοὺς
2648 885 3000 956 στρατιώτας,
3034 886 3130 938 καὶ
3175 885 3336 948 πάλιν
3371 885 3428 934 ἐν
3471 881 3546 951 τῷ
3579 883 3696 952 ἅμα
3742 899 3856 933 συν-

2303 969 2653 1044 αθροισθῆναι
2677 976 2936 1038 ἅπαντας.
2980 975 3222 1043 Ἐγένετο
3241 975 3298 1027 6t
3323 976 3379 1026 ἐν
3401 973 3478 1042 τῷ
3504 973 3699 1034 αὐτοὺς
3720 967 3854 1025 εἶναι

2304 1059 2368 1116 ἐν’
2409 1066 2488 1116 ἐνὶ
2533 1065 2703 1135 τόπῳ,
2741 1067 2960 1134 γέγονεν
3008 1068 3204 1136 αἴφνης
3259 1064 3456 1132 λαίλαψ
3498 1065 3721 1133 ἀνέμου,
3767 1065 3854 1114 καὶ

2304 1157 2592 1209 ἐσκότασεν
2625 1158 2654 1209 6
2682 1159 2863 1223 τόπος,
2905 1161 2961 1210 ἐν
2993 1150 3036 1225 ᾧ
3075 1159 3288 1211 ἵσταντο
3323 1158 3372 1211 oi
3400 1157 3696 1226 κατήγοροι
3723 1173 3734 1185 ·
3766 1157 3854 1207 καὶ

2307 1247 2414 1300 ίδοὺ
2442 1247 2634 1316 ἄνεμος
2661 1248 2880 1318 ἐξῆλθεν
2905 1250 2967 1301 ἐκ
2990 1249 3087 1318 τῆς
3110 1249 3233 1318 γῆς,
3263 1249 3355 1302 καὶ
3376 1249 3642 1318 ἐκάλυψεν
3667 1247 3854 1308 αὐτοὺς

2304 1341 2511 1398 πάντας
2538 1341 2735 1409 γνόφος
2764 1340 3026 1403 σκοτινὺς,
3061 1339 3200 1393 ὣστε
3224 1329 3450 1403 πάντας
3486 1340 3682 1407 λέγειν,
3713 1341 3790 1391 ὅτι
3821 1341 3852 1405 ἡ

2305 1431 2375 1500 γῆ
2404 1431 2592 1501 ἔχανεν
2621 1431 2716 1484 καὶ
2743 1429 3001 1484 κατέπιεν
3029 1417 3247 1496 αὐτούς.
3280 1432 3389 1484 Καὶ
3419 1433 3566 1506 πᾶσα
3589 1433 3622 1500 ἡ
3647 1430 3854 1490 σύνοδος

2303 1527 2381 1587 είς
2411 1523 2506 1576 τὸν
2531 1522 2758 1593 οὐρανὸν
2794 1523 2894 1585 τὰς
2909 1525 3112 1593 ,χεῖρας
3142 1524 3371 1593 ἄραντες
3398 1521 3646 1593 ἔκραζον,
3677 1521 3854 1586 λέγον-

2302 1632 2392 1677 τες
2416 1615 2495 1666 τό·
2516 1615 2690 1680 Κύριε
2709 1614 2984 1680 ἐλέησον.
3006 1615 3112 1666 Καὶ
3137 1614 3195 1666 τὸ
3215 1614 3277 1683 δὴ
3305 1613 3497 1682 πέρας,
3539 1615 3654 1682 μετ’
3683 1612 3854 1677 ὀλίγον

2302 1702 2578 1775 διεσχίσθη
2615 1705 2642 1754 6
2683 1703 2876 1773 γνόφος
2919 1700 3193 1754 ἐπάνωθεν
3217 1701 3427 1753 αὐτῶν·
3455 1699 3546 1752 καὶ
3585 1699 3854 1765 ἐφάνησαν

2305 1797 2371 1848 τὰ
2408 1795 2672 1860 πρόσωπα
2709 1794 2887 1847 αὐτῶν
2931 1792 3373 1862 μεμελανωμένα,
3406 1791 3512 1845 τῶν
3539 1791 3596 1844 δὲ
3621 1791 3714 1842 καὶ
3742 1789 3854 1842 ὁλό-

2303 1887 2479 1955 κληρα
2498 1887 2564 1938 τὰ
2582 1887 2847 1954 πρόσωπα
2862 1886 3038 1938 αὐτῶν
3065 1886 3376 1954 ἐμελανὼθη
3387 1902 3503 1937 σαν.
3533 1882 3758 1936 Σαϐίνου
3779 1881 3851 1938 δὲ.

2304 1980 2395 2031 καὶ⁵
2426 1978 2851 2048 Κρησκεντίνου,
2901 1980 2994 2030 καὶ
3024 1976 3223 2047 ἐτέρων
3255 1975 3463 2030 πολλῶν
3505 1975 3577 2042 οὐ,
3601 1974 3757 2045 μόνον
3792 1971 3855 2024 τὰ

2305 2070 2568 2139 πρόσωπα
2608 2068 2786 2122 αὐτῶν
2823 2067 3258 2139 ἐμελανώθησαν,
3290 2067 3426 2120 ἀλλὰ
3471 2065 3565 2118 καὶ
3603 2064 3672 2117 τὰ
3709 2063 3851 2133 χείλη

2305 2161 2484 2216 αὐτῶν
2535 2159 2966 2230 κατηνέχθησαν,
3010 2159 3148 2211 ὥστε
3193 2159 3343 2228 μόλις
3375 2160 3570 2220 αὐτοὺς
3605 2156 3854 2211 δύνασθαι

2308 2251 2660 2321 περισφίγξαι
2685 2251 2822 2302 αὐτὰ
2853 2237 3016 2312 είςτδ
3042 2249 3290 2318 λαλῆσαι.
3322 2249 3522 2304 Τούτου
3549 2250 3604 2303 δὲ
3636 2248 3852 2316 γεωμέο

2309 2358 2398 2392 νου
2441 2339 2534 2392 τοῦ
2576 2337 2802 2409 σημείου
2849 2339 3130 2408 ἐτελειώθη
3169 2339 3304 2409 ὀργὴ
3341 2341 3420 2402 είς
3463 2335 3588 2401 τοὺς
3629 2339 3854 2407 κατηγὸ-

2314 2448 2458 2501 ρους.
2491 2430 2758 2500 Ἔκραξεν
2785 2431 2932 2482 πᾶσα
2960 2431 2992 2499 ἡ
3024 2429 3236 2491 σύνοδος
3264 2429 3494 2497 λέγουσα
3514 2447 3527 2462 ·
3560 2430 3674 2482 Νῦν
3699 2430 3856 2498 ἐγνώ-

2312 2534 2505 2587 καμεν.
2533 2517 2614 2570 ὅτι
2665 2517 2864 2570 ἔσωσεν
2904 2517 3106 2586 Κύριος
3152 2517 3245 2570 τὸν
3285 2519 3502 2588 χριστὸν
3544 2519 3725 2578 αὑτοῦ,
3764 2519 3854 2574 ,καὶ

2312 2607 2614 2676 ἐπήκουσεν
2665 2604 2829 2659 αὑτοῦ
2862 2606 2920 2670 ἐξ
2953 2606 3178 2674 ούρανοῦ
3211 2609 3363 2675 ἁγίου
3397 2608 3580 2663 αὑτοῦ.
3621 2609 3805 2675 Μέγας
3830 2609 3855 2658 6
3931 2598 3934 2601 ’

2312 2695 2516 2763 Κύριος
2549 2695 2724 2766 ἡμῶν,
2765 2696 2859 2749 καὶ
2901 2696 3105 2766 μεγάλη
3140 2698 3173 2765 ή
3216 2699 3368 2765 ίσχὺς
3401 2697 3564 2751 αὐτοῦ
3586 2713 3601 2729 ο
3638 2699 3730 2750 καὶ
3763 2697 3855 2750 οὐκ

2313 2784 2826 2855 ἐστιν,ἑξερεύνησις
2857 2787 2955 2851 τῆς
2975 2777 3288 2853 φρονήσεως
3311 2785 3474 2839 αὑτοῦ
3497 2803 3510 2818 ο
3538 2785 3748 2855 ἀληθῶς
3776 2786 3860 2853 μέ-

2313 2894 2413 2942 γας
2437 2875 2530 2928 καὶ
2555 2875 2762 2936 αίνετδς
2787 2874 3010 2944 σφόδρα,
3035 2874 3127 2926 καὶ
3155 2873 3256 2941 τῆς
3287 2875 3674 2943 μεγαλωσύνης
3701 2873 3855 2927 αὑτοῦ

2315 2967 2413 3020 οὐκ
2443 2966 2590 3018 ἐστιν
2623 2966 2814 3034 πέρας.
2845 2963 3144 3034 Εὐλογητὸς
3179 2963 3382 3032 Κύριος
3411 2967 3439 3017 6
3468 2965 3600 3028 Θεὸς
3639 2965 3796 3034 ἡμῶν
3832 2968 3858 3019 6

2318 3055 2492 3107 πάντα
2525 3054 2658 3122 πρὸς
2707 3053 2766 3104 τὸ
2808 3053 3081 3121 συμφέρον
3120 3052 3502 3123 ἐργαζόμενος.
3553 3055 3725 3132 Δύτδς
3760 3055 3857 3124 γᾶρ

655 3156 721 3208 de
753 3154 1092 3208 inimicorum
1127 3171 1290 3215 manu
1336 3164 1496 3226 atque
1543 3172 1606 3209 ex
1651 3158 1804 3230 omni
1829 3157 2117 3212 afﬂictione
2151 3159 2215 3212 li-

2316 3148 2570 3213 γινώσκει
2596 3145 2720 3206 τοὺς
2748 3143 3074 3213 ἀγαπῶντας
3095 3144 3277 3205 αὑτὸν,
3314 3146 3406 3199 καὶ
3432 3144 3557 3208 τοὺς
3587 3146 3859 3207 ποιοῦντας

658 3247 827 3298 berat.
860 3245 975 3314 Ipse
1005 3245 1268 3313 justitiam
1302 3247 1569 3313 impertit,
1607 3247 1724 3314 ipse
1771 3249 2029 3316 mysteria
2078 3263 2220 3303 reve-

658 3335 756 3396 lat,
795 3336 910 3404 ipse
945 3336 1315 3390 metuentibus
1347 3351 1467 3389 eum
1524 3337 1751 3391 salutcm
1783 3337 1970 3402 affert;
2007 3354 2219 3409 semper

658 3426 802 3479 enim
835 3439 1000 3493 prope
1045 3434 1128 3480 est
1183 3427 1562 3483 invocantibus
1597 3443 1720 3480 cum
1775 3429 1826 3481 iu
1882 3430 2126 3494 veritate,
2164 3441 2216 3484 et

659 3532 750 3571 eus
781 3515 930 3586 [xcv]
971 3517 1549 3580 ccleriter.ulciscitur,
1598 3520 1741 3587 quod
1791 3521 1907 3574 sine
1947 3522 2218 3589 intermis-

663 3608 814 3661 sione
842 3609 1076 3659 clamant
1106 3607 1170 3660 ad
1201 3622 1322 3660 cum
1356 3607 1443 3661 die
1471 3621 1534 3661 ac
1564 3617 1739 3663 nocte.

735 3836 1016 3902 LXXVIII;
1053 3851 1226 3916 Atque
1260 3850 1342 3904 his
1368 3851 1610 3920 prolatis,
1667 3866 1944 3906 accessere
1979 3854 2045 3905 ad
2075 3866 2218 3914 eum,

662 3949 720 3992 et
766 3940 830 3992 ad
870 3940 1342 4016 pedes_provoluti
1401 3941 1703 3994 dixerunt:
1753 3939 1948 3994 Preces
2005 3941 2218 4004 adhibe,

668 4030 826 4084 Pater
864 4040 1068 4095 sancte,
1107 4047 1204 4098 pro
1238 4031 1416 4097 nobis,
1449 4033 1536 4100 qui
1592 4048 1732 4088 unus
1770 4034 2029 4087 extremis
2078 4034 2222 4087 hisce

672 4121 1000 4186 temporibus
1031 4120 1243 4172 invicta;
1294 4122 1564 4188 patientiae
1613 4123 1789 4175 virum
1850 4132 1900 4176 te
1935 4123 2137 4189 prodis,
2169 4131 2222 4176 et

671 4209 868 4262 Christi
906 4225 968 4262 ac
999 4208 1390 4277 discipulorum
1426 4211 1545 4278 ejus
1583 4211 1913 4265 imitatorem
1945 4229 1960 4265 :
2021 4227 2138 4281 age,
2173 4221 2224 4265 te

675 4301 1042 4364 obsecramus,
1074 4301 1325 4369 precibus
1355 4315 1454 4354 nos
1488 4301 1594 4356 tuis
1628 4300 1764 4354 habe
1786 4302 2221 4356 commendatos.

673 4391 764 4445 Ille
790 4405 920 4444 vero
955 4391 1101 4443 humi
1136 4393 1458 4458 prostratus,
1491 4393 1653 4458 pedes
1689 4391 2026 4460 singulorum
2062 4407 2224 4444 oscu-

672 4482 906 4543 labatur,
943 4494 1026 4540 ac,
1081 4477 1208 4541 Vos,
1265 4479 1461 4542 aiebat,
1514 4479 1774 4548 ignoscite
1827 4481 1981 4543 mihi,
2037 4481 2223 4534 Patres

674 4574 886 4624 sancti:
919 4585 1018 4638 ego
1051 4571 1192 4624 enim
1241 4586 1359 4624 sum
1398 4572 1628 4632 vermis,
1667 4579 1854 4625 etnon
1909 4571 2092 4634 homo,
2129 4587 2225 4636 0p—

677 4671 953 4738 probrinm
988 4668 1262 4720 hominum
1313 4676 1365 4721 et
1415 4667 1644 4734 abjectio
1679 4668 1941 4720 omnium.
1977 4666 2085 4720 Vos
2131 4683 2227 4735 po-

678 4767 786 4815 tius
816 4761 1131 4814 tenuitatem
1169 4773 1340 4811 meam
1382 4760 1631 4826 precibus
1667 4761 1862 4814 vestris
1909 4768 2225 4812 sustentate.

666 4853 900 4919 dantque
953 4864 1140 4904 omnes
1197 4856 1387 4902 sancto
1436 4847 1584 4900 illum
1639 4848 1825 4902 osculo
1875 4848 2227 4901 salutabant:

677 4950 875 5014 quippe
904 4953 1013 4996 tota
1045 4957 1110 4995 ex
1137 4941 1267 4994 urbe
1303 4940 1403 4993 viri
1458 4939 1780 5008 feminaeque
1827 4953 1947 4992 cum
1988 4939 2232 4990 lactenti-

679 5040 779 5089 bus
839 5034 1022 5103 pueris
1094 5041 1476 5096 convenerant,
1541 5037 1926 5083 accusatorum
1990 5029 2233 5096 prodigio

679 5125 840 5178 exciti
873 5142 886 5176 :
918 5133 971 5177 ct
1004 5137 1097 5175 ora
1130 5136 1315 5174 eorum
1347 5121 1610 5188 nigrantia
1649 5115 2011 5186 obstupefacti
2051 5115 2231 5169 intue-

685 5219 898 5271 bantur.
953 5212 1190 5268 Rursum
1239 5208 1435 5262 deinde
1481 5208 1715 5276 episcopi
1774 5207 1838 5261 ad
1901 5206 2058 5261 sedes
2107 5219 2233 5259 suas

755 5351 864 5419 (99)
909 5348 1104 5414 Quidni
1144 5345 1550 5419 Agrigentinum
1625 5345 1859 5419 aliquem
1889 5385 1902 5406 ,
1956 5359 2231 5419 amomum

687 5410 982 5476 hominem.
1021 5410 1246 5471 Lcmnia
1278 5410 1469 5470 nostro
1503 5410 1848 5480 imposuisse,
1885 5423 1936 5466 et
1982 5410 2230 5466 fabellam

691 5494 828 5542 bam:
860 5490 1166 5541 venditasse
1205 5484 1616 5540 existimemus?
1650 5483 1921 5551 Agrigenti
1975 5482 2230 5544 fortasse,

689 5558 855 5620 utfit,
907 5557 1120 5610 familiae
1174 5557 1377 5622 aliquot
1422 5567 1483 5607 ex
1520 5553 1698 5606 Africa
1751 5560 2003 5622 extorres?
2053 5552 2231 5622 sedem

651 5654 665 5678 -.
692 5633 950 5689 Inerant;
986 5642 1048 5678 ex
1081 5619 1528 5693 iisque—prognati
1569 5623 1717 5693 fusca
1752 5619 1906 5693 facie,
1937 5621 2103 5693 labris
2136 5621 2234 5693 im-

693 5697 916 5751 modicis
940 5688 1200 5764 lparente's
1232 5688 1550 5764 atque—avos
1586 5690 1908 5761 referebant.
1946 5689 2065 5764 _ll_os
2117 5688 2230 5755 pla-

694 5783 795 5820 nus
825 5768 930 5830 ille,
957 5759 1037 5819 ὐι
1069 5765 1263 5835 coloris
1302 5773 1353 5817 et
1384 5761 1568 5814 fo'rma:
1603 5759 1837 5812 causam
1867 5759 2134 5822 redderet,
2170 5773 2232 5810 ex

2315 3234 2376 3286 τὸ
2408 3233 2616 3302 θέλημα
2648 3233 2832 3297 αὐτοῦ,
2865 3233 2958 3286 καὶ
2989 3231 3150 3296 σώζει
3173 3232 3391 3296 αὐτοὺς,
3425 3234 3521 3287 καὶ
3550 3233 3734 3305 ῥύεται
3768 3235 3858 3288 αὖ·

2316 3323 2439 3384 τοὺς
2467 3324 2529 3375 ἐκ
2550 3325 2728 3394 χειρὸς
2757 3322 2965 3393 ἐχθρῶν
2993 3321 3173 3374 αὐτῶν
3204 3323 3298 3375 καὶ
3325 3324 3389 3376 ἐκ
3414 3325 3593 3394 πάσης
3617 3324 3857 3393 θλίψεως.

2315 3412 2484 3474 Αὐτὸς
2529 3413 2742 3486 δικαιοῖ.
2801 3415 2962 3476 αὐτὸς
3011 3415 3383 3469 ἀποκαλύπτει
3435 3417 3726 3482 μυστήρια,
3777 3412 3862 3464 καὶ

2316 3506 2460 3556 ποιεῖ
2489 3505 2760 3573 σωτηρίαν
2780 3507 2896 3567 τοῖς
2933 3504 3289 3575 φοῦουμένοις
3321 3504 3503 3558 αὐτόν.
3546 3504 3741 3570 Ἐγγὺς
3762 3503 3861 3570 γάρ

2317 3597 2463 3648 ἐστιν
2490 3595 2718 3647 πάντοτε
2752 3598 2861 3657 τοῖς
2887 3595 3332 3665 ἐπικαλουμένοις
3355 3595 3517 3648 αὐτὸν
3545 3596 3602 3646 ἐν
3626 3592 3859 3662 ἀληθείᾳ,

2319 3688 2413 3738 καὶ
2439 3687 2538 3755 τὴν
2572 3686 2849 3755 ἐκδίκησιν
2873 3686 3048 3738 αὐτῶν
3093 3688 3236 3738 ποιεῖ
3266 3688 3325 3738 ἐν
3353 3686 3528 3754 τάχει,
3553 3686 3637 3738 ὅτι
3667 3683 3863 3739 ἀνενδό-

2318 3787 2424 3830 τως
2452 3771 2613 3839 βοῶσι
2639 3772 2776 3840 πρὸς
2803 3772 2960 3825 αὑτὸν
2992 3774 3204 3842 ἡμέρας
3226 3775 3319 3827 καὶ
3343 3774 3556 3836 νυκτός.
3673 3771 3676 3774 ’

2389 3855 2514 3912 ΟΗ’.
2551 3861 2660 3912 Καὶ
2707 3861 2874 3913 ταῦτα
2923 3861 3106 3915 αὐτῶν
3143 3863 3434 3939 εἰπόντων,
3491 3861 3866 3931 προσελθόντες

2321 3949 2546 4004 ἔπιπτον
2585 3951 2734 4020 παρὰ
2778 3953 2902 4011 τοὺς
2950 3952 3112 4014 πόδας
3161 3951 3351 4011 αὑτοῦ,
3388 3951 3634 4017 λέγοντες
3659 3969 3674 3982 ·
3716 3947 3865 4015 Εὗξαι

2323 4043 2458 4112 ὑπὲρ
2481 4041 2658 4111 ἡμῶν,
2684 4042 2860 4109 Πάτερ
2891 4039 3036 4106 ἅγιε.
3061 4041 3142 4093 ὅτι
3173 4043 3230 4093 ἐν
3253 4045 3372 4103 ταῖς
3400 4041 3630 4109 ἡμέραις
3656 4040 3865 4100 ταύταις

2320 4135 2439 4194 ταῖς
2475 4133 2724 4200 ἐσχάταις
2773 4133 2836 4182 σὺ
2875 4125 3034 4198 μόνος
3066 4132 3314 4201 ἐδείχθης
3347 4132 3582 4201 ἐργάτης
3610 4132 3716 4200 τῆς
3745 4133 3866 4183 ὑπο·

2327 4224 2514 4289 μονῆς,
2540 4223 2629 4273 καὶ
2658 4221 2840 4284 δοῦλος
2865 4221 3100 4288 Χριστοῦ
3137 4223 3229 4274 καὶ
3262 4224 3369 4274 τῶν
3406 4221 3665 4290 μαθητῶν
3695 4217 3867 4273 αὑτοῦ.

2324 4309 2758 4378 Παρακαλοῦμεν
2781 4310 2836 4361 δέ
2860 4327 2940 4373 σε,
2969 4309 3127 4377 εὔχου
3154 4309 3293 4378 ὑπὲρ
3323 4309 3497 4377 ἡμῶν,
3523 4307 3702 4375 εῦχου.
3744 4307 3798 4358 Ὀ
3820 4306 3867 4356 δὲ

2327 4399 2504 4452 πεσὼν
2539 4402 2629 4452 ἐπὶ
2660 4402 2947 4467 πρόσωπον
2977 4399 3162 4461 αὑτοῦ,
3189 4387 3590 4469 προσεκύνησεν
3616 4398 3738 4458 ἐνὸς
3763 4395 3870 4449 ἐκά-

2257 4518 2298 4570 η
2329 4509 2452 4544 στου
2495 4491 2672 4544 αὐτῶν
2704 4492 2827 4551 τοὺς
2860 4489 3046 4552 πόδας,
3079 4489 3250 4556 λέγων
3273 4495 3309 4518 ·’
3339 4488 3738 4555 Συγχωρήσατέ
3770 4501 3868 4553 μοι,

2329 4583 2541 4650 Πάτρες
2573 4584 2717 4647 ᾶγιοι
2742 4595 2754 4607 ·
2793 4579 2900 4646 ἐγὼ
2945 4579 3053 4648 γάρ
3093 4582 3208 4647 εἰμι
3255 4577 3490 4644 σκώληξ,
3537 4579 3634 4628 καὶ
3663 4577 3758 4628 οὐκ
3790 4575 3867 4628 ἄν·

2329 4670 2564 4739 θρωπος,
2591 4669 2792 4730 ὄνειδος
2821 4668 3123 4736 ἀνθρώπων
3157 4667 3251 4720 καὶ
3275 4666 3612 4734 ἐξουθένημα
3636 4667 3865 4719 πάντων·

2331 4760 2482 4811 αὐτοὶ
2523 4759 2717 4826 μᾶλλον
2753 4757 2976 4827 εὔχεσθε
3023 4757 3164 4826 ὑπὲρ
3208 4755 3479 4824 τῆς-ἐμῆς
3513 4758 3864 4825 μετριότητος.

2343 4851 2681 4902 Ἢσπάσαντο
2705 4850 2759 4902 δὲ
2784 4849 2942 4901 αὐτὸν
2968 4845 3163 4908 πάντες
3185 4845 3262 4914 τῷ
3290 4845 3427 4914 ἁγίῳ
3457 4845 3742 4912 φιλήματι.
3773 4843 3858 4894 [H-

2334 4959 2400 4994 σα
2433 4942 2539 5010 γὰρ
2564 4944 2595 5008 ἡ
2629 4941 2781 5001 πόλις
2805 4935 2871 5007 ἦν
2897 4937 3324 5007 συνηθροισμένη
3351 4935 3558 5003 ἀνδρῶν
3582 4951 3640 4986 τε
3672 4936 3762 4986 καὶ
3793 4949 3862 4997 γυ

2329 5031 2548 5095 ναικῶν,
2580 5031 2672 5084 καὶ
2705 5031 2808 5090 ἓως
2835 5029 3028 5098 μικροῦ
3057 5027 3382 5097 θηλάζοντος
3421 5024 3513 5074 ἐπὶ
3537 5023 3618 5092 τῷ
3645 5029 3871 5091 γεγονότι

2334 5123 2542 5191 σημείῳ
2579 5123 2658 5181 είς
2699 5119 2824 5182 τοὺς
2862 5119 3219 5187 κατηγόρους.
3255 5115 3362 5167 Καὶ
3407 5109 3547 5183 ἦσαν
3582 5114 3873 5189 θαυμάζον·

2332 5213 2529 5277 τες,ώς
2560 5210 2825 5279 ἐθεώρουν
2853 5207 3280 5278 μεμελανωμένα
3307 5205 3486 5259 αὐτῶν
3511 5206 3580 5258 τὰ
3603 5205 3868 5274 πρόσωπα.

2333 5359 2519 5399 eorum
2547 5357 2741 5411 genere
2779 5357 2899 5396 esse
2942 5339 3098 5411 dixit,
3145 5337 3236 5406 qui
3285 5335 3608 5411 Gregorium
3646 5339 3869 5411 nostrum

2335 5405 2701 5473 accusas'sent,
2743 5428 2807 5465 ac
2853 5409 3012 5462 simul
3067 5405 3334 5460 ostentum
3377 5405 3513 5455 istud
3538 5409 3870 5473 commentus

2335 5493 2435 5540 est.
2493 5483 2635 5548 quod
2689 5471 2848 5533 homo
2885 5478 3107 5549 minime
3154 5475 3358 5549 malus,
3390 5483 3440 5524 et
3487 5471 3740 5549 historiae
3775 5479 3871 5549 smn

2338 5538 2690 5619 producenda:
2719 5559 2877 5616 atque
2900 5547 3154 5619 ornandae
3201 5542 3452 5608 cupidus,
3484 5539 3649 5592 facile
3685 5538 3871 5595 hausit,

2339 5616 2502 5683 utque
2528 5620 2796 5678 audierat,
2826 5616 3093 5686 exposuit.
3521 5675 3530 5686 .

2411 5679 2485 5759 (i)
2512 5689 2584 5740 Ex
2616 5688 2749 5755 psal.
2775 5679 2907 5747 τις,
2931 5685 2992 5746 7;
3029 5692 3076 5736 et
3117 5697 3179 5734 ex
3213 5679 3617 5744 aliistcarptim.
