4060 6334
605 447 705 516 691

1591 455 1656 517 s.
1685 452 2062 516 esseom:
2098 420 2607 519 AGRIGEN’I‘INI
2649 458 2848 521 vers.

3687 452 3858 518 ’692

608 559 722 618 1)νο
747 568 1026 628 acceptam
1059 563 1455 633 arcessivisset,
1489 581 1662 644 eaque
1695 569 1750 624 in
1795 572 2060 651 synodum
2097 572 2174 626 in—

2279 573 2544 640 φιλόθιον.
2604 574 2715 628 Καὶ
2755 573 3176 646 προσκυνήσασα
3217 570 3313 627 καὶ
3362 570 3603 628 λαϐοῦσα
3654 574 3848 646 εὐχὴν,

607 651 861 705 traducta
889 651 1173 705 adorasset
1209 667 1400 707 omnes
1429 669 1493 709 ac
1520 655 1624 710 sibi
1661 652 1796 710 bene
1827 659 2174 726 precantibus

605 741 922 804 annuisset,
973 741 1059 795 his
1104 741 1194 796 ille
1222 742 1404 800 verbis
1455 759 1578 799 eam
1623 752 1708 800 est
1737 745 1980 804 aﬂ'atus:
2022 740 2174 802 lianc

607 828 704 882 tibi
735 829 988 898 puellam,
1012 828 1234 885 domina
1283 835 1848 899 mater,_commendo,
1891 848 1952 892 ut
1980 838 2175 892 anima

606 917 783 988 ipsius
832 934 1020 975 curam
1070 936 1250 990 geras,
1306 937 1535 993 eamque
1587 923 1641 978 in
1694 925 1782 979 die
1810 924 2048 990 Domini,
2080 926 2171 995 qui

604 1009 912 1064 mercedem
932 1009 1161 1079 daturus
1187 1018 1289 1076 est,
1326 1012 1730 1067 immaculatam
1762 1015 2040 1070 restituas.
2071 1015 2173 1070 Cui

602 1099 740 1154 illa:
773 1097 886 1167 Sic,
929 1101 1127 1171 inquit,
1154 1101 1393 1169 domi-ne,
1425 1103 1537 1168 ﬁat,
1576 1105 1650 1156 uti
1691 1105 1870 1174 jubes.
1907 1105 1986 1159 Ac
2035 1106 2173 1160 bene

604 1188 682 1242 illi
709 1191 1061 1259 precantibus
1085 1193 1321 1258 cunctis,
1353 1194 1583 1262 puellam
1609 1194 1914 1252 diaconissa
1945 1197 2170 1266 accepit,

601 1289 769 1349 atque
801 1281 869 1334 in.
905 1283 1296 1337 monasterium
1336 1282 1561 1337 deduxit
1597 1299 1612 1337 :
1655 1283 1742 1338 ubi
1777 1299 1953 1338 annos
1984 1285 2171 1356 viginti

601 1367 746 1425 duos
769 1371 948 1440 exegit
982 1371 1224 1427 moribus
1256 1371 1610 1427 emendandis
1635 1382 1691 1428 et
1717 1376 1915 1430 erratis
1947 1376 2174 1444 expian-

517 1463 524 1469 '
601 1459 691 1516 dis
721 1462 929 1516 intenta
963 1479 978 1516 :
1011 1476 1077 1517 ac
1117 1463 1413 1518 multarum
1444 1464 1745 1532 palmarum
1785 1465 1977 1519 victrix
2007 1480 2174 1520 occu-

600 1549 743 1605 buit.

673 1639 886 1698 LXXX.
952 1643 1088 1698 Cum
1145 1643 1258 1713 jam
1304 1643 1449 1700 "liora
1482 1613 1649 1700 esset
1695 1661 1871 1710 nona,
1931 1632 2173 1717 pontifei
2215 1667 2220 1672 ·

602 1738 877 1792 maximus
930 1748 1179 1793 sanctum
1216 1735 1536 1808 Gregorium
1573 1738 1826 1793 hortatus
1859 1746 1963 1805 est,
1989 1745 2049 1792 ut
2089 1739 2162 1793 di-

601 1828 728 1881 vina
767 1829 1026 1898 mysteria
1058 1822 1342 1898 perageret
1389 1827 1487 1899 (4).
1541 1828 1662 1895 Quo
1701 1838 1945 1898 tempore
1981 1828 2172 1904 [xcvn]

2277 660 2405 730 ιστη
2430 661 2737 732 ἔμπροσθεν
2762 663 2864 734 τῆς
2881 662 3144 739 συνόδου·
3177 664 3272 716 καὶ
3296 660 3447 732 λέγει
3491 663 3635 735 αὐτῇ
3677 667 3706 719 ὁ
3737 667 3848 720 πά-

2279 766 2386 814 πας
2401 765 2415 779 ·
2439 749 2656 820 Ταύτην
2687 768 2771 804 σοι
2795 751 2894 820 τὴν
2911 744 3082 806 παῖδα
3105 751 3469 824 παρατίθημι,
3493 753 3641 822 κυρὰ
3660 752 3846 825 αμμα,

2278 835 2365 890 ἵνα
2416 837 2753 908 ὲπιμελήσῃς
2799 839 2900 910 τῆς
2956 838 3136 910 ψυχῆς
3191 838 3383 909 αὐτῆς,
3437 839 3534 893 καὶ
3579 841 3850 911 παραδῷς

2277 925 2505 979 ἄσπιλον
2529 927 2588 978 tv
2611 929 2678 997 τῇ
2699 927 2884 998 ἡμέρᾳ
2908 927 3004 980 τοῦ
3026 928 3256 1000 Κυρίου,
3283 927 3382 981 καὶ
3403 929 3534 998 παρ’
3555 929 3727 985 αὑτοῦ
3751 931 3848 985 τὸν

2279 1011 2467 1089 μισθὸν
2496 1013 2746 1084 κομίσῃς.
2775 1014 2847 1066 Ἠ
2872 1014 2932 1067 δὲ
2961 1010 3134 1068 εἵπενο
3166 1015 3399 1079 Γένοιτο,
3429 1014 3606 1085 κύριε,
3636 1015 3714 1081 ὡς
3746 1035 3845 1070 κε-

2276 1101 2470 1166 λεύεις.
2511 1105 2621 1157 Καὶ
2664 1105 2882 1158 πάντων
2915 1106 3052 1178 αὐτῇ
3091 1105 3494 1176 ἑπευξαμένων,
3528 1108 3847 1178 παρέλαϐεν

2274 1195 2444 1264 αὐτὴν
2489 1195 2522 1264 ἡ
2551 1193 2815 1259 διάκονος,
2849 1196 2945 1248 καὶ
2981 1196 3109 1250 sm
3136 1199 3196 1250 tv
3228 1196 3306 1268 τῷ
3339 1200 3689 1272 μοναστηρίφ
3723 1199 3847 1270 μετ’

2274 1285 2731 1355 αὑτῆς·.κὰκετσε
2760 1285 3032 1357 διέτριψεν
3056 1286 3152 1359 ἐτη
3183 1287 3356 1343 εῐκοσι
3383 1289 3476 1344 δύο
3499 1291 3558 1345 έν
3585 1291 3848 1362 μετανοίᾳ

2275 1375 2366 1427 καὶ
2393 1375 2791 1446 ἐξομολογήσει,
2828 1377 2922 1448 καὶ
2959 1375 3176 1445 ἀγῶνας
3220 1379 3449 1445 πολλοὺς
3487 1380 3842 1454 ένδειξαμένη

2275 1467 2643 1542 ἐτελεύτησεν.

2342 1635 2424 1695 II'.
2460 1641 2572 1713 Τῆς
2601 1643 2830 1713 ὲννάτης
2857 1644 2914 1698 δὲ
2941 1644 3247 1717 φθασάσης.
3285 1641 3658 1719 προετρέψατο
3682 1641 3714 1701 δ
3736 1632 3846 1702 ard?-

2273 1747 2381 1795 πας
2433 1732 2524 1786 τὸν
2585 1733 2852 1804 μακάριον
2904 1733 3203 1808 Γρηγόριον
3248 1735 3342 1790 τοῦ
3387 1737 3700 1792 ἐπιτελέσαι
3743 1740 3851 1810 τὴν

2275 1817 2425 1872 θείαν
2444 1818 2870 1890 μυσταγωγίαν.
2901 1823 2968 1876 Oi
2999 1823 3055 1876 δὲ
3094 1824 3193 1895 τῆς
3221 1825 3514 1895 ’Δνατολῆς
3552 1826 3846 1880 ἐπίσκοποι

602 1897 842 1972 Orientis
878 1917 1120 1986 episcopi
1145 1897 1345 1986 aliique
1385 1897 1416 1971 e
1446 1897 1660 1987 synodo
1691 1897 1954 1985 Spiritum
1982 1897 2174 1987 gratiae

2276 1909 2370 1960 καὶ
2395 1909 2546 1962 ἄλλοι
2575 1911 2639 1963 ὲκ
2667 1911 2765 1981 τῆς
2795 1913 3012 1968 συνόδου
3046 1913 3340 1968 ἐθεάσαντο
3369 1916 3586 1986 πνεῦμα
3613 1915 3714 1986 τῆς
3739 1918 3840 1986 χά-

600 2008 856 2084 viderunt
897 2017 1089 2064 sancto
1133 2009 1252 2062 viro
1281 2009 1863 2078 superimminentem;
1895 2007 2042 2078 quod
2067 2005 2175 2063 illis

602 2092 914 2153 sanctitatis
940 2098 1062 2168 ejus
1081 2113 1358 2153 summum
1387 2106 1767 2170 argumentum
1796 2097 1900 2151 fuit
1925 2115 1938 2150 :
1971 2112 2094 2152 nam
2121 2107 2176 2152 et

603 2189 710 2260 ipsi
745 2189 855 2245 Deo
896 2180 1431 2260 admodum-accepti
1467 2197 1655 2255 erant;
1707 2188 1993 2258 sanctique
2051 2187 2174 2258 Spi-

603 2282 744 2334 ritus
800 2281 1113 2350 participes.
1161 2275 1238 2334 Dt
1267 2294 1397 2336 vero
1443 2287 1693 2335 sanctum
1747 2277 1962 2334 Domini
2001 2279 2173 2334 nostri

588 2367 962 2452 .JesuChristi
983 2385 1183 2440 corpus
1212 2384 1276 2424 ac
1301 2370 1598 2440 pretiosum
1631 2371 1950 2441 sanguinem
1973 2385 2004 2426 e
2031 2371 2173 2425 beati

489 2487 496 2494 ο
570 2459 850 2528 Gregorii
905 2461 1158 2516 manibus
1205 2469 1560 2530 acceperunt,
1615 2461 1797 2517 cibum
1854 2461 2051 2516 deinde
2106 2461 2173 2516 ad

601 2549 876 2620 pontiﬁcis
919 2549 1148 2605 maximi
1182 2565 1429 2605 mensam
1485 2565 1790 2620 sumpsere,
1825 2559 1937 2605 tum
1977 2552 2174 2622 quietis

600 2653 768 2693 causa
827 2639 1070 2709 episcopi
1122 2639 1374 2693 eumdem
1427 2653 1618 2694 omnes
1651 2638 1704 2694 in
1755 2639 1932 2694 locum
1969 2640 2172 2696 reversi

600 2735 753 2784 sunt.
785 2725 1014 2782 Noctem
1051 2735 1230 2783 tamen
1255 2737 1433 2784 totam
1466 2745 1642 2800 usque
1670 2730 1736 2784 ad
1766 2730 1940 2785 lucem
1983 2729 2172 2800 vigila-

601 2831 752 2889 runt,
783 2823 850 2876 de
882 2822 1160 2901 communi
1194 2822 1369 2878 salute
1411 2839 1476 2879 ac
1501 2825 1572 2878 de
1601 2825 1716 2878 utili
1748 2825 1964 2894 pietatis
1994 2825 2174 2878 studio

601 2911 955 2966 disserentes.
979 2911 1168 2966 Primo
1201 2921 1382 2965 autem
1409 2912 1653 2966 diluculo
1685 2910 2006 2982 Gregorium
2037 2927 2174 2981 pon-

564 3024 566 3026 τ
601 2996 734 3051 til'ex
760 2999 1034 3053 maximus
1057 2985 1364 3079 arcessivit,
1386 3007 1441 3054 et
1464 2999 1609 3054 hunc
1629 3015 1753 3054 cum
1775 3015 1839 3055 eo
1865 3015 2170 3056 sermonem

601 3089 793 3144 habuit
819 3106 833 3142 :
857 3088 1018 3155 Audi,
1052 3089 1150 3156 ﬁli,
1182 3104 1451 3159 exponam
1486 3091 1633 3144 enim
1667 3091 1763 3145 tibi
1795 3091 1945 3147 urbis
1975 3104 2174 3147 nostra:

2280 2019 2426 2074 ριτος
2473 2005 2906 2086 κατασκηνιῖηαν
2935 2007 3025 2061 τὸν
3056 2007 3233 2076 ἅγιον,
3263 2010 3358 2063 καὶ
3389 2010 3848 2082 ἐπληροφορήθη-

2280 2107 2378 2146 σαν
2408 2094 2489 2154 είς
2522 2093 2687 2147 αὐτόν
2713 2112 2728 2126 ο
2756 2090 2898 2164 ἦσαν
2943 2095 3052 2167 γὰρ
3090 2098 3244 2150 αὐτοὶ
3267 2098 3564 2169 ἠξιωμένοι
3595 2101 3846 2170 χάριτος,

2275 2185 2370 2236 καὶ
2395 2183 2711 2256 Πνεύματος
2744 2185 2902 2254 ἁγίου
2941 2187 3283 2257 μετέχοντες.
3316 2191 3765 2261 Κοινωνήσαντες
3787 2190 3849 2245 δὲ

2275 2272 2369 2327 τοῦ
2392 2273 2552 2343 ἁγίου
2580 2274 2834 2350 σώματος
2869 2277 3082 2331 καὶτοῦ
3126 2280 3309 2349 τιμίου
3347 2281 3578 2351 αἵματος
3609 2279 3704 2335 τοῦ
3731 2282 3848 2334 Κυ-

2278 2365 2395 2437 ρίου
2429 2363 2590 2435 ήμῶν
2628 2365 2799 2436 Ἰησοῦ
2830 2365 3068 2439 Χριστοῦ
3097 2369 3186 2422 διὰ
3210 2369 3409 2447 χειρῶν
3443 2369 3538 2423 τοῦ
3570 2373 3849 2442 μακαρίου

2257 2455 2599 2539 κΓρηγορίου,
2633 2456 2837 2526 ἔφαγον
2863 2457 3028 2530 ἄρτον
3056 2459 3115 2512 ιν
3154 2463 3224 2531 τῇ
3256 2461 3508 2535 τραπέζῃ
3533 2460 3632 2515 τοῦ
3661 2464 3849 2528 πάπα,

2275 2545 2368 2597 καὶ
2399 2545 2771 2616 ἐκοιμήθησαν
2815 2547 2871 2600 tv
2913 2545 2992 2617 τῷ
3043 2547 3159 2618 ἅμα
3197 2550 3246 2602 oi
3287 2551 3597 2605 ἐπίσκοποι.
3654 2553 3850 2606 Πᾶσαν

2273 2630 2329 2686 δὲ
2359 2633 2457 2705 τὴν
2481 2634 2650 2689 νύκτα
2680 2636 2874 2690 ἄϋπνοι
2902 2637 3208 2692 διετέλεσαν
3233 2639 3339 2704 ἕως
3366 2641 3568 2712 ὄρθρου
3595 2642 3849 2711 διαλεγό-

2278 2741 2430 2794 μενοι
2460 2727 2588 2797 περὶ
2627 2729 2901 2800 σωτηρίας
2931 2730 3003 2783 τὰ
3055 2731 3396 2785 συντείνοντα
3435 2733 3514 2796 είς
3551 2732 3846 2802 ὠφέλειαν.

2277 2815 2496 2887 Πρωῖας
2543 2816 2600 2870 δὲ
2667 2820 2966 2891 γενομένης
3025 2821 3545 2892 προσκαλεσάμενος
3579 2825 3609 2876 ὁ
3655 2824 3850 2888 πάπας
3917 2838 3919 2840 ’

2274 2908 2365 2961 τὸν
2421 2909 2757 2980 Γρηγὸριον,
2789 2911 2935 2978 λέγει
2965 2911 3112 2982 αὐτῷ
3134 2928 3146 2940 ·
3183 2914 3471 2981 ΙἌκουσον,
3499 2915 3719 2974 τέκνον,
3754 2915 3853 2968 καὶ

2274 3000 2611 3070 διηγήσομαί
2642 3017 2725 3054 σοι
2763 3001 2825 3054 τὸ
2867 3003 3082 3072 συμϐὰν
3107 3006 3240 3074 ἡμῖν
3269 3007 3328 3058 tv
3366 3009 3433 3076 τῇ
3465 3006 3619 3060 πόλει
3649 3007 3850 3082 ταύτῃ,

2276 3091 2373 3143 καὶ
2403 3089 2560 3143 τοῦτο
2602 3090 2745 3158 λέγω
2781 3091 2868 3145 διὰ
2901 3092 3010 3156 τὰς
3045 3094 3318 3167 ἡμετέρας
3361 3096 3659 3168 ἁμαρτίας.
3701 3095 3854 3151 Ξύλα

601 3174 990 3248 calamitatem,
1044 3199 1210 3254 quam
1250 3184 1437 3254 utique
1467 3194 1690 3254 propter
1735 3185 1938 3254 ﬂagitia
1987 3195 2174 3241 nostra

2278 3182 2629 3250 ἀνεφάνησαν
2674 3181 3034 3251 εἰσερχόμενα
3079 3181 3170 3236 διὰ
3199 3183 3294 3237 τοῦ
3329 3185 3575 3254 ποταμοῦ
3612 3178 3698 3248 εἰς’
3721 3188 3851 3249 τοὺς

600 3275 893 3346 contigisse
928 3275 1125 3332 lateor.
1183 3275 1390 3332 Trabes
1427 3277 1675 3348 quaedam
1726 3292 1821 3348 per
1843 3277 2043 3333 ﬂumen
2077 3280 2176 3334 ad-

601 3367 940 3422 vehebantur
983 3367 1052 3422 ad
1110 3367 1341 3424 Sanctos
1387 3365 1698 3438 Apostolos.
1732 3367 1825 3423 Ha:
1877 3369 1931 3424 in
1984 3370 2172 3424 urbem

599 3467 982 3528 pervenerant,
1015 3474 1138 3513 cum
1174 3459 1354 3514 medio
1389 3460 1442 3513 in
1477 3459 1700 3521 ﬂumine
1733 3469 1990 3530 tanquam
2022 3477 2174 3516 com-

601 3557 772 3619 pactae
807 3559 902 3604 aut
950 3549 1098 3605 ferro
1132 3549 1255 3606 ﬁxae
1285 3551 1668 3606 constiterunt.
1701 3549 1890 3621 Itaque
1925 3551 2172 3607 clausum
2210 3547 2226 3611 Ϊ

601 3639 655 3692 in
688 3639 876 3694 urbem
904 3639 1111 3694 aditum
1142 3641 1428 3705 habemus,
1463 3648 1522 3693 ut
1552 3655 1728 3709 neque
1752 3641 1964 3710 ingredi
2001 3657 2175 3713 neque

600 3731 782 3800 egredi
819 3729 1030 3799 navigia
1072 3729 1320 3799 possint;
1355 3721 1417 3784 ea
1455 3744 1543 3785 res
1571 3732 1717 3785 cives
1748 3723 2044 3800 plurimum
2074 3746 2173 3787 an-'

600 3823 677 3890 git
714 3838 729 3874 :
761 3835 887 3874 nam
937 3836 1080 3890 saepe
1119 3835 1316 3877 manus
1365 3821 1728 3886 admovimus,
1778 3838 1879 3878 nec
1925 3839 2022 3878 eas
2049 3839 2174 3893 per-

599 3910 818 3966 trahere
849 3926 1088 3980 unquam
1131 3913 1430 3980 potuimus.
1470 3911 1760 3967 Enimvero
1788 3915 2048 3983 quoniam
2084 3916 2173 3970 hic

598 4015 698 4055 vos
730 4001 884 4066 estis,
923 4001 1154 4056 obsecro
1200 4015 1317 4068 vos,
1354 4011 1414 4056 ut
1463 4016 1528 4057 eo
1577 4017 1752 4072 usque
1796 4005 2054 4060 accedere
2106 4021 2173 4060 ne

599 4093 934 4166 gravemini;
989 4108 1149 4162 spero
1198 4093 1345 4148 enim
1397 4092 1534 4159 fore,
1587 4105 1647 4147 ut
1686 4093 1953 4150 Dominus
1984 4109 2172 4165 preces

597 4194 811 4240 vestras
840 4184 1115 4239 exaudiat.
1157 4184 1257 4238 Cui
1289 4184 1582 4254 Gregorius
1610 4187 1994 4255 respondens:
2044 4185 2172 4242 0m-

598 4277 752 4339 nino,
777 4274 976 4343 inquit,
1006 4280 1066 4326 ut
1089 4274 1272 4343 jubes,
1321 4279 1537 4343 parens
1572 4285 1760 4329 noster
1807 4276 2167 4330 sanctissime.
2234 4339 2236 4344 τ

598 4365 826 4435 Signum
856 4365 1023 4435 igitur
1054 4365 1236 4420 tabula
1267 4365 1384 4420 dari
1414 4363 1660 4436 pontifex
1689 4367 1961 4422 maximus
1982 4366 2168 4436 jussit,

2288 3270 2505 3337 ’Λγίους
2552 3269 2910 3331 ’Δποστόλους
2930 3287 2943 3301 υ
2974 3273 3066 3323 καὶ
3088 3271 3439 3325 εἰσελθόντων
3459 3274 3658 3339 αὐτῶν,
3687 3274 3854 3343 ἑστη-

2277 3381 2378 3417 σαν
2409 3362 2572 3432 μέσον
2600 3361 2691 3415 τοῦ
2723 3361 2970 3433 ποταμοῦ
3017 3363 3093 3426 ὡς
3127 3364 3434 3433 πεπηγότα,
3464 3365 3498 3434 ἢ
3525 3365 3599 3427 ὡς
3633 3365 3739 3418 ὑπὸ
3768 3382 3853 3418 σι·

2274 3454 2441 3524 δήρου
2470 3453 2873 3522 ἀσφαλισθέντα
2900 3469 2912 3481 ο
2941 3454 3036 3507 καὶ
3081 3455 3447 3524 κεκράτηνται
3476 3455 3569 3508 ὑπ’
3605 3456 3790 3509 αὐτῶν
3817 3459 3853 3526 ἡ

2273 3544 2479 3607 εἴσοδος
2497 3545 2596 3615 τῆς
2622 3544 2828 3606 πόλεως
2852 3543 2947 3596 καὶ
2985 3547 3019 3615 ὴ
3059 3544 3166 3598 τῶν
3187 3543 3404 3608 πλοίων,
3439 3545 3532 3598 καὶ
3569 3544 3693 3598 οὔτε
3729 3549 3846 3599 εἱσ-

2275 3634 2531 3706 έρχονται
2553 3635 2620 3687 τὰ
2648 3634 2826 3698 πλοῖα,
2854 3633 2979 3686 οὔτε
3005 3633 3348 3706 ἐξέρχονται·
3379 3635 3474 3688 καὶ
3503 3635 3649 3688 ἔστιν
3673 3636 3850 3707 πολλὴ

2274 3723 2452 3793 θλίψις
2479 3726 2538 3778 tv
2567 3727 2631 3795 τῇ
2656 3712 2833 3777 πόλει¹
2859 3723 3042 3776 ἕνεκεν
3079 3724 3294 3778 τούτου.
3325 3723 3591 3790 Πολλάκις
3621 3725 3731 3794 γὰρ
3759 3725 3851 3777 δο-

2273 3816 2612 3885 κιμάσαντες
2635 3816 2736 3868 οὐκ
2771 3815 3072 3885 ἰσχύσαμεν
3108 3815 3334 3876 ἑλκύσαι
3382 3815 3544 3868 αὑτά.
3583 3814 3724 3868 Ἀλλ’
3753 3810 3850 3867 οὖν

2271 3908 2442 3961 ὄντων
2496 3906 2651 3977 ὑμῶν
2704 3893 2974 3970 ἐνταῦθα,
3005 3906 3316 3976 παρακαλῶ
3359 3905 3652 3975 ηυλθῆναι
3697 3905 3850 3973 ὑμᾶς

2273 3999 2378 4062 ἕως
2435 3999 2616 4052 ἐκεῖσε
2644 4038 2659 4066 ,
2694 3999 2787 4051 καὶ
2834 3997 2922 4049 διὰ
2956 3996 3063 4050 τῶν
3095 3996 3272 4067 εὐχῶν
3300 3994 3453 4065 ὑμῶν
3478 3995 3847 4048 ἐπακούσεται

2273 4089 2428 4160 ὑμῶν
2450 4093 2478 4143 ὁ
2507 4088 2728 4159 Κύριος.
2775 4089 2832 4141 '0
2857 4087 2913 4141 δὲ
2941 4087 3259 4158 ἀποκριθεὶς
3297 4082 3449 4140 εἶπεν
3474 4100 3488 4116 ’
3522 4086 3608 4149 Ὠς
3632 4083 3849 4138 κελεύει

2273 4183 2306 4252 ἡ
2341 4181 2436 4234 τοῦ
2465 4178 2642 4234 κοινοῦ
2669 4181 2701 4248 ἡ
2711 4177 2825 4249 μῶν
2859 4178 3072 4250 Πατρδς
3103 4177 3402 4248 ἁγιωσύνῃ.
3450 4175 3770 4229 Ἐκέλευσεν
3787 4175 3847 4228 δὲ

2275 4275 2304 4325 ὁ
2343 4272 2532 4334 πάπας
2576 4268 2906 4343 κρουσθῆναι
2938 4269 2998 4321 τὺ
3033 4267 3209 4332 ξύλον,
3248 4271 3342 4320 καὶ
3382 4265 3848 4338 συναθροισθῆναι

2274 4365 2456 4418 πᾶσαν
2477 4362 2576 4432 τὴν
2610 4360 2767 4414 πόλιν
2793 4361 2886 4414 κα)¹
2923 4359 2993 4413 τὰ
3021 4361 3378 4430 μοναστήρια,
3411 4359 3508 4411 καὶ
3541 4359 3720 4412 πάντα
3753 4357 3848 4409 τὸν

595 4509 743 4561 tam.
781 4499 860 4571 lnr
893 4501 1099 4570 synodo
1150 4500 1295 4554 enim
1357 4499 1605 4571 Romana
1661 4500 1764 4554 sub
1817 4499 2166 4571 Symmacho,
2202 4516 2246 4570 ι)
2277 4499 2426 4571 l_itate
2452 4507 2504 4552 et
2530 4494 3192 4571 stipendiamonacliorum
3218 4494 3601 4571 diu-noctuque
3618 4489 3845 4571 Domino

521 4617 527 4623 .
598 4586 744 4630 anulo
768 4569 872 4624 499
902 4561 1136 4639 decretis
1168 4571 1502 4638 subscripsit
1552 4561 1876 4623 Marcianus'
1901 4561 2170 4639 presbyter
2206 4561 2241 4570 ⁷
2275 4569 2384 4622 Deo
2415 4561 2611 4621 nostra
2638 4567 2908 4639 devotione
2937 4564 3114 4639 debita
3149 4561 3529 4634 persolvendis.
3565 4561 3846 4616 Pertinent

600 4641 741 4693 tituli
781 4639 992 4694 Sancte
1037 4637 1286 4709 Canities,
1349 4648 1409 4709 ut
1460 4639 1658 4709 deinde
1696 4639 1751 4691 in
1804 4637 2012 4709 synodo
2060 4637 2168 4694 sub

597 4710 860 4776 Gregorio
906 4709 1100 4778 Magno
1139 4708 1318 4762 Victor
1348 4707 1562 4775 Sancta
1589 4707 1848 4764 chilite.’
1873 4709 1946 4762 De
1980 4723 2170 4763 mona-
2193 4709 2203 4724 "

599 4779 774 4849 sterio
819 4795 921 4849 ego
981 4789 1189 4832 tantum
1227 4779 1496 4849 allirmare
1530 4794 1776 4848 possum,
1836 4779 2169 4849 reveraillic

600 4858 728 4904 ante
763 4847 1045 4903 Paschalis
1076 4850 1096 4902 l
1127 4859 1339 4902 :etatem
1377 4847 1548 4904 fuisse
1576 4850 1658 4902 vel
1697 4850 1935 4901 virorum
1968 4848 2050 4902 vel
2093 4849 2169 4903 lc-

599 4921 871 4972 minarum
906 4937 919 4972 :
948 4919 1151 4972 indicat
1197 4920 1342 4972 enim
1372 4918 1488 4984 ipse
1521 4917 1575 4970 in
1617 4919 1845 4986 epistola
1882 4918 1960 4972 De
1990 4921 2169 4972 inven-

600 4991 737 5041 tione
761 4990 1104 5057 reliquiarum
1131 4996 1330 5042 sancta:
1352 4986 1583 5041 Cret-ilice
1612 4989 1776 5056 (apud
1807 4987 1971 5042 llard.
2004 4989 2165 5042 Cone.

601 5070 638 5111 t.
666 5058 755 5122 IV,
778 5076 829 5127 p.
857 5056 1038 5129 l225).
1072 5060 1176 5112 Sed
1201 5068 1380 5112 tamen
1411 5058 1555 5112 haud
1583 5057 1739 5111 facile
1763 5056 2008 5126 apparet,
2037 5059 2168 5112 viri-

603 5146 669 5184 ne
698 5146 767 5183 an
789 5129 1004 5184 femina:
1033 5137 1193 5184 antea
1228 5129 1549 5192 incolerent,
1573 5144 1636 5182 ac
1661 5143 1792 5180 num
1821 5130 1934 5196 ipse
1958 5131 2168 5196 primus

603 5201 748 5254 viros
807 5197 1103 5264 induxerit,
1136 5213 1203 5251 an
1243 5206 1455 5252 veteres
1490 5198 1696 5252 incolas
1734 5198 2036 5251 retinuerit.
2077 5199 2186 5253 Sic‘

600 5271 765 5334 enim,
802 5278 1084 5338 postquam
1114 5269 1181 5322 de
1211 5268 1412 5338 templo
1443 5282 1472 5320 a
1504 5282 1562 5321 se
1593 5269 1843 5338 restituto
1872 5268 2030 5332 dixit,
2064 5284 2166 5322 ca:-

602 5349 713 5393 tera
739 5337 1072 5409 quaaibiilem
1106 5337 1331 5406 perfecit
1359 5348 1580 5392 enarrat
1614 5356 1626 5391 :
1663 5337 1844 5406 Ibique
1863 5341 1930 5390 ad
1956 5338 2166 5392 laudem

598 5412 866 5464 Creatoris
906 5410 1204 5462 instaurata
1258 5409 1578 5462 monasterio
1627 5410 1895 5461 beatorum
1943 5409 2166 5463 Andrei?

482 5503 488 5507 ·
599 5481 826 5552 apostoli
871 5490 921 5533 et
948 5478 1189 5552 Gregorii
1218 5480 1533 5548 confessoris
1556 5520 1570 5542 ,
1609 5495 1803 5552 necnon
1832 5479 1886 5530 in
1918 5479 2162 5552 ltonorem

601 5548 905 5604 sanctarum
930 5550 1192 5618 virginum
1213 5559 1264 5602 et
1293 5561 1584 5617 martyrum
1608 5550 1824 5618 Agat/ue
1843 5559 1891 5600 et
1911 5548 2159 5613 Caecilia',

599 5623 742 5690 infra
775 5620 1062 5674 Ecclesium
1090 5620 1144 5672 in
1172 5619 1307 5690 loco,
1343 5621 1430 5688 qui
1465 5621 1662 5672 dicitur
1694 5619 1860 5671 Collis
1894 5619 2159 5685 jacentis:

599 5689 782 5762 inquo
813 5691 1188 5746 monachorum
1243 5689 1354 5744 Deo
1383 5690 1716 5762 servientium
1773 5690 2162 5762 congregationi

598 5760 838 5816 unanimi
888 5763 1244 5823 constituimus
1295 5775 1390 5829 pro
1420 5760 1741 5829 quotidiani:
1795 5760 2063 5823 laudibus,
2111 5770 2159 5811 et

596 5846 690 5896 pro
737 5833 971 5887 subsidio
1013 5839 1061 5887 el
1113 5831 1457 5888 luminarium
1486 5830 1895 5896 continuatione,
1932 5846 2019 5882 seu
2057 5829 2162 5882 uti-

2274 4648 2453 4692 autem
2480 4639 2592 4690 haec
2625 4636 2690 4689 ad
2716 4650 2918 4690 annum
2945 4634 3068 4688 821.

2345 4708 2421 4776 (4)
2455 4706 2667 4761 Similia
2696 4721 2752 4760 se
2775 4704 3097 4776 praestitisse
3119 4701 3416 4776 Gregorius
3450 4699 3820 4776 Magnuscun

2273 4769 2455 4833 Leone
2506 4769 3122 4845 episeom'Catanensi,
3173 4773 3425 4845 scripsitt
3443 4773 3509 4824 ad
3546 4769 3826 4845 'Justinnu

2272 4834 2558 4918 praetorem
2589 4834 2811 4909 Sicilia),
2846 4834 3130 4913 postquam
3163 4834 3355 4921 nempe
3378 4834 3618 4921 .Rornam
3647 4839 3824 4892 eodem

2271 4909 2382 4986 quo
2423 4924 2607 4986 noster
2639 4909 2880 4982 tempore
2915 4909 3162 4986 vocatus,
3195 4926 3260 4965 se
3291 4913 3344 4986 in
3369 4909 3582 4979 judicio
3618 4921 3817 4975 purgas

2272 4980 2391 5040 set:
2423 4981 2685 5049 Quoniam
2711 4980 2894 5053 igitur,
2931 4983 3128 5053 inquit,
3167 4980 3412 5053 quedam
3451 4991 3634 5032 contra
3661 4991 3832 5053 sacer-

2271 5048 2456 5108 dotale,
2500 5048 2826 5122 preposit‘um
2870 5053 2932 5104 de
2975 5048 3146 5105 Leone
3207 5051 3373 5119 fratre
3435 5057 3485 5102 et
3545 5048 3834 5115 coepiscopc

2271 5136 2451 5180 nostro
2484 5125 2698 5200 sinister
2732 5138 2913 5200 rumor
2941 5129 3462 5200 aspeperqtnutrum
3493 5125 3834 5200 veraessent,

2270 5197 2516 5250 districta
2561 5195 2763 5246 diutius
2815 5187 3031 5262 fecimus
3074 5187 3416 5264 inquisitione
3458 5187 3723 5264 perquiri,‘
3757 5195 3840 5264 ,ει

2271 5266 2470 5318 nullum
2502 5266 2556 5316 in
2590 5280 2650 5316 eo
2687 5264 2748 5317 de
2778 5259 2869 5324 iis,
2913 5276 3030 5330 qua:
3068 5261 3211 5312 dicta
3245 5259 3477 5328 fuerant,
3516 5259 3717 5326 culpam
3751 5259 3836 5305 in-

2269 5337 2523 5390 venimus.
2562 5333 2664 5388 Sed
2694 5351 2758 5387 ne
2789 5332 2915 5402 quid
2947 5331 3210 5384 videretur
3235 5330 3509 5402 omissum,
3528 5338 3629 5402 nui
3654 5331 3836 5401 nostra

2267 5401 2527 5473 potuisset
2548 5405 2764 5457 dubium
2791 5395 2936 5473 cordi
2976 5404 3276 5473 remanere,’
3293 5399 3361 5451 ad
3402 5397 3538 5473 beati
3571 5395 3721 5473 [fatri~
3744 5408 3838 5473 sa-

2268 5463 2626 5529 cratissimum
2658 5489 2843 5540 corpus
2884 5472 3274 5540 dist-rictaeum
3323 5466 3722 5540 exuabundanti
3755 5463 3838 5529 fe-

2268 5550 2432 5599 cimus
2463 5537 2794 5600 sacramenla
2824 5542 3069 5610 prebere.
3107 5539 3309 5612 Quibus
3339 5537 3610 5612 premitis,
3642 5547 3834 5610 magna

2266 5633 2450 5670 sumus
2490 5607 2841 5670 exsultatione
2893 5610 3260 5682 gavisi,_quod
3290 5607 3834 5682 hujusntpd‘idﬁrpeﬁ-

2268 5697 2439 5741 mento
2503 5687 2802 5740 innocentia
2871 5671 2983 5751 eius
3035 5671 3293 5736 euidenter
3353 5671 3539 5732 enituit
3590 5671 3703 5742 (lib.
3766 5684 3846 5753 ll,

2267 5759 2432 5833 epist.
2455 5757 2567 5824 55).
