  <div class='ocr_page' id='page_1' title='image "/cluster/home/n/w/nwhite01/storage/ocr_20150623/98/pst.000005714056/404.png"; bbox 0 0 4060 6334; ppageno 0'>
   <div class='ocr_carea' id='block_1_1' title="bbox 165 373 273 440">
    <p class='ocr_par' dir='ltr' id='par_1_1' title="bbox 165 373 273 440">
     <span class='ocr_line' id='line_1_1' title="bbox 165 373 273 440; baseline -0.037 0"><span class='ocrx_word' id='word_1_1' title='bbox 165 373 273 440; x_wconf 72' lang='grc' dir='ltr'><strong>Ἱ59</strong></span> 
     </span>
    </p>
   </div>
   <div class='ocr_carea' id='block_1_2' title="bbox 1264 337 2395 457">
    <p class='ocr_par' dir='ltr' id='par_1_2' title="bbox 1264 337 2395 457">
     <span class='ocr_line' id='line_1_2' title="bbox 1264 337 2395 457; baseline -0.007 -26"><span class='ocrx_word' id='word_1_2' title='bbox 1264 372 1344 432; x_wconf 83' lang='lat' dir='ltr'><strong>IN</strong></span> <span class='ocrx_word' id='word_1_3' title='bbox 1391 337 1959 433; x_wconf 76' lang='lat' dir='ltr'><strong>ECCLESIASTEN.</strong></span> <span class='ocrx_word' id='word_1_4' title='bbox 1998 393 2066 402; x_wconf 88' lang='lat'><strong>—</strong></span> <span class='ocrx_word' id='word_1_5' title='bbox 2097 365 2243 457; x_wconf 76' lang='lat' dir='ltr'><strong>L113.</strong></span> <span class='ocrx_word' id='word_1_6' title='bbox 2281 364 2307 424; x_wconf 93' lang='lat' dir='ltr'>I</span> <span class='ocrx_word' id='word_1_7' title='bbox 2393 407 2395 410; x_wconf 36' lang='grc'>‹</span> 
     </span>
    </p>
   </div>
   <div class='ocr_carea' id='block_1_3' title="bbox 3315 362 3423 429">
    <p class='ocr_par' dir='ltr' id='par_1_3' title="bbox 3315 362 3423 429">
     <span class='ocr_line' id='line_1_3' title="bbox 3315 362 3423 429; baseline 0.019 -2"><span class='ocrx_word' id='word_1_8' title='bbox 3315 362 3423 429; x_wconf 80' lang='lat'><strong>770</strong></span> 
     </span>
    </p>
   </div>
   <div class='ocr_carea' id='block_1_4' title="bbox 166 479 1741 564">
    <p class='ocr_par' dir='ltr' id='par_1_4' title="bbox 166 486 1740 564">
     <span class='ocr_line' id='line_1_4' title="bbox 166 486 1740 564; baseline -0.005 -18"><span class='ocrx_word' id='word_1_9' title='bbox 166 510 233 564; x_wconf 72' lang='grc' dir='ltr'><strong>νῃ</strong></span> <span class='ocrx_word' id='word_1_10' title='bbox 277 493 343 562; x_wconf 72' lang='grc' dir='ltr'>τῇ</span> <span class='ocrx_word' id='word_1_11' title='bbox 388 489 550 560; x_wconf 72' lang='grc' dir='ltr'>βουλῇ</span> <span class='ocrx_word' id='word_1_12' title='bbox 584 487 674 542; x_wconf 73' lang='grc' dir='ltr'>τοῖ.</span> <span class='ocrx_word' id='word_1_13' title='bbox 712 487 1061 556; x_wconf 71' lang='grc' dir='ltr'>Ποιήσαντοε,</span> <span class='ocrx_word' id='word_1_14' title='bbox 1095 487 1187 540; x_wconf 67' lang='grc' dir='ltr'><strong>καὶ</strong></span> <span class='ocrx_word' id='word_1_15' title='bbox 1221 487 1528 558; x_wconf 79' lang='grc' dir='ltr'><strong>μηδαμόθεν</strong></span> <span class='ocrx_word' id='word_1_16' title='bbox 1545 486 1740 558; x_wconf 80' lang='grc' dir='ltr'>ἔχουσα</span> 
     </span>
    </p>
   </div>
   <div class='ocr_carea' id='block_1_5' title="bbox 1847 479 3418 564">
    <p class='ocr_par' dir='ltr' id='par_1_5' title="bbox 1847 479 3418 552">
     <span class='ocr_line' id='line_1_5' title="bbox 1847 479 3418 552; baseline -0.002 -15"><span class='ocrx_word' id='word_1_17' title='bbox 1847 493 2198 547; x_wconf 71' lang='lat' dir='ltr'><strong>sustentetur,</strong></span> <span class='ocrx_word' id='word_1_18' title='bbox 2243 481 2557 536; x_wconf 73' lang='lat' dir='ltr'><strong>coelestibus</strong></span> <span class='ocrx_word' id='word_1_19' title='bbox 2593 479 2830 549; x_wconf 76' lang='lat' dir='ltr'><strong>undique</strong></span> <span class='ocrx_word' id='word_1_20' title='bbox 2875 481 3180 548; x_wconf 72' lang='lat' dir='ltr'><strong>intervallis</strong></span> <span class='ocrx_word' id='word_1_21' title='bbox 3234 499 3418 552; x_wconf 69' lang='lat' dir='ltr'><strong>aequa-</strong></span> 
     </span>
    </p>
   </div>
   <div class='ocr_carea' id='block_1_6' title="bbox 166 578 1742 653">
    <p class='ocr_par' dir='ltr' id='par_1_6' title="bbox 166 578 1742 653">
     <span class='ocr_line' id='line_1_6' title="bbox 166 578 1742 653; baseline -0.006 -14"><span class='ocrx_word' id='word_1_22' title='bbox 166 585 226 639; x_wconf 77' lang='grc' dir='ltr'><strong>τδ</strong></span> <span class='ocrx_word' id='word_1_23' title='bbox 254 582 567 653; x_wconf 79' lang='grc' dir='ltr'>προσάπτον</span> <span class='ocrx_word' id='word_1_24' title='bbox 594 597 606 610; x_wconf 87' lang='grc'><strong>·</strong></span> <span class='ocrx_word' id='word_1_25' title='bbox 640 580 774 633; x_wconf 77' lang='grc' dir='ltr'>ά).λά</span> <span class='ocrx_word' id='word_1_26' title='bbox 807 578 1138 648; x_wconf 72' lang='grc' dir='ltr'>πανταχόθεν</span> <span class='ocrx_word' id='word_1_27' title='bbox 1174 579 1281 631; x_wconf 88' lang='grc' dir='ltr'><strong>τῶν</strong></span> <span class='ocrx_word' id='word_1_28' title='bbox 1299 579 1565 650; x_wconf 73' lang='grc' dir='ltr'><strong>οὐρανίων</strong></span> <span class='ocrx_word' id='word_1_29' title='bbox 1625 578 1742 630; x_wconf 85' lang='grc' dir='ltr'>δια-</span> 
     </span>
    </p>
   </div>
   <div class='ocr_carea' id='block_1_7' title="bbox 169 670 1738 746">
    <p class='ocr_par' dir='ltr' id='par_1_7' title="bbox 169 670 1738 746">
     <span class='ocr_line' id='line_1_7' title="bbox 169 670 1738 746; baseline -0.006 -15"><span class='ocrx_word' id='word_1_30' title='bbox 169 676 466 746; x_wconf 82' lang='grc' dir='ltr'>στημάτων</span> <span class='ocrx_word' id='word_1_31' title='bbox 505 674 564 740; x_wconf 74' lang='grc' dir='ltr'>ἐξ</span> <span class='ocrx_word' id='word_1_32' title='bbox 601 674 716 727; x_wconf 73' lang='grc' dir='ltr'>[σου</span> <span class='ocrx_word' id='word_1_33' title='bbox 756 673 942 740; x_wconf 82' lang='grc' dir='ltr'>σαφῶς</span> <span class='ocrx_word' id='word_1_34' title='bbox 971 673 1338 742; x_wconf 80' lang='grc' dir='ltr'><strong>ἀφισταμένη,</strong></span> <span class='ocrx_word' id='word_1_35' title='bbox 1372 672 1467 726; x_wconf 76' lang='grc' dir='ltr'><strong>καί</strong></span> <span class='ocrx_word' id='word_1_36' title='bbox 1495 672 1590 741; x_wconf 78' lang='grc' dir='ltr'><strong>τὴν</strong></span> <span class='ocrx_word' id='word_1_37' title='bbox 1610 670 1738 741; x_wconf 80' lang='grc' dir='ltr'>ὡρι-</span> 
     </span>
    </p>
   </div>
   <div class='ocr_carea' id='block_1_8' title="bbox 168 763 1739 838">
    <p class='ocr_par' dir='ltr' id='par_1_8' title="bbox 168 763 1739 838">
     <span class='ocr_line' id='line_1_8' title="bbox 168 763 1739 838; baseline -0.004 -18"><span class='ocrx_word' id='word_1_38' title='bbox 168 768 375 838; x_wconf 78' lang='grc' dir='ltr'>σμένην</span> <span class='ocrx_word' id='word_1_39' title='bbox 387 765 778 836; x_wconf 75' lang='grc' dir='ltr'>ἀποπληροῦσα</span> <span class='ocrx_word' id='word_1_40' title='bbox 805 764 1044 835; x_wconf 79' lang='grc' dir='ltr'>θητείαν.</span> <span class='ocrx_word' id='word_1_41' title='bbox 1062 763 1201 817; x_wconf 80' lang='grc' dir='ltr'>Ἀλλ’</span> <span class='ocrx_word' id='word_1_42' title='bbox 1223 764 1298 817; x_wconf 76' lang='grc' dir='ltr'>ἴδε</span> <span class='ocrx_word' id='word_1_43' title='bbox 1331 764 1422 817; x_wconf 71' lang='grc' dir='ltr'><strong>καὶ</strong></span> <span class='ocrx_word' id='word_1_44' title='bbox 1453 763 1543 815; x_wconf 80' lang='grc' dir='ltr'><strong>τδν</strong></span> <span class='ocrx_word' id='word_1_45' title='bbox 1566 763 1739 831; x_wconf 78' lang='grc' dir='ltr'>ἥλιον,</span> 
     </span>
    </p>
   </div>
   <div class='ocr_carea' id='block_1_9' title="bbox 167 844 1738 927">
    <p class='ocr_par' dir='ltr' id='par_1_9' title="bbox 167 844 1738 927">
     <span class='ocr_line' id='line_1_9' title="bbox 167 844 1738 927; baseline -0.006 -15"><span class='ocrx_word' id='word_1_46' title='bbox 167 856 444 927; x_wconf 75' lang='grc' dir='ltr'><strong>ἄνθρωπε,</strong></span> <span class='ocrx_word' id='word_1_47' title='bbox 481 855 720 926; x_wconf 88' lang='grc' dir='ltr'>συνεχῶς</span> <span class='ocrx_word' id='word_1_48' title='bbox 743 853 1100 926; x_wconf 79' lang='grc' dir='ltr'>ἀνατέλλοντα</span> <span class='ocrx_word' id='word_1_49' title='bbox 1140 844 1234 907; x_wconf 81' lang='grc' dir='ltr'><strong>καὶ</strong></span> <span class='ocrx_word' id='word_1_50' title='bbox 1283 853 1442 906; x_wconf 83' lang='grc' dir='ltr'>πάλιν</span> <span class='ocrx_word' id='word_1_51' title='bbox 1494 847 1738 914; x_wconf 77' lang='grc' dir='ltr'><strong>δύνοντα,</strong></span> 
     </span>
    </p>
   </div>
   <div class='ocr_carea' id='block_1_10' title="bbox 163 941 1738 1018">
    <p class='ocr_par' dir='ltr' id='par_1_10' title="bbox 163 941 1738 1018">
     <span class='ocr_line' id='line_1_10' title="bbox 163 941 1738 1018; baseline -0.006 -17"><span class='ocrx_word' id='word_1_52' title='bbox 163 947 265 1001; x_wconf 77' lang='grc' dir='ltr'><strong>καὶ</strong></span> <span class='ocrx_word' id='word_1_53' title='bbox 304 947 439 1018; x_wconf 85' lang='grc' dir='ltr'>πρὸς</span> <span class='ocrx_word' id='word_1_54' title='bbox 484 947 574 1006; x_wconf 73' lang='grc' dir='ltr'><strong>τὸν</strong></span> <span class='ocrx_word' id='word_1_55' title='bbox 632 946 799 998; x_wconf 88' lang='grc' dir='ltr'>τόπον</span> <span class='ocrx_word' id='word_1_56' title='bbox 829 943 1306 1011; x_wconf 58' lang='grc' dir='ltr'>αὐτοῦ,ςτουτέστι</span> <span class='ocrx_word' id='word_1_57' title='bbox 1336 944 1470 1014; x_wconf 85' lang='grc' dir='ltr'>πρὸς</span> <span class='ocrx_word' id='word_1_58' title='bbox 1505 941 1738 1005; x_wconf 52' lang='grc' dir='ltr'>ἐαυτὸν,</span> 
     </span>
    </p>
   </div>
   <div class='ocr_carea' id='block_1_11' title="bbox 167 1030 1736 1104">
    <p class='ocr_par' dir='ltr' id='par_1_11' title="bbox 167 1030 1736 1104">
     <span class='ocr_line' id='line_1_11' title="bbox 167 1030 1736 1104; baseline -0.003 -15"><span class='ocrx_word' id='word_1_59' title='bbox 167 1030 393 1089; x_wconf 71' lang='grc' dir='ltr'>ἕλκοντα</span> <span class='ocrx_word' id='word_1_60' title='bbox 424 1035 604 1099; x_wconf 77' lang='grc' dir='ltr'>πάσας</span> <span class='ocrx_word' id='word_1_61' title='bbox 638 1034 736 1097; x_wconf 81' lang='grc' dir='ltr'>τὰς</span> <span class='ocrx_word' id='word_1_62' title='bbox 765 1034 915 1104; x_wconf 58' lang='grc' dir='ltr'>ὄψεις</span> <span class='ocrx_word' id='word_1_63' title='bbox 939 1033 1460 1088; x_wconf 77' lang='grc' dir='ltr'>τῶνκατοικούντων</span> <span class='ocrx_word' id='word_1_64' title='bbox 1491 1033 1590 1100; x_wconf 78' lang='grc' dir='ltr'>τὴν</span> <span class='ocrx_word' id='word_1_65' title='bbox 1616 1033 1736 1101; x_wconf 73' lang='grc' dir='ltr'>γῆν.</span> 
     </span>
    </p>
   </div>
   <div class='ocr_carea' id='block_1_12' title="bbox 169 1122 1742 1195">
    <p class='ocr_par' dir='ltr' id='par_1_12' title="bbox 169 1122 1742 1195">
     <span class='ocr_line' id='line_1_12' title="bbox 169 1122 1742 1195; baseline -0.003 -16"><span class='ocrx_word' id='word_1_66' title='bbox 169 1125 344 1179; x_wconf 82' lang='grc' dir='ltr'>Ὅπου</span> <span class='ocrx_word' id='word_1_67' title='bbox 387 1123 493 1195; x_wconf 80' lang='grc' dir='ltr'><strong>γὰρ</strong></span> <span class='ocrx_word' id='word_1_68' title='bbox 524 1127 552 1177; x_wconf 80' lang='grc' dir='ltr'><strong>ό</strong></span> <span class='ocrx_word' id='word_1_69' title='bbox 582 1123 729 1193; x_wconf 76' lang='grc' dir='ltr'>ἥλιος</span> <span class='ocrx_word' id='word_1_70' title='bbox 771 1124 1028 1193; x_wconf 77' lang='grc' dir='ltr'><strong>ὑπάρχων</strong></span> <span class='ocrx_word' id='word_1_71' title='bbox 1061 1123 1281 1194; x_wconf 79' lang='grc' dir='ltr'>εὑρεθῇ.</span> <span class='ocrx_word' id='word_1_72' title='bbox 1330 1123 1432 1177; x_wconf 78' lang='grc' dir='ltr'>κᾶν</span> <span class='ocrx_word' id='word_1_73' title='bbox 1488 1139 1546 1176; x_wconf 88' lang='grc' dir='ltr'><strong>τε</strong></span> <span class='ocrx_word' id='word_1_74' title='bbox 1601 1122 1742 1175; x_wconf 79' lang='grc' dir='ltr'><strong>κατά</strong></span> 
     </span>
    </p>
   </div>
   <div class='ocr_carea' id='block_1_13' title="bbox 167 1202 1739 1280">
    <p class='ocr_par' dir='ltr' id='par_1_13' title="bbox 167 1202 1739 1280">
     <span class='ocr_line' id='line_1_13' title="bbox 167 1202 1739 1280; baseline -0.003 -14"><span class='ocrx_word' id='word_1_75' title='bbox 167 1212 454 1279; x_wconf 80' lang='grc' dir='ltr'>ἀνατολὰς,</span> <span class='ocrx_word' id='word_1_76' title='bbox 495 1202 612 1264; x_wconf 64' lang='grc' dir='ltr'>κᾶν</span> <span class='ocrx_word' id='word_1_77' title='bbox 653 1228 715 1264; x_wconf 90' lang='grc' dir='ltr'><strong>τε</strong></span> <span class='ocrx_word' id='word_1_78' title='bbox 773 1211 917 1277; x_wconf 76' lang='grc' dir='ltr'>κατὰ</span> <span class='ocrx_word' id='word_1_79' title='bbox 943 1210 1174 1280; x_wconf 83' lang='grc' dir='ltr'>δυσμὰς,</span> <span class='ocrx_word' id='word_1_80' title='bbox 1210 1209 1325 1263; x_wconf 75' lang='grc' dir='ltr'>ἐκεῖ</span> <span class='ocrx_word' id='word_1_81' title='bbox 1357 1206 1454 1263; x_wconf 67' lang='grc' dir='ltr'>καὶ</span> <span class='ocrx_word' id='word_1_82' title='bbox 1477 1210 1570 1280; x_wconf 69' lang='grc' dir='ltr'>τᾲς</span> <span class='ocrx_word' id='word_1_83' title='bbox 1605 1210 1739 1270; x_wconf 83' lang='grc' dir='ltr'>ίδίας</span> 
     </span>
    </p>
   </div>
   <div class='ocr_carea' id='block_1_14' title="bbox 166 1303 1740 1381">
    <p class='ocr_par' dir='ltr' id='par_1_14' title="bbox 166 1303 1740 1381">
     <span class='ocr_line' id='line_1_14' title="bbox 166 1303 1740 1381; baseline -0.002 -23"><span class='ocrx_word' id='word_1_84' title='bbox 166 1303 361 1373; x_wconf 77' lang='grc' dir='ltr'>αῐγλας</span> <span class='ocrx_word' id='word_1_85' title='bbox 409 1306 503 1358; x_wconf 67' lang='grc' dir='ltr'><strong>καὶ</strong></span> <span class='ocrx_word' id='word_1_86' title='bbox 543 1303 776 1375; x_wconf 74' lang='grc' dir='ltr'>λάμψεις</span> <span class='ocrx_word' id='word_1_87' title='bbox 837 1303 1233 1373; x_wconf 80' lang='grc' dir='ltr'>ἐπιφερόμενος</span> <span class='ocrx_word' id='word_1_88' title='bbox 1282 1303 1532 1381; x_wconf 77' lang='grc' dir='ltr'>εὕρηται,</span> <span class='ocrx_word' id='word_1_89' title='bbox 1606 1305 1740 1374; x_wconf 73' lang='grc' dir='ltr'>πρὸς</span> 
     </span>
    </p>
   </div>
   <div class='ocr_carea' id='block_1_15' title="bbox 164 1395 1741 1467">
    <p class='ocr_par' dir='ltr' id='par_1_15' title="bbox 164 1395 1741 1467">
     <span class='ocr_line' id='line_1_15' title="bbox 164 1395 1741 1467; baseline -0.001 -17"><span class='ocrx_word' id='word_1_90' title='bbox 164 1397 231 1462; x_wconf 69' lang='grc' dir='ltr'>ἃς</span> <span class='ocrx_word' id='word_1_91' title='bbox 263 1397 584 1467; x_wconf 78' lang='grc' dir='ltr'>ἐφέλκονται</span> <span class='ocrx_word' id='word_1_92' title='bbox 626 1395 852 1452; x_wconf 74' lang='grc' dir='ltr'>καὶτῶν</span> <span class='ocrx_word' id='word_1_93' title='bbox 892 1395 1046 1459; x_wconf 76' lang='grc' dir='ltr'>ζώων</span> <span class='ocrx_word' id='word_1_94' title='bbox 1077 1397 1293 1450; x_wconf 81' lang='grc' dir='ltr'>πάντων</span> <span class='ocrx_word' id='word_1_95' title='bbox 1338 1399 1393 1450; x_wconf 86' lang='grc' dir='ltr'>αἱ</span> <span class='ocrx_word' id='word_1_96' title='bbox 1425 1396 1576 1466; x_wconf 70' lang='grc' dir='ltr'>ὄψεις</span> <span class='ocrx_word' id='word_1_97' title='bbox 1614 1399 1741 1465; x_wconf 82' lang='grc' dir='ltr'><strong>ὲρα⁴</strong></span> 
     </span>
    </p>
   </div>
   <div class='ocr_carea' id='block_1_16' title="bbox 168 1476 1740 1559">
    <p class='ocr_par' dir='ltr' id='par_1_16' title="bbox 168 1476 1740 1559">
     <span class='ocr_line' id='line_1_16' title="bbox 168 1476 1740 1559; baseline -0.003 -18"><span class='ocrx_word' id='word_1_98' title='bbox 168 1488 345 1559; x_wconf 86' lang='grc' dir='ltr'>σμίως</span> <span class='ocrx_word' id='word_1_99' title='bbox 362 1486 585 1558; x_wconf 80' lang='grc' dir='ltr'>ἔχουσαι</span> <span class='ocrx_word' id='word_1_100' title='bbox 619 1476 754 1558; x_wconf 77' lang='grc' dir='ltr'>πρὸς</span> <span class='ocrx_word' id='word_1_101' title='bbox 783 1487 843 1539; x_wconf 81' lang='grc' dir='ltr'><strong>τὸ</strong></span> <span class='ocrx_word' id='word_1_102' title='bbox 877 1485 992 1555; x_wconf 85' lang='grc' dir='ltr'><strong>φῶς</strong></span> <span class='ocrx_word' id='word_1_103' title='bbox 1013 1487 1221 1540; x_wconf 75' lang='grc' dir='ltr'>αὐτῶν·</span> <span class='ocrx_word' id='word_1_104' title='bbox 1253 1485 1372 1538; x_wconf 78' lang='grc' dir='ltr'>οὐδὲ</span> <span class='ocrx_word' id='word_1_105' title='bbox 1397 1487 1504 1558; x_wconf 85' lang='grc' dir='ltr'>γὰρ</span> <span class='ocrx_word' id='word_1_106' title='bbox 1534 1487 1562 1538; x_wconf 84' lang='grc' dir='ltr'>ὁ</span> <span class='ocrx_word' id='word_1_107' title='bbox 1589 1485 1740 1554; x_wconf 72' lang='grc' dir='ltr'>ἥλιος</span> 
     </span>
    </p>
   </div>
   <div class='ocr_carea' id='block_1_17' title="bbox 168 1573 1739 1650">
    <p class='ocr_par' dir='ltr' id='par_1_17' title="bbox 168 1573 1739 1650">
     <span class='ocr_line' id='line_1_17' title="bbox 168 1573 1739 1650; baseline -0.001 -21"><span class='ocrx_word' id='word_1_108' title='bbox 168 1579 267 1648; x_wconf 71' lang='grc' dir='ltr'>τὴν</span> <span class='ocrx_word' id='word_1_109' title='bbox 295 1579 652 1650; x_wconf 77' lang='grc' dir='ltr'>περιφάνειαν</span> <span class='ocrx_word' id='word_1_110' title='bbox 679 1579 772 1632; x_wconf 68' lang='grc' dir='ltr'><strong>καὶ</strong></span> <span class='ocrx_word' id='word_1_111' title='bbox 795 1577 893 1649; x_wconf 80' lang='grc' dir='ltr'>τὴν</span> <span class='ocrx_word' id='word_1_112' title='bbox 935 1573 1091 1641; x_wconf 79' lang='grc' dir='ltr'>δόξαν</span> <span class='ocrx_word' id='word_1_113' title='bbox 1137 1576 1235 1646; x_wconf 84' lang='grc' dir='ltr'>τῆς</span> <span class='ocrx_word' id='word_1_114' title='bbox 1275 1577 1414 1645; x_wconf 78' lang='grc' dir='ltr'>ὑπὲρ</span> <span class='ocrx_word' id='word_1_115' title='bbox 1449 1575 1554 1645; x_wconf 72' lang='grc' dir='ltr'>γῆν</span> <span class='ocrx_word' id='word_1_116' title='bbox 1601 1574 1739 1644; x_wconf 82' lang='grc' dir='ltr'>λάμ-</span> 
     </span>
    </p>
   </div>
   <div class='ocr_carea' id='block_1_18' title="bbox 166 1653 1740 1740">
    <p class='ocr_par' dir='ltr' id='par_1_18' title="bbox 166 1653 1740 1740">
     <span class='ocr_line' id='line_1_18' title="bbox 166 1653 1740 1740; baseline -0.003 -18"><span class='ocrx_word' id='word_1_117' title='bbox 166 1671 313 1740; x_wconf 79' lang='grc' dir='ltr'>ψεως</span> <span class='ocrx_word' id='word_1_118' title='bbox 345 1670 428 1722; x_wconf 76' lang='grc' dir='ltr'>ἀεὶ</span> <span class='ocrx_word' id='word_1_119' title='bbox 468 1667 789 1737; x_wconf 74' lang='grc' dir='ltr'>φιλονεικῶν</span> <span class='ocrx_word' id='word_1_120' title='bbox 818 1668 984 1738; x_wconf 72' lang='grc' dir='ltr'>ἔχειν,</span> <span class='ocrx_word' id='word_1_121' title='bbox 1015 1665 1137 1720; x_wconf 79' lang='grc' dir='ltr'>οὔτε</span> <span class='ocrx_word' id='word_1_122' title='bbox 1167 1666 1265 1726; x_wconf 66' lang='grc' dir='ltr'><strong>τὰς</strong></span> <span class='ocrx_word' id='word_1_123' title='bbox 1304 1653 1408 1719; x_wconf 42' lang='grc' dir='ltr'>’ὑπὸ</span> <span class='ocrx_word' id='word_1_124' title='bbox 1439 1666 1543 1736; x_wconf 77' lang='grc' dir='ltr'>γῆν</span> <span class='ocrx_word' id='word_1_125' title='bbox 1575 1681 1740 1718; x_wconf 83' lang='grc' dir='ltr'>κατα-</span> 
     </span>
    </p>
   </div>
   <div class='ocr_carea' id='block_1_19' title="bbox 159 1757 1740 1829">
    <p class='ocr_par' dir='ltr' id='par_1_19' title="bbox 159 1757 1740 1829">
     <span class='ocr_line' id='line_1_19' title="bbox 159 1757 1740 1829; baseline -0.003 -16"><span class='ocrx_word' id='word_1_126' title='bbox 159 1760 348 1823; x_wconf 79' lang='grc' dir='ltr'>δύσεις</span> <span class='ocrx_word' id='word_1_127' title='bbox 379 1759 542 1812; x_wconf 75' lang='grc' dir='ltr'>αὑτοῦ</span> <span class='ocrx_word' id='word_1_128' title='bbox 565 1760 658 1812; x_wconf 67' lang='grc' dir='ltr'><strong>καὶ⁵</strong></span> <span class='ocrx_word' id='word_1_129' title='bbox 683 1757 789 1811; x_wconf 84' lang='grc' dir='ltr'><strong>τῶν</strong></span> <span class='ocrx_word' id='word_1_130' title='bbox 833 1759 978 1812; x_wconf 73' lang='grc' dir='ltr'>ἰδίων</span> <span class='ocrx_word' id='word_1_131' title='bbox 1009 1757 1245 1812; x_wconf 76' lang='grc' dir='ltr'><strong>ἀκτίνων</strong></span> <span class='ocrx_word' id='word_1_132' title='bbox 1278 1758 1408 1819; x_wconf 79' lang='grc' dir='ltr'>ποτὲ</span> <span class='ocrx_word' id='word_1_133' title='bbox 1434 1758 1740 1829; x_wconf 36' lang='grc' dir='ltr'>,παραιτού-</span> 
     </span>
    </p>
   </div>
   <div class='ocr_carea' id='block_1_20' title="bbox 1845 573 3419 646">
    <p class='ocr_par' dir='ltr' id='par_1_20' title="bbox 1845 573 3419 646">
     <span class='ocr_line' id='line_1_20' title="bbox 1845 573 3419 646; baseline -0.001 -14"><span class='ocrx_word' id='word_1_134' title='bbox 1845 579 1967 632; x_wconf 63' lang='lat' dir='ltr'><strong>liter</strong></span> <span class='ocrx_word' id='word_1_135' title='bbox 1995 580 2388 646; x_wconf 82' lang='lat' dir='ltr'><strong>perspicueque</strong></span> <span class='ocrx_word' id='word_1_136' title='bbox 2419 577 2601 640; x_wconf 85' lang='lat' dir='ltr'><strong>distat,</strong></span> <span class='ocrx_word' id='word_1_137' title='bbox 2633 583 2686 628; x_wconf 86' lang='lat' dir='ltr'><strong>et</strong></span> <span class='ocrx_word' id='word_1_138' title='bbox 2739 575 2957 628; x_wconf 87' lang='lat' dir='ltr'><strong>delinita</strong></span> <span class='ocrx_word' id='word_1_139' title='bbox 2999 575 3102 630; x_wconf 83' lang='lat' dir='ltr'><strong>sibi</strong></span> <span class='ocrx_word' id='word_1_140' title='bbox 3155 573 3419 632; x_wconf 80' lang='lat' dir='ltr'><strong>servitute</strong></span> 
     </span>
    </p>
   </div>
   <div class='ocr_carea' id='block_1_21' title="bbox 1848 667 3418 735">
    <p class='ocr_par' dir='ltr' id='par_1_21' title="bbox 1848 667 3418 735">
     <span class='ocr_line' id='line_1_21' title="bbox 1848 667 3418 735; baseline -0.001 -12"><span class='ocrx_word' id='word_1_141' title='bbox 1848 670 2179 735; x_wconf 75' lang='lat' dir='ltr'><strong>defungitur.</strong></span> <span class='ocrx_word' id='word_1_142' title='bbox 2217 667 2360 732; x_wconf 85' lang='lat' dir='ltr'><strong>Quin</strong></span> <span class='ocrx_word' id='word_1_143' title='bbox 2389 667 2559 722; x_wconf 88' lang='lat' dir='ltr'><strong>solem</strong></span> <span class='ocrx_word' id='word_1_144' title='bbox 2601 667 2764 720; x_wconf 86' lang='lat' dir='ltr'><strong>etiam</strong></span> <span class='ocrx_word' id='word_1_145' title='bbox 2803 667 3050 732; x_wconf 84' lang='lat' dir='ltr'><strong>intuere,</strong></span> <span class='ocrx_word' id='word_1_146' title='bbox 3089 683 3121 720; x_wconf 89' lang='grc' dir='ltr'><strong>ο</strong></span> <span class='ocrx_word' id='word_1_147' title='bbox 3153 670 3418 734; x_wconf 69' lang='lat' dir='ltr'><strong>moitalis;</strong></span> 
     </span>
    </p>
   </div>
   <div class='ocr_carea' id='block_1_22' title="bbox 1849 755 3420 826">
    <p class='ocr_par' dir='ltr' id='par_1_22' title="bbox 1849 755 3420 826">
     <span class='ocr_line' id='line_1_22' title="bbox 1849 755 3420 826; baseline 0.001 -15"><span class='ocrx_word' id='word_1_148' title='bbox 1849 758 2086 826; x_wconf 84' lang='lat' dir='ltr'><strong>quotidie</strong></span> <span class='ocrx_word' id='word_1_149' title='bbox 2128 756 2464 810; x_wconf 80' lang='lat' dir='ltr'><strong>exorientem</strong></span> <span class='ocrx_word' id='word_1_150' title='bbox 2513 764 2677 824; x_wconf 80' lang='lat' dir='ltr'><strong>atque</strong></span> <span class='ocrx_word' id='word_1_151' title='bbox 2709 755 3068 821; x_wconf 82' lang='lat' dir='ltr'><strong>occidentem,</strong></span> <span class='ocrx_word' id='word_1_152' title='bbox 3102 758 3193 826; x_wconf 81' lang='lat' dir='ltr'><strong>qui</strong></span> <span class='ocrx_word' id='word_1_153' title='bbox 3223 760 3289 811; x_wconf 91' lang='lat' dir='ltr'><strong>ad</strong></span> <span class='ocrx_word' id='word_1_154' title='bbox 3341 761 3420 813; x_wconf 92' lang='lat' dir='ltr'><strong>lo-</strong></span> 
     </span>
    </p>
   </div>
   <div class='ocr_carea' id='block_1_23' title="bbox 1851 846 3422 918">
    <p class='ocr_par' dir='ltr' id='par_1_23' title="bbox 1851 846 3422 918">
     <span class='ocr_line' id='line_1_23' title="bbox 1851 846 3422 918; baseline -0.001 -14"><span class='ocrx_word' id='word_1_155' title='bbox 1851 865 1971 905; x_wconf 90' lang='lat' dir='ltr'><strong>cum</strong></span> <span class='ocrx_word' id='word_1_156' title='bbox 2009 864 2191 912; x_wconf 85' lang='lat' dir='ltr'><strong>suum,</strong></span> <span class='ocrx_word' id='word_1_157' title='bbox 2217 847 2274 901; x_wconf 88' lang='lat' dir='ltr'><strong>id</strong></span> <span class='ocrx_word' id='word_1_158' title='bbox 2317 847 2402 900; x_wconf 82' lang='lat' dir='ltr'><strong>est</strong></span> <span class='ocrx_word' id='word_1_159' title='bbox 2432 846 2497 900; x_wconf 90' lang='lat' dir='ltr'><strong>ad</strong></span> <span class='ocrx_word' id='word_1_160' title='bbox 2543 861 2602 901; x_wconf 88' lang='lat' dir='ltr'><strong>se</strong></span> <span class='ocrx_word' id='word_1_161' title='bbox 2654 846 2854 915; x_wconf 88' lang='lat' dir='ltr'><strong>ipsum.</strong></span> <span class='ocrx_word' id='word_1_162' title='bbox 2891 847 3155 911; x_wconf 90' lang='lat' dir='ltr'><strong>omnium,</strong></span> <span class='ocrx_word' id='word_1_163' title='bbox 3190 850 3422 918; x_wconf 86' lang='lat' dir='ltr'><strong>quicun-</strong></span> 
     </span>
    </p>
   </div>
   <div class='ocr_carea' id='block_1_24' title="bbox 1848 938 3418 1012">
    <p class='ocr_par' dir='ltr' id='par_1_24' title="bbox 1848 938 3418 1012">
     <span class='ocr_line' id='line_1_24' title="bbox 1848 938 3418 1012; baseline 0.002 -19"><span class='ocrx_word' id='word_1_164' title='bbox 1848 957 1953 1008; x_wconf 86' lang='lat' dir='ltr'><strong>que</strong></span> <span class='ocrx_word' id='word_1_165' title='bbox 1985 951 2179 993; x_wconf 81' lang='lat' dir='ltr'><strong>terram</strong></span> <span class='ocrx_word' id='word_1_166' title='bbox 2216 939 2483 1004; x_wconf 87' lang='lat' dir='ltr'><strong>incolunt,</strong></span> <span class='ocrx_word' id='word_1_167' title='bbox 2513 939 2703 992; x_wconf 89' lang='lat' dir='ltr'><strong>oculos</strong></span> <span class='ocrx_word' id='word_1_168' title='bbox 2735 938 2980 995; x_wconf 83' lang='lat' dir='ltr'><strong>adducit.</strong></span> <span class='ocrx_word' id='word_1_169' title='bbox 3018 942 3153 994; x_wconf 84' lang='lat' dir='ltr'><strong>Nam</strong></span> <span class='ocrx_word' id='word_1_170' title='bbox 3187 942 3270 996; x_wconf 91' lang='lat' dir='ltr'><strong>sol</strong></span> <span class='ocrx_word' id='word_1_171' title='bbox 3301 944 3418 1012; x_wconf 90' lang='lat' dir='ltr'><strong>qui-</strong></span> 
     </span>
    </p>
   </div>
   <div class='ocr_carea' id='block_1_25' title="bbox 1847 1024 3419 1100">
    <p class='ocr_par' dir='ltr' id='par_1_25' title="bbox 1847 1024 3419 1100">
     <span class='ocr_line' id='line_1_25' title="bbox 1847 1024 3419 1100; baseline 0.001 -15"><span class='ocrx_word' id='word_1_172' title='bbox 1847 1033 1968 1086; x_wconf 90' lang='lat' dir='ltr'><strong>dem</strong></span> <span class='ocrx_word' id='word_1_173' title='bbox 2027 1035 2142 1085; x_wconf 87' lang='lat' dir='ltr'><strong>sive</strong></span> <span class='ocrx_word' id='word_1_174' title='bbox 2205 1031 2268 1084; x_wconf 90' lang='lat' dir='ltr'><strong>ad</strong></span> <span class='ocrx_word' id='word_1_175' title='bbox 2303 1039 2484 1085; x_wconf 88' lang='lat' dir='ltr'><strong>ortum</strong></span> <span class='ocrx_word' id='word_1_176' title='bbox 2539 1039 2806 1094; x_wconf 86' lang='lat' dir='ltr'><strong>versetur,</strong></span> <span class='ocrx_word' id='word_1_177' title='bbox 2857 1032 2972 1085; x_wconf 88' lang='lat' dir='ltr'><strong>sive</strong></span> <span class='ocrx_word' id='word_1_178' title='bbox 3024 1033 3091 1095; x_wconf 83' lang='lat' dir='ltr'><strong>ad</strong></span> <span class='ocrx_word' id='word_1_179' title='bbox 3142 1024 3419 1100; x_wconf 81' lang='lat' dir='ltr'><strong>occasum,</strong></span> 
     </span>
    </p>
   </div>
   <div class='ocr_carea' id='block_1_26' title="bbox 1849 1120 3422 1191">
    <p class='ocr_par' dir='ltr' id='par_1_26' title="bbox 1849 1120 3422 1191">
     <span class='ocr_line' id='line_1_26' title="bbox 1849 1120 3422 1191; baseline 0.001 -15"><span class='ocrx_word' id='word_1_180' title='bbox 1849 1137 2060 1191; x_wconf 85' lang='lat' dir='ltr'><strong>semper</strong></span> <span class='ocrx_word' id='word_1_181' title='bbox 2109 1120 2378 1190; x_wconf 74' lang='lat' dir='ltr'><strong>fulgorem</strong></span> <span class='ocrx_word' id='word_1_182' title='bbox 2420 1121 2546 1175; x_wconf 90' lang='lat' dir='ltr'><strong>inde</strong></span> <span class='ocrx_word' id='word_1_183' title='bbox 2579 1129 2738 1176; x_wconf 75' lang='lat' dir='ltr'><strong>suu‘m</strong></span> <span class='ocrx_word' id='word_1_184' title='bbox 2796 1133 2849 1176; x_wconf 91' lang='lat' dir='ltr'><strong>et</strong></span> <span class='ocrx_word' id='word_1_185' title='bbox 2904 1122 3088 1178; x_wconf 91' lang='lat' dir='ltr'><strong>radios</strong></span> <span class='ocrx_word' id='word_1_186' title='bbox 3143 1124 3422 1179; x_wconf 79' lang='lat' dir='ltr'><strong>eﬂundere</strong></span> 
     </span>
    </p>
   </div>
   <div class='ocr_carea' id='block_1_27' title="bbox 1850 1201 3422 1282">
    <p class='ocr_par' dir='ltr' id='par_1_27' title="bbox 1850 1201 3422 1282">
     <span class='ocr_line' id='line_1_27' title="bbox 1850 1201 3422 1282; baseline 0.003 -18"><span class='ocrx_word' id='word_1_187' title='bbox 1850 1212 2000 1267; x_wconf 82' lang='lat' dir='ltr'><strong>visus</strong></span> <span class='ocrx_word' id='word_1_188' title='bbox 2036 1222 2156 1280; x_wconf 79' lang='lat' dir='ltr'><strong>est;</strong></span> <span class='ocrx_word' id='word_1_189' title='bbox 2194 1201 2270 1265; x_wconf 89' lang='lat' dir='ltr'><strong>ad</strong></span> <span class='ocrx_word' id='word_1_190' title='bbox 2320 1227 2460 1282; x_wconf 91' lang='lat' dir='ltr'><strong>quos</strong></span> <span class='ocrx_word' id='word_1_191' title='bbox 2503 1210 2861 1266; x_wconf 88' lang='lat' dir='ltr'><strong>animantium</strong></span> <span class='ocrx_word' id='word_1_192' title='bbox 2902 1213 3146 1267; x_wconf 88' lang='lat' dir='ltr'><strong>onmium</strong></span> <span class='ocrx_word' id='word_1_193' title='bbox 3196 1229 3422 1268; x_wconf 87' lang='lat' dir='ltr'><strong>conver-</strong></span> 
     </span>
    </p>
   </div>
   <div class='ocr_carea' id='block_1_28' title="bbox 1819 1289 3422 1373">
    <p class='ocr_par' dir='ltr' id='par_1_28' title="bbox 1819 1289 3422 1373">
     <span class='ocr_line' id='line_1_28' title="bbox 1819 1289 3422 1373; baseline 0.003 -19"><span class='ocrx_word' id='word_1_194' title='bbox 1819 1339 1823 1343; x_wconf 68' lang='grc' dir='ltr'><strong>ι</strong></span> <span class='ocrx_word' id='word_1_195' title='bbox 1851 1311 1972 1355; x_wconf 90' lang='lat' dir='ltr'><strong>tunt</strong></span> <span class='ocrx_word' id='word_1_196' title='bbox 2000 1317 2057 1357; x_wconf 85' lang='lat' dir='ltr'><strong>se</strong></span> <span class='ocrx_word' id='word_1_197' title='bbox 2089 1289 2254 1368; x_wconf 67' lang='lat' dir='ltr'><strong>oculi,</strong></span> <span class='ocrx_word' id='word_1_198' title='bbox 2288 1302 2425 1356; x_wconf 92' lang='lat' dir='ltr'><strong>lucis</strong></span> <span class='ocrx_word' id='word_1_199' title='bbox 2459 1301 2603 1355; x_wconf 90' lang='lat' dir='ltr'><strong>illius</strong></span> <span class='ocrx_word' id='word_1_200' title='bbox 2638 1316 2823 1355; x_wconf 84' lang='lat' dir='ltr'><strong>amore</strong></span> <span class='ocrx_word' id='word_1_201' title='bbox 2857 1301 3042 1356; x_wconf 87' lang='lat' dir='ltr'><strong>illecti.</strong></span> <span class='ocrx_word' id='word_1_202' title='bbox 3093 1303 3185 1357; x_wconf 84' lang='lat' dir='ltr'><strong>Sol</strong></span> <span class='ocrx_word' id='word_1_203' title='bbox 3231 1319 3422 1373; x_wconf 87' lang='lat' dir='ltr'><strong>nempe</strong></span> 
     </span>
    </p>
   </div>
   <div class='ocr_carea' id='block_1_29' title="bbox 1850 1391 3422 1463">
    <p class='ocr_par' dir='ltr' id='par_1_29' title="bbox 1850 1391 3422 1463">
     <span class='ocr_line' id='line_1_29' title="bbox 1850 1391 3422 1463; baseline 0.001 -17"><span class='ocrx_word' id='word_1_204' title='bbox 1850 1392 1978 1446; x_wconf 90' lang='lat' dir='ltr'><strong>dum</strong></span> <span class='ocrx_word' id='word_1_205' title='bbox 2014 1392 2455 1460; x_wconf 78' lang='lat' dir='ltr'><strong>hemisphaerium</strong></span> <span class='ocrx_word' id='word_1_206' title='bbox 2507 1391 2611 1445; x_wconf 90' lang='lat' dir='ltr'><strong>hoc</strong></span> <span class='ocrx_word' id='word_1_207' title='bbox 2661 1400 2910 1446; x_wconf 89' lang='lat' dir='ltr'><strong>nostrum</strong></span> <span class='ocrx_word' id='word_1_208' title='bbox 2959 1393 3214 1456; x_wconf 81' lang='lat' dir='ltr'><strong>illustrat,</strong></span> <span class='ocrx_word' id='word_1_209' title='bbox 3245 1410 3422 1463; x_wconf 86' lang='lat' dir='ltr'><strong>neque</strong></span> 
     </span>
    </p>
   </div>
   <div class='ocr_carea' id='block_1_30' title="bbox 1853 1483 3420 1555">
    <p class='ocr_par' dir='ltr' id='par_1_30' title="bbox 1853 1483 3420 1555">
     <span class='ocr_line' id='line_1_30' title="bbox 1853 1483 3420 1555; baseline 0.001 -17"><span class='ocrx_word' id='word_1_210' title='bbox 1853 1495 1910 1539; x_wconf 92' lang='lat' dir='ltr'><strong>ut</strong></span> <span class='ocrx_word' id='word_1_211' title='bbox 1975 1485 2318 1555; x_wconf 86' lang='lat' dir='ltr'><strong>splendorem</strong></span> <span class='ocrx_word' id='word_1_212' title='bbox 2382 1483 2970 1554; x_wconf 88' lang='lat' dir='ltr'><strong>pulchritudinemque</strong></span> <span class='ocrx_word' id='word_1_213' title='bbox 3055 1485 3276 1540; x_wconf 80' lang='lat' dir='ltr'><strong>luminis</strong></span> <span class='ocrx_word' id='word_1_214' title='bbox 3337 1489 3420 1540; x_wconf 88' lang='lat' dir='ltr'><strong>sui</strong></span> 
     </span>
    </p>
   </div>
   <div class='ocr_carea' id='block_1_31' title="bbox 1849 1579 3424 1646">
    <p class='ocr_par' dir='ltr' id='par_1_31' title="bbox 1849 1579 3424 1646">
     <span class='ocr_line' id='line_1_31' title="bbox 1849 1579 3424 1646; baseline 0.001 -17"><span class='ocrx_word' id='word_1_215' title='bbox 1849 1592 2012 1644; x_wconf 80' lang='lat' dir='ltr'><strong>supra</strong></span> <span class='ocrx_word' id='word_1_216' title='bbox 2067 1587 2264 1630; x_wconf 87' lang='lat' dir='ltr'><strong>terram</strong></span> <span class='ocrx_word' id='word_1_217' title='bbox 2310 1588 2571 1646; x_wconf 86' lang='lat' dir='ltr'><strong>perpetuo</strong></span> <span class='ocrx_word' id='word_1_218' title='bbox 2617 1584 2876 1640; x_wconf 90' lang='lat' dir='ltr'><strong>ostentet,</strong></span> <span class='ocrx_word' id='word_1_219' title='bbox 2924 1579 3272 1632; x_wconf 63' lang='lat' dir='ltr'><strong>contentis&#39;nc</strong></span> <span class='ocrx_word' id='word_1_220' title='bbox 3316 1579 3424 1631; x_wconf 82' lang='lat' dir='ltr'><strong>ulla</strong></span> 
     </span>
    </p>
   </div>
   <div class='ocr_carea' id='block_1_32' title="bbox 1850 1667 3424 1736">
    <p class='ocr_par' dir='ltr' id='par_1_32' title="bbox 1850 1667 3424 1736">
     <span class='ocr_line' id='line_1_32' title="bbox 1850 1667 3424 1736; baseline 0.003 -18"><span class='ocrx_word' id='word_1_221' title='bbox 1850 1667 2058 1733; x_wconf 89' lang='lat' dir='ltr'><strong>nititur;</strong></span> <span class='ocrx_word' id='word_1_222' title='bbox 2091 1683 2267 1736; x_wconf 86' lang='lat' dir='ltr'><strong>neque</strong></span> <span class='ocrx_word' id='word_1_223' title='bbox 2299 1683 2532 1722; x_wconf 86' lang='lat' dir='ltr'><strong>occasus</strong></span> <span class='ocrx_word' id='word_1_224' title='bbox 2562 1667 2645 1721; x_wconf 91' lang='lat' dir='ltr'><strong>sui</strong></span> <span class='ocrx_word' id='word_1_225' title='bbox 2680 1667 3074 1723; x_wconf 86' lang='lat' dir='ltr'><strong>obscuritatem</strong></span> <span class='ocrx_word' id='word_1_226' title='bbox 3117 1679 3300 1735; x_wconf 83' lang='lat' dir='ltr'><strong>erepta</strong></span> <span class='ocrx_word' id='word_1_227' title='bbox 3319 1670 3424 1724; x_wconf 73' lang='lat' dir='ltr'><strong>sibi</strong></span> 
     </span>
    </p>
   </div>
   <div class='ocr_carea' id='block_1_33' title="bbox 1852 1758 3424 1830">
    <p class='ocr_par' dir='ltr' id='par_1_33' title="bbox 1852 1758 3424 1830">
     <span class='ocr_line' id='line_1_33' title="bbox 1852 1758 3424 1830; baseline 0.001 -18"><span class='ocrx_word' id='word_1_228' title='bbox 1852 1760 2030 1827; x_wconf 83' lang='lat' dir='ltr'><strong>specie</strong></span> <span class='ocrx_word' id='word_1_229' title='bbox 2059 1758 2261 1813; x_wconf 77' lang='lat' dir='ltr'><strong>illatam</strong></span> <span class='ocrx_word' id='word_1_230' title='bbox 2293 1769 2597 1824; x_wconf 78' lang='lat' dir='ltr'><strong>aversatus,</strong></span> <span class='ocrx_word' id='word_1_231' title='bbox 2631 1767 2802 1830; x_wconf 80' lang='lat' dir='ltr'><strong>statas</strong></span> <span class='ocrx_word' id='word_1_232' title='bbox 2851 1759 3126 1813; x_wconf 85' lang='lat' dir='ltr'><strong>radiorum</strong></span> <span class='ocrx_word' id='word_1_233' title='bbox 3180 1761 3424 1815; x_wconf 88' lang='lat' dir='ltr'><strong>declina-</strong></span> 
     </span>
    </p>
   </div>
   <div class='ocr_carea' id='block_1_34' title="bbox 161 1829 1741 1932">
    <p class='ocr_par' dir='ltr' id='par_1_34' title="bbox 161 1847 1740 1927">
     <span class='ocr_line' id='line_1_34' title="bbox 161 1847 1740 1927; baseline -0.001 -25"><span class='ocrx_word' id='word_1_234' title='bbox 161 1865 331 1920; x_wconf 70' lang='grc' dir='ltr'>μενος</span> <span class='ocrx_word' id='word_1_235' title='bbox 362 1849 458 1902; x_wconf 74' lang='grc' dir='ltr'>καὶ</span> <span class='ocrx_word' id='word_1_236' title='bbox 484 1847 996 1927; x_wconf 66' lang='grc' dir='ltr'>διαναδαλλόμενος,</span> <span class='ocrx_word' id='word_1_237' title='bbox 1033 1848 1123 1901; x_wconf 88' lang='grc' dir='ltr'><strong>διά</strong></span> <span class='ocrx_word' id='word_1_238' title='bbox 1148 1850 1247 1918; x_wconf 76' lang='grc' dir='ltr'>τὴν</span> <span class='ocrx_word' id='word_1_239' title='bbox 1283 1847 1532 1901; x_wconf 83' lang='grc' dir='ltr'>ἐντεῦθεν</span> <span class='ocrx_word' id='word_1_240' title='bbox 1571 1847 1740 1918; x_wconf 84' lang='grc' dir='ltr'>,αὖτῷ</span> 
     </span>
    </p>
   </div>
   <div class='ocr_carea' id='block_1_35' title="bbox 1847 1829 3425 1932">
    <p class='ocr_par' dir='ltr' id='par_1_35' title="bbox 1851 1849 3425 1932">
     <span class='ocr_line' id='line_1_35' title="bbox 1851 1849 3425 1932; baseline 0.002 -28"><span class='ocrx_word' id='word_1_241' title='bbox 1851 1853 2025 1929; x_wconf 82' lang='lat' dir='ltr'><strong>tiones</strong></span> <span class='ocrx_word' id='word_1_242' title='bbox 2061 1852 2227 1932; x_wconf 75' lang='lat' dir='ltr'><strong>evitat</strong></span> <span class='ocrx_word' id='word_1_243' title='bbox 2277 1865 2516 1920; x_wconf 83' lang='lat' dir='ltr'><strong>unquam</strong></span> <span class='ocrx_word' id='word_1_244' title='bbox 2565 1859 2659 1904; x_wconf 90' lang='lat' dir='ltr'><strong>aut</strong></span> <span class='ocrx_word' id='word_1_245' title='bbox 2702 1849 3064 1913; x_wconf 79' lang='lat' dir='ltr'><strong>diﬂ‘ertz&#39;sed</strong></span> <span class='ocrx_word' id='word_1_246' title='bbox 3113 1851 3425 1907; x_wconf 83' lang='lat' dir='ltr'><strong>Conditoris</strong></span> 
     </span>
    </p>
   </div>
   <div class='ocr_carea' id='block_1_36' title="bbox 147 1938 1739 2013">
    <p class='ocr_par' dir='ltr' id='par_1_36' title="bbox 147 1938 1739 2013">
     <span class='ocr_line' id='line_1_36' title="bbox 147 1938 1739 2013; baseline -0.003 -17"><span class='ocrx_word' id='word_1_247' title='bbox 147 1944 598 2013; x_wconf 71' lang='grc' dir='ltr'>,προσγινομένην</span> <span class='ocrx_word' id='word_1_248' title='bbox 631 1941 897 2009; x_wconf 78' lang='grc' dir='ltr'>ἀφάνειαν</span> <span class='ocrx_word' id='word_1_249' title='bbox 927 1940 1023 1992; x_wconf 79' lang='grc' dir='ltr'>καὶ</span> <span class='ocrx_word' id='word_1_250' title='bbox 1054 1939 1252 2009; x_wconf 80' lang='grc' dir='ltr'>συχνὴν</span> <span class='ocrx_word' id='word_1_251' title='bbox 1282 1938 1518 2004; x_wconf 79' lang='grc' dir='ltr'>ἀδοξίαν,</span> <span class='ocrx_word' id='word_1_252' title='bbox 1549 1940 1629 2002; x_wconf 82' lang='grc' dir='ltr'><strong>είς</strong></span> <span class='ocrx_word' id='word_1_253' title='bbox 1680 1941 1739 1992; x_wconf 78' lang='grc' dir='ltr'><strong>τὸ</strong></span> 
     </span>
    </p>
   </div>
   <div class='ocr_carea' id='block_1_37' title="bbox 167 2022 1738 2102">
    <p class='ocr_par' dir='ltr' id='par_1_37' title="bbox 167 2022 1738 2102">
     <span class='ocr_line' id='line_1_37' title="bbox 167 2022 1738 2102; baseline -0.003 -16"><span class='ocrx_word' id='word_1_254' title='bbox 167 2032 291 2088; x_wconf 81' lang='grc' dir='ltr'>καθ’</span> <span class='ocrx_word' id='word_1_255' title='bbox 318 2033 466 2102; x_wconf 74' lang='grc' dir='ltr'>ἡμᾶς</span> <span class='ocrx_word' id='word_1_256' title='bbox 497 2030 857 2102; x_wconf 72' lang='grc' dir='ltr'>ἡμισφαίριον</span> <span class='ocrx_word' id='word_1_257' title='bbox 895 2029 1101 2099; x_wconf 79' lang='grc' dir='ltr'>λάμπει</span> <span class='ocrx_word' id='word_1_258' title='bbox 1129 2044 1142 2056; x_wconf 91' lang='grc'><strong>·</strong></span> <span class='ocrx_word' id='word_1_259' title='bbox 1193 2022 1330 2082; x_wconf 70' lang='grc' dir='ltr'>ἀλλὰ</span> <span class='ocrx_word' id='word_1_260' title='bbox 1358 2028 1454 2082; x_wconf 84' lang='grc' dir='ltr'>τοῦ</span> <span class='ocrx_word' id='word_1_261' title='bbox 1504 2029 1738 2098; x_wconf 77' lang='grc' dir='ltr'>Ποιητοῦ</span> 
     </span>
    </p>
   </div>
   <div class='ocr_carea' id='block_1_38' title="bbox 166 2108 1737 2196">
    <p class='ocr_par' dir='ltr' id='par_1_38' title="bbox 166 2108 1737 2196">
     <span class='ocr_line' id='line_1_38' title="bbox 166 2108 1737 2196; baseline -0.003 -18"><span class='ocrx_word' id='word_1_262' title='bbox 166 2126 279 2187; x_wconf 75' lang='grc' dir='ltr'>τοῖς</span> <span class='ocrx_word' id='word_1_263' title='bbox 307 2123 456 2195; x_wconf 79' lang='grc' dir='ltr'>ὅροις</span> <span class='ocrx_word' id='word_1_264' title='bbox 495 2122 814 2192; x_wconf 61' lang='grc' dir='ltr'>πειθόμενος</span> <span class='ocrx_word' id='word_1_265' title='bbox 833 2108 1065 2190; x_wconf 41' lang='grc' dir='ltr'>’θητεύει</span> <span class='ocrx_word' id='word_1_266' title='bbox 1091 2120 1188 2192; x_wconf 80' lang='grc' dir='ltr'><strong>τὴν</strong></span> <span class='ocrx_word' id='word_1_267' title='bbox 1220 2119 1492 2193; x_wconf 81' lang='grc' dir='ltr'>τοσαύτην</span> <span class='ocrx_word' id='word_1_268' title='bbox 1515 2120 1737 2196; x_wconf 71' lang='grc' dir='ltr'>θητείαν</span> 
     </span>
    </p>
   </div>
   <div class='ocr_carea' id='block_1_39' title="bbox 165 2208 1743 2283">
    <p class='ocr_par' dir='ltr' id='par_1_39' title="bbox 165 2208 1743 2283">
     <span class='ocr_line' id='line_1_39' title="bbox 165 2208 1743 2283; baseline -0.003 -17"><span class='ocrx_word' id='word_1_269' title='bbox 165 2209 243 2277; x_wconf 82' lang='grc' dir='ltr'><strong>ώς</strong></span> <span class='ocrx_word' id='word_1_270' title='bbox 266 2211 572 2283; x_wconf 81' lang='grc' dir='ltr'>,εὐγνώμων</span> <span class='ocrx_word' id='word_1_271' title='bbox 591 2211 828 2282; x_wconf 71' lang='grc' dir='ltr'>οἰκέτης.</span> <span class='ocrx_word' id='word_1_272' title='bbox 860 2208 931 2263; x_wconf 83' lang='grc' dir='ltr'><strong>Σὺ</strong></span> <span class='ocrx_word' id='word_1_273' title='bbox 947 2209 1004 2264; x_wconf 80' lang='grc' dir='ltr'>δὲ</span> <span class='ocrx_word' id='word_1_274' title='bbox 1036 2210 1128 2264; x_wconf 73' lang='grc' dir='ltr'>καὶ</span> <span class='ocrx_word' id='word_1_275' title='bbox 1154 2209 1280 2272; x_wconf 84' lang='grc' dir='ltr'>τοὺς</span> <span class='ocrx_word' id='word_1_276' title='bbox 1299 2208 1559 2279; x_wconf 73' lang='grc' dir='ltr'>φυσικοὺς</span> <span class='ocrx_word' id='word_1_277' title='bbox 1585 2210 1743 2282; x_wconf 84' lang='grc' dir='ltr'>ὄρους</span> 
     </span>
    </p>
   </div>
   <div class='ocr_carea' id='block_1_40' title="bbox 167 2301 1732 2376">
    <p class='ocr_par' dir='ltr' id='par_1_40' title="bbox 167 2301 1732 2376">
     <span class='ocr_line' id='line_1_40' title="bbox 167 2301 1732 2376; baseline -0.006 -16"><span class='ocrx_word' id='word_1_278' title='bbox 167 2305 409 2376; x_wconf 80' lang='grc' dir='ltr'>ἀμείψας</span> <span class='ocrx_word' id='word_1_279' title='bbox 454 2305 473 2376; x_wconf 88' lang='grc'>(</span> <span class='ocrx_word' id='word_1_280' title='bbox 491 2304 560 2358; x_wconf 80' lang='grc' dir='ltr'>τὰ</span> <span class='ocrx_word' id='word_1_281' title='bbox 597 2303 707 2375; x_wconf 83' lang='grc' dir='ltr'>γὰρ</span> <span class='ocrx_word' id='word_1_282' title='bbox 733 2304 844 2359; x_wconf 77' lang='grc' dir='ltr'><strong>ἀνω</strong></span> <span class='ocrx_word' id='word_1_283' title='bbox 875 2319 935 2354; x_wconf 85' lang='grc' dir='ltr'><strong>σε</strong></span> <span class='ocrx_word' id='word_1_284' title='bbox 965 2303 1187 2372; x_wconf 82' lang='grc' dir='ltr'>φρονεῖν</span> <span class='ocrx_word' id='word_1_285' title='bbox 1247 2303 1344 2356; x_wconf 74' lang='grc' dir='ltr'><strong>καὶ</strong></span> <span class='ocrx_word' id='word_1_286' title='bbox 1379 2301 1592 2375; x_wconf 38' lang='grc' dir='ltr'>,ζητεῖν</span> <span class='ocrx_word' id='word_1_287' title='bbox 1630 2303 1732 2357; x_wconf 76' lang='grc' dir='ltr'>εἰτ-</span> 
     </span>
    </p>
   </div>
   <div class='ocr_carea' id='block_1_41' title="bbox 166 2391 1742 2466">
    <p class='ocr_par' dir='ltr' id='par_1_41' title="bbox 166 2391 1742 2466">
     <span class='ocr_line' id='line_1_41' title="bbox 166 2391 1742 2466; baseline -0.003 -17"><span class='ocrx_word' id='word_1_288' title='bbox 166 2394 451 2466; x_wconf 84' lang='grc' dir='ltr'>ηγοῦνται,</span> <span class='ocrx_word' id='word_1_289' title='bbox 486 2396 578 2447; x_wconf 80' lang='grc' dir='ltr'>καὶ</span> <span class='ocrx_word' id='word_1_290' title='bbox 592 2394 662 2447; x_wconf 83' lang='grc' dir='ltr'><strong>τά</strong></span> <span class='ocrx_word' id='word_1_291' title='bbox 684 2397 742 2446; x_wconf 79' lang='grc' dir='ltr'>ὲν</span> <span class='ocrx_word' id='word_1_292' title='bbox 778 2392 855 2462; x_wconf 89' lang='grc' dir='ltr'>τῷ</span> <span class='ocrx_word' id='word_1_293' title='bbox 883 2391 1058 2463; x_wconf 83' lang='grc' dir='ltr'>νοητῷ</span> <span class='ocrx_word' id='word_1_294' title='bbox 1088 2392 1288 2462; x_wconf 79' lang='grc' dir='ltr'>δηλαδὴ</span> <span class='ocrx_word' id='word_1_295' title='bbox 1325 2392 1516 2463; x_wconf 79' lang='grc' dir='ltr'>κόσμῳ</span> <span class='ocrx_word' id='word_1_296' title='bbox 1539 2393 1742 2461; x_wconf 80' lang='grc' dir='ltr'>φαντά-</span> 
     </span>
    </p>
   </div>
   <div class='ocr_carea' id='block_1_42' title="bbox 167 2469 1744 2555">
    <p class='ocr_par' dir='ltr' id='par_1_42' title="bbox 167 2469 1744 2555">
     <span class='ocr_line' id='line_1_42' title="bbox 167 2469 1744 2555; baseline -0.003 -15"><span class='ocrx_word' id='word_1_297' title='bbox 167 2487 359 2551; x_wconf 78' lang='grc' dir='ltr'>ζεσθαι</span> <span class='ocrx_word' id='word_1_298' title='bbox 399 2485 489 2538; x_wconf 74' lang='grc' dir='ltr'>καὶ</span> <span class='ocrx_word' id='word_1_299' title='bbox 526 2483 741 2538; x_wconf 80' lang='grc' dir='ltr'>διώκειν</span> <span class='ocrx_word' id='word_1_300' title='bbox 786 2484 874 2538; x_wconf 77' lang='grc' dir='ltr'>διὰ</span> <span class='ocrx_word' id='word_1_301' title='bbox 910 2483 1020 2536; x_wconf 90' lang='grc' dir='ltr'><strong>τῶν</strong></span> <span class='ocrx_word' id='word_1_302' title='bbox 1049 2482 1254 2554; x_wconf 78' lang='grc' dir='ltr'>νοητῶν</span> <span class='ocrx_word' id='word_1_303' title='bbox 1314 2479 1603 2555; x_wconf 69' lang='grc' dir='ltr'>δυνάμεων</span> <span class='ocrx_word' id='word_1_304' title='bbox 1643 2469 1744 2553; x_wconf 74' lang='grc' dir='ltr'>τῆς</span> 
     </span>
    </p>
   </div>
   <div class='ocr_carea' id='block_1_43' title="bbox 158 2573 1744 2651">
    <p class='ocr_par' dir='ltr' id='par_1_43' title="bbox 158 2573 1744 2651">
     <span class='ocr_line' id='line_1_43' title="bbox 158 2573 1744 2651; baseline -0.006 -16"><span class='ocrx_word' id='word_1_305' title='bbox 158 2581 361 2651; x_wconf 72' lang='grc' dir='ltr'>,νοερᾶς</span> <span class='ocrx_word' id='word_1_306' title='bbox 386 2595 482 2632; x_wconf 88' lang='grc' dir='ltr'><strong>σου</strong></span> <span class='ocrx_word' id='word_1_307' title='bbox 507 2573 946 2649; x_wconf 79' lang='grc' dir='ltr'>ψυχῆς),χείρων</span> <span class='ocrx_word' id='word_1_308' title='bbox 982 2574 1213 2647; x_wconf 78' lang='grc' dir='ltr'>εὕρησαι</span> <span class='ocrx_word' id='word_1_309' title='bbox 1251 2576 1345 2627; x_wconf 76' lang='grc' dir='ltr'>καὶ</span> <span class='ocrx_word' id='word_1_310' title='bbox 1374 2577 1474 2645; x_wconf 72' lang='grc' dir='ltr'><strong>τῆς</strong></span> <span class='ocrx_word' id='word_1_311' title='bbox 1505 2576 1608 2644; x_wconf 83' lang='grc' dir='ltr'>γῆς</span> <span class='ocrx_word' id='word_1_312' title='bbox 1651 2576 1744 2627; x_wconf 72' lang='grc' dir='ltr'><strong>καὶ</strong></span> 
     </span>
    </p>
   </div>
   <div class='ocr_carea' id='block_1_44' title="bbox 165 2663 1743 2745">
    <p class='ocr_par' dir='ltr' id='par_1_44' title="bbox 165 2663 1743 2745">
     <span class='ocr_line' id='line_1_44' title="bbox 165 2663 1743 2745; baseline -0.004 -19"><span class='ocrx_word' id='word_1_313' title='bbox 165 2671 260 2726; x_wconf 64' lang='grc' dir='ltr'>τοῖ</span> <span class='ocrx_word' id='word_1_314' title='bbox 290 2672 445 2743; x_wconf 74' lang='grc' dir='ltr'>ἥλιον</span> <span class='ocrx_word' id='word_1_315' title='bbox 489 2669 599 2724; x_wconf 83' lang='grc' dir='ltr'><strong>τῶν</strong></span> <span class='ocrx_word' id='word_1_316' title='bbox 627 2663 850 2745; x_wconf 71' lang='grc' dir='ltr'>ἀψύχων</span> <span class='ocrx_word' id='word_1_317' title='bbox 884 2669 978 2721; x_wconf 69' lang='lat' dir='ltr'><strong>ml.</strong></span> <span class='ocrx_word' id='word_1_318' title='bbox 1014 2667 1288 2738; x_wconf 78' lang='grc' dir='ltr'>μηδεμίαν</span> <span class='ocrx_word' id='word_1_319' title='bbox 1319 2667 1550 2738; x_wconf 73' lang='grc' dir='ltr'>ἐχόντων</span> <span class='ocrx_word' id='word_1_320' title='bbox 1593 2667 1743 2734; x_wconf 86' lang='grc' dir='ltr'>λογι-</span> 
     </span>
    </p>
   </div>
   <div class='ocr_carea' id='block_1_45' title="bbox 171 2748 1743 2835">
    <p class='ocr_par' dir='ltr' id='par_1_45' title="bbox 171 2748 1743 2835">
     <span class='ocr_line' id='line_1_45' title="bbox 171 2748 1743 2835; baseline -0.003 -16"><span class='ocrx_word' id='word_1_321' title='bbox 171 2765 396 2835; x_wconf 80' lang='grc' dir='ltr'>κότητος</span> <span class='ocrx_word' id='word_1_322' title='bbox 419 2748 693 2834; x_wconf 68' lang='grc' dir='ltr'>ἔμφασιν.</span> <span class='ocrx_word' id='word_1_323' title='bbox 725 2761 850 2826; x_wconf 86' lang='grc' dir='ltr'><strong>Πῶς</strong></span> <span class='ocrx_word' id='word_1_324' title='bbox 878 2758 974 2815; x_wconf 74' lang='grc' dir='ltr'>οὖν</span> <span class='ocrx_word' id='word_1_325' title='bbox 1002 2754 1062 2814; x_wconf 79' lang='grc' dir='ltr'>οὐ</span> <span class='ocrx_word' id='word_1_326' title='bbox 1098 2761 1397 2834; x_wconf 76' lang='grc' dir='ltr'>ματαιότης</span> <span class='ocrx_word' id='word_1_327' title='bbox 1445 2763 1743 2834; x_wconf 80' lang='grc' dir='ltr'>ματαιοτή-</span> 
     </span>
    </p>
   </div>
   <div class='ocr_carea' id='block_1_46' title="bbox 167 2853 1743 2927">
    <p class='ocr_par' dir='ltr' id='par_1_46' title="bbox 167 2853 1743 2927">
     <span class='ocr_line' id='line_1_46' title="bbox 167 2853 1743 2927; baseline -0.002 -17"><span class='ocrx_word' id='word_1_328' title='bbox 167 2872 278 2910; x_wconf 81' lang='grc' dir='ltr'><strong>των</strong></span> <span class='ocrx_word' id='word_1_329' title='bbox 312 2855 451 2927; x_wconf 78' lang='grc' dir='ltr'><strong>μετά</strong></span> <span class='ocrx_word' id='word_1_330' title='bbox 485 2853 593 2908; x_wconf 91' lang='grc' dir='ltr'><strong>τῶν</strong></span> <span class='ocrx_word' id='word_1_331' title='bbox 632 2853 924 2926; x_wconf 81' lang='grc' dir='ltr'>μοχθηρῶν</span> <span class='ocrx_word' id='word_1_332' title='bbox 955 2870 1051 2908; x_wconf 83' lang='grc' dir='ltr'><strong>σου</strong></span> <span class='ocrx_word' id='word_1_333' title='bbox 1089 2855 1184 2911; x_wconf 76' lang='grc' dir='ltr'><strong>καὶ</strong></span> <span class='ocrx_word' id='word_1_334' title='bbox 1225 2854 1444 2923; x_wconf 83' lang='grc' dir='ltr'>φαύλων</span> <span class='ocrx_word' id='word_1_335' title='bbox 1495 2854 1743 2926; x_wconf 53' lang='lat' dir='ltr'><strong>eventu;-</strong></span> 
     </span>
    </p>
   </div>
   <div class='ocr_carea' id='block_1_47' title="bbox 167 2944 1746 3019">
    <p class='ocr_par' dir='ltr' id='par_1_47' title="bbox 167 2944 1746 3019">
     <span class='ocr_line' id='line_1_47' title="bbox 167 2944 1746 3019; baseline -0.002 -18"><span class='ocrx_word' id='word_1_336' title='bbox 167 2947 362 3018; x_wconf 82' lang='grc' dir='ltr'>μάτων</span> <span class='ocrx_word' id='word_1_337' title='bbox 393 2947 487 3001; x_wconf 80' lang='grc' dir='ltr'>καὶ</span> <span class='ocrx_word' id='word_1_338' title='bbox 515 2946 689 3015; x_wconf 84' lang='grc' dir='ltr'>λόγων</span> <span class='ocrx_word' id='word_1_339' title='bbox 723 2944 816 3000; x_wconf 74' lang='grc' dir='ltr'><strong>καὶ</strong></span> <span class='ocrx_word' id='word_1_340' title='bbox 851 2944 1104 3015; x_wconf 80' lang='grc' dir='ltr'>πράξεων</span> <span class='ocrx_word' id='word_1_341' title='bbox 1139 2946 1233 2998; x_wconf 71' lang='grc' dir='ltr'><strong>καὶ</strong></span> <span class='ocrx_word' id='word_1_342' title='bbox 1283 2946 1346 2999; x_wconf 81' lang='grc' dir='ltr'><strong>σὺ</strong></span> <span class='ocrx_word' id='word_1_343' title='bbox 1381 2944 1542 3008; x_wconf 83' lang='grc' dir='ltr'>αὐτδς</span> <span class='ocrx_word' id='word_1_344' title='bbox 1601 2961 1746 3019; x_wconf 76' lang='grc' dir='ltr'>νομιο</span> 
     </span>
    </p>
   </div>
   <div class='ocr_carea' id='block_1_48' title="bbox 168 3026 1746 3108">
    <p class='ocr_par' dir='ltr' id='par_1_48' title="bbox 168 3026 1746 3108">
     <span class='ocr_line' id='line_1_48' title="bbox 168 3026 1746 3108; baseline -0.002 -20"><span class='ocrx_word' id='word_1_345' title='bbox 168 3037 382 3108; x_wconf 74' lang='grc' dir='ltr'>σθήσῃς</span> <span class='ocrx_word' id='word_1_346' title='bbox 420 3033 562 3087; x_wconf 86' lang='grc' dir='ltr'><strong>κατά</strong></span> <span class='ocrx_word' id='word_1_347' title='bbox 589 3026 852 3105; x_wconf 76' lang='grc' dir='ltr'>ἀλήθειαν</span> <span class='ocrx_word' id='word_1_348' title='bbox 888 3033 986 3103; x_wconf 81' lang='grc' dir='ltr'>μὲν</span> <span class='ocrx_word' id='word_1_349' title='bbox 1019 3034 1245 3087; x_wconf 79' lang='grc' dir='ltr'>ἐκείνων</span> <span class='ocrx_word' id='word_1_350' title='bbox 1291 3030 1460 3088; x_wconf 73' lang='grc' dir='ltr'>ὄντων</span> <span class='ocrx_word' id='word_1_351' title='bbox 1515 3050 1746 3104; x_wconf 81' lang='grc' dir='ltr'>ματαιο-</span> 
     </span>
    </p>
   </div>
   <div class='ocr_carea' id='block_1_49' title="bbox 166 3125 1744 3198">
    <p class='ocr_par' dir='ltr' id='par_1_49' title="bbox 166 3125 1744 3198">
     <span class='ocr_line' id='line_1_49' title="bbox 166 3125 1744 3198; baseline -0.003 -17"><span class='ocrx_word' id='word_1_352' title='bbox 166 3128 367 3198; x_wconf 80' lang='grc' dir='ltr'>τήτων,</span> <span class='ocrx_word' id='word_1_353' title='bbox 384 3127 477 3180; x_wconf 80' lang='grc' dir='ltr'>σοῦ</span> <span class='ocrx_word' id='word_1_354' title='bbox 493 3126 547 3180; x_wconf 63' lang='grc' dir='ltr'>δὲ</span> <span class='ocrx_word' id='word_1_355' title='bbox 565 3129 686 3190; x_wconf 82' lang='grc' dir='ltr'>ταῖς</span> <span class='ocrx_word' id='word_1_356' title='bbox 697 3125 920 3180; x_wconf 70' lang='grc' dir='ltr'>ἐκείνων</span> <span class='ocrx_word' id='word_1_357' title='bbox 939 3125 1306 3196; x_wconf 80' lang='grc' dir='ltr'>ἀνυπαρξίαίς</span> <span class='ocrx_word' id='word_1_358' title='bbox 1322 3127 1744 3197; x_wconf 68' lang='grc' dir='ltr'>ἀπεικασμένου.</span> 
     </span>
    </p>
   </div>
   <div class='ocr_carea' id='block_1_50' title="bbox 127 3200 1748 3290">
    <p class='ocr_par' dir='ltr' id='par_1_50' title="bbox 127 3200 1748 3290">
     <span class='ocr_line' id='line_1_50' title="bbox 127 3200 1748 3290; baseline -0.001 -18"><span class='ocrx_word' id='word_1_359' title='bbox 127 3281 129 3283; x_wconf 20' lang='grc' dir='ltr'><strong><em>ι</em></strong></span> <span class='ocrx_word' id='word_1_360' title='bbox 235 3219 340 3272; x_wconf 86' lang='grc' dir='ltr'>Διά</span> <span class='ocrx_word' id='word_1_361' title='bbox 363 3219 526 3272; x_wconf 84' lang='grc' dir='ltr'>τοῦτό</span> <span class='ocrx_word' id='word_1_362' title='bbox 551 3234 721 3288; x_wconf 88' lang='grc' dir='ltr'>φησιν</span> <span class='ocrx_word' id='word_1_363' title='bbox 749 3217 916 3272; x_wconf 78' lang='grc' dir='ltr'>Δαϐὶδ</span> <span class='ocrx_word' id='word_1_364' title='bbox 944 3219 972 3271; x_wconf 86' lang='grc' dir='ltr'>ὁ</span> <span class='ocrx_word' id='word_1_365' title='bbox 997 3219 1298 3289; x_wconf 82' lang='grc' dir='ltr'>’προφήτης</span> <span class='ocrx_word' id='word_1_366' title='bbox 1319 3235 1333 3249; x_wconf 88' lang='grc'><strong>·</strong></span> <span class='ocrx_word' id='word_1_367' title='bbox 1366 3237 1384 3270; x_wconf 83' lang='grc' dir='ltr'><strong>ι</strong></span> <span class='ocrx_word' id='word_1_368' title='bbox 1429 3200 1748 3290; x_wconf 75' lang='grc' dir='ltr'>’Ἄνθρωπος</span> 
     </span>
    </p>
   </div>
   <div class='ocr_carea' id='block_1_51' title="bbox 1848 1943 3424 2016">
    <p class='ocr_par' dir='ltr' id='par_1_51' title="bbox 1848 1943 3424 2016">
     <span class='ocr_line' id='line_1_51' title="bbox 1848 1943 3424 2016; baseline 0.001 -20"><span class='ocrx_word' id='word_1_369' title='bbox 1848 1943 2180 2012; x_wconf 71' lang='lat' dir='ltr'><strong>praescriptis</strong></span> <span class='ocrx_word' id='word_1_370' title='bbox 2227 1943 2307 1998; x_wconf 92' lang='lat' dir='ltr'><strong>sic</strong></span> <span class='ocrx_word' id='word_1_371' title='bbox 2357 1943 2718 2016; x_wconf 83' lang='lat' dir='ltr'><strong>obtemperat,</strong></span> <span class='ocrx_word' id='word_1_372' title='bbox 2770 1952 2832 1998; x_wconf 91' lang='lat' dir='ltr'><strong>ut</strong></span> <span class='ocrx_word' id='word_1_373' title='bbox 2859 1944 3178 1999; x_wconf 82' lang='lat' dir='ltr'><strong>servitutem</strong></span> <span class='ocrx_word' id='word_1_374' title='bbox 3219 1955 3424 1999; x_wconf 87' lang='lat' dir='ltr'><strong>tantam</strong></span> 
     </span>
    </p>
   </div>
   <div class='ocr_carea' id='block_1_52' title="bbox 1850 2035 3424 2109">
    <p class='ocr_par' dir='ltr' id='par_1_52' title="bbox 1850 2035 3424 2109">
     <span class='ocr_line' id='line_1_52' title="bbox 1850 2035 3424 2109; baseline 0.001 -21"><span class='ocrx_word' id='word_1_375' title='bbox 1850 2035 2008 2106; x_wconf 86' lang='lat' dir='ltr'><strong>quasi</strong></span> <span class='ocrx_word' id='word_1_376' title='bbox 2060 2035 2312 2090; x_wconf 82' lang='lat' dir='ltr'><strong>benevoli</strong></span> <span class='ocrx_word' id='word_1_377' title='bbox 2361 2035 2528 2090; x_wconf 84' lang='lat' dir='ltr'><strong>animi</strong></span> <span class='ocrx_word' id='word_1_378' title='bbox 2571 2050 2737 2090; x_wconf 87' lang='lat' dir='ltr'><strong>verna</strong></span> <span class='ocrx_word' id='word_1_379' title='bbox 2785 2035 2994 2109; x_wconf 82' lang='lat' dir='ltr'><strong>servire</strong></span> <span class='ocrx_word' id='word_1_380' title='bbox 3039 2036 3308 2092; x_wconf 82' lang='lat' dir='ltr'><strong>videatur.</strong></span> <span class='ocrx_word' id='word_1_381' title='bbox 3342 2037 3424 2091; x_wconf 87' lang='lat' dir='ltr'><strong>&#39;l‘u</strong></span> 
     </span>
    </p>
   </div>
   <div class='ocr_carea' id='block_1_53' title="bbox 1849 2128 3525 2203">
    <p class='ocr_par' dir='ltr' id='par_1_53' title="bbox 1849 2128 3525 2203">
     <span class='ocr_line' id='line_1_53' title="bbox 1849 2128 3525 2203; baseline 0.001 -21"><span class='ocrx_word' id='word_1_382' title='bbox 1849 2142 1980 2201; x_wconf 85' lang='lat' dir='ltr'><strong>vero</strong></span> <span class='ocrx_word' id='word_1_383' title='bbox 2011 2135 2221 2181; x_wconf 76' lang='lat' dir='ltr'><strong>natura:</strong></span> <span class='ocrx_word' id='word_1_384' title='bbox 2272 2128 2542 2182; x_wconf 76' lang='lat' dir='ltr'><strong>terminos</strong></span> <span class='ocrx_word' id='word_1_385' title='bbox 2585 2137 2963 2203; x_wconf 69' lang='lat' dir='ltr'><strong>transgressus</strong></span> <span class='ocrx_word' id='word_1_386' title='bbox 2999 2129 3144 2199; x_wconf 83' lang='lat' dir='ltr'><strong>(nam</strong></span> <span class='ocrx_word' id='word_1_387' title='bbox 3191 2145 3424 2199; x_wconf 83' lang='lat' dir='ltr'><strong>superna</strong></span> <span class='ocrx_word' id='word_1_388' title='bbox 3522 2187 3525 2190; x_wconf 54' lang='grc'><strong>,</strong></span> 
     </span>
    </p>
   </div>
   <div class='ocr_carea' id='block_1_54' title="bbox 1849 2217 3427 2288">
    <p class='ocr_par' dir='ltr' id='par_1_54' title="bbox 1849 2217 3427 2288">
     <span class='ocr_line' id='line_1_54' title="bbox 1849 2217 3427 2288; baseline 0 -16"><span class='ocrx_word' id='word_1_389' title='bbox 1849 2228 1909 2272; x_wconf 88' lang='lat' dir='ltr'><strong>ut</strong></span> <span class='ocrx_word' id='word_1_390' title='bbox 1953 2217 2155 2288; x_wconf 79' lang='lat' dir='ltr'><strong>cegites</strong></span> <span class='ocrx_word' id='word_1_391' title='bbox 2193 2227 2247 2272; x_wconf 90' lang='lat' dir='ltr'><strong>et</strong></span> <span class='ocrx_word' id='word_1_392' title='bbox 2298 2218 2564 2288; x_wconf 84' lang='lat' dir='ltr'><strong>inquiras,</strong></span> <span class='ocrx_word' id='word_1_393' title='bbox 2611 2227 2780 2287; x_wconf 89' lang='lat' dir='ltr'><strong>utque</strong></span> <span class='ocrx_word' id='word_1_394' title='bbox 2809 2219 2977 2282; x_wconf 86' lang='lat' dir='ltr'><strong>animi</strong></span> <span class='ocrx_word' id='word_1_395' title='bbox 3025 2217 3080 2272; x_wconf 89' lang='lat' dir='ltr'><strong>vi</strong></span> <span class='ocrx_word' id='word_1_396' title='bbox 3124 2229 3178 2274; x_wconf 88' lang='lat' dir='ltr'><strong>et</strong></span> <span class='ocrx_word' id='word_1_397' title='bbox 3225 2220 3427 2274; x_wconf 87' lang='lat' dir='ltr'><strong>intelli-</strong></span> 
     </span>
    </p>
   </div>
   <div class='ocr_carea' id='block_1_55' title="bbox 1848 2309 3427 2380">
    <p class='ocr_par' dir='ltr' id='par_1_55' title="bbox 1848 2309 3427 2380">
     <span class='ocr_line' id='line_1_55' title="bbox 1848 2309 3427 2380; baseline 0.002 -17"><span class='ocrx_word' id='word_1_398' title='bbox 1848 2310 2032 2380; x_wconf 89' lang='lat' dir='ltr'><strong>gentia</strong></span> <span class='ocrx_word' id='word_1_399' title='bbox 2061 2309 2330 2378; x_wconf 89' lang='lat' dir='ltr'><strong>quidquid</strong></span> <span class='ocrx_word' id='word_1_400' title='bbox 2357 2312 2594 2365; x_wconf 86' lang='lat' dir='ltr'><strong>mundus</strong></span> <span class='ocrx_word' id='word_1_401' title='bbox 2623 2310 2712 2364; x_wconf 82' lang='lat' dir='ltr'><strong>ille</strong></span> <span class='ocrx_word' id='word_1_402' title='bbox 2764 2310 3028 2379; x_wconf 72' lang='lat' dir='ltr'><strong>Spiritalis</strong></span> <span class='ocrx_word' id='word_1_403' title='bbox 3055 2312 3218 2366; x_wconf 85' lang='lat' dir='ltr'><strong>habet</strong></span> <span class='ocrx_word' id='word_1_404' title='bbox 3253 2313 3427 2367; x_wconf 87' lang='lat' dir='ltr'><strong>medi-</strong></span> 
     </span>
    </p>
   </div>
   <div class='ocr_carea' id='block_1_56' title="bbox 1853 2403 3424 2480">
    <p class='ocr_par' dir='ltr' id='par_1_56' title="bbox 1853 2403 3424 2480">
     <span class='ocr_line' id='line_1_56' title="bbox 1853 2403 3424 2480; baseline 0.001 -24"><span class='ocrx_word' id='word_1_405' title='bbox 1853 2403 1980 2480; x_wconf 85' lang='lat' dir='ltr'><strong>teris</strong></span> <span class='ocrx_word' id='word_1_406' title='bbox 2028 2416 2094 2456; x_wconf 89' lang='lat' dir='ltr'><strong>ac</strong></span> <span class='ocrx_word' id='word_1_407' title='bbox 2145 2403 2516 2472; x_wconf 84' lang='lat' dir='ltr'><strong>persequaris,</strong></span> <span class='ocrx_word' id='word_1_408' title='bbox 2565 2403 2662 2472; x_wconf 91' lang='lat' dir='ltr'><strong>tibi</strong></span> <span class='ocrx_word' id='word_1_409' title='bbox 2719 2405 2998 2473; x_wconf 82' lang='lat' dir='ltr'><strong>suadent),</strong></span> <span class='ocrx_word' id='word_1_410' title='bbox 3049 2413 3131 2469; x_wconf 91' lang='lat' dir='ltr'><strong>tu,</strong></span> <span class='ocrx_word' id='word_1_411' title='bbox 3178 2405 3424 2475; x_wconf 89' lang='lat' dir='ltr'><strong>inquam,</strong></span> 
     </span>
    </p>
   </div>
   <div class='ocr_carea' id='block_1_57' title="bbox 1850 2488 3426 2564">
    <p class='ocr_par' dir='ltr' id='par_1_57' title="bbox 1850 2488 3426 2564">
     <span class='ocr_line' id='line_1_57' title="bbox 1850 2488 3426 2564; baseline 0.003 -17"><span class='ocrx_word' id='word_1_412' title='bbox 1850 2503 1907 2555; x_wconf 80' lang='lat' dir='ltr'><strong>et</strong></span> <span class='ocrx_word' id='word_1_413' title='bbox 1934 2504 2077 2548; x_wconf 88' lang='lat' dir='ltr'><strong>terra</strong></span> <span class='ocrx_word' id='word_1_414' title='bbox 2132 2501 2188 2549; x_wconf 91' lang='lat' dir='ltr'><strong>et</strong></span> <span class='ocrx_word' id='word_1_415' title='bbox 2237 2493 2354 2549; x_wconf 89' lang='lat' dir='ltr'><strong>sole</strong></span> <span class='ocrx_word' id='word_1_416' title='bbox 2383 2494 2538 2564; x_wconf 85' lang='lat' dir='ltr'><strong>pejor</strong></span> <span class='ocrx_word' id='word_1_417' title='bbox 2583 2496 2838 2558; x_wconf 84' lang='lat' dir='ltr'><strong>inventus</strong></span> <span class='ocrx_word' id='word_1_418' title='bbox 2869 2488 2963 2562; x_wconf 55' lang='lat' dir='ltr'><strong>es,</strong></span> <span class='ocrx_word' id='word_1_419' title='bbox 2996 2496 3264 2552; x_wconf 87' lang='lat' dir='ltr'><strong>inanimes</strong></span> <span class='ocrx_word' id='word_1_420' title='bbox 3299 2497 3426 2554; x_wconf 79' lang='lat' dir='ltr'><strong>licet</strong></span> 
     </span>
    </p>
   </div>
   <div class='ocr_carea' id='block_1_58' title="bbox 1851 2584 3428 2659">
    <p class='ocr_par' dir='ltr' id='par_1_58' title="bbox 1851 2584 3428 2659">
     <span class='ocr_line' id='line_1_58' title="bbox 1851 2584 3428 2659; baseline 0.005 -21"><span class='ocrx_word' id='word_1_421' title='bbox 1851 2584 1924 2638; x_wconf 85' lang='lat' dir='ltr'><strong>illi</strong></span> <span class='ocrx_word' id='word_1_422' title='bbox 1977 2586 2108 2650; x_wconf 83' lang='lat' dir='ltr'><strong>sint,</strong></span> <span class='ocrx_word' id='word_1_423' title='bbox 2177 2584 2500 2654; x_wconf 88' lang='lat' dir='ltr'><strong>nullumque</strong></span> <span class='ocrx_word' id='word_1_424' title='bbox 2558 2585 2790 2652; x_wconf 84' lang='lat' dir='ltr'><strong>rationis</strong></span> <span class='ocrx_word' id='word_1_425' title='bbox 2857 2586 3118 2659; x_wconf 87' lang='lat' dir='ltr'><strong>indicium</strong></span> <span class='ocrx_word' id='word_1_426' title='bbox 3188 2603 3300 2657; x_wconf 66' lang='lat' dir='ltr'><strong>prae</strong></span> <span class='ocrx_word' id='word_1_427' title='bbox 3366 2605 3428 2645; x_wconf 88' lang='lat' dir='ltr'><strong>se</strong></span> 
     </span>
    </p>
   </div>
   <div class='ocr_carea' id='block_1_59' title="bbox 1851 2674 3427 2751">
    <p class='ocr_par' dir='ltr' id='par_1_59' title="bbox 1851 2674 3427 2751">
     <span class='ocr_line' id='line_1_59' title="bbox 1851 2674 3427 2751; baseline 0.004 -21"><span class='ocrx_word' id='word_1_428' title='bbox 1851 2675 2048 2732; x_wconf 79' lang='lat' dir='ltr'><strong>ferant.</strong></span> <span class='ocrx_word' id='word_1_429' title='bbox 2091 2674 2294 2745; x_wconf 84' lang='lat' dir='ltr'><strong>Quidni</strong></span> <span class='ocrx_word' id='word_1_430' title='bbox 2336 2677 2498 2748; x_wconf 79' lang='lat' dir='ltr'><strong>igitur</strong></span> <span class='ocrx_word' id='word_1_431' title='bbox 2530 2678 2744 2734; x_wconf 82' lang='lat' dir='ltr'><strong>vanitas</strong></span> <span class='ocrx_word' id='word_1_432' title='bbox 2774 2679 3074 2734; x_wconf 85' lang='lat' dir='ltr'><strong>vanitatum</strong></span> <span class='ocrx_word' id='word_1_433' title='bbox 3108 2688 3162 2734; x_wconf 92' lang='lat' dir='ltr'><strong>tu</strong></span> <span class='ocrx_word' id='word_1_434' title='bbox 3199 2695 3427 2751; x_wconf 84' lang='lat' dir='ltr'><strong>quoque</strong></span> 
     </span>
    </p>
   </div>
   <div class='ocr_carea' id='block_1_60' title="bbox 1852 2767 3430 2848">
    <p class='ocr_par' dir='ltr' id='par_1_60' title="bbox 1852 2767 3430 2848">
     <span class='ocr_line' id='line_1_60' title="bbox 1852 2767 3430 2848; baseline 0.004 -24"><span class='ocrx_word' id='word_1_435' title='bbox 1852 2785 1959 2825; x_wconf 88' lang='lat' dir='ltr'><strong>una</strong></span> <span class='ocrx_word' id='word_1_436' title='bbox 2006 2784 2128 2824; x_wconf 90' lang='lat' dir='ltr'><strong>cum</strong></span> <span class='ocrx_word' id='word_1_437' title='bbox 2194 2767 2477 2838; x_wconf 78' lang='lat' dir='ltr'><strong>ﬂagitiosis</strong></span> <span class='ocrx_word' id='word_1_438' title='bbox 2537 2771 2830 2848; x_wconf 84' lang='lat' dir='ltr'><strong>pravisque</strong></span> <span class='ocrx_word' id='word_1_439' title='bbox 2889 2771 3311 2842; x_wconf 72' lang='lat' dir='ltr'><strong>cogitationibus</strong></span> <span class='ocrx_word' id='word_1_440' title='bbox 3372 2785 3430 2830; x_wconf 87' lang='lat' dir='ltr'><strong>et</strong></span> 
     </span>
    </p>
   </div>
   <div class='ocr_carea' id='block_1_61' title="bbox 1853 2854 3423 2936">
    <p class='ocr_par' dir='ltr' id='par_1_61' title="bbox 1853 2854 3423 2936">
     <span class='ocr_line' id='line_1_61' title="bbox 1853 2854 3423 2936; baseline 0.003 -19"><span class='ocrx_word' id='word_1_441' title='bbox 1853 2854 2014 2918; x_wconf 78' lang='lat' dir='ltr'><strong>dictis</strong></span> <span class='ocrx_word' id='word_1_442' title='bbox 2046 2872 2212 2932; x_wconf 89' lang='lat' dir='ltr'><strong>atque</strong></span> <span class='ocrx_word' id='word_1_443' title='bbox 2245 2861 2403 2917; x_wconf 81' lang='lat' dir='ltr'><strong>factis</strong></span> <span class='ocrx_word' id='word_1_444' title='bbox 2432 2862 2544 2917; x_wconf 84' lang='lat' dir='ltr'><strong>tuis</strong></span> <span class='ocrx_word' id='word_1_445' title='bbox 2585 2863 2885 2918; x_wconf 69' lang='lat' dir='ltr'><strong>habeatis?</strong></span> <span class='ocrx_word' id='word_1_446' title='bbox 2915 2872 3033 2919; x_wconf 83' lang='lat' dir='ltr'><strong>esto</strong></span> <span class='ocrx_word' id='word_1_447' title='bbox 3062 2865 3176 2921; x_wconf 67' lang='lat' dir='ltr'><strong>haac</strong></span> <span class='ocrx_word' id='word_1_448' title='bbox 3205 2865 3423 2936; x_wconf 85' lang='lat' dir='ltr'><strong>quidem</strong></span> 
     </span>
    </p>
   </div>
   <div class='ocr_carea' id='block_1_62' title="bbox 1854 2958 3502 3035">
    <p class='ocr_par' dir='ltr' id='par_1_62' title="bbox 1854 2958 3502 3035">
     <span class='ocr_line' id='line_1_62' title="bbox 1854 2958 3502 3035; baseline 0.006 -24"><span class='ocrx_word' id='word_1_449' title='bbox 1854 2973 2042 3011; x_wconf 81' lang='lat' dir='ltr'><strong>revera</strong></span> <span class='ocrx_word' id='word_1_450' title='bbox 2068 2959 2339 3017; x_wconf 84' lang='lat' dir='ltr'><strong>vanitates</strong></span> <span class='ocrx_word' id='word_1_451' title='bbox 2374 2959 2504 3022; x_wconf 77' lang='lat' dir='ltr'><strong>sint,</strong></span> <span class='ocrx_word' id='word_1_452' title='bbox 2541 2968 2595 3012; x_wconf 90' lang='lat' dir='ltr'><strong>tu</strong></span> <span class='ocrx_word' id='word_1_453' title='bbox 2634 2958 2907 3014; x_wconf 88' lang='lat' dir='ltr'><strong>levitatem</strong></span> <span class='ocrx_word' id='word_1_454' title='bbox 2946 2974 3136 3035; x_wconf 83' lang='lat' dir='ltr'><strong>eorum</strong></span> <span class='ocrx_word' id='word_1_455' title='bbox 3167 2962 3426 3018; x_wconf 88' lang='lat' dir='ltr'><strong>similitu-</strong></span> <span class='ocrx_word' id='word_1_456' title='bbox 3496 3015 3502 3021; x_wconf 94' lang='lat'><strong>.</strong></span> 
     </span>
    </p>
   </div>
   <div class='ocr_carea' id='block_1_63' title="bbox 1854 3048 2240 3105">
    <p class='ocr_par' dir='ltr' id='par_1_63' title="bbox 1854 3048 2240 3105">
     <span class='ocr_line' id='line_1_63' title="bbox 1854 3048 2240 3105; baseline 0.003 -1"><span class='ocrx_word' id='word_1_457' title='bbox 1854 3049 1980 3104; x_wconf 88' lang='lat' dir='ltr'><strong>dine</strong></span> <span class='ocrx_word' id='word_1_458' title='bbox 2014 3048 2240 3105; x_wconf 80' lang='lat' dir='ltr'><strong>referas.</strong></span> 
     </span>
    </p>
   </div>
   <div class='ocr_carea' id='block_1_64' title="bbox 1849 3222 3424 3298">
    <p class='ocr_par' dir='ltr' id='par_1_64' title="bbox 1849 3222 3424 3298">
     <span class='ocr_line' id='line_1_64' title="bbox 1849 3222 3424 3298; baseline 0.001 -16"><span class='ocrx_word' id='word_1_459' title='bbox 1849 3222 1857 3227; x_wconf 80' lang='grc'><em>’</em></span> <span class='ocrx_word' id='word_1_460' title='bbox 1925 3228 2034 3298; x_wconf 75' lang='lat'><strong>20</strong></span> <span class='ocrx_word' id='word_1_461' title='bbox 2060 3226 2424 3293; x_wconf 82' lang='lat' dir='ltr'><strong>Quamobrem</strong></span> <span class='ocrx_word' id='word_1_462' title='bbox 2469 3227 2607 3281; x_wconf 81' lang='lat' dir='ltr'><strong>dixit</strong></span> <span class='ocrx_word' id='word_1_463' title='bbox 2639 3226 2807 3282; x_wconf 85' lang='lat' dir='ltr'><strong>David</strong></span> <span class='ocrx_word' id='word_1_464' title='bbox 2847 3229 3146 3298; x_wconf 83' lang='lat' dir='ltr'><strong>propheta:</strong></span> <span class='ocrx_word' id='word_1_465' title='bbox 3193 3250 3211 3283; x_wconf 79' lang='grc' dir='ltr'><strong>ι</strong></span> <span class='ocrx_word' id='word_1_466' title='bbox 3249 3232 3424 3289; x_wconf 82' lang='lat' dir='ltr'><strong>Homo</strong></span> 
     </span>
    </p>
   </div>
   <div class='ocr_carea' id='block_1_65' title="bbox 132 3299 1741 3389">
    <p class='ocr_par' dir='ltr' id='par_1_65' title="bbox 132 3299 1741 3381">
     <span class='ocr_line' id='line_1_65' title="bbox 132 3299 1741 3381; baseline -0.001 -17"><span class='ocrx_word' id='word_1_467' title='bbox 132 3299 136 3303; x_wconf 44' lang='grc'><em>’</em></span> <span class='ocrx_word' id='word_1_468' title='bbox 173 3310 501 3381; x_wconf 77' lang='grc' dir='ltr'>ματαιότητι</span> <span class='ocrx_word' id='word_1_469' title='bbox 534 3307 826 3379; x_wconf 71' lang='grc' dir='ltr'>ὡμοιώθη·</span> <span class='ocrx_word' id='word_1_470' title='bbox 862 3309 927 3374; x_wconf 72' lang='grc' dir='ltr'><strong>αι</strong></span> <span class='ocrx_word' id='word_1_471' title='bbox 971 3309 1175 3378; x_wconf 82' lang='grc' dir='ltr'>ἡμέραι</span> <span class='ocrx_word' id='word_1_472' title='bbox 1225 3309 1392 3362; x_wconf 84' lang='grc' dir='ltr'>αὑτοῦ</span> <span class='ocrx_word' id='word_1_473' title='bbox 1438 3310 1572 3362; x_wconf 84' lang='grc' dir='ltr'>ὡσεὶ</span> <span class='ocrx_word' id='word_1_474' title='bbox 1623 3309 1741 3362; x_wconf 73' lang='grc' dir='ltr'>σκιὰ</span> 
     </span>
    </p>
   </div>
   <div class='ocr_carea' id='block_1_66' title="bbox 1847 3299 3420 3389">
    <p class='ocr_par' dir='ltr' id='par_1_66' title="bbox 1851 3319 3420 3389">
     <span class='ocr_line' id='line_1_66' title="bbox 1851 3319 3420 3389; baseline 0.005 -16"><span class='ocrx_word' id='word_1_475' title='bbox 1851 3321 2075 3374; x_wconf 88' lang='lat' dir='ltr'><strong>vanitati</strong></span> <span class='ocrx_word' id='word_1_476' title='bbox 2112 3319 2312 3374; x_wconf 84' lang='lat' dir='ltr'><strong>similis</strong></span> <span class='ocrx_word' id='word_1_477' title='bbox 2347 3319 2524 3374; x_wconf 80' lang='lat' dir='ltr'><strong>laetus</strong></span> <span class='ocrx_word' id='word_1_478' title='bbox 2574 3329 2696 3376; x_wconf 87' lang='lat' dir='ltr'><strong>est:</strong></span> <span class='ocrx_word' id='word_1_479' title='bbox 2727 3321 2845 3375; x_wconf 86' lang='lat' dir='ltr'><strong>dies</strong></span> <span class='ocrx_word' id='word_1_480' title='bbox 2886 3323 3007 3389; x_wconf 83' lang='lat' dir='ltr'><strong>ejus</strong></span> <span class='ocrx_word' id='word_1_481' title='bbox 3037 3324 3180 3377; x_wconf 85' lang='lat' dir='ltr'><strong>sicut</strong></span> <span class='ocrx_word' id='word_1_482' title='bbox 3224 3329 3420 3381; x_wconf 82' lang='lat' dir='ltr'><strong>umbra</strong></span> 
     </span>
    </p>
   </div>
   <div class='ocr_carea' id='block_1_67' title="bbox 169 3400 1757 3476">
    <p class='ocr_par' dir='ltr' id='par_1_67' title="bbox 169 3400 1757 3476">
     <span class='ocr_line' id='line_1_67' title="bbox 169 3400 1757 3476; baseline -0.001 -18"><span class='ocrx_word' id='word_1_483' title='bbox 169 3405 504 3476; x_wconf 78' lang='grc' dir='ltr'>παράγουσι.</span> <span class='ocrx_word' id='word_1_484' title='bbox 538 3420 558 3453; x_wconf 72' lang='grc' dir='ltr'><strong>ι</strong></span> <span class='ocrx_word' id='word_1_485' title='bbox 595 3401 906 3473; x_wconf 80' lang='grc' dir='ltr'>Παράδοξον</span> <span class='ocrx_word' id='word_1_486' title='bbox 933 3400 1011 3472; x_wconf 82' lang='grc' dir='ltr'>τῷ</span> <span class='ocrx_word' id='word_1_487' title='bbox 1052 3401 1166 3454; x_wconf 76' lang='grc' dir='ltr'>ὄντι</span> <span class='ocrx_word' id='word_1_488' title='bbox 1227 3402 1325 3474; x_wconf 76' lang='grc' dir='ltr'><strong>τὴν</strong></span> <span class='ocrx_word' id='word_1_489' title='bbox 1362 3401 1757 3474; x_wconf 64' lang='grc' dir='ltr'>ἀκριᾰολογίαν,</span> 
     </span>
    </p>
   </div>
   <div class='ocr_carea' id='block_1_68' title="bbox 169 3493 1746 3568">
    <p class='ocr_par' dir='ltr' id='par_1_68' title="bbox 169 3493 1746 3568">
     <span class='ocr_line' id='line_1_68' title="bbox 169 3493 1746 3568; baseline -0.003 -19"><span class='ocrx_word' id='word_1_490' title='bbox 169 3498 268 3568; x_wconf 81' lang='grc' dir='ltr'>τῆς</span> <span class='ocrx_word' id='word_1_491' title='bbox 319 3497 523 3562; x_wconf 79' lang='grc' dir='ltr'>λέξεως</span> <span class='ocrx_word' id='word_1_492' title='bbox 560 3494 817 3564; x_wconf 73' lang='grc' dir='ltr'>περὶτῆς</span> <span class='ocrx_word' id='word_1_493' title='bbox 846 3493 1138 3565; x_wconf 77' lang='grc' dir='ltr'>ἀνθρώπου</span> <span class='ocrx_word' id='word_1_494' title='bbox 1172 3494 1386 3563; x_wconf 83' lang='grc' dir='ltr'>φύσεως</span> <span class='ocrx_word' id='word_1_495' title='bbox 1423 3497 1451 3547; x_wconf 86' lang='grc' dir='ltr'><strong>ό</strong></span> <span class='ocrx_word' id='word_1_496' title='bbox 1475 3501 1746 3565; x_wconf 79' lang='grc' dir='ltr'>προφητι-</span> 
     </span>
    </p>
   </div>
   <div class='ocr_carea' id='block_1_69' title="bbox 170 3583 1736 3658">
    <p class='ocr_par' dir='ltr' id='par_1_69' title="bbox 170 3583 1736 3658">
     <span class='ocr_line' id='line_1_69' title="bbox 170 3583 1736 3658; baseline -0.002 -18"><span class='ocrx_word' id='word_1_497' title='bbox 170 3588 263 3652; x_wconf 81' lang='grc' dir='ltr'><strong>κδς</strong></span> <span class='ocrx_word' id='word_1_498' title='bbox 286 3588 580 3658; x_wconf 75' lang='grc' dir='ltr'>ἐποιήσατο</span> <span class='ocrx_word' id='word_1_499' title='bbox 595 3584 772 3654; x_wconf 85' lang='grc' dir='ltr'>λόγος.</span> <span class='ocrx_word' id='word_1_500' title='bbox 797 3585 907 3638; x_wconf 82' lang='grc' dir='ltr'>Καὶ</span> <span class='ocrx_word' id='word_1_501' title='bbox 928 3586 1037 3654; x_wconf 82' lang='grc' dir='ltr'>γὰρ</span> <span class='ocrx_word' id='word_1_502' title='bbox 1065 3585 1256 3657; x_wconf 75' lang='grc' dir='ltr'>ἐπειδὴ</span> <span class='ocrx_word' id='word_1_503' title='bbox 1295 3584 1402 3638; x_wconf 90' lang='grc' dir='ltr'><strong>τῶν</strong></span> <span class='ocrx_word' id='word_1_504' title='bbox 1431 3585 1578 3655; x_wconf 87' lang='grc' dir='ltr'><strong>παρά</strong></span> <span class='ocrx_word' id='word_1_505' title='bbox 1600 3583 1736 3637; x_wconf 86' lang='grc' dir='ltr'>Θεοῦ</span> 
     </span>
    </p>
   </div>
   <div class='ocr_carea' id='block_1_70' title="bbox 169 3671 1746 3753">
    <p class='ocr_par' dir='ltr' id='par_1_70' title="bbox 169 3671 1746 3753">
     <span class='ocr_line' id='line_1_70' title="bbox 169 3671 1746 3753; baseline -0.003 -19"><span class='ocrx_word' id='word_1_506' title='bbox 169 3679 472 3748; x_wconf 72' lang='grc' dir='ltr'>γεγονότων</span> <span class='ocrx_word' id='word_1_507' title='bbox 505 3679 595 3730; x_wconf 80' lang='grc' dir='ltr'><strong>καὶ</strong></span> <span class='ocrx_word' id='word_1_508' title='bbox 617 3679 742 3730; x_wconf 81' lang='grc' dir='ltr'>κατ’</span> <span class='ocrx_word' id='word_1_509' title='bbox 767 3676 962 3753; x_wconf 72' lang='grc' dir='ltr'>οὐσίαν</span> <span class='ocrx_word' id='word_1_510' title='bbox 997 3671 1092 3730; x_wconf 66' lang='grc' dir='ltr'><strong>καὶ</strong></span> <span class='ocrx_word' id='word_1_511' title='bbox 1119 3677 1356 3750; x_wconf 82' lang='grc' dir='ltr'>φυσικὴν</span> <span class='ocrx_word' id='word_1_512' title='bbox 1377 3676 1475 3749; x_wconf 84' lang='grc' dir='ltr'><strong>τὴν</strong></span> <span class='ocrx_word' id='word_1_513' title='bbox 1511 3677 1746 3748; x_wconf 77' lang='grc' dir='ltr'>ὓπαρξιν</span> 
     </span>
    </p>
   </div>
   <div class='ocr_carea' id='block_1_71' title="bbox 170 3768 1746 3841">
    <p class='ocr_par' dir='ltr' id='par_1_71' title="bbox 170 3768 1746 3841">
     <span class='ocr_line' id='line_1_71' title="bbox 170 3768 1746 3841; baseline -0.001 -16"><span class='ocrx_word' id='word_1_514' title='bbox 170 3770 446 3825; x_wconf 78' lang='grc' dir='ltr'>λαὸόντων</span> <span class='ocrx_word' id='word_1_515' title='bbox 479 3769 630 3823; x_wconf 80' lang='grc' dir='ltr'>οὐδὲν</span> <span class='ocrx_word' id='word_1_516' title='bbox 687 3768 917 3841; x_wconf 79' lang='grc' dir='ltr'>εὓρηται</span> <span class='ocrx_word' id='word_1_517' title='bbox 941 3769 1167 3837; x_wconf 85' lang='grc' dir='ltr'>γεγονὸς</span> <span class='ocrx_word' id='word_1_518' title='bbox 1193 3770 1370 3838; x_wconf 86' lang='grc' dir='ltr'>μάτην</span> <span class='ocrx_word' id='word_1_519' title='bbox 1389 3787 1404 3802; x_wconf 77' lang='grc' dir='ltr'><strong>ο</strong></span> <span class='ocrx_word' id='word_1_520' title='bbox 1439 3771 1533 3824; x_wconf 73' lang='grc' dir='ltr'><strong>καὶ</strong></span> <span class='ocrx_word' id='word_1_521' title='bbox 1554 3771 1746 3824; x_wconf 85' lang='grc' dir='ltr'>τούτου</span> 
     </span>
    </p>
   </div>
   <div class='ocr_carea' id='block_1_72' title="bbox 167 3846 1743 3936">
    <p class='ocr_par' dir='ltr' id='par_1_72' title="bbox 167 3846 1743 3936">
     <span class='ocr_line' id='line_1_72' title="bbox 167 3846 1743 3936; baseline -0.002 -17"><span class='ocrx_word' id='word_1_522' title='bbox 167 3863 332 3936; x_wconf 79' lang='grc' dir='ltr'>χάριν</span> <span class='ocrx_word' id='word_1_523' title='bbox 355 3846 477 3916; x_wconf 72' lang='grc' dir='ltr'>οὐδὲ</span> <span class='ocrx_word' id='word_1_524' title='bbox 497 3862 800 3932; x_wconf 84' lang='grc' dir='ltr'>ματαιότης</span> <span class='ocrx_word' id='word_1_525' title='bbox 815 3862 1135 3932; x_wconf 83' lang='grc' dir='ltr'>ὠνόμασται</span> <span class='ocrx_word' id='word_1_526' title='bbox 1155 3861 1370 3914; x_wconf 82' lang='grc' dir='ltr'>κατὰτὸ</span> <span class='ocrx_word' id='word_1_527' title='bbox 1399 3863 1698 3916; x_wconf 83' lang='grc' dir='ltr'>ἀκόλουοον</span> <span class='ocrx_word' id='word_1_528' title='bbox 1730 3881 1743 3893; x_wconf 90' lang='grc'><strong>·</strong></span> 
     </span>
    </p>
   </div>
   <div class='ocr_carea' id='block_1_73' title="bbox 165 3953 1748 4025">
    <p class='ocr_par' dir='ltr' id='par_1_73' title="bbox 165 3953 1748 4025">
     <span class='ocr_line' id='line_1_73' title="bbox 165 3953 1748 4025; baseline -0.002 -16"><span class='ocrx_word' id='word_1_529' title='bbox 165 3954 257 4010; x_wconf 78' lang='grc' dir='ltr'>διὰ</span> <span class='ocrx_word' id='word_1_530' title='bbox 282 3955 446 4008; x_wconf 79' lang='grc' dir='ltr'>τοῦτο</span> <span class='ocrx_word' id='word_1_531' title='bbox 473 3955 568 4006; x_wconf 77' lang='grc' dir='ltr'><strong>καὶ</strong></span> <span class='ocrx_word' id='word_1_532' title='bbox 620 3953 714 4007; x_wconf 80' lang='grc' dir='ltr'><strong>τὸν</strong></span> <span class='ocrx_word' id='word_1_533' title='bbox 747 3953 1037 4025; x_wconf 74' lang='grc' dir='ltr'>ἄνθρωπον</span> <span class='ocrx_word' id='word_1_534' title='bbox 1058 3953 1183 4024; x_wconf 71' lang='grc' dir='ltr'>οὐχι</span> <span class='ocrx_word' id='word_1_535' title='bbox 1212 3953 1548 4023; x_wconf 77' lang='grc' dir='ltr'>ματαιότητα</span> <span class='ocrx_word' id='word_1_536' title='bbox 1578 3971 1748 4024; x_wconf 82' lang='grc' dir='ltr'>προσ-</span> 
     </span>
    </p>
   </div>
   <div class='ocr_carea' id='block_1_74' title="bbox 164 4043 1744 4119">
    <p class='ocr_par' dir='ltr' id='par_1_74' title="bbox 164 4043 1744 4119">
     <span class='ocr_line' id='line_1_74' title="bbox 164 4043 1744 4119; baseline -0.002 -18"><span class='ocrx_word' id='word_1_537' title='bbox 164 4049 469 4119; x_wconf 79' lang='grc' dir='ltr'>ηγόρευσεν</span> <span class='ocrx_word' id='word_1_538' title='bbox 503 4061 519 4077; x_wconf 77' lang='grc' dir='ltr'><strong>ο</strong></span> <span class='ocrx_word' id='word_1_539' title='bbox 544 4043 680 4100; x_wconf 88' lang='grc' dir='ltr'><strong>ἀλλά</strong></span> <span class='ocrx_word' id='word_1_540' title='bbox 715 4046 1039 4116; x_wconf 81' lang='grc' dir='ltr'>ματαιότητι</span> <span class='ocrx_word' id='word_1_541' title='bbox 1069 4043 1458 4116; x_wconf 77' lang='grc' dir='ltr'>προσηκόντως</span> <span class='ocrx_word' id='word_1_542' title='bbox 1477 4047 1744 4099; x_wconf 80' lang='grc' dir='ltr'>ἀπείκασε</span> 
     </span>
    </p>
   </div>
   <div class='ocr_carea' id='block_1_75' title="bbox 166 4137 1744 4210">
    <p class='ocr_par' dir='ltr' id='par_1_75' title="bbox 166 4137 1744 4210">
     <span class='ocr_line' id='line_1_75' title="bbox 166 4137 1744 4210; baseline -0.001 -17"><span class='ocrx_word' id='word_1_543' title='bbox 166 4139 256 4193; x_wconf 77' lang='grc' dir='ltr'>διὰ</span> <span class='ocrx_word' id='word_1_544' title='bbox 298 4139 400 4202; x_wconf 85' lang='grc' dir='ltr'>τὰς</span> <span class='ocrx_word' id='word_1_545' title='bbox 443 4138 584 4194; x_wconf 85' lang='grc' dir='ltr'><strong>κατά</strong></span> <span class='ocrx_word' id='word_1_546' title='bbox 616 4137 964 4210; x_wconf 79' lang='grc' dir='ltr'>συμϐεϐηκὸς</span> <span class='ocrx_word' id='word_1_547' title='bbox 995 4137 1170 4207; x_wconf 82' lang='grc' dir='ltr'>αὑτῷ-</span> <span class='ocrx_word' id='word_1_548' title='bbox 1200 4154 1744 4209; x_wconf 83' lang='grc' dir='ltr'>προσπαρεισκεκρι-</span> 
     </span>
    </p>
   </div>
   <div class='ocr_carea' id='block_1_76' title="bbox 170 4229 1740 4302">
    <p class='ocr_par' dir='ltr' id='par_1_76' title="bbox 170 4229 1740 4302">
     <span class='ocr_line' id='line_1_76' title="bbox 170 4229 1740 4302; baseline 0.001 -19"><span class='ocrx_word' id='word_1_549' title='bbox 170 4230 343 4301; x_wconf 85' lang='grc' dir='ltr'>μένας</span> <span class='ocrx_word' id='word_1_550' title='bbox 374 4229 598 4296; x_wconf 76' lang='grc' dir='ltr'>ἔξωθεν,</span> <span class='ocrx_word' id='word_1_551' title='bbox 629 4231 726 4284; x_wconf 72' lang='grc' dir='ltr'>καὶ</span> <span class='ocrx_word' id='word_1_552' title='bbox 747 4246 943 4297; x_wconf 84' lang='grc' dir='ltr'>συμπα</span> <span class='ocrx_word' id='word_1_553' title='bbox 959 4229 1371 4299; x_wconf 84' lang='grc' dir='ltr'>ρυφισταμένας</span> <span class='ocrx_word' id='word_1_554' title='bbox 1402 4230 1537 4299; x_wconf 82' lang='grc' dir='ltr'>πρὸς</span> <span class='ocrx_word' id='word_1_555' title='bbox 1570 4231 1740 4302; x_wconf 82' lang='grc' dir='ltr'>βραχὺ</span> 
     </span>
    </p>
   </div>
   <div class='ocr_carea' id='block_1_77' title="bbox 170 4321 1742 4395">
    <p class='ocr_par' dir='ltr' id='par_1_77' title="bbox 170 4321 1742 4395">
     <span class='ocr_line' id='line_1_77' title="bbox 170 4321 1742 4395; baseline 0.015 -22"><span class='ocrx_word' id='word_1_556' title='bbox 170 4324 416 4395; x_wconf 75' lang='grc' dir='ltr'>πονηρὰς</span> <span class='ocrx_word' id='word_1_557' title='bbox 468 4323 698 4394; x_wconf 76' lang='grc' dir='ltr'>πράξεις</span> <span class='ocrx_word' id='word_1_558' title='bbox 749 4323 809 4386; x_wconf 77' lang='grc' dir='ltr'>ἐξ</span> <span class='ocrx_word' id='word_1_559' title='bbox 867 4321 1143 4386; x_wconf 77' lang='grc' dir='ltr'>ἀϐουλίαςο</span> <span class='ocrx_word' id='word_1_560' title='bbox 1212 4324 1269 4375; x_wconf 88' lang='lat'><strong>&#39;0</strong></span> <span class='ocrx_word' id='word_1_561' title='bbox 1304 4321 1413 4393; x_wconf 80' lang='grc' dir='ltr'><strong>γὰρ</strong></span> <span class='ocrx_word' id='word_1_562' title='bbox 1474 4323 1742 4394; x_wconf 77' lang='grc' dir='ltr'>μηδαμῶς</span> 
     </span>
    </p>
   </div>
   <div class='ocr_carea' id='block_1_78' title="bbox 166 4412 1740 4484">
    <p class='ocr_par' dir='ltr' id='par_1_78' title="bbox 166 4412 1740 4484">
     <span class='ocr_line' id='line_1_78' title="bbox 166 4412 1740 4484; baseline -0.001 -16"><span class='ocrx_word' id='word_1_563' title='bbox 166 4415 293 4479; x_wconf 80' lang='grc' dir='ltr'>τοὺς</span> <span class='ocrx_word' id='word_1_564' title='bbox 337 4413 606 4484; x_wconf 79' lang='grc' dir='ltr'>φυσικοὺς</span> <span class='ocrx_word' id='word_1_565' title='bbox 636 4414 796 4484; x_wconf 82' lang='grc' dir='ltr'>ὅρους</span> <span class='ocrx_word' id='word_1_566' title='bbox 834 4412 1154 4483; x_wconf 78' lang='grc' dir='ltr'>ἀλωὸήτους</span> <span class='ocrx_word' id='word_1_567' title='bbox 1204 4413 1470 4481; x_wconf 77' lang='grc' dir='ltr'>φυλάξας,</span> <span class='ocrx_word' id='word_1_568' title='bbox 1512 4415 1626 4469; x_wconf 82' lang='grc' dir='ltr'>ἀλλ’</span> <span class='ocrx_word' id='word_1_569' title='bbox 1651 4417 1740 4481; x_wconf 77' lang='grc' dir='ltr'><strong>ἐξ-</strong></span> 
     </span>
    </p>
   </div>
   <div class='ocr_carea' id='block_1_79' title="bbox 1852 3411 3420 3482">
    <p class='ocr_par' dir='ltr' id='par_1_79' title="bbox 1852 3411 3420 3482">
     <span class='ocr_line' id='line_1_79' title="bbox 1852 3411 3420 3482; baseline 0.005 -17"><span class='ocrx_word' id='word_1_570' title='bbox 1852 3419 2181 3481; x_wconf 60' lang='lat' dir='ltr'><strong>praetereunt</strong></span> <span class='ocrx_word' id='word_1_571' title='bbox 2241 3411 2375 3481; x_wconf 77' lang='lat'><strong>(37).</strong></span> <span class='ocrx_word' id='word_1_572' title='bbox 2439 3412 2606 3480; x_wconf 87' lang='lat' dir='ltr'><strong>Cujus</strong></span> <span class='ocrx_word' id='word_1_573' title='bbox 2662 3413 2881 3482; x_wconf 88' lang='lat' dir='ltr'><strong>quidem</strong></span> <span class='ocrx_word' id='word_1_574' title='bbox 2944 3413 2997 3467; x_wconf 91' lang='lat' dir='ltr'><strong>in</strong></span> <span class='ocrx_word' id='word_1_575' title='bbox 3052 3417 3231 3471; x_wconf 87' lang='lat' dir='ltr'><strong>verbis</strong></span> <span class='ocrx_word' id='word_1_576' title='bbox 3285 3420 3420 3473; x_wconf 82' lang='lat' dir='ltr'><strong>mira</strong></span> 
     </span>
    </p>
   </div>
   <div class='ocr_carea' id='block_1_80' title="bbox 1850 3502 3513 3573">
    <p class='ocr_par' dir='ltr' id='par_1_80' title="bbox 1850 3502 3513 3573">
     <span class='ocr_line' id='line_1_80' title="bbox 1850 3502 3513 3573; baseline 0.005 -17"><span class='ocrx_word' id='word_1_577' title='bbox 1850 3504 2006 3573; x_wconf 88' lang='lat' dir='ltr'><strong>plane</strong></span> <span class='ocrx_word' id='word_1_578' title='bbox 2046 3511 2210 3572; x_wconf 85' lang='lat' dir='ltr'><strong>atque</strong></span> <span class='ocrx_word' id='word_1_579' title='bbox 2238 3502 2509 3572; x_wconf 82' lang='lat' dir='ltr'><strong>exquisita</strong></span> <span class='ocrx_word' id='word_1_580' title='bbox 2557 3503 2697 3558; x_wconf 88' lang='lat' dir='ltr'><strong>inest</strong></span> <span class='ocrx_word' id='word_1_581' title='bbox 2726 3503 2793 3559; x_wconf 89' lang='lat' dir='ltr'><strong>de</strong></span> <span class='ocrx_word' id='word_1_582' title='bbox 2829 3503 3069 3560; x_wconf 87' lang='lat' dir='ltr'><strong>humana</strong></span> <span class='ocrx_word' id='word_1_583' title='bbox 3115 3515 3306 3562; x_wconf 86' lang='lat' dir='ltr'><strong>natura</strong></span> <span class='ocrx_word' id='word_1_584' title='bbox 3341 3512 3422 3565; x_wconf 85' lang='lat' dir='ltr'><strong>lo-</strong></span> <span class='ocrx_word' id='word_1_585' title='bbox 3510 3548 3513 3551; x_wconf 86' lang='lat'><strong>-</strong></span> 
     </span>
    </p>
   </div>
   <div class='ocr_carea' id='block_1_81' title="bbox 1847 3595 3423 3668">
    <p class='ocr_par' dir='ltr' id='par_1_81' title="bbox 1847 3595 3423 3668">
     <span class='ocr_line' id='line_1_81' title="bbox 1847 3595 3423 3668; baseline 0.003 -19"><span class='ocrx_word' id='word_1_586' title='bbox 1847 3597 1994 3649; x_wconf 91' lang='lat' dir='ltr'><strong>cutio</strong></span> <span class='ocrx_word' id='word_1_587' title='bbox 2025 3615 2037 3649; x_wconf 76' lang='grc' dir='ltr'>ε</span> <span class='ocrx_word' id='word_1_588' title='bbox 2090 3611 2213 3648; x_wconf 89' lang='lat' dir='ltr'><strong>nam</strong></span> <span class='ocrx_word' id='word_1_589' title='bbox 2248 3610 2372 3649; x_wconf 91' lang='lat' dir='ltr'><strong>cum</strong></span> <span class='ocrx_word' id='word_1_590' title='bbox 2409 3595 2476 3668; x_wconf 10' lang='lat' dir='ltr'><strong>Vin</strong></span> <span class='ocrx_word' id='word_1_591' title='bbox 2519 3595 2606 3658; x_wconf 86' lang='lat' dir='ltr'><strong>iis,</strong></span> <span class='ocrx_word' id='word_1_592' title='bbox 2641 3611 2764 3666; x_wconf 75' lang='lat' dir='ltr'><strong>qua:</strong></span> <span class='ocrx_word' id='word_1_593' title='bbox 2811 3596 3078 3651; x_wconf 84' lang='lat' dir='ltr'><strong>divinitus</strong></span> <span class='ocrx_word' id='word_1_594' title='bbox 3112 3601 3332 3653; x_wconf 87' lang='lat' dir='ltr'><strong>condita</strong></span> <span class='ocrx_word' id='word_1_595' title='bbox 3369 3611 3423 3654; x_wconf 83' lang='lat' dir='ltr'><strong>et</strong></span> 
     </span>
    </p>
   </div>
   <div class='ocr_carea' id='block_1_82' title="bbox 1847 3677 3419 3760">
    <p class='ocr_par' dir='ltr' id='par_1_82' title="bbox 1847 3677 3419 3760">
     <span class='ocr_line' id='line_1_82' title="bbox 1847 3677 3419 3760; baseline 0.001 -15"><span class='ocrx_word' id='word_1_596' title='bbox 1847 3690 1913 3745; x_wconf 88' lang='lat' dir='ltr'><strong>ad</strong></span> <span class='ocrx_word' id='word_1_597' title='bbox 1964 3689 2188 3744; x_wconf 88' lang='lat' dir='ltr'><strong>stabiles</strong></span> <span class='ocrx_word' id='word_1_598' title='bbox 2224 3698 2432 3743; x_wconf 73' lang='lat' dir='ltr'><strong>natura:</strong></span> <span class='ocrx_word' id='word_1_599' title='bbox 2481 3687 2629 3760; x_wconf 87' lang='lat' dir='ltr'><strong>leges</strong></span> <span class='ocrx_word' id='word_1_600' title='bbox 2679 3691 2974 3744; x_wconf 88' lang='lat' dir='ltr'><strong>constituta</strong></span> <span class='ocrx_word' id='word_1_601' title='bbox 3023 3677 3172 3753; x_wconf 78' lang='lat' dir='ltr'><strong>Sunt,</strong></span> <span class='ocrx_word' id='word_1_602' title='bbox 3223 3693 3356 3746; x_wconf 90' lang='lat' dir='ltr'><strong>nihil</strong></span> <span class='ocrx_word' id='word_1_603' title='bbox 3391 3712 3419 3746; x_wconf 74' lang='grc' dir='ltr'><strong>ιι</strong></span> 
     </span>
    </p>
   </div>
   <div class='ocr_carea' id='block_1_83' title="bbox 1849 3781 3417 3853">
    <p class='ocr_par' dir='ltr' id='par_1_83' title="bbox 1849 3781 3417 3853">
     <span class='ocr_line' id='line_1_83' title="bbox 1849 3781 3417 3853; baseline 0.001 -16"><span class='ocrx_word' id='word_1_604' title='bbox 1849 3783 1957 3837; x_wconf 91' lang='lat' dir='ltr'><strong>Deo</strong></span> <span class='ocrx_word' id='word_1_605' title='bbox 2010 3784 2127 3837; x_wconf 88' lang='lat' dir='ltr'><strong>sine</strong></span> <span class='ocrx_word' id='word_1_606' title='bbox 2175 3781 2412 3838; x_wconf 89' lang='lat' dir='ltr'><strong>consilio</strong></span> <span class='ocrx_word' id='word_1_607' title='bbox 2464 3781 2690 3843; x_wconf 82' lang='lat' dir='ltr'><strong>factum.</strong></span> <span class='ocrx_word' id='word_1_608' title='bbox 2724 3797 2894 3852; x_wconf 82' lang='lat' dir='ltr'><strong>eaque</strong></span> <span class='ocrx_word' id='word_1_609' title='bbox 2935 3783 3001 3837; x_wconf 91' lang='lat' dir='ltr'><strong>de</strong></span> <span class='ocrx_word' id='word_1_610' title='bbox 3053 3798 3213 3837; x_wconf 85' lang='lat' dir='ltr'><strong>causa</strong></span> <span class='ocrx_word' id='word_1_611' title='bbox 3261 3786 3417 3853; x_wconf 79' lang='lat' dir='ltr'><strong>nihil,</strong></span> 
     </span>
    </p>
   </div>
   <div class='ocr_carea' id='block_1_84' title="bbox 1847 3873 3420 3947">
    <p class='ocr_par' dir='ltr' id='par_1_84' title="bbox 1847 3873 3420 3947">
     <span class='ocr_line' id='line_1_84' title="bbox 1847 3873 3420 3947; baseline 0.003 -19"><span class='ocrx_word' id='word_1_612' title='bbox 1847 3877 1989 3944; x_wconf 69' lang='lat' dir='ltr'><strong>quoii</strong></span> <span class='ocrx_word' id='word_1_613' title='bbox 2029 3874 2241 3928; x_wconf 86' lang='lat' dir='ltr'><strong>vanitas</strong></span> <span class='ocrx_word' id='word_1_614' title='bbox 2267 3873 2391 3941; x_wconf 88' lang='lat' dir='ltr'><strong>jure</strong></span> <span class='ocrx_word' id='word_1_615' title='bbox 2424 3874 3010 3944; x_wconf 81' lang='lat' dir='ltr'><strong>appelletur,.inveniri</strong></span> <span class='ocrx_word' id='word_1_616' title='bbox 3047 3877 3253 3945; x_wconf 77' lang='lat' dir='ltr'><strong>possit;</strong></span> <span class='ocrx_word' id='word_1_617' title='bbox 3292 3893 3420 3947; x_wconf 84' lang='lat' dir='ltr'><strong>pro-</strong></span> 
     </span>
    </p>
   </div>
   <div class='ocr_carea' id='block_1_85' title="bbox 1846 3951 3418 4033">
    <p class='ocr_par' dir='ltr' id='par_1_85' title="bbox 1846 3951 3418 4033">
     <span class='ocr_line' id='line_1_85' title="bbox 1846 3951 3418 4033; baseline 0.003 -17"><span class='ocrx_word' id='word_1_618' title='bbox 1846 3972 2027 4033; x_wconf 86' lang='lat' dir='ltr'><strong>pterea</strong></span> <span class='ocrx_word' id='word_1_619' title='bbox 2080 3961 2353 4016; x_wconf 89' lang='lat' dir='ltr'><strong>hominem</strong></span> <span class='ocrx_word' id='word_1_620' title='bbox 2385 3976 2736 4032; x_wconf 88' lang='lat' dir='ltr'><strong>nequaquam</strong></span> <span class='ocrx_word' id='word_1_621' title='bbox 2787 3951 3078 4017; x_wconf 83' lang='lat' dir='ltr'><strong>vanitatem</strong></span> <span class='ocrx_word' id='word_1_622' title='bbox 3116 3965 3290 4019; x_wconf 83' lang='lat' dir='ltr'><strong>dixit:</strong></span> <span class='ocrx_word' id='word_1_623' title='bbox 3327 3969 3418 4020; x_wconf 83' lang='lat' dir='ltr'><strong>sed</strong></span> 
     </span>
    </p>
   </div>
   <div class='ocr_carea' id='block_1_86' title="bbox 1849 4057 3420 4125">
    <p class='ocr_par' dir='ltr' id='par_1_86' title="bbox 1849 4057 3420 4125">
     <span class='ocr_line' id='line_1_86' title="bbox 1849 4057 3420 4125; baseline 0.003 -16"><span class='ocrx_word' id='word_1_624' title='bbox 1849 4067 2024 4109; x_wconf 89' lang='lat' dir='ltr'><strong>tamen</strong></span> <span class='ocrx_word' id='word_1_625' title='bbox 2060 4068 2351 4122; x_wconf 88' lang='lat' dir='ltr'><strong>pravorum</strong></span> <span class='ocrx_word' id='word_1_626' title='bbox 2413 4069 2638 4122; x_wconf 86' lang='lat' dir='ltr'><strong>operum</strong></span> <span class='ocrx_word' id='word_1_627' title='bbox 2693 4069 2844 4124; x_wconf 88' lang='lat' dir='ltr'><strong>ergo,</strong></span> <span class='ocrx_word' id='word_1_628' title='bbox 2901 4069 3024 4125; x_wconf 67' lang='lat' dir='ltr'><strong>quae</strong></span> <span class='ocrx_word' id='word_1_629' title='bbox 3081 4057 3420 4113; x_wconf 83' lang='lat' dir='ltr'><strong>extrinsecus</strong></span> 
     </span>
    </p>
   </div>
   <div class='ocr_carea' id='block_1_87' title="bbox 1834 4143 3420 4224">
    <p class='ocr_par' dir='ltr' id='par_1_87' title="bbox 1834 4143 3420 4224">
     <span class='ocr_line' id='line_1_87' title="bbox 1834 4143 3420 4224; baseline 0.002 -22"><span class='ocrx_word' id='word_1_630' title='bbox 1834 4143 2036 4224; x_wconf 69' lang='lat' dir='ltr'><strong>ascita.</strong></span> <span class='ocrx_word' id='word_1_631' title='bbox 2100 4147 2267 4202; x_wconf 87' lang='lat' dir='ltr'><strong>simul</strong></span> <span class='ocrx_word' id='word_1_632' title='bbox 2314 4157 2436 4201; x_wconf 81' lang='lat' dir='ltr'><strong>cum</strong></span> <span class='ocrx_word' id='word_1_633' title='bbox 2480 4148 2597 4216; x_wconf 87' lang='lat' dir='ltr'><strong>ipso</strong></span> <span class='ocrx_word' id='word_1_634' title='bbox 2643 4162 2708 4201; x_wconf 82' lang='lat' dir='ltr'><strong>ex</strong></span> <span class='ocrx_word' id='word_1_635' title='bbox 2747 4147 3114 4216; x_wconf 84' lang='lat' dir='ltr'><strong>imprudentia</strong></span> <span class='ocrx_word' id='word_1_636' title='bbox 3159 4151 3223 4203; x_wconf 90' lang='lat' dir='ltr'><strong>ad</strong></span> <span class='ocrx_word' id='word_1_637' title='bbox 3257 4150 3420 4205; x_wconf 88' lang='lat' dir='ltr'><strong>breve</strong></span> 
     </span>
    </p>
   </div>
   <div class='ocr_carea' id='block_1_88' title="bbox 1836 4223 3420 4308">
    <p class='ocr_par' dir='ltr' id='par_1_88' title="bbox 1836 4223 3420 4308">
     <span class='ocr_line' id='line_1_88' title="bbox 1836 4223 3420 4308; baseline -0.001 -11"><span class='ocrx_word' id='word_1_638' title='bbox 1836 4223 2057 4308; x_wconf 84' lang='lat' dir='ltr'><strong>tempus</strong></span> <span class='ocrx_word' id='word_1_639' title='bbox 2107 4238 2403 4302; x_wconf 78' lang='lat' dir='ltr'><strong>exsistunt,</strong></span> <span class='ocrx_word' id='word_1_640' title='bbox 2438 4223 2691 4308; x_wconf 38' lang='lat' dir='ltr'><strong>vanitati.</strong></span> <span class='ocrx_word' id='word_1_641' title='bbox 2733 4249 2880 4294; x_wconf 80' lang='lat' dir='ltr'><strong>necte</strong></span> <span class='ocrx_word' id='word_1_642' title='bbox 2930 4242 3286 4308; x_wconf 88' lang='lat' dir='ltr'><strong>comparavit.</strong></span> <span class='ocrx_word' id='word_1_643' title='bbox 3319 4242 3420 4306; x_wconf 88' lang='lat' dir='ltr'><strong>Qui</strong></span> 
     </span>
    </p>
   </div>
   <div class='ocr_carea' id='block_1_89' title="bbox 1843 4330 3422 4403">
    <p class='ocr_par' dir='ltr' id='par_1_89' title="bbox 1843 4330 3422 4403">
     <span class='ocr_line' id='line_1_89' title="bbox 1843 4330 3422 4403; baseline 0.002 -18"><span class='ocrx_word' id='word_1_644' title='bbox 1843 4333 1985 4385; x_wconf 79' lang='lat' dir='ltr'><strong>enim</strong></span> <span class='ocrx_word' id='word_1_645' title='bbox 2020 4339 2230 4384; x_wconf 80' lang='lat' dir='ltr'><strong>naturae</strong></span> <span class='ocrx_word' id='word_1_646' title='bbox 2253 4332 2387 4384; x_wconf 84' lang='lat' dir='ltr'><strong>ﬁnes</strong></span> <span class='ocrx_word' id='word_1_647' title='bbox 2416 4343 2524 4383; x_wconf 91' lang='lat' dir='ltr'><strong>non</strong></span> <span class='ocrx_word' id='word_1_648' title='bbox 2561 4330 2722 4385; x_wconf 90' lang='lat' dir='ltr'><strong>modo</strong></span> <span class='ocrx_word' id='word_1_649' title='bbox 2746 4330 2904 4395; x_wconf 73' lang='lat' dir='ltr'><strong>Izesit,</strong></span> <span class='ocrx_word' id='word_1_650' title='bbox 2933 4331 3028 4385; x_wconf 86' lang='lat' dir='ltr'><strong>sed</strong></span> <span class='ocrx_word' id='word_1_651' title='bbox 3065 4333 3227 4385; x_wconf 85' lang='lat' dir='ltr'><strong>etiam</strong></span> <span class='ocrx_word' id='word_1_652' title='bbox 3263 4333 3422 4403; x_wconf 78' lang='lat' dir='ltr'><strong>longe</strong></span> 
     </span>
    </p>
   </div>
   <div class='ocr_carea' id='block_1_90' title="bbox 1843 4420 3468 4499">
    <p class='ocr_par' dir='ltr' id='par_1_90' title="bbox 1843 4420 3468 4499">
     <span class='ocr_line' id='line_1_90' title="bbox 1843 4420 3468 4499; baseline 0 -21"><span class='ocrx_word' id='word_1_653' title='bbox 1843 4433 2219 4491; x_wconf 74' lang='lat' dir='ltr'><strong>transgressus</strong></span> <span class='ocrx_word' id='word_1_654' title='bbox 2247 4429 2352 4485; x_wconf 87' lang='lat' dir='ltr'><strong>est,</strong></span> <span class='ocrx_word' id='word_1_655' title='bbox 2392 4431 2557 4499; x_wconf 8' lang='lat' dir='ltr'><strong>atque;</strong></span> <span class='ocrx_word' id='word_1_656' title='bbox 2594 4420 2661 4474; x_wconf 87' lang='lat' dir='ltr'><strong>ad</strong></span> <span class='ocrx_word' id='word_1_657' title='bbox 2684 4421 2882 4491; x_wconf 84' lang='lat' dir='ltr'><strong>agendi</strong></span> <span class='ocrx_word' id='word_1_658' title='bbox 2913 4422 3175 4476; x_wconf 89' lang='lat' dir='ltr'><strong>rationem</strong></span> <span class='ocrx_word' id='word_1_659' title='bbox 3214 4433 3421 4478; x_wconf 73' lang='lat' dir='ltr'><strong>naturze</strong></span> <span class='ocrx_word' id='word_1_660' title='bbox 3463 4450 3468 4454; x_wconf 58' lang='grc' dir='ltr'><strong>ι</strong></span> 
     </span>
    </p>
   </div>
   <div class='ocr_carea' id='block_1_91' title="bbox 167 4497 1741 4594">
    <p class='ocr_par' dir='ltr' id='par_1_91' title="bbox 167 4497 1740 4580">
     <span class='ocr_line' id='line_1_91' title="bbox 167 4497 1740 4580; baseline 0.002 -22"><span class='ocrx_word' id='word_1_661' title='bbox 167 4504 416 4576; x_wconf 73' lang='grc' dir='ltr'>εστηκὼς</span> <span class='ocrx_word' id='word_1_662' title='bbox 448 4504 655 4558; x_wconf 83' lang='grc' dir='ltr'>τούτων</span> <span class='ocrx_word' id='word_1_663' title='bbox 702 4505 902 4574; x_wconf 83' lang='grc' dir='ltr'>πάντη,</span> <span class='ocrx_word' id='word_1_664' title='bbox 951 4505 1042 4556; x_wconf 78' lang='grc' dir='ltr'>καὶ</span> <span class='ocrx_word' id='word_1_665' title='bbox 1072 4497 1627 4580; x_wconf 36' lang='grc' dir='ltr'>παρατραπεὶςίόλως</span> <span class='ocrx_word' id='word_1_666' title='bbox 1659 4510 1740 4574; x_wconf 82' lang='grc' dir='ltr'><strong>είς</strong></span> 
     </span>
    </p>
   </div>
   <div class='ocr_carea' id='block_1_92' title="bbox 1847 4497 3463 4594">
    <p class='ocr_par' dir='ltr' id='par_1_92' title="bbox 1847 4497 3463 4585">
     <span class='ocr_line' id='line_1_92' title="bbox 1847 4497 3463 4585; baseline 0.001 -21"><span class='ocrx_word' id='word_1_667' title='bbox 1847 4512 2173 4576; x_wconf 80' lang='lat' dir='ltr'><strong>contrariam</strong></span> <span class='ocrx_word' id='word_1_668' title='bbox 2205 4519 2256 4566; x_wconf 90' lang='lat' dir='ltr'><strong>et</strong></span> <span class='ocrx_word' id='word_1_669' title='bbox 2287 4512 2352 4567; x_wconf 89' lang='lat' dir='ltr'><strong>ad</strong></span> <span class='ocrx_word' id='word_1_670' title='bbox 2386 4497 2557 4582; x_wconf 86' lang='lat' dir='ltr'><strong>prava</strong></span> <span class='ocrx_word' id='word_1_671' title='bbox 2581 4527 2809 4582; x_wconf 66' lang='lat' dir='ltr'><strong>quaeque</strong></span> <span class='ocrx_word' id='word_1_672' title='bbox 2845 4528 3007 4582; x_wconf 88' lang='lat' dir='ltr'><strong>opera</strong></span> <span class='ocrx_word' id='word_1_673' title='bbox 3037 4512 3274 4576; x_wconf 81' lang='lat' dir='ltr'><strong>deﬂexit,</strong></span> <span class='ocrx_word' id='word_1_674' title='bbox 3311 4531 3416 4568; x_wconf 91' lang='lat' dir='ltr'><strong>non</strong></span> <span class='ocrx_word' id='word_1_675' title='bbox 3460 4583 3463 4585; x_wconf 87' lang='lat'>_</span> 
     </span>
    </p>
   </div>
   <div class='ocr_carea' id='block_1_93' title="bbox 168 4597 1739 4670">
    <p class='ocr_par' dir='ltr' id='par_1_93' title="bbox 168 4597 1739 4670">
     <span class='ocr_line' id='line_1_93' title="bbox 168 4597 1739 4670; baseline 0.003 -20"><span class='ocrx_word' id='word_1_676' title='bbox 168 4599 263 4660; x_wconf 59' lang='lat' dir='ltr'><strong>vi;</strong></span> <span class='ocrx_word' id='word_1_677' title='bbox 293 4599 448 4667; x_wconf 80' lang='grc' dir='ltr'>παρὰ</span> <span class='ocrx_word' id='word_1_678' title='bbox 472 4597 634 4667; x_wconf 88' lang='grc' dir='ltr'>φύσιν</span> <span class='ocrx_word' id='word_1_679' title='bbox 664 4597 946 4668; x_wconf 66' lang='grc' dir='ltr'>ἐνεργείας</span> <span class='ocrx_word' id='word_1_680' title='bbox 976 4597 1070 4650; x_wconf 70' lang='grc' dir='ltr'><strong>καὶ</strong></span> <span class='ocrx_word' id='word_1_681' title='bbox 1119 4597 1588 4668; x_wconf 83' lang='grc' dir='ltr'>πονηροπραξίας,</span> <span class='ocrx_word' id='word_1_682' title='bbox 1635 4619 1739 4670; x_wconf 92' lang='grc' dir='ltr'>μα-</span> 
     </span>
    </p>
   </div>
   <div class='ocr_carea' id='block_1_94' title="bbox 167 4689 1738 4760">
    <p class='ocr_par' dir='ltr' id='par_1_94' title="bbox 167 4689 1738 4760">
     <span class='ocr_line' id='line_1_94' title="bbox 167 4689 1738 4760; baseline 0.002 -19"><span class='ocrx_word' id='word_1_683' title='bbox 167 4691 390 4760; x_wconf 86' lang='grc' dir='ltr'>ταιότης</span> <span class='ocrx_word' id='word_1_684' title='bbox 419 4689 519 4758; x_wconf 73' lang='grc' dir='ltr'>μὲν</span> <span class='ocrx_word' id='word_1_685' title='bbox 548 4689 648 4743; x_wconf 81' lang='grc' dir='ltr'><strong>οὐκ</strong></span> <span class='ocrx_word' id='word_1_686' title='bbox 681 4689 1116 4760; x_wconf 79' lang='grc' dir='ltr'>ὀνομασθήσεται</span> <span class='ocrx_word' id='word_1_687' title='bbox 1144 4689 1287 4741; x_wconf 81' lang='grc' dir='ltr'>κατὰ</span> <span class='ocrx_word' id='word_1_688' title='bbox 1335 4690 1424 4741; x_wconf 79' lang='grc' dir='ltr'><strong>τὸν</strong></span> <span class='ocrx_word' id='word_1_689' title='bbox 1454 4692 1738 4760; x_wconf 86' lang='grc' dir='ltr'>ποιητικὸν</span> 
     </span>
    </p>
   </div>
   <div class='ocr_carea' id='block_1_95' title="bbox 170 4778 1738 4853">
    <p class='ocr_par' dir='ltr' id='par_1_95' title="bbox 170 4778 1738 4853">
     <span class='ocr_line' id='line_1_95' title="bbox 170 4778 1738 4853; baseline 0.001 -21"><span class='ocrx_word' id='word_1_690' title='bbox 170 4779 374 4832; x_wconf 74' lang='grc' dir='ltr'>σκοπὸν</span> <span class='ocrx_word' id='word_1_691' title='bbox 398 4778 493 4831; x_wconf 83' lang='grc' dir='ltr'>τοῦ</span> <span class='ocrx_word' id='word_1_692' title='bbox 511 4779 910 4843; x_wconf 84' lang='grc' dir='ltr'>διαπλάσαντος</span> <span class='ocrx_word' id='word_1_693' title='bbox 939 4781 1102 4833; x_wconf 84' lang='grc' dir='ltr'>αὐτὸν</span> <span class='ocrx_word' id='word_1_694' title='bbox 1127 4782 1219 4838; x_wconf 67' lang='grc' dir='ltr'>καὶ</span> <span class='ocrx_word' id='word_1_695' title='bbox 1233 4781 1738 4853; x_wconf 76' lang='grc' dir='ltr'>δημιουργήσαντος</span> 
     </span>
    </p>
   </div>
   <div class='ocr_carea' id='block_1_96' title="bbox 169 4853 1741 4942">
    <p class='ocr_par' dir='ltr' id='par_1_96' title="bbox 169 4853 1741 4942">
     <span class='ocr_line' id='line_1_96' title="bbox 169 4853 1741 4942; baseline 0 -18"><span class='ocrx_word' id='word_1_696' title='bbox 169 4872 262 4924; x_wconf 67' lang='grc' dir='ltr'><strong>καὶ</strong></span> <span class='ocrx_word' id='word_1_697' title='bbox 281 4871 386 4942; x_wconf 80' lang='grc' dir='ltr'>τὴν</span> <span class='ocrx_word' id='word_1_698' title='bbox 412 4871 533 4924; x_wconf 81' lang='grc' dir='ltr'>κατ’</span> <span class='ocrx_word' id='word_1_699' title='bbox 554 4871 745 4924; x_wconf 85' lang='grc' dir='ltr'>οὐσίαν</span> <span class='ocrx_word' id='word_1_700' title='bbox 767 4873 864 4925; x_wconf 75' lang='grc' dir='ltr'>καὶ</span> <span class='ocrx_word' id='word_1_701' title='bbox 893 4872 1127 4940; x_wconf 80' lang='grc' dir='ltr'>φυσικὴν</span> <span class='ocrx_word' id='word_1_702' title='bbox 1159 4853 1741 4942; x_wconf 57' lang='grc' dir='ltr'>ὓπαρξινὲξεταζόμει</span> 
     </span>
    </p>
   </div>
   <div class='ocr_carea' id='block_1_97' title="bbox 169 4962 1742 5036">
    <p class='ocr_par' dir='ltr' id='par_1_97' title="bbox 169 4962 1742 5036">
     <span class='ocr_line' id='line_1_97' title="bbox 169 4962 1742 5036; baseline 0.001 -19"><span class='ocrx_word' id='word_1_703' title='bbox 169 4980 256 5026; x_wconf 81' lang='grc' dir='ltr'><strong>νος</strong></span> <span class='ocrx_word' id='word_1_704' title='bbox 286 4965 386 5017; x_wconf 73' lang='grc' dir='ltr'><strong>καὶ</strong></span> <span class='ocrx_word' id='word_1_705' title='bbox 421 4962 892 5033; x_wconf 55' lang='grc' dir='ltr'>κρινόμενοςέΔιά</span> <span class='ocrx_word' id='word_1_706' title='bbox 921 4962 977 5015; x_wconf 80' lang='grc' dir='ltr'>δὲ</span> <span class='ocrx_word' id='word_1_707' title='bbox 1007 4963 1068 5015; x_wconf 77' lang='grc' dir='ltr'><strong>τὸ</strong></span> <span class='ocrx_word' id='word_1_708' title='bbox 1097 4963 1265 5033; x_wconf 79' lang='grc' dir='ltr'>μηδὲν</span> <span class='ocrx_word' id='word_1_709' title='bbox 1297 4963 1439 5032; x_wconf 78' lang='grc' dir='ltr'>ἔχειν</span> <span class='ocrx_word' id='word_1_710' title='bbox 1497 4965 1742 5036; x_wconf 82' lang='grc' dir='ltr'>παρεπό-</span> 
     </span>
    </p>
   </div>
   <div class='ocr_carea' id='block_1_98' title="bbox 172 5042 1744 5127">
    <p class='ocr_par' dir='ltr' id='par_1_98' title="bbox 172 5042 1744 5127">
     <span class='ocr_line' id='line_1_98' title="bbox 172 5042 1744 5127; baseline 0 -21"><span class='ocrx_word' id='word_1_711' title='bbox 172 5071 332 5124; x_wconf 87' lang='grc' dir='ltr'>μενον</span> <span class='ocrx_word' id='word_1_712' title='bbox 383 5058 522 5117; x_wconf 60' lang='grc' dir='ltr'><strong>ταῖς⁴</strong></span> <span class='ocrx_word' id='word_1_713' title='bbox 557 5055 817 5124; x_wconf 78' lang='grc' dir='ltr'>φυσικαῖς</span> <span class='ocrx_word' id='word_1_714' title='bbox 869 5042 1242 5116; x_wconf 79' lang='grc' dir='ltr'>καταστάσεσί</span> <span class='ocrx_word' id='word_1_715' title='bbox 1296 5055 1388 5107; x_wconf 82' lang='grc' dir='ltr'><strong>καὶ</strong></span> <span class='ocrx_word' id='word_1_716' title='bbox 1439 5059 1506 5125; x_wconf 81' lang='grc' dir='ltr'>τῇ</span> <span class='ocrx_word' id='word_1_717' title='bbox 1573 5057 1744 5127; x_wconf 80' lang='grc' dir='ltr'>’βουλῇ</span> 
     </span>
    </p>
   </div>
   <div class='ocr_carea' id='block_1_99' title="bbox 169 5145 1746 5220">
    <p class='ocr_par' dir='ltr' id='par_1_99' title="bbox 169 5145 1746 5220">
     <span class='ocr_line' id='line_1_99' title="bbox 169 5145 1746 5220; baseline -0.001 -21"><span class='ocrx_word' id='word_1_718' title='bbox 169 5147 261 5199; x_wconf 81' lang='grc' dir='ltr'>τοῦ</span> <span class='ocrx_word' id='word_1_719' title='bbox 315 5148 657 5216; x_wconf 82' lang='grc' dir='ltr'>Ποιήσαντος</span> <span class='ocrx_word' id='word_1_720' title='bbox 698 5145 859 5216; x_wconf 79' lang='grc' dir='ltr'>ἔργον</span> <span class='ocrx_word' id='word_1_721' title='bbox 902 5147 1192 5216; x_wconf 85' lang='grc' dir='ltr'>σύμφωνον</span> <span class='ocrx_word' id='word_1_722' title='bbox 1243 5147 1339 5199; x_wconf 75' lang='grc' dir='ltr'><strong>καὶ</strong></span> <span class='ocrx_word' id='word_1_723' title='bbox 1385 5149 1746 5220; x_wconf 85' lang='grc' dir='ltr'>κατάλληλον,</span> 
     </span>
    </p>
   </div>
   <div class='ocr_carea' id='block_1_100' title="bbox 167 5239 1745 5312">
    <p class='ocr_par' dir='ltr' id='par_1_100' title="bbox 167 5239 1745 5312">
     <span class='ocr_line' id='line_1_100' title="bbox 167 5239 1745 5312; baseline -0.001 -17"><span class='ocrx_word' id='word_1_724' title='bbox 167 5239 488 5311; x_wconf 81' lang='grc' dir='ltr'>ὁμοιοῦσθαι</span> <span class='ocrx_word' id='word_1_725' title='bbox 520 5240 738 5308; x_wconf 82' lang='grc' dir='ltr'>λέγεται</span> <span class='ocrx_word' id='word_1_726' title='bbox 769 5239 993 5302; x_wconf 75' lang='grc' dir='ltr'>δικαίως</span> <span class='ocrx_word' id='word_1_727' title='bbox 1021 5242 1087 5309; x_wconf 83' lang='grc' dir='ltr'>τῇ</span> <span class='ocrx_word' id='word_1_728' title='bbox 1149 5240 1496 5310; x_wconf 83' lang='grc' dir='ltr'>ματαιότητι,</span> <span class='ocrx_word' id='word_1_729' title='bbox 1545 5243 1641 5312; x_wconf 80' lang='grc' dir='ltr'><strong>οὐχ</strong></span> <span class='ocrx_word' id='word_1_730' title='bbox 1671 5242 1745 5306; x_wconf 91' lang='grc' dir='ltr'><strong>ώς</strong></span> 
     </span>
    </p>
   </div>
   <div class='ocr_carea' id='block_1_101' title="bbox 169 5329 1740 5401">
    <p class='ocr_par' dir='ltr' id='par_1_101' title="bbox 169 5329 1740 5401">
     <span class='ocr_line' id='line_1_101' title="bbox 169 5329 1740 5401; baseline -0.002 -15"><span class='ocrx_word' id='word_1_731' title='bbox 169 5331 412 5401; x_wconf 74' lang='grc' dir='ltr'>γεγονὼς</span> <span class='ocrx_word' id='word_1_732' title='bbox 461 5332 660 5401; x_wconf 79' lang='grc' dir='ltr'>μάτην,</span> <span class='ocrx_word' id='word_1_733' title='bbox 709 5330 826 5386; x_wconf 85' lang='grc' dir='ltr'>ἀλλ’</span> <span class='ocrx_word' id='word_1_734' title='bbox 873 5331 947 5391; x_wconf 85' lang='grc' dir='ltr'>ὼς</span> <span class='ocrx_word' id='word_1_735' title='bbox 972 5331 1144 5398; x_wconf 73' lang='grc' dir='ltr'>ζήσας</span> <span class='ocrx_word' id='word_1_736' title='bbox 1176 5333 1446 5400; x_wconf 83' lang='grc' dir='ltr'>ματαίως,</span> <span class='ocrx_word' id='word_1_737' title='bbox 1482 5329 1575 5385; x_wconf 77' lang='grc' dir='ltr'><strong>καὶ</strong></span> <span class='ocrx_word' id='word_1_738' title='bbox 1635 5352 1740 5401; x_wconf 83' lang='grc' dir='ltr'>μη-</span> 
     </span>
    </p>
   </div>
   <div class='ocr_carea' id='block_1_102' title="bbox 169 5423 1736 5496">
    <p class='ocr_par' dir='ltr' id='par_1_102' title="bbox 169 5423 1736 5496">
     <span class='ocr_line' id='line_1_102' title="bbox 169 5423 1736 5496; baseline -0.002 -17"><span class='ocrx_word' id='word_1_739' title='bbox 169 5425 363 5496; x_wconf 76' lang='grc' dir='ltr'>διμίαν</span> <span class='ocrx_word' id='word_1_740' title='bbox 397 5423 611 5492; x_wconf 80' lang='grc' dir='ltr'><strong>ἀγαθῆς</strong></span> <span class='ocrx_word' id='word_1_741' title='bbox 641 5425 861 5495; x_wconf 84' lang='grc' dir='ltr'>μνήμης</span> <span class='ocrx_word' id='word_1_742' title='bbox 889 5423 1130 5493; x_wconf 64' lang='grc' dir='ltr'>ἔμφασιν</span> <span class='ocrx_word' id='word_1_743' title='bbox 1153 5424 1230 5492; x_wconf 86' lang='grc' dir='ltr'><strong>τῷ</strong></span> <span class='ocrx_word' id='word_1_744' title='bbox 1253 5425 1354 5495; x_wconf 75' lang='grc' dir='ltr'><strong>βίῳ</strong></span> <span class='ocrx_word' id='word_1_745' title='bbox 1383 5426 1696 5478; x_wconf 83' lang='grc' dir='ltr'>καταλιπών</span> <span class='ocrx_word' id='word_1_746' title='bbox 1725 5444 1736 5456; x_wconf 92' lang='grc'><strong>·</strong></span> 
     </span>
    </p>
   </div>
   <div class='ocr_carea' id='block_1_103' title="bbox 174 5505 1741 5590">
    <p class='ocr_par' dir='ltr' id='par_1_103' title="bbox 174 5505 1741 5590">
     <span class='ocr_line' id='line_1_103' title="bbox 174 5505 1741 5590; baseline 0.001 -20"><span class='ocrx_word' id='word_1_747' title='bbox 174 5523 200 5570; x_wconf 66' lang='lat' dir='ltr'><strong>d</strong></span> <span class='ocrx_word' id='word_1_748' title='bbox 232 5520 442 5590; x_wconf 83' lang='grc' dir='ltr'>Μνήμη</span> <span class='ocrx_word' id='word_1_749' title='bbox 474 5517 583 5588; x_wconf 81' lang='grc' dir='ltr'>γὰρ</span> <span class='ocrx_word' id='word_1_750' title='bbox 609 5517 820 5571; x_wconf 80' lang='grc' dir='ltr'>δικαίου</span> <span class='ocrx_word' id='word_1_751' title='bbox 853 5505 1322 5587; x_wconf 60' lang='grc' dir='ltr'>μετ’ἑγκωμίων,</span> <span class='ocrx_word' id='word_1_752' title='bbox 1363 5538 1381 5569; x_wconf 74' lang='grc' dir='ltr'><strong>ι</strong></span> <span class='ocrx_word' id='word_1_753' title='bbox 1429 5519 1562 5589; x_wconf 70' lang='grc' dir='ltr'>φησί</span> <span class='ocrx_word' id='word_1_754' title='bbox 1586 5535 1599 5547; x_wconf 72' lang='grc'>⁸</span> <span class='ocrx_word' id='word_1_755' title='bbox 1647 5521 1741 5572; x_wconf 76' lang='grc' dir='ltr'><strong>καὶ</strong></span> 
     </span>
    </p>
   </div>
   <div class='ocr_carea' id='block_1_104' title="bbox 1846 4596 3410 4673">
    <p class='ocr_par' dir='ltr' id='par_1_104' title="bbox 1846 4596 3410 4673">
     <span class='ocr_line' id='line_1_104' title="bbox 1846 4596 3410 4673; baseline -0.001 -15"><span class='ocrx_word' id='word_1_756' title='bbox 1846 4607 1892 4659; x_wconf 90' lang='lat' dir='ltr'><strong>is</strong></span> <span class='ocrx_word' id='word_1_757' title='bbox 1925 4605 2144 4673; x_wconf 87' lang='lat' dir='ltr'><strong>quidem</strong></span> <span class='ocrx_word' id='word_1_758' title='bbox 2183 4596 2393 4667; x_wconf 78' lang='lat' dir='ltr'><strong>vanitas</strong></span> <span class='ocrx_word' id='word_1_759' title='bbox 2433 4604 2892 4666; x_wconf 88' lang='lat' dir='ltr'><strong>denominabitur,</strong></span> <span class='ocrx_word' id='word_1_760' title='bbox 2936 4603 3203 4673; x_wconf 88' lang='lat' dir='ltr'><strong>siquidem</strong></span> <span class='ocrx_word' id='word_1_761' title='bbox 3238 4607 3410 4666; x_wconf 89' lang='lat' dir='ltr'><strong>consi-</strong></span> 
     </span>
    </p>
   </div>
   <div class='ocr_carea' id='block_1_105' title="bbox 1849 4693 3416 4765">
    <p class='ocr_par' dir='ltr' id='par_1_105' title="bbox 1849 4693 3416 4765">
     <span class='ocr_line' id='line_1_105' title="bbox 1849 4693 3416 4765; baseline -0.001 -15"><span class='ocrx_word' id='word_1_762' title='bbox 1849 4699 1902 4750; x_wconf 89' lang='lat' dir='ltr'><strong>lii</strong></span> <span class='ocrx_word' id='word_1_763' title='bbox 1955 4697 2074 4765; x_wconf 86' lang='lat' dir='ltr'><strong>ejus</strong></span> <span class='ocrx_word' id='word_1_764' title='bbox 2120 4705 2170 4750; x_wconf 85' lang='lat' dir='ltr'><strong>et</strong></span> <span class='ocrx_word' id='word_1_765' title='bbox 2223 4693 2374 4758; x_wconf 78' lang='lat' dir='ltr'><strong>facti.</strong></span> <span class='ocrx_word' id='word_1_766' title='bbox 2426 4696 2520 4764; x_wconf 90' lang='lat' dir='ltr'><strong>qui</strong></span> <span class='ocrx_word' id='word_1_767' title='bbox 2568 4694 2821 4749; x_wconf 82' lang='lat' dir='ltr'><strong>formavit</strong></span> <span class='ocrx_word' id='word_1_768' title='bbox 2883 4695 3236 4764; x_wconf 82' lang='lat' dir='ltr'><strong>perfecitque,</strong></span> <span class='ocrx_word' id='word_1_769' title='bbox 3275 4698 3416 4750; x_wconf 90' lang='lat' dir='ltr'><strong>ratio</strong></span> 
     </span>
    </p>
   </div>
   <div class='ocr_carea' id='block_1_106' title="bbox 1848 4785 3416 4856">
    <p class='ocr_par' dir='ltr' id='par_1_106' title="bbox 1848 4785 3416 4856">
     <span class='ocr_line' id='line_1_106' title="bbox 1848 4785 3416 4856; baseline 0 -15"><span class='ocrx_word' id='word_1_770' title='bbox 1848 4790 2130 4852; x_wconf 82' lang='lat' dir='ltr'><strong>habeatur,</strong></span> <span class='ocrx_word' id='word_1_771' title='bbox 2166 4794 2221 4840; x_wconf 89' lang='lat' dir='ltr'><strong>et</strong></span> <span class='ocrx_word' id='word_1_772' title='bbox 2251 4786 2414 4856; x_wconf 92' lang='lat' dir='ltr'><strong>hujus</strong></span> <span class='ocrx_word' id='word_1_773' title='bbox 2459 4785 2632 4856; x_wconf 89' lang='lat' dir='ltr'><strong>ipsius</strong></span> <span class='ocrx_word' id='word_1_774' title='bbox 2653 4793 2871 4840; x_wconf 82' lang='lat' dir='ltr'><strong>natura</strong></span> <span class='ocrx_word' id='word_1_775' title='bbox 2900 4794 2954 4840; x_wconf 88' lang='lat' dir='ltr'><strong>et</strong></span> <span class='ocrx_word' id='word_1_776' title='bbox 2995 4787 3310 4842; x_wconf 89' lang='lat' dir='ltr'><strong>constitutio</strong></span> <span class='ocrx_word' id='word_1_777' title='bbox 3348 4790 3416 4841; x_wconf 91' lang='lat' dir='ltr'><strong>ad</strong></span> 
     </span>
    </p>
   </div>
   <div class='ocr_carea' id='block_1_107' title="bbox 1847 4879 3415 4948">
    <p class='ocr_par' dir='ltr' id='par_1_107' title="bbox 1847 4879 3415 4948">
     <span class='ocr_line' id='line_1_107' title="bbox 1847 4879 3415 4948; baseline 0.001 -16"><span class='ocrx_word' id='word_1_778' title='bbox 1847 4879 2110 4933; x_wconf 74' lang='lat' dir='ltr'><strong>amassint</strong></span> <span class='ocrx_word' id='word_1_779' title='bbox 2165 4880 2547 4933; x_wconf 82' lang='lat' dir='ltr'><strong>examinetur:</strong></span> <span class='ocrx_word' id='word_1_780' title='bbox 2585 4888 2660 4944; x_wconf 92' lang='lat' dir='ltr'><strong>at,</strong></span> <span class='ocrx_word' id='word_1_781' title='bbox 2703 4887 2974 4948; x_wconf 86' lang='lat' dir='ltr'><strong>quatenus</strong></span> <span class='ocrx_word' id='word_1_782' title='bbox 3033 4895 3193 4946; x_wconf 90' lang='lat' dir='ltr'><strong>opere</strong></span> <span class='ocrx_word' id='word_1_783' title='bbox 3248 4892 3415 4944; x_wconf 82' lang='lat' dir='ltr'><strong>caret,</strong></span> 
     </span>
    </p>
   </div>
   <div class='ocr_carea' id='block_1_108' title="bbox 1849 4970 3418 5040">
    <p class='ocr_par' dir='ltr' id='par_1_108' title="bbox 1849 4970 3418 5040">
     <span class='ocr_line' id='line_1_108' title="bbox 1849 4970 3418 5040; baseline 0.003 -20"><span class='ocrx_word' id='word_1_784' title='bbox 1849 4970 1993 5040; x_wconf 83' lang='lat' dir='ltr'><strong>quod</strong></span> <span class='ocrx_word' id='word_1_785' title='bbox 2049 4979 2103 5024; x_wconf 90' lang='lat' dir='ltr'><strong>et</strong></span> <span class='ocrx_word' id='word_1_786' title='bbox 2158 4980 2366 5025; x_wconf 68' lang='lat' dir='ltr'><strong>naturae</strong></span> <span class='ocrx_word' id='word_1_787' title='bbox 2424 4971 2750 5040; x_wconf 90' lang='lat' dir='ltr'><strong>respondeat</strong></span> <span class='ocrx_word' id='word_1_788' title='bbox 2803 4985 2946 5031; x_wconf 60' lang='lat' dir='ltr'><strong>suat.</strong></span> <span class='ocrx_word' id='word_1_789' title='bbox 3005 4980 3058 5022; x_wconf 91' lang='lat' dir='ltr'><strong>et</strong></span> <span class='ocrx_word' id='word_1_790' title='bbox 3110 4971 3418 5026; x_wconf 78' lang='lat' dir='ltr'><strong>Conditoris</strong></span> 
     </span>
    </p>
   </div>
   <div class='ocr_carea' id='block_1_109' title="bbox 1851 5059 3417 5132">
    <p class='ocr_par' dir='ltr' id='par_1_109' title="bbox 1851 5059 3417 5132">
     <span class='ocr_line' id='line_1_109' title="bbox 1851 5059 3417 5132; baseline 0 -16"><span class='ocrx_word' id='word_1_791' title='bbox 1851 5063 2115 5116; x_wconf 87' lang='lat' dir='ltr'><strong>voluntati</strong></span> <span class='ocrx_word' id='word_1_792' title='bbox 2144 5059 2538 5117; x_wconf 26' lang='lat' dir='ltr'><strong>consonum‘ac</strong></span> <span class='ocrx_word' id='word_1_793' title='bbox 2561 5071 2982 5118; x_wconf 89' lang='lat' dir='ltr'><strong>consentaneum</strong></span> <span class='ocrx_word' id='word_1_794' title='bbox 3013 5063 3102 5128; x_wconf 89' lang='lat' dir='ltr'><strong>sil,</strong></span> <span class='ocrx_word' id='word_1_795' title='bbox 3122 5063 3245 5132; x_wconf 88' lang='lat' dir='ltr'><strong>jure</strong></span> <span class='ocrx_word' id='word_1_796' title='bbox 3270 5068 3417 5117; x_wconf 80' lang='lat' dir='ltr'><strong>vani-</strong></span> 
     </span>
    </p>
   </div>
   <div class='ocr_carea' id='block_1_110' title="bbox 1830 5151 3412 5223">
    <p class='ocr_par' dir='ltr' id='par_1_110' title="bbox 1830 5151 3412 5223">
     <span class='ocr_line' id='line_1_110' title="bbox 1830 5151 3412 5223; baseline 0.001 -15"><span class='ocrx_word' id='word_1_797' title='bbox 1830 5156 1946 5208; x_wconf 83' lang='lat' dir='ltr'><strong>tati</strong></span> <span class='ocrx_word' id='word_1_798' title='bbox 1975 5155 2169 5207; x_wconf 86' lang='lat' dir='ltr'><strong>similis</strong></span> <span class='ocrx_word' id='word_1_799' title='bbox 2199 5151 2314 5207; x_wconf 82' lang='lat' dir='ltr'><strong>ﬁeri</strong></span> <span class='ocrx_word' id='word_1_800' title='bbox 2362 5155 2581 5220; x_wconf 86' lang='lat' dir='ltr'><strong>dicitur,</strong></span> <span class='ocrx_word' id='word_1_801' title='bbox 2623 5171 2731 5207; x_wconf 91' lang='lat' dir='ltr'><strong>non</strong></span> <span class='ocrx_word' id='word_1_802' title='bbox 2766 5154 2919 5223; x_wconf 84' lang='lat' dir='ltr'><strong>quasi</strong></span> <span class='ocrx_word' id='word_1_803' title='bbox 2971 5163 3172 5210; x_wconf 88' lang='lat' dir='ltr'><strong>temere</strong></span> <span class='ocrx_word' id='word_1_804' title='bbox 3217 5156 3412 5220; x_wconf 82' lang='lat' dir='ltr'><strong>factus,</strong></span> 
     </span>
    </p>
   </div>
   <div class='ocr_carea' id='block_1_111' title="bbox 1852 5247 3418 5316">
    <p class='ocr_par' dir='ltr' id='par_1_111' title="bbox 1852 5247 3418 5316">
     <span class='ocr_line' id='line_1_111' title="bbox 1852 5247 3418 5316; baseline 0 -15"><span class='ocrx_word' id='word_1_805' title='bbox 1852 5249 1942 5301; x_wconf 91' lang='lat' dir='ltr'><strong>sed</strong></span> <span class='ocrx_word' id='word_1_806' title='bbox 1990 5256 2246 5316; x_wconf 87' lang='lat' dir='ltr'><strong>tanquam</strong></span> <span class='ocrx_word' id='word_1_807' title='bbox 2289 5257 2490 5301; x_wconf 85' lang='lat' dir='ltr'><strong>temere</strong></span> <span class='ocrx_word' id='word_1_808' title='bbox 2522 5247 2730 5310; x_wconf 89' lang='lat' dir='ltr'><strong>vivens,</strong></span> <span class='ocrx_word' id='word_1_809' title='bbox 2767 5256 2827 5301; x_wconf 90' lang='lat' dir='ltr'><strong>ut</strong></span> <span class='ocrx_word' id='word_1_810' title='bbox 2875 5247 3080 5300; x_wconf 90' lang='lat' dir='ltr'><strong>nullum</strong></span> <span class='ocrx_word' id='word_1_811' title='bbox 3118 5248 3272 5300; x_wconf 79' lang='lat' dir='ltr'><strong>bon:e</strong></span> <span class='ocrx_word' id='word_1_812' title='bbox 3305 5262 3418 5302; x_wconf 89' lang='lat' dir='ltr'><strong>me-</strong></span> 
     </span>
    </p>
   </div>
   <div class='ocr_carea' id='block_1_112' title="bbox 1853 5322 3417 5408">
    <p class='ocr_par' dir='ltr' id='par_1_112' title="bbox 1853 5322 3417 5408">
     <span class='ocr_line' id='line_1_112' title="bbox 1853 5322 3417 5408; baseline 0.002 -17"><span class='ocrx_word' id='word_1_813' title='bbox 1853 5338 2040 5391; x_wconf 65' lang='lat' dir='ltr'><strong>moriae</strong></span> <span class='ocrx_word' id='word_1_814' title='bbox 2107 5322 2368 5392; x_wconf 79' lang='lat' dir='ltr'><strong>indicium</strong></span> <span class='ocrx_word' id='word_1_815' title='bbox 2423 5339 2726 5407; x_wconf 86' lang='lat' dir='ltr'><strong>posteritati</strong></span> <span class='ocrx_word' id='word_1_816' title='bbox 2783 5340 3071 5408; x_wconf 88' lang='lat' dir='ltr'><strong>relinquat.</strong></span> <span class='ocrx_word' id='word_1_817' title='bbox 3125 5338 3295 5404; x_wconf 88' lang='lat' dir='ltr'><strong>Nam,</strong></span> <span class='ocrx_word' id='word_1_818' title='bbox 3359 5351 3417 5394; x_wconf 90' lang='grc' dir='ltr'><strong>ιιι</strong></span> 
     </span>
    </p>
   </div>
   <div class='ocr_carea' id='block_1_113' title="bbox 1853 5421 3418 5501">
    <p class='ocr_par' dir='ltr' id='par_1_113' title="bbox 1853 5421 3418 5501">
     <span class='ocr_line' id='line_1_113' title="bbox 1853 5421 3418 5501; baseline 0.001 -18"><span class='ocrx_word' id='word_1_819' title='bbox 1853 5431 2113 5498; x_wconf 79' lang='lat' dir='ltr'><strong>scriptum</strong></span> <span class='ocrx_word' id='word_1_820' title='bbox 2155 5440 2273 5484; x_wconf 88' lang='lat' dir='ltr'><strong>est:</strong></span> <span class='ocrx_word' id='word_1_821' title='bbox 2336 5449 2355 5480; x_wconf 77' lang='grc' dir='ltr'><strong>ι</strong></span> <span class='ocrx_word' id='word_1_822' title='bbox 2414 5429 2668 5484; x_wconf 81' lang='lat' dir='ltr'><strong>Memoria</strong></span> <span class='ocrx_word' id='word_1_823' title='bbox 2702 5433 2840 5485; x_wconf 84' lang='lat' dir='ltr'><strong>enim</strong></span> <span class='ocrx_word' id='word_1_824' title='bbox 2882 5432 3017 5501; x_wconf 76' lang='lat' dir='ltr'><strong>justi</strong></span> <span class='ocrx_word' id='word_1_825' title='bbox 3075 5421 3196 5486; x_wconf 77' lang='lat' dir='ltr'><strong>eum</strong></span> <span class='ocrx_word' id='word_1_826' title='bbox 3246 5432 3418 5485; x_wconf 88' lang='lat' dir='ltr'><strong>laudi-</strong></span> 
     </span>
    </p>
   </div>
   <div class='ocr_carea' id='block_1_114' title="bbox 1851 5507 3417 5590">
    <p class='ocr_par' dir='ltr' id='par_1_114' title="bbox 1851 5507 3417 5590">
     <span class='ocr_line' id='line_1_114' title="bbox 1851 5507 3417 5590; baseline 0.001 -17"><span class='ocrx_word' id='word_1_827' title='bbox 1851 5520 1953 5575; x_wconf 91' lang='lat' dir='ltr'><strong>bus</strong></span> <span class='ocrx_word' id='word_1_828' title='bbox 1986 5521 2136 5590; x_wconf 75' lang='lat'><strong>(38):</strong></span> <span class='ocrx_word' id='word_1_829' title='bbox 2185 5539 2202 5571; x_wconf 79' lang='grc' dir='ltr'><strong>ι</strong></span> <span class='ocrx_word' id='word_1_830' title='bbox 2241 5532 2294 5575; x_wconf 87' lang='lat' dir='ltr'><strong>et</strong></span> <span class='ocrx_word' id='word_1_831' title='bbox 2337 5537 2559 5576; x_wconf 87' lang='lat' dir='ltr'><strong>rursus:</strong></span> <span class='ocrx_word' id='word_1_832' title='bbox 2600 5541 2617 5573; x_wconf 83' lang='grc' dir='ltr'><strong>ι</strong></span> <span class='ocrx_word' id='word_1_833' title='bbox 2655 5523 2713 5576; x_wconf 90' lang='lat' dir='ltr'><strong>ln</strong></span> <span class='ocrx_word' id='word_1_834' title='bbox 2759 5522 3015 5576; x_wconf 85' lang='lat' dir='ltr'><strong>memoria</strong></span> <span class='ocrx_word' id='word_1_835' title='bbox 3065 5507 3266 5577; x_wconf 53' lang='lat' dir='ltr'><strong>aeterna</strong></span> <span class='ocrx_word' id='word_1_836' title='bbox 3313 5521 3417 5574; x_wconf 90' lang='lat' dir='ltr'><strong>erit</strong></span> 
     </span>
    </p>
   </div>
   <div class='ocr_carea' id='block_1_115' title="bbox 243 5653 3413 5751">
    <p class='ocr_par' dir='ltr' id='par_1_115' title="bbox 243 5653 3413 5751">
     <span class='ocr_line' id='line_1_115' title="bbox 243 5653 3413 5751; baseline 0.003 -27"><span class='ocrx_word' id='word_1_837' title='bbox 243 5677 526 5751; x_wconf 12' lang='grc' dir='ltr'>(εηγιδετιι,</span> <span class='ocrx_word' id='word_1_838' title='bbox 557 5690 735 5734; x_wconf 74' lang='lat' dir='ltr'><strong>cxuv,</strong></span> <span class='ocrx_word' id='word_1_839' title='bbox 771 5675 823 5738; x_wconf 72' lang='grc'>4,</span> <span class='ocrx_word' id='word_1_840' title='bbox 854 5675 1021 5751; x_wconf 87' lang='lat' dir='ltr'><strong>quiin</strong></span> <span class='ocrx_word' id='word_1_841' title='bbox 1064 5674 1270 5729; x_wconf 88' lang='lat' dir='ltr'><strong>Latinis</strong></span> <span class='ocrx_word' id='word_1_842' title='bbox 1305 5685 1385 5730; x_wconf 90' lang='lat' dir='ltr'><strong>est</strong></span> <span class='ocrx_word' id='word_1_843' title='bbox 1450 5677 1777 5730; x_wconf 89' lang='lat' dir='ltr'><strong>centesimus</strong></span> <span class='ocrx_word' id='word_1_844' title='bbox 1815 5679 2265 5748; x_wconf 80' lang='lat' dir='ltr'><strong>quadragesimus</strong></span> <span class='ocrx_word' id='word_1_845' title='bbox 2305 5681 2518 5736; x_wconf 87' lang='lat' dir='ltr'><strong>tertius.</strong></span> <span class='ocrx_word' id='word_1_846' title='bbox 2551 5653 3059 5737; x_wconf 76' lang='lat' dir='ltr'><strong>Theodotio&#39;habet</strong></span> <span class='ocrx_word' id='word_1_847' title='bbox 3105 5676 3283 5750; x_wconf 79' lang='grc' dir='ltr'>ἀτμίδι</span> <span class='ocrx_word' id='word_1_848' title='bbox 3314 5696 3413 5751; x_wconf 83' lang='lat' dir='ltr'><strong>pro</strong></span> 
     </span>
    </p>
   </div>
   <div class='ocr_carea' id='block_1_116' title="bbox 184 5749 965 5816">
    <p class='ocr_par' dir='ltr' id='par_1_116' title="bbox 184 5749 965 5816">
     <span class='ocr_line' id='line_1_116' title="bbox 184 5749 965 5816; baseline -0.005 -16"><span class='ocrx_word' id='word_1_849' title='bbox 184 5750 521 5816; x_wconf 84' lang='grc' dir='ltr'>ματαιότητι,</span> <span class='ocrx_word' id='word_1_850' title='bbox 553 5762 743 5815; x_wconf 86' lang='lat' dir='ltr'><strong>nempe</strong></span> <span class='ocrx_word' id='word_1_851' title='bbox 766 5749 965 5816; x_wconf 76' lang='lat' dir='ltr'><strong>vapori.</strong></span> 
     </span>
    </p>
   </div>
   <div class='ocr_carea' id='block_1_117' title="bbox 243 5814 1741 5888">
    <p class='ocr_par' dir='ltr' id='par_1_117' title="bbox 243 5814 1732 5887">
     <span class='ocr_line' id='line_1_117' title="bbox 243 5814 1732 5887; baseline -0.003 -15"><span class='ocrx_word' id='word_1_852' title='bbox 243 5817 356 5887; x_wconf 71' lang='lat'><strong>(38)</strong></span> <span class='ocrx_word' id='word_1_853' title='bbox 399 5814 560 5871; x_wconf 76' lang='lat' dir='ltr'><strong>Prov.</strong></span> <span class='ocrx_word' id='word_1_854' title='bbox 598 5835 648 5883; x_wconf 71' lang='grc' dir='ltr'><strong>ι,</strong></span> <span class='ocrx_word' id='word_1_855' title='bbox 682 5814 735 5870; x_wconf 84' lang='lat'><strong>7.</strong></span> <span class='ocrx_word' id='word_1_856' title='bbox 782 5815 933 5885; x_wconf 79' lang='lat' dir='ltr'><strong>Apud</strong></span> <span class='ocrx_word' id='word_1_857' title='bbox 973 5814 1111 5869; x_wconf 76' lang='lat' dir='ltr'><strong>LXX</strong></span> <span class='ocrx_word' id='word_1_858' title='bbox 1144 5817 1373 5887; x_wconf 63' lang='lat' dir='ltr'><strong>legimus</strong></span> <span class='ocrx_word' id='word_1_859' title='bbox 1411 5818 1612 5887; x_wconf 69' lang='grc' dir='ltr'>Μνήμη</span> <span class='ocrx_word' id='word_1_860' title='bbox 1651 5818 1732 5868; x_wconf 78' lang='grc' dir='ltr'><strong>δικ</strong></span> 
     </span>
    </p>
   </div>
   <div class='ocr_carea' id='block_1_118' title="bbox 1847 5814 2345 5888">
    <p class='ocr_par' dir='ltr' id='par_1_118' title="bbox 1847 5814 2345 5888">
     <span class='ocr_line' id='line_1_118' title="bbox 1847 5814 2345 5888; baseline 0.008 -21"><span class='ocrx_word' id='word_1_861' title='bbox 1847 5833 1870 5867; x_wconf 89' lang='grc' dir='ltr'><strong>ν</strong></span> <span class='ocrx_word' id='word_1_862' title='bbox 1895 5814 2008 5884; x_wconf 77' lang='grc' dir='ltr'>μετ’</span> <span class='ocrx_word' id='word_1_863' title='bbox 2033 5816 2345 5888; x_wconf 81' lang='grc' dir='ltr'>ἐγκωμίων.</span> 
     </span>
    </p>
   </div>
  </div>
