4070 6334
133 446 235 514 369

1199 467 1282 528 IN
1325 451 1907 539 ECCLESIASTEN.
1965 493 2034 503 —
2069 442 2214 528 ΠΒ.
2247 467 2316 531 v.

3269 474 3373 534 970
3385 512 3424 534 ..

131 575 276 643 φῶς.
311 575 483 630 Τοῦτο
510 575 619 648 γὰρ
653 566 925 648 ἐσήμανεν
950 576 1140 655 εἰπὼν,
1183 599 1201 631 ι
1237 581 1345 635 Καὶ
1373 581 1537 654 πολλή
1564 583 1709 635 ἐστιν

1813 581 2042 636 multum
2069 592 2152 636 est
2177 597 2340 654 super
2379 581 2677 647 hominem,
2716 601 2735 636 ι
2777 598 2898 654 (ποτε
2935 585 3231 650 declarant,
3263 605 3370 643 non

131 669 234 720 ἐπὶ
262 666 356 722 τὸν
401 667 710 739 ἄνθρωπον,
750 687 769 721 ι
801 668 976 740 δηλῶν
1005 670 1081 734 ὡς
1117 672 1238 742 οὐχὶ
1265 673 1466 735 πάντες
1498 673 1708 744 ἀνθρω-

130 775 230 812 ποι
258 760 360 829 τὴν
406 758 667 830 τοιαύτην
697 758 882 831 ἔχουσι
911 763 1156 832 πονηράν
1189 763 1363 816 νόσον.
1411 763 1532 816 Εἰσὶ⁹
1573 763 1701 836 γὰρ,

129 851 246 902 εἰσὶ
287 850 382 904 καί
429 867 574 914 τινες
620 852 690 904 oi.
715 854 815 922 τῆς
857 852 1234 922 προσπαθείας
1278 853 1386 908 τῶν
1425 854 1723 926 παρόντων.

131 942 369 1006 ἑαυτοὺς
394 942 790 1015 ὑπράραπες,
813 943 908 997 καὶ
921 944 1016 997 τὸν
1031 946 1172 1018 ἀκτή
1180 961 1318 1016 μονα
1351 941 1706 1017 προελόμενοι

131 1035 272 1103 βίον,
306 1035 401 1088 ἅτε
435 1035 499 1106 δὴ
530 1038 620 1090 καὶ
664 1035 725 1089 τὸ
755 1035 1062 1106 πολίτευμα
1093 1037 1305 1108 ἔχοντες
1337 1040 1398 1092 ἐν
1433 1040 1703 1108 οὐρανοῖς,

131 1129 230 1179 καὶ
267 1128 344 1197 μὴ
391 1127 554 1196 μόνον
599 1129 662 1181 ἐκ
692 1128 787 1183 τοῦ
839 1130 1276 1201 περισσεύματος
1317 1131 1430 1185 τῶν
1457 1131 1707 1186 ὁπωσοῦν

128 1220 320 1283 αὐτοῖς
346 1219 644 1289 δεδομένων
668 1220 774 1274 ὑπὸ
814 1223 914 1291 τῆς
939 1222 1089 1286 θείας
1116 1224 1395 1293 προνοίας,
1436 1225 1575 1281 ἀλλὰ
1597 1226 1706 1279 κάκ

126 1306 224 1362 τοῦ
255 1309 637 1378 ὑστερήματος
652 1310 951 1373 ,κοινωνοὺς
973 1309 1041 1363 λα
1049 1310 1341 1380 μσάνοντες
1358 1311 1484 1386 τοὺς
1510 1309 1706 1372 ἐνδεεῖς

128 1392 228 1452 καὶ
256 1399 527 1469 πτωχούς.
570 1399 675 1451 Τὸν
704 1398 871 1451 πολὺν
897 1397 991 1454 οὖν
1021 1401 1307 1471 ἄνθρωπον
1335 1387 1706 1470 αἰνιττόμενος

128 1484 328 1561 ἔφησε,
369 1508 386 1541 ι
435 1490 548 1543 Καὶ
575 1488 744 1560 πολλή
777 1490 948 1560 ἐστιν¹
969 1492 1070 1544 ἐπὶ
1102 1491 1195 1545 τὸν
1223 1490 1526 1560 ἄνθρωπον.
1563 1509 1583 1544 ι
1617 1491 1708 1545 Ei-

127 1579 250 1634 πὼν
275 1580 360 1641 δὲ,
409 1597 429 1630 ι
475 1577 658 1650 Ἀνὴρ,
706 1571 751 1646 ᾧ
793 1577 956 1632 δώσει
981 1579 1304 1651 ἀὐτῷςθεὸς
1347 1579 1579 1634 πλοῦτον
1613 1578 1707 1634 καὶ

127 1671 450 1740 ὑπάρχοντα
495 1671 590 1724 xui.
635 1669 814 1736 δόξαν,
852 1690 872 1722 ι
925 1671 1224 1736 δείκνυσιν,
1263 1672 1346 1735 ’ὡς
1386 1677 1564 1741 πάντα
1607 1672 1706 1740 τῆς

124 1763 284 1828 θείας
331 1752 658 1837 ὲξήρτηνέαι
705 1764 982 1835 προνοίας,
1015 1765 1109 1818 καὶ
1142 1766 1320 1820 πάντα
1353 1764 1538 1819 θεόθεν
1569 1782 1708 1836 πρυ·-

123 1857 452 1926 τανεύονται
488 1859 604 1920 τοῖς
632 1855 966 1928 ἀνθρώποις,
1004 1855 1110 1910 κᾶν
1130 1851 1363 1909 πλοῦτον
1391 1857 1573 1928 εἴπῃς.
1601 1855 1705 1909 κᾶν
1733 1847 1738 1861 ”

1815 686 2007 736 omnes
2036 673 2282 728 homines
2313 674 2403 728 tali
2427 674 2615 730 morbo
2637 674 2862 734 affectos
2888 691 3026 732 esse.
3053 676 3190 732 Sunt
3209 681 3369 741 enim,

1785 765 1789 769 ’
1812 770 1942 817 sunt
1967 771 2022 817 et
2052 763 2293 831 quidam,
2320 764 2411 834 qui
2438 763 2707 833 superatis
2730 767 3074 834 praesentium
3107 766 3374 824 bonorum

1816 854 2108 920 illecebris,
2145 864 2199 909 et
2249 870 2483 930 paupere
2504 857 2613 910 vita
2667 864 2982 926 praeoptata,
3025 854 3282 929 tanquam
3319 861 3374 915 in

1809 943 1966 998 caelis
1996 959 2170 1020 aevum
2200 953 2435 1012 agentes,
2470 960 2575 999 non
2605 947 2778 1000 solum
2815 948 2866 1000 in
2895 963 3104 1006 eorum.
3125 966 3246 1019 qua
3272 952 3371 1006 sibi

1787 1048 1844 1113 _a
1892 1034 2076 1088 divina
2118 1036 2456 1104 providentia
2511 1038 3008 1116 quomodoeunque
3058 1040 3212 1112 153
3246 1044 3370 1097 data

1814 1118 1962 1189 sunt,
2007 1125 2101 1179 sed
2136 1126 2186 1178 in
2241 1127 2677 1202 communionem
2732 1128 2974 1183 demensi
3017 1144 3234 1200 quoque
3283 1133 3370 1185 sui

1813 1230 2012 1284 egenos
2050 1225 2103 1270 et
2140 1216 2415 1272 mendicos
2434 1218 2722 1287 accipiunt.
2755 1213 3048 1289 Plerosque
3075 1221 3243 1292 igitur
3271 1224 3370 1276 ho-

1812 1307 2022 1360 minum
2059 1307 2348 1377 designans
2405 1307 2584 1361 dixit:
2625 1327 2644 1360 ι
2692 1310 2756 1362 Et
2804 1310 3033 1366 multum
3077 1323 3163 1367 est
3212 1329 3373 1381 sui.“-

1813 1398 2253 1453 hominemnllla
2283 1414 2412 1454 vero
2438 1400 2766 1470 subiiciens:
2798 1399 2954 1464 (Vir,
2979 1403 3064 1458 cui
3096 1405 3236 1458 dabis
3274 1408 3373 1473 ipsi

1812 1487 1953 1542 Deus
1981 1488 2196 1544 divitias
2216 1498 2281 1552 fet
2308 1489 2666 1545 substantiam
2697 1500 2754 1546 et
2783 1493 3032 1562 gloriam,
3063 1511 3082 1544 ι
3115 1497 3370 1560 ostendit,

1811 1577 1994 1633 omnia
2034 1594 2064 1633 a
2100 1579 2282 1634 divina
2332 1571 2700 1633 Providentia
2726 1581 2978 1650 appendi,
3026 1595 3080 1637 et
3114 1583 3374 1639 divinitus
3413 1601 3424 1614 ί

1813 1668 2027 1739 singula
2057 1667 2370 1724 hominibus
2401 1669 2782 1732 administrari,
2826 1672 2943 1726 sive
2982 1673 3201 1730 divitias
3224 1675 3373 1729 dixe-

1811 1760 1910 1825 ris,
1942 1761 2056 1816 sive
2093 1775 2346 1831 agrorum
2379 1761 2771 1830 possessiones,
2811 1763 2924 1817 sive
2950 1765 3124 1820 vineta
3176 1782 3373 1837 magno
3461 1798 3466 1806 -

1811 1863 2059 1914 numero,
2090 1851 2210 1910 sive
2249 1849 2608 1916 dominatum,
2645 1850 2757 1905 sive
2806 1853 3054 1922 gloriam,
3097 1846 3370 1919 universa,
3445 1902 3448 1903 ν

126 1949 328 2027 κτῆσιν
360 1946 634 2018 άρουρῶν,
680 1947 783 2001 κᾶν
818 1944 1157 2016 ἀμπελώνων
1207 1947 1438 2018 μυρίων,
1469 1948 1574 2000 κᾶν
1614 1945 1707 1998 δυ-

1808 1938 2053 2008 inquam,
2088 1937 2446 2008 omnipotenti
2497 1938 2588 1992 Dei
2614 1939 2833 2008 .judicio
2866 1952 2919 2006 et
2961 1943 3236 2000 voluntate
3276 1961 3372 2015 ενι-

124 2038 388 2090 ναστεὶαν
424 2037 514 2090 καὶ
539 2037 718 2107 ᾥξαν,
751 2037 928 2090 πάντα
957 2037 1052 2106 τῆς
1083 2038 1520 2109 ἀπειροδυνάμου
1547 2039 1705 2108 ἐξήρ-

120 2145 326 2198 τηνται
355 2127 518 2190 θείας.
551 2115 786 2199 κρίσεως
835 2129 930 2182 καὶ
963 2129 1180 2201 βουλῆς,
1227 2131 1320 2184 καὶ
1361 2129 1485 2183 καθῖ
1511 2129 1606 2194 οὓς
1638 2132 1703 2182 ἂν

122 2215 239 2274 οἶδε
289 2219 528 2290 τρόπους
563 2219 850 2295 κριμάτῶν
880 2220 1303 2290 ἀκαταλήπτους
1341 2220 1477 2290 ἡμῖν
1521 2218 1701 2283 ὄντας,

119 2307 202 2376 οἷς
237 2311 346 2382 μὲν
377 2311 613 2375 δίδωσιν,
649 2305 731 2373 οἷς
762 2311 819 2365 δὲ
849 2311 1123 2382 οὐδαμῶς.
1436 2314 1450 2328 ⁵

193 2446 340 2528 Εἶτα
367 2434 680 2520 λαμϐάνων,
701 2450 887 2522 φησιν,
921 2453 986 2504 ἐκ
1013 2448 1149 2504 Θεοῦ
1179 2437 1582 2526 τὴνδαψίλειαν
1595 2447 1704 2507 τῶν

121 2543 248 2613 είρη
259 2542 442 2610 μένων
467 2541 566 2595 καὶ
595 2542 958 2596 πολυτέλειαν
983 2543 1297 2613 ἄνθρωπος.
1333 2544 1432 2596 καὶ
1451 2545 1552 2616 τὴν
1603 2545 1705 2614 μὲν

128 2631 333 2687 ἐαυτοῦ
361 2632 540 2703 ψυχὴν
571 2632 870 2702 ἐμπιπλῶν
904 2633 1013 2686 τῶν
1047 2634 1192 2688 ίδίων
1219 2633 1527 2704 ἐπιθυμιῶν
1559 2636 1705 2688 ἀπα-

129 2728 260 2790 σῶν,
289 2729 355 2780 οὐ
387 2728 660 2798 διανέμων
700 2728 757 2782 δὲ
789 2728 885 2782 καὶ
917 2728 1097 2792 διδοὺς
1130 2730 1244 2793 τοῖς
1293 2730 1570 2800 δεομένοις
1612 2729 1706 2793 καὶ

127 2824 388 2890 πένησιν,
417 2820 731 2890 εὑρίσκεται
758 2819 946 2890 σαφῶς
975 2823 1004 2874 ό
1044 2823 1289 2884 τοιοῦτος
1343 2821 1420 2883 ὡς
1454 2819 1707 2891 οὐδαμῶς

125 2911 477 2978 ἐξουσιάσας
498 2909 607 2962 τῶν
621 2903 939 2982 ’δεδομένων
997 2911 1145 2979 αὑτῷ
1173 2909 1356 2964 θεόθεν
1384 2929 1428 2966 ,ιη
1457 2911 1594 2981 πρὸς
1644 2909 1706 2962 τὸ

124 3007 335 3071 φαγεῖν
385 3002 445 3069 ἐξ
479 3001 681 3065 αὐτῶν.
724 3021 743 3054 ι
777 3002 854 3055 Δι’
890 3003 957 3072 ἥν
987 3002 1212 3068 αἰτίαν;
1249 3003 1396 3068 Ὅτι,
1428 3005 1616 3072 φησὶν,
1648 3004 1704 3058 αἱ

126 3091 232 3163 μὲν
264 3093 564 3162 ἐπιθυμίαι
598 3092 898 3164 παρῆλθον,
917 3093 1016 3147 καὶ
1045 3092 1156 3144 τῶν
1170 3093 1460 3171 ,σαρκικῶν
1504 3093 1706 3164 ἡδονῶν

118 3183 411 3255 ’ἠφανίσθη
440 3183 504 3236 τὸ
530 3184 758 3253 πλῆθος,
800 3184 964 3258 αὐτὸς
989 3185 1047 3236 δὲ
1073 3184 1555 3255 λἰμᾷξτακήσεται
1608 3201 1706 3255 χασ-

1792 2031 2001 2100 ‘pendi,
2052 2045 2288 2099 eumque
2341 2031 2638 2085 secundum
2695 2033 2912 2086 consilii
2967 2035 3052 2088 sui
3108 2037 3368 2099 rationes,

1782 2137 1944 2191 quas
1977 2121 2094 2190 ipse
2133 2121 2305 2181 novit.
2337 2137 2437 2176 nos
2483 2122 2817 2191 ignoramus,
2864 2125 2982 2180 aliis
3021 2127 3237 2196 quidem
3273 2132 3373 2185 tri-

1801 2214 1993 2278 buere,
2019 2213 2142 2268 aliis
2171 2227 2278 2266 non
2309 2200 2567 2269 tribuere.

1876 2431 1995 2490 Jam
2055 2448 2182 2490 vero
2225 2448 2366 2488 eum
2404 2432 2602 2499 homo,
2648 2434 2851 2504 inquit,
2902 2436 3202 2504 bonorum,
3252 2455 3363 2511 quae

1807 2526 2210 2588 recensuimus,
2241 2526 2454 2594 copiam
2485 2536 2539 2579 et
2572 2522 2887 2581 varietatem
2920 2530 3152 2598 accipiat
3180 2545 3209 2584 a
3239 2530 3368 2592 Deo,

1808 2619 1855 2675 si
1890 2619 2077 2673 animo
2120 2632 2241 2681 suo,
2283 2631 2405 2686 quas
2450 2618 2669 2686 appetit,
2710 2620 2889 2678 omnia
2943 2622 3022 2674 sic
3074 2621 3368 2690 indulgeat,

1807 2710 1944 2764 nihil
1983 2719 2042 2763 ut
2082 2710 2270 2779 egenis
2297 2717 2352 2763 et
2379 2710 2709 2778 pauperibus
2735 2710 3027 2766 distribuat
3067 2723 3231 2782 atque
3266 2715 3369 2767 im-

1802 2805 2106 2874 partiatur;
2152 2803 2198 2857 is
2230 2802 2476 2872 profecto
2512 2812 2778 2873 potestate
2811 2798 2948 2859 usus
2981 2805 3124 2858 nulla
3161 2804 3372 2859 videtur

1807 2898 1864 2952 in
1895 2897 1990 2962 iis,
2024 2910 2144 2966 quae
2174 2895 2250 2949 illi
2291 2911 2322 2949 a
2356 2893 2468 2950 Deo
2495 2894 2618 2949 data
2654 2904 2784 2950 sunt
2832 2920 2850 2946 ι
2883 2896 2947 2949 ad
2977 2897 3369 2951 comedendum

1808 3003 1874 3043 ex
1903 2985 2059 3056 ipsis.
2097 3004 2136 3062 ι
2159 2983 2335 3050 Quam
2365 2985 2438 3039 ob
2463 2970 2900 3049 eausam?Quia,
2934 2984 3128 3054 inquit,
3161 2987 3375 3041 deside-

1807 3083 1888 3136 ria
1933 3079 2330 3151 praeterierunt,
2375 3085 2429 3131 et
2471 3077 2806 3146 voluptatum
2855 3078 3376 3146 corporis‘evanuit

1808 3169 2132 3235 multitudo;
2165 3170 2280 3239 ipse
2310 3182 2460 3242 vero,
2485 3182 2611 3222 cum
2646 3165 2885 3220 futuram
2916 3168 3153 3238 attigerit
3184 3169 3371 3235 vitam,

118 3276 286 3347 λεπῷ
317 3275 461 3328 κατά
491 3275 588 3346 τὴν
625 3274 926 3345 μέλλουσαν
968 3275 1137 3344 ζωὴν,
1181 3274 1446 3346 μηδαμῶς
1500 3274 1708 3346 ἀποθη-

1809 3263 1947 3320 dura
1988 3261 2131 3317 fame
2163 3261 2533 3318 contabescet.
2566 3257 2730 3312 nullis
2768 3257 2878 3313 'rllic
2913 3260 3185 3314 thesauris
3221 3261 3372 3314 beni-

123 3367 408 3437 σαυρίσας
437 3366 618 3418 ἐκεῖσε
643 3364 754 3418 διὰ-
775 3367 874 3435 τῆς
905 3365 1255 3436 μεταδόσεως
1307 3365 1420 3420 τῶν
1458 3367 1709 3436 πενήτων

114 3447 192 3512 τά
238 3458 347 3526 τῆς
375 3457 598 3510 αἰωνίου
621 3457 717 3510 καὶ
732 3457 1149 3528 διαιωνιξούσης
1172 3457 1469 3531 διατροφῆς
1509 3474 1522 3488 °
1556 3457 1710 3524 ξένος

120 3548 236 3619 γὰρ
278 3546 422 3617 ἀνὴρ
449 3547 634 3619 ἕτερος
677 3547 1058 3618 διαδεξάμενος
1095 3548 1278 3601 αὑτοῦ
1327 3549 1422 3603 τὸν,
1450 3549 1702 3612 πλοῦτον,

120 3644 357 3704 ἐκεῖνος
381 3639 618 3710 φάγεται
647 3640 745 3693 καὶ
772 3639 1172 3694 καταναλώσει*
1183 3639 1365 3693 πάντα
1389 3641 1511 3699 ταῖς
1537 3637 1704 3692 αὐτοῦ

122 3736 428 3806 σαρκικαῖς
454 3733 676 3804 ’ἡδοναῖς
723 3735 819 3786 καὶ
879 3731 1112 3802 πράξεσι
1166 3730 1426 3795 κιναίδοις
1491 3747 1552 3783 τε
1614 3730 1708 3784 καὶ

121 3826 467 3900 μοχθηραῖς.
502 3825 673 3879 Τοῦτο
724 3825 782 3878 δὲ
824 3823 1162 3894 σημαντικὸν
1219 3822 1318 3892 τῆς
1356 3821 1531 3892 ἄκρας
1593 3821 1709 3874 ἐστὶ

117 3919 506 3989 ματαιότητος
534 3919 632 3972 καὶ
678 3916 778 3986 τῆς
802 3915 1062 3984 ’πονηρᾶς
1095 3914 1413 3986 ἀρρωστίας
1464 3913 1565 3984 τῆς
1617 3931 1710 3965 κα-

119 4008 450 4080 τασχούσης
481 4010 606 4070 τοὺς
636 4005 931 4075 λογισμοὺς
955 4005 1144 4069 αὑτοῦ,
1176 4007 1268 4057 καὶ
1293 4004 1709 4075 καθελκυσάσης

119 4106 204 4168 είς
228 4103 368 4175 ᾅδου
397 4101 670 4171 πέταυρον
719 4100 813 4153 καὶ
837 4159 842 4163 Α
862 4097 1107 4174 θανάτοιν
1132 4095 1360 4166 φθοράν.
1387 4113 1396 4124 ’
1424 4095 1596 4148 Τοῦτο
1627 4096 1706 4160 δὲ,

120 4191 294 4260 φησὶ,
338 4189 400 4242 τδ
437 4184 576 4257 εἶδος
605 4187 707 4257 τῆς
767 4185 1130 4258 ματαιότητος
1192 4186 1416 4255 καὶτῆς
1465 4185 1711 4255 πονηρᾶς

117 4281 471 4355 ἀρρωστίας,
494 4279 617 4348 οὐχὶ
642 4278 804 4350 μόνον
837 4277 947 4334 τῶν
998 4279 1206 4347 βραχὺν
1264 4277 1375 4346 βίον
1412 4276 1704 4346 λαχόντων,

119 4374 223 4426 καὶ
255 4372 366 4435 τὰς
391 4371 603 4442 ἡμέρας
630 4370 729 4438 τῆς
768 4368 913 4438 ζωῆς
947 4370 1260 4437 ἐσχηκότων
1309 4368 1500 4435 ὀλίγας
1534 4367 1706 4430 ἐστὶν,

117 4463 269 4521 ἀλλά
307 4463 404 4515 καὶ
436 4461 891 4535 παραταθήσεται
912 4458 1013 4530 τῆς
1039 4458 1183 4529 ζωῆς
1213 4458 1376 4512 αὑτοῦ
1409 4459 1471 4511 τὸ
1509 4459 1710 4530 μέτρον

119 4560 204 4620 εἰς
243 4555 350 4626 ἐτη
408 4553 598 4618 πολλὰ,
649 4551 754 4606 κᾶν
785 4551 1258 4622 πληθυνθήσονται
1323 4551 1420 4630 τῆς
1473 4550 1711 4603 ἐνταῦθα

1803 3357 2014 3427 .guitate
2041 3368 2166 3425 erga
2187 3366 2466 3423 pauperes
2501 3351 2848 3419 comparatis,
2871 3353 3028 3407 unde
3059 3360 3259 3406 aeterna
3295 3353 3371 3406 illi

1809 3459 1861 3504 et
1891 3456 2145 3516 perpetua
2193 3445 2448 3500 alimenta
2472 3443 2924 3522 suppeditentur,
2963 3439 3056 3496 Vir
3085 3428 3232 3498 enim
3273 3460 3371 3498 ex-

1805 3550 1998 3595 ternus
2027 3539 2163 3593 alter
2202 3539 2255 3592 in
2291 3537 2409 3606 ejus
2435 3550 2564 3604 opes
2594 3535 2866 3599 succedet,
2898 3536 2986 3603 qui
3016 3535 3136 3590 edat
3164 3536 3370 3597 omnia.
3406 3543 3411 3546 '

1809 3641 1864 3686 et
1889 3631 2134 3700 corporis
2175 3627 2544 3697 voluptatibus
2586 3641 2649 3680 ac
2693 3627 2956 3694 pudendis
3003 3627 3372 3698 improbisque

1811 3719 2620 3789 rebnsimpendensabsumat.
2664 3716 2716 3771 ld
2757 3731 2918 3786 porro
2963 3733 3192 3771 summa:
3218 3719 3373 3772 vani-

1811 3815 1938 3868 tatis
1977 3812 2238 3866 indicium
2278 3820 2362 3864 est
2397 3816 2453 3863 et
2486 3809 2706 3877 pessimi
2751 3807 3052 3876 iangttoris,
3084 3809 3175 3875 qui
3222 3819 3374 3865 mon-

1810 3914 1919 3961 tem
1946 3904 2064 3973 ejus
2096 3903 2479 3968 rationemque
2508 3897 2816 3966 occupavit.
2843 3899 3047 3966 quique
3077 3897 3130 3951 in
3172 3897 3370 3952 inferni

1810 3999 2035 4069 laqueos
2064 4005 2118 4050 et
2167 3994 2220 4048 in
2257 3991 2452 4055 mortis
2477 3990 2771 4060 perniciem
2809 3989 2988 4042 traxit.
3021 3989 3201 4076 Atque
3236 3990 3370 4052 haec,

1811 4088 2007 4158 inquit,
2037 4082 2292 4138 vanitatis
2329 4089 2383 4136 et
2425 4079 2646 4148 pessimi
2684 4079 2961 4148 languoris
3010 4079 3218 4146 species
3262 4094 3372 4161 non

1809 4194 2000 4236 eorum
2035 4176 2209 4233 solum
2253 4182 2357 4241 cst,
2391 4174 2493 4244 qui.
2530 4173 2746 4226 brevem
2777 4170 2922 4225 nacti
2951 4169 3136 4233 vitam,
3167 4184 3372 4238 paucos

1809 4270 1908 4324 aevi
1940 4269 2055 4322 dies
2087 4266 2354 4329 habuere;
2383 4263 2476 4317 sed
2508 4260 2610 4316 'etsi
2634 4259 3108 4331 producaturviue
3135 4260 3373 4313 hominis

1812 4376 2068 4416 mensura
2110 4360 2373 4429 inlannos
2402 4356 2606 4426 plures,
2643 4362 2696 4408 et
2728 4353 2846 4407 dies
2877 4365 3142 4405 annorum
3171 4354 3290 4418 ejus
3319 4361 3375 4404 et

1808 4453 2088 4511 terrestris
2126 4451 2291 4521 hujus
2342 4447 2689 4505 habitationis
2736 4445 2790 4498 in
2824 4442 3373 4498 immensumtmulti—

1811 4530 2121 4619 plicantur,
2169 4544 2439 4614 siquidem
2485 4539 2722 4595 animam
2769 4539 2883 4608 ipse
2926 4551 3080 4592 suam
3135 4536 3374 4590 bonitate

125 4619 435 4720 παροικίας
465 4646 522 4700 αί
557 4645 766 4716 ἡμέραι
787 4619 899 4696 τῶν
922 4619 1067 4696 ἐτῶν
1109 4642 1277 4694 αὐτοῦ
1317 4619 1438 4696 δέοιθ’
1477 4641 1709 4712 ὑπερϐο-

1817 4638 2102 4701 l'raudarit,
2134 4651 2296 4706 quam
2330 4631 2702 4687 misericordia
2728 4622 2783 4682 et
2806 4628 3053 4699 largitate
3077 4642 3201 4697 erga
3241 4644 3372 4696 pau-

117 4742 250 4811 λὴν,
279 4738 638 4810 ἀποστερήσῃ
675 4735 734 4788 δὲ
760 4734 859 4804 τῆς
887 4736 945 4786 ἐν
977 4732 1368 4803 ἐλεημοσΰνσις
1401 4733 1492 4785 καὶ
1534 4733 1714 4802 διανο-

119 4837 263 4905 μαῖς
318 4829 434 4884 τῶν
460 4830 711 4900 πενήτων
743 4825 1315 4903 παραλαμὸανομένης
1351 4823 1713 4892 ἀγαθωσύνης

114 4928 224 4997 τὴν
264 4907 406 4977 ἰδίαν
443 4920 644 4992 ψυχὴν.
669 4919 768 4990 τὴν
813 4919 936 4986 ἴσην
981 4920 1074 4970 καὶ
1117 4907 1214 4985 τὴν
1271 4915 1439 4984 αὐτὴν
1483 4913 1711 4984 εὑρεθή-

118 5033 291 5072 σεται
337 5013 676 5084 ματαιότητα
726 5011 822 5063 καὶ
860 5008 1104 5078 πονηρὰν
1163 5005 1472 5085 ἀρρωστίαν
1519 5008 1711 5072 ἐπιφε-

118 5110 368 5180 ρόμενος
397 5120 411 5134 ·
437 5103 500 5156 οὐ
523 5101 636 5171 γὰρ
659 5103 914 5170 συνῆκεν,
937 5100 1022 5153 ὅτι
1049 5097 1239 5166 θνητός
1271 5097 1424 5157 ἐστι,
1441 5095 1533 5146 καὶ
1581 5095 1716 5180 πάνέ

115 5177 233 5262 τως
269 5195 736 5264 ἀπορραγήσεται
780 5190 880 5259 τῆς
915 5189 1197 5259 παρούσης
1262 5185 1427 5254 ζωῆς,
1458 5185 1554 5236 καὶ
1607 5177 1713 5243 τῶν

119 5294 284 5346 ίδίων
331 5286 630 5356 κτημάτων
685 5283 780 5336 καὶ
815 5282 1118 5352 χρημάτων
1171 5276 1321 5331 ἄλλοι
1383 5274 1756 5337 διαδέξονται.

118 5387 225 5455 τὴν
267 5378 577 5436 ἀπόλαυσιν
602 5416 618 5442 ,
651 5373 917 5436 πολλάκις
945 5373 1096 5433 ὄντες
1132 5370 1232 5423 καὶ
1261 5367 1572 5436 δυσμενεῖς,
1640 5363 1715 5427 ὡς

123 5477 274 5549 μηδὲ
313 5470 603 5546 φροντίσαι
647 5468 747 5536 τῆς
799 5463 1186 5535 προσηκούσης
1241 5460 1437 5529 ἐκεινῳ
1495 5455 1672 5527 ταφῆς
1699 5472 1712 5485 ο

115 5571 271 5626 ἀλλά
309 5563 749 5636 παρεωραμένον
764 5559 1088 5614 καταλιπεῖν
1109 5555 1201 5609 καὶ
1231 5551 1514 5614 παντελῶς
1544 5553 1716 5619 ἀπρο-

115 5664 334 5733 γόητον
343 5699 357 5713 .

195 5791 386 5850 Τοῦτο
413 5790 470 5843 δέ
506 5786 720 5851 πολλοῖς
755 5784 1012 5847 πολλάκις
1077 5781 1445 5851 συμϐέϐηκεν,
1503 5777 1601 5830 οὐκ
1658 5776 1714 5830 ἐν

117 5892 252 5953 ταῖς
289 5881 728 5951 παρῳχημέναις
758 5879 970 5947 γενεαῖς
1006 5875 1187 5944 μόνον,
1213 5873 1348 5926 ἀλλὰ
1382 5872 1482 5923 κὰν
1499 5873 1562 5938 τῇ
1591 5867 1712 5920 καθ’

334 5972 617 6033 Ριτιιοι..
655 5970 772 6028 Gn.
807 5966 1092 6028 ‘XCVlll.

1814 4744 1969 4798 peres
2003 4738 2319 4794 comparare
2364 4721 2467 4778 sibi
2492 4729 2703 4790 posset,
2747 4717 2863 4788 pari
2903 4719 3089 4786 utique
3122 4718 3375 4771 vanitatis

1815 4817 2144 4890 pessimique
2189 4813 2464 4883 languoris
2513 4811 2702 4865 morbo
2740 4809 2986 4863 laborare
3028 4818 3235 4877 perget.
3270 4805 3376 4861 Ne-

1814 4926 1920 4980 que
1967 4908 2111 4961 enim
2157 4904 2439 4959 mortalem
2487 4916 2548 4980 se
2593 4915 2715 4954 esse
2766 4900 2819 4952 in
2860 4899 3101 4952 animum
3145 4899 3375 4959 induxit,

1816 5017 1982 5070 seque
2028 5014 2095 5054 ex
2157 4998 2262 5052 hac
2307 4996 2416 5048 vita
2467 4992 2714 5046 avulsum
2769 4990 2874 5054 iri;
2937 5005 3022 5043 res
3053 5003 3200 5061 _vero
3249 5005 3377 5042 suns

1816 5104 2117 5160 omnesque
2142 5102 2275 5157 opes
2311 5085 2376 5140 ad
2417 5085 2574 5144 alios,
2617 5096 2758 5149 saepe
2803 5090 2857 5134 et
2892 5079 3074 5134 hostes
3118 5081 3380 5134 transitu--

1816 5199 1927 5246 ras,
1972 5182 2064 5251 qui
2121 5176 2201 5234 sic
2246 5177 2405 5232 bonis
2444 5174 2562 5242 ejus
2605 5171 2878 5232 fruantur,
2933 5181 2992 5223 ut
3035 5186 3104 5225 ne
3148 5171 3380 5239 dejnsto

1816 5275 2033 5344 quidem
2064 5271 2240 5340 ipsius
2273 5253 2432 5338 155
2457 5264 2707 5334 sepulcro
2737 5278 2865 5318 cura
2897 5274 3171 5331 suscepta,
3200 5265 3379 5334 negle-

1818 5377 1967 5423 ctum
2001 5365 2183 5435 plane,
2224 5371 2390 5430 atque
2426 5358 2718 5426 inglorium
2771 5351 3123 5426 ignotumque
3154 5356 3382 5410 derelin-

1816 5461 2006 5531 quatit.

1888 5767 2056 5836 Quod-
2084 5743 2268 5820 multis
2304 5761 2545 5833 profecto
2589 5774 2733 5829 saepe
2778 5757 3022 5825 contigit,
3071 5769 3168 5810 nec
3206 5765 3385 5811 trans-

1815 5863 1952 5916 actis
1990 5867 2200 5913 tantum
2235 5855 2506 5918 aetatibus,
2538 5852 2631 5906 sed
2667 5851 2826 5905 etiam
2871 5855 3077 5907 nostra,
3110 5855 3166 5898 ut
3198 5860 3384 5901 omnes

2988 5935 3058 5998 31
