4070 6334
506 488 510 492 ’
611 476 718 539 979

1576 551 1580 553 Α
1645 466 1654 483 ’
1693 479 1755 538 S.
1804 478 2183 543 GREGORII
2224 479 2730 540 AGRIGENTINI

3598 443 3852 543 qm

603 591 672 645 de
714 603 927 646 morum
970 603 1200 646 auorum
1229 589 1609 645 emendatione
1652 590 1942 660 animique
1960 591 2171 646 cultura

2277 591 2367 643 καὶ
2413 589 2748 661 ρυθμίζοντα
2779 591 2876 660 τὴν
2915 587 3060 660 ζωὴν
3082 593 3205 654 ταῖς
3232 590 3637 662 πνευματικαῖς
3683 611 3853 648 κατα-

550 721 559 730 .
606 681 853 747 laborat;
885 683 1082 737 transit
1117 695 1264 736 nunc
1299 680 1365 734 ad
1401 679 1626 735 alterum
1678 689 2083 750 argumentum,
2115 679 2168 733 in

603 787 781 840 eoque
824 769 1070 828 versatur
1119 781 1284 841 atque
1314 769 1410 834 ait,
1464 770 1599 824 nihil
1646 771 1702 823 in
1753 771 1843 835 iis,
1872 784 1994 838 qua:
2030 769 2171 822 facta

595 864 754 927 'sunt,
782 863 1029 918 relictum
1057 879 1310 932 usquam,
1349 861 1496 932 quod
1525 862 1644 917 sine
1672 853 2030 930 appellatione
2060 860 2131 913 sit
2154 878 2167 913 :

606 964 665 1008 et
705 954 971 1024 quidquid
1006 953 1210 1011 factum
1258 955 1332 1009 sit
1381 963 1475 1014 aut
1511 963 1644 1009 “esse
1692 952 1936 1020 cmperit,
1984 959 2170 1018 aptum

607 1055 806 1099 nomen
843 1046 1230 1115 propriumque
1260 1043 1583 1115 vocabulum
1629 1041 1941 1110 accepisse:
1973 1038 2173 1108 quippe

607 1137 790 1190 omnia
825 1151 1006 1190 rerum
1034 1134 1294 1190 Conditor
1321 1145 1446 1190 ante
1475 1134 1653 1197 novit,
1687 1142 1742 1188 et
1765 1131 2005 1186 futurum
2034 1131 2174 1184 scie—
2230 1154 2232 1156 τ

504 1274 510 1279 .
608 1226 722 1290 bat,
750 1236 810 1280 ut
833 1227 1083 1282 homines
1110 1219 1503 1292 dividerentur,
1527 1233 1581 1279 et
1611 1225 1859 1293 pluribus
1899 1224 2174 1292 variisque

609 1319 917 1388 linguarum
975 1334 1040 1374 ac
1089 1318 1445 1373 dialectorum
1495 1304 1815 1372 dillerentiis
1865 1315 2173 1387 distingue-

609 1419 817 1464 rentur.
861 1411 1048 1480 Itaque
1070 1411 1223 1465 vel'si
1250 1409 1375 1478 quis
1406 1424 1521 1464 rem
1563 1409 1801 1478 aliquam
1830 1422 1928 1478 pro
1957 1409 2173 1477 lingua-

610 1510 732 1550 rum
772 1511 836 1550 ac
880 1495 1239 1552 dialectorum
1291 1497 1607 1551 discrimine
1653 1495 1810 1550 aliter
1853 1496 2175 1564 diverseque

607 1585 966 1640 denominare
1009 1592 1278 1652 conetur;
1329 1599 1438 1638 non
1495 1584 1615 1638 ideo
1670 1585 1842 1654 ipsam
1895 1598 2002 1638 non
2053 1598 2176 1638 esse

609 1677 889 1740 eamdem,
943 1671 1037 1731 aut
1076 1691 1184 1731 non
1233 1676 1395 1731 talem
1443 1692 1667 1748 manere
1712 1684 1877 1745 atque
1917 1677 2172 1746 agnosci,

608 1768 787 1836 qualis
819 1782 851 1821 a
872 1766 1172 1822 Conditore
1195 1767 1337 1822 facta
1366 1776 1446 1823 est
1481 1787 1493 1821 :
1527 1776 1586 1822 ut
1624 1765 1926 1838 subjectum
1955 1768 2172 1837 quidem

608 1861 787 1928 ipsum
854 1859 1310 1930 appellationibus
1367 1857 1749 1914 denominetur
1792 1857 2070 1928 pluribus,
2121 1868 2175 1914 at
2211 1918 2249 1932 η
2283 1885 2479 1932 caveo;
2510 1886 2522 1897 -

609 1949 972 2017 immutabile,
996 1948 1067 2004 ob
1090 1949 1445 2006 dialectorum
1477 1949 1795 2004 varietatem
1818 1948 1955 2003 nihil
1987 1949 2175 2014 variet,

607 2051 662 2094 ct
692 2053 799 2093 una
824 2039 944 2109 ejus
962 2039 1262 2110 eademque
1284 2047 1482 2093 natura
1507 2038 1599 2104 sit,
1631 2053 1753 2108 quae
1777 2039 1995 2093 nomina
2021 2039 2176 2108 plura

605 2143 663 2188 et
691 2133 954 2188 vocabula
989 2133 1178 2189 multis
1226 2146 1258 2186 e
1295 2124 1498 2201 linguis
1541 2131 1684 2186 inter
1730 2146 1790 2185 se
1821 2131 2053 2186 diversis
2081 2131 2179 2186 ad-

601 2227 810 2300 mittat,
849 2226 916 2282 ad
971 2241 1086 2281 rem
1133 2239 1298 2280 uuam
1354 2223 1748 2294 designandam
1795 2223 2173 2294 pertinentia:

607 2318 1066 2386 quemadmodum
1103 2319 1333 2374 in-auro
1359 2318 1496 2374 etin
1536 2317 1660 2386 igne
1701 2325 1865 2384 atque
1892 2315 1948 2370 in
1976 2315 2175 2370 simili-

605 2411 712 2466 bus
757 2412 943 2466 videre
973 2411 1096 2466 licet
1124 2410 1258 2481 (47).
1299 2410 1412 2464 Nec
1439 2422 1604 2472 .vero,
1649 2408 1694 2464 si
1723 2407 1849 2479 quis
1891 2406 2175 2461 hominum

611 2504 770 2575 ιω
789 2504 994 2574 aliquid
1028 2489 1239 2569 eorum,
1258 2518 1380 2573 qua
1409 2499 1550 2557 facta
1573 2508 1720 2568 sunt,
1761 2499 2035 2556 centrario
2075 2514 2178 2552 no‘

605 2595 755 2650 mine
799 2594 1069 2664 appellare
1105 2595 1322 2658 audeat,
1364 2593 1568 2647 idcirco
1599 2606 1762 2662 quam
1804 2590 2064 2646 Conditor
2107 2590 2177 2645 ab

605 2687 822 2757 urigine
869 2685 1062 2740 indidit
1109 2685 1582 2745 nomenclaturam
1617 2692 1828 2737 mutare
1872 2682 1920 2737 is
1961 2684 2173 2752 possit,

609 2787 870 2846 tauquam
894 2776 941 2831 si
970 2777 1166 2831 melius
1200 2774 1411 2846 aliquid
1437 2773 1815 2846 excogitasset.
1844 2771 2002 2827 Novit
2031 2775 2175 2828 enim

605 2868 896 2933 Conditor,
916 2861 1089 2938 quam
1104 2865 1289 2937 gloria-
1311 2865 1564 2933 avidum,
1583 2881 1747 2939 quam
1774 2866 2175 2920 contentiosum
2201 2892 2205 2896 ν

608 2958 811 3032 animal
863 2958 1030 3012 homo
1083 2957 1300 3012 futurus
1353 2963 1499 3020 erat,
1553 2965 1608 3011 et
1662 2963 1926 3025 quantum
1965 2965 2177 3010 certare

533 3120 536 3124 Α
609 3051 753 3104 inter
782 3065 843 3105 se
887 3049 1157 3105 debebant
1203 3048 1271 3103 de
1304 3047 1620 3101 inventione
1659 3046 1940 3100 nominum
1989 3062 2178 3101 recen-

564 3170 568 3174 -
609 3136 848 3190 tiorum.’
886 3135 957 3190 At
991 3155 1010 3188 ι
1038 3135 1158 3190 Non
1207 3135 1425 3205 poterit,
1448 3135 1648 3205 inquit,
1695 3133 2023 3189 contendere
2051 3150 2174 3189 cum

2275 684 2498 736 στάσεσι
2526 699 2542 714 ο
2579 683 2673 737 νῦν
2705 684 2792 751 ἐφ’
2829 683 3024 753 ἑτέραν
3053 681 3310 738 ὑπόθεσιν
3349 685 3562 753 μέτεισι
3595 695 3689 738 και
3728 686 3853 740 δια-

2271 775 2507 829 τείνεται
2555 777 2652 829 καί
2680 794 2836 847 φησι,
2875 777 3043 847 μηδὲν
3080 777 3140 831 ὲν
3179 779 3295 840 τοῖς
3356 779 3637 846 γεγονόσιν
3676 782 3850 833 ἀκατ-

2271 868 2573 936 ονόμαστον
2628 866 2855 936 ἔαθῆναι
2882 868 2943 920 τὸ
2965 867 3185 922 σύνολον
3211 882 3224 896 ·
3259 867 3397 924 ἀλλὰ
3423 871 3558 934 πᾶν,
3580 869 3610 921 δ
3631 872 3848 939 γέγονε,

2274 959 2367 1012 καὶ
2395 959 2534 1030 πρὸς
2561 960 2622 1014 τδ
2649 957 2789 1014 εἶναι
2817 959 3104 1032 παρήχθη,
3121 961 3222 1037 τὴν
3256 961 3569 1033 πρόσφορον
3597 963 3691 1030 καὶ
3715 981 3848 1016 κατ-

2274 1050 2504 1118 άλληλον
2534 1050 2719 1105 λαϐεῖν
2745 1053 3040 1121 ὀνομασίαν
3069 1054 3161 1106 καὶ
3187 1053 3379 1123 κλῆσιν
3406 1071 3418 1083 ·
3453 1055 3532 1118 ὡς
3561 1051 3851 1124 προεγνω-

2273 1141 2431 1204 κότος
2480 1142 2575 1196 τοῦ
2612 1141 2925 1206 κτίσαντος·
2960 1143 3030 1196 τὰ
3062 1143 3243 1196 πάντα
3271 1145 3369 1197 καὶ
3424 1145 3516 1198 τὸν
3539 1146 3853 1216 ἄνθρωπον,

2273 1230 2350 1294 ὡς
2393 1231 2799 1302 διαιρεθήσεται
2853 1233 2947 1286 καὶ
3002 1232 3397 1305 μερισθήσεται
3459 1237 3686 1306 μυρίαις
3731 1236 3852 1306 Δκαί.

2276 1324 2548 1386 ποικίλαις
2582 1325 2843 1392 γλωσσῶν
2877 1325 2979 1379 καλ⁸
3025 1325 3326 1380 διαλέκτων
3372 1309 3682 1398 διαφοραῖς.
3732 1309 3854 1381 Καὶ

2273 1413 2366 1467 διὰ
2406 1415 2566 1468 τοῦτο
2598 1415 2701 1469 κᾶν
2741 1416 3033 1486 πειραθείη
3080 1433 3166 1479 τις
3207 1418 3304 1469 καὶ
3356 1417 3468 1470 τῶν
3506 1419 3852 1488 πραγμάτων

2275 1505 2507 1558 ἕκαστον
2557 1508 2954 1576 κατονομάζειν
2998 1507 3230 1571 ἀλλοίως
3289 1509 3384 1562 καὶ
3435 1509 3690 1578 ὲτεροίως
3743 1525 3850 1562 κα-

2274 1596 2343 1649 τὰ
2384 1597 2483 1667 τὴν
2515 1597 2776 1666 γλωσσῶν
2844 1598 2936 1651 καὶ
2989 1598 3286 1654 διαλέκτων
3341 1599 3604 1672 διαφοράν
3630 1617 3645 1631 ο
3708 1601 3851 1670 πλὴν

2276 1687 2411 1738 ἀλλὰ
2494 1688 2604 1758 γὰρ
2664 1682 2809 1740 εἶναι
2874 1689 2971 1742 καὶ
3033 1689 3310 1764 διαμένειν
3359 1693 3450 1742 καὶ
3523 1690 3852 1759 διεγνῶσθαι

2275 1778 2337 1829 τὸ
2359 1779 2593 1847 πρᾶγμα
2613 1778 2874 1844 τοιοῦτον,
2901 1773 3012 1832 οἷον
3043 1781 3137 1833 καὶ
3165 1779 3356 1848 γέγονε
3393 1779 3545 1858 παρὰ
3569 1780 3664 1834 τοῦ
3689 1784 3854 1852 Ποιή-

2565 1871 2640 1932 ὠς
2675 1871 2738 1921 τὸ
2768 1872 2901 1923 αὐτὸ
2951 1871 3322 1940 ὑποκείμενον
3349 1871 3714 1940 ὀνομάζεσθαι
3747 1875 3850 1942 μὲν

2282 1959 2505 2028 μυρίαις
2533 1961 2950 2030 προσηγορίαις,
3011 1961 3088 2029 μὴ
3141 1960 3587 2016 συναλλοιοῢσοαι
3642 1963 3700 2016 δὲ
3754 1964 3852 2016 καὶ

2279 2035 2800 2113 συνεξαλλάττεσθαι
2835 2053 2956 2113 ταῖς
2977 2051 3087 2111 τῶν
3116 2051 3417 2105 διαλέκτων
3443 2054 3730 2123 ἑτερότησι
3751 2052 3850 2106 καὶ

2277 2143 2590 2211 διαφοραῖς”
2625 2141 2742 2196 ἀλλ’
2785 2139 2926 2196 εἶναι
2953 2143 3051 2211 μὲν
3079 2143 3247 2197 αὑτοῦ
3280 2146 3378 2215 την
3401 2143 3566 2212 φύσιν
3599 2145 3732 2214 μίαν
3751 2145 3850 2198 καὶ
3899 2169 3902 2171 λ

2275 2234 2376 2304 τὴν
2399 2234 2600 2304 αὐτὴν,
2643 2234 2848 2295 πολλὰς
2883 2233 3053 2288 δὲκαὶ
3101 2235 3408 2306 διαφόρους
3453 2236 3710 2306 δέχεσθαι
3747 2237 3850 2300 τὰς

2277 2328 2428 2398 παρὰ
2447 2326 2558 2380 τῶν
2589 2326 2802 2379 πολλῶν
2837 2328 2934 2379 καὶ
2968 2327 3243 2398 διαφόρων
3274 2328 3539 2397 γλωσσῶν
3580 2345 3856 2396 προσηγοέ

2279 2419 2400 2490 ρίας
2448 2419 2544 2473 καὶ
2573 2419 2796 2488 κλήσεις
2834 2418 2967 2488 πρὸς
3007 2418 3068 2470 τὸ
3097 2420 3230 2472 αὐτὸ
3281 2419 3686 2491 σημαινόμενον
3717 2436 3848 2472 συν-

2279 2509 2486 2572 ιούσας,
2513 2493 2588 2570 ὡς
2619 2510 2720 2562 ἐπὶ·
2748 2507 2844 2560 τοῦ
2871 2507 3072 2578 χρυσοῦ
3114 2508 3322 2562 καὶτοῦ
3390 2509 3563 2578 πυρὸς
3593 2511 3686 2562 καὶ
3737 2508 3853 2562 τῶν

2277 2601 2679 2672 παραπλησίων
2709 2599 2889 2670 ῥᾴδιόν
2917 2602 3031 2653 ἐστι
3059 2600 3318 2654 κατιδεῖν.
3353 2600 3462 2652 Καὶ
3512 2600 3615 2654 κᾶν
3647 2602 3849 2671 πειρά-

2279 2691 2423 2745 σοιτό
2451 2707 2536 2752 τις
2561 2689 2866 2760 ἀνθρώπων
2896 2692 3262 2760 ἀντονομᾲσαι
3301 2707 3353 2742 τι
3379 2685 3488 2742 τῶν
3515 2691 3848 2758 γεγονότων.

2261 2781 2478 2849 ’ἥκιστα
2521 2782 2813 2852 δυνήσεται
2875 2780 3207 2852 μεταϐαλεῖν
3251 2782 3354 2850 ⁴τὴν
3407 2780 3651 2852 ἀρχῆθεν
3696 2781 3853 2850 αὐτῷ

2277 2872 2428 2941 παρὰ
2451 2871 2546 2925 τοῦ
2591 2872 2936 2943 Δημιουργοῦ
2964 2871 3256 2942 δεδομένην
3270 2872 3590 2941 ὀνομασίαν,
3623 2872 3699 2935 ὡς
3727 2872 3852 2942 $1).-

2275 2965 2390 3018 τιόν
2418 2981 2475 3029 τι
2497 2965 2657 3032 δῆθεν
2688 2966 3003 3034 ἐπινοήσας.
3033 2964 3215 3032 Ἔγνω
3253 2945 3363 3034 γὰρ
3418 2966 3448 3017 ό
3476 2964 3854 3034 Δημιουργὸς,

2275 3054 2350 3120 ὡς
2383 3056 2656 3124 φιλόδοξον
2685 3057 2781 3109 καὶ
2805 3055 3114 3123 φιλόνεικον
3139 3054 3276 3118 ζῶον
3302 3047 3642 3124 όᾶνθρωπος
3665 3054 3852 3118 ἔσται,

2277 3151 2371 3203 καὶ
2393 3149 2597 3220 πολλὴν
2631 3148 2868 3218 ἅμιλλαν
2895 3148 3078 3214 ἕξουσι
3111 3148 3248 3218 πρὸς
3283 3146 3550 3216 ἀλλήλους
3577 3149 3668 3200 ἐπὶ
3724 3165 3853 3201 και-

610 3226 838 3283 fortiore
873 3240 1038 3294 super
1077 3239 1155 3289 se,
1190 3243 1209 3276 ι
1257 3223 1310 3277 id
1345 3233 1455 3289 est,
1495 3238 1839 3293 nequaquam
1891 3223 1938 3278 is
1976 3225 2175 3293 poterit

2277 3241 2511 3311 νοτέρων
2531 3242 2813 3312 ὀνομάτων
2841 3241 3148 3312 εὑρέσεσιν.
3194 3240 3337 3293 Ἀλλ’
3364 3258 3383 3290 ι
3407 3240 3529 3292 οὐδὲ
3557 3240 3854 3310 δυνήσεται

611 3317 874 3372 certando
933 3331 1058 3371 cum
1121 3314 1530 3385 sapientissimo
1586 3323 1750 3383 atque
1805 3314 2178 3384 omnipotente

612 3398 796 3462 rerum
827 3406 1075 3460 omnium
1098 3404 1397 3459 Conditore
1422 3403 1616 3458 melius
1646 3403 1944 3472 quidquam
1979 3413 2178 3457 extun-

610 3499 741 3551 dere
763 3507 817 3551 et
844 3497 1018 3565 magis
1061 3493 1530 3548 accommodatum
1568 3511 1582 3547 :
1618 3495 1711 3548 sed
1742 3509 1909 3547 unum
1937 3493 2179 3562 proleclo

613 3588 749 3642 illud
787 3587 976 3640 multis
1024 3586 1367 3653 diversisque
1416 3586 1469 3637 in
1513 3586 1863 3639 sermonibus
1905 3585 2176 3638 variarum

609 3680 793 3734 omnis
825 3662 1041 3747 generis
1085 3677 1500 3742 cogitationum,
1542 3675 1636 3744 qui
1682 3675 1783 3729 hoc
1818 3674 2055 3738 faciunt,
2091 3691 2181 3730 as-

613 3770 790 3826 secuti
819 3769 1128 3831 videantur,
1166 3779 1225 3822 ut
1252 3768 1548 3824 vanitatem
1582 3783 1736 3822 suam
1769 3778 2024 3836 augeant,
2054 3778 2108 3822 et
2147 3784 2176 3822 a

611 3862 838 3916 veritate
882 3875 945 3915 ac
988 3869 1183 3914 natura
1230 3874 1413 3914 rerum
1438 3860 1702 3936 aberrent
1728 3878 1740 3911 :
1769 3862 1912 3928 quod
1959 3861 2178 3929 sapiens

613 3953 970 4008 Ecclesiastes
1029 3952 1364 4016 declaravit,
1425 3967 1548 4006 cum
1597 3950 1776 4006 dixit:
1817 3970 1834 4001 ι
1866 3950 2005 4016 Quia
2052 3965 2179 4006 sunt

609 4044 774 4100 verba
813 4045 983 4101 multa
1015 4043 1438 4112 multiplicantia
1466 4041 1786 4109 vanitatem.
1822 4059 1840 4092 ι

684 4238 817 4292 Dum
845 4238 992 4291 enim
1032 4234 1187 4288 multi
1219 4236 1362 4289 inter
1391 4248 1450 4290 se
1494 4231 1851 4294 contendunt,
1884 4239 1938 4289 et
1966 4231 2178 4301 linguas

610 4329 853 4401 litigiosa
889 4328 1256 4395 disputatione
1297 4333 1602 4386 exacuunt,
1653 4331 1712 4376 ut
1763 4321 2176 4391 appellationem

611 4423 850 4491 aliquam
891 4419 1067 4490 magis
1118 4432 1311 4470 novam
1363 4417 1646 4485 imponant
1694 4415 1879 4476 rebus,
1931 4414 2180 4485 sequitur

611 4510 944 4572 necessario,
977 4518 1036 4563 ut
1079 4525 1108 4562 a
1160 4507 1504 4562 convenienti
1549 4506 1776 4560 veritate
1805 4504 2170 4565 deﬂectentes,

2279 3335 2436 3405 φησὶ,
2462 3334 2559 3388 τοῦ
2601 3333 2861 3405 κριθῆναι
2895 3327 3034 3404 μετὰ
3063 3333 3158 3386 τοῦ
3189 3333 3546 3403 ἰσχυροτέρου
3594 3332 3739 3402 ὑπὲρ
3759 3333 3857 3386 αύ-

2276 3427 2390 3487 τδν,
2429 3445 2448 3477 t
2481 3426 2754 3489 τουτέστι,
2785 3425 3037 3495 οὐδαμῶς
3059 3424 3336 3497 ἐξισχύσει
3365 3422 3442 3494 τῷ
3467 3422 3733 3492 πανσόφῳ
3757 3426 3856 3475 καὶ

2279 3517 2578 3571 πανσθενεῖ
2634 3517 2963 3588 Δημιουργῷ
3004 3517 3112 3572 τῶν
3161 3517 3419 3579 ἁπάντων
3470 3513 3856 3585 ἁμιλλώμενος

2277 3606 2500 3676 ἄμεινόν
2534 3626 2586 3659 τι
2619 3607 2808 3677 νοῆσαι
2832 3608 2927 3660 καὶ
2965 3609 3414 3677 προσφυέστερον
3437 3624 3454 3638 ο
3484 3591 3600 3660 ἀλλ’
3631 3607 3856 3677 ἢμόνον

2277 3705 2337 3753 ὲν
2365 3703 2476 3762 τοῖς
2506 3700 2724 3762 πολλοῖς
2757 3702 2849 3754 καὶ
2878 3699 3156 3768 διαφόροις
3209 3699 3390 3768 λόγοις
3423 3699 3531 3751 τῶν
3583 3699 3856 3752 ποικίλων

2279 3791 2373 3844 καὶ
2402 3790 2764 3843 παντοδαπῶν
2795 3792 3106 3861 νοημάτων,
3139 3792 3192 3842 οἱ
3243 3791 3406 3842 τοῦτο
3450 3791 3689 3860 δρῶντες
3745 3807 3853 3855 μα-

2277 3879 2537 3946 ταιότητα
2615 3877 2985 3946 πληθύνοντες
3029 3876 3443 3947 εὑρεθήσονται,
3511 3877 3852 3944 καταψευδό-

2280 3986 2431 4038 μενοι
2445 3969 2543 4038 τῆς
2565 3968 2824 4038 ἀληθείας
2846 3970 2939 4021 καὶ
2963 3970 3063 4037 τῆς
3090 3969 3306 4037 φύσεως
3327 3969 3437 4020 τῶν
3465 3970 3844 4039 πραγμάτων

2276 4060 2413 4129 ὅπερ
2437 4059 2942 4127 όσοφδςὲδήλωσεν
2973 4058 3405 4128 Ἐκκλησιαστὴς
3431 4057 3599 4110 εἰπών
3622 4074 3638 4088 ·
3669 4077 3690 4108 ι
3723 4058 3852 4111 Ὀτι

2278 4149 2384 4201 εἰσὶ
2413 4149 2561 4214 λόγοι
2599 4144 2785 4201 πολλοὶ
2817 4147 3181 4217 πληθύνοντες
3213 4147 3572 4217 ματαιότητα.
3618 4165 3637 4198 ι

2349 4239 2569 4294 Πολλῶν
2597 4239 2706 4311 γὰρ
2725 4237 3124 4310 ’ἁμιλλωμένων
3150 4237 3528 4309 ἀλλήλοις-καὶ
3541 4239 3646 4301 τὰς
3671 4237 3852 4305 γλώτ-

2279 4349 2378 4396 τας
2412 4331 2706 4403 ἐριστικῶς
2738 4330 3173 4401 παραθηγόντων
3201 4329 3341 4401 πρὸς
3371 4328 3658 4400 ἐξεύρεσιν
3716 4346 3851 4383 και-

2281 4422 2508 4492 νοτέρας
2537 4421 2681 4484 τινὸς
2721 4421 3015 4490 ὀνομασίας
3068 4421 3164 4473 ἐπὶ
3207 4422 3322 4482 τοῖς
3372 4420 3714 4490 πράγμασιν,
3784 4419 3848 4484 ἐξ

2281 4513 2542 4582 ἀνάγκης
2569 4512 2766 4565 ἕπεται
2794 4505 2895 4580 τῆς
2925 4509 3238 4580 προσφυοῦς
3266 4507 3526 4578 ἀληθείας
3549 4509 3850 4576 παρεγκλι-

611 4603 719 4658 vim
753 4615 998 4672 magnam
1047 4600 1308 4653 inducant
1344 4595 1604 4651 falsarum
1654 4595 1976 4666 opinionum
2008 4585 2176 4652 vano-
2207 4573 2249 4626 Ῑ)

612 4706 844 4764 rumque
893 4692 1350 4755 commentorum,
1389 4697 1440 4743 et
1472 4687 1536 4742 in'
1579 4699 1862 4757 peccatum
1901 4684 2182 4757 prolabatu-

613 4795 721 4842 tur.
766 4784 924 4850 Quod
974 4783 1269 4851 designans
1317 4787 1664 4834 externorum
1697 4795 1916 4850 quoque
1944 4782 2182 4851 ριιῑιοεο-

2281 4604 2484 4658 νόντων
2521 4603 2737 4673 ψευδῶν
2771 4601 3094 4671 ύπολήψεων
3146 4601 3243 4674 ,καὶ
3271 4597 3672 4670 ματαιολογιῶν
3716 4617 3850 4652 συν-

2281 4692 2436 4760 άγειν
2491 4691 2688 4754 αὐτοὺς
2756 4690 2848 4742 τὸν
2899 4690 3090 4759 ἐσμὸν,
3148 4690 3244 4741 καὶ
3290 4687 3723 4744 κατολισθαίνειν
3767 4692 3851 4754 εἰς

2280 4783 2561 4854 ἁμαρτίαν
2584 4800 2598 4814 ο
2621 4783 2761 4853 ὅπερ
2793 4781 3077 4851 σημαίνων
3106 4781 3202 4835 καὶ
3254 4779 3364 4834 τῶν
3411 4779 3644 4851 θύραθεν
3669 4780 3850 4849 ’φιλο-

611 4877 843 4946 phorum
898 4876 1152 4944 princeps
1216 4872 1296 4925 sic
1353 4861 1430 4924 ait
1484 4888 1497 4922 :
1549 4888 1565 4919 ι
1607 4858 1842 4925 Delinire
1893 4881 2076 4927 autem
2129 4882 2179 4928 et

2282 4873 2463 4948 σόφων
2489 4875 2838 4944 όκορυφαῖος
2859 4870 3002 4924 οὕτω
3033 4871 3204 4940 φησί’
3232 4889 3252 4922 ι
3279 4869 3629 4941 Διορίσασθαι
3671 4870 3732 4924 δὲ
3767 4871 3856 4925 δεῖ

609 4974 832 5036 peccata
871 4970 1104 5033 oportet,
1150 4976 1273 5030 quae
1311 4960 1363 5014 in
1402 4956 1756 5030 problematis
1794 4962 2179 5028 admittuntur,

2281 4967 2378 5020 καὶ
2403 4965 2503 5028 τὰς
2537 4964 2813 5035 ἁμαρτίας
2841 4965 2940 5027 τὰς
2964 4966 3024 5016 ἑν
3053 4964 3170 5026 τοῖς
3206 4960 3610 5035 προϐλήμασιν,
3650 4963 3736 5016 ὅτι
3780 4966 3856 5015 ει-

608 5069 662 5112 et
715 5056 932 5128 gemina
985 5062 1146 5116 sunt;
1181 5067 1304 5105 cum
1361 5067 1553 5120 nempe
1584 5053 1710 5122 quis
1754 5055 2016 5110 mentitur
2047 5074 2060 5110 ι
2086 5057 2173 5112 vel

2284 5061 2337 5113 σὶ
2367 5060 2565 5123 διτταὶ,
2600 5059 2635 5129 ἢ
2666 5057 2745 5129 τῷ
2765 5042 3083 5128 ψεύδεσθαι,
3119 5059 3151 5128 ἢ
3183 5057 3260 5127 τῷ
3315 5055 3676 5126 παραϐαίνειν
3734 5071 3854 5109 κει-

607 5164 733 5203 cum
796 5163 830 5200 a
882 5155 1105 5215 recepto
1162 5143 1430 5200 vocabulo
1471 5143 1748 5200 discedit:
1782 5154 1890 5200 tam
1944 5149 2089 5204 enim
2137 5150 2174 5203 ii

2286 5151 2455 5221 μένην
2486 5149 2649 5215 λέξιν.
2682 5152 2750 5225 Οί
2767 5166 2824 5202 τε
2852 5150 2962 5220 γὰρ
2991 5148 3316 5219 ψευδόμενοι
3352 5149 3449 5201 καὶ
3480 5147 3541 5200 τὸ
3563 5147 3638 5217 μὴ
3669 5147 3852 5218 ὑπάρ-

608 5246 864 5309 poccant,
911 5237 1006 5306 qui
1059 5237 1398 5291 mentiuntur
1433 5245 1523 5290 :et
1556 5238 1701 5306 quod
1749 5254 1858 5293 non
1908 5249 2010 5306 est,
2057 5256 2178 5299 esse

2278 5261 2374 5315 χον
2412 5243 2683 5314 ὑπάρχειν
2706 5243 2813 5296 τινὶ
2839 5241 3089 5311 λέγοντες
3111 5239 3512 5310 ἁμαρτάνουσι,
3536 5237 3631 5291 καὶ
3651 5237 3704 5288 oi
3737 5240 3852 5302 τοῖς

2285 5491 2508 5539 nomen,
2543 5481 2685 5545 quod
2719 5480 2838 5546 ejus
2867 5487 3116 5531 naturam
3152 5475 3429 5545 exprimit.
3459 5475 3538 5546 Ac
3561 5475 3685 5528 talia
3723 5491 3858 5533 sunt

2283 5548 2503 5602 nomina
2539 5544 2801 5602 Hebraica
2833 5549 3022 5603 bestiis
3055 5558 3108 5601 et
3143 5544 3303 5601 rebus
3340 5544 3570 5612 singulis
3600 5546 3670 5598 ab
3706 5548 3859 5600 Ada-

2282 5633 2372 5672 mo
2411 5619 2669 5673 instinctu
2724 5617 2814 5671 Dei
2863 5618 3052 5672 indita.
3096 5614 3256 5682 (Cen.
3289 5631 3348 5682 ιι,
3388 5616 3497 5684 19.)
3562 5613 3619 5669 Si
3665 5619 3859 5670 omnia

2281 5689 2395 5742 suis
2428 5689 2656 5743 vocibus
2693 5697 2818 5742 sunt
2840 5686 3123 5756 insignita,
3163 5687 3329 5741 etiam
3367 5684 3529 5739 homo
3557 5700 3720 5738 suam
3755 5687 3861 5739 ha-

2280 5759 2427 5812 bebit
2447 5775 2462 5822 ;
2485 5760 2597 5826 jam
2624 5767 2810 5812 notum
2844 5766 2926 5811 est
2967 5757 3096 5811 illud
3131 5770 3324 5826 nomen
3345 5770 3491 5826 esse
3524 5763 3648 5826 p‘m
3668 5794 3682 5821 ,
3715 5759 3861 5826 quod

2277 5829 2344 5883 sit
2368 5845 2429 5883 ea:
2463 5822 2593 5896 luto,
2627 5838 2676 5884 et
2710 5844 2816 5882 non
2845 5826 3002 5893 Deus,
3035 5827 3109 5883 ait
3139 5822 3562 5902 Salomolarhi.
3599 5843 3618 5876 I

683 5474 796 5543 (Η)
832 5471 1014 5528 Placet
1040 5473 1283 5534 Amamze
1309 5471 1681 5543 mterpretatio
1712 5488 1723 5522 :
1759 5489 1776 5522 ι
1810 5469 2185 5542 Quodcunque

609 5541 715 5608 rest,
751 5545 862 5610 jam
889 5550 1140 5597 vocatum
1176 5549 1262 5596 est
1287 5555 1490 5612 nomen
1524 5541 1669 5609 ejus,
1709 5551 1761 5596 et
1793 5541 2182 5612 constatquod

610 5617 684 5674 sit
731 5616 916 5672 homo,
962 5622 1016 5666 et
1062 5624 1172 5663 non
1207 5611 1776 5683 poterit_conteudere
1807 5627 1932 5666 cum
1969 5611 2180 5683 eo,’qui

612 5685 805 5741 lortior
837 5691 921 5736 est
954 5697 1049 5746 se;
1090 5699 1109 5731 ι
1151 5689 1320 5751 quam
1349 5681 1580 5751 subinde
1611 5682 1692 5736 sie
1712 5683 1967 5751 explicat.
2007 5701 2026 5731 ι
2054 5681 2181 5737 vnn

612 5753 901 5811 ostendero
933 5753 1233 5806 vanitatem
1272 5749 1509 5804 hominis
1537 5751 1605 5806 ab
1633 5752 1753 5820 ipsa
1782 5749 2060 5808 notatione
2087 5769 2180 5807 vo-

619 5829 714 5880 cis.
753 5826 830 5875 Ac
860 5821 1135 5890 praemittit
1159 5819 1406 5888 generale
1426 5821 1578 5889 quid,
1610 5819 1874 5890 quidquid
1895 5831 1980 5876 est
2010 5824 2061 5875 in
2090 5840 2178 5875 re-

619 5911 739 5951 rum
797 5902 1010 5962 natura,
1071 5891 1234 5945 habet
1277 5904 1438 5945 suum
1486 5905 1706 5957 nomen,
1737 5901 1790 5946 et
1825 5892 2039 5962 quidem
2076 5893 2179 5950 tale
