4070 6334
647 430 750 494 999

1747 429 1810 489 S.
1853 427 2232 490 GREGORII
2272 431 2791 496 AGRIGENTINI

3778 432 3914 496 Ἄθω

644 556 871 615 verant,
901 546 1124 620 premis
1157 546 1432 601 inventuri
1465 545 1925 631 sint._Eqimvero
1950 547 2078 601 dum
2111 547 2225 602 hare

2326 533 2708 612 κακοπαθείας
2740 550 3039 622 ἀνονήτους
3097 552 3491 623 ἀνθαιροῦνται
3529 550 3637 630 ,καὶ
3684 549 3911 621 φέρουσι

649 640 968 712 insipientes
993 638 1262 709 garriunt,
1305 652 1447 708 saepe
1475 637 1565 707 qui
1594 638 1814 707 sapiens
1845 653 1968 694 esse
1990 639 2228 704 videtur,

647 749 772 788 cum
807 747 869 787 ea
899 733 1092 788 crebro
1122 739 1494 802 perpetuoque
1523 731 1730 793 audiat,
1771 729 2077 797 deSpondet
2106 730 2225 783 ani-

648 839 822 886 mum,
848 832 1010 891 atque
1042 821 1098 875 in
1125 821 1341 877 virtutis
1371 820 1556 890 studio
1582 830 1636 874 et
1658 828 1804 874 recte
1837 817 1996 873 lactis
2021 818 2229 872 virilem

647 916 1011 970 constantiam
1054 929 1118 968 ac
1167 897 1353 967 robur.
1387 913 1643 978 remittit;
1697 921 1956 980 tanquam
2012 911 2108 979 qui
2160 909 2248 963 ob'

647 1009 937 1062 stultorum
964 1005 1326 1061 contumelias
1351 1004 1500 1074 gravi
1531 1004 1760 1058 nimium
1789 1002 2013 1058 tristitia
2043 1017 2108 1056 ac
2130 1001 2232 1056 do-

647 1101 767 1156 lore
798 1114 1095 1170 oppressus
1130 1097 1318 1152 fuerit.

2327 638 2616 701 γενναίως.
2671 637 2733 703 ἐξ
2785 633 2860 692 ὧν
2915 639 3071 693 οὐδὲν
3121 640 3592 713 ὠφεληθήσονται,
3627 632 3913 708 ’μηδεμίαν

2326 725 2436 778 τῶν
2476 727 2854 804 ἐλπιζομένων
2887 729 3070 791 αὐτοῖς
3121 729 3425 800 μελλόντων
3474 729 3702 800 ἀγαθῶν
3745 723 3912 792 εὑρή-

2328 833 2516 880 σοντες
2545 819 2785 888 ἀμοισήν
2837 819 3024 872 Ταῦτα
3052 820 3110 873 δὲ
3136 820 3406 890 λεγόντων
3437 815 3547 868 τῶν
3572 815 3851 885 ἀφρόνων,
3875 815 3906 865 ὁ

2329 908 2493 976 σοφὸς
2524 906 2668 962 εἶναι
2695 906 2894 970 δοκῶν,
2930 907 3148 962 ἀκούων
3181 907 3605 977 ἀλλεπαλλήλως
3634 909 3729 960 καὶ
3776 921 3899 960 συν-

2329 1001 2494 1071 εχῶς,
2524 986 2728 1070 πάσχει
2773 1001 3036 1064 πολλάκις
3072 1000 3298 1068 ἀγεννὲς
3317 999 3512 1062 πάθος,
3549 998 3643 1053 καὶ
3683 999 3784 1068 τῆς
3809 999 3911 1070 as—

2329 1094 2578 1162 ρενωποῦ
2605 1093 2842 1165 καρδίας
2892 1093 2995 1164 τὴν
3048 1082 3338 1147 συντονίαν
3372 1093 3473 1164 τὴν
3504 1093 3600 1144 ἐπὶ
3629 1093 3742 1154 τοῖς
3765 1092 3908 1158 ἀγαο

649 1191 763 1252 θοῖς
797 1162 888 1243 κὲιὶ
912 1187 1227 1251 σπουδαίοις
1258 1187 1443 1258 ἔργοις
1466 1162 1802 1256 καθυφίησιν
1825 1201 1840 1216 ο
1889 1178 1979 1238 οἶα
2067 1183 2134 1254 δὴ
2175 1182 2502 1267 πληρωθεὶς.
2545 1162 2846 1255 ἀχθηδόνος
2876 1231 2884 1238 .
2915 1162 3024 1237 καὶ·
3059 1183 3366 1264 λύπηςνὲπὶ
3399 1162 3478 1271 τῷ
3517 1182 3627 1235 τῶν
3655 1181 3910 1252 ἀφρόνων

646 1284 960 1356 ὀνειδισμῷ.

717 1377 856 1434 Hinc
911 1378 1056 1433 enim
1098 1392 1222 1433 cum
1263 1374 1470 1432 Davide
1509 1377 1775 1447 pr0plreta
1821 1373 1876 1430 in
1922 1391 2019 1431 eos
2063 1375 2226 1429 etiam

647 1481 873 1539 questus
901 1470 1247 1540 prorumpit:
1285 1487 1303 1519 ι
1339 1467 1477 1523 Ecce
1512 1469 1602 1524 isti
1639 1476 1952 1538 peceatores
1975 1477 2030 1521 et
2057 1467 2227 1521 abun-

647 1562 840 1617 dantes
864 1563 917 1615 in
950 1561 1208 1615 sarculum
1249 1549 1604 1614 obtinuerunt
1632 1561 1851 1615 divitias
1875 1560 1942 1625 ⁸⁷,
1978 1575 1998 1609 ι
2031 1558 2094 1613 Et
2118 1558 2222 1612 ite-

649 1669 769 1719 rum
801 1671 813 1704 :
843 1671 860 1704 ι
883 1651 982 1706 Mei
1009 1661 1188 1707 autem
1219 1667 1354 1722 pene
1382 1651 1512 1706 moti
1545 1661 1675 1706 sunt
1703 1651 1889 1722 pedes,
1914 1665 2052 1720 pene
2070 1649 2230 1704 eﬂusi

650 1754 777 1796 sunt
816 1757 1037 1812 gressus
1077 1743 1224 1828 mei;
1273 1743 1403 1813 quia
1456 1742 1625 1796 zelavi
1676 1757 1842 1812 super
1878 1749 2226 1811 peccatores,

650 1850 836 1903 pacem
861 1843 1207 1904 peccatorum
1232 1834 1420 1888 videns
1442 1832 1508 1887 ⁸⁸.
1535 1853 1552 1885 ι
1580 1834 1664 1887 Ae
1681 1849 1900 1901 rursum
1925 1851 1940 1887 :
1969 1852 1987 1884 ι
2015 1830 2224 1902 Usque-

649 1938 758 1990 quo
789 1922 946 1991 173
976 1931 1313 1990 peccatores,
1336 1921 1584 1983 Domine,
1607 1936 1893 1992 usqueqno
1913 1930 2231 1992 peccatores

647 2012 1029 2081 gloriabuntur
1054 2029 1065 2063 :
1102 2010 1410 2067 eﬂ‘abuntur
1440 2021 1493 2065 et
1523 2011 1816 2081 loquentur
1844 2012 2219 2082 iniquitatem,

649 2102 940 2170 loquentur
983 2115 1210 2164 omnes,
1249 2102 1342 2171 qui
1390 2113 1682 2173 operantur
1727 2102 2053 2172 iniustitiam
2083 2102 2168 2156 “1’
2207 2120 2225 2153 ι

648 2193 827 2259 Atque
853 2192 1019 2245 etiam
1054 2207 1180 2246 eum
1211 2191 1445 2248 Jeremia
1477 2210 1492 2246 :
1539 2211 1558 2244 ι
1589 2192 1770 2259 Quare
1797 2193 1884 2248 via
1929 2194 2222 2265 impiorum

648 2294 1001 2354 prosperatur
1026 2280 1070 2314 '°
1095 2284 1119 2337 ἳ
1151 2302 1170 2334 ι
1197 2295 1251 2339 et
1275 2301 1398 2340 cum
1431 2285 1632 2340 athleta
1673 2283 1765 2340 illo
1807 2286 2024 2355 pietatis
2043 2285 2185 2342 Jobo
2213 2312 2227 2349 ε

652 2394 672 2426 ι
706 2373 940 2429 Gemens
955 2375 1225 2442 dimittam
1244 2376 1528 2431 adversum
1553 2390 1678 2429 eum
1706 2375 1986 2446 eloquium
2016 2377 2248 2443 meum,”

649 2468 847 2536 loquar
892 2467 946 2520 in
976 2466 1342 2521 amaritudine
1368 2468 1566 2522 auium
1607 2482 1774 2529 mete,
1815 2478 1870 2522 et
1907 2469 2086 2524 dicam
2125 2465 2231 2522 Do-

648 2559 820 2621 mino,
851 2558 927 2612 Ne
956 2574 1042 2614 me
1071 2559 1296 2628 impium
1323 2573 1442 2612 esse
1475 2560 1704 2620 doceas;
1741 2567 1796 2614 et
1835 2575 2002 2630 quare
2030 2574 2118 2616 me
2148 2560 2230 2615 sic

647 2649 954 2718 iudicasti?
985 2665 1052 2703 an
1088 2651 1289 2715 bonum
1321 2656 1405 2703 est
1433 2648 1553 2714 tibi,
1591 2651 1638 2703 si
1663 2650 1849 2720 inique
1879 2666 2076 2720 egero,
2097 2653 2228 2722 quia

657 2741 953 2811 rcpndiasti
981 2757 1146 2812 opera
1178 2756 1436 2796 manuum
1466 2757 1748 2805 mearum.
1771 2753 1825 2796 et
1847 2742 1913 2797 ad
1935 2743 2227 2799 consilium

653 2832 943 2904 impiorum
975 2831 1443 2888 animadvertisti?
1484 2847 1613 2887 num
1649 2842 1710 2888 ut
1755 2833 1920 2888 homo
1952 2835 2134 2902 videt,
2169 2845 2226 2891 tu

648 2913 934 2997 despectas
960 2925 1112 2998 (63)?
1145 2945 1164 2978 ι
1924 2981 1933 2987 .

721 3019 1044 3090 llujusmodi
1113 3034 1244 3089 ergo
1304 3020 1357 3073 in
1423 3034 1707 3074 sermones
1766 3020 2013 3090 sapiente
2060 3021 2222 3076 etiam

2400 1366 2626 1439 Πρόεισι
2678 1367 2787 1436 γὰρ
2846 1365 3100 1420 ἐντεῦθεν
3143 1367 3240 1420 καὶ
3268 1367 3349 1430 είς
3407 1355 3476 1420 τδ
3495 1366 3730 1435 φάσκειν
3767 1363 3912 1434 μετά

2327 1458 2424 1514 τοῦ
2457 1459 2742 1530 προφήτου
2794 1458 2960 1512 Δαδίδ
2984 1474 2997 1487 ο
3023 1477 3043 1510 ι
3093 1459 3227 1512 Ἰδοὺ
3276 1444 3425 1513 οὗτοι
3469 1456 3792 1527 ἁμαρτωλοὶ
3815 1457 3914 1508 καὶ

2328 1550 2690 1618 εὐθηνοῦντες
2722 1552 2803 1612 είς
2856 1550 2947 1602 τὸν
2989 1539 3187 1613 αίῶνα,
3243 1550 3512 1618 κατέσχον
3565 1549 3801 1601 πλούτου
3828 1563 3845 1578 ο
3888 1565 3907 1597 ι
3945 1605 3948 1607 _

2328 1641 2426 1695 καὶ
2456 1642 2641 1705 πάλιν,
2689 1659 2708 1691 ι
2759 1639 2924 1709 Ἐμοῦ
2954 1641 3012 1693 δὲ
3062 1639 3215 1709 παρὰ
3275 1642 3472 1709 μικρδν
3532 1637 3914 1709 ἐσαλεύθησαν

2329 1735 2380 1787 οἱ
2429 1733 2626 1792 πόδες·
2658 1732 2790 1802 παρ’
2827 1731 3007 1797 ὀλίγον
3054 1730 3395 1802 ἐξεχύθησαν
3469 1730 3540 1783 τά
3589 1727 3914 1802 διαδήματά

2336 1842 2440 1896 μου
2461 1843 2475 1856 ·
2511 1826 2592 1879 ὅτι
2625 1825 2877 1896 ἐζήλωσα
2921 1825 3016 1879 ἐπὶ
3060 1810 3175 1888 τοῖς
3202 1824 3424 1894 ἀνόμοις
3469 1827 3695 1896 εἰρήνην
3728 1827 3911 1894 ἀμαρ-

2331 1916 2521 1972 τωλῶν
2547 1917 2789 1988 θεωρῶν.
2834 1936 2852 1969 ι
2883 1917 2996 1970 Καὶ
3023 1915 3208 1982 πάλιν,
3243 1936 3264 1969 ι
3304 1917 3448 1981 Ἕως
3479 1919 3609 1971 πότε
3641 1918 3911 1988 ἀμαρτω-

2331 2009 2436 2073 λοὶ,
2463 2007 2660 2080 Κύριε,
2683 2009 2788 2072 ἓως
2813 2009 2939 2062 πότε
2960 2010 3278 2080 ἁμαρτωλοὶ
3309 2008 3677 2083 καυχήσονται
3705 2027 3721 2041 °
3745 2010 3913 2079 φθέγ-

2334 2101 2517 2166 ξονται
2545 2102 2640 2156 καὶ⁸
2683 2100 3016 2172 λαλήσουσιν
3066 2101 3325 2155 ἀδικίανο
3360 2101 3661 2174 λαλήσουσι
3709 2103 3912 2166 πάντες

2331 2195 2382 2246 ot
2399 2190 2772 2266 δργαζόμενοι
2801 2191 2903 2262 τὴν
2932 2193 3169 2264 ἀνομίαν
3196 2210 3210 2260 ;
3239 2212 3257 2247 ι
3291 2193 3412 2250 Καὶ
3432 2195 3620 2264 μέντοι
3642 2196 3738 2249 καὶ
3770 2196 3911 2266 μεεά

2331 2270 2425 2336 τού
2455 2283 2720 2354 Ἰερεμίου
2748 2299 2762 2314 ·
2803 2302 2822 2335 ι
2848 2284 2914 2337 Τί
2936 2286 3019 2338 ὅτι
3043 2284 3161 2349 ὁδὸς
3184 2275 3400 2341 ἀσεδῶν
3421 2285 3740 2351 εὐοδοῦται;
3771 2305 3790 2336 ι
3814 2286 3911 2339 καὶ

2333 2376 2496 2430 πάλιν
2529 2374 2794 2450 μετάἣτοῦ
2817 2375 3056 2446 ἀθλητοῦ
3086 2378 3189 2446 τῆς
3211 2378 3496 2441 εὐσεϐείας
3529 2378 3651 2432 ἰὡε
3672 2395 3687 2409 ·
3719 2396 3740 2431 ι
3782 2379 3912 2442 Στέ-

2331 2484 2439 2522 νων
2461 2467 2660 2536 ἀφήσω
2694 2467 2778 2519 ἐπ’
2813 2467 2976 2521 αὐτὸν
3025 2468 3092 2522 τά
3149 2469 3375 2540 ῥήματά
3414 2486 3518 2538 μου
3542 2469 3811 2540 ·-λαλήσω
3851 2470 3908 2523 δὲ

2331 2558 2531 2630 πικρίᾳ
2551 2559 2735 2630 ψυχῆς
2768 2559 3153 2631 συνεχόμενος,
3189 2563 3283 2615 καὶ
3315 2560 3427 2632 ἐρῶ
3469 2559 3611 2632 πρὸς
3658 2560 3867 2632 Κύριον
3891 2578 3906 2590 ·

2329 2651 2422 2722 Μή
2457 2667 2529 2722 με
2552 2652 2772 2706 ἀσεϐεῖν
2801 2652 3022 2707 δίδασκε
3046 2670 3061 2686 ο
3094 2653 3190 2707 καὶ
3220 2654 3310 2708 διά
3347 2654 3402 2707 τί
3438 2672 3506 2725 με
3550 2654 3727 2719 οὕτως
3757 2655 3909 2726 ἐκριι

2329 2760 2425 2809 νας
2457 2761 2472 2809 ;
2509 2745 2542 2815 ἢ
2581 2742 2746 2798 καλόν
2781 2753 2886 2808 σοι,
2917 2745 3014 2798 ὲάν
3057 2745 3324 2816 ἀδικήσω,
3370 2748 3454 2800 ὅτι
3494 2748 3737 2810 ἀπεῖπας
3767 2749 3906 2819 ιργα

2327 2835 2533 2906 χειρῶν
2571 2854 2698 2906 μου,
2733 2835 2899 2906 βουλῇ
2939 2835 2998 2890 δὲ
3025 2827 3238 2891 essent
3272 2838 3575 2908 προσέσχες
3609 2839 3681 2908 ;ῆ
3713 2837 3906 2911 ὥστ-πρ

2328 2929 2357 2980 ὀ
2392 2926 2582 2998 βροτὸς
2611 2910 2735 2999 δρᾷ,
2776 2929 3060 3000 καθορᾷς;
3101 2947 3120 2980 ι
3254 2989 3256 2994 ι

2401 3016 2544 3090 Πρὸς
2577 3023 2705 3084 τοὺς
2739 3022 3020 3086 τοιούτους
3048 3018 3142 3076 οὖν
3170 3021 3361 3089 λόγους
3391 3021 3785 3093 ὑπενεχθέντος
3810 3027 3905 3080 καὶ

647 3114 902 3184 prolapso
935 3113 1006 3168 ob
1035 3114 1332 3168 instructas
1377 3113 1481 3167 sibi
1525 3128 1554 3167 a
1594 3112 1778 3169 stultis
1823 3106 2128 3168 calumnias
2170 3124 2225 3169 et

2325 3110 2421 3164 τοῦ
2453 3111 2620 3180 σοφοῦ
2647 3112 2735 3167 διὰ
2762 3111 2863 3184 τήν
2890 3112 3000 3166 τῶν
3029 3113 3280 3182 ἀφρόνων
3301 3107 3604 3187 γενομένην
3637 3119 3719 3181 είς
3740 3117 3905 3173 nam

653 3214 942 3276 perpetuas
971 3205 1285 3260 eorumdem
1332 3206 1752 3261 obtrectationes
1797 3213 1852 3260 et
1890 3207 2134 3261 convicia
2171 3215 2226 3262 et

655 3297 916 3362 ludibria;
943 3312 1066 3352 cum
1107 3297 1198 3351 ille
1225 3296 1456 3350 subinde
1487 3296 1553 3350 ad
1594 3312 1654 3352 se
1682 3297 1792 3351 cito
1824 3297 2026 3361 redeat,
2050 3305 2106 3351 et
2136 3312 2226 3352 su-

651 3387 1093 3456 pervenientibus
1123 3387 1223 3454 ipsi
1251 3383 1411 3439 facile
1433 3425 1446 3447 ,
1497 3396 1556 3439 ut
1601 3386 1838 3440 humana
1876 3386 2224 3442 imbecillitas

652 3482 789 3543 fert,
821 3479 1282 3548 cogitationibus,
1313 3492 1435 3546 qua:
1464 3476 1641 3538 virum
1673 3492 1779 3530 non
1805 3476 2069 3542 deceant,
2104 3479 2226 3532 ani-

649 3587 798 3626 mum
831 3572 958 3626 item
995 3586 1058 3626 ac
1085 3559 1326 3642 linguam
1373 3571 1438 3626 ad
1474 3573 1772 3643 gratiarum
1804 3572 2071 3628 actionem
2103 3589 2226 3628 rur-

647 3677 769 3717 sum
799 3671 1108 3726 convertat,
1141 3657 1306 3730 atque
1348 3663 1414 3716 ad
1442 3663 1658 3717 laudem
1687 3663 1879 3733 optimi
1918 3664 2226 3720 Conditoris

648 3752 820 3806 nostri
848 3751 941 3806 Dei
968 3768 1030 3807 ac
1060 3753 1293 3814 Domini,
1317 3753 1409 3822 qui
1435 3753 1624 3808 omnia
1645 3753 1908 3810 divinitus
1935 3755 2222 3824 ponderat,

645 3855 701 3899 et
718 3844 868 3914 .justa
905 3845 1060 3899 lance
1092 3845 1374 3898 hominum
1415 3860 1502 3900 res
1595 3846 1972 3910 amdinistrat,
2010 3848 2229 3917 sapien-

646 3945 732 3992 ter
756 3937 982 3991 omnino
1013 3947 1176 4003 atque
1205 3937 1441 4002 utiliter;
1476 3937 1678 3992 idcirco
1702 3938 1918 4008 sapiens
1953 3937 2226 3996 Ecclesia-

632 4041 743 4087 stes
755 4027 1000 4096 subjecit"
1017 4029 1266 4097 protinus
1293 4045 1308 4083 :

2329 3201 2701 3272 συκοφαντίαν
2730 3205 2824 3258 καὶ
2851 3204 3107 3276 διαϐολήν
3137 3207 3363 3276 συνεχῆ,
3398 3209 3496 3262 καὶ
3530 3207 3624 3260 τὸν
3667 3210 3902 3278 καταγέι

2327 3290 2474 3344 λωτα
2527 3293 2621 3344 καὶ
2664 3291 2764 3362 τὴν
2817 3295 3110 3364 παροινίαν
3131 3310 3146 3325 ο
3181 3291 3306 3349 εἶτα
3344 3295 3508 3351 πάλιν
3537 3296 3734 3358 θᾶττον
3767 3299 3903 3369 πρὸς
3932 3330 3940 3334 -

2328 3381 2522 3434 ἑαυτὸν
2549 3385 2888 3449 ἐπανιόντος,
2916 3385 3014 3439 καὶ
3043 3385 3157 3440 τῶν
3183 3386 3319 3457 πρὸς
3350 3374 3901 3459 μικρδνὶπανελοου-

2329 3473 2440 3525 σῶν
2475 3474 2626 3544 αὐτῷ
2660 3475 2736 3546 μὴ
2769 3477 3167 3548 προσηκουσῶν
3222 3468 3577 3550 ἐνθυμήσεων
3607 3481 3666 3545 ἐξ
3691 3481 3901 3553 ἀνθρωι

2327 3565 2495 3634 πίνης
2534 3567 2932 3636 μικροψυχίας,
2978 3569 3076 3621 καὶ
3105 3568 3280 3640 πάλιν,
3299 3571 3439 3641 πρὸς
3456 3571 3788 3642 ,εὐχάριστον
3814 3574 3901 3626 ατ·

2299 3674 2478 3711 ·νεσιν
2508 3657 2606 3709 καὶ
2633 3656 2946 3726 δοξολογίαν
2972 3657 3068 3712 καὶ
3092 3657 3192 3729 τήν
3213 3659 3447 3732 καρδίαν
3469 3663 3568 3715 καὶ
3595 3661 3699 3731 τήν
3728 3661 3901 3730 γλῶτ-

2319 3766 2420 3802 ταν
2450 3750 2773 3819 κινήσαντος
2801 3750 2898 3821 τήν
2930 3749 3067 3822 πρὸς
3094 3749 3186 3804 τὸν
3222 3752 3429 3820 ἀγαθὸν
3474 3753 3634 3825 ἡμῶν
3663 3749 3901 3826 Ποιητὴν

2320 3843 2414 3894 καὶ
2468 3839 2604 3893 Θεὸν
2657 3842 2750 3894 καὶ
2795 3841 3100 3914 Δεσπότην,
3131 3843 3194 3896 τὸ
3223 3845 3296 3897 τὰ
3339 3846 3523 3902 πάντα
3578 3847 3897 3923 θεοπρεπῶς

2303 3931 2742 4003 ,ταλαντεύοντα,
2775 3935 2866 3987 καὶ
2923 3934 3112 4006 δικαίᾳ
3149 3923 3394 4010 τρυτάνῃ
3451 3938 3522 3992 τά
3578 3939 3899 4011 ἀνθρώπινα

2326 4025 2623 4093 πανσόφως
2694 4027 3032 4090 διοικοῦντα,
3058 4029 3152 4082 καὶ
3208 4030 3598 4102 συμφερόντως
3624 4048 3640 4062 ·
3673 4031 3898 4101 ἀμέσως

2319 4115 2604 4187 ἐπήγαγεν
2632 4119 2660 4170 ό
2693 4118 2857 4194 σοφὸς
2899 4117 3371 4190 Ἐκκλησιαστήςγσ

2222 4251 2338 4325 5x.

720 4362 886 4429 Vsus.
920 4368 971 4422 9.
1019 4369 1221 4423 Bonum
1253 4380 1329 4425 es!
1363 4372 1701 4427 novissimum
1731 4384 2032 4428 sermonum
2061 4391 2218 4444 super

2406 4379 2611 4447 Ἀγαθὴ
2641 4380 2872 4450 ἐσχάτη
2897 4378 3099 4453 λόγων
3120 4383 3272 4454 ὑπὲρ
3290 4383 3491 4456 ἀρχὴν
3508 4384 3716 4443 αὐτοῦ.

644 4461 964 4534 principium
982 4460 1136 4529 ejus.

719 4546 1042 4614 Sermones,
1090 4553 1183 4621 qui
1217 4553 1453 4622 primum
1487 4570 1550 4607 ex
1591 4556 1823 4608 humana
1863 4557 2176 4613 inlirmitate
2202 4597 2217 4624 ,

647 4649 812 4709 atque
842 4642 895 4694 in
921 4642 1045 4710 ipsa
1077 4645 1277 4698 mentis
1311 4648 1715 4714 perturbatione
1750 4649 2009 4701 adversus
2034 4649 2218 4714 ,Deum

645 4747 962 4798 supremum
997 4734 1189 4801 prolati
1215 4749 1362 4800 sunt,
1393 4744 1530 4790 utut
1561 4752 1588 4789 a
1620 4751 1777 4792 servo
1804 4741 2102 4808 prodierint
2132 4743 2219 4810 pio

643 4825 808 4893 atque
845 4825 1126 4890 benevolo,
1165 4842 1229 4882 ac
1255 4825 1468 4899 Domini
1494 4839 1703 4882 tantum
1738 4845 1934 4886 causas
1968 4834 2221 4900 ignoran-

645 4922 730 4976 te,
778 4913 820 4966 si
859 4929 982 4968 cum
1025 4930 1089 4970 eo
1125 4931 1378 4972 sermone
1424 4935 1739 4988 compares,
1774 4921 1866 4989 qui
1904 4935 1934 4973 a
1980 4924 2221 4990 sapiente

643 5005 850 5060 scilicet
889 5007 992 5060 sub
1022 5007 1183 5062 ﬁnem
1217 5015 1600 5077 pronuntiatus
1627 4995 1734 5080 est,
1764 5016 1968 5085 quique
2003 5017 2218 5071 laudem

641 5099 886 5152 continet
927 5109 980 5153 et
1013 5102 1311 5169 gratiarum
1352 5105 1618 5159 actionem
1665 5106 1731 5159 de
1766 5107 2052 5171 omnibus,
2102 5123 2221 5177 quae

644 5205 738 5259 per
761 5192 948 5246 orbem
980 5193 1454 5260 administrantur,
1485 5198 1571 5252 hic
1602 5200 1790 5267 utique
1821 5201 1996 5254 multo
2025 5200 2219 5254 melior

638 5290 694 5334 et
727 5283 1058 5338 conveniens
1084 5296 1571 5367 acconsentaneus
1606 5290 1926 5356 reperiatur.
1960 5289 2094 5344 Nam
2123 5291 2215 5360 qui

639 5387 828 5425 revera
864 5377 1080 5443 sapiens
1110 5378 1218 5440 sit,
1261 5379 1523 5449 quidquid
1553 5380 1694 5433 circa
1733 5381 2016 5436 hominum
2048 5383 2213 5437 vitam

639 5465 996 5518 constitutum
1029 5467 1206 5523 videat
1239 5483 1304 5523 ac
1339 5481 1563 5537 noscat,
1598 5471 1670 5526 ita
1701 5472 1862 5527 debet
1881 5473 2169 5530 admittere
2195 5516 2210 5542 ,

2393 4558 2515 4611 Τῶν
2544 4559 2603 4624 ἐξ
2632 4559 2984 4635 ἀνθρωπίνης
3043 4565 3416 4639 μικροψυχίας
3447 4570 3764 4641 κατ’ἀρχάς
3800 4575 3895 4628 καὶ

2321 4649 2415 4703 τοῦ
2475 4653 2640 4706 σάλου
2676 4656 2782 4708 τῶν
2811 4657 3092 4747 λογισμῶν
3128 4660 3504 4731 προελθόντων
3547 4663 3717 4731 λόγων
3756 4666 3895 4736 πρὸς

2321 4744 2415 4796 τὸν
2449 4746 2542 4797 ἐπὶ
2580 4748 2801 4802 πάντων
2843 4744 2996 4813 Θεὸν,
3052 4753 3405 4824 ἀγιοπρεπῶς
3461 4756 3560 4826 μὲν
3611 4744 3704 4810 καὶ
3736 4757 3894 4829 δίκην

2324 4836 2669 4918 εὐγνώμονος
2696 4842 2931 4909 οἰκέτου,
2964 4844 3062 4910 τάς
3115 4847 3295 4912 αίτίας
3331 4848 3390 4902 δὲ
3432 4850 3494 4903 οὐ
3533 4850 3892 4918 γινώσκοντος

2324 4929 2434 4980 τῶν
2472 4931 2576 4983 ὑπὸ
2605 4931 2700 4986 τοῦ
2731 4935 3008 4989 Δεσπὸτου
3031 4937 3424 5010 διοικουμένων
3445 4955 3460 4969 ⁸
3484 4942 3590 4995 ὑπὸ
3608 4941 3704 4994 τοῦ
3728 4945 3889 5014 σοφοῦ

2322 5020 2524 5093 δηλαδὴ
2582 5026 3125 5098 προσαγορευθέντος
3158 5032 3191 5101 ή
3218 5018 3306 5085 ἔπ’
3330 5032 3577 5102 ἐσχάτων
3631 5036 3890 5104 γινομένη

2317 5112 2426 5164 τῶν
2449 5112 2625 5180 λόγων
2660 5117 3087 5189 εὐχαριστήριος
3114 5121 3323 5187 αῐνεσις
3357 5123 3519 5194 ὑπὲρ,
3543 5125 3757 5178 πάντων
3786 5127 3891 5179 τῶν

2316 5207 2457 5257 κατὰ
2522 5205 2730 5274 κόσμον
2760 5210 3170 5281 διοικουμένων,
3203 5213 3384 5286 ἀγαθή
3435 5215 3633 5287 μᾶλλον
3660 5217 3889 5289 εὕρηται

2316 5296 2408 5348 καὶ
2469 5294 2754 5364 πρέπουσα
2808 5302 2900 5352 καὶ
2947 5305 3305 5372 κατάλληλος.
3355 5306 3417 5373 ὐ
3451 5307 3558 5376 γὰρ
3607 5311 3771 5380 σοφὸς
3815 5310 3889 5379 τῷ

2312 5388 2428 5440 δντι
2463 5390 2570 5440 πᾶν
2599 5388 2627 5441 δ
2660 5387 2850 5459 βλέπει
2882 5395 2976 5446 καὶ
3021 5395 3381 5463 διαγινώσκει
3410 5399 3784 5471 διοικούμενον
3812 5403 3888 5466 είς

2309 5479 2414 5550 τὴν
2430 5481 2780 5552 ἀνθρωπίνην
2804 5484 2973 5556 ζωὴν,
2997 5488 3117 5558 μετ’
3133 5488 3485 5561 εὐχαριστίας
3504 5491 3895 5567 όφείλεεπροσ-

711 5642 753 5671 ⁵⁷
796 5641 937 5697 ιιετιι.
976 5660 1118 5698 LXXII
1149 5686 1162 5710 ,
1196 5647 1279 5699 12.
1353 5647 1397 5679 ⁸⁸
1439 5649 1570 5702 ibid.
1604 5649 1656 5704 Ξ.
1727 5651 1770 5681 ⁸⁹
1801 5649 1942 5705 Psal.
1971 5668 2126 5714 rem,
2160 5654 2213 5706 5.

2324 5656 2338 5683 ³
2371 5656 2576 5712 Jerem.
2625 5676 2698 5713 xu
2724 5700 2738 5723 ,
2766 5662 2817 5715 1.

704 5820 822 5884 (63)
866 5822 965 5876 Job
993 5840 1044 5883 κ,
1086 5826 1099 5876 l
1135 5843 1284 5897 seqq.
1325 5828 1425 5881 Si»!
1465 5832 1602 5899 apud
1637 5832 1769 5887 LXX
1798 5834 2046 5904 legimus,
2074 5837 2158 5889 ὃτι
2198 5838 2225 5891 ἁ

2324 5831 2416 5892 ξω
2449 5843 2582 5914 ἔργα
2615 5850 2817 5919 χειρῶν
2848 5866 3080 5906 αου......
