4070 6334
662 405 815 470 Ἱθθῖο

1707 406 1790 470 ε.
1841 404 2208 490 GREGORII
2260 406 2752 507 AGRIGaNTIN‘t

3675 415 3696 476 1
3708 412 3808 477 θοι

683 531 799 570 sum
835 523 886 566 rt
911 511 1015 566 Deo
1041 512 1254 566 charum
1286 527 1346 565 ac
1378 512 1563 564 virtuti
1601 511 1830 565 deditum
1869 524 2078 580 prmstet
2100 554 2114 577 ,
2152 523 2204 567 et
2235 564 2238 574 λ

2339 530 2431 578 Dig.
2467 521 2628 572 Ὅταν
2655 519 2708 573 δέ
2741 538 2820 582 τις
2862 521 3139 588 ἄνθρωπος
3175 523 3448 584 σπουδαῖος
3471 525 3565 576 καὶ
3596 526 3811 591 φιλαλήο

687 601 947 669 quosdam
975 599 1160 652 viderit
1189 600 1380 665 injusta
1413 599 1687 665 loquentes
1714 599 1870 665 atque
1915 599 2071 664 impia
2106 598 2198 649 ad-

688 712 872 751 versus
897 710 1156 750 summam
1195 693 1281 744 Dei
1312 693 1601 746 bonitatem
1636 707 1696 745 ae
1728 694 2086 758 maiestatem,
2118 694 2197 744 vel

690 786 1019 856 tyrannidem
1046 795 1351 838 exercentes
1379 784 1431 835 in
1461 783 1688 850 pupillos
1709 791 1759 834 et
1784 782 1969 834 viduas
2000 794 2052 836 ct
2079 798 2200 850 pau-

689 891 857 944 peres,
887 889 948 929 ac
966 875 1119 930 nullo
1142 875 1261 939 jure
1285 879 1336 925 et
1366 887 1459 939 per
1483 872 1587 923 vim
1617 873 1911 938 proximum
1939 885 2202 939 quemque

692 968 847 1020 rebus
875 966 986 1018 suis
1016 963 1302 1032 spoliantes
1339 979 1352 1013 :
1400 971 1507 1012 tum
1551 962 1598 1014 is
1642 959 1873 1028 profecto
1914 975 2016 1028 qua
2054 961 2203 1013 decet

689 1058 764 1108 ira
794 1063 847 1108 et
886 1054 1246 1121 indignatione
1275 1043 1616 1129 succenseat,
1644 1057 1870 1116 oportet,
1893 1058 2075 1101 contra
2103 1048 2201 1099 im-

691 1145 879 1212 probos
932 1154 984 1196 et
1030 1141 1266 1194 veritatis
1309 1139 1638 1192 adversarios
1674 1153 1735 1191 ac
1783 1137 2036 1191 mendacii
2074 1134 2237 1211 τοο-ν

690 1237 847 1287 scies.
873 1232 974 1286 Sed
997 1232 1267 1283 enimvero
1298 1228 1503 1294 singula
1536 1226 1874 1280 considerare
1901 1225 2200 1294 diligenter,

689 1335 740 1375 ιιι
791 1311 944 1374 caute
993 1328 1098 1370 tam
1147 1330 1304 1384 opera
1345 1329 1503 1382 quam
1561 1328 1833 1367 sermones
1883 1315 2205 1381 perpendere

691 1425 870 1463 eorum
910 1409 998 1475 qui
1046 1408 1205 1457 vitam
1253 1403 1529 1458 nobiscum
1579 1411 1768 1471 agunt,
1820 1416 2037 1456 necesse
2081 1411 2202 1455 est;

695 1508 751 1550 ut
788 1512 958 1564 neque
992 1493 1253 1560 superbiae
1282 1491 1410 1544 vitio
1435 1497 1528 1543 aut
1569 1491 1726 1542 animi
1757 1486 2113 1542 imbecillitate
2143 1489 2209 1542 iis

697 1588 986 1637 irascamur
1007 1622 1021 1645 ,
1061 1580 1152 1648 qui
1185 1579 1314 1631 nihil
1343 1592 1373 1630 a
1408 1569 1599 1645 pietate
1627 1576 2014 1646 discesserunt;
2042 1588 2209 1640 neque

699 1688 908 1726 rursum
936 1670 1082 1724 taciti
1128 1669 1360 1722 feramus
1397 1675 1450 1718 et
1483 1665 1742 1733 patienter
1775 1678 1865 1717 eos
1889 1664 2170 1716 toleremus
2190 1700 2206 1726 ,

696 1766 786 1834 qui
843 1760 1165 1815 contrariam
1219 1760 1338 1812 vita:
1389 1756 1644 1809 rationem
1693 1755 1858 1807 iniere
1889 1793 1902 1805 .
1934 1753 2022 1807 Sic
2069 1754 2208 1805 enim

699 1849 1050 1904 mansuetudo
1083 1856 1260 1898 nostra
1285 1853 1336 1898 et
1361 1843 1634 1912 patientia,
1652 1843 1730 1895 sic
1760 1843 1837 1895 ira
1866 1843 2022 1894 etiam
2056 1851 2211 1909 atque

697 1940 985 2009 indignatio
1027 1937 1254 1989 Domino
1287 1942 1340 1987 et
1384 1937 1522 1987 bono
1550 1942 1602 1987 et
1626 1934 1773 2000 justo
1833 1932 2212 1998 hominquue

699 2030 894 2082 amanti
925 2035 1074 2096 grata
1096 2026 1209 2078 sine
1235 2023 1398 2077 dubio
1431 2024 1608 2074 futura
1639 2029 1740 2080 est,
1767 2034 1885 2071 nam
1918 2020 2016 2071 hoc
2043 2020 2211 2085 ipsum

702 2118 1018 2172 conﬁrmans
1035 2115 1250 2179 sapiens
1273 2111 1619 2164 Ecclesiastes
1643 2109 1728 2170 iis,
1752 2122 1869 2174 quae
1899 2116 2213 2174 sequuntur,

687 2207 897 2274 adjecit
932 2202 1173 2270 protinus
1200 2219 1213 2252 :

2297 609 2393 677 θης
2420 612 2510 661 καὶ
2549 610 2797 678 θεοφιλὴς
2821 611 2912 661 καὶ
2939 609 3215 675 φιλόκαλος
3241 611 3495 680 θεάσηταί
3525 630 3673 674 τινας
3709 615 3813 665 ἀδι·

2297 697 2420 757 κίας
2472 697 2754 759 λαλοῦντας
2813 701 2902 749 καὶ
2962 697 3298 766 βλασφημίας
3346 701 3423 761 είς
3480 701 3536 751 τὸ
3561 701 3687 767 ὕψος
3718 703 3813 768 τῆς

2297 786 2624 852 θεοπρεποῦς
2673 786 3002 854 ἀγαθότητος
3041 787 3131 842 καὶ
3167 789 3570 857 μεγαλωσύνης,
3598 792 3635 857 ἢ
3657 807 3816 842 καταο

2298 875 2708 948 δυναστεύοντας
2734 876 2849 937 τῶν,
2873 876 3118 945 ὀρφανῶν
3146 878 3235 929 καὶ
3257 878 3362 931 τῶν
3382 880 3564 948 χηρῶν
3584 883 3678 931 καὶ
3706 880 3814 931 τῶν

2298 963 2546 1031 πτωχῶν,
2580 965 2672 1016 atati.
2706 965 2770 1015 τὰ
2815 964 2921 1014 τῶν
2957 964 3192 1031 πλησίων
3231 967 3651 1034 ἀφαιρουμένους
3679 967 3817 1016 κατὰ

2303 1055 2465 1122 μόνην
2501 1054 2817 1122 τυραννικὴν
2852 1053 3091 1114 ἐξουσίαν
3137 1054 3227 1105 καὶ
3277 1055 3416 1106 κατά
3459 1055 3772 1107 δυναστείαν
3797 1070 3812 1084 ο

2299 1142 2592 1210 τηνικαῦτα
2649 1143 2742 1194 καὶ
2786 1141 2876 1193 τὸν
2914 1144 3246 1210 προσήκοντα
3282 1142 3449 1211 θυμὸν
3491 1143 3586 1195 καὶ
3618 1143 3712 1212 τὴν
3741 1143 3819 1193 ϐι-

2302 1230 2458 1282 καίαν
2483 1229 2648 1298 ὀργὴν
2665 1229 2721 1290 ἐξ
2743 1229 2986 1294 ἀνάγκης
3008 1231 3173 1279 κινεῖν
3201 1228 3401 1295 ὀφείλει
3433 1229 3571 1281 κατά
3587 1231 3693 1280 τῶν
3722 1245 3819 1280 πο-

2302 1321 2671 1386 νηρευομένων
2701 1317 2792 1370 καὶ
2826 1317 2922 1384 τῆς
2965 1317 3212 1386 ἀληθείας
3248 1318 3553 1371 ἀντιπάλων
3587 1319 3679 1370 καὶ
3712 1336 3825 1371 ww

2306 1406 2533 1488 ιστόρων⁹
2568 1404 2660 1456 τοῦ
2683 1404 2932 1472 ψεύδους.
2983 1405 3099 1473 Χρὴ
3153 1405 3330 1456 τοίνυν
3359 1387 3452 1456 ἐπὶ
3489 1409 3623 1457 πᾶσι
3663 1423 3825 1474 προσ-

2306 1494 2446 1562 έχειν
2471 1493 2710 1561 ἀκριϐῶς
2738 1493 2832 1544 καὶ
2861 1493 3046 1559 νήφειν
3077 1495 3186 1552 τοῖς
3217 1491 3393 1560 ἔργοις
3421 1494 3514 1545 καὶ
3528 1493 3703 1558 λόγοις
3720 1491 3826 1541 τῶν

2307 1583 2401 1644 τάς
2424 1581 2699 1651 διατριϐὰς
2739 1580 2856 1648 μεθ’
2885 1581 3037 1649 ἡμῶν
3077 1581 3406 1648 ποιουμένων
3431 1597 3444 1610 ο
3475 1582 3567 1632 καὶ
3601 1580 3735 1648 μήτε
3764 1580 3828 1630 δι’

2309 1671 2710 1738 ὑπερηφανείας
2727 1669 2943 1738 δγκονῆ
2978 1669 3142 1730 πάθος
3175 1669 3532 1736 μικροψυχίας
3571 1667 3831 1736 παροργί-

2311 1757 2498 1819 ζεσθαι
2562 1754 2846 1808 κατὰ-τῶν
2903 1754 3163 1823 μηδαμῶς
3205 1753 3584 1820 ἠσεϐηκότων
3615 1754 3734 1820 μητ¹
3765 1749 3830 1804 αὖ

2315 1845 2471 1895 πάλιν
2508 1843 2790 1910 ἀνέχεσθαι
2830 1843 2923 1892 καὶ
2957 1841 3310 1908 παρασιωπᾷν
3343 1839 3434 1889 καὶ
3469 1839 3833 1907 μακροθυμεῖν

2315 1934 2405 1984 ἐπὶ
2428 1932 2536 1983 τῶν
2563 1933 2630 1983 τά
2681 1933 2796 1982 κατ’
2839 1929 3142 1982 ἐναντίωσιν
3189 1929 3526 1998 ἐκφερόμενα
3567 1926 3832 1994 δρώντων.

2317 2019 2467 2070 Οὕτω
2493 2018 2598 2084 γὰρ
2621 2018 2714 2067 καὶ
2738 2017 2797 2066 τὸ
2825 2017 2993 2083 πρᾶον
3027 2014 3178 2081 ἡμῶν
3203 2013 3297 2064 καὶ
3344 2011 3711 2081 μακρόθυμον,
3742 2010 3836 2060 καὶ

2321 2106 2500 2172 μέντοι
2526 2104 2619 2154 καὶ
2643 2105 2672 2152 ὁ
2699 2103 2862 2170 θυμὸς
2884 2101 2975 2152 καὶ
3001 2103 3034 2167 ἡ
3063 2100 3198 2168 ὀργὴ
3235 2099 3383 2166 παρά
3418 2097 3492 2164 τῷ
3529 2095 3715 2164 ἀγαθῷ
3745 2097 3838 2146 καὶ

2319 2193 2507 2259 δικαίῳ
2536 2191 2626 2242 καὶ
2653 2188 3012 2256 φιλανθρώπῳ
3046 2188 3230 2255 Κυρίῳ
3272 2189 3369 2255 τὴν
3396 2185 3663 2254 ἀποδοχὴν
3687 2183 3838 2246 ἐξου-

705 2273 787 2344 σιν
839 2283 1131 2358 ἀριδήλως.
1190 2286 1354 2364 Τοῦτο
1420 2285 1522 2352 γὰρ
1573 2283 1663 2333 καὶ
1711 2281 1955 2348 ἐμπεδῶν
2007 2281 2098 2334 καὶ
2161 2283 2269 2342 τοῖς
2343 2280 2619 2348 ἑπομένοις
2681 2280 2707 2328 ὁ
2768 2277 2926 2344 σοφὸς
2985 2273 3406 2344 Ἐκκλησιαοτὴς
3461 2275 3675 2341 ἀμέσως
3739 2274 3838 2324 ἐπ·

706 2383 908 2460 armis:

2191 2464 2217 2532 ς
2249 2462 2355 2516 xn.

778 2560 936 2612 Vens.
972 2561 1022 2612 9.
1080 2555 1160 2610 Ne
1203 2557 1522 2625 festinaveris
1574 2559 1624 2609 in
1672 2557 1854 2622 spiritu
1904 2564 1988 2606 tuo
2029 2553 2218 2615 irasci;

708 2653 824 2721 quia
858 2651 1004 2718 [uror
1035 2650 1086 2701 in
1116 2649 1231 2699 sinu
1266 2645 1541 2698 stultorum
1571 2644 1984 2713 requiescit-(66).

779 2742 918 2793 Idem
941 2742 1079 2792 enim
1113 2737 1161 2790 id
1199 2745 1300 2799 est,
1331 2751 1392 2788 ac
1415 2738 1460 2788 si
1486 2735 1684 2788 diceret
1717 2752 1729 2786 ι
1770 2733 1907 2786 Cave
1936 2748 1998 2785 ne
2031 2713 2136 2795 left.
2159 2730 2223 2782 de

711 2845 871 2882 causa
907 2828 1212 2895 indigneris,
1248 2840 1309 2877 ac
1331 2828 1524 2878 temere
1557 2824 1637 2875 vel
1670 2838 1733 2875 ex
1759 2823 1951 2875 mentis
1977 2819 2222 2888 superbia

713 2921 794 2970 vel
823 2933 885 2970 ex
917 2917 1075 2968 animi
1114 2915 1473 2966 imbecillitate
1503 2914 1567 2965 iis
1596 2925 1910 2964 succenseas
1934 2950 1948 2972 ,
1976 2903 2065 2976 qui
2095 2907 2226 2960 nihil

715 3006 966 3056 adversus
1009 3000 1171 3052 Deum
1215 3000 1579 3066 deliquerunt,
1636 3007 1729 3050 aut
1764 3011 1898 3064 quos
1937 2997 1986 3047 in
2027 2996 2227 3048 crimen

717 3093 984 3145 voluntate
1005 3089 1181 3156 lapsos
1202 3102 1319 3141 esse
1342 3102 1448 3138 non
1471 3095 1701 3139 constat.
1718 3086 1856 3146 Quin
1877 3085 2055 3146 etiam,
2074 3097 2232 3150 quan-

701 3189 828 3236 ‘tum
850 3180 926 3232 fas
949 3188 1048 3242 est,
1067 3192 1213 3238 cura,
1233 3175 1448 3242 ut176
1462 3175 1664 3240 patiens
1681 3173 1752 3224 sis
1766 3180 1919 3238 atque
1940 3172 2233 3235 indulgens,

719 3285 838 3323 eum
871 3267 934 3319 iis
960 3268 1138 3328 etiam,
1175 3264 1264 3331 qui
1297 3262 1529 3336 minimis
1581 3261 1645 3312 in
1675 3261 1836 3313 rebus
1881 3260 2191 3324 delinquunt
2221 3273 2235 3309 :

720 3368 772 3410 et
809 3357 952 3408 omni
982 3354 1154 3408 studio
1181 3353 1378 3405 enitere
1401 3390 1415 3414 ,
1446 3361 1505 3402 ut
1529 3350 1605 3402 vir
1626 3349 1702 3402 sis
1741 3355 2049 3400 mansuetus
2084 3353 2240 3411 atque

725 3445 1124 3513 magnanimus;
1164 3458 1226 3494 ne
1255 3451 1304 3493 te
1345 3453 1557 3510 quoque
1597 3453 1759 3491 sacra:
1787 3430 1996 3489 Littera:
2025 3428 2241 3487 Stultum

725 3531 1260 3602 appellent.Aitenim
1287 3547 1301 3585 ι
1339 3547 1355 3578 ι
1382 3528 1516 3591 Quia
1545 3526 1692 3579 furor
1724 3527 1775 3577 in
1809 3526 1929 3578 sinu
1963 3524 2240 3575 stultorum

712 3621 1030 3689 requiescit.
1061 3635 1082 3671 ο
1127 3617 1337 3668 idcirco
1373 3626 1428 3668 et-
1465 3614 1661 3667 Paulus
1717 3627 1936 3678 magnus
1978 3610 2245 3677 apostolus

730 3707 956 3780 quodam
1010 3709 1059 3757 iu
1103 3706 1220 3756 loco
1258 3703 1420 3756 dicit:
1465 3720 1496 3751 -¢
1539 3700 1789 3753 Modestia
1825 3704 1998 3752 vestra
2027 3708 2150 3750 uota
2182 3698 2248 3751 sit

732 3796 982 3849 omnibus
1021 3790 1320 3843 hominibus
1355 3787 1422 3840 “.
1449 3787 1566 3840 uilla
1608 3787 1749 3840 enim
1779 3801 1965 3840 .rerum
2011 3785 2246 3838 omnium

734 3884 1004 3938 tolerantia
1026 3896 1086 3934 ac
1108 3880 1377 3948 patientia,
1401 3892 1518 3945 quae
1542 3876 1851 3930 modestiam
1908 3890 2112 3932 morum
2146 3887 2248 3942 prae

734 3989 790 4027 se
827 3972 924 4025 fert
971 3982 1022 4023 et
1055 3969 1396 4022 aﬂectionum
1428 3965 1857 4033 tranquillitatem
1878 4001 1893 4025 ,
1921 3965 2144 4030 quorum
2196 3962 2248 4013 in

734 4062 925 4116 animis
977 4061 1148 4129 viget,
1206 4058 1257 4108 in
1303 4057 1367 4109 iis
1400 4056 1632 4122 reginam
1683 4053 2054 4120 dominamque
2088 4052 2252 4104 virtu-

737 4160 846 4202 tum
886 4148 1120 4200 onmium
1168 4146 1343 4197 inesse
1372 4150 1632 4206 testatur,
1671 4141 2001 4208 prudentiam
2033 4140 2250 4194 scilicet.

2389 2549 2480 2614 Μὴ
2514 2548 2784 2611 σπεύσῃς
2817 2546 2882 2597 ἐν
2909 2543 3194 2610 πνεύματί
3217 2557 3330 2594 σου
3355 2539 3459 2593 τοῦ
3485 2539 3810 2607 θυμοῦσθαι
3827 2553 3843 2570 ·

2321 2638 2406 2690 ὅτι
2439 2637 2618 2703 θυμὸς
2636 2636 2704 2687 ἐν
2725 2637 2925 2697 κόλπῳ
2951 2632 3219 2699 ἀφρόνων
3262 2629 3639 2683 ἀναπαύεται.

2389 2723 2682 2791 Μονονουχὶ
2721 2723 2825 2790 γάρ
2861 2736 2990 2787 φησι
3013 2735 3025 2747 ·
3057 2717 3329 2786 Μηδαμῶς
3371 2717 3603 2782 ἀνάσχου
3645 2713 3848 2780 θυμοῦ-

2326 2817 2447 2868 σθαι
2500 2812 2692 2883 ῥᾳδίως
2755 2811 2846 2862 καὶ
2908 2804 3330 2877 παροργίζεσθαι
3356 2805 3530 2872 μάτην
3578 2803 3636 2867 ἐξ
3687 2803 3851 2868 ὑπερ.

2325 2905 2528 2973 ηφάνου
2557 2898 2836 2970 καρδίαςῆ
2867 2896 2960 2949 καὶ
2990 2891 3346 2973 μικροψυχίας
3383 2891 3524 2945 κατά
3541 2888 3651 2941 ’τῶν
3687 2888 3852 2957 μηδὲν

2330 2971 2410 3056 είς
2431 2994 2560 3046 Θεὸν
2584 2990 2927 3058 ἠσεϐηκότων
2948 3026 2960 3050 ,
2996 2986 3030 3052 ἢ
3076 2971 3312 3051 τοσαύτη
3349 2979 3691 3048 πλημμελείᾳ
3737 2977 3854 3029 καθ’

2332 3079 2569 3133 ἑκούσιον
2595 3077 2813 3144 γνώμην
2831 3072 3138 3126 ἑαλωκότων
3163 3085 3178 3100 ’
3211 3067 3323 3119 ἀλλ’
3351 3067 3473 3118 ὅσον
3489 3060 3596 3116 οἷόν
3625 3066 3683 3114 τέ
3715 3065 3855 3126 ἐστι,

2337 3167 2678 3238 μακρόθυμος
2709 3164 2955 3233 εὑρέθητι
2995 3158 3089 3210 καὶ
3124 3155 3577 3222 συγγνωμονικὸς,
3609 3152 3699 3204 καὶ
3729 3151 3860 3238 πρὸς

2336 3236 2528 3314 αὐτοὺς
2557 3255 2676 3313 τοὺς
2701 3253 2770 3306 τὰ
2804 3251 3056 3316 ἐλάχιστα
3078 3242 3544 3313 πλημμελοῦντας,
3579 3240 3673 3291 καὶ
3712 3236 3861 3307 πάσῃ

2337 3341 2558 3405 δυνάμει
2584 3338 2750 3404 πρᾶος
2771 3335 3020 3403 εὑρίσκου
3041 3333 3132 3385 καὶ
3157 3330 3523 3398 μεγαλόψυχος
3546 3325 3827 3394 ἅνθρωπος
3845 3340 3860 3355 ο

2340 3429 2424 3479 ἵνα
2454 3426 2526 3494 μὴ
2553 3419 2645 3476 καὶ
2684 3424 2746 3474 σὺ
2805 3422 2952 3488 παρά
2972 3420 3067 3486 τῆς
3096 3420 3243 3478 θείας
3281 3408 3499 3485 Γραφῆς
3529 3416 3718 3482 ἄφρων
3749 3415 3865 3464 ὀνο-

2345 3515 2572 3585 μασθῇς.
2603 3511 2740 3581 Φησὶ
2765 3511 2891 3576 γὰρ,
2935 3527 2952 3557 ‹
2976 3503 3101 3559 Ὀτι
3126 3506 3290 3572 θυμὸς
3319 3507 3376 3555 ἐν
3403 3504 3583 3570 κόλπῳ
3617 3503 3865 3570 ἀφρόνων

2340 3603 2690 3658 ἀναπαύεται.
2730 3620 2748 3651 ι
2777 3599 2872 3650 Διά
2896 3595 3054 3648 τοῦτο
3079 3594 3208 3663 φησί
3233 3608 3337 3644 που
3371 3592 3462 3643 καὶ
3481 3588 3700 3650 ’Παῦλος
3721 3589 3753 3640 ὁ
3776 3590 3869 3656 μὲ-

2343 3711 2442 3761 γας
2499 3691 2788 3750 ἀπόστολος
2825 3704 2838 3718 ⁸
2877 3705 2894 3736 ι
2948 3685 3019 3737 Τδ
3083 3682 3318 3743 ἐπιεικὲς
3374 3679 3524 3746 ὗμῶν
3573 3675 3868 3743 γνωσθήτω

2346 3786 2504 3834 πᾶσιν
2531 3777 2850 3849 ἀνθρώποις.
2882 3794 2900 3825 ι
2948 3775 3010 3826 Ἠ
3038 3771 3142 3840 γὰρ
3171 3773 3229 3822 ἐν
3266 3771 3430 3821 πᾶσιν
3457 3767 3622 3834 ἀνοχὴ
3653 3764 3752 3818 καὶ
3769 3783 3870 3833 μα·-

2345 3873 2506 3942 κροθυ
2516 3872 2630 3940 μία,
2657 3868 2751 3937 τὴν
2778 3867 3073 3942 ἐπιείκειαν
3087 3859 3461 3927 ἐνδεικνυμένη
3476 3857 3582 3908 τῶν
3602 3855 3752 3923 ἠθῶν
3775 3855 3868 3907 καὶ

2347 3939 2724 4016 καταστάσεων
2751 3939 3062 4024 τῆςψυχῆς,
3090 3952 3183 4020 τὴν
3209 3947 3634 4019 βασιλικωτάτην
3659 3945 3757 3998 καὶ
3780 3947 3872 4011 τὴν

2349 4050 2684 4120 κυριωτάτην
2735 4047 2840 4098 τῶν
2895 4041 3121 4110 γενικῶν
3163 4037 3368 4108 ἀρετῶν
3415 4035 3742 4101 ἐνυπάρχειν
3766 4033 3874 4091 τοῖς

2349 4138 2602 4198 τοιούτοις
2657 4134 2946 4203 κηρύττει,
2969 4127 3203 4197 δηλονότι
3258 4125 3354 4194 τὴν
3396 4123 3676 4192 φρόνησιν.
3711 4123 3873 4172 Ὥστε

737 4238 1089 4304 Quamobrem
1121 4241 1363 4301 Oportet,
1405 4238 1465 4283 ut
1504 4231 1595 4296 qui
1623 4205 1908 4297 prudentia
1943 4228 2170 4300 regitur,
2205 4229 2238 4279 is

2357 4225 2612 4291 προσήκει
2631 4221 2720 4272 τὸν
2755 4218 2855 4298 (me
2885 4217 3185 4284 φρονήσεως
3221 4211 3545 4278 ιθυνόμενον,
3576 4208 3717 4275 μηδὲ
3748 4205 3877 4275 πρὸς

740 4340 805 4377 ne
835 4322 1086 4390 improbis
1116 4320 1326 4387 quidem
1354 4326 1405 4368 et
1425 4317 1599 4383 impiis
1621 4324 1672 4367 et
1705 4315 1877 4367 avaris
1905 4324 1955 4365 et
1978 4315 2255 4368 homicidia

743 4393 1108 4481 properantius
1143 4412 1487 4464 succenseat,
1522 4411 1575 4455 et
1624 4402 1774 4454 facile
1822 4403 2138 4470 indignetur.
2162 4391 2166 4395 ’
2194 4403 2258 4453 At

745 4502 830 4555 u-bi
863 4514 958 4553 nec
995 4497 1305 4550 auctoritate
1336 4493 1647 4561 quidquam,
1677 4506 1772 4543 nec
1803 4490 2099 4543 mitioribus
2131 4505 2258 4542 con-

743 4591 879 4642 ciliis
916 4595 1007 4639 aut
1057 4583 1162 4636 ulla
1208 4595 1481 4634 sacrarum
1527 4577 1848 4631 Litterarum
1894 4578 2259 4630 adhortatione

746 4676 986 4737 deliniti',
1032 4674 1082 4723 in
1112 4671 1292 4724 eadem
1325 4668 1395 4720 illi
1428 4666 1697 4719 voluntate
1742 4681 1796 4717 se
1834 4679 2047 4718 manere
2081 4674 2258 4718 osten-

747 4767 873 4815 dant
897 4805 909 4825 ,
952 4771 1006 4814 et
1029 4756 1447 4812 emendationem
1491 4767 1768 4821 respuere;
1808 4761 1915 4804 tum
1949 4765 2070 4804 vero
2097 4750 2264 4816 :justaa

752 4869 842 4917 ira:
870 4864 1026 4917 atque
1043 4841 1420 4913 indignationis
1440 4845 1726 4897 acutiorem
1747 4841 1987 4909 expediat
2008 4840 2261 4909 gladium,

754 4956 859 5006 quo
887 4940 1075 4990 (altum
1105 4935 1384 4987 obductum
1411 4932 1684 4986 exscindat
1705 4970 1717 4992 ,
1749 4941 1800 4983 et
1828 4930 1988 4982 animi
2016 4929 2263 4981 duritiem

757 5029 819 5080 ad
852 5027 1171 5079 medicorum
1200 5023 1430 5072 rationes
1452 5027 1635 5072 sanet:
1675 5020 1764 5085 qui
1794 5020 2021 5085 primum
2053 5016 2265 5084 quidem

759 5113 1094 5167 unctionibus
1124 5108 1437 5173 quibusdam
1474 5114 1631 5172 atque
1670 5106 2000 5174 malagmatis
2033 5114 2267 5156 tumores

766 5205 1034 5256 rulnerum
1061 5209 1113 5251 et
1147 5193 1609 5247 inﬂammationem
1645 5194 1881 5260 mitigare
1912 5200 2190 5267 conantur,
2219 5199 2271 5242 et

761 5293 821 5345 ad
837 5291 1111 5345 sanitatem
1143 5284 1441 5352 perducere.
1465 5280 1662 5334 Atcum
1686 5283 1899 5335 morbus
1919 5282 2144 5336 difﬁcilis
2168 5288 2272 5340 est,

764 5391 814 5432 et
845 5379 1039 5432 leniora
1088 5386 1246 5442 atque
1280 5372 1516 5424 molliora
1556 5373 1683 5424 artis
1711 5371 2089 5424 medicamenta
2121 5371 2273 5438 longe

766 5479 1006 5538 superat,
1057 5481 1164 5520 tum
1213 5461 1559 5518 severioribus
1609 5474 1818 5528 quoque
1878 5459 2173 5528 pharmacis
2224 5465 2274 5510 et

837 5577 876 5605 ”
901 5575 1123 5643 Philipp.
1167 5587 1235 5636 tv,
1270 5575 1317 5624 .3.

802 5664 947 5731 βψω
985 5663 1049 5716 At
1081 5659 1209 5712 LXX
1247 5659 1258 5672 '
1295 5680 1306 5684 -
1474 5652 1852 5708 ἀναπαύσεται.

2353 4311 2476 4369 τοὺς
2521 4294 2976 4373 πονηρευομένους
3008 4301 3101 4352 καὶ
3128 4297 3404 4356 δυσσεϐεῖς
3430 4295 3524 4346 καὶ
3549 4293 3879 4352 πλεονέκτας

2357 4397 2447 4448 καὶ
2494 4383 2833 4462 μιαιφόνους,
2884 4387 3119 4455 εὐχερῶς
3165 4382 3605 4451 παροργίζεσθαι,
3648 4381 3746 4433 καὶ
3788 4382 3881 4432 ou-

2362 4482 2585 4552 μοῦσθαι
2639 4478 2829 4549 ῥᾳδίως
2854 4491 2868 4504 ο
2903 4474 3011 4526 ἀλλ’
3039 4473 3166 4525 ὅταν
3208 4470 3294 4522 διὰ
3335 4469 3431 4537 τῆς
3477 4469 3882 4536 ἐπιεικεστέρας

2359 4569 2629 4635 ἀξιώσεως
2667 4565 2759 4617 καὶ
2811 4561 3142 4631 συμϐουλῆς,
3175 4560 3267 4610 καὶ
3307 4559 3404 4626 τῆς
3443 4557 3757 4634 πραοτέρας
3779 4555 3881 4608 τῶν

2358 4656 2582 4726 Γραφῶν
2603 4653 2933 4723 εἰσηγήσεως
2955 4647 3204 4716 οὐδεμίαν
3225 4646 3418 4698 ἐκεῖνοι
3444 4644 3748 4714 μεταϐολὴν
3767 4645 3882 4695 ἐπι-

2359 4747 2658 4796 δείκνυνται
2691 4740 2823 4808 πρὸς
2853 4739 2912 4790 τὸ
2950 4739 3192 4806 κρεῖττον
3218 4751 3230 4764 ·
3255 4734 3543 4803 τηνικαῦτα
3582 4733 3685 4802 τὴν
3710 4749 3884 4800 τομω-

2362 4836 2521 4902 τέραν
2553 4831 2644 4882 τοῦ
2695 4827 2863 4895 θυμοῦ
2894 4827 2985 4879 καὶ
3027 4826 3121 4894 τῆς
3142 4825 3351 4885 δικαίας
3379 4821 3548 4891 ὀργῆς
3572 4820 3883 4888 μεταχειρίο

2365 4920 2546 4984 ζεσθαι
2575 4919 2842 4985 μάχαιραν
2867 4917 2944 4975 είς
2967 4914 3200 4982 ἐκτομὴν
3221 4912 3318 4979 τῆς
3337 4909 3557 4960 ἐκείνων
3577 4906 3885 4974 πωρώσεως

2366 5009 2455 5060 καὶ
2509 5006 2758 5068 λάξευσιν
2809 5004 2907 5070 τῆς
2957 5001 3203 5062 λιθώδους
3233 4997 3455 5066 καρδίας
3481 4992 3625 5045 κατὰ
3654 4993 3757 5060 τὴν
3779 4994 3888 5044 ἐπι-

2369 5099 2575 5164 στήμην
2630 5094 2735 5145 τῶν
2787 5091 2978 5161 ἰατρῶν
3005 5106 3018 5120 ⁸
3051 5090 3102 5143 οι
3157 5071 3441 5156 πρότερον
3489 5081 3743 5147 ἀλοιφαῖς
3790 5096 3889 5131 τισι

2369 5187 2459 5238 καὶ
2516 5185 2824 5254 μαλάγμασι
2879 5174 2995 5244 τὰς’
3022 5179 3254 5248 οίδήσεις
3302 5175 3395 5226 καὶ
3443 5170 3762 5238 φλεγμονὰς
3792 5167 3890 5221 τῶν

2370 5274 2691 5342 τραυμάτων
2717 5271 3112 5340 καταπραΰνειν
3135 5264 3428 5332 πειρῶνται
3450 5261 3543 5310 καὶ
3573 5260 3891 5330 μεταφέρειν

2373 5365 2504 5433 πρὸς
2552 5365 2731 5432 ρῶσιν.
2762 5363 2924 5415 Ὅταν
2974 5359 3029 5411 δέ
3075 5353 3305 5423 χαλεπὸν
3351 5347 3412 5400 τὸ
3463 5347 3634 5410 πάθος
3663 5349 3892 5425 ὑπάρχον

2375 5452 2666 5521 ὑπερϐαίνῃ
2691 5453 2783 5512 τὰς
2815 5446 3158 5514 άπαλωτέρας
3193 5440 3285 5492 καὶ
3323 5437 3626 5506 πραοτέρας
3662 5436 3895 5508 ἰατρείας
