4070 6334
611 464 740 530 1011

1723 467 1782 527 8.
1834 466 2209 535 GREGORII
2249 465 2757 528 AGRIGENTINI

3709 466 3850 543 1012

609 574 829 643 prodiit.
894 573 1012 638 His,
1043 573 1234 643 inquit,
1281 589 1314 628 ο
1372 574 1651 644 mortales,
1716 575 1960 638 omissis,
2016 589 2167 643 quae-

2288 574 2373 639 γοῦ
2424 575 2516 628 καὶ
2547 575 2819 628 Δεσπὸτου
2851 591 2874 657 ’ν
2924 577 3118 640 ταῦτα,
3166 575 3354 646 φησὶν,
3411 569 3704 648 παρέντες,
3752 578 3848 629 ἀν-

609 680 828 735 cunque
865 667 996 720 ﬂant
1053 681 1140 720 res
1196 674 1357 734 atque
1398 667 1751 734 contingant,
1823 666 2026 735 gratias
2055 665 2176 721 Deo

609 755 846 811 universi
883 756 1091 810 reddite
1120 772 1185 810 ac
1217 757 1438 810 meritas
1470 757 1659 810 laudes
1700 773 1713 808 :
1754 767 1812 810 ut
1844 772 2022 827 neque
2078 759 2168 822 iis,

605 861 728 915 qua:
756 847 894 900 bona
924 847 1230 910 videantur,
1263 847 1455 900 tumidi
1488 848 1723 916 elatique
1780 847 1921 900 fastu
1981 862 2171 915 super-

605 935 792 999 biatis,
822 943 876 990 et
909 950 1102 1005 magna
1131 951 1255 989 cum
1286 936 1518 992 aliorum
1574 946 1884 1006 contemptu
1914 938 2167 1006 jactetis;

605 1042 784 1096 neque
840 1027 926 1091 iis,
958 1043 1080 1096 qua
1139 1027 1315 1082 tristia
1374 1025 1662 1097 apparent
1699 1037 1862 1098 atque
1916 1031 2168 1092 molesta,

605 1119 864 1187 perculsi,
897 1117 965 1172 ad
1007 1120 1295 1189 ignobilem
1363 1119 1720 1173 humilitatem
1787 1131 1841 1173 et
1898 1136 2167 1174 summam

606 1207 774 1260 animi
811 1208 1174 1276 abjectionem
1212 1207 1485 1264 recidatis.
1528 1209 1830 1278 Utrumque
1879 1210 2024 1262 enim
2080 1211 2166 1280 ip-

609 1298 871 1353 deeorum
912 1308 1017 1363 est,
1058 1307 1114 1352 et
1139 1299 1369 1353 cordato
1402 1299 1592 1367 utique
1619 1301 1741 1353 viro
1771 1309 1934 1370 atque
1969 1300 2168 1356 intelli-

609 1397 769 1457 gente
795 1388 1019 1446 minime
1043 1387 1291 1458 dignum.
1316 1388 1522 1443 Idcirco
1561 1389 1792 1459 subjecit
1816 1411 1828 1442 :

694 1673 849 1743 ιθι
888 1673 1048 1730 Vsus.
1071 1677 1166 1730 Δί.
1201 1675 1262 1731 In
1297 1679 1382 1731 die
1415 1663 1668 1732 bonitatis
1699 1681 1803 1733 vive
1831 1681 1884 1733 in
1911 1681 2066 1744 bona,
2129 1591 2180 1732 est
2201 1591 2338 1743 f3".

613 1763 668 1815 in
695 1763 783 1816 die
814 1764 941 1816 mali
975 1765 1092 1818 vide
1116 1766 1402 1820 bonitatem
1435 1783 1451 1818 :
1507 1769 1622 1822 vide
1666 1770 1828 1822 etiam
1890 1772 1984 1822 hoc
2041 1786 2167 1823 con-

611 1869 810 1924 gruum
832 1856 956 1910 huic
983 1857 1118 1925 (‘12).
1794 1925 1821 1931 _

688 1943 842 1997 Diem
869 1945 1124 2000 bonitatis
1155 1950 1389 2017 appellat
1422 1959 1634 2019 tempus
1657 1953 1807 2007 auris
1859 1962 2023 2020 atque
2073 1955 2180 2008 im.

614 2032 807 2090 bribus
866 2037 1092 2104 placidis
1152 2040 1559 2109 moderatisque
1627 2051 2006 2110 temperatum,
2059 2060 2180 2113 qua:

616 2133 777 2180 terra:
809 2129 877 2180 ad
918 2127 1101 2198 fruges
1142 2129 1395 2185 ferendas
1431 2132 1663 2198 prosint,
1706 2141 1999 2198 eteorum,
2058 2151 2181 2202 qua:

615 2215 933 2272 hominibus
965 2221 1032 2272 ad
1075 2235 1226 2274 esum
1267 2223 1579 2276 necessaria
1611 2234 1760 2286 sunt,
1816 2223 2031 2291 copiam
2093 2225 2176 2292 gi-

533 2323 538 2327 “
615 2318 784 2374 gnant
817 2325 830 2358 :
869 2308 1120 2376 idemque
1171 2319 1419 2377 pacatum
1459 2320 1511 2364 et
1540 2311 1722 2364 hostili
1774 2312 2088 2367 incursione
2117 2329 2180 2366 ac

616 2394 1042 2462 praedationibus
1084 2398 1336 2451 liberum.
1412 2399 1617 2453 Contra
1671 2416 1803 2454 vero
1860 2403 1996 2454 diem
2051 2404 2181 2455 mali

616 2496 850 2551 tempus,
882 2501 991 2552 quo
1045 2487 1321 2540 contraria
1393 2487 1477 2542 his
1541 2488 1814 2542 dominari
1875 2491 2176 2554 videamus,

616 2571 766 2626 velut
804 2573 947 2627 aeris
981 2573 1380 2642 intemperiem,
1423 2585 1519 2629 aut
1561 2579 1843 2645 penuriam
1901 2595 2176 2647 aquarum

615 2669 712 2714 aut
738 2661 947 2729 pluvias
982 2663 1224 2731 iungentes
1255 2664 1480 2719 nimium
1521 2681 1585 2720 ac
1637 2681 1853 2734 graves,
1911 2677 2002 2721 attt
2054 2668 2181 2722 hos-

617 2751 753 2805 tium
794 2751 1124 2821 irruptiones
1155 2769 1218 2808 ac
1249 2753 1553 2820 latrocinia,
1616 2764 1780 2824 atque
1838 2756 1922 2809 his
1954 2756 2176 2810 similia.

617 2840 880 2896 Hortatur
928 2859 1111 2912 porro,
1171 2860 1238 2899 ne
1282 2846 1553 2914 prioribus
1621 2845 1701 2900 sic
1755 2846 2064 2912 efferamur,
2123 2857 2183 2902 ut

615 2932 846 2986 rationis
877 2947 941 2986 ac
973 2934 1168 2988 mentis
1198 2935 1306 2987 vim
1337 2935 1390 2988 in
1426 2936 1692 2989 desidiam
1747 2937 2074 3001 relaxemus,
2129 2948 2182 2992 et

615 3021 873 3088 praeclara
927 3022 1053 3076 boni
1115 3023 1576 3094 intelligentisque
1625 3024 1813 3093 judicii
1864 3026 2178 3081 conditione

619 3111 947 3179 posthabita,
991 3112 1062 3166 ab
1086 3114 1254 3187 animi
1286 3092 1566 3185 vigilantia
1587 3092 1752 3186 atque
1787 3132 1816 3171 a
1851 3128 1999 3173 recto
2022 3119 2175 3174 labo-
2209 3092 2252 3152 (ἶ

620 3192 741 3254 ι·υῶ
773 3205 958 3257 studio
987 3204 1302 3258 decidamus
1339 3223 1352 3258 :
1389 3208 1481 3260 sed
1515 3216 1570 3260 ut
1601 3223 1709 3271 non
1743 3210 1941 3265 minori
1973 3226 2108 3266 cura
2131 3222 2184 3266 et

599 3280 846 3345 consilia
887 3293 1076 3347 eadem
1106 3294 1247 3349 bona
1281 3305 1334 3349 et
1373 3311 1523 3365 spem
1579 3297 1847 3370 ﬁdemque
1903 3317 1968 3358 ac
2000 3304 2184 3371 perfe-

511 3403 516 3414 ι
618 3392 761 3434 ctam
794 3382 1117 3436 charitatem
1172 3399 1298 3454 erga
1351 3401 1625 3440 summum
1685 3389 1852 3444 Deum
1912 3400 2182 3456 tueamur,

620 3469 921 3532 bonitatem
947 3481 1222 3529 sectantes
1251 3490 1394 3541 eam,
1420 3492 1539 3545 qua:
1567 3479 1647 3532 illi
1692 3483 1918 3535 omnino
1961 3483 2182 3544 charos,

624 3569 718 3613 aut
745 3570 910 3624 certe,
935 3571 1197 3630 quantum
1253 3566 1366 3618 ﬁeri
1421 3577 1619 3635 potest,
1661 3581 1912 3638 acceptos
1969 3571 2182 3628 eﬂiciat.

626 3648 804 3706 Simili
835 3661 1014 3704 autem
1052 3653 1215 3726 modo
1253 3663 1308 3709 et
1343 3656 1397 3712 in
1453 3659 1849 3725 posterioribus
1918 3663 2184 3727 hortatur,

621 3733 688 3803 ut
718 3745 965 3798 eamdem
996 3745 1119 3797 vitae
1147 3746 1572 3814 aequabilitatem
1604 3765 1882 3806 servemus
1909 3769 1973 3807 ac
2003 3762 2187 3809 custo-

625 3833 863 3896 diamus,
901 3849 1178 3904 nunquam
1219 3836 1287 3891 de
1311 3839 1528 3894 virtutis
1559 3841 1729 3909 gradu
1756 3843 1947 3911 deiecti
1986 3844 2016 3897 :'
2055 3846 2188 3899 nihil

627 3933 688 3976 ut
719 3923 948 3979 moleste
976 3923 1236 3987 feramus,
1265 3925 1362 3980 aut
1386 3938 1626 3982 mentem
1659 3930 1727 3982 ad
1763 3930 2000 3989 nefarias
2034 3933 2185 4002 cogi-

625 4017 859 4071 tationes
893 4025 946 4070 et
993 4017 1186 4071 noxios
1238 4033 1451 4073 errores
1501 4020 1674 4073 delabi
1720 4024 1992 4090 patiamur
2031 4043 2042 4077 :
2095 4025 2190 4079 sed

628 4109 682 4165 in
710 4107 795 4161 his
825 4107 1010 4172 etiam,
1047 4107 1298 4162 laudibus
1337 4125 1552 4163 summo
1595 4110 1710 4164 Deo
1739 4114 1957 4166 tributis
1990 4126 2043 4168 et
2071 4125 2192 4182 gra-

624 4200 718 4253 tiis
745 4199 906 4261 actis,
947 4190 1301 4256 stabilitatem
1327 4202 1494 4254 animi
1521 4206 1994 4273 constantiamque
2048 4222 2189 4274 pra:-

628 4298 857 4341 stemus.
892 4286 1027 4341 Nam
1050 4289 1118 4351 si,
1152 4289 1346 4357 inquit,
1392 4290 1640 4343 eumdem
1691 4292 1887 4346 alIcres
1947 4295 2190 4346 animum

625 4379 694 4433 ad
730 4379 955 4438 adversa
988 4391 1150 4448 atque
1178 4379 1474 4443 contraria;
1510 4381 1646 4434 scito
1669 4393 1722 4436 et
1770 4399 1868 4451 pro
1909 4393 2191 4452 comperto

627 4470 844 4534 habeto,
873 4469 1268 4522 contrariorum
1301 4479 1592 4522 eventuum
1621 4479 1912 4540 utrumque
1941 4474 2190 4526 cumdel...

625 4559 832 4612 exitum
870 4557 1134 4626 planeque
1169 4559 1400 4613 similem
1430 4557 1695 4622 futurum,
1726 4559 1779 4612 id
1829 4570 1912 4614 est
1946 4560 2147 4612 bonum
2177 4580 2188 4612 :

627 4649 772 4728 quod
807 4649 1051 4702 animum
1081 4664 1234 4718 mque
1264 4649 1329 4702 ad
1359 4658 1650 4716 utrumque
1691 4659 1938 4718 paratum
1991 4651 2195 4704 habue-

631 4741 728 4804 ris,
751 4750 803 4794 et
829 4750 936 4793 tam
969 4743 1334 4796 secundarum
1365 4756 1570 4805 rerum,
1626 4756 1789 4808 quam
1842 4742 2193 4845 adversarum

631 4849 863 4886 occursu
899 4834 1180 4885 immotum
1210 4849 1443 4903 semper,
1474 4849 1536 4886 ac
1570 4834 1696 4886 honi
1731 4834 1944 4889 consilii
2000 4834 2198 4903 p‘ropo-

632 4924 832 4992 sitique
862 4934 1123 4976 tenacem.
1169 4921 1305 4975 Nam
1352 4923 1456 4976 hoc
1510 4922 1790 4988 indicavit,
1848 4940 1970 4978 cum
2013 4924 2194 4977 dixit:

639 5033 655 5068 ι
697 5014 825 5069 Vide
856 5015 1020 5068 etiam
1053 5016 1155 5068 hoc
1215 5030 1514 5084 congruum
1578 5016 1723 5077 huic,
1758 5033 1776 5065 ι
1831 5031 1928 5084 pro
1991 5017 2200 5070 ratione

637 5105 847 5159 scilicet
886 5107 1138 5158 humanae
1165 5106 1493 5169 aﬂ'ectionis,
1527 5121 1652 5160 cum
1685 5123 1744 5160 ea
1777 5108 1963 5172 etiam,
1992 5123 2113 5175 qua:
2135 5123 2198 5161 ex

635 5199 864 5256 adverso
894 5199 1237 5267 contingunt,
1269 5199 1468 5250 bonum
1497 5198 1564 5251 ad
1600 5198 1890 5251 terminum
1931 5213 2202 5252 consensu

638 5291 872 5360 quodam
904 5291 1062 5360 182
1089 5290 1490 5359 concordiaque
1548 5289 1813 5344 ferantur.
1870 5290 1959 5343 Ait
2011 5291 2204 5344 deinde

640 5380 1002 5440 Ecclesiastes
1028 5399 1039 5433 :

718 5762 826 5821 {72)
860 5762 1012 5828 Apud
1048 5759 1182 5811 LXX
1220 5761 1541 5831 legimus...
1589 5759 1675 5831 Ίίν
1720 5755 1953 5831 αγαθῷη
1983 5756 2074 5805 καὶ
2135 5755 2207 5831 ἴδε

636 5838 690 5886 ἐν
722 5833 894 5903 ἡμέρᾳ
910 5824 1146 5894 κακίας,
1164 5831 1233 5881 ἰδέ
1249 5870 1258 5881 .
1274 5824 1379 5882 K15
1399 5831 1572 5898 γε’σδλν
1594 5829 1757 5894 τορτῳ
1776 5824 2073 5894 supper/ui;
2095 5824 2211 5875 τοῦ-

2278 665 2507 734 θρωποι.
2534 666 2636 736 τὴν
2664 667 2758 718 ἐπὶ
2791 667 2924 720 πᾶσι
2948 670 3059 730 τοῖς
3081 669 3332 735 γεγονόσι
3355 669 3465 726 καὶ,
3483 669 3847 736 συμϐαίνουσι

2277 756 2567 826 πράγμασι
2612 756 2710 826 τὴν
2739 757 3060 828 εὐχάριστον
3098 757 3450 824 ἀναπέμπετε
3480 757 3559 827 τῷ
3583 758 3704 827 Θεῷ
3738 759 3849 810 τῶν

2274 846 2409 898 ὅλων
2447 846 2758 914 δοξολογίαν
2786 847 3134 917 χρεωστικῶς
3161 865 3174 878 ·
3213 849 3307 902 καὶ
3337 850 3471 919 μήτε
3513 852 3625 912 τοῖς
3655 849 3847 903 δοκοῦ-

2274 953 2328 987 σι
2373 939 2626 1005 χρηστοῖς
2651 936 3247 1006 προσεξογκοῦσθε,καὶ
3266 939 3401 1007 πρὸς
3431 941 3839 1008 ὑπερηφάνειαν

2276 1026 2549 1095 ἐπάρθητε
2582 1027 2676 1078 καὶ
2710 1026 3266 1095 μγαλορρημοσύνην
3284 1028 3376 1079 καὶ
3408 1029 3842 1097 καταφρόνησιν,

2281 1119 2417 1184 μήτε
2447 1117 2560 1177 τοῖς
2595 1117 2750 1184 ἀνιᾷν
2781 1115 2998 1168 δοκοῦσι
3025 1116 3118 1168 καὶ
3145 1116 3410 1186 λυπηροῖς
3473 1118 3608 1186 πρὸς
3643 1119 3846 1187 ἀγεννῆ

2277 1207 2662 1276 ταπεινότητα,
2700 1208 2795 1259 καὶ
2828 1207 3027 1278 πολλὴν
3056 1208 3294 1276 ἀθυμίαν
3331 1209 3561 1278 καρδίας
3616 1211 3849 1262 καταδι-

2245 1273 2532 1356 ’6άζεσθε’.
2559 1273 2795 1348 ⁷Τούτων
2824 1294 2932 1365 γὰρ
2966 1273 3226 1363 ἑκάτερον
3259 1273 3506 1365 ἀπρεπὲς
3569 1295 3662 1348 καὶ
3730 1297 3850 1348 δια-

2283 1385 2433 1447 νοίας
2465 1383 2685 1448 ἀνάξιον
2714 1383 2986 1454 ἔμφρονος
3008 1384 3250 1455 δηλονότι
3274 1386 3368 1438 καὶ
3390 1387 3637 1456 συνετῆς.
3679 1388 3850 1456 ’Δμέ-

2282 1477 2364 1530 λει
2396 1477 2574 1530 τοίνυν
2597 1477 2875 1546 ἐπήγαγεν
2906 1491 2919 1504 ⁶

2365 1685 2468 1736 Ἐν
2510 1681 2698 1750 ἡμέρᾳ
2751 1681 3148 1749 ἀγαθωσύνης
3203 1678 3329 1745 ζῆθι
3363 1681 3433 1732 ἐν
3482 1677 3702 1746 ἀγαθῷ,
3748 1672 3850 1732 καὶ

2277 1773 2347 1824 ἐν
2379 1770 2568 1838 ἡμέρᾳ
2595 1769 2810 1833 κακίας
2844 1767 2935 1819 ίδε
2973 1768 3375 1835 ἀγαθωσύνην
3405 1778 3435 1797 ··
3484 1767 3576 1820 ws
3628 1767 3734 1820 καί
3783 1783 3854 1835 γρ

2280 1860 2456 1914 τοῦτο
2485 1859 2810 1926 σύμφωνον
2842 1857 3050 1922 τούτῳ.
3085 1928 3088 1931 Α

2351 1949 2462 2018 Τῆς
2490 1946 2853 2015 ἀγαθωσύνης
2875 1947 3092 2016 ἡμέραν
3113 1947 3202 2000 τὸν
3230 1946 3419 2016 καιρὸν
3469 1945 3727 2015 ὀνομάζει
3760 1944 3846 1996 τοι

2282 2045 2341 2096 ἐν
2369 2045 2438 2113 τῇ
2471 2039 2739 2110 εὐκρασίᾳ
2763 2038 2873 2090 τῶν
2899 2039 3080 2108 ἀέρων
3109 2039 3202 2092 καὶ
3232 2039 3340 2091 τῶν
3393 2036 3688 2106 εἰρηνικῶν
3750 2035 3855 2104 δμ-

2281 2134 2426 2203 6ρων
2457 2132 2554 2184 καὶ
2585 2129 2936 2197 συμμέτρων,
2982 2131 3078 2182 καὶ
3123 2129 3260 2198 πρὸς
3334 2126 3711 2195 καρποφορίαν
3747 2124 3856 2192 τῆς

2279 2222 2381 2288 γῆς
2411 2218 2893 2288 συμδαλλομένων.
2944 2218 3036 2269 καλ¹
3088 2217 3188 2285 τῆς
3253 2214 3360 2270 τῶν
3411 2215 3690 2283 ἐδωδίμων
3737 2215 3854 2275 τοῖς

2281 2309 2588 2380 ἀνθρώποις
2651 2307 2909 2376 εὐθηνίας
2967 2305 3304 2375 ποιητικῶν’
3372 2306 3466 2358 καὶ
3516 2305 3698 2372 μέντοι
3750 2301 3856 2371 τῆς

2279 2402 2533 2472 δῃώσεως
2576 2400 2669 2452 καὶ
2711 2398 2943 2467 ληΐσεως
2968 2397 3079 2448 τῶν
3121 2395 3435 2463 ἀλλοφύλων
3490 2391 3857 2469 ἀπηλλαγμέ-

2282 2507 2398 2544 νον·
2436 2489 2666 2559 ἠμέραν
2706 2489 2763 2540 δέ
2791 2487 3007 2551 κακίας
3054 2485 3291 2556 ἔμπαλιν
3354 2484 3445 2537 τὸν
3505 2483 3699 2552 καιρὸν

2281 2580 2681 2648 διαγνωσθέντα
2730 2578 2839 2631 τῶν
2908 2577 3116 2640 τούτοις
3164 2575 3556 2643 ἀντικειμένων
3624 2574 3851 2644 πλήρη·

2281 2667 2392 2725 οἷον
2437 2671 2615 2739 ἀέρων
2667 2669 2999 2738 δυσκρασίας
3052 2665 3413 2737 ἢπαντελοῦς
3459 2663 3761 2734 ἀνομϐρίας
3813 2663 3852 2734 1

2284 2760 2661 2828 σφοδροτάτων
2677 2757 2771 2810 καὶ
2793 2755 3030 2810 καθ’ὐπε
3039 2754 3236 2825 ρδολὴν
3251 2751 3444 2812 ὑετῶν,
3473 2752 3506 2819 ἢ
3535 2749 3855 2824 πολεμικῶν

2282 2849 2640 2920 καταδρομῶν
2668 2850 2762 2902 καὶ
2784 2849 3037 2917 ληΐσεων,
3083 2846 3177 2898 καὶ
3231 2842 3340 2895 τῶν
3395 2840 3609 2901 τούτοις
3665 2855 3855 2907 παρα-

2283 2941 2545 3008 πλησίων.
2582 2939 2974 3007 Παρεγγυᾶται
3005 2935 3183 2988 τοίνυν
3215 2935 3357 3003 μήτε
3404 2933 3518 2992 τοῖς
3560 2929 3855 2998 προτέροις

2283 3027 2626 3100 ἐπαίρεσθαι,
2654 3027 2910 3095 καὶπρὸς
2945 3023 3217 3094 ρᾳθυμίαν
3248 3021 3525 3090 ὑποχαλᾷν
3570 3020 3699 3081 τοὺς
3752 3017 3858 3085 τῆς

2284 3118 2465 3190 ψυχῆς
2492 3117 2807 3186 λογισμοὺς,
2857 3116 2952 3168 καὶ
2984 3114 3342 3182 καταφρονεῖν
3366 3111 3466 3180 τῆς
3503 3107 3716 3177 ἀγαθῆς
3757 3105 3862 3159 καὶ

2286 3209 2605 3282 πρεπούσης
2632 3207 2857 3276 λογικῆς
2888 3205 3295 3267 καταστάσεως,
3336 3203 3541 3270 καὶτῆς
3574 3198 3861 3269 νηφούσης

2285 3301 2524 3362 διανοίας
2575 3299 2667 3351 καὶ
2717 3297 3006 3365 φιλοπόνου
3078 3295 3304 3363 γνώμης
3372 3289 3803 3346 κατολισθαίνειν
3841 3303 3859 3320 ·

2285 3393 2399 3451 ἀλλ’
2438 3392 2589 3444 οὐδὲν
2613 3385 2776 3461 ἦττον
2802 3390 2859 3442 ἐν
2877 3387 3164 3453 ταυτότητι
3193 3383 3467 3452 διαμένειν
3500 3380 3610 3434 τῶν
3631 3379 3849 3446 ἀγαθῶν

2287 3483 2506 3539 ἐννοιῶν
2531 3481 2627 3536 καὶ
2657 3482 2757 3551 τῆς
2770 3479 2925 3550 ,πρὸς
2961 3479 3052 3530 τὸν
3083 3477 3173 3530 ἐπὶ
3209 3475 3426 3528 πάντων
3464 3473 3599 3525 Θεδν
3640 3470 3861 3534 ἐλπίδος

2289 3575 2382 3630 καὶ⁵
2422 3574 2655 3635 πίστεως
2695 3572 2789 3625 καὶ
2823 3569 3048 3631 ’τελείας
3099 3568 3339 3634 ἀγάπης,
3379 3566 3475 3616 καὶ
3524 3561 3861 3631 ἀγαθωσύνῃ

2287 3667 2388 3736 τῆς
2415 3665 2551 3735 πρὸς
2585 3662 2747 3716 αὐτὸν
2781 3661 3191 3733 εὐαρεστήσεως
3222 3648 3518 3716 παντελοῦς
3548 3653 3585 3736 ἢ
3635 3653 3738 3705 κάν
3791 3667 3862 3718 γε

2289 3758 2389 3826 τῆς
2421 3756 2564 3815 κατὰ
2589 3753 2840 3828 δύναμιν.
2888 3749 3166 3812 Ὡσαύτως
3207 3747 3262 3816 δὲ
3295 3747 3398 3799 κάν
3432 3745 3543 3806 τοῖς
3581 3742 3866 3811 δευτέροις

2288 3849 2387 3917 τὴν
2419 3847 2541 3916 ἴσην
2578 3845 2672 3897 καὶ
2715 3830 2831 3912 τὴν’
2877 3841 3048 3910 αὐτὴν
3096 3838 3376 3906 διατηρεῖν
3429 3833 3522 3886 καὶ
3567 3830 3864 3899 φυλάττειν

2289 3937 2527 3992 διάθεσιν
2556 3937 2648 3989 καὶ
2679 3935 3032 3995 κατάστασιν,
3069 3930 3164 3982 καὶ
3186 3925 3448 3998 μηδαμῶς
3499 3921 3590 3976 τοῦ
3645 3919 3864 3988 ἀγαθοῦ

2292 4028 2719 4100 παρεξίστασθαι
2755 4043 2767 4057 ·
2797 4027 2931 4094 μήτε
2961 4023 3066 4092 μὴν
3086 4019 3481 4089 δυσχεραίνειν,
3537 4014 3632 4068 καὶ
3661 4012 3799 4082 πρὸς
3825 4009 3865 4063 ἃ.

2295 4120 2369 4187 μὴ
2395 4117 2551 4186 θέμις
2583 4116 2940 4187 ἐνθυμήματα
2970 4114 3068 4180 τῆς
3117 4109 3379 4178 πονηρίας
3439 4106 3533 4157 καὶ
3591 4101 3685 4155 τοῦ
3729 4100 3865 4166 docti-

2292 4184 2414 4269 δους
2455 4184 2917 4264 καταϐιϐάζεσθαι
2950 4201 3040 4252 τὸν
3067 4197 3197 4250 νοῦν
3227 4195 3552 4263 συγχωρεῖν.
3621 4187 3760 4240 Ἀλλ’
3801 4188 3866 4240 ἐν

2295 4297 2537 4368 ὑμνῳδία
2567 4296 2660 4347 καὶ
2681 4293 2961 4361 δοξολογίᾳ.
2993 4291 3096 4342 κὰν
3137 4285 3351 4347 τούτοις
3377 4287 3445 4353 τῇ
3488 4281 3621 4350 πρὸς
3653 4279 3746 4330 τὸν
3763 4278 3865 4330 ἐπὶ

2297 4391 2513 4441 πάντων
2547 4386 2680 4438 Θεὸν
2710 4385 2770 4436 τὸ
2801 4384 3127 4449 κατάστημα
3183 4379 3472 4446 συντηρεῖν
3530 4373 3626 4441 τῆς
3657 4371 3862 4439 ψυχῆς.

2298 4480 2359 4530 Et
2388 4477 2494 4545 γὰρ
2533 4475 2704 4536 οὕτως
2735 4469 3038 4538 διατεθείης
3065 4469 3158 4521 ἐπὶ
3186 4469 3300 4528 τοῖς
3347 4461 3744 4529 ἀντικειμένοις
3764 4460 3866 4509 καὶ

2295 4566 2613 4627 ἀντιθέτοις,
2647 4563 2720 4614 ίδε
2752 4562 2845 4612 καὶ
2869 4557 3037 4626 γνῶθι
3069 4557 3278 4623 σαφῶς,
3311 4553 3386 4614 ὡς
3446 4550 3720 4616 ἑκατέρων
3748 4545 3864 4598 τῶν

2297 4657 2552 4710 ἐναντίων
2581 4652 2903 4722 συμὸάσεων
2950 4649 3012 4700 τὸ
3043 4647 3216 4717 πέρας
3268 4643 3526 4711 ἑκάτερον
3571 4638 3866 4705 σύμφωνον

2299 4747 2548 4817 εὓρηται,
2583 4742 2858 4796 τουτέστιν
2892 4737 3116 4806 ἀγαθὸν,
3146 4735 3235 4786 διὰ
3266 4735 3326 4786 τὸ
3354 4731 3453 4800 τὴν
3486 4728 3722 4817 καρδίανΔ
3773 4725 3867 4792 ἐφ’

2299 4814 2582 4905 ἑκατέροις
2641 4827 2974 4884 διατίθεσθαι
3006 4823 3144 4878 κατὰ
3173 4823 3238 4876 τὰ
3279 4819 3417 4874 αὐτὰ
3450 4816 3545 4870 καὶ
3579 4814 3866 4905 ὡσαύτως,

2301 4930 2395 4982 καὶ
2462 4902 2585 4980 οὔτε
2625 4925 2745 4984 ταῖς
2805 4920 2914 4973 τῶν
2979 4915 3278 4976 δοκούντων
3339 4908 3683 4981 χαροποιῶν,
3738 4902 3870 4957 οὔτε

2302 5024 2419 5082 ταῖς
2477 5017 2585 5070 τῶν
2645 5011 2906 5082 λυπηρῶν
2965 5008 3318 5076 συναντήσεσι
3378 5002 3477 5071 τῆς
3530 4995 3738 5065 ἀγαθῆς
3778 4996 3872 5046 ἐν-

2305 5113 2454 5171 νοίας
2516 5107 2608 5160 καὶ
2659 5104 2818 5170 δόξης
2883 5100 2975 5151 καὶ
3066 5093 3458 5154 καταστάσεως
3535 5085 3871 5157 παρεξιστα-

2308 5204 2475 5274 μένην
2545 5199 2604 5251 τὸ
2657 5193 2907 5248 σύνολον.
2960 5189 3131 5242 Τοῦτο
3187 5185 3300 5274 γὰρ
3335 5183 3606 5274 ἐσήμανεν
3674 5175 3868 5274 εἰπών’

2311 5268 2328 5345 ἆ
2371 5268 2472 5344 Ἰδε
2503 5288 2594 5341 καί
2621 5303 2685 5354 γε
2710 5282 2866 5335 τοῦτο
2895 5279 3184 5348 σύμφωνον
3215 5273 3411 5348 τούτῳ,
3452 5289 3469 5320 ι
3490 5272 3556 5338 τῇ
3582 5268 3872 5336 ταυτότητι

2304 5387 2402 5453 τῆς
2435 5377 2778 5451 ἀνθρωπίνης
2798 5367 3201 5432 διαθέσεως,είς
3230 5363 3421 5418 ταυτὸν
3454 5361 3545 5414 καὶ
3582 5359 3875 5453 σύμφωνον

2309 5452 2483 5546 πέρας
2522 5469 2723 5538 ἀγαθὸν
2781 5464 3068 5518 συνιόντων
3118 5459 3212 5510 καὶ
3242 5455 3350 5508 τῶν
3383 5453 3503 5506 κατ’
3558 5452 3880 5506 ἐναντῖωσιν

2313 5544 2738 5636 συμϐαινόντων.
2798 5552 2930 5609 Εἶτά
2962 5567 3124 5620 φησιν
3151 5552 3179 5602 ὁ
3228 5544 3662 5615 Ἐκκλησιαστής
3688 5562 3700 5572 ·

2319 5763 2378 5798 το
2414 5739 2667 5807 ἐποίησεν
2699 5737 2727 5786 ὁ
2756 5720 3202 5807 Θεὸς...’.ρι)ιιιψ.
3238 5721 3327 5782 καί
3351 5716 3413 5788 γε
3445 5719 3611 5774 τοῦτο
3661 5719 3886 5788 σύμφω-

2326 5797 2413 5866 (ιυν
2441 5797 2612 5877 τούτῳ
2647 5804 2899 5870 ἐποίησεν
2921 5799 2948 5848 ὁ
2972 5797 3121 5859 Θεός,
3150 5805 3251 5848 etc.
