4070 6334
709 380 839 447 1035

769 499 1110 552 Amariorcm
1145 500 1316 546 morte
1342 505 1462 545 cum
1497 490 1692 544 dixerit
1727 491 1996 547 calculum
2032 493 2264 548 astrolo-
2292 500 2341 556 Α

705 603 921 654 Lor-um,
945 585 1019 639 ob
1058 599 1247 638 vanam
1285 582 1488 637 scilicet
1517 582 1927 650 occupationem
1957 594 2008 638 et
2052 583 2266 638 labores

708 677 944 741 inutiles,
969 691 1105 746 quos
1127 691 1308 730 secum
1330 674 1504 737 affert,
1529 675 1772 729 eamdem
1790 674 1901 743 jam
1926 675 2269 729 artem.adul-

707 784 832 826 tera:
862 765 1226 838 improbzrque
1257 767 1471 822 feminae
1501 775 1804 835 comparat,
1845 781 1965 836 quae
2020 767 2268 822 homines

708 861 950 926 incautos
987 859 1256 913 demulcet
1303 872 1366 912 ac
1420 856 1672 920 fascinat,
1736 865 1789 911 et
1838 865 2158 912 venatorum
2206 872 2271 912 ac

707 950 1036 1018 piscatorum
1072 945 1220 1004 more
1271 949 1476 1003 retibus
1527 947 1773 1017 impedit,
1812 948 1993 1017 specie
2046 948 2169 1018 ejus
2218 956 2272 1002 et

705 1041 993 1108 colloquiis
1019 1049 1223 1108 captos,
1247 1049 1408 1107 aque
1441 1039 1494 1092 in
1517 1039 1722 1107 peccati
1755 1038 1981 1107 laqueos
2014 1049 2272 1093 mortem-

705 1147 810 1202 que
837 1130 1176 1186 transmittit.
1203 1120 1338 1184 Nam
1363 1129 1520 1184 dolos
1549 1130 1731 1184 animo
1761 1131 2041 1195 meditata,
2065 1139 2120 1184 et
2148 1146 2272 1184 cor-

709 1224 1036 1296 ruptelarum
1085 1224 1349 1277 instructa
1395 1222 1686 1288 illecebris,
1736 1231 1992 1292 tanquam
2022 1225 2272 1293 marinus

705 1316 935 1384 polypus
968 1313 1230 1382 quasdam
1272 1313 1432 1368 veluti
1457 1329 1671 1376 manus,
1702 1313 1921 1368 floridos
1951 1330 2015 1369 ae
2047 1330 2275 1368 suaveo-

708 1406 878 1458 lentes
905 1405 1137 1472 explicat
1167 1387 1752 1472 crines,‘subdolisque
1784 1418 1878 1457 usa
1905 1405 2272 1470 sermonibus,

709 1497 863 1564 quasi
921 1496 1195 1560 funiculis,
1253 1496 1422 1565 illigat
1472 1507 1807 1564 venaturque
1865 1496 2226 1565 simpliciores
2257 1516 2294 1565 :_

709 1586 802 1654 qui
835 1585 1053 1654 quidem
1082 1601 1115 1640 e
1139 1585 1361 1639 nefariis
1388 1586 1633 1654 corporis
1671 1576 2040 1654 voluptatibus
2074 1586 2278 1654 paulis-

712 1692 804 1745 per
819 1675 1160 1752 dylcedinem
1182 1676 1417 1744 aliquam
1441 1677 1674 1744 experiri
1702 1676 1806 1730 sibi
1833 1677 2116 1742 videntur;
2148 1677 2276 1730 sub-

1812 383 1872 443 S.
1928 385 2261 443 GREGDRI
2279 385 2299 441 Ι
2345 383 2853 443 AGRIGENTIN‘I

2439 493 2667 563 Πικροτέ
2678 510 2772 563 ραν
2791 492 3018 545 θανάτου
3031 491 3124 562 τὴν
3143 491 3323 562 ψῆφον
3344 490 3452 544 τῶν
3469 494 3503 546 ἀ
3515 494 3817 563 προλόγων
3839 515 3955 549 κατ-

2368 585 2636 652 ονομάσας
2649 585 2736 637 διὰ
2755 585 2814 636 τὸ
2840 583 3074 652 ματαίαν
3089 583 3344 653 ἀσχολίαν
3361 583 3508 655 ἔχειν
3526 585 3620 654 καὶ
3644 586 3953 655 φιλοπονίαν

2370 676 2646 744 ἀνόνητον,
2679 674 2979 728 ἀπείκασεν
3016 674 3182 744 αὐτὴν
3219 673 3312 728 νῦν
3343 675 3727 744 μοιχαλίδι·καὶ
3744 680 3955 746 πονηρᾷ

2371 767 2588 832 γυναικὶ
2637 764 3047 838 καταθελγούσῃ
3086 766 3179 818 καὶ
3215 766 3692 838 καταγοητευούσῃ
3734 770 3830 821 καὶ
3859 769 3954 839 θη-

2376 846 2604 925 ρευούσῃ
2624 855 2713 906 καὶ
2733 854 3104 924 σαγηνευούση
3119 855 3236 916 ταῖς
3252 853 3452 923 ἄρκυσι
3467 856 3576 907 τῶν
3594 856 3768 924 λόγων
3783 857 3955 926 a’nﬁ;

2371 945 2463 996 καὶ
2482 943 2774 1013 σχημάτων
2791 945 2917 1006 τοὺς
2934 944 3234 1014 ἀπροσεξίά
3256 943 3554 1008 συζῶντας,
3571 949 3667 999 καὶ
3695 948 3836 1018 πρὸς
3857 949 3958 1001 πα·

2373 1049 2475 1103 γην
2488 1050 2562 1085 πα
2570 1050 2707 1103 pater:
2714 1033 2857 1104 μπού
2866 1049 2935 1104 σῃ
2947 1033 3044 1103 τῆς
3056 1034 3328 1104 ἁμαρτίας
3340 1036 3434 1088 καὶ
3447 1035 3694 1090 θάνατον.
3708 1039 3760 1091 Μ
3767 1039 3816 1092 ε)
3827 1039 3933 1092 ιτῶ
3945 1069 3958 1075 -

2375 1141 2443 1186 σα
2471 1124 2580 1194 γὰρ
2610 1127 2668 1177 ὲν
2685 1127 2751 1194 τῇ
2771 1125 2966 1196 καρδίᾳ
2982 1127 3074 1178 καὶ
3093 1125 3530 1196 διενθυμουμένη
3561 1129 3961 1201 συλλογισμοὺς

2371 1217 2470 1287 τῆς
2495 1216 2770 1287 ἐξαπάτης
2800 1218 2894 1270 καὶ
2939 1217 3318 1288 βεϐηλώσεως,
3368 1217 3559 1289 ὥσπερ
3605 1223 3632 1272 ό
3661 1222 3957 1286 θαλάσσιος

2375 1307 2671 1374 πολύπους,
2701 1304 2812 1361 οἷόν
2862 1326 3011 1372 τινας
3036 1314 3225 1387 χεῖρας
3258 1311 3801 1379 ὲφαπλώσασακτοῦς
3826 1316 3957 1368 πλο-

2375 1399 2586 1468 κάμους
2622 1399 2731 1453 τῶν
2763 1400 3141 1471 ἀνθηροτέρων
3166 1402 3472 1472 βαμμάτων
3508 1405 3751 1468 καὶτοὺς
3771 1409 3956 1469 κάλως

2376 1488 2482 1541 τῶν
2516 1490 2807 1562 ἀπατηλῶν
2828 1491 3020 1559 λόγων,
3044 1493 3235 1562 δεσμοί
3272 1496 3366 1546 καὶ
3415 1494 3639 1566 θηρεύει
3671 1500 3801 1560 τοὺς
3832 1499 3959 1550 ἀκε-

2381 1581 2731 1650 ραιοτέρους·
2768 1581 2817 1634 οἳ
2873 1581 3094 1634 δοκοῦσι
3143 1582 3529 1650 γλυκαίνεσθαι
3579 1588 3716 1656 πρὸς
3760 1589 3954 1659 βραχὺ.

2377 1673 2496 1732 ταῖς
2519 1674 2808 1742 σαρκικαῖς
2847 1673 2942 1725 καὶ
2985 1671 3303 1742 βδελυκταίς
3357 1676 3594 1745 ἡδοναῖς,
3643 1678 3871 1751 ὕστερον
3903 1682 3959 1733 δὲ

710 1766 834 1820 inde
863 1777 1039 1820 autem
1075 1774 1238 1834 atque
1268 1765 1406 1818 intra
1430 1765 1591 1820 breve
1625 1774 1831 1835 tempus
1859 1765 2124 1834 ejusmodi
2154 1766 2276 1822 dul-

2382 1763 2471 1815 xui.
2497 1763 2633 1830 μετὰ
2661 1764 2856 1832 μικρὸν
2900 1765 3258 1835 πικροτέραν
3290 1765 3456 1836 χολῆς
3507 1770 3810 1839 εὑρήσουσι
3863 1775 3960 1842 τὴν

709 1857 950 1910 ccdinem
985 1854 1106 1910 felle
1135 1856 1483 1922 amariorem,
1531 1865 1584 1910 et
1617 1855 1760 1910 ferro
1795 1857 2015 1926 ancipiti
2067 1860 2281 1914 acutioi

2382 1827 2630 1922 τοιαύτην
2659 1827 3360 1923 γλυκύτηταίκαίμᾶλλον
3392 1827 3648 1928 διίστόμού
3683 1827 3960 1934 μαχαίρας

714 1962 826 2001 rem
858 1947 1151 2001 invenient.
1178 1945 1465 1999 Enimvero
1497 1946 1671 1999 simile
1700 1947 1977 2016 quidpiam
2016 1948 2068 2001 in
2103 1957 2276 2003 astro-

715 2039 958 2108 logorum
1003 2038 1164 2090 etiam
1200 2047 1315 2090 arte
1349 2037 1472 2105 quis
1511 2047 1694 2106 aperte
1728 2039 1961 2106 reperiat
2001 2039 2134 2107 (95).
2170 2039 2274 2093 De-

701 2130 1011 2184 mulcentes
1031 2129 1174 2182 enim
1200 2143 1262 2181 ac
1281 2128 1652 2196 pertrahentes
1677 2129 2008 2188 initiatorum
2033 2131 2276 2184 animum

715 2221 987 2287 voluptate
1034 2218 1122 2271 illa
1177 2225 1338 2285 atque
1399 2217 1703 2282 dulcedine,
1763 2234 1924 2287 quam
1993 2223 2278 2288 promissis

714 2311 867 2363 aiunt
893 2308 1220 2364 sublimibus
1252 2315 1305 2361 et
1334 2306 1494 2376 198
1517 2307 1850 2376 ingentibus,
1887 2317 2143 2379 tanquam
2186 2313 2278 2380 qui

714 2401 1078 2470 cognitionem
1146 2412 1327 2452 rerum
1377 2398 1620 2452 omnium
1680 2400 1934 2465 habeant,
1993 2411 2048 2454 et
2098 2401 2278 2457 futura

718 2491 1064 2560 prmvidcant,
1094 2496 1146 2542 et
1175 2488 1353 2542 abdita
1381 2503 1608 2558 quaeque
1640 2489 2065 2559 deprehendant,
2105 2493 2156 2545 in
2190 2509 2279 2546 er-

717 2582 856 2636 roris
880 2589 1040 2650 atque
1076 2579 1321 2634 interitus
1366 2593 1619 2649 sagenam
1666 2582 1970 2651 impellunt,
2009 2589 2063 2636 et
2098 2584 2278 2643 inutili

716 2672 873 2742 plane
909 2685 1168 2740 variatque
1195 2671 1538 2738 occupationi
1578 2686 1642 2725 ac
1695 2672 1949 2727 inanibus
2004 2673 2282 2728 laboribus

716 2764 1032 2833 subjiciunt.
1090 2761 1332 2815 Elabitur
1368 2777 1496 2813 vero
1527 2770 1688 2830 atque
1748 2763 1925 2825 avolat
1958 2779 2098 2817 unus
2133 2774 2282 2818 certo

717 2856 780 2908 ab
815 2871 899 2919 ea,
935 2854 984 2907 id
1020 2843 1106 2907 est.
1130 2854 1198 2907 ab
1229 2861 1459 2920 utraque
1491 2853 1634 2921 (nam
1667 2853 1796 2906 illud
1829 2852 1892 2905 ab
1926 2870 1985 2906 ea
2015 2853 2282 2915 Ecclesia-

718 2959 826 3004 stes
859 2948 1577 3014 communi”signilicatione
1613 2946 1912 3020 usurpavit)
1962 2951 2042 3004 vir
2089 2966 2282 3021 nempe

691 3044 918 3112 .probus
953 3052 1008 3097 et
1039 3042 1289 3110 diligens,
1326 3042 1538 3098 honesti
1569 3052 1782 3096 amator
1811 3025 2028 3113 Deoque
2057 3044 2277 3098 cbarus.

719 3132 831 3187 Hoc
857 3135 1001 3188 enim
1044 3134 1245 3188 indicat
1276 3134 1382 3188 illis
1405 3135 1581 3190 verbis
1627 3154 1645 3185 ι
1691 3149 1874 3188 coram
1911 3132 2038 3197 Deo,
2077 3155 2094 3186 ο
2132 3135 2281 3188 Ami-
2310 3151 2350 3204 ε

717 3238 840 3276 cum
859 3225 1107 3276 veritatis
1129 3223 1441 3292 designans,
1471 3233 1523 3276 et
1548 3223 1640 3292 qui
1667 3221 1776 3276 Deo
1801 3223 2142 3291 potissimum
2173 3223 2284 3292 pla-

717 3330 839 3370 cere
865 3315 1100 3370 studeat.
1127 3314 1597 3380 Quemadmodum
1629 3329 1657 3368 e
1683 3316 1960 3368 contrario
1985 3317 2077 3384 qui
2119 3331 2284 3385 pravo

718 3406 901 3460 animo
933 3415 985 3472 et
1020 3406 1306 3462 inhonesto
1338 3406 1391 3460 in
1427 3421 1489 3459 ea
1533 3415 1798 3471 versetur,
1831 3407 1976 3460 hunc
2017 3409 2281 3476 superari,
2329 3410 2332 3412 ’

721 3506 778 3551 ut
811 3512 906 3565 par
963 3506 1066 3562 est,
1117 3505 1278 3565 atque
1326 3497 1716 3565 comprehendi
1763 3496 1918 3571 dixit.
1957 3499 2042 3552 Ait
2093 3500 2282 3552 enim:

724 3608 742 3640 ι
774 3587 841 3652 Et
874 3588 967 3656 qui
1009 3595 1216 3656 peccat,
1257 3587 1501 3654 capietur
1542 3587 1598 3640 in
1648 3587 1772 3652 illa;
1814 3606 1831 3638 ι
1871 3588 1929 3640 id
1963 3598 2044 3640 est
2077 3596 2183 3641 tam
2217 3589 2309 3643 ab-

720 3679 964 3732 adultera
993 3679 1244 3747 malaque
1273 3676 1494 3741 femina,
1529 3692 1694 3747 quam
1724 3663 1792 3731 ab
1820 3677 1935 3746 ipsa
1961 3687 2077 3733 arte
2105 3679 2286 3732 ealcu-

695 3771 855 3824 .laria
880 3759 1296 3838 astrologorum.
1323 3767 1458 3821 Nam
1487 3770 1577 3837 qui
1611 3783 1760 3837 spem
1789 3769 1841 3821 in
1872 3769 2100 3822 Domino
2130 3785 2284 3824 suam

724 3876 828 3914 non
854 3859 1162 3922 collocavit,
1187 3873 1288 3932 nec
1313 3857 1488 3925 ipsum
1525 3874 1690 3912 unum
1723 3859 1888 3913 credit
1918 3875 1980 3913 ac
2005 3861 2287 3929 proﬁtetur

714 3961 998 4007 auctorem
1040 3947 1387 4015 surculorum,
1423 3958 1476 4003 et
1499 3952 1704 4012 omnia,
1735 3966 1855 4019 quae
1881 3961 2030 4016 sum,
2061 3963 2112 4005 et
2135 3967 2286 4006 com-

720 4042 1042 4111 plectentem
1073 4050 1126 4093 et
1149 4039 1535 4109 gubernantem
1563 4052 1617 4092 et
1646 4049 2088 4104 conservantem;
2127 4041 2172 4094 is
2202 4041 2286 4093 in-

724 4119 1000 4185 fidelitatis
1030 4143 1142 4182 sua:
1173 4143 1234 4182 ac
1264 4127 1668 4196 desperationis
1705 4127 1930 4181 vinculis
1960 4128 2285 4197 catenisque

726 4223 1137 4291 constringitur.
1864 4210 1870 4220 ’

797 4403 857 4455 At
894 4401 983 4454 ubi
1023 4415 1167 4454 nunc
1211 4407 1358 4458 sunt,
1403 4397 1497 4466 qui
1541 4396 1844 4464 astrologia
1880 4395 2285 4449 exercitationi-

2376 1945 2741 2016 ήκονημένην.
2795 1946 3186 2016 Παραπλήσιον
3230 1947 3286 2000 δέ
3338 1965 3424 2012 τις
3476 1952 3720 2020 εὑρίσκει
3771 1955 3959 2025 σαφῶς

2379 2033 2516 2086 κάπὶ
2550 2037 2615 2104 τῇ
2644 2035 2810 2107 τέχνῃ
2837 2035 2945 2087 τῶν
2968 2036 3333 2106 ἀστρολόγων.
3363 2040 3809 2109 Καταθέλγοντες
3855 2046 3962 2111 γὰρ

2378 2126 2469 2178 καὶ
2495 2126 2902 2196 παρασύροντες
2930 2125 3037 2180 τῶν
3069 2128 3439 2198 εἰσαγομένων
3468 2131 3560 2185 τὸν
3591 2136 3717 2185 νοῦν
3740 2135 3833 2187 διά
3869 2137 3961 2203 τῆς

2378 2213 2570 2282 ἡδονῆς
2620 2215 2712 2287 καί
2754 2214 3094 2282 γλυκύτητος
3142 2217 3253 2267 τῶν
3303 2217 3525 2286 ὑψηλῶν
3575 2224 3670 2274 καὶ
3707 2226 3964 2292 μεγάλων

2380 2302 2715 2372 ἐπαγγελιῶν
2749 2303 2856 2355 τῶν
2881 2304 2975 2356 ἀπὶ
3003 2307 3068 2375 τῇ
3101 2305 3358 2359 παντελεῖ
3385 2310 3586 2375 γνώσει
3613 2313 3722 2365 τῶν
3766 2315 3962 2380 ὅντων,

2380 2394 2470 2445 καὶ
2494 2397 2560 2464 τῇ
2588 2390 2697 2474 τῶν
2721 2393 3025 2464 μελλόντων
3052 2399 3359 2468 ,προρρήσει
3392 2402 3487 2453 καὶ⁵
3509 2402 3816 2472 καταλήψει
3857 2408 3965 2458 τῶν

2380 2486 2624 2552 ἀφανῶν,
2647 2487 2726 2548 εἰς
2757 2485 2856 2555 τὴν
2877 2486 2972 2553 τῆς
2997 2486 3274 2560 ἐξαπάτης
3305 2492 3400 2545 καὶ
3437 2493 3537 2564 τὴν
3561 2498 3660 2565 τῆς
3687 2496 3966 2557 ἀπωλείας

2381 2577 2710 2646 ἐμϐάλλουσι
2767 2577 3031 2649 σαγήνην,
3062 2579 3203 2648 πρὸς.
3244 2582 3504 2654 ἀνόνητον
3560 2589 3651 2639 καὶ
3701 2592 3967 2660 περιττὴν

2380 2669 2634 2737 ἀσχολίαν
2671 2670 2763 2722 καὶ
2797 2670 3191 2739 ματαιοπονίαν
3233 2674 3757 2741 καθυποϐἀλλοντες.
3801 2683 3968 2734 Ἀποο

2379 2757 2656 2826 διδράσκει
2683 2758 2738 2810 δὲ
2771 2760 2865 2811 καὶ
2895 2762 3260 2831 ὑπερίπταται
3287 2765 3450 2832 μόνος
3475 2767 3658 2835 σαφῶς
3701 2788 3720 2820 ι
3759 2772 3859 2823 ἀπ’
3880 2775 3973 2826 αῦ-

2380 2846 2499 2916 τῆς,
2543 2867 2559 2900 ι
2607 2849 2847 2918 δηλονότι
2891 2853 2988 2922 τῆς
3049 2853 3357 2924 ἑκατέρας’
3424 2858 3567 2912 κατά
3620 2862 3805 2916 κοινοῦ
3862 2867 3968 2935 γὰρ

2383 2936 2587 3007 ἐλήφθη
2610 2938 2688 3008 τῷ
2726 2939 3122 3014 Ἐκκλησιαστῇ
3152 2943 3399 3012 δηλονότι
3439 2949 3502 3002 τδ
3551 2950 3654 3004 ἀπ’
3677 2954 3874 3023 αὐτῆς
3894 2973 3913 2989 ·
3944 2961 3971 3010 ὁ

2383 3029 2585 3097 ἀγαθὸς
2609 3031 2701 3082 καὶ
2719 3031 3001 3095 σπουδαῖος
3032 3035 3420 3105 εὑρισκόμενος
3433 3039 3720 3113 ἄνθρωπος
3747 3048 3852 3100 καὶ
3881 3067 3968 3116 ιρι·

2383 3119 2606 3184 λόκαλος
2631 3123 2724 3174 καὶ
2740 3121 3187 3192 θεοφιλήςΧΓοῦτο
3208 3125 3318 3197 γὰρ
3339 3132 3616 3198 σημαίνει,
3639 3153 3662 3184 ‹
3675 3137 3784 3204 πρὸ
3800 3154 3970 3207 προσ-

2385 3212 2536 3266 ώπου
2578 3213 2672 3265 τοῦ
2707 3215 2841 3267 Θεοῦ
2874 3255 2889 3281 ,
2929 3234 2946 3267 ι
3007 3216 3096 3271 τὸν
3127 3212 3493 3294 ἐραστὴντῆς
3538 3227 3829 3298 ἀληθείας,
3882 3236 3970 3288 καὶ

2387 3306 2514 3375 περὶ
2551 3305 2748 3359 πολλοῦ
2783 3306 3104 3378 ποιούμενον
3137 3312 3235 3382 τὴν
3279 3313 3430 3368 θείαν
3465 3318 3760 3389 ἀρέσκειαν
3793 3327 3970 3380 αίνιτο

2387 3397 2628 3490 τόμενος.
2647 3399 2856 3470 Ὠσπερ
2895 3401 2986 3454 καὶ
3039 3401 3100 3455 τὸ
3129 3402 3367 3473 ἔμπαλιν
3396 3409 3488 3462 τὸν
3516 3398 3972 3490 ἔχονταῖὶραύλην

2387 3489 2482 3542 καὶ
2509 3492 2801 3560 μισόκαλον
2845 3494 3072 3566 γνώμην
3120 3496 3384 3575 ὲνιαὺτῇ,
3438 3506 3817 3574 κεκρατῆσθαι
3867 3516 3972 3569 ,καὶ

2388 3580 2856 3651 συλλαμϐάνεσθαι
2888 3584 3034 3636 κατά
3061 3585 3121 3636 τὸ
3148 3585 3440 3654 ἀκόλομθον
3471 3585 3616 3647 εἷπε.
3647 3595 3788 3664 Φησὶ
3825 3600 3970 3667 γάρ·

2391 3687 2409 3720 ι
2443 3671 2548 3724 Καὶ
2569 3671 2899 3741 ἁμαρτάνων
2921 3673 3356 3748 συλληφθήσεται
3383 3680 3441 3732 ἑν
3464 3681 3603 3752 αὐτῇ
3625 3699 3642 3713 °
3674 3703 3693 3736 ι
3717 3687 3972 3756 δηλονότι

2371 3760 2478 3821 ,καὶ
2507 3764 2570 3831 τῇ
2603 3763 2871 3832 μοιχαλίδι
2897 3765 2990 3818 καὶ
3012 3768 3229 3838 πονηρᾷ
3255 3771 3498 3837 γυναικὶ,
3533 3773 3624 3826 καὶ
3656 3776 3850 3844 μέντοι
3883 3785 3974 3833 καὶ

2386 3854 2452 3922 τῇ
2480 3853 2793 3927 ψηφοφορίᾳ
2822 3857 2929 3910 τῶν
2947 3859 3319 3929 ἀστρολόγων.
3365 3862 3422 3916 'U
3446 3866 3556 3936 γὰρ
3581 3866 3684 3920 οὑκ
3712 3869 3860 3937 ἔχων
3878 3875 3972 3925 ἐπὶ

2386 3945 2590 4014 Κύριον
2616 3946 2717 4010 τὰς
2744 3947 2982 4012 ἐλπίδας.
3034 3950 3128 4004 καὶ
3163 3952 3322 4020 μόνον
3364 3955 3526 4010 αὑτὸν
3560 3959 3836 4013 πιστεύων
3877 3967 3975 4016 καὶ

2387 4037 2770 4102 καταγγέλλων
2823 4039 3053 4110 ποιητὴν
3085 4041 3191 4094 τῶν
3233 4045 3468 4098 αἰωνίων
3508 4049 3600 4100 καὶ
3649 4056 3976 4107 συνεκτικὸν

2390 4127 2600 4178 πάντων
2617 4127 2723 4180 τῶν
2738 4128 2925 4194 ὄντων,
2950 4132 3045 4183 καὶ
3069 4132 3410 4206 κυϐερνή-ἔην
3428 4137 3522 4190 καὶ
3545 4139 3976 4208 amantem-sai;

2388 4219 2590 4287 σειραῖς
2614 4219 2973 4288 συσφίγγεται
3002 4221 3101 4292 τῆς
3122 4223 3258 4288 ιδίας
3277 4226 3538 4290 ἀπιστίας
3567 4230 3656 4282 καὶ
3685 4233 3790 4302 τῆς
3813 4235 3976 4287 ἀνελ-

2389 4325 2606 4372 πιστιας
2992 4363 2995 4366 _
3097 4327 3100 4329 ·
3593 4377 3598 4380 _

2471 4399 2629 4454 Ἀλλά
2655 4400 2758 4454 ποῦ
2799 4401 2891 4455 νῦν
2923 4403 3143 4477 εἰσινοί
3184 4410 3303 4472 ταῖς
3351 4411 3766 4479 ἀστρολογικαῐς
3798 4417 3975 4486 ἀσχο-

727 4485 826 4546 bns
857 4503 1018 4560 atque
1053 4489 1545 4560 supputationibus,
1577 4496 1839 4556 quantum
1869 4495 1968 4547 est,
1997 4486 2117 4539 vitae
2153 4502 2284 4553 prm-

2390 4487 2531 4551 λίαις
2567 4491 2661 4542 καὶ·
2709 4490 3073 4563 ψηφοφορίαις
3103 4474 3162 4548 τδ
3222 4471 3471 4568 χρονικὺν
3530 4471 3814 4572 διάστημα
3867 4471 3975 4575 :13,-

726 4583 893 4636 sentis
931 4582 1166 4650 spatium
1224 4581 1527 4642 insumunt,
1581 4587 1633 4632 et
1686 4579 1740 4630 in
1791 4577 2017 4631 sidereis
2052 4577 2288 4632 motibus

694 4655 698 4659 ’
727 4683 886 4739 atque
911 4669 1218 4737 aspectibus
1240 4657 1662 4734 contemplandis
1691 4676 1858 4734 atque
1883 4666 2022 4719 inter
2052 4681 2110 4720 se
2135 4681 2288 4720 corn-

727 4758 983 4829 parandis
1029 4757 1298 4826 occupati,
1346 4757 1638 4808 humanam
1692 4754 1879 4806 abhis
1927 4755 2091 4806 vitam
2128 4762 2290 4821 atque

726 4851 1248 4905 administrationem
1290 4845 1409 4918 regi
1466 4848 1710 4916 jactant,
1770 4861 1943 4915 coque
2000 4847 2289 4914 impietatis

728 4943 918 4995 morbo
953 4941 1219 5000 laborant,
1252 4928 1411 5006 quem
1440 4936 1797 5003 disertissime
1823 4935 2041 5003 sapiens
2073 4951 2290 5004 quoque

719 5023 1079 5084 Ecclesiastes
1125 5029 1497 5083 demonstrare
1531 5042 1655 5080 cum
1710 5026 1888 5090 vellet,
1936 5025 2118 5077 dixit:
2162 5043 2179 5075 ι
2223 5023 2290 5078 Ut

728 5122 1130 5177 considerarem
1161 5129 1214 5174 et
1235 5134 1531 5188 quaererem
1563 5117 1966 5185 sapientiam-et
1995 5115 2285 5177 calculum,

729 5221 781 5265 et
815 5219 873 5266 ut
899 5208 1282 5279 cognoscerem
1316 5207 1464 5274 impii
1497 5205 1780 5259 stultitiam
1813 5213 1865 5258 et
1899 5203 2284 5258 turbulentiam

730 5316 780 5359 ct
803 5303 1302 5358 circumactionem.
1344 5317 1362 5349 ›
1393 5297 1649 5360 Videsne,
1689 5296 2101 5364 appellationem
2135 5296 2288 5365 impii

731 5414 762 5451 a
792 5392 984 5450 divinis
1035 5392 1253 5447 Litteris
1311 5391 1612 5460 astrologia:
1663 5388 1918 5442 studiosis
1968 5387 2281 5444 attributam

804 5548 915 5618 (95)
982 5549 1113 5601 Item
1187 5549 1430 5604 eamdem
1492 5548 1917 5618 Olympiodorus
1970 5549 2290 5604 brevissime

732 5622 1066 5688 COIIlpicXUS,
1120 5623 1231 5672 ait:
1263 5621 1474 5687 Ὥσπερ
1527 5620 1634 5688 γὰρ
1686 5619 1864 5688 ἐκείνη
1903 5618 2123 5688 θηρεύει
2163 5623 2289 5681 τοὺς

732 5686 878 5750 νέους
912 5691 1090 5756 λόγοις
1120 5689 1414 5758 ἀπατηλοῖς
1436 5686 1454 5716 ’⁷
1481 5686 1625 5740 οὓτω
1659 5689 1749 5738 καὶ
1796 5687 1932 5758 αὕτη
1970 5686 2292 5755 τοὺςᾶιρροο

733 5775 847 5822 νας,
871 5759 1241 5829 συλλογισμῶν
1269 5756 1503 5827 σάγήνας
1536 5757 1824 5812 πλέκουσα.
1857 5756 2060 5828 Nempe
2088 5773 2099 5809 :
2138 5758 2288 5832 Siqut

2390 4579 2672 4649 παρούσης
2730 4581 2876 4650 ζωῆς
2909 4583 3310 4652 ἀναλίσκοντες,
3344 4588 3441 4641 καὶ
3470 4593 3591 4653 ταῖς
3635 4600 3973 4667 παρατηρή-

2390 4686 2505 4722 σεσι
2530 4671 2638 4724 τῶν
2689 4671 2950 4742 ἀστρῴων
2981 4678 3246 4746 κινήσεων
3294 4681 3386 4732 καὶ
3421 4680 3658 4748 σχέσεων
3687 4683 3975 4755 τῶνςπρὺς

2389 4761 2647 4829 ἀλλήλους
2667 4763 2756 4815 τὸν
2784 4763 2906 4816 νοῦν
2936 4765 3334 4833 ἔφίστάνοντες,
3366 4771 3460 4821 καὶ
3492 4771 3694 4824 τούτων
3719 4773 3969 4846 ὲξηρτῆ-
4033 4809 4035 4812 -

2391 4849 2511 4903 σθαι
2536 4852 2632 4922 τὴν
2662 4851 3008 4922 ἀνθρωπίνην
3038 4851 3182 4926 ζωὴν
3213 4858 3307 4912 καὶ
3328 4859 3593 4930 διοίκησιν
3613 4862 3970 4930 διαγγέλλον-

2387 4958 2496 5003 τες,
2529 4941 2623 4993 καὶ
2645 4941 2909 5012 τοσαύτην
2951 4946 3232 5008 νοσοῦντες
3289 4947 3566 5014 ἀσέϐειαν,
3597 4952 3662 5020 ἦν
3699 4955 3970 5020 ἑκφαντι-
4031 4935 4033 4958 τ

2387 5032 2606 5086 κώτατα
2647 5034 2926 5103 παριστῶν
2952 5035 3048 5088 καὶ
3076 5038 3102 5087 ό
3125 5028 3720 5110 σοφδςῈκκλησιαο-ττί
3755 5044 3963 5116 ἔφησε,

2317 5195 2319 5197 _
2393 5139 2409 5171 ι
2439 5121 2899 5192 Κατασκέψασθαι
2923 5126 3016 5177 καὶ
3035 5124 3274 5204 ζητῆσαι
3295 5130 3485 5196 σοφίαν
3516 5133 3608 5184 καὶ
3635 5131 3843 5202 ψῆφον,
3870 5145 3965 5191 καὶ
4027 5189 4030 5194 ,

2387 5211 2474 5263 τοῦ
2503 5211 2703 5310 γνῶναι
2732 5214 2960 5276 ἀσεϐοῦς
2981 5216 3292 5288 ἀφροσύνην
3316 5222 3410 5272 καὶ
3441 5222 3700 5293 όχληρίαν
3725 5228 3828 5280 καὶ
3865 5244 3969 5281 πιο
4013 5271 4031 5310 1

2399 5303 2646 5373 ριφοράν.
2687 5324 2705 5356 ι
2755 5305 2916 5376 Ὁρᾷς
2954 5309 3371 5379 τὴνηόνομασίαν
3417 5315 3512 5368 τοῦ
3561 5317 3799 5381 ἀσεϐοῦς
3857 5325 3969 5384 τοῖς

2390 5395 2805 5464 ἀστρολογοῦσιν
2869 5398 3402 5474 ἀποκεκληρωμένην
3458 5405 3612 5476 παρὰ
3662 5409 3766 5478 τῆς

2387 5557 2524 5634 enim
2565 5559 2663 5610 illa
2703 5558 2907 5614 ὁίαηάίε
2941 5552 3267 5634 sermonibus
3307 5563 3562 5634 juvenes.
3615 5568 3698 5622 ita
3737 5571 3853 5625 Ita-c
3879 5527 4029 5634 an“;

2388 5627 3615 5714 s‘tritt‘as'penaturziqllggiamontmimplicant;
3649 5642 3962 5714 κήδειοι

2391 5697 2545 5750 Auct.
2585 5697 2714 5752 Duc.
2752 5715 2804 5767 p.
2835 5697 2933 5754 651
2979 5697 3062 5767 Β.)
3402 5697 3412 5702 '
3889 5697 3906 5714 ‘
4013 5703 4027 5767 ξ
