4070 6334
1420 273 1458 302 /

145 383 275 451 1357

1103 407 1117 434 ι
1196 386 1275 448 IN
1319 387 1874 449 ECCLESIASTEN
1933 415 2002 423 —
2044 390 2191 449 LIB.
2234 390 2368 476 ΥΠ.

3277 391 3413 458 ῘΟὖΒ

138 501 280 566 ξίαν.
318 502 446 552 ὅσον
485 492 622 570 ἧκεν
656 500 731 562 εἰς
762 498 860 568 τὴν
896 499 1188 569 πρόχειρον
1239 500 1372 552 θέαν
1409 501 1503 551 καὶ
1536 501 1713 568 φαινό-

1827 501 2135 555 ostenderit
2164 515 2304 566 sese,
2338 511 2390 555 et
2418 500 2470 554 in
2503 509 2862 571 conspectum
2917 502 3201 582 hominum
3245 522 3412 560 veno.-

140 610 318 662 μενον.
348 593 408 645 Ei
439 593 549 662 γάρ
583 592 676 645 καὶ
712 593 786 662 μὴ
826 593 1034 656 πάντας
1068 595 1197 654 τοὺς
1245 594 1467 658 ἀσεϐεῖς
1497 594 1723 663 ὠκυμό-

139 701 261 750 ρους
292 683 450 752 ίσμεν
504 685 596 736 καὶ
655 682 1024 752 καρπαλίμως
1075 683 1401 754 δεχομένους
1470 685 1568 754 τὴν
1619 682 1726 736 ἀπὸ

136 775 233 842 τῆς
272 774 556 844 παρούσης
587 775 732 843 ζωῆς
764 774 1040 826 ἔκπτωσιν
1069 777 1166 827 καὶ
1208 778 1548 848 περιτροπήν
1572 791 1584 802 ·
1610 774 1725 825 ἀλλ’

137 865 234 916 οὐκ
278 866 343 916 ὲκ
373 865 483 916 τῶν
513 862 958 931 διαγνωσθέντων
1009 866 1142 933 ἡμῖν
1183 868 1442 919 tom-Stant
1471 866 1555 933 ἐφ’
1589 863 1722 915 έκά-

141 972 238 1028 στῃ
260 959 426 1030 γενεᾷ
453 957 697 1027 δηλονότι
724 957 819 1009 καὶ
839 958 1026 1026 γενεᾷ,
1043 956 1121 1025 τῷ
1157 959 1564 1028 Ἑκκλησιαστῇ
1589 972 1728 1023 παρ-

140 1049 393 1118 είληπται
448 1047 510 1100 τὸ
564 1050 858 1118 εἰρημένον
903 1048 998 1100 καὶ
1025 1047 1137 1102 νῦν.
1169 1044 1302 1103 Εἷτὰ
1336 1064 1502 1118 φησιν
1528 1049 1555 1100 ὁ
1596 1045 1718 1098 Ἐκ-

139 1138 480 1209 κλησιαστής
513 1158 519 1168 ·
1443 1122 1448 1126 1

1825 592 1915 647 rit.
1953 590 2090 646 Nam
2121 593 2223 648 etsi
2262 608 2368 646 non
2403 608 2596 648 omnes
2647 594 2846 662 impios
2897 593 3077 650 brevis
3107 599 3206 652 ιυνὶ
3243 598 3414 654 fuisse

1824 685 2053 744 scimus,
2102 690 2159 736 et
2189 683 2401 736 exhac
2431 684 2541 736 vita
2582 684 2766 738 medio
2808 687 2860 738 in
2899 700 3063 739 cursu
3128 699 3414 758 correptos
3472 713 3475 716 ·

1823 769 2057 825 celerius
2085 769 2388 846 migrasse;
2419 787 2526 823 non
2590 774 2732 839 ideo,
2759 773 2804 826 si
2836 776 2977 828 ratio
3016 775 3284 831 habeatur
3318 792 3414 832 eo-

1825 876 1944 914 rum
1974 877 2098 930 qum
2147 861 2382 931 singulis
2429 864 2684 918 aetatibus
2738 867 3037 934 contigisse
3074 870 3408 937 accepimus,

1825 939 1973 1022 quod
2009 954 2097 1007 bic
2129 952 2335 1008 dictum
2390 963 2493 1018 est,
2528 961 2732 1008 temere
2767 957 2836 1009 ab
2876 955 3208 1013 Ecclesiaste
3237 961 3413 1028 prola-

1824 1053 1936 1098 tum
1973 1043 2145 1097 videri
2175 1044 2333 1099 debet
2358 1045 2492 1115 (22).
2527 1044 2618 1099 Ait
2645 1047 2843 1102 deinde
2877 1047 3241 1105 Ecclesiastes
3270 1067 3284 1101 :

1668 1245 1695 1315 ς
1727 1241 1872 1298 XVI.

210 1344 386 1396 Ἐστι
407 1343 759 1411 ματαιότης,
789 1340 826 1408 ἢ
853 1344 1171 1410 πεποίηται
1199 1343 1296 1396 ἐπὶ
1325 1340 1431 1409 τῆς
1463 1339 1593 1411 γῆς,
1627 1340 1716 1392 ὅτι

139 1434 253 1486 εἰσί
285 1434 528 1497 δίκαιοι,
559 1433 647 1486 ὅτι
669 1433 880 1501 φθάνει
905 1434 1054 1500 πρὸς
1083 1435 1328 1500 αὐτοὺς,
1359 1435 1441 1499 ὡς
1491 1433 1719 1500 ποίημα

140 1524 256 1577 τῶν
279 1524 520 1578 ἀσεϐῶν
539 1541 552 1554 ο
584 1526 684 1578 καὶ
723 1526 884 1578 εἰσὶν
906 1527 1167 1593 ἀσεϐεῖς,
1200 1527 1291 1579 ὅτι
1329 1525 1542 1595 φθάνει
1567 1524 1718 1591 πρὸς

141 1615 362 1681 αὐτοὺς
381 1617 460 1680 ὼς
498 1616 722 1683 ποίημα
752 1613 868 1668 τῶν
920 1615 1186 1670 δικαίων.
1243 1617 1355 1669 Καὶ
1387 1612 1528 1668 εἶπα
1555 1631 1568 1644 ·
1606 1616 1718 1669 Καί

141 1724 202 1774 γε
236 1707 416 1760 τοῦτο
446 1708 789 1774 ματαιότης.

208 1789 533 1866 Ιιαράλογος
579 1798 808 1869 εὓρηται
858 1801 1002 1869 φορὰ
1050 1800 1143 1852 καὶ
1172 1799 1297 1866 δόξα
1343 1799 1714 1870 διεφθαρμένη

139 1891 230 1942 καὶ
256 1890 434 1960 πάντη
461 1889 684 1962 ψευδὴς,
709 1895 741 1961 ἡ
790 1893 934 1962 παρὰ
954 1893 1062 1944 τῶν
1095 1893 1402 1962 μισοκάλων
1430 1893 1523 1944 καὶ
1553 1907 1718 1944 κακοα

136 1982 301 2045 δόξων
335 1981 641 2050 ἀνθρώπων
669 1985 766 2036 καὶ
815 1983 1093 2035 δυσσεϐὦν
1122 1984 1386 2053 γινομένη
1420 1985 1537 2046 τοῖς
1562 1983 1717 2034 εὐσε-

140 2072 256 2124 ϐέσι
282 2073 380 2124 καὶ
416 2071 667 2135 δικαίοις,
697 2072 790 2125 καὶ
826 2067 927 2142 τῆς
977 2073 1179 2142 ἀρετῆς
1221 2058 1632 2144 ὲροιστσιῖςίοιιι)¹
1657 2072 1717 2126 τὸ

138 2160 377 2230 ἔμπαλιν
414 2164 527 2223 τοῖς
587 2159 815 2213 ἀσεϐέσι
850 2161 944 2212 καὶ
995 2164 1253 2232 πονηροῖς
1276 2163 1309 2231 ἡ
1348 2161 1570 2224 καὶτὰς
1603 2163 1715 2214 τῶν

136 2253 418 2322 ἑκατέρων
451 2252 750 2322 ὑπολήψεις
785 2252 1116 2321 ἀμείϐουσα,
1162 2255 1268 2315 καὶ,
1289 2237 1471 2322 μέντοι
1495 2255 1589 2305 καὶ
1617 2252 1715 2315 τὰς

136 2342 530 2412 προσηκούσας
559 2345 652 2396 καὶ
675 2343 1050 2413 καταλλήλους
1065 2345 1427 2414 ἀνταμείψεις
1456 2345 1715 2402 ἐναλλάτ-

134 2450 325 2499 τουσα,
363 2436 460 2486 καὶ
491 2434 592 2495 τὰς
643 2434 741 2502 μὲν
792 2433 1154 2503 ὀφειλομένας
1213 2438 1326 2504 τοῖς
1365 2437 1591 2504 ἀγαθοῖς
1619 2438 1715 2489 καὶ

134 2523 364 2586 δικαίοις
394 2524 744 2593 ἀπονέμουσα
774 2527 896 2586 τοῖς
921 2524 1145 2578 ἀσεϐέσι
1165 2527 1260 2579 καὶ
1287 2529 1546 2596 πονηροῖς
1576 2543 1590 2558 ⁸
1621 2529 1714 2581 καὶ

135 2615 196 2665 τὸ
217 2613 461 2683 ἔμπαλιν
486 2614 583 2676 τὰς
610 2617 822 2685 ὲπηρτη
833 2615 1001 2683 μένας
1019 2614 1250 2678 ἐκείνοις
1267 2615 1711 2685 ἀντιπαρέχουσα

136 2705 369 2767 τούτοις,
393 2704 514 2757 κατ’
544 2706 860 2759 ἐναντίωσιν
889 2706 988 2776 τῆς
1013 2705 1350 2778 θεοπρεποῦς
1375 2708 1714 2775 ἀγαθότητος

135 2799 230 2850 καὶ
279 2797 706 2866 δικαιοκρισίας.
754 2799 813 2850 ’0
844 2799 943 2866 μὲν
979 2797 1090 2868 γὰρ
1141 2799 1273 2861 Θεὸς
1333 2802 1444 2861 τοῖς
1489 2797 1712 2866 ἀγαθοῖς

135 2888 351 2956 ἀγαθὰς
407 2888 636 2940 δίδωσιν
688 2888 1027 2952 ἀντιδόσεις,
1057 2889 1317 2953 ὡσαύτως
1375 2907 1438 2958 γε
1488 2891 1593 2960 μὴν
1620 2890 1712 2942 καὶ

133 2983 244 3041 τοῖς
299 2981 563 3048 πονηροῖς
596 2979 872 3048 πονηράς·
908 2979 1004 3032 ἅτε
1047 2979 1110 3050 δὴ
1144 2980 1449 3050 θεοπρεπεῖ
1470 2981 1709 3051 τρυτάνῃ

1894 1331 2049 1388 Vers.
2083 1334 2172 1387 M.
2208 1331 2305 1387 Est
2333 1334 2566 1394 vanitas,
2597 1349 2714 1403 quia
2737 1332 2882 1401 facta
2903 1343 2980 1387 est
3005 1351 3160 1403 super
3189 1344 3403 1394 terram.

1821 1427 1946 1496 quia
1985 1434 2108 1478 sunt
2151 1425 2304 1490 justi,
2333 1426 2461 1494 quia
2523 1425 2661 1477 venit
2713 1425 2782 1476 ad
2835 1439 2920 1476 eos
2951 1465 2965 1487 ,
3007 1427 3161 1494 quasi
3206 1426 3408 1496 factum

1820 1516 2146 1582 impiorum;
2176 1525 2224 1566 et
2283 1523 2406 1567 sunt
2460 1514 2608 1578 impii
2635 1553 2648 1574 ,
2674 1513 2799 1581 quia
2848 1515 2983 1566 reuit
3013 1521 3081 1566 ad
3111 1531 3221 1578 eos,
3249 1521 3403 1584 quasi

1822 1605 2026 1672 factum
2081 1603 2377 1671 justorum.
2436 1601 2505 1654 Et
2562 1601 2732 1655 dixi:
2795 1600 2913 1656 Hoc
2973 1606 3134 1658 etiam
3196 1610 3404 1660 vanitas

1821 1700 1897 1744 est
1929 1690 2065 1761 (as).

1894 1779 2206 1834 Absurdam
2239 1779 2676 1836 distributionem
2707 1792 2760 1837 et
2788 1794 3106 1854 corruptum
3133 1784 3403 1854 judicium

1825 1884 1888 1924 ac
1910 1870 2068 1939 plane
2098 1871 2295 1926 falsum
2352 1872 2615 1927 induxere
2666 1874 2919 1930 homines
2949 1876 3244 1942 inhonesti,
3277 1893 3404 1946 pcr-

1825 1959 2080 2029 versique
2133 1971 2298 2030 atque
2346 1962 2519 2030 impii,
2550 1972 2660 2017 tam
2698 1967 2877 2033 quoad
2914 1965 3034 2034 pios
3061 1965 3307 2035 etjustos
3339 1983 3402 2021 ac

1822 2050 2040 2105 virtutis
2065 2061 2357 2112 amatores,
2388 2068 2552 2122 quam
2581 2055 2763 2122 quoad
2825 2056 3026 2123 impios
3056 2072 3085 2110 e
3124 2059 3405 2113 contrario

1822 2152 1876 2196 et
1901 2140 2231 2212 ﬂagitiosus,
2285 2157 2396 2212 quo
2451 2139 2646 2213 nempé
2699 2155 3063 2215 utrorumque
3113 2147 3402 2216 opiniones

1823 2241 2155 2303 permutant,
2191 2243 2246 2289 et
2301 2237 2692 2291 convenientes
2747 2221 3104 2308 propriasque
3219 2251 3399 2292 remu-

1823 2324 2135 2378 neratioues
2192 2326 2492 2391 invertunt,
2527 2335 2585 2380 ut
2641 2342 2765 2396 qua;
2795 2328 2955 2383 bonis
3010 2345 3073 2384 ac
3113 2330 3279 2398 justis
3309 2330 3404 2384 deo

1822 2413 2040 2480 bentur,
2065 2429 2127 2469 ea
2161 2414 2345 2484 impiis
2375 2425 2428 2469 et
2453 2415 2739 2485 ﬂagitiosis
2768 2419 3052 2486 assignent
3078 2437 3093 2481 ;
3119 2428 3172 2474 et
3209 2435 3238 2474 e
3267 2433 3400 2474 con-

1824 2490 1992 2556 trario
2019 2519 2141 2572 quae
2172 2503 2292 2557 istis
2331 2504 2667 2586 impendent,
2702 2505 2753 2557 in
2793 2521 2891 2559 eos
2934 2506 3233 2574 reﬂectant,
3256 2510 3398 2563 divi-

1822 2609 1905 2646 na:
1941 2593 2170 2647 boailali
2195 2602 2249 2648 et
2282 2593 2433 2663 justo
2473 2594 2684 2664 judicio
2730 2596 2886 2664 plane
2938 2598 3232 2651 adversati.
3262 2598 3397 2652 Nam

1822 2684 1964 2739 Deus
2010 2684 2228 2754 quidem
2289 2684 2451 2738 bonis
2481 2683 2653 2738 bonas
2695 2685 2786 2738 dat
2826 2687 3315 2752 rctnuneratioues,
3341 2696 3398 2756 vet

1821 2775 2010 2828 eodem
2048 2776 2236 2844 utique
2268 2776 2431 2828 modo
2471 2776 2630 2828 malis
2683 2780 2857 2830 malas
2886 2778 3086 2845 quippe
3115 2778 3209 2848 qui
3241 2778 3397 2832 lance

1820 2865 2136 2932 :equissima
2170 2864 2437 2934 ponderat
2466 2871 2520 2917 et
2543 2864 2826 2919 distribuit
2849 2866 3080 2935 singulis
3103 2883 3224 2935 qua:
3245 2868 3397 2935 quis-

1821 2971 1926 3024 que
1951 2955 2181 3009 meritus
2227 2963 2330 3009 est.
2388 2955 2458 3008 Αι
2509 2955 2762 3008 humana:
2814 2956 3012 3009 mentis
3067 2956 3334 3025 judicium
3366 2975 3397 3008 α

132 3069 505 3136 ταλαντεύων,
537 3071 634 3121 καὶ
674 3069 946 3138 διανέμων
1009 3070 1227 3138 ἑκάστῳ
1268 3061 1349 3123 τὰ
1385 3073 1504 3122 κατ’
1533 3069 1710 3134 ἀξίαν.

1820 3048 2098 3100 contrario
2123 3045 2282 3099 bonis
2306 3047 2501 3110 malas,
2523 3055 2578 3098 et
2614 3047 2772 3099 malis
2810 3046 2984 3101 bonas
3018 3048 3249 3116 illosque
3278 3064 3394 3117 pa:-

135 3161 209 3214 Τὸ
256 3161 343 3219 δὲ,
372 3161 656 3231 κριτήριον
698 3160 797 3228 τῆς
831 3160 1178 3231 ἀνθρωπίνης
1213 3161 1442 3230 γνώμης
1475 3161 1714 3232 ἔμπαλιν

132 3253 248 3313 τοῖς
284 3250 518 3316 ἀγαθοῖς
566 3252 834 3318 πονηρὰς,
883 3254 996 3314 τοῖς
1051 3251 1108 3304 δὲ
1166 3255 1426 3320 πονηροῖς
1479 3252 1711 3318 ἀγαθὰς,

133 3342 426 3403 κάκείνους
453 3343 549 3410 μὲν
574 3342 832 3394 κολάσεσι
859 3341 1260 3395 καθυποϐἀλλει
1280 3347 1373 3396 καὶ
1395 3345 1710 3414 τιμωρίαις,

133 3432 414 3494 ποικίλαις
455 3430 695 3501 ὲξορίαις
728 3428 1204 3502 παραπέμπουσα,
1227 3434 1322 3487 καὶ
1341 3433 1712 3502 καθείργουσα

133 3510 383 3590 ᾑρονίαις
411 3521 658 3590 εἱρκταῖς
681 3537 694 3549 ο
731 3521 905 3572 ἐνίοτε
951 3520 1008 3574 δὲ
1043 3523 1135 3573 καὶ
1169 3521 1311 3590 λιμῷ
1348 3523 1442 3573 καὶ
1485 3522 1712 3590 μάστιγι

132 3613 229 3663 καὶ
247 3609 398 3680 πυρὶ
426 3611 520 3661 καὶ
558 3609 784 3680 σιδήρῳ,
810 3611 904 3662 καὶ
961 3609 1125 3680 βορὰν
1171 3609 1380 3678 θηρίοις
1413 3611 1713 3680 παραπέμ-

131 3717 224 3753 πει
259 3702 359 3753 καὶ
391 3688 606 3751 δίδωσιν
635 3701 874 3768 ἀκρίτως
899 3699 994 3751 καὶ
1042 3701 1411 3770 παραφρόνως
1433 3717 1448 3744 -'
1486 3701 1712 3764 τούτους

130 3792 189 3844 δὲ
213 3791 638 3862 καταγεραίρει,
682 3791 777 3844 καὶ
801 3791 1023 3860 τρυφῶν
1057 3791 1202 3856 ἀξιοῖ
1251 3793 1343 3846 καὶ
1383 3794 1712 3847 δυναστειῶν

131 3884 224 3937 καὶ
256 3882 454 3948 δοξῶν.

199 3973 384 4033 Τοῦτο
429 3971 609 4024 τοίνυν
648 3971 829 4049 πάσης
875 3972 1192 4043 παραλόγου
1227 3973 1466 4042 κρίσεως
1495 3974 1705 4043 ἀνάμε-

130 4081 257 4117 στον
288 4064 526 4134 εὕρηται
554 4063 650 4116 καὶ
676 4063 778 4132 τῆς
809 4065 1046 4134 ἐσχάτης
1084 4064 1480 4136 παραπληξίας
1506 4082 1712 4136 σημαν-

127 4153 303 4213 τικὸν,
374 4154 464 4205 καὶ
511 4149 910 4219 καταγνώσεως
948 4151 1118 4216 ἄξιον.
1174 4153 1273 4206 Διά
1313 4152 1474 4206 τοῦτό
1523 4171 1655 4223 φησι
1691 4169 1706 4185 ·

133 4263 154 4296 ‹
194 4244 310 4297 Καί
340 4259 406 4309 γε
440 4242 601 4296 τοῦτο
635 4243 959 4325 ματαιότης,
999 4262 1018 4294 ›
1047 4242 1111 4296 τὸ
1140 4242 1372 4309 σύνηθες
1409 4245 1710 4314 πρόσρημα

128 4335 227 4405 τῆς
281 4332 667 4402 ὲκφαυλίσεως
724 4332 833 4386 τῶν
889 4332 1148 4385 τοιούτων
1197 4331 1387 4385 εἰπών.
1465 4331 1554 4385 Διὸ
1611 4334 1710 4404 τὴν
1751 4397 1762 4403 ἱ

1816 3137 1900 3190 uis
1956 3136 2346 3207 suppliciisque
2407 3136 2755 3205 subjicit,et
2804 3139 2967 3192 modo
3016 3141 3165 3190 varia
3199 3141 3394 3193 exsilia

1816 3227 2052 3282 tolerare
2072 3228 2251 3296 jubet.
2276 3227 2440 3282 modo
2471 3228 2788 3282 carceribus
2815 3229 2869 3281 in
2899 3227 3221 3292 diuturnum
3257 3239 3359 3284 tem
3379 3261 3394 3270 -

1814 3329 1918 3385 pus
1963 3315 2194 3369 includit
2230 3314 2550 3368 :.interdum
2609 3329 2739 3368 vero
2781 3324 2835 3368 et
2865 3314 3008 3370 fame
3045 3325 3100 3370 et
3136 3316 3319 3386 ﬂagris
3342 3326 3396 3370 et

1815 3408 1940 3476 igne
1959 3417 2012 3461 et
2042 3405 2189 3460 ferro
2214 3405 2516 3467 excruciat,
2535 3413 2629 3458 aut
2647 3419 2828 3459 escam
2856 3405 3098 3459 destinat
3122 3408 3396 3476 traditque

1818 3499 2029 3561 belluis,
2059 3497 2257 3550 indicta
2289 3495 2449 3565 213
2479 3511 2646 3550 causa
2685 3504 2739 3550 et
2783 3498 2988 3551 amenti
3039 3498 3305 3561 consilio;
3340 3490 3396 3549 at.

1815 3591 1916 3642 hos
1947 3586 2190 3657 prazmiis
2222 3585 2407 3650 allicit,
2442 3595 2496 3640 et
2523 3587 2757 3654 deliciis,
2796 3589 3061 3657 imperiis,
3101 3590 3272 3660 gloria
3311 3589 3392 3642 di-

1815 3688 2032 3752 guatur.

1883 3969 1938 4023 id
1967 3981 2135 4038 porro
2165 3976 2269 4034 est,
2304 3967 2448 4038 quod
2485 3969 2724 4039 perversi
2764 3969 2956 4037 judicii
2995 3970 3215 4040 plenum
3248 3969 3393 4024 vide-

1813 4071 1921 4127 tur,
1959 4070 2011 4114 et
2044 4062 2374 4116 dementiam
2413 4061 2619 4116 indicat
2647 4076 2916 4115 summam
2949 4070 3112 4131 atque
3143 4063 3391 4115 omnium

1811 4153 2162 4207 damnatione
2192 4151 2592 4221 dignissimam.
2628 4151 2834 4206 Idcirco
2873 4153 2946 4206 ait
2977 4172 2988 4205 :
3024 4171 3046 4202 ρ
3082 4151 3195 4206 Hoc
3223 4153 3388 4206 etiam

1810 4243 2025 4296 vanitas
2064 4249 2182 4305 est,
2222 4259 2240 4293 ι
2291 4249 2615 4295 consuetum
2671 4257 2943 4310 usurpans
2990 4242 3193 4295 dictum
3220 4281 3235 4305 ,
3279 4232 3403 4310 quo.

1813 4333 1943 4386 talia
1995 4331 2345 4400 improbaret.
2379 4329 2610 4400 Jamque
2638 4331 2924 4400 objurgata
2953 4332 3390 4400 reprehensaque

129 4427 391 4494 τοιαύτην
407 4440 612 4477 κατακε
621 4424 901 4495 ρτομήσας
918 4424 1011 4476 καὶ
1031 4417 1516 4494 κατακωμῳδήσας
1537 4425 1705 4479 ἀκατ-

1817 4421 2166 4492 perversione
2197 4419 2466 4488 ejusmodi
2498 4419 2736 4473 absurda
2756 4428 2919 4487 atque
2939 4430 3288 4488 praepostera,
3321 4422 3390 4474 al

129 4515 366 4584 ἀλληλον
410 4513 778 4583 ἀντιστροφὴν
818 4513 910 4564 καὶ
957 4512 1290 4581 παράλογον,
1324 4512 1585 4575 ὡσαύτως
1618 4514 1710 4565 ἐπὶ

128 4606 226 4675 τὴν
257 4603 398 4672 εύθῆ
425 4594 585 4666 δόξαν
615 4602 726 4654 τῶν
755 4604 813 4656 έν
839 4603 918 4672 τῷ
943 4601 1042 4672 βίῳ
1069 4603 1498 4672 πολιτευομένων
1531 4620 1711 4674 πραγ-

131 4699 318 4765 μάτων
374 4694 656 4765 ἐχώρησεν
683 4731 697 4756 ,
727 4694 802 4756 ὡς
856 4695 956 4764 τῆς
1005 4693 1445 4764 διεστραμμένης
1482 4695 1709 4765 γνώμης

131 4790 220 4842 καὶ
258 4785 714 4855 πονηροπραξξας
770 4785 1064 4854 ἀμέτοχοι,
1113 4787 1208 4839 καὶ
1257 4788 1544 4856 κρείττους
1570 4787 1709 4839 ἀπο-

136 4878 456 4945 ρανθέντες,
487 4876 588 4939 τὰς
632 4876 853 4950 ἀληθεῖς
906 4875 1204 4947 ὑπολήψεις
1253 4879 1350 4931 καὶ
1401 4879 1500 4942 τὰς
1532 4879 1710 4942 εύθεῖς

132 4969 282 5034 δόξας
314 4968 411 5021 ἐπὶ
448 4970 561 5030 τοῖς
599 4967 942 5035 ἀγαθοῖςκαὶ
966 4967 1246 5022 θεοσεϐέσι
1272 4968 1366 5020 καὶ
1398 4970 1708 5032 σπουδαίοις

127 5058 466 5129 ἀνθρώποις,
497 5060 593 5112 καὶ
635 5058 696 5111 τὸ
725 5057 961 5127 ἔμπαλιν
1007 5061 1122 5122 τοῖς
1163 5059 1384 5111 ἀσεϐέσι
1419 5061 1512 5112 καὶ
1540 5077 1706 5130 πονη-

130 5149 244 5220 ροῖς
269 5147 371 5201 καὶ
396 5147 619 5214 φαύλοις
644 5147 968 5215 διαφυλάξαι
1016 5147 1406 5218 σπουδάσωμεν
1433 5163 1447 5178 ο
1477 5147 1566 5201 ἵνα
1609 5165 1706 5200 πε-

200 5285 316 5356 (22)
356 5283 477 5356 Alia
493 5293 574 5356 est
595 5283 909 5356 Hieronymi
957 5283 1509 5356 interpretatiofiNon
1535 5284 1702 5348 enim,

127 5354 329 5428 inquit,
384 5354 460 5417 hi,
485 5355 579 5422 qui
599 5354 780 5428 _mult_o
832 5362 1072 5428 tempore
1126 5355 1336 5428 vivunt,
1381 5355 1704 5428 prolongant

129 5423 246 5480 dies
314 5438 485 5487 suos;
519 5424 613 5476 sed
657 5424 750 5490 qui
795 5425 1026 5492 grandes
1072 5438 1166 5492 eos
1206 5423 1702 5477 faciuntbonorum

130 5509 363 5564 operum
402 5490 817 5564 magnitudinef
844 5493 986 5564 unde
1035 5501 1087 5544 et
1109 5490 1283 5564 μιαροὶ)
1310 5493 1470 5564 quasi
1485 5508 1552 5564 se
1581 5508 1705 5564 pec-3

131 5561 379 5621 datorem
425 5561 690 5616 conﬁtens
742 5563 911 5616 dicit:
954 5561 1117 5614 Parvi
1165 5573 1210 5614 et
1255 5562 1384 5614 mali
1439 5562 1550 5613 dies
1606 5563 1703 5614 mei

132 5633 286 5705 (Gen.
335 5633 610 5705 XLvn,9);
652 5642 709 5686 et
745 5632 812 5705 in
853 5630 1069 5705 l’salnio
1115 5633 1400 5705 conﬁtens,
1437 5631 1704 5705 Diesgin-

131 5702 269 5771 quit,
322 5703 428 5754 mei
475 5703 610 5771 sicut
643 5703 826 5753 umbra
851 5702 1127 5771 iiucliuali
1172 5712 1312 5771 sunt.
1347 5712 1396 5753 et
1436 5717 1527 5768 ego
1568 5703 1704 5754 sicut

135 5769 310 5832 (suum
342 5772 467 5824 arui
503 5769 677 5840 (Paul.
705 5786 781 5836 cz,
810 5770 932 5839 1‘2);
963 5786 1068 5827 non
1099 5771 1243 5841 quod
1294 5770 1508 5839 longam
1542 5771 1703 5824 vitam

1815 4529 1997 4572 rerum
2047 4512 2234 4566 itidem
2264 4551 2278 4573 ,
2314 4525 2436 4580 quae
2483 4511 2536 4564 in
2575 4511 2679 4564 hac
2708 4511 2820 4564 vita
2857 4521 3146 4580 geruntur,
3183 4521 3387 4565 rectam

1813 4602 2275 4658 existimationem
2306 4600 2543 4665 devenit,
2580 4617 2690 4670 quo
2722 4601 2861 4656 male
2897 4601 3164 4655 sentiendi
3196 4617 3383 4671 prase-

1811 4709 1918 4764 que
1944 4693 2160 4764 'agendi
2217 4691 2491 4746 licentiam
2554 4691 2757 4759 perosi,
2797 4698 2850 4744 et
2889 4691 3192 4759 potioribus
3221 4692 3385 4746 rebus

1813 4782 2034 4848 addicti,
2078 4797 2185 4836 non
2222 4783 2404 4836 minus
2434 4781 2499 4835 de
2515 4781 2674 4835 bonis
2697 4789 2749 4832 et
2777 4781 2880 4848 piis
2907 4782 3258 4851 honestisque
3285 4783 3384 4836 lio-

1814 4875 2077 4942 minibus,
2104 4889 2268 4944 quam
2295 4873 2362 4927 de
2392 4873 2577 4942 impiis
2623 4882 2673 4927 et
2708 4873 2866 4928 malis
2900 4875 3272 4942 improbis-que
3297 4891 3387 4930 ve-

1813 4980 1903 5020 ras
1930 4965 2232 5019 sententias
2262 4971 2316 5018 et
2347 4973 2522 5018 rectas
2552 4963 2836 5031 Opiniones
2863 4967 3002 5015 tueri
3029 4965 3347 5018 studeamus
3372 4984 3384 5020 :

1813 5064 1874 5110 ut
1903 5055 2137 5124 quisque
2167 5065 2416 5109 nostrum
2453 5053 2637 5108 ﬁdenti
2683 5055 2869 5106 animo
2932 5053 3096 5107 Deum
3144 5055 3388 5110 universi

1813 5161 1938 5201 cum
1963 5134 2169 5199 Davide
2200 5145 2464 5214 propheta
2514 5145 2824 5214 alloquatur
2851 5153 2904 5197 et
2924 5145 3111 5198 dicat-z
3148 5164 3165 5196 ι
3208 5146 3388 5200 Parti-

1813 5281 2089 5352 quaesierit
2123 5281 2177 5335 in
2211 5281 2487 5350 praesenti,
2518 5280 2570 5352 in
2601 5295 2708 5348 quo
2737 5293 2917 5352 omne,
2956 5277 3098 5352 quod
3129 5278 3386 5352 vivimus.

1814 5347 1975 5406 breve
2002 5362 2054 5404 et
2081 5347 2272 5405 umbra
2303 5361 2384 5404 est
2430 5361 2483 5404 et
2520 5347 2699 5417 imago
2730 5366 2740 5399 :
2773 5347 2838 5399 In
2874 5349 3101 5417 imagine
3124 5349 3259 5400 enim
3295 5365 3389 5416 pe-

1814 5421 2080 5472 rambulat
2135 5422 2286 5472 homo
2318 5419 2434 5485 (Ps.
2464 5435 2690 5479 xxxvm,
2729 5418 2821 5486 7);
2859 5421 2948 5470 sed
2991 5419 3137 5486 quod
3198 5419 3266 5470 de
3304 5419 3385 5470 [ιι-

1810 5499 1951 5544 turo‘
1973 5491 2180 5550 timeat,
2215 5506 2280 5543 ne
2306 5490 2587 5560 longitudo
2611 5490 2735 5543 vitae
2781 5489 2974 5557 ipsius,
3007 5488 3100 5542 ubi
3148 5503 3272 5540 vera
3307 5498 3390 5541 est

1811 5562 1940 5614 vita.
1966 5560 2260 5613 brevietur.
2300 5579 2317 5610 ι

1882 5629 1994 5695 (25)
2035 5630 2190 5697 Apud
2240 5628 2384 5681 LXX
2440 5631 2653 5700 Leges...
2693 5631 2812 5683 Ὅτι
2864 5629 2971 5681 εἰσὶ
3021 5621 3243 5700 δίκάιοι,
3304 5627 3387 5700 ὅτι

1817 5693 2010 5774 φθάνει
2059 5693 2156 5774 ’ἐπ’
2213 5693 2757 5774 αὐτοὺςζξριγπιυ.
2815 5700 2940 5752 Ὅτι
3009 5698 3202 5774 φθάνει
3249 5696 3387 5767 πρὲις

1816 5768 2010 5830 αὐτοὺς
2043 5767 2118 5831 ὼς
2150 5769 2360 5840 ποίημα
2392 5772 2495 5823 τῶν
2529 5767 2773 5823 ἀδίκων..
