4070 6334
671 368 792 432 il3l

1788 368 2246 428 S.GREGURH
2293 367 2796 427 AtiiiliiEX'i‘lNI
2881 427 2884 430 Α

3787 371 3909 442 1132

665 502 998 554 mens,_qu:n
1048 485 1362 555 longissime
1425 485 1724 548 distabant,
1772 485 1825 536 in
1882 482 2229 553 prudentium

2336 482 2434 552 τὴν
2460 481 2619 546 δόξαν
2656 481 2751 534 τοῦ
2779 481 3225 553 προσηλωθέντος
3262 485 3320 536 ἐν
3356 484 3434 554 τῷ
3470 487 3753 557 σταυρικῷ
3777 491 3908 558 ξύλῳ

665 581 972 635 auditorum
1021 578 1305 632 utilitatem
1359 585 1522 645 atque
1551 575 1781 630 salutem
1819 572 2226 644 praenuntiavit.

665 675 750 728 Ait
785 671 1000 727 deinde:

2342 571 2576 640 Χριστοῦ
2605 572 2673 626 δι’
2703 573 2910 642 ἄφατον
2941 574 3090 626 ἔλεον
3111 575 3216 626 ικαὶ
3247 574 3348 646 τήν
3393 577 3778 649 ἀπολύτρωσιν
3821 583 3904 632 καὶ

2339 663 2436 734 τὴν
2493 665 2770 736 σωτηρίαν
2829 664 2925 717 τοῦ
2979 665 3170 732 γένους
3210 663 3322 719 τῶν
3368 667 3699 738 ἀνθρώπων.
3734 671 3904 734 Οὕτως

665 765 851 834 σαφῶς
900 764 1042 830 ἄγαν
1090 762 1159 814 τὰ
1206 760 1446 829 μυστικὰ
1491 760 1587 812 καὶ
1616 758 1900 830 παράδοξα
1964 756 2072 810 τῶν
2134 756 2480 826 πραγμάτων
2541 757 2569 809 6
2617 757 2779 823 σοφὸς
2826 754 3264 825 Ἐκκλησιαστὴς
3303 759 3428 820 ταῖς
3484 758 3774 828 algam“;
3793 762 3904 813 θη,

667 859 894 926 μασίαις
923 855 1294 920 ἐξεικονίζων,
1324 853 1609 925 πόρρωθεν
1635 852 1703 905 τά
1733 850 1993 922 μέλλοντα
2027 849 2502 920 προκατήγγειλεν
2563 851 2644 911 είς
2703 847 2979 917 ὠφέλειαν
3039 848 3136 901 καὶ
3185 850 3474 920 σωτηρίαν,
3512 850 3622 905 τῶν
3675 854 3907 915 συνετῶς

660 951 987 1004 ἀκουόντων.
1020 943 1153 1000 Εἶτά
1185 963 1346 1015 φησι·

2178 1027 2403 1100 gxxu.
2489 1079 2492 1082 .

736 1132 895 1186 Vens.
929 1131 981 1194 4,
1008 1130 1059 1184 5.
1091 1125 1190 1193 Qui
1227 1128 1462 1180 observat
1498 1133 1694 1188 ventos,
1732 1140 1832 1178 non
1879 1125 2141 1186 seminat;
2181 1133 2232 1176 et

659 1228 744 1296 qui
769 1223 955 1291 aspicit
989 1221 1169 1284 nubes,
1207 1234 1308 1271 non
1337 1226 1512 1271 metet.
1575 1215 1636 1270 In
1672 1217 1858 1284 quibus
1895 1231 1998 1267 non
2029 1225 2104 1268 est
2141 1231 2229 1266 co-

659 1329 929 1384 gnoseens,
957 1326 1073 1380 qua
1134 1310 1201 1362 sit
1236 1310 1320 1362 via
1373 1308 1616 1377 spiritus,
1655 1307 1792 1360 sicut
1844 1321 1964 1360 ossa
2010 1307 2062 1358 in
2085 1313 2232 1358 utero

661 1404 1009 1475 prrrguautis,
1040 1403 1114 1455 sic
1157 1417 1257 1454 non
1311 1415 1588 1470 cognosces
1625 1413 1783 1466 opera
1819 1396 1949 1462 Dei,
1985 1399 2073 1466 qui
2109 1395 2232 1465 fecit

659 1501 835 1551 omnia
868 1497 966 1563 (6).

733 1670 827 1726 llic
885 1656 1104 1739 quoque
1156 1680 1374 1720 rursum
1419 1665 1473 1717 in
1522 1662 1734 1732 vulgari,
1781 1661 2072 1718 verborum
2096 1675 2233 1716 sono

658 1763 923 1830 obvioque
947 1773 1109 1813 sensu
1147 1757 1408 1810 moralem
1437 1755 1746 1808 doctrinam
1787 1754 2045 1823 exprimit
2070 1759 2233 1820 atque

658 1853 898 1908 exhibet.
948 1845 1418 1914 Quemadmodum
1458 1844 1604 1900 enim
1624 1844 1723 1913 qui
1743 1853 1932 1898 ventos
1959 1841 2230 1906 observat,

659 1945 702 1998 si
726 1945 983 1998 adversos
1010 1937 1328 2008 dispexerit,
1366 1952 1545 1992 serere
1578 1952 1684 1991 non
1715 1937 1828 1990 vult
1856 1977 1870 2002 ,
1907 1934 1988 1990 vel
2019 1936 2063 1988 si
2091 1943 2229 1988 tem-

661 2034 937 2106 pestivitas
984 2040 1214 2101 urgeat;
1252 2037 1304 2083 et
1331 2030 1421 2097 qui
1453 2029 1623 2083 nubes
1667 2029 1929 2098 prospicit
1981 2027 2232 2081 assiduas

657 2141 710 2183 et
750 2129 901 2182 vario
932 2133 1080 2179 motu
1117 2123 1349 2178 invicem
1398 2123 1792 2185 discurrentes,
1846 2119 2028 2189 segnis
2061 2118 2232 2174 estad

663 2218 996 2283 metendum,
1050 2228 1173 2269 cum
1226 2211 1368 2267 haud
1413 2211 1550 2266 bene
1600 2212 1776 2275 norit,
1812 2224 1972 2280 quem
2001 2209 2234 2277 denique

659 2308 864 2361 exitum
908 2303 1031 2358 ειεὶί
1083 2311 1381 2370 tempestas
1438 2300 1509 2356 sit
1540 2299 1824 2355 habitura:
1870 2312 1996 2352 nam
2028 2297 2130 2352 hoc
2154 2298 2232 2352 si-

660 2397 980 2469 gniﬁcavit,
1027 2394 1117 2448 illa
1168 2392 1473 2462 adjiciens:
1543 2409 1561 2441 ι
1601 2391 1655 2475 l_n
1721 2389 1921 2459 quibus
1992 2403 2100 2443 non
2149 2398 2233 2444 est

2418 1115 2616 1184 γηρῶν
2671 1118 2953 1188 ἀνέμους,
3000 1120 3073 1174 οὐ
3129 1121 3362 1190 σπειςρει
3385 1138 3400 1151 ·
3433 1121 3532 1175 καί
3576 1123 3825 1188 βλέπων
3846 1129 3910 1180 ἐν

2339 1210 2468 1275 ταῖς
2525 1211 2831 1277 νεφέλαις,
2867 1213 2941 1265 οὐ
2996 1213 3238 1280 θερίσει.
3289 1213 3385 1265 Ἐν
3414 1208 3504 1278 οἷς
3528 1216 3640 1268 οὐκ
3668 1218 3800 1270 ἔστι
3831 1239 3910 1286 τι·

2337 1301 2589 1354 νὼσκων
2618 1301 2710 1364 τίς
2736 1302 2774 1369 ὴ
2813 1300 2954 1368 ὁδὸς
2986 1301 3095 1356 τοῦ
3137 1305 3479 1373 πνεύματος
3501 1307 3619 1372 ,ὡς
3659 1309 3811 1363 ὀστᾶ
3846 1311 3914 1360 ἐν

2340 1390 2553 1458 γαστρὶ
2623 1389 2735 1457 τῆς
2809 1394 3274 1461 κυοφορούσης,
3328 1395 3517 1461 οὕτως
3570 1398 3644 1451 οὐ
3712 1399 3913 1468 γνώσῃ

2339 1482 2411 1535 τὰ
2465 1481 2770 1550 ποιήματα
2824 1481 2931 1537 τοῦ
2979 1483 3158 1550 Θεοῦ,
3213 1485 3283 1550 ὃς
3338 1487 3587 1562 έξοίησε
3635 1491 3711 1543 τὰ
3766 1493 3920 1558 σύμ-

2338 1584 2557 1646 «una.

2411 1663 2520 1714 Καὶ
2553 1660 2647 1714 νῦν
2678 1661 2836 1724 αὖθις
2864 1663 2923 1716 ὲν
2952 1663 3031 1732 τῷ
3052 1664 3350 1736 γράμματι
3373 1668 3469 1720 καὶ
3514 1668 3592 1738 τῷ
3638 1672 3920 1742 πρηείἏο

2339 1750 2569 1820 νοήματι
2595 1749 2694 1820 τὴν
2735 1753 3008 1823 τροπικὴν
3061 1754 3356 1824 αἰνίττεται
3404 1759 3500 1811 καὶ
3538 1763 3918 1830 παρεμφαίνει

2338 1843 2707 1898 διδασκαλίαν.
2743 1845 2958 1915 Ὥσπερ
3001 1846 3111 1917 γὰρ
3139 1850 3168 1901 6
3197 1850 3296 1917 τὴν
3336 1851 3445 1912 τῶν
3482 1850 3703 1922 ἀνέμων
3738 1872 3921 1926 παραο

2337 1934 2573 2004 τήρησιν
2610 1935 2750 2006 ἔχων
2775 1975 2789 1998 ,
2845 1937 3231 2008 ἐναντιότητας
3259 1940 3510 2011 καθορῶν
3533 1981 3548 2006 ,
3575 1945 3638 1996 οὑ
3663 1943 3922 2013 βούλεται

2339 2020 2607 2095 σπείρειν,
2653 2027 2894 2095 καίτοιγε
2933 2028 3027 2082 τοῦ
3079 2029 3274 2100 καιροῦ
3319 2034 3748 2104 κατεπείγοντος
3773 2053 3792 2102 °_
3830 2039 3923 2089 καὶ

2339 2115 2437 2176 τὰς
2467 2117 2695 2183 νεφέλας
2726 2117 2782 2169 δὲ
2806 2119 3171 2186 προσϐλέπων
3205 2126 3452 2193 συνεχεῖς
3497 2126 3688 2192 οὔσας,
3715 2129 3813 2182 καὶ
3843 2147 3922 2181 xz—

2343 2205 2531 2274 νήσεις
2567 2204 3008 2276 ἁλλεπαλλήλους
3047 2213 3448 2282 πεποιημένας,
3473 2215 3798 2287 ἀπρόθυμος
3833 2220 3920 2284 γίι

2340 2310 2487 2347 νετειι
2521 2294 2615 2348 τοῦ
2647 2294 2903 2366 θερίζειν,
2955 2299 3197 2369 καίτοιγε
3249 2304 3324 2374 μὴ
3369 2303 3658 2372 γινώσκων
3706 2309 3920 2375 σαφῶς,

2341 2383 2498 2436 ποίαν
2523 2386 2552 2436 6
2587 2385 2725 2456 ἀνὴρ
2747 2385 2841 2440 τοῦ
2872 2387 3004 2440 ίδίου
3031 2391 3456 2460 καταστήματος
3495 2392 3607 2458 ἕξει
3630 2393 3732 2463 τὴν
3759 2395 3919 2447 ἐκεί-

658 2463 1017 2560 cognoscens,
1053 2498 1174 2554 quae
1205 2482 1273 2538 sit
1301 2483 1386 2536 via
1416 2467 1676 2551 spiritus;
1718 2499 1736 2532 ›
1766 2489 1928 2550 atque
1953 2479 2088 2532 adeo
2103 2478 2229 2532 talia

2335 2489 2449 2526 σιν·
2483 2475 2644 2529 τοῦτο
2677 2475 2786 2548 γὰρ
2816 2478 3094 2549 ἐσήμανεν
3138 2479 3332 2546 εἰπὼν,
3367 2499 3386 2533 ι
3438 2483 3528 2536 Ἐν
3574 2479 3658 2547 οἷς
3681 2485 3787 2537 οὐκ
3807 2486 3920 2538 ἐστι

660 2587 992 2650 spectantes,
1025 2583 1188 2644 atque
1213 2573 1434 2630 indiciis
1457 2580 1510 2626 et
1540 2571 1713 2641 signis
1745 2570 1902 2624 tidem
1947 2569 2230 2632 habentes,

659 2647 730 2726 ob
763 2647 930 2724 vanas
955 2677 1010 2722 et
1031 2668 1230 2722 stultas
1251 2664 1686 2726 observationes,
1715 2675 1891 2730 neque
1917 2676 2101 2716 serere
2140 2675 2232 2714 ne-

659 2778 764 2832 que
793 2769 993 2814 metere
1046 2765 1379 2828 potuerunt;
1418 2764 1472 2811 et
1514 2755 1614 2810 hoc
1637 2755 1778 2808 nacti
1818 2762 1966 2816 sunt,
2001 2762 2060 2806 ut
2091 2751 2234 2806 tame

659 2869 721 2907 ac
783 2851 872 2907 siti
925 2849 1415 2906 contabescerent:
1473 2860 1654 2916 neque
1706 2845 1850 2900 enim
1907 2845 2137 2900 sationis
2181 2853 2235 2899 et

660 2945 854 3001 messis
897 2943 1370 3013 tempestivitatem
1441 2941 1718 3011 negligere
1769 2938 2083 3000 debebant;
2139 2937 2232 2992 sed

631 3050 755 3104 spe
784 3044 946 3102 atque
992 3033 1097 3087 tide
1147 3032 1203 3086 in
1242 3031 1353 3086 Deo
1379 3031 1556 3100 posita
1605 3031 1850 3082 animum
1883 3027 2232 3092 continuare,

657 3137 821 3196 atque
843 3127 912 3179 ab
945 3137 1034 3190 eo,
1057 3122 1274 3191 rejectis
1320 3119 1825 3182 observationibus,
1872 3119 2101 3172 ﬁdenter
2134 3133 2229 3172 ex—

657 3219 872 3288 quirere
901 3213 1061 3285 263
1083 3222 1136 3268 et
1164 3212 1389 3268 seminis
1412 3225 1730 3266 successum
1767 3219 1821 3266 ct
1844 3210 2038 3264 messis
2071 3211 2232 3263 uber-

658 3302 1000 3369 tatem:Sic,
1055 3303 1256 3374 inquit,
1290 3317 1322 3355 ο
1378 3299 1646 3366 mortalis,
1683 3309 1738 3355 tu
1791 3314 2008 3370 quoque
2055 3298 2234 3354 insitis

657 3395 958 3467 prudentia:
987 3392 1240 3449 terminis
1279 3391 1472 3458 fultus,
1519 3400 1573 3446 et
1617 3391 1966 3445 rationalium
2002 3388 2232 3443 faculta-

659 3500 792 3553 tum,
852 3501 972 3557 quaa
1034 3485 1132 3540 tibi
1178 3499 1208 3540 a
1253 3482 1547 3539 Conditore
1581 3483 1896 3554 obtigerunt
1950 3481 2158 3552 judicio
2181 3490 2234 3536 et

657 3579 991 3649 cognitione,
1019 3592 1154 3648 quaa-
1186 3577 1380 3633 idonea
1419 3586 1545 3633 sunt
1599 3586 1652 3630 et
1688 3578 1841 3634 utilia
1868 3585 1918 3632 et
1947 3575 2230 3642 salutaria,

659 3682 916 3742 reputans
951 3682 1114 3739 atque
1140 3669 1409 3740 cogitans,
1454 3685 1552 3724 nec
1592 3669 1658 3724 de
1703 3669 1878 3723 ventis
1931 3669 2231 3739 quidquam

2334 2565 2639 2632 γινώσκων,
2672 2567 2758 2630 τίς
2786 2568 2820 2638 ἡ
2851 2569 2970 2632 ὁδὸς
2995 2569 3088 2622 τοῦ
3114 2571 3453 2642 πνεύματος.
3495 2592 3513 2624 ι
3550 2575 3613 2626 Οί
3641 2574 3701 2627 δὲ
3746 2575 3918 2627 ταῦτα

2336 2656 2805 2727 παρατηροῦντες,
2855 2659 2948 2712 καὶ
2984 2648 3232 2730 σημείοις
3283 2664 3376 2714 καὶ
3417 2663 3712 2733 συμϐόλοις
3747 2683 3919 2735 προς-

2335 2752 2568 2821 ἐχοντες,
2603 2751 2727 2804 οὔτε
2753 2752 3003 2824 σπείρειν
3023 2751 3148 2806 οὔτε
3182 2752 3422 2823 θερίζειν
3448 2742 3803 2826 ἠδυνήθησαν
3829 2758 3920 2811 δ;ὰ

2334 2843 2432 2912 τὴν
2463 2842 2701 2912 ματαίαν
2724 2842 2821 2896 καὶ
2846 2844 3162 2913 παράλογον
3203 2846 3588 2917 παρατήρησιν
3607 2863 3624 2878 ·
3652 2849 3750 2902 καὶ
3779 2851 3921 2902 κατά

2333 2935 2393 2987 τὸ
2421 2935 2714 2990 ἀκόλουθον
2741 2935 2884 3007 λιμῷ
2938 2937 3034 2989 καὶ⁷
3088 2936 3217 3007 δίψῃ
3273 2938 3461 3002 κακῶς
3511 2939 3917 3010 διεφθάρησαν.

2339 3027 2484 3082 Ἔδει
2536 3028 2643 3099 γὰρ
2677 3029 2878 3100 ἥκιστα
2923 3029 3182 3099 παριδεῖν
3235 3030 3329 3084 τὸν
3352 3031 3446 3084 τοῦ
3483 3016 3687 3104 σπόρου
3719 3035 3920 3104 καιρδν

2335 3121 2429 3173 καὶ
2455 3120 2550 3173 τοῦ
2582 3119 2796 3192 θέρους,
2843 3120 2938 3174 ἅτε
2967 3121 3031 3192 δὴ
3050 3123 3117 3191 τῇ
3154 3122 3293 3193 πρὸς
3331 3123 3465 3178 Θεὸν
3497 3123 3675 3179 ἑλπίδι
3702 3128 3799 3179 καὶ
3832 3127 3924 3178 πί-

2337 3229 2451 3265 στει
2487 3212 2981 3283 κεκραταιωμένην
3014 3213 3240 3283 ἔχοντας
3265 3214 3360 3286 τὴν
3383 3215 3635 3288 καρδίαν,
3655 3219 3753 3271 καὶ
3781 3221 3918 3288 παρ’

2335 3301 2500 3356 αὑτοῦ
2551 3302 2847 3374 ζητοῦντας
2899 3305 2957 3357 ἐν
3004 3305 3427 3386 ἁπαρατηρήτῳ
3468 3309 3798 3380 προαιρέσει
3831 3327 3928 3364 τεο

2334 3393 2692 3464 θαρρηκὸτως
2741 3392 2833 3446 τοῦ
2886 3394 3088 3464 σπόρου
3129 3389 3241 3463 τὴν
3278 3397 3650 3470 κατευόδωσιν
3689 3399 3784 3451 καὶ
3815 3400 3926 3470 τὴν

2333 3485 2425 3538 τοῦ
2455 3475 2647 3556 θέρους
2682 3485 2975 3550 ὲπίτευξιν.
3013 3485 3222 3550 Οὕτως,
3252 3487 3533 3559 ἄνθρωπε,
3570 3469 3666 3542 καλ⁵
3701 3491 3768 3543 σὺ
3800 3469 3926 3555 τοῖς

2333 3575 2600 3646 ὲμφύτοις
2630 3574 2732 3645 τῆς
2786 3578 3101 3646 φρονήσεως
3144 3577 3294 3645 ὅροις
3341 3577 3795 3648 ἐπερειδόμενος,
3827 3583 3928 3634 καὶ

2332 3668 2451 3729 ταῖς
2481 3666 2849 3737 διακριτικατς
2881 3667 3217 3737 ἐπιστήμαις
3249 3667 3359 3722 τῶν
3409 3670 3928 3741 ἀποκληρωθεισῶν

657 3777 748 3820 aut
779 3764 1016 3818 nubibus
1043 3763 1319 3825 laborans,
1351 3763 1560 3816 varium
1609 3761 1829 3816 virtutis
1889 3776 2076 3815 semen
2111 3775 2229 3829 per-

2338 3774 2416 3811 σοι
2444 3759 2730 3828 δυνάμεων
2757 3758 2992 3827 λογικῶν
3028 3761 3178 3829 παρὰ
3199 3759 3294 3812 τοῦ
3325 3763 3653 3831 ποιήσαντος
3681 3762 3754 3816 τὰ
3772 3753 3928 3818 ’κατ-

657 3867 820 3926 petuo
850 3870 1032 3911 serere
1072 3865 1294 3924 paratus
1323 3854 1430 3913 sis:
1467 3869 1564 3908 nec
1588 3854 1769 3908 minus
1799 3861 2025 3918 metere,
2049 3866 2230 3920 super-

656 3963 776 4003 naS‘
825 3944 1297 4002 remunerationes
1371 3944 1722 4013 divinamque
1794 3942 2228 4011 benevolentiam

659 4037 752 4092 tibi
816 4037 1140 4104 concilians,
1189 4035 1530 4090 misericordi
1571 4049 1766 4104 nempe
1821 4034 2148 4089 liberalitate
2177 4048 2230 4087 et

655 4129 1127 4202 obsecrationibus
1186 4127 1464 4196 largisqne
1530 4126 1825 4197 lacrymis,
1891 4134 2003 4180 tum
2064 4124 2230 4180 rectis

650 4221 871 4291 iudiciis
926 4229 980 4274 et
1029 4220 1187 4290 longa
1233 4218 1496 4288 patientia
1554 4217 1974 4286 patrocinioque
2034 4230 2228 4270 eorum

654 4313 770 4383 qui,
805 4319 1026 4380 propter
1052 4311 1479 4380 imbecillitatem
1508 4317 1672 4378 atque
1692 4308 1955 4378 inopiam,
1981 4307 2229 4362 subsidio

651 4413 704 4458 ct
740 4404 904 4457 tutela
932 4410 1092 4470 egent
1125 4403 1525 4472 potentiorum:
1565 4402 1747 4468 itaque
1789 4399 2025 4469 optimas
2061 4414 2230 4468 quas-

651 4509 758 4563 que
807 4495 1036 4548 virtutes
1092 4493 1186 4548 tibi
1245 4507 1521 4560 compara.
1562 4488 1753 4564 _llabes
1804 4491 1949 4544 enim
1985 4489 2069 4544 vel
2111 4490 2229 4545 sine

652 4583 993 4654 spiritalibus
1033 4584 1212 4638 ventis
1245 4599 1309 4636 ac
1352 4583 1610 4654 nubibus,
1655 4582 1874 4650 scriptis
1908 4581 2118 4635 scilicet
2146 4581 2225 4635 le-

650 4677 810 4747 gibus
859 4685 913 4730 et
940 4676 1181 4730 oraculis
1203 4684 1256 4728 et
1286 4676 1646 4740 documentis,
1687 4672 1989 4727 naturalem
2032 4681 2223 4740 poten-

652 4771 780 4822 tiam
837 4769 1056 4837 vimque
1118 4769 1185 4822 ad
1239 4769 1389 4822 utilia
1453 4784 1480 4820 a
1512 4768 1690 4822 noxiis
1741 4765 2119 4822 discernenda.
2163 4763 2225 4818 Et

650 4869 888 4930 oportet,
917 4859 1053 4913 nihil
1100 4869 1158 4913 ut
1201 4874 1391 4914 eorum
1429 4874 1550 4929 qua:
1599 4860 1742 4913 circa
1799 4869 1849 4913 te
1889 4858 2227 4928 sunt,negli-

648 4967 799 5021 gens,
830 4953 946 5006 sine
978 4951 1155 5008 fructu
1204 4967 1482 5020 nunquam
1534 4965 1799 5016 maneas;
1843 4950 1935 5005 sed
1973 4950 2226 5005 utbouus

651 5046 854 5112 palmes
887 5060 949 5097 ac
983 5043 1158 5109 ferax,
1197 5055 1362 5113 atque
1387 5052 1445 5096 ut
1477 5043 1692 5113 pinguis
1726 5053 1868 5098 terra
1907 5058 1971 5097 ac
1997 5041 2222 5112 frugife-

2334 3850 2541 3920 άλληλα
2600 3847 2693 3903 καὶ
2737 3850 3086 3922 συμφέροντα
3125 3850 3222 3904 καὶ
3247 3852 3489 3905 σωστικὰ
3530 3848 3927 3924 διανοούμενος

2332 3941 2428 3995 καὶ
2467 3941 2702 4012 φρονῶν,
2728 3941 2824 3994 καὶ
2853 3941 2959 3994 τῶν
2984 3942 3201 4012 ἀνέμων
3225 3944 3320 3996 καὶ
3348 3943 3458 3996 τῶν
3492 3944 3736 4013 νεφελῶν
3759 3948 3926 4017 ἄτερ,

2333 4033 2584 4102 σπείρειν
2610 4031 2695 4085 ἀεὶ
2747 4031 3130 4102 προθυμήθητι
3179 4032 3273 4086 τὸν
3300 4033 3544 4086 ποικίλον
3574 4033 3786 4103 σπόρον
3817 4037 3930 4105 τῆς

2331 4123 2532 4193 ἀρετῆς
2556 4141 2568 4153 ο
2607 4121 2866 4188 ὡσαύτως
2894 4122 2951 4176 δὲ
2982 4122 3075 4177 καὶ
3112 4122 3350 4195 θερίζειν
3368 4163 3386 4189 ,
3412 4124 3512 4195 τὴν
3537 4124 3927 4180 aulaea-61:0-

2330 4215 2492 4286 δοχὴν
2527 4216 2621 4268 καὶ
2657 4213 2807 4268 θείαν
2835 4206 3125 4283 εὐμένειαν
3160 4215 3545 4285 ἐφελκόμενος,
3587 4219 3646 4271 ὲν
3682 4218 3926 4289 ἐλεημο-

2333 4307 2520 4370 σύναις
2549 4305 2790 4375 δηλονότι
2813 4305 2906 4360 καὶ
2931 4308 3266 4377 προσευχαῖς
3290 4307 3386 4362 καὶ
3405 4307 3637 4378 δάκρυσι
3659 4310 3926 4379 δαψιλέσι

2331 4401 2424 4454 καὶ
2477 4400 2902 4470 δικαιοκρισίαις
2960 4400 3054 4454 καὶ
3090 4400 3498 4472 μακροθυμίαις
3543 4403 3637 4456 καὶ
3669 4421 3925 4474 προστα.

2333 4491 2474 4555 σίαις
2509 4493 2627 4554 ταῖς
2664 4491 2801 4560 πρὸς
2848 4491 2978 4554 τοὺς
3010 4490 3307 4556 ἀδυνάτους
3353 4494 3450 4546 καὶ
3494 4493 3789 4564 δεομένους
3819 4501 3929 4570 τῆς

2330 4581 2721 4650 ἀντιληπτικῆς
2749 4581 3121 4652 χειραγωγίας
3151 4581 3259 4635 τῶν
3290 4583 3644 4656 ὑπερτέρων
3683 4589 3783 4640 καὶ
3821 4607 3928 4642 πο.

2334 4673 2483 4742 ρίζου
2520 4670 2618 4733 τὰς
2672 4672 2972 4742 κρατίστας
3004 4671 3113 4726 τῶν
3161 4672 3394 4744 ἀρετῶν.
3422 4675 3612 4746 Ἔχεις
3666 4677 3785 4748 γὰρ
3823 4684 3927 4736 καὶ

2330 4761 2497 4831 χωρὶς
2528 4761 2636 4814 τῶν
2663 4762 2868 4833 νοητῶν
2911 4763 3130 4834 ἀνέμων
3162 4765 3258 4818 καὶ
3297 4767 3555 4836 νεφελῶν,
3593 4769 3767 4838 ήγουν
3807 4775 3926 4826 τῶν

2329 4852 2589 4923 γραπτῶν
2621 4853 2802 4924 νόμων
2834 4855 2928 4907 καὶ
2973 4853 3362 4927 θεσπισμάτων
3401 4860 3494 4912 καὶ
3537 4859 3924 4932 διδαγμάτων,

2331 4945 2565 5014 φυσικὰς
2595 4947 2860 5018 δυνάμεις
2906 4948 3002 5000 καὶ
3056 4948 3360 5020 διακρίσεις
3401 4948 3496 5004 τοῦ
3535 4955 3924 5024 συμφέροντος

2330 5037 2423 5090 καὶ
2449 5039 2542 5091 τοῦ
2573 5039 2921 5108 βλάπτοντος.
2963 5037 3184 5100 1(σῖὃεῖ
3208 5057 3268 5093 σε
3300 5041 3565 5113 μηδαμῶς
3603 5046 3928 5115 ἀμελοῦντα

650 5151 728 5198 ra,
758 5150 823 5187 ex
856 5134 969 5202 ipsa
1014 5133 1176 5188 domo
1217 5143 1304 5187 tua
1360 5141 1522 5202 atque
1551 5148 1579 5186 a
1613 5134 1898 5203 temetipso
1935 5133 2105 5186 multa
2137 5146 2223 5186 re-

2334 5129 2438 5183 τῶν
2472 5131 2758 5202 προσεχῶν
2784 5145 2844 5183 τε
2871 5133 2964 5214 και
3001 5139 3270 5211 otii/enus
3287 5133 3546 5204 ἄκαρπον
3587 5136 3884 5207 διαμένειν
3907 5158 3926 5172 ·

650 5226 865 5288 fundas,
925 5234 976 5278 et
1025 5239 1276 5280 racemos
1319 5224 1461 5279 teras
1520 5233 1764 5278 maturos
1797 5224 2058 5293 nullaque
2086 5223 2228 5276 alio-

653 5335 771 5369 rum
811 5330 976 5386 opera
1031 5315 1269 5386 indiges,
1300 5329 1358 5370 ut
1416 5315 1603 5383 justus
1647 5315 1885 5381 Abel,ut
1933 5313 2102 5381 Enos,
2169 5324 2226 5370 ut

652 5409 857 5471 l-lnoch,
915 5418 973 5460 ut
1012 5404 1146 5473 Noe,
1180 5417 1240 5461 ut
1295 5407 1486 5460 beatus
1543 5414 1596 5459 ct
1663 5406 1877 5476 patiens
1927 5403 2119 5470 Jobus,
2166 5415 2226 5460 ut

651 5509 873 5553 sanctus
901 5498 1195 5552 Abraham.
1222 5496 1337 5553 Nisi
1362 5497 1510 5553 enim
1552 5505 1747 5566 sponte
1780 5506 1946 5566 atque
1975 5511 2002 5550 a
2029 5505 2078 5550 te
2103 5497 2222 5565 ipso

651 5592 903 5648 incitatus
928 5591 994 5645 ad
1028 5602 1174 5646 recte
1200 5591 1361 5652 facta,
1403 5590 1637 5644 fructum
1673 5597 1722 5642 te
1774 5589 2020 5642 attulisse
2043 5596 2225 5642 osten-

722 5764 795 5834 (6)
825 5765 890 5818 At
925 5763 1061 5818 LXX
1108 5764 1322 5830 habent,
1382 5763 1574 5833 Τηρῶν
1630 5764 1918 5831 iustum...

2331 5219 2547 5282 ἀλλ’ὡς
2577 5220 2788 5288 ἀγαθὸν
2810 5209 2995 5293 κλῆμα
3023 5209 3116 5277 stat
3149 5222 3473 5293 πολυφόρον,
3519 5225 3613 5279 καὶ
3655 5225 3735 5296 γῆ
3777 5230 3928 5284 πίων

2331 5311 2426 5363 καὶ
2452 5310 2822 5382 καρποφόρος,
2855 5311 3068 5390 οίκοθεν
3109 5313 3205 5367 καὶ
3247 5311 3381 5385 παρ’
3411 5313 3592 5385 ἑαυτῷ
3637 5317 3926 5388 πολύχουν

2329 5401 2700 5472 εὑρίσκεσθαι,
2731 5403 2826 5457 καὶ
2849 5401 3079 5474 βότρυας
3129 5405 3430 5476 βαστάζειν
3455 5406 3781 5476 πεπείρους,
3819 5417 3922 5468 καὶ

2332 5494 2599 5564 μηδαμῶς
2627 5496 2726 5565 τῆς
2771 5497 2900 5566 παρ’
2930 5497 3134 5569 ἑτέρων
3180 5497 3504 5568 καλιεργίας
3537 5500 3921 5572 ἠξιωμένους,

2335 5583 2409 5644 ὡς
2437 5585 2462 5634 ὁ
2493 5584 2701 5647 δίκαιος
2735 5585 2926 5653 Ἀϐελ,
2962 5589 3038 5652 ὡς
3065 5590 3093 5642 6
3131 5586 3318 5652 Ἐνὼς,
3357 5587 3432 5653 ὡς
3478 5591 3508 5643 6
3541 5589 3753 5665 Ἑνὼχ,
3796 5594 3878 5658 ὡς
3906 5599 3928 5648 ἐ

1986 5778 2046 5813 σα
2105 5762 2313 5830 ποιήσει
2343 5762 2408 5812 τὰ
2443 5762 2756 5832 σύμπαντα.
