4070 6334
247 467 382 535 1137

1296 475 1382 538 IN
1423 476 2000 542 ECCLESIASTEN.
2045 463 2116 519 ἑ-
2165 486 2312 544 LIB.
2370 485 2442 542 Χ.

3370 485 3505 549 1138

143 583 158 588 ’
253 599 342 658 (ον
367 583 468 652 τῆς
491 582 694 654 ἀρετῆς
715 583 773 635 οὐ
803 583 1141 655 προσήκατο,
1164 583 1254 637 διὰ
1274 586 1334 639 τὸ
1356 589 1498 658 μετά
1525 605 1668 652 τινος
1701 589 1819 641 ἑπι-

1944 601 2130 648 actnm
2176 603 2279 660 est,
2312 610 2421 649 non
2456 593 2674 649 admisit
2703 611 2716 659 ;
2749 595 2963 665 quippe
3001 597 3088 652 cui
3132 613 3354 668 gramen
3411 604 3510 657 ad-

247 673 432 744 μιξίας
460 674 782 744 χορτώδους,
810 674 979 742 ἧγονν
1014 673 1296 742 ὲμπαθοῦς
1323 675 1620 741 διαθέσεως
1653 694 1821 731 κατα-

1930 684 2158 743 mistum
2191 695 2356 752 esset,
2404 683 2457 739 id
2489 693 2571 741 est
2601 685 2829 742 aﬂ‘cctus
2871 694 3034 758 atque
3078 689 3368 758 cupiditas,
3408 709 3509 750 nec

258 763 533 837 βληθῆναι,
571 768 663 819 καὶ
720 765 997 836 μηδαμῶς·
1036 767 1129 820 τοῦ
1179 767 1424 840 καθαροῦ
1475 771 1679 842 σπόρου
1723 772 1824 842 τὴν

1936 775 2064 828 vitio
2097 778 2245 831 omni
2297 778 2456 848 plane
2498 787 2708 834 careret
2747 796 2760 833 :
2808 779 2924 834 sive
2971 781 3099 850 quia
3132 782 3357 838 minime
3387 797 3508 839 tan.

254 859 512 917 ἂπάθειαν
546 859 688 928 ἔχειν
709 874 722 888 ·
771 859 939 927 ἧγουν
963 857 1039 922 ὡς
1069 859 1143 930 μὴ
1179 861 1248 913 δι’
1279 861 1416 916 αὐτὸ
1444 861 1504 915 τὸ
1534 863 1698 916 καλὸν
1739 880 1827 931 γι-

204 965 206 969 ·
246 949 474 1017 νόμενον
515 948 577 1002 τὸ
612 947 773 1002 καλὸν
806 949 1160 1020 θεασάμενος,
1188 949 1302 1003 ἀλλ’
1338 952 1734 1022 ἐπιφερόμενος
1771 969 1826 1006 τι

245 1039 343 1092 καὶ
377 1039 614 1102 ζιζάνιον
649 1038 996 1110 ἀνθρωπίνης
1029 1040 1323 1111 ἀρεσκείας¹
1370 1043 1402 1112 ἢ
1447 1042 1755 1108 κενοδοξίας
1791 1044 1830 1116 ἢ

246 1146 394 1192 τινος
420 1128 586 1198 ἄλλης
614 1126 887 1200 κοσμικῆς
916 1129 1241 1199 ὲμπαθείας.
1274 1131 1400 1201 Χρὴ
1437 1133 1635 1193 τοίνυν,
1668 1134 1829 1203 φησὶ,

249 1219 525 1289 μηδέποτε
575 1217 874 1288 λαμϐάνειν
928 1219 1139 1273 παῦλαν
1179 1221 1282 1290 τῆς
1329 1225 1678 1292 κατασπορᾶς
1725 1225 1832 1280 τῶν

247 1308 471 1375 ἀγαθῶν
513 1309 610 1362 καὶ
655 1309 960 1364 σπουδαίων
1013 1312 1311 1379 νοημάτων
1357 1313 1451 1366 καὶ
1501 1313 1676 1380 λόγων
1737 1317 1834 1370 καὶ

248 1396 522 1468 πράξεων,
549 1397 662 1451 ἀλλ’
697 1399 762 1450 ὲκ
793 1398 1044 1452 παιδόθεν
1073 1399 1167 1452 καὶ
1204 1398 1374 1472 μέχρι
1405 1403 1609 1472 γήρως.
1643 1403 1834 1460 Ταῦτα

246 1487 358 1555 γὰρ
417 1487 741 1557 σημαίνεται
799 1487 988 1557 σαφῶς
1046 1488 1134 1541 διὰ
1165 1490 1270 1558 τῆς
1307 1493 1530 1558 πρωτας
1583 1494 1680 1547 καὶ
1732 1495 1834 1566 τῆς

247 1575 538 1644 ἑσπέρας-⁸
578 1579 673 1631 καὶ
710 1579 1018 1649 προσευχάς
1067 1579 1163 1632 καὶ
1211 1580 1532 1650 δοξολογίας
1567 1586 1706 1655 πρὸς
1740 1587 1833 1641 τὸν

246 1668 342 1720 ἐπὶ
371 1670 586 1724 πάντων
629 1669 782 1734 Θεὸν,
816 1671 911 1724 καὶ
941 1669 1199 1741 νηστείας
1257 1673 1357 1738 τὰς
1390 1674 1535 1728 κατὰ
1577 1675 1830 1749 δύναμιν,

247 1757 345 1810 καὶ
369 1756 466 1828 τὴν
493 1759 771 1830 πραότητα
799 1760 891 1812 καὶ
915 1761 1014 1830 τὴν
1036 1761 1268 1833 ἀγάπην
1294 1763 1388 1816 καὶ
1412 1764 1510 1835 τὴν
1535 1765 1833 1841 ἐλεημοσύο

247 1866 346 1919 νην
371 1849 482 1919 ’τὴν
511 1851 648 1921 πρὸς
677 1853 801 1913 τοὺς
831 1852 1027 1914 ἐνδεεῖς
1067 1852 1161 1904 καὶ
1204 1855 1467 1923 οπτωχοὺς
1500 1857 1832 1927 ἐργάζεσθαι

223 1939 548 2020 Δκιριλοτίμως
580 1941 676 1993 καὶ.
701 1941 937 2010 δαψιλῶς
956 1959 968 1970 ·
1001 1943 1087 1996 ἵνα
1119 1942 1233 1996 κᾶν
1260 1944 1334 2014 μὴ
1359 1946 1428 1999 τά
1459 1949 1652 2016 πρῶτα
1679 1949 1833 2020 παρὰ
1863 1931 1906 1987 Β

229 2013 342 2083 χτοῦ
374 2033 600 2103 ποιητοῦ
627 2035 718 2086 κα)⁸
746 2033 1007 2086 δεσπότου
1042 2036 1436 2106 παρωδεχθῶσι
1467 2040 1562 2091 καὶ
1595 2055 1828 2109 στοιχειο

245 2122 406 2189 θῶσι,
445 2125 512 2177 τά
547 2125 681 2195 πρὸς
725 2126 981 2195 ἑσπέραν,
1019 2125 1189 2196 ἤγουν
1236 2127 1305 2181 τά
1343 2128 1470 2200 τέλη
1525 2131 1622 2199 τῆς
1661 2132 1829 2202 ζωῆς,

243 2215 345 2285 τὴν
377 2217 644 2285 ἀποδοχὴν
667 2216 848 2282 ἕξουσι
882 2218 975 2270 καὶ
1001 2217 1092 2270 τὸν
1125 2217 1356 2272 ἔπςαινον
1376 2237 1389 2251 ⁸
1419 2220 1453 2293 ἦ
1485 2223 1532 2275 εί
1564 2222 1638 2294 μὴ
1661 2223 1831 2278 ταῦτα

245 2308 488 2370 πάντως,
534 2310 738 2383 ἐκεῖνα.
789 2309 848 2361 Εἰ
888 2307 933 2360 δ’
973 2309 1268 2380 ἀμφότερα
1309 2313 1422 2373 τοῖς
1467 2313 1830 2388 παντεφόροις

243 2398 546 2468 ὀφθαλμοῖς
575 2400 670 2452 τοῦ
703 2400 909 2469 Κυρίου
937 2400 1045 2452 τῶν
1071 2400 1336 2470 γνὼσεων
1356 2403 1542 2468 ἕξουσι
1566 2405 1664 2474 τὴν
1698 2407 1835 2459 ἀπο-

241 2487 432 2557 δοχὴν,
456 2489 608 2542 ἔσται
633 2489 710 2558 τῷ
734 2489 1012 2559 σπείροντι
1039 2491 1248 2559 μᾶλλον
1270 2494 1330 2546 τὸ
1355 2493 1581 2561 ἀγαθὸν,
1605 2495 1830 2564 ἀγαθὸν,

243 2579 342 2630 καὶ
373 2579 636 2648 πολύχουν
668 2579 872 2650 θερίσει
908 2580 1094 2632 θεόθεν
1131 2585 1231 2653 τὴν
1261 2583 1520 2654 ἀμοιϐήν.
1551 2581 1685 2641 Εἶτά
1724 2603 1832 2657 φη..

246 2684 332 2720 σιν
363 2671 392 2722 ό
421 2669 583 2736 σοφὸς
629 2669 1108 2740 Ἑκκλησιαστήςο

1933 879 2098 934 quam
2129 866 2330 921 bonum
2356 868 2710 938 spectaveris,
2740 869 2886 938 quod
2916 883 3105 925 revera
3135 871 3339 927 bonum
3364 885 3503 938 erat.

1933 955 2028 1009 sed
2063 955 2229 1009 alicui
2284 957 2488 1026 aliquid
2546 958 3017 1026 superiuduxeris,
3051 968 3106 1015 et
3161 961 3354 1017 lolium
3403 965 3499 1018 hu-

1934 1060 2108 1100 manae
2142 1047 2412 1110 levitatis,
2433 1049 2683 1104 inanisve
2716 1049 2903 1120 gloria:
2927 1049 3116 1118 studii,
3147 1061 3240 1107 aut
3271 1053 3504 1124 alicujus

1935 1137 1998 1189 de
2029 1138 2242 1192 caeteris
2269 1136 2432 1205 hujus
2458 1138 2580 1192 vita:
2601 1139 3013 1208 cupiditatibus.
3053 1139 3241 1212 Itaque
3266 1155 3508 1214 oportet.

1934 1229 2128 1298 inquit,
2164 1245 2441 1299 nunquam
2478 1239 2539 1286 ut
2575 1246 2855 1287 cessemus
2889 1246 2922 1286 a
2951 1232 3217 1289 bonarum
3251 1223 3501 1291 honesta-

1935 1336 2167 1391 rumque
2187 1323 2605 1393 cogitationum,
2627 1331 2683 1379 et
2711 1337 3053 1391 sermonum,
3075 1333 3130 1380 et
3155 1340 3382 1395 operum
3414 1343 3498 1382 sa-

1934 1412 2254 1478 tione,_cum
2282 1413 2350 1466 ab
2376 1413 2490 1483 ipsa
2522 1414 2775 1483 pueritia,
2811 1423 2926 1470 tum
2960 1430 3135 1486 usque
3169 1417 3235 1471 ad
3259 1418 3502 1483 senium,

1936 1505 2050 1561 haec
2083 1505 2230 1559 enim
2269 1504 2556 1560 manifesto
2597 1505 2907 1561 indicantur
2937 1521 3036 1576 per
3089 1507 3417 1563 Hatutinum
3450 1518 3506 1562 et

1946 1594 2225 1664 Vesperum
2250 1610 2268 1647 :
2296 1603 2462 1664 utque
2504 1610 2604 1652 nos
2634 1596 2688 1650 in
2730 1595 3202 1653 obsecrationibus
3249 1611 3506 1653 exerceas

1935 1701 2058 1742 mus
2080 1702 2144 1741 ac
2175 1687 2373 1742 summi
2400 1685 2490 1740 Dei
2522 1687 2795 1748 laudibus.
2820 1696 2874 1743 et
2899 1687 2954 1743 in
2973 1687 3216 1759 jejuniis,
3239 1698 3504 1759 quantum

1935 1777 2079 1832 vires
2114 1778 2316 1843 ferunt,
2344 1787 2397 1832 et
2425 1777 2480 1831 in
2512 1779 2930 1834 mansuetudine
2953 1788 3007 1834 et
3031 1793 3222 1836 amore
3246 1791 3299 1835 et
3345 1781 3506 1835 mise-

1935 1869 2169 1924 ricordia
2201 1883 2329 1940 erga
2357 1883 2558 1939 egenos
2599 1879 2653 1923 et
2688 1885 2954 1941 pauperes
3003 1869 3248 1926 studiose
3281 1871 3506 1926 omnino

1933 1975 1998 2015 ac
2035 1959 2266 2030 benigne
2307 1977 2320 2013 :
2361 1974 2493 2029 quo,
2529 1959 2576 2016 si
2607 1960 2790 2016 minus
2833 1961 3045 2016 auctori
3088 1969 3279 2016 nostro
3313 1972 3367 2016 et
3409 1962 3504 2016 do-

1934 2051 2080 2106 mino
2109 2059 2259 2121 grata
2299 2057 2460 2120 atque
2484 2059 2700 2120 accepta
2741 2049 2962 2117 fuerint,
3001 2067 3124 2122 quae
3146 2053 3342 2123 ‘prima
3375 2054 3504 2109 icci-

1932 2157 2076 2208 mus,
2122 2157 2186 2196 ea
2237 2141 2520 2212 praemium
2572 2158 2637 2198 ac
2680 2142 2896 2198 laudem
2942 2144 3199 2222 habeant,
3245 2161 3366 2213 qua:
3401 2145 3505 2200 sub

1931 2250 2215 2305 vesperum
2250 2235 2364 2291 sive
2392 2235 2651 2291 extremis
2693 2237 2816 2290 vitm
2837 2237 3032 2292 diebus
3063 2235 3391 2294 fecerimus:
3419 2240 3504 2294 vel

1931 2326 1978 2381 si
2013 2342 2120 2381 non
2156 2316 2270 2381 hac
2300 2325 2547 2406 omnino,
2591 2326 2782 2382 saltem
2837 2326 2949 2382 illa.
2980 2326 3139 2394 Quod
3186 2330 3234 2383 si
3271 2340 3504 2399 utraque

1931 2417 2130 2472 divinis
2157 2417 2333 2473 oculis
2367 2417 2551 2473 omnia
2582 2413 2942 2475 lnstrautibus
2967 2427 3022 2475 et
3050 2421 3504 2491 cognoscentibus

1931 2517 2150 2578 accepta
2183 2517 2365 2576 erunt,
2404 2510 2540 2565 bene
2569 2509 2646 2564 illi
2682 2511 2806 2576 erit,
2846 2512 2938 2579 qui
2971 2511 3093 2582 plus
3128 2512 3501 2577 seminaverit,

1935 2609 1989 2654 et
2017 2616 2047 2654 a
2077 2599 2188 2655 Deo
2216 2599 2426 2658 fructus
2452 2609 2617 2658 metet
2637 2597 2934 2658 σικύου-οε.
2957 2602 3048 2657 Ait
3071 2601 3267 2658 deinde
3287 2603 3506 2672 sapiens

1937 2688 2289 2746 Ecclesiastes
2321 2708 2336 2744 :

1818 2799 1844 2870 ς
1872 2786 1933 2857 ιι.

317 2889 433 2944 Καὶ
460 2889 654 2959 γλυκὺ
685 2888 750 2943 τὸ
774 2889 919 2958 φῶς,
957 2879 1068 2945 xui
1095 2892 1322 2963 ἀγαθὸν
1349 2892 1475 2958 τοῖς
1502 2892 1834 2962 ὀφθαλμοῖς

246 2981 316 3034 τὸ
350 2980 608 3044 βλέπειν
629 2979 752 3034 σὺν
775 2979 879 3032 τὸν
904 2979 1093 3046 ἣλιον
1111 2999 1123 3012 ’
1153 2982 1244 3036 ὅτι
1270 2983 1367 3036 καί
1386 2982 1493 3037 ἐὰν
1512 2983 1615 3051 ἔτη
1633 2983 1856 3062 πολλὰ.

247 3068 488 3134 ζήσεται
516 3069 843 3137 ἄνθρωπος,
875 3069 949 3120 ἐν·
986 3070 1175 3126 πᾶσιν
1201 3070 1408 3136 αὐτοῖς
1427 3069 1836 3139 εὐφρανθήσε-

247 3175 369 3222 ται,
417 3158 514 3212 καὶ
547 3158 978 3233 μνησθήσεται
1009 3161 1123 3227 τὰς,
1151 3160 1374 3230 ἡμέρας
1413 3159 1518 3214 τοῦ
1554 3163 1833 3226 σκότους,

247 3251 340 3304 ὅτι
367 3251 591 3305 πολλαὶ
621 3251 894 3305 ἔσονται.

336 3342 671 3404 ’Λκολοὺθως
700 3342 884 3411 ἔχεται
929 3344 1036 3398 τῶν
1069 3344 1338 3415 αἰσθητῶν
1368 3344 1613 3410 εἰκόνων,
1653 3344 1835 3397 ἴναδι*

249 3435 458 3496 αὑτῶν,
487 3434 559 3496 ὡς
589 3433 657 3485 δι’
687 3427 978 3505 ἐσόπτρων
1010 3436 1121 3496 τῶν
1162 3435 1490 3506 ἁρχετύπων
1525 3437 1620 3490 καὶ
1653 3454 1838 3508 κρειτ-

250 3525 429 3576 τόνων
457 3523 802 3590 άσυγκρίτως
836 3524 1148 3594 τεαραδείξῃ
1172 3527 1233 3577 τὸ
1253 3525 1466 3588 κάλλος.
1501 3526 1684 3579 Γλυκίί
1703 3528 1833 3597 γὰρ,

253 3613 415 3682 φησι,
458 3607 618 3663 τοῦτο
647 3612 710 3663 τὸ
747 3610 870 3678 φῶις
907 3613 1002 3664 κα)⁵
1030 3613 1150 3666 λίαν
1185 3613 1389 3681 ἀγαθὸν
1418 3614 1478 3666 τὸ
1501 3614 1716 3684 δέρκειν
1746 3615 1838 3668 τὸν

249 3695 520 3769 αἰσθητὸν
547 3701 698 3770 ἥλιον
723 3703 851 3766 ταῖς
882 3703 1038 3771 ὄψεσι
1075 3704 1183 3755 τῶν
1208 3688 1483 3774 αἰσθητῶν
1519 3703 1836 3775 ὀφθαλμῶν.

254 3792 434 3846 Τοῦτο
459 3793 517 3847 δὲ
551 3793 786 3860 φάσκειν
823 3794 918 3846 καὶ
955 3793 1230 3847 διδάσκειν
1275 3795 1546 3866 παρέλκον
1586 3797 1705 3849 ἐστὶ
1744 3796 1840 3849 καὶ

255 3884 539 3954 περιττὸν,
575 3886 623 3936 εί
651 3885 726 3952 μὴ
763 3885 901 3956 πρὸς
925 3886 1052 3940 ἄλλο
1101 3903 1151 3939 τι
1178 3888 1428 3955 κρεῖττον
1461 3887 1573 3956 φῶς
1601 3885 1839 3940 διποῦλέ-

255 3994 378 4040 πει,
409 3976 503 4027 καὶ
528 3974 664 4045 πρὸς
693 3973 792 4028 τίαν
815 3977 1005 4047 νοητὸν
1032 3979 1132 4046 τῆς
1161 3968 1514 4047 δικαιοσύνης
1540 3977 1694 4048 ἥλιον
1718 3977 1842 4048 βού-

255 4068 413 4122 λεται
445 4068 570 4130 τοὺς
599 4068 882 4137 ἀκροατὰς
908 4068 1324 4138 παραπέμπειν.
1358 4070 1534 4122 Ἰσασι
1566 4068 1675 4140 γάρ
1701 4069 1840 4123 πάν-

255 4177 352 4222 τες
384 4158 660 4229 ἄνθρωποι
683 4198 703 4224 ,
747 4159 844 4213 καὶ
883 4160 1054 4230 χωρὶς
1103 4159 1196 4213 τοῦ
1235 4159 1698 4231 Ἐκκλησιαστοῦ,
1745 4161 1845 4214 καὶ

254 4252 439 4320 γλυκὺ
469 4251 628 4304 τοῦτο
681 4253 744 4306 τὸ
770 4253 887 4320 φῶς
926 4251 1216 4323 ὑπάρχειν,
1264 4253 1357 4305 καὶ
1390 4251 1451 4304 τὸ
1493 4251 1713 4322 βλέπειν
1752 4254 1843 4326 τὸν

2009 2889 2172 2956 Vsus.
2213 2899 2267 2951 7.
2308 2896 2377 2952 Et
2406 2897 2558 2952 dulce
2596 2887 2784 2953 lumen
2810 2912 2859 2954 et
2897 2901 3090 2954 bonum
3129 2901 3296 2953 oculis
3336 2901 3507 2956 videre

1932 2986 2097 3040 solent
2128 3003 2146 3040 :
2171 2988 2422 3056 quia‘etsi
2469 2993 2624 3044 annis
2661 2989 2845 3044 multis
2882 2989 3066 3044 uixerit
3098 2990 3276 3052 homo,
3313 2991 3365 3043 in
3395 3008 3508 3045 om-

1934 3078 2086 3131 nibus
2120 3078 2200 3132 In's
2231 3079 2518 3144 (inlabitur,
2545 3089 2595 3134 et
2629 3080 2992 3136 recordabitur
3020 3081 3223 3137 dierum
3268 3083 3508 3137 tenebra-

1935 3186 2070 3233 rum,
2101 3172 2189 3240 qui
2217 3170 2372 3224 multi
2403 3181 2552 3225 erunt
2582 3160 2717 3243 (li).

2010 3342 2266 3400 Protinus
2304 3344 2589 3400 scnsihilcs
2617 3346 2880 3416 Imagines
2905 3345 3269 3416 persequitur,
3313 3355 3371 3400 ut
3402 3346 3508 3399 illis

1942 3447 2198 3506 tauquam
2225 3436 2461 3506 speculis
2485 3437 2945 3507 pulchritudinem
2978 3437 3140 3509 267
3161 3447 3511 3508 repraesentet

1939 3543 2128 3582 carum
2161 3543 2342 3580 rerum
2383 3544 2505 3598 quae
2538 3528 2818 3598 przeciputr
2844 3535 2993 3590 sunt,
3020 3537 3076 3583 et
3106 3535 3262 3583 extra
3289 3543 3507 3583 onmem

1940 3619 2397 3686 comparationem
2455 3619 2712 3687 potiores.
2768 3618 2933 3674 Dulce
2975 3619 3142 3682 enim,
3185 3619 3380 3690 inquit,
3427 3630 3512 3674 est

1945 3709 2046 3764 hoc
2072 3707 2279 3774 lumen,
2311 3719 2366 3764 et
2394 3709 2546 3765 valde
2577 3711 2777 3765 bonum
2809 3711 2926 3766 acie
2975 3711 3256 3766 oculorum
3295 3719 3509 3766 nostro-

1943 3816 2062 3854 rum
2093 3800 2262 3855 solem
2314 3801 2458 3858 hunc
2487 3803 2870 3870 aspectabilem
2919 3803 3137 3859 intueri.
3174 3801 3299 3858 Hac
3327 3813 3506 3858 autem

1943 3889 2184 3961 proferre
2209 3907 2273 3947 ac
2297 3892 2491 3948 docere
2518 3907 2980 3963 supervacaneum
3003 3903 3086 3949 est
3112 3903 3273 3965 atque
3299 3896 3508 3957 inutile,

1944 3984 2049 4038 nisi
2079 3983 2260 4037 lumen
2291 3983 2436 4038 aliud
2467 3985 2811 4052 praestantius
2849 3984 3123 4055 respiciat,
3143 3992 3204 4045 ~et
3233 3984 3511 4040 auditores

1944 4075 2010 4131 ad
2041 4074 2337 4145 spiritalem
2355 4074 2582 4144 justititc
2607 4075 2776 4130 solem
2806 4077 3089 4130 traducere
3113 4075 3261 4130 velit.
3287 4073 3424 4129 Nam
3458 4082 3512 4130 ct

1943 4165 2063 4222 sine
2088 4165 2419 4220 Ecclesiaste
2451 4179 2644 4221 omnes
2672 4164 2920 4220 homines
2954 4173 3174 4228 norunt,
3201 4163 3360 4218 dulce
3387 4180 3512 4219 esse

1945 4257 2048 4311 hoc
2076 4256 2278 4332 lumen,
2310 4265 2364 4312 et
2395 4257 2567 4312 sulem
2601 4256 2785 4311 videre
2815 4256 3042 4310 bonum.
3070 4253 3200 4308 Inde
3227 4255 3372 4309 enim
3402 4255 3510 4309 vita

255 4347 442 4418 ἥλιον,
471 4345 700 4414 ἀγαθόν.
745 4345 1027 4399 Ἐντεῦθεν
1053 4347 1161 4416 γὰρ
1188 4347 1220 4416 ἡ
1247 4346 1361 4416 ζωὴ
1392 4345 1500 4399 τῶν
1539 4346 1836 4418 ἀνθρώπων

1946 4347 2228 4403 hominum
2295 4346 2740 4402 constitutionem
2796 4345 2976 4411 habet,
3025 4353 3080 4400 et
3131 4345 3314 4398 omnia
3365 4339 3512 4397 illius

256 4441 378 4509 ἔχει
405 4437 504 4508 τὴν
532 4437 818 4501 σύστασιν,
840 4437 932 4491 καὶ
962 4434 1032 4490 τὰ
1054 4435 1146 4490 τοῦ
1181 4437 1298 4507 βίου
1323 4435 1618 4490 διιθύνεται
1643 4437 1836 4503 πάντα1

1945 4440 2130 4496 munia
2159 4439 2489 4515 diriguntur,
2517 4452 2808 4508 rerumque
2839 4447 3048 4492 natura:
3083 4436 3374 4490 discrimen
3421 4451 3514 4490 ca-

260 4531 360 4583 καὶ
406 4528 515 4581 τῶν
561 4530 906 4598 πραγμάτων
936 4529 993 4582 αί
1034 4527 1225 4597 φύσεις
1246 4527 1350 4597 ’τὴν
1382 4527 1670 4599 διαστολὴν
1706 4529 1836 4597 λαμ-

1945 4533 2102 4603 piunt
2127 4540 2184 4586 et
2209 4540 2452 4586 mutuam
2479 4529 2901 4586 distinctionem.
2932 4527 3076 4582 Luce
3102 4527 3245 4581 enim
3278 4526 3510 4589 sublata,

260 4620 494 4673 δάνουσι
525 4617 625 4672 καὶ
657 4619 932 4689 διάκρισιν
957 4618 1051 4672 ἀπ’
1078 4617 1343 4688 ἀλλήλων.
1370 4618 1552 4688 Φωτδς
1589 4619 1698 4688 γὰρ
1736 4619 1836 4672 ἀπ-

1945 4624 2067 4679 sine
2097 4623 2278 4693 specie
2312 4621 2546 4677 mundus
2583 4629 2751 4685 esset,
2779 4621 2998 4690 vitaque
3027 4620 3147 4674 sine
3174 4618 3307 4673 vita.
3333 4618 3515 4684 Quare

259 4714 444 4773 όντος,
488 4709 732 4779 ἄκοσμος
753 4704 822 4780 ἦν
854 4710 882 4761 ὁ
911 4710 1148 4780 κόσμος,
1179 4711 1274 4763 καὶ
1299 4709 1454 4773 άὸιος
1498 4711 1527 4762 ό
1573 4709 1720 4780 βίοςο
1750 4711 1836 4764 καὶ

1945 4715 2034 4769 ille
2071 4714 2183 4770 IDei
2237 4712 2634 4782 contemplator
2683 4711 2896 4782 Moyses
2947 4719 3276 4781 praeverteus
3319 4709 3458 4764 dixit
3496 4728 3509 4763 :

259 4802 355 4856 διὰ
405 4798 563 4852 τοῦτο
616 4800 937 4870 προφθάσας
988 4801 1017 4852 ό
1064 4799 1300 4869 θεόπτης
1353 4798 1596 4868 Μωῦσῆς
1651 4798 1836 4868 ἔςοησε⁴

1950 4825 1968 4857 ι
2010 4806 2075 4861 Et
2101 4805 2238 4860 vidit
2261 4803 2403 4860 Deus
2431 4805 2629 4870 lucem,
2669 4813 2723 4858 et
2747 4804 2846 4868 ait,
2881 4803 3010 4872 quia
3040 4802 3242 4856 bonum
3281 4799 3471 4868 (l2)...

269 4913 289 4944 ι
327 4890 446 4944 Καὶ
472 4889 583 4942 ῐδεν
620 4893 648 4943 ό
675 4891 807 4953 Θεὸς
834 4890 893 4945 τὸ
918 4890 1054 4959 φῶς,
1083 4891 1177 4944 καὶ
1206 4885 1386 4956 εἶπεν,
1418 4880 1501 4944 ὃτι
1525 4887 1712 4946 καλόν.
1753 4909 1772 4944 ι
2543 4889 2546 4892 ’
3076 4891 3082 4897 ’

342 4984 469 5038 Ἵνα
488 4981 668 5035 τοίνυν
701 4985 775 5052 μὴ
810 4982 1156 5051 παρέλκοντα
1195 4984 1291 5036 καὶ
1332 4983 1567 5054 περιττὰ
1609 4984 1705 5038 καὶ
1741 4984 1836 5053 μά-

2015 4980 2093 5042 Ne
2159 4979 2324 5049 igitur
2381 4977 2680 5048 sapientem
2735 4975 3120 5031 Eeelesiastem
3180 4980 3513 5045 supervacue

264 5092 404 5130 ταια
450 5072 629 5140 λέγειν
671 5091 756 5137 τις
798 5074 1010 5144 οἰηθείη
1051 5075 1142 5128 τὸν
1179 5075 1343 5143 σοφὸν
1389 5075 1836 5147 Ἐκκλησιαστὴν1

1946 5073 2069 5143 quis
2097 5081 2150 5126 et
2183 5070 2416 5125 inaniter
2440 5069 2735 5136 leviterque
2765 5069 3004 5122 locutum
3033 5068 3346 5132 arbitretur,
3388 5085 3509 5137 pcr-

266 5169 349 5231 ὼς
380 5165 447 5220 τὸ
474 5167 640 5218 πᾶσιν
671 5164 1061 5235 ἀριδηλότατον
1095 5168 1192 5220 καὶ
1224 5166 1623 5236 διεγνωσμένον
1652 5184 1836 5238 πειραε

1948 5164 2071 5219 inde
2101 5163 2280 5232 quasi,
2318 5161 2461 5231 quod
2509 5161 2764 5215 omnibus
2811 5158 3316 5214 manifestissimum
3349 5170 3514 5228 atque

268 5261 444 5314 θέντα
467 5258 772 5312 διδάσκειν·
807 5261 946 5312 νοεῖν
971 5259 1116 5327 ἡμᾶς
1161 5259 1222 5326 ἐξ
1263 5259 1511 5329 ἀνάγκης
1550 5263 1836 5331 προσῆκεν1

1947 5255 2225 5326 cognitum
2258 5261 2362 5319 est,
2393 5253 2588 5307 docere
2621 5251 2988 5316 contenderit;
3024 5250 3262 5320 cOgitare
3292 5267 3390 5305 nos
3418 5267 3513 5304 nc-

269 5353 351 5416 ὡς
383 5351 476 5404 διά
499 5351 598 5419 τῆς
627 5350 924 5419 ὀνομασίας
955 5349 1050 5403 τοῦ
1096 5351 1357 5420 αἰσθητοῦ
1389 5352 1566 5420 φωτὸς
1613 5353 1673 5406 τὸ
1708 5352 1836 5422 μέγα

1950 5347 2187 5403 cessario
2217 5345 2492 5410 convenit,
2543 5344 2695 5397 illum
2736 5343 3121 5411 prophetarum
3173 5358 3346 5403 more.
3389 5358 3512 5395 rum

270 5445 374 5499 καὶ
405 5439 684 5510 ἀληθινὸν
711 5440 806 5493 καὶ
848 5439 1042 5496 άῖδιον¹
1075 5427 1280 5507 φῶς(
1320 5442 1385 5493 '0
1410 5439 1633 5508 φωτίζει
1673 5442 1836 5495 πάντα

1955 5435 2209 5492 sensibile
2262 5437 2445 5492 lumen
2495 5433 2830 5498 nominavit,
2882 5431 2954 5486 ob
3008 5435 3195 5488 oculos
3257 5433 3516 5488 habuiss».

270 5534 570 5603 ἄνθρωπον
594 5531 674 5595 εἰς
697 5529 788 5582 τὸν
809 5530 1014 5600 κόσμον
1045 5531 1360 5601 ἐρχόμενον,
1389 5550 1407 5584 ι
1445 5531 1689 5600 δηλονότι
1715 5535 1836 5600 Χρι-

1957 5546 2211 5601 magnum
2239 5540 2293 5584 et
2315 5545 2501 5583 verum
2532 5539 2899 5598 teter-numque
2924 5528 3129 5592 lumen,
3155 5529 3298 5597 quod
3335 5546 3352 5578 ι
3388 5528 3511 5581 illu-

273 5626 407 5680 στὺν
441 5622 532 5676 τὸν
563 5623 789 5694 Σωτῆρα
816 5609 910 5675 τοῦ
940 5621 1146 5693 κόσμου
1177 5620 1272 5675 καὶ
1294 5621 1612 5692 Λυτρωτὴν,
1631 5640 1836 5695 προφη.

1955 5625 2126 5685 miuat
2151 5638 2365 5677 omnem
2411 5621 2682 5676 hominem
2732 5622 3034 5677 venientem
3087 5621 3139 5673 in
3180 5621 3319 5674 hunc
3356 5636 3513 5672 nnm-
3563 5689 3566 5692 η

339 5799 468 5867 (Η,
499 5794 712 5868 Olytnp.
759 5800 853 5868 xu".
890 5800 1259 5867 μνησθήσεται
1296 5801 1362 5852 τά
1410 5800 1545 5868 ἔργα
1592 5800 1683 5851 τοῦ
1739 5803 2050 5864 σκότους..,,

354 5866 471 5941 (ιῖ)
512 5866 616 5923 seu
650 5866 788 5936 apud
817 5867 957 5922 LXX
987 5866 1317 5924 desideratur
1349 5866 1634 5922 καὶεῖπεν.
