4070 6334
638 404 768 471 1143

1730 425 1787 480 S.
1831 423 2209 486 GREGORII
2276 433 2783 497 AGRIGENTINI
2831 467 2835 470 ·

3765 439 3896 501 ll“

632 535 644 574 ι
673 540 758 576 am
790 539 852 578 ac
893 525 1120 592 rabiem,
1145 543 1253 581 uno
1297 529 1552 600 brevique
1583 532 1727 587 dicto
1768 551 1983 591 onmem
2018 555 2205 595 eorum

2315 544 2523 598 σθά).ων
2567 549 2839 603 Ἰουδαίων
2860 551 3148 621 παροινίαν
3173 551 3268 605 καὶ
3286 551 3509 615 λύτταν,
3549 552 3611 604 δν
3642 551 3722 604 ἑνὶ
3755 551 3891 621 βρα-

630 617 1088 685 eottspirationem
1131 630 1185 674 et
1214 633 1497 676 cruentum
1542 628 1831 682 consiiium
1872 645 1935 684 ac
1967 630 2204 687 furorem

634 710 913 777 ipsamque
965 709 1164 765 Christi
1219 723 1448 783 mortem
1499 718 1810 788 designans.
1861 737 1985 790 qua:
2033 725 2205 778 moliti

631 810 756 854 sunt
786 812 971 856 contra
1014 804 1403 860 suavissimum
1437 805 1579 862 Solis
1605 810 1831 879 justitia:
1869 813 2074 880 lumen,
2110 817 2204 885 qui

634 893 1081 948 inhumanatione
1126 910 1224 948 sua
1271 896 1550 952 hominum
1594 917 1762 970 genus
1820 907 2071 959 servavit.
2114 907 2203 962 ld-

631 983 779 1038 circo
814 984 997 1053 utique
1036 985 1229 1054 adjecit
1258 989 1504 1056 protinus
1538 1008 1548 1041 :

2313 637 2526 708 χυλόγῳ
2551 639 2612 692 τὸ
2640 642 2746 694 πᾶν
2772 641 2872 711 τῆς
2905 643 3332 706 ἐπαναστάσεως
3367 643 3434 696 αὖ
3459 644 3550 694 ,ὧν
3589 644 3686 696 καὶ
3736 659 3886 712 μιαι-

2315 727 2475 793 φόνου
2512 729 2739 800 γνώμης
2773 733 2866 786 καὶ
2894 732 3093 804 λύττης
3117 734 3210 786 καὶ
3243 734 3672 804 Χριστοκτονίας
3696 751 3886 803 προαι-

2312 818 2642 887 νιττόμενος,
2677 821 2917 890 δηλονότι
2946 822 3084 876 κατά
3100 821 3194 876 τοῦ
3224 822 3564 890 γλυκυτάτου
3600 823 3774 892 φωτὸς
3794 821 3886 876 τοῦ

2313 911 2407 976 τῆς
2439 910 2789 984 δικαιοσύνης
2830 915 3015 969 Ἠλίου
3037 953 3052 979 ,
3077 915 3173 967 τοῦ
3201 915 3301 968 ιδιά
3339 915 3440 982 τῆς
3475 914 3608 977 ιδίας
3642 918 3886 983 ἐνσωμα-

2313 1000 2530 1063 τώσεως
2562 1002 2838 1067 σώσαντος
2862 1005 2970 1057 τῶν
3004 1004 3310 1075 ἀνθρώπων
3338 1004 3399 1057 τὸ
3443 1004 3621 1072 γένος.
3672 1005 3885 1075 Ἀμέλει

2313 1092 2492 1144 τοίνυν
2521 1095 2743 1163 ἀμέσως
2764 1097 3048 1166 ἐπήγαγεν
3072 1115 3087 1128 ο

2171 1202 2327 1272 ςιν.

705 1278 867 1336 Vens.
889 1283 941 1339 9.
965 1282 1168 1339 Laetare
1191 1303 1332 1357 ergo,
1363 1290 1683 1356 adolescens,
1711 1293 1774 1346 ab
1792 1293 2066 1361 juventute
2095 1306 2206 1361 tua,

632 1385 674 1424 ct
731 1374 919 1428 bonum
957 1377 1124 1445 faciat
1185 1390 1233 1433 te
1291 1395 1380 1434 cor
1414 1392 1560 1435 tuum
1615 1385 1668 1437 in
1713 1386 1796 1438 die
1842 1385 2210 1444 adolescentia:

633 1478 736 1518 tute
770 1467 898 1535 (18).

703 1553 984 1624 Tanquam
1015 1560 1060 1613 si
1099 1561 1200 1616 hoc
1228 1560 1429 1619 diceret
1462 1584 1474 1618 :
1504 1565 1578 1620 Illi
1619 1568 1858 1638 quidem,
1895 1569 2064 1627 Judaei
2099 1574 2210 1628 sci-

635 1650 778 1714 liret,
813 1666 952 1706 vana
991 1662 1154 1723 atque
1195 1655 1375 1710 inania
1412 1658 1850 1726 meditabuntnr,
1894 1665 2210 1723 allatrantes

631 1741 908 1796 Christum
943 1759 1006 1799 ac
1037 1744 1408 1811 Servatorem,
1441 1751 1741 1809 clamantes
1774 1773 1787 1809 :
1823 1776 1840 1806 ι
1862 1755 2034 1824 Tolle,
2063 1759 2210 1826 tolle,

2387 1305 2728 1372 Εὐφραίνου
2785 1305 2898 1363 οὖν
2925 1352 2937 1376 ,
2968 1310 3286 1374 νεανίσκε,
3324 1310 3398 1364 ἐκ
3425 1309 3705 1374 νεότητός
3743 1321 3882 1367 σου,

2315 1395 2413 1446 καὶ
2465 1396 2813 1466 timavi-cito)
2843 1415 2915 1453 σε
2951 1402 2987 1470 ἠ
3024 1400 3240 1471 καρδία
3281 1417 3402 1456 σου
3451 1400 3523 1454 ἐν
3543 1399 3731 1469 ἡμέρᾳ
3759 1396 3886 1451 νεό-

2315 1488 2490 1552 τητός
2519 1501 2655 1542 σου.

2391 1577 2690 1650 Μονονουχὶ
2703 1580 2812 1652 γάρ
2827 1598 3009 1651 φησιν·
3034 1581 3264 1637 Ἐκεῖνοι
3287 1582 3384 1652 μὲν
3397 1577 3508 1644 οὖν,
3524 1583 3691 1652 ἡγουν
3701 1580 3751 1633 οἱ
3763 1580 3888 1631 ’ἰου-

2312 1668 2473 1733 δαίοι,
2508 1672 2640 1724 κενά
2669 1673 2764 1725 καὶ
2786 1674 2993 1741 μάταια
3016 1673 3376 1744 μελετήσουσι
3419 1671 3888 1733 καθυλακτοῦντες

2310 1758 2405 1812 τοῦ
2434 1760 2670 1829 Χριστοῦ
2690 1762 2784 1814 καὶ
2829 1763 3104 1835 Σωτῆρος,
3130 1765 3453 1834 φάσκοντες,
3481 1781 3499 1814 ι
3530 1759 3719 1832 Ἆρον,
3756 1757 3889 1830 ἆρον

632 1835 890 1906 crueiﬁge
930 1851 1053 1890 eum
1084 1835 1172 1902 "';
1202 1856 1221 1890 ι
1253 1847 1309 1893 ιιι
1340 1855 1490 1908 vero,
1517 1843 1856 1908 adolescens,
1900 1850 1994 1918 qui
2041 1865 2208 1919 nuper

2315 1850 2628 1923 σταύρωσον
2650 1853 2832 1908 αὐτόν.
2847 1877 2863 1906 ι
2887 1856 2958 1908 Σὺ
2979 1856 3056 1920 δὲ,
3077 1857 3348 1919 νεανίσκε,
3364 1856 3392 1908 6
3417 1855 3610 1907 νεωστὶ
3632 1854 3730 1921 τὴν
3751 1853 3887 1922 πρὸς

633 1925 697 1978 ad
721 1926 996 1985 Christum
1024 1943 1173 1989 certa
1203 1944 1257 1991 et
1293 1936 1474 1992 stabili
1515 1936 1618 1993 ﬁde
1651 1925 1954 2005 accessisti,
1980 1942 2208 1996 validam

2315 1941 2545 2010 Χριστὸν
2582 1943 3006 2012 προσηκάμενος
3033 1944 3217 1996 πίστιν
3257 1944 3474 2013 ἀσφαλῆ
3513 1944 3606 1994 καὶ
3638 1941 3885 2011 βεϐαίαν,

634 2030 757 2074 tene
800 2023 1098 2078 anchoram
1134 2029 1270 2096 spei,
1307 2043 1470 2097 quam
1513 2030 1567 2084 in
1622 2030 2026 2099 illoposuisti,
2080 2049 2208 2088 neve

2315 2034 2505 2102 κράτει
2559 2035 2661 2102 τὴν
2723 2034 2997 2104 κραταιὰν
3034 2034 3283 2103 ἀγκυραν
3314 2034 3413 2104 τῆς
3452 2034 3588 2103 πρὶς
3616 2031 3775 2085 αὑτὸν
3804 2032 3890 2082 ὲλ-

633 2110 837 2164 amoris
857 2110 976 2179 ejus
1015 2123 1068 2168 et
1107 2114 1250 2180 tidei,
1277 2133 1383 2186 qua
1433 2117 1584 2173 illum
1628 2121 1912 2190 amplexus
1947 2137 2027 2188 es,
2051 2122 2208 2192 quid-

2315 2124 2488 2187 πίδος,
2516 2125 2610 2177 καὶ
2636 2124 2902 2195 μηδαμῶς
2927 2125 3274 2196 κατοκλάσῃς
3295 2123 3611 2194 ἀντέχεσθαι
3637 2122 3735 2190 τῆς
3757 2120 3889 2190 πρὸς

633 2215 796 2268 quam
833 2205 1109 2269 remittas;
1144 2215 1200 2259 at
1249 2207 1452 2275 Iretare,
1493 2219 1658 2280 atque
1691 2215 1856 2266 vitam
1891 2222 2038 2268 tuam
2091 2214 2210 2268 ani-

635 2308 757 2348 mus
813 2304 939 2374 tuus
992 2295 1211 2377 impleat
1261 2300 1410 2354 omni
1463 2300 1724 2369 bonitate,
1773 2303 2209 2374 quandoquidem

633 2387 832 2455 dignus
863 2386 1086 2443 ell‘ectus
1117 2405 1196 2456 es,
1233 2392 1324 2461 qui
1361 2407 1547 2462 speres
1574 2394 1626 2449 in
1656 2388 1822 2451 Deum
1863 2383 2128 2452 viventem
2159 2409 2214 2454 et

634 2492 822 2530 verum
875 2479 926 2532 in
977 2481 1171 2536 diebus
1203 2483 1582 2540 adolescentia:
1613 2494 1740 2552 tuae,
1787 2487 1841 2542 in
1885 2487 1952 2543 iis
1995 2505 2210 2559 nempe,

630 2569 831 2635 quibus
859 2581 1081 2625 renatus
1106 2587 1164 2626 es
1198 2587 1264 2626 ex
1309 2588 1448 2642 aqua
1501 2584 1554 2629 et
1607 2576 1801 2645 spiritu
1853 2593 2110 2646 superno,
2159 2588 2213 2633 et

632 2670 737 2712 tua:
785 2661 926 2730 apud
979 2676 1256 2716 summum
1295 2663 1461 2718 Deum
1498 2665 1806 2734 adoptionis
1856 2667 2094 2738 sigillum
2148 2685 2212 2725 ac

595 2751 828 2826 .piguus
865 2751 1050 2806 divino
1079 2752 1402 2823 baptismate
1425 2757 1680 2825 accepisti
1709 2757 1842 2827 (I9).

706 2927 862 2997 271
894 2926 990 2983 llis
1028 2939 1208 2984 autem
1253 2931 1597 2986 Ecelcsiasta:
1623 2931 1780 2992 dictis
1807 2931 2003 2987 similia
2049 2943 2222 3004 atque

637 3018 812 3072 aﬂin'a
835 3019 1080 3074 scribens
1103 3019 1340 3076 Joannes
1366 3022 1651 3093 theologus
1677 3036 1730 3077 et
1753 3023 2025 3078 maximus
2047 3040 2213 3078 evan-

636 3111 874 3179 gelistes,
924 3112 1001 3167 sic
1052 3113 1128 3166 ait
1175 3131 1187 3166 :
1244 3132 1262 3164 ι
1323 3112 1516 3168 Seribo
1569 3114 1748 3178 vobis,
1805 3115 2205 3180 adolescentes,

616 3206 893 3278 quoniam
926 3206 1136 3261 vicistis
1165 3207 1459 3276 malignum
1487 3223 1500 3259 :
1534 3206 1717 3261 scribo
1739 3207 1917 3270 vobis,
1951 3207 2210 3271 infantes,

634 3299 890 3352 animiam
929 3299 1265 3368 cognovistis
1301 3282 1532 3368 patrem.
1570 3295 1762 3352 Scribo
1797 3297 1972 3359 vobis,
2004 3306 2209 3366 patres,

635 3389 893 3458 quoidam
926 3389 1256 3459 cegnovistis
1289 3405 1413 3443 eum
1455 3390 1546 3458 qui
1577 3389 1646 3442 ah
1689 3388 1844 3442 initio
1873 3397 1975 3443 est.
2018 3385 2212 3441 Scribo

2313 2215 2473 2270 αὑτὸν
2499 2216 2723 2286 ἀγάπης
2752 2217 2847 2269 καὶ
2893 2218 3127 2278 πίστεως
3155 2232 3168 2245 ·
3196 2215 3309 2268 ἀλλ’
3332 2214 3645 2284 εὐφραίνου,
3667 2211 3761 2265 καὶ
3782 2211 3890 2265 πά·-

2315 2323 2414 2378 σης
2470 2307 2840 2377 ἀγαθωσύνης
2877 2309 2909 2377 ἡ
2969 2307 3166 2376 καρδία
3218 2323 3314 2360 σου
3344 2304 3632 2375 πληρούτω
3660 2299 3891 2373 τὴνσὴν

2315 2395 2481 2464 ζωὴν,
2515 2395 2596 2450 ὅτι
2624 2396 2972 2466 κατηξιώθης
3015 2395 3255 2461 ἐλπίζειν
3299 2397 3392 2448 ἐπὶ
3424 2394 3556 2447 Θεὸν
3588 2392 3768 2457 ζῶντα
3795 2390 3891 2445 καὶ

2313 2487 2588 2558 ἀληθινὸν,
2626 2490 2683 2540 ἐν
2705 2489 2943 2560 ἡμέραις
2974 2488 3224 2557 νεότητός
3263 2504 3378 2550 σου,
3409 2485 3692 2538 τουτέστιν
3717 2485 3773 2535 ἐν
3799 2475 3890 2544 αἶς

2313 2579 2679 2650 ἀνεγεννήθης
2725 2581 2781 2644 ἐξ
2834 2579 3026 2641 ὓδατος
3062 2580 3155 2656 καὶ
3187 2579 3501 2647 πνεύματος
3533 2575 3760 2637 ἀνωθεν,
3797 2573 3889 2627 καὶ

2315 2671 2410 2741 τῆς
2440 2673 2576 2742 πρὸς
2610 2674 2697 2725 τὸν
2715 2672 2809 2724 ἐπὶ
2834 2671 3052 2724 πάντων
3075 2670 3208 2723 Θεὸν
3231 2670 3507 2730 υἱοθεσίας
3534 2667 3764 2734 εἴληφας
3788 2661 3891 2734 τὴν

2316 2763 2589 2834 σφραγῖδα
2622 2765 2714 2818 καὶ
2737 2763 2829 2817 τὸν
2856 2761 3154 2835 ἁρῤαὸὦνα
3199 2763 3288 2816 διὰ
3340 2760 3433 2815 τοῦ
3478 2759 3625 2813 θείου
3686 2756 3890 2827 βαπτί-

2317 2872 2542 2925 σματος.

2400 2943 2644 2997 Ἐοικὸτα
2678 2944 2734 2998 δὲ
2765 2945 2860 2998 καὶ
2877 2946 3241 3016 παραπλήσια
3296 2931 3410 3005 τοῖς
3438 2939 3534 2993 τοῦ
3567 2938 3894 3008 Ἐκκλησια-

2318 3019 2447 3087 στοῧ
2474 3037 2657 3104 ῥητοῖς
2677 3035 3007 3090 ἐπιστέλλων
3039 3038 3293 3112 Ίωριννης
3324 3034 3351 3086 6
3391 3031 3638 3098 θεολόγος
3666 3030 3761 3083 καὶ
3791 3027 3890 3098 μέ-

2313 3143 2500 3193 γιστος
2567 3127 2964 3197 εὐαγγελιστὴς
3016 3126 3160 3180 οὕτω
3199 3124 3368 3194 φησί’
3415 3142 3431 3174 ι
3467 3122 3666 3192 Γράφω
3724 3121 3878 3188 ὑμῖν.

2315 3219 2608 3279 νεανίσκοι,
2639 3220 2721 3273 ὅτι
2753 3220 3074 3289 νενικήκατε
3104 3219 3196 3271 τὸν
3227 3218 3484 3286 πονηρόν.
3519 3213 3890 3282 Γράφωύμῖν,

2317 3310 2524 3374 παιδία,
2578 3311 2658 3362 ὅτι
2713 3309 2993 3378 ἐγνώκατε
3016 3311 3109 3362 τὸν
3152 3309 3387 3378 πατέρα.
3455 3303 3712 3374 Ἔγραψα
3738 3303 3893 3372 ὑμῖν,

2316 3400 2575 3469 πατέρες,
2616 3401 2699 3453 ὅτι
2738 3400 3017 3469 ἐγνώκατε
3075 3400 3166 3453 τὸν
3221 3397 3316 3452 ἀπ’
3373 3396 3568 3466 ἀρχῆς.
3636 3391 3892 3462 Ἔγραψα

640 3481 812 3544 \obis,
841 3480 1089 3549 juvenes,
1118 3480 1377 3551 quoniam
1408 3479 1574 3535 fortes
1595 3480 1749 3544 estis,
1775 3490 1827 3534 et.
1862 3480 2085 3534 verbum
2121 3477 2208 3534 Dei

2321 3491 2470 3560 ὑμῖν,
2497 3491 2795 3555 νεανίσκοι,
2821 3491 2904 3544 ὃτι
2935 3488 3147 3561 ἰσχυροί
3176 3490 3301 3549 ἔστε
3330 3529 3345 3551 ,
3386 3486 3481 3538 καὶ
3512 3485 3538 3535 6
3594 3484 3752 3550 λόγος
3787 3481 3890 3534 τοῦ

639 3582 820 3628 manet
855 3574 907 3629 in
939 3574 1112 3637 vobis,
1140 3582 1194 3628 et
1223 3573 1430 3630 vicistis
1457 3574 2212 3646 malignum".iAdolescen-

637 3676 742 3719 tem
773 3667 936 3736 igitur
957 3666 1086 3722 dum
1111 3674 1164 3721 et
1193 3666 1281 3721 hic
1309 3666 1553 3722 nominat
1585 3667 1804 3734 sapiens
1836 3666 2211 3730 Ecclesiastes,

641 3759 743 3812 (ide
800 3759 1066 3827 vigentem
1135 3759 1405 3829 designat,
1455 3759 1661 3828 quique
1689 3758 1920 3828 spiritali
1973 3761 2212 3827 qundam

642 3850 808 3904 animi
844 3851 1040 3905 robore
1069 3850 1387 3905 charitatem
1441 3866 1596 3906 suam
1640 3860 1694 3906 et
1747 3865 1897 3919 spem
1943 3860 1991 3905 et
2055 3852 2212 3906 Iidem

638 3956 766 4012 erga
792 3941 1065 3996 Christum
1097 3941 1441 3994 Servatorem
1472 3939 1998 4012 Redemptoremque
2027 3941 2210 3993 mutuli

639 4033 809 4089 solide
838 4039 1264 4101 constanterque
1307 4031 1610 4101 proﬁtetur.
1647 4041 1699 4086 et
1729 4041 1964 4085 veterem
2007 4032 2214 4100 peccati

638 4140 844 4180 exuens
879 4125 1177 4190 hominem,
1214 4131 1268 4179 et
1303 4139 1503 4178 novum
1541 4126 1772 4178 induens
1811 4123 2004 4186 Adam,
2037 4140 2065 4178 a
2107 4140 2216 4193 quo

647 4218 838 4272 mortis
870 4218 1106 4288 potentia
1141 4225 1195 4270 et
1232 4215 1594 4284 corruptionis
1631 4217 1710 4270 vis
1749 4216 1922 4269 deleta
1961 4225 2046 4268 est
2082 4215 2216 4284 (ΞΟ).

638 4315 850 4371 Idcirco
913 4328 1104 4381 netnpe
1165 4311 1364 4380 adjecit
1423 4309 1645 4378 sapiens
1705 4305 2104 4373 EcclesiaStes,
2159 4315 2216 4360 et

704 4629 771 4659 ’⁷⁸
801 4625 958 4684 Joan.
995 4646 1109 4692 xix,
1142 4629 1228 4684 15.
1307 4629 1350 4661 ’⁸
1383 4626 1400 4680 Ι
1428 4626 1582 4684 Joan.
1611 4644 1670 4694 ιι,
1702 4628 1787 4694 15,
1824 4629 1910 4685 11.

2321 3580 2456 3634 Θευῦ
2485 3583 2541 3634 ὲν
2575 3581 2705 3652 ὑμῖν
2748 3582 2922 3651 μένει,
2947 3585 3042 3636 καὶ
3071 3568 3407 3650 νενικήκατε
3434 3576 3526 3628 τὸν
3562 3592 3695 3639 tto-Ir,
3709 3574 3819 3644 94v.
3868 3591 3886 3623 ι

2320 3670 2622 3724 Νεανίσκου
2651 3673 2836 3726 τοίνυν
2863 3671 3152 3742 ὀνομάζων
3203 3669 3298 3723 καὶ
3336 3668 3430 3722 νῦν
3471 3668 3499 3719 6
3529 3666 3687 3732 σοφδς
3766 3664 3894 3716 Ἐκ-

2322 3762 2679 3833 κλησιαστὴς,
2713 3761 2806 3814 τὸν
2839 3761 3159 3833 ἀκμάζοντα
3181 3758 3324 3813 κατὰ
3355 3758 3539 3810 πίστιν
3589 3754 3740 3822 δηλοῖ
3799 3754 3896 3804 καὶ

2327 3853 2464 3922 μετά
2484 3853 2582 3922 τῆς
2613 3853 2994 3924 πνευματικῆς
3024 3852 3120 3906 καὶ
3156 3838 3368 3920 νοητῆς
3400 3847 3571 3917 ἀλκῆς
3617 3844 3895 3914 rga-rati»;

2323 3923 2820 4014 ἀντεχόμενοπίτῆς
2850 3943 2987 4014 πρὸς
3013 3935 3260 4014 Χριστὸν
3283 3939 3374 3992 τὸν
3409 3937 3634 4004 Σωτῆρα
3654 3932 3748 3985 τοῦ
3801 3931 3897 3984 κό-

2325 4050 2467 4104 σμου
2497 4038 2587 4089 καὶ
2608 4036 2903 4107 Λυτρωτὴν
2927 4034 3149 4104 ἀγάπης
3169 4033 3263 4087 καὶ
3285 4029 3501 4091 ἐλπίδος
3518 4026 3607 4080 καὶ
3632 4024 3894 4086 πίστεως,

2325 4127 2422 4180 καὶ
2453 4128 2541 4179 τὸν
2575 4127 2806 4182 παλαιὸν
2836 4128 2934 4198 τῆς
3000 4124 3278 4196 ἁμαρτίας
3335 4117 3746 4186 ἀποδυσάμενοι
3798 4113 3896 4166 ἄν·

2327 4218 2564 4280 θρωπον,
2599 4221 2694 4272 καὶ
2721 4220 3081 4274 ὲνδυσάμὲνον
3109 4217 3199 4269 τὸν
3231 4213 3349 4267 νέον
3420 4209 3587 4274 ’[ιδάμ
3617 4207 3709 4257 τὸν
3765 4221 3901 4256 κατ-

2325 4304 2655 4372 αργήσαντα
2691 4305 2753 4355 τδ
2782 4301 2982 4372 κράτος
3004 4298 3101 4352 τοῦ
3142 4297 3374 4352 θανάτου
3408 4295 3625 4376 nisi};
3662 4293 3901 4360 φθορᾶς.

2337 4396 2558 4463 ’Δμίλει
2616 4392 2797 4446 τοίνυν
2845 4390 3128 4459 ἐπήγαγεν
3174 4389 3202 4440 6
3252 4383 3414 4455 σοφὸς
3447 4378 3904 4452 Ἐκκλησιαστής,

2329 4503 2422 4543 και
2457 4503 2589 4556 φησι
2618 4504 2630 4516 ·

702 4785 812 4852 (18)
850 4788 1003 4857 Apud
1029 4785 1168 4841 LXX
1193 4750 1534 4843 desideratur
1557 4787 1676 4856 οὖν,
1704 4796 1757 4843 et
1787 4787 2048 4857 scriptum
2081 4796 2201 4844 est:
2238 4789 2282 4846 D
2313 4802 2458 4850 men.
2495 4795 2555 4842 ut
2583 4803 2643 4845 se
2674 4787 2889 4859 noverit
2917 4788 2970 4843 in
3002 4791 3259 4844 omnibus
3286 4788 3669 4859 judicandum',
3695 4803 3748 4847 et
3770 4802 3885 4849 tam

644 4861 732 4910 ‘l'lv
760 4859 997 4929 ἡμέραις
1028 4859 1281 4929 νεότητός
1313 4876 1427 4911 σου.

702 4929 812 4997 (19)
841 4926 895 4981 In
928 4929 1014 4982 his
1036 4926 1373 4983 Ecclesiasten
1399 4928 1580 5000 verbis
1602 4928 1846 5000 plerique
1867 4944 2059 4983 eorum
2101 4929 2209 5000 qui

633 5014 932 5070 auagogcn
981 5008 1272 5067 seponunt,
1315 4999 1545 5070 ironiam
1589 4999 1882 5070 tictamque
1913 4999 2205 5066 quamdam

638 5069 1029 5136 indulgentiam
1067 5069 1333 5124 contineri
1377 5069 1727 5124 existimant:
1759 5069 1880 5138 quae
1925 5085 2066 5137 saepe
2098 5070 2204 5123 vim

635 5146 648 5191 t
675 5142 795 5194 abet
821 5155 924 5192 non
957 5139 1249 5202 minorem,
1278 5154 1441 5208 quam
1472 5141 1611 5193 seria
1637 5140 1908 5193 dissuasio
1931 5149 1982 5192 et
2013 5155 2201 5193 severa

633 5211 1005 5279 reprehensio.
1065 5209 1388 5277 Ilujnsmozli
1457 5210 1544 5262 illa
1605 5219 1732 5263 sunt
1784 5211 1835 5263 in
1912 5209 2204 5278 Evangelio

632 5281 868 5333 Mattluvi
931 5281 1102 5350 (xxvi,
1161 5279 1554 5350 45):Dormite
1593 5281 1708 5345 jam
1752 5290 1799 5332 et
1859 5282 2205 5348 requiescite:

632 5368 746 5404 ιιι-(ε
801 5349 1187 5420 apprOpinq::at
1226 5352 1373 5416 liora,
1415 5360 1463 5403 et
1493 5349 1667 5403 Filius
1697 5350 1924 5403 hominis
1969 5351 2207 5403 tradetur

635 5425 687 5475 in
717 5438 904 5474 manus
928 5433 1280 5483 peccatorum.

704 5491 906 5547 Contra
941 5491 1149 5546 Hebr-mi
1177 5493 1320 5547 serio
1352 5492 1467 5545 hmc
1493 5492 1634 5544 dicta
1659 5531 1672 5550 ,
1704 5501 1886 5558 atque,
1919 5500 1978 5544 ut
2015 5500 2206 5544 auctor

632 5574 716 5618 est
779 5561 1174 5633 Hieronymus:
1211 5583 1228 5613 ‹
1270 5562 1348 5615 Ad
1418 5562 2205 5633 Israel:rstimautpertinere

635 5631 1090 5696 mandatum—cui
1125 5633 1457 5702 praecipitur,
1494 5642 1552 5685 ut
1579 5631 1790 5684 fruatur
1821 5631 2026 5684 divitiis
2064 5631 2199 5695 suis,

586 5747 601 5753 _
633 5716 758 5758 ante
789 5719 958 5773 quam
987 5706 1032 5757 ei
1066 5704 1396 5774 captivitatis
1435 5716 1646 5772 tempus
1682 5703 1954 5774 adveniat,
1981 5710 2042 5774 et
2072 5703 2203 5754 azln-

632 5771 950 5829 lrscen'tiatn
984 5771 1263 5828 senectute
1282 5785 1623 5828 commutet:
1656 5772 1916 5835 quizlquid
1961 5771 2199 5824 «ἰριοειδ-

635 5845 742 5902 bile
773 5845 853 5898 vel
878 5846 1181 5910 jucundum
1240 5856 1347 5897 tum
1397 5847 1557 5895 -t‘.nr.lt
1594 5859 1754 5907 quam
1811 5843 2005 5896 oculis.
2041 5858 2206 5907 :Imm-

639 5915 833 5980 ruerit,
859 5930 942 5981 co,
984 5916 1108 5969 dum
1167 5916 1217 5969 in
1256 5924 1504 5983 prnntptu
1559 5924 1659 5977 cst,
1697 5913 1949 5965 abutatur
1982 5931 1990 5962 :
2025 5913 2097 5964 ita
2133 5922 2204 5965 la-

2313 4859 2693 4932 cogitationes
2711 4858 2904 4932 malas,
2932 4874 3096 4932 quam
3155 4858 3415 4932 libidines
3465 4861 3670 4932 fugiat,
3698 4864 3886 4920 sciens

2313 4929 3010 5003 Stultitiamadoleseentite
3053 4931 3396 5000 copulatam:
3437 4929 3886 5003 reciet-deturque

2313 5014 2528 5072 semper
2577 4998 2855 5072 Creatoris
2888 4999 3031 5072 sui,
3084 4998 3375 5072 antequam
3419 5001 3534 5072 dies
3574 4998 3887 5072 Babylonia:

2311 5084 2375 5122 ac
2410 5071 2669 5141 Romana:
2703 5067 3034 5141 captivitatis
3081 5067 3397 5141 adveniant,
3425 5071 3478 5125 in
3519 5067 3716 5141 quibus
3771 5088 3884 5128 non

2312 5141 2507 5209 poterit
2531 5138 2730 5192 habere
2755 5139 3108 5200 voluntatem.
3139 5139 3203 5193 Et
3231 5149 3406 5194 totum
3439 5138 3580 5196 hunc
3605 5143 3782 5196 locum
3815 5145 3887 5198 ab

2311 5224 2398 5272 eo,
2428 5209 2574 5278 quod
2618 5209 2712 5268 ait,
2774 5210 3064 5276 Antequam
3121 5212 3442 5264 tenebrest'at
3477 5211 3555 5265 sol
3589 5221 3635 5263 et
3673 5211 3804 5265 (una
3833 5224 3883 5266 et

2313 5279 2500 5342 stellar,
2532 5294 2707 5352 usqu_e
2738 5279 2801 5331 ad
2831 5295 2953 5332 eum
2981 5280 3183 5340 locum,
3217 5282 3269 5352 in
3291 5297 3401 5347 quo
3427 5281 3699 5352 Scriptura
3731 5299 3886 5336 eom-

2313 5360 2617 5403 memorat:
2654 5347 2717 5402 Et
2746 5358 3071 5403 convertetur
3115 5351 3286 5419 pulvis
3315 5353 3368 5404 in
3402 5347 3594 5404 terrain
3629 5369 3780 5405 suam
3811 5357 3887 5407 si-

2291 5429 2398 5472 cut
2429 5429 2630 5491 erat,“
2655 5419 2871 5488 spiritus
2915 5428 3200 5472 revertetur
3223 5423 3292 5474 ad
3338 5421 3634 5483 Dominum,
3667 5425 3761 5491 qui
3787 5425 3886 5478 de-

2311 5492 2387 5543 dit
2417 5490 2590 5551 illum,
2616 5506 2772 5554 super
2801 5499 2942 5561 statu
2985 5506 3094 5561 sua:
3141 5491 3465 5544 conditionis
3514 5490 3824 5561 explanant.
3863 5515 3881 5545 ι

2317 5561 2486 5634 [ferro
2518 5560 2918 5634 explanationis
2947 5560 3108 5631 hujus
3125 5576 3422 5626 summam,
3462 5562 3506 5615 si
3541 5560 3716 5630 vacat,
3743 5568 3886 5634 apud

2311 5630 2698 5700 Hieronymum
2746 5630 2925 5699 legito.

2383 5700 2497 5766 (‘20)
2522 5699 2769 5768 'Apostoli
2798 5701 3047 5767 designat
3075 5699 3276 5754 dictum
3309 5719 3320 5754 :
3356 5701 3420 5756 Et
3463 5703 3598 5757 sicut
3630 5702 3684 5755 in
3721 5704 3887 5758 Adam

2312 5787 2487 5823 omnes
2542 5771 2858 5841 moriuntur,
2893 5771 2978 5841 ita,
3006 5771 3155 5841 ethin
3182 5770 3393 5825 Christo
3438 5789 3611 5841 omnes
3649 5775 3891 5841 riui/im-

2315 5844 2508 5892 lvuntur
2540 5839 2588 5906 (Ι
2631 5840 2754 5893 Cor.
2804 5857 2892 5899 xv.
2924 5840 3038 5899 ‘29.).
3071 5838 3161 5895 Vel
3201 5857 3325 5894 cum
3377 5843 3490 5896 ait:
3531 5840 3711 5897 Nolite
3744 5838 3860 5899 men

2321 5909 2409 5964 tiri
2442 5911 2678 5978 iut'icem,
2714 5912 3063 5980 crsroliantrs
3103 5929 3184 5967 res
3215 5922 3431 5967 rcta-em
3483 5915 3743 5968 hominem
3774 5931 3891 5975 cum
