4032 6334
652 460 800 546 ιιοδ⁹

1774 461 1833 520 S.
1867 463 2241 521 GREGORII
2285 463 2789 524 AGRIGENTINI

3748 453 3877 518 ΗΜ

721 571 949 642 Egregie
995 583 1123 624 vero
1168 567 1372 638 aptavit
1408 568 1572 622 verba
1621 568 1873 636 inquiens
1905 589 1918 623 :
1957 589 1974 620 ι
2011 570 2068 624 lu
2097 579 2204 624 ter-

2379 571 2707 641 Θαυμασεως
2763 571 2818 624 δὲ
2876 570 2965 623 τὸν
3015 570 3174 639 λόγον
3203 568 3631 640 διεσχημάτισεν
3688 569 3873 619 εἰπών·

651 682 788 729 ram,
832 665 974 718 sicut
1003 671 1140 724 erat,
1177 681 1194 713 ι
1231 662 1279 713 id
1308 669 1409 724 est,
1439 662 1896 730 quemadmodum
1927 663 2054 714 item
2082 669 2208 715 ante

644 763 788 817 erat,
830 767 994 822 quam
1052 752 1155 805 tale
1206 767 1406 821 corpus
1462 768 1491 806 a
1547 751 1842 806 Conditore
1892 754 2204 821 lingeretnr.

652 845 784 899 Nam
817 853 870 898 et
902 858 1131 914 magnus
1175 842 1384 913 Moyses
1435 845 1550 896 ait:
1590 862 1606 894 ι
1651 842 1716 896 Ει
1765 843 2020 896 formavit
2069 841 2210 896 Deus

652 936 963 997 hominem,
1020 934 1300 1004 pulverem
1361 935 1636 1004 accipiens
1693 934 1761 987 de
1816 943 1961 986 terra
2014 934 2144 1000 (59).
2186 951 2204 983 ›

656 1027 945 1082 Enimvero
997 1027 1349 1091 observasis,
1415 1025 1690 1094 quomodo
1743 1040 1938 1094 corpus
1989 1026 2206 1094 quidem

653 1121 765 1173 sive
822 1117 1092 1186 pulverem
1148 1117 1404 1169 distincte
1447 1116 1502 1168 in
1550 1124 1749 1168 terram
1803 1118 1995 1169 reverti
2031 1116 2206 1170 dixit:

652 1211 904 1276 spiritum
935 1216 1116 1260 autem
1154 1208 1218 1260 ad
1265 1205 1454 1272 Deum,
1505 1205 1961 1259 immortalitatem
2016 1207 2210 1260 anima:

652 1298 1099 1353 manifestissime
1146 1297 1272 1351 hinc
1318 1296 1718 1350 demonstrans.
1759 1297 1966 1349 Etenim
1998 1295 2206 1365 inquit:

641 1374 672 1436 ἲ
707 1389 767 1441 lit
795 1388 1024 1457 spiritus
1044 1386 1339 1440 revertitur
1367 1385 1430 1438 ad
1456 1385 1648 1449 Deum,
1679 1388 1770 1455 qui
1800 1387 1946 1440 dedit
1971 1388 2151 1453 illum;
2187 1405 2203 1436 ι

653 1481 892 1549 tln-ologi
939 1479 1142 1556 Mo’vsis
1185 1479 1493 1532 doctrinam
1547 1479 1612 1534 de
1661 1481 1842 1534 anima
1881 1482 2210 1536 conlirmans

652 1572 886 1626 dicentis
943 1586 1136 1638 nempe
1187 1587 1199 1623 :
1261 1591 1278 1621 ι
1323 1569 1385 1623 Et
1437 1573 1690 1625 formavit
1742 1571 1881 1626 Deus
1935 1573 2210 1625 hominem

652 1663 929 1730 pulverem
983 1652 1048 1716 de
1101 1672 1267 1725 terra,
1320 1673 1372 1716 et
1425 1662 1707 1731 inspiravit
1749 1663 1801 1715 in
1853 1662 2046 1716 faciem
2093 1662 2212 1729 ejus

654 1755 928 1822 spiramen
964 1757 1088 1807 vitae
1119 1791 1131 1814 ,
1173 1762 1227 1806 et
1273 1751 1446 1807 l‘actu-s
1469 1765 1548 1807 cst
1586 1755 1748 1806 homo
1780 1753 1833 1807 in
1865 1753 2104 1806 animam
2133 1753 2214 1805 vi-

661 1853 896 1897 ventem.
957 1863 974 1893 ›
1021 1842 1199 1908 Quare
1257 1842 1520 1910 spiratunt
1555 1843 1669 1896 sive
1733 1843 1897 1896 vitam
1922 1859 1987 1896 ex
2019 1843 2215 1896 divina:

659 1936 984 2005 spirationis
1021 1936 1192 2003 gratia
1241 1944 1440 1993 ortam,
1481 1948 1602 2001 qut?-
1631 1934 1963 2002 pregenitori
2008 1943 2215 1996 nostro,

659 2029 836 2096 primo
870 2025 1074 2078 homini
1104 2039 1130 2076 a
1164 2024 1385 2092 pulvere
1416 2023 1648 2077 formato
1674 2023 1798 2077 data
1823 2034 1925 2088 est,
1964 2025 2211 2093 spiritum

658 2119 817 2172 modo
853 2116 1207 2172 Ecclesiastes
1241 2115 1551 2184 appellavit,
1577 2130 1736 2184 quem
1780 2117 1939 2186 plane
1966 2102 2215 2170 distinxit

657 2228 683 2261 a
719 2209 958 2278 pulvere,
983 2206 1082 2278 qui
1116 2207 1168 2260 in
1208 2218 1404 2260 terram
1437 2207 1746 2270 revertitur,
1777 2222 1898 2261 cum
1926 2208 1990 2262 ad
2022 2207 2204 2262 Deum.

658 2316 683 2351 ιι
715 2316 825 2370 quo
855 2300 1016 2354 datus
1047 2307 1153 2362 est,
1191 2298 1339 2351 illum
1374 2311 1618 2350 remeare
1649 2298 2036 2374 enuntiaverit.

2315 681 2333 713 ι
2385 661 2506 715 Ἐπὶ
2538 663 2636 732 τὴν
2668 663 2790 731 γῆν,
2820 663 2894 726 ὼς
2927 657 3016 733 ἦν,
3052 681 3070 714 ο
3101 661 3348 714 τουτέστι
3380 660 3518 714 καθὸ
3547 660 3643 713 καὶ
3678 661 3878 728 πρότε-

2313 772 2402 823 ρον
2437 750 2504 823 ἦν
2539 753 2646 824 πρὸ
2674 753 2768 807 τοῦ
2797 754 3194 824 διαπλασθῆναι
3229 752 3382 823 παρὰ
3402 752 3498 805 τοῦ
3529 751 3877 823 Δημιουργοῦ

2311 844 2466 913 σῶμα
2507 845 2770 900 τοιοῦτον.
2827 847 2937 898 Καὶ
2971 846 3076 915 γάρ
3107 861 3272 914 φησιν
3322 847 3528 915 Μωσῆς
3590 848 3617 897 6
3667 846 3875 913 μέγας,

2316 954 2332 985 ι
2370 936 2479 988 Καὶ
2509 935 2742 989 ἔπλασεν
2769 938 2796 989 6
2818 937 2952 999 Θεὸς
2980 937 3072 989 τὸν
3093 936 3379 1007 ἄνθρωπον
3409 937 3536 1006 χοῦν
3568 936 3750 990 λαϐὼν
3771 937 3878 989 ἀπὸ

2309 1028 2405 1095 τῆς
2436 1028 2558 1096 γῆς.
2595 1046 2613 1080 ι
2647 1029 2965 1098 Παρατηρεῗ
2993 1027 3050 1080 δὲ
3083 1030 3193 1091 πᾶς
3223 1029 3250 1081 6
3286 1027 3630 1098 βουλόμενος,
3673 1031 3794 1091 πῶς
3820 1030 3878 1082 τὸ

2313 1119 2472 1186 σῶμα
2499 1119 2618 1187 μὲν,
2649 1121 2765 1189 ἢτοι
2795 1121 2886 1173 τὸν
2930 1119 3059 1189 χοῦν
3106 1119 3200 1172 ἐπὶ⁷
3233 1120 3332 1190 τὴν
3367 1120 3470 1189 γῆν
3501 1122 3876 1193 ἐπιστρέφειν,

2309 1207 2709 1276 διεσταλμένως
2741 1205 2880 1260 εἶπεν
2918 1227 2937 1260 ι
2968 1209 3041 1261 Τὸ
3061 1208 3116 1261 δὲ
3150 1209 3365 1279 πνεῦμα
3394 1211 3528 1282 πρὸς
3559 1211 3651 1262 τὸν
3685 1211 3872 1264 Θεόνη

2310 1299 2405 1368 τὴν
2437 1299 2733 1354 ἀθανασίαν
2783 1303 2880 1370 τῆς
2910 1299 3086 1370 ψυχῆς
3115 1300 3362 1354 ἐντεῦθεν
3408 1301 3689 1371 προδήλῳς
3733 1320 3879 1372 παρ-

2311 1388 2609 1455 εμφαίνων.
2659 1388 2768 1441 Kal
2818 1387 2924 1456 γάρ
2958 1402 3092 1456 φησι
3121 1405 3132 1418 ·
3175 1405 3191 1436 ι
3239 1380 3347 1440 Καὶ
3392 1387 3452 1440 τὸ
3493 1389 3710 1456 πνεῦμα
3752 1390 3878 1454 ἐπι-

2315 1479 2534 1549 στρέφει
2570 1483 2706 1549 πρὸς
2737 1479 2826 1532 τὸν
2857 1479 3010 1541 Θεὸν,
3035 1479 3092 1543 ὃς
3130 1479 3326 1534 ἔδωκεν
3378 1480 3506 1532 αὐτό
3529 1496 3542 1509 ·
3582 1499 3600 1531 ι
3627 1481 3724 1532 τοῦ
3755 1481 3878 1532 θεον

2316 1567 2581 1636 φάντορος
2614 1568 2888 1628 Μωῦσέως
2920 1567 2980 1620 τὸ
3008 1568 3134 1636 περὶ
3159 1567 3338 1637 ψυχῆς
3369 1569 3545 1638 δόγμα
3589 1585 3880 1637 παρεμπε-

2313 1658 2417 1712 διῖιν
2447 1659 2684 1727 δηλονότι
2720 1659 2780 1712 τὺ
2823 1659 3050 1724 φάσκον,
3090 1677 3108 1710 ι
3152 1660 3261 1713 Καὶ
3298 1658 3532 1714 ἔπλασεν
3566 1661 3593 1712 6
3622 1660 3755 1723 Θεὸς
3785 1660 3880 1713 τὸν

2315 1748 2619 1818 ἄνθρωπον,
2652 1748 2780 1818 χοῦν
2815 1750 2921 1803 ἀπὸ
2945 1751 3043 1820 τῆς
3072 1751 3194 1820 γῆς,
3226 1750 3320 1803 καὶ
3341 1751 3675 1818 ἐνεφύσησεν
3705 1754 3790 1814 εἰς
3819 1754 3881 1804 τὸ

2319 1839 2608 1909 πρόσωπον
2636 1840 2800 1894 αὑτοῦ
2836 1841 3002 1911 πνοὴν
3031 1839 3195 1911 ζωῆς,
3235 1843 3326 1894 καὶ
3360 1831 3576 1908 ἐγένετο
3606 1843 3633 1894 6
3661 1844 3880 1912 ἄνθρω-

2255 1913 2420 1995 Βνιος
2465 1933 2543 1994 εἰς
2583 1932 2759 2002 ψυχὴν
2802 1931 3000 1996 ζῶσαν.
3038 1951 3057 1984 ι
3095 1933 3206 2002 Τὴν
3241 1928 3332 1985 οῦν
3375 1934 3482 1985 ἀπὸ
3514 1933 3615 2002 τῆς
3659 1935 3882 2003 χάριτος

2317 2022 2410 2074 τοῦ
2444 2025 2840 2093 ἐμφυσήματος
2866 2025 2962 2076 τοῦ
3001 2024 3148 2094 παρὰ
3176 2024 3267 2076 τοῦ
3297 2024 3431 2077 Θεοῦ
3462 2025 3770 2092 γεγονότος,
3802 2027 3883 2088 εις

2318 2114 2407 2166 τὸν
2437 2114 2544 2167 ἀπὸ
2563 2114 2658 2167 τοῦ
2689 2115 2809 2185 χοὸς
2838 2115 3233 2170 διαπλασθέντα
3263 2116 3566 2184 γεννάρχην
3595 2115 3758 2184 ἡμῶν
3787 2116 3883 2188 κα)

2324 2207 2753 2276 πρωτόπλαστον
2813 2209 3095 2277 ἄνθρωπον
3150 2207 3442 2277 δεδομένην
3505 2209 3715 2276 πνοὴν,
3758 2209 3884 2277 ἦτοι

2325 2295 2491 2366 ζωὴν,
2529 2298 2762 2366 πνεῦμα
2781 2297 2874 2350 νῦν
2891 2300 2920 2350 6
2944 2296 3372 2367 Ἑκκλησιαστὴς
3403 2299 3880 2368 προσηγόρευσεν,

657 2393 792 2459 ὅπερ
823 2389 1212 2442 ἁντεδιέστειλε
1264 2387 1340 2457 τῷ
1374 2387 1457 2457 χοῖ
1514 2386 1592 2456 τῷ
1646 2387 2022 2457 ἐπιστρέφοντι
2084 2386 2217 2456 πρὸς
2248 2385 2346 2456 τὴν
2390 2390 2512 2457 γῆν·
2549 2390 2643 2442 καὶ
2710 2389 2845 2460 πρὸς
2887 2389 2978 2443 τὸν
3006 2388 3138 2445 Θεὸν
3215 2390 3563 2460 ἐπιστρέφειν
3587 2391 3677 2444 τὸν
3713 2390 3883 2443 δεδω-

659 2488 790 2539 κότα
819 2468 1180 2554 κατήγγειλεξ

729 2667 1005 2719 Adnotarc
1035 2645 1194 2734 igitur
1226 2664 1459 2720 maxime
1499 2675 1749 2735 praestat,
1803 2681 1964 2736 quam
2017 2675 2216 2724 temere

659 2770 826 2826 atque
858 2756 1179 2821 insipienter
1210 2756 1434 2811 omnino
1465 2759 1827 2812 existimarint
1872 2759 2113 2827 quidam.
2160 2760 2212 2814 in

659 2845 1034 2918 superior-ibas
1083 2848 1424 2901 sermonibus
1500 2849 1652 2901 hanc
1710 2850 1968 2916 sapientis
2035 2849 2216 2904 Eccle-

659 2943 844 2995 siasta:
891 2941 1204 3008 opinionem
1243 2938 1410 2992 fuisse
1469 2939 1630 3009 284
1666 2941 1913 2994 eamdem
1962 2956 2083 2994 esse
2119 2942 2215 2993 lio-

657 3032 824 3084 .niinis
853 3040 906 3090 et
930 3029 1159 3098 iumenti
1207 3030 1466 3091 animam,
1501 3012 1624 3083 cum
1675 3031 1749 3083 ait
1780 3049 1791 3084 :
1837 3049 1854 3080 ι
1899 3032 1962 3084 Et
1997 3031 2212 3099 quidem

658 3133 886 3175 eventus
915 3121 1143 3174 filiorum
1173 3121 1428 3183 hominis,
1461 3129 1512 3173 et
1540 3131 1765 3174 eventus
1787 3122 2024 3190 pecudis,
2052 3138 2214 3175 even-

661 3222 747 3264 tus
779 3227 920 3265 unus
952 3211 1124 3280 ipsis;
1163 3218 1218 3263 ut
1257 3225 1404 3263 mors
1442 3210 1623 3277 hujus,
1658 3210 1727 3263 ita
1778 3226 1923 3264 mors
1966 3213 2128 3276 illius,
2162 3220 2214 3264 ct

2394 2669 2855 2739 Παρασημαντέον
2902 2668 3080 2723 τοίνυν
3135 2666 3530 2738 ὀφειλομένως,
3579 2667 3656 2730 ὡς
3701 2667 3882 2738 μάτην

2320 2759 2412 2812 καὶ
2445 2761 2622 2828 πάντη
2677 2759 3002 2830 παραλόγως
3049 2759 3303 2830 ᾠήθησαν
3344 2775 3506 2822 τινες,
3544 2761 3600 2810 ἐν
3641 2761 3754 2820 τοῖς
3787 2761 3883 2812 ἁν-

2319 2850 2440 2902 όπιν
2488 2851 2664 2917 λόγοις
2696 2851 2898 2903 ταυτὸν¹
2937 2847 3076 2903 εἶναι
3123 2849 3220 2919 τὴν
3252 2841 3343 2902 τοῦ
3382 2849 3668 2918 ἀνθρώπου
3701 2848 3884 2919 ψυχὴν

2320 2932 2415 2995 κάι
2458 2941 2552 2993 τοῦ
2589 2943 2816 3011 κτήνους
2845 2939 3086 3004 δοξάζειν
3122 2940 3211 2992 τὸν
3241 2941 3403 3008 σοφὸν
3445 2940 3883 3010 Ἐκκλησιαστὴν

2320 3033 2378 3083 ἐν
2408 3032 2483 3099 τῷ
2524 3032 2774 3098 φάσκειν,
2818 3049 2837 3081 ι
2884 3031 2992 3083 Καί
3039 3047 3102 3098 γε
3153 3032 3466 3100 συνάντημα
3499 3031 3628 3083 υἱῶν
3666 3030 3885 3099 ἀνθρὼ-

2319 3139 2461 3182 που,
2514 3121 2606 3174 καὶ
2641 3121 2958 3190 συνάντημα
3006 3120 3098 3174 τοῦ
3135 3124 3398 3191 κτήνους,
3456 3122 3770 3190 συνάντημα
3825 3120 3885 3172 ἒν

2319 3213 2520 3274 αὐτοῖς’
2559 3211 2633 3274 ὡς
2669 3214 2695 3264 6
2735 3213 2962 3273 Θάνατος
2990 3209 3203 3275 τούτου,
3237 3210 3409 3273 οὕτως
3438 3210 3466 3261 6
3501 3209 3724 3269 Θάνατος
3757 3209 3887 3261 tod-

661 3303 887 3371 spiritus
919 3317 1059 3353 unus
1094 3302 1367 3355 omnibus.
1411 3299 1470 3352 Et
1507 3302 1636 3368 quid
1669 3302 1961 3355 abundavit
2000 3303 2158 3356 homo
2185 3317 2212 3355 a

2318 3319 2430 3365 του,
2456 3303 2549 3355 καὶ
2585 3301 2802 3371 πνεῦμα
2831 3302 2888 3352 ἓν
2917 3305 3028 3362 τοῖς
3059 3303 3212 3353 πᾶσι.
3246 3302 3353 3353 Kal
3389 3301 3442 3353 τί
3487 3300 3887 3368 ἐπερίσσευσεν

662 3391 910 3460 pecude?
949 3387 1117 3442 Nihil.
1155 3389 1292 3454 Quia
1334 3391 1515 3441 omnia
1561 3389 1810 3453 vanitas;
1871 3391 2048 3443 omnia
2093 3406 2212 3460 per-

661 3491 795 3551 gunt
833 3481 896 3534 ad
940 3482 1113 3534 locum
1148 3498 1312 3534 unum
1348 3497 1359 3533 :
1397 3481 1580 3533 omnia
1623 3480 1765 3533 laeta
1813 3489 1939 3534 sunt
1981 3482 2047 3533 de
2100 3481 2214 3548 pul-

651 3589 805 3636 vere,
849 3581 901 3627 et
935 3573 1117 3627 omnia
1155 3581 1502 3625 revertuntur
1547 3571 1599 3623 in
1643 3572 1937 3640 pulverem.
1984 3571 2046 3624 Et
2095 3571 2216 3638 quis

646 3666 830 3728 ‘novit,
893 3664 1118 3731 spiritus
1172 3663 1402 3715 ﬁliorum
1451 3662 1688 3714 hominis
1719 3662 1763 3715 si
1798 3662 2059 3714 ascendat
2101 3661 2214 3728 ipse

654 3769 903 3817 sursum,
933 3762 986 3806 et
1014 3753 1236 3820 spiritus
1270 3753 1489 3820 pecudis
1523 3752 1567 3804 si
1593 3752 1882 3806 descendat
1913 3753 2025 3819 ipse
2053 3751 2214 3803 deor-

659 3861 781 3900 sum
815 3846 866 3897 in
904 3853 1103 3897 terram
1132 3843 1266 3912 (40).
1311 3862 1328 3893 ι
1368 3841 1463 3894 l-lic
1512 3842 1653 3893 enim
1700 3856 1915 3895 omnem
1949 3841 2215 3909 ejusmodi

654 3935 1026 4006 suspicionem
1078 3934 1321 3997 sustulit,
1374 3945 1427 3986 et
1479 3932 1721 4004 stultitia:
1774 3933 1951 3998 arguit
2001 3947 2064 3985 ac
2096 3947 2216 3998 per-

659 4043 830 4081 versa:
881 4025 1202 4096 opinionis,
1246 4026 1336 4092 qui
1376 4039 1705 4093 quocunque
1740 4025 1897 4076 modo
1929 4026 2033 4077 tale
2064 4025 2116 4076 in
2149 4039 2214 4078 eo

645 4126 1028 4173 commentum
1064 4101 1326 4184 suspicati
1351 4124 1497 4178 sunt,
1525 4130 1644 4167 cum
1673 4114 1759 4167 hic
1783 4114 2012 4167 maxime
2035 4115 2210 4168 dicat:

659 4232 681 4262 4
721 4211 1045 4266 Revertetur
1073 4209 1250 4275 pulvis
1284 4209 1335 4260 in
1375 4215 1596 4270 terram,
1643 4205 1784 4259 sicut
1821 4214 1955 4257 erat.
1998 4206 2063 4258 Et
2104 4207 2215 4273 spi-

657 4306 797 4358 ritus
822 4302 1114 4355 revertitur
1141 4301 1204 4352 ad
1235 4297 1422 4361 Deum,
1451 4297 1541 4366 qui
1566 4295 1711 4349 dedit
1739 4296 1909 4348 illum.
1936 4313 1954 4347 ι
1995 4293 2211 4348 Utrum-

657 4411 764 4464 que
810 4395 959 4447 enim
1006 4391 1140 4445 mire
1196 4399 1360 4458 atque
1391 4388 1603 4456 egregie
1637 4387 1885 4440 distinxit
1917 4402 1976 4438 ne
2017 4387 2216 4453 dijudi-

655 4487 798 4539 eavit
835 4504 847 4536 :
881 4483 1156 4552 pulverem
1200 4481 1252 4532 in
1291 4490 1490 4531 terram
1528 4478 1725 4537 reverti
1768 4478 2073 4538 declarans,
2103 4478 2214 4546 8ρί-

656 4578 822 4629 ritum
849 4588 976 4625 vero
995 4574 1108 4626 sive
1129 4570 1386 4628 animam,
1410 4583 1749 4635 nequaquam
1771 4567 1912 4620 sicut
1935 4569 2208 4635 pulverem
2245 4609 2286 4662 υ

655 4666 709 4720 in
747 4675 966 4725 terram,
1023 4662 1114 4715 sed
1161 4661 1226 4713 ad
1280 4659 1446 4712 Deum
1480 4658 1693 4720 reverti,
1745 4659 1835 4726 qui
1868 4659 2126 4720 condidit,
2159 4668 2210 4713 et

656 4733 955 4834 simulacro
983 4768 1147 4805 sensu
1173 4751 1377 4803 carenti
1409 4759 1570 4817 atque
1602 4749 1824 4802 inanimi
1853 4759 1906 4801 et
1939 4765 1966 4802 e
1993 4751 2210 4818 pulvere

647 4845 786 4898 licio
827 4843 1020 4896 indidit
1052 4839 1428 4910 inspirationis
1459 4853 1568 4890 sua:
1599 4841 1768 4905 gratia
1803 4838 1936 4906 (ll).

730 5132 1066 5185 Erubeseant
1102 5128 1333 5193 denique
1368 5123 1612 5178 veritatis
1643 5122 2052 5180 adultemtores,
2091 5122 2208 5173 vnl-

659 5221 856 5293 tttSq-ue
885 5210 1073 5274 eorum
1111 5215 1404 5287 ignominia
1442 5215 1788 5280 impleantur,
1824 5226 1947 5263 cum
1976 5213 2207 5278 videant,

727 5465 835 5533 (39)
876 5463 1072 5533 Yerum
1102 5458 1240 5526 apud
1279 5455 1409 5533 va
1444 5455 1594 5533 deest
1641 5450 1837 5533 λαϐὼν.

727 5520 839 5601 ξω)
879 5520 1150 5601 hic-clem";
1175 5545 1200 5579 a
1235 5543 1284 5578 ν.
1322 5529 1405 5601 lt}.
1439 5522 1502 5601 Υ.
1529 5523 1736 5601 hielib.
1777 5538 1854 5601 Ill:
1890 5537 1916 5571 a
1951 5520 2092 5601 §20:

730 5589 837 5669 αἱ)
880 5600 999 5653 llxc
1033 5603 1082 5669 iu
1117 5589 1321 5669 veteres
1353 5593 1562 5669 Judams
1593 5590 2032 5669 dictavidentur.
2076 5589 2205 5642 Nam

660 5661 836 5729 tttv'cst
866 5686 894 5723 ιι
937 5666 1340 5733 multisjan‘nlin
1377 5661 1793 5733 adnotatu_n_i,_in
1829 5675 2208 5733 corunrcom-

662 5742 956 5804 mental-iis,
1009 5736 1099 5806 Qui
1139 5730 1386 5801 magistri
1448 5734 1584 5784 inter
1637 5730 1910 5806 Ποῦ-τερος.
1942 5730 2203 5790 audiunt,

659 5813 917 5880 scriptum
944 5798 1302 5871 accepimus.
1342 5817 1586 5869 magnam
1623 5799 1760 5867 apud
1813 5798 2037 5865 majores
2075 5810 2202 5848 suos

2316 3395 2342 3444 6
2358 3393 2638 3458 ἄνθρωπος
2664 3395 2810 3461 παρὰ
2827 3394 2888 3445 τὸ
2917 3393 3112 3461 κτῆνος
3133 3410 3147 3456 ;
3171 3393 3356 3446 Οὐδέν·
3379 3394 3461 3446 ὅτι
3483 3393 3551 3444 τὰ
3575 3394 3750 3444 πάντα
3783 3412 3888 3461 μα-

2315 3483 2533 3552 ταιότης
2557 3499 2572 3515 ο
2591 3484 2656 3535 τὰ
2691 3485 2864 3536 πάντα
2888 3485 3178 3554 πορεύεται
3198 3487 3274 3548 εις
3290 3485 3453 3537 τόπον
3482 3486 3595 3538 ἕνα·
3619 3485 3685 3536 τὰ
3706 3487 3888 3538 πάντα

2317 3573 2529 3638 ἐγένετο
2545 3572 2652 3624 ἀπὸ
2670 3574 2758 3626 τοῦ
2784 3577 2924 3642 χοὸς,
2945 3575 3123 3627 καὶτὰ
3147 3575 3320 3628 πάντα
3345 3575 3668 3643 ὑποστρέφει
3691 3574 3774 3635 εἰς
3791 3575 3887 3626 τὸν

2318 3663 2464 3730 χοῦν.
2505 3664 2611 3715 Kal
2645 3664 2726 3723 τις
2752 3661 2859 3715 οἶδε
2883 3663 2942 3714 τὸ
2963 3663 3175 3732 πνεῦμα
3211 3665 3344 3716 υἱῶν
3381 3664 3472 3716 τοῦ
3496 3664 3812 3734 ἀνθρώπου,
3836 3666 3886 3714 εἰ

2316 3754 2598 3806 ἀναϐαίνει
2628 3755 2756 3807 αὐτὸ
2779 3757 2854 3817 εἰς
2878 3755 3008 3819 ἀνω,
3035 3759 3128 3806 καὶ
3151 3754 3244 3806 τοῦ
3280 3757 3530 3822 κτήνους,
3551 3757 3596 3806 εἰ
3615 3755 3889 3806 καταδειξ-

2318 3860 2396 3895 νει
2429 3845 2558 3897 αὐτὸ
2596 3847 2744 3898 κάτω
2774 3848 2851 3909 εις
2881 3847 3004 3915 γῆν.
3044 3865 3062 3898 ι
3097 3846 3209 3899 Νῦν
3246 3847 3355 3916 γὰρ
3405 3850 3581 3901 πᾶσαν
3609 3849 3888 3917 ὑπόληψιν

2318 3935 2572 4004 τοιαύτην
2615 3937 2813 3998 ἀνεῖλε,
2849 3937 2940 3988 καὶ
2972 3939 3375 4006 ματαιόφρονας
3402 3939 3610 4007 ἐλέγχει
3643 3943 3735 3992 καὶ
3774 3959 3886 3992 κα-

2316 4025 2568 4087 κοδόξους
2599 4027 2723 4088 τοὺς
2752 4027 2996 4078 ὁπωσοῦν
3033 4027 3094 4079 τὸ
3140 4028 3380 4080 τοιοῦτον
3425 4029 3614 4097 ψεῦδος
3651 4031 3889 4098 ὑπειλη-

2316 4117 2504 4183 φότας,
2539 4119 2595 4166 ἐν
2625 4115 2716 4181 τῷ.
2742 4115 2835 4168 νῦν
2889 4117 3123 4185 μάλιστα
3168 4118 3366 4188 λέγειν,
3405 4136 3425 4168 ε
3477 4119 3832 4188 Ἐπιστρέψει
3858 4123 3885 4172 6

2316 4205 2440 4275 χοῦς
2480 4206 2572 4257 ἐπὶ
2606 4206 2704 4274 τὴν
2731 4206 2852 4274 γῆν,
2886 4206 2958 4268 ὼς
2984 4201 3073 4276 ἦν·
3105 4185 3287 4258 καίτὸ
3315 4203 3526 4275 πνεῦμα
3556 4185 3883 4275 ἐπιστρέφει

2315 4295 2452 4363 πρὸς
2482 4295 2574 4347 τὸν
2607 4294 2758 4357 Θεὸν,
2791 4295 2848 4357 ὃς
2879 4295 3076 4346 ἔδωκεν
3101 4295 3249 4347 αὑτό.
3277 4313 3293 4345 ι
3327 4297 3626 4365 Παράδοξον
3651 4300 3757 4366 γὰρ
3783 4303 3882 4350 καὶ

2315 4374 2626 4456 Θαυμασίαν
2659 4385 2764 4436 τῶν
2813 4385 3088 4453 ἑκατέρων
3119 4385 3415 4455 ἐποιήσατο
3454 4388 3549 4454 τὴν
3589 4388 3879 4456 διαστολὴν

2313 4477 2406 4528 καὶ
2431 4474 2831 4543 ὁιάκρισινοτὸν
2866 4473 2961 4543 μὲν
2996 4474 3124 4543 χοῦν
3154 4477 3244 4526 ἐπὶ
3269 4477 3366 4545 τὴν
3397 4476 3498 4543 γῆν
3525 4479 3877 4545 ἐπιστρέφειν

2315 4567 2753 4636 ἀποφηνάμενος,
2794 4566 2854 4618 τὸ
2891 4565 2948 4617 δέ
2988 4566 3226 4636 πνεῦμα,
3254 4568 3498 4620 τουτέστι
3540 4569 3635 4636 τὴν
3671 4569 3874 4637 ψυχὴν,

2316 4658 2414 4707 οὑκ
2463 4657 2541 4707 ἐτι
2579 4657 2826 4726 καθάπερ
2860 4657 2888 4707 6
2939 4655 3066 4724 χοῦς
3111 4657 3248 4726 πρὸς
3279 4659 3374 4727 τὴν
3414 4657 3537 4725 γῆν,
3567 4657 3700 4709 ἀλλὰ
3735 4661 3876 4727 πρὸς

2316 4747 2404 4797 τὸν
2439 4745 2569 4796 Θεὸν
2620 4745 2967 4815 ἐπιστρέφειν
2989 4745 3079 4797 τὸν
3110 4747 3405 4817 ποιήσαντα
3436 4747 3564 4800 αὐτὸ
3594 4749 3688 4800 καὶ
3708 4747 3874 4801 δεδω-

2317 4835 2448 4888 κότα
2491 4836 2567 4904 τῷ
2605 4836 2914 4906 ἀναισθήτῳ
2961 4837 3055 4899 καὶ
3099 4836 3292 4907 ἀψύχῳ
3337 4839 3606 4906 ἀνδριάντι
3640 4840 3875 4894 διαπλα-

2321 4923 2501 5027 σῦέντι
2529 4927 2592 4976 ἐκ
2632 4927 2723 4978 τοῦ
2750 4925 2893 4994 χοὸς,
2925 4923 3013 4976 διὰ
3055 4927 3153 4996 τῆς
3184 4927 3278 4981 τοῦ
3321 4929 3450 5030 ῑξίου
3480 4931 3875 5000 ἐμφυσὴματτις

2319 5015 2557 5082 χάριτος.

2388 5122 2841 5190 Αἱσχυνέσθωσαν
2867 5126 2934 5180 τὰ
2963 5128 3056 5180 νῦν
3084 5129 3134 5181 οἱ
3165 5131 3582 5200 παραχαράκται
3611 5133 3710 5200 τῆς
3738 5133 3872 5202 ἁλη-

2319 5211 2488 5275 οεῐας,
2533 5214 2627 5264 καὶ
2658 5214 2724 5266 τὰ
2770 5215 3034 5294 πρόσωπα
3063 5217 3242 5281 αὐτῶν
3277 5217 3717 5289 πληρωθήτωσαν
3750 5224 3870 5274 ἀτι-

2311 5453 2373 5503 dc
2395 5453 2514 5505 libri
2539 5455 2878 5510 Eeclesiastm
2898 5458 3214 5514 auctoritate
3233 5461 3658 5516 controversiam
3679 5458 3869 5518 fuisse.

2318 5541 2347 5594 «_
2373 5523 2716 5586 Quaarebant,
2760 5530 3032 5592 inquiunt,
3066 5531 3336 5594 sapientes
3363 5535 3644 5584 occultare
3677 5530 3871 5584 librum

2310 5591 2668 5647 Ecclesiasten:
2698 5636 2712 5657 ,
2755 5591 2883 5662 quia
2921 5591 3263 5651 inveniebant
3299 5603 3352 5651 in
3413 5615 3480 5652 eo
3523 5599 3686 5652 verba
3718 5600 3869 5656 incli-

2310 5664 2492 5744 nantia
2523 5666 2590 5744 ad
2619 5665 2899 5744 rlizeresin.‘
2919 5681 2936 5714 ι
2974 5663 3106 5722 Vide
3131 5667 3314 5722 Mclllf.
3357 5669 3526 5722 Hebr.
3554 5667 3874 5744 Christoplt.

2308 5734 2652 5801 Cartwrighti
2685 5747 2804 5803 cap.
2837 5731 2923 5787 η.
3159 5743 3165 5749 ’
