4032 6334
137 343 292 411 “Si
1508 364 1694 427 DISS]

1794 369 2025 432 ΓΑΤΙΟ.
3243 377 3264 442 1
3278 376 3377 443 182

139 460 981 571 ξασξλείῗνικέτιξιονορίήσξῐιμεκι·
1001 468 1060 522 ὲν
1087 469 1235 571 «uti;
1257 473 1484 571 _Xptart';t
1505 477 1583 546 τῷ
1601 478 1694 547 Θες

1820 494 1870 538 et
1903 485 2186 569 imperium
2233 501 2356 543 cum
2422 489 2794 559 omnipotente
2850 489 3049 567 Patre,
3081 499 3135 544 et
3189 502 3376 546 sancto

138 551 337 650 ἱμῶν..
364 551 410 618 ᾧ
433 554 482 650 ὴ-
499 551 624 650 δόξει
659 556 754 608 καὶ
780 555 841 608 τὸ
867 558 1066 628 κράτος
1096 561 1193 616 σὺν
1219 562 1292 633 τῷ
1322 566 1694 639 παντοκράτορ

1821 551 2070 646 bonoque
2094 591 2157 643 ac
2186 578 2308 633 vitae
2331 590 2554 634 auctore
2577 551 2824 650 ISpirilu,
2845 596 2990 636 nunc
3018 561 3074 636 et
3090 596 3302 650 semper
3324 590 3377 636 et

141 640 337 732 Πατρὶ
400 645 492 698 καὶ
538 644 616 716 τῷ
664 648 913 720 παναγίῳ
958 651 1051 703 καὶ
1102 652 1294 724 ἁγαθῷ
1343 657 1434 709 καὶ
1474 655 1694 721 ζωοποιέ

1824 666 1876 719 in
1907 667 2104 722 saecula
2143 669 2485 726 saeculorum.
2515 673 2707 725 Amen.

143 733 478 806 Πνεῦματι,
526 738 619 790 νῦν
666 740 761 792 καὶ
802 741 889 793 ἀεὶ
938 743 1032 795 καὶ
1076 745 1157 806 εἰς
1205 746 1329 807 τοῦς
1378 746 1580 808 αἰῶνας
1617 749 1724 800 τῶν

146 824 388 882 αἰώνων.
443 828 637 899 Ἀμήν.

505 919 681 987 Τέλος
719 921 826 976 τοῦ
875 924 1380 992 Ἐκκλησιαστοῦ.

2312 922 2466 978 Finis
2533 923 2884 984 Ecclesiaste.

157 1146 3340 1194 Μ

1225 1313 1422 1439 2‘96.
1485 1332 2316 1503 APPENDIX.

228 1711 578 1794 Reliquum
603 1720 721 1788 est,
751 1720 824 1777 ut
853 1715 1012 1778 illud
1045 1723 1362 1796 prmstem,
1409 1720 1583 1798 quod
1614 1721 1678 1806 in
1711 1721 2232 1784 annotationibus
2275 1723 2353 1784 ad
2382 1722 2632 1784 Leontii
2676 1722 3205 1787 commentarium
3273 1741 3367 1784 re-

139 1812 322 1890 cepi,
355 1831 456 1876 me
479 1811 721 1877 scilicet
749 1823 1144 1890 curaturum,
1174 1823 1246 1878 ut
1271 1816 1346 1878 ad
1379 1817 1611 1881 calcem
1645 1821 1874 1900 Operis
1903 1822 2280 1883 Dissertatio
2303 1823 2568 1884 Joannis
2603 1826 2862 1904 Lancea
2892 1827 2968 1888 de
2995 1832 3171 1887 astate
3206 1825 3367 1886 Gre-

137 1911 316 1990 gorii
349 1913 552 1976 nostri
578 1915 898 1978 ederetur.
932 1919 1089 1979 Ecce
1137 1933 1286 1979 vero
1314 1916 1514 1993 illam,
1547 1919 1755 1997 qualis
1789 1922 1954 1983 inter
2008 1922 2334 1999 Opuscu‘la
2389 1931 2716 1986 auctorum
2759 1928 3149 2001 Siculorum,
3183 1934 3226 1988 t.
3258 1925 3367 1997 ιν,

137 2030 292 2096 pag.
325 2013 388 2088 5,
427 2014 598 2078 edita
624 2022 726 2077 est”
749 2016 1041 2079 Panormi
1071 2034 1238 2081 anno
1268 2016 1442 2079 1760.

665 2226 772 2288 DE
807 2225 1100 2291 ETATE
1154 2231 1224 2291 B.
1265 2231 1654 2296 GREGORII
1706 2233 2435 2301 AGRIGENTINORUM
2501 2235 2854 2298 EPISCOPI

1354 2416 2135 2511 DlSSERTATlO

1181 2622 1466 2682 JOANNIS
1493 2625 1789 2684 LANCEAE
1820 2628 2312 2686 PANORMITANI.

207 2938 253 2995 1.
274 2935 538 2994 Octavius
551 2932 1104 3006 Cajetanus,egregia:
1120 2933 1200 2989 vel
1222 2933 1510 3005 singularis
1530 2936 1707 3003 potius
1737 2942 1779 2997 Β
1808 2941 2044 2996 oratione
2075 2943 2336 3006 azmulari,
2365 2942 2444 2996 vel
2485 2951 2621 2998 certe
2650 2943 2712 2997 de
2750 2946 2948 2998 sanctis
2978 2944 3084 3001 illis
3134 2951 3366 3019 magnis-

134 3030 408 3086 doctrintn
465 3028 567 3093 vir,
629 3026 833 3096 quique
869 3026 1056 3081 Siculo
1088 3026 1292 3080 nomini
1346 3028 1585 3081 maximo
1609 3025 1708 3081 fuit
1809 3047 1906 3100 que
1937 3032 2182 3085 Pati-ibus
2207 3036 2501 3102 quempiam
2523 3034 2678 3102 plane
2709 3034 2930 3088 videtur.
2960 3025 3026 3088 Ἀι
3045 3049 3235 3110 preter
3260 3058 3365 3094 ca:-

136 3126 508 3184 incremento.
541 3122 680 3176 vitas
707 3121 1045 3177 concinnans
1097 3120 1402 3176 sanctitatis
1465 3120 1608 3175 fama
1647 3121 1707 3173 il-
1809 3129 1946 3173 tero:
1990 3121 2298 3174 incredibile
2344 3121 2476 3188 cepit
2528 3136 2591 3174 ea:
2629 3121 2836 3176 homine
2902 3124 3148 3194 gaudium
3189 3128 3367 3196 piissi-

135 3217 399 3272 lustrium
467 3213 816 3279 Siculorum,
877 3213 1111 3282 publicis
1175 3213 1367 3267 litteris
1435 3214 1708 3268 commisit
1807 3228 1922 3265 mus
1961 3214 2245 3281 imperator
2297 3223 2470 3266 noster
2497 3211 2829 3266 Justinianus
2861 3227 3211 3287 ,senalusque
3245 3222 3366 3272 uni-

137 3307 361 3362 Leontii
392 3305 644 3362 monachi
681 3305 1150 3359 Commentarium
1179 3345 1194 3370 ,
1247 3303 1434 3359 Graece
1485 3305 1703 3374 quidem
1806 3319 2003 3357 versus.
2040 3302 2170 3356 Eunt
2195 3305 2356 3374 igitur
2394 3298 2692 3374 amplexati
2714 3305 2901 3359 Patres
2939 3324 3136 3372 omnes,
3181 3313 3271 3380 qui
3297 3311 3365 3364 ad

135 3402 429 3470 scriptum,
465 3399 556 3452 sed
587 3397 778 3452 Latine
796 3405 1004 3451 tantum
1039 3404 1510 3464 rcpraasentatum,
1542 3396 1705 3448 inter-
1745 3469 1751 3470 ί
1803 3411 1917 3447 eam
1957 3396 2209 3465 synodum
2261 3405 2623 3457 convenerant,
2669 3397 2832 3465 eique,
2873 3406 2930 3449 ut
2965 3398 3080 3465 jam
3105 3400 3356 3466 diximus,

133 3501 291 3560 prete
335 3488 627 3542 Francis-co
671 3488 882 3557 Rajato,
931 3487 998 3541 de
1046 3487 1206 3540 rebus
1257 3500 1287 3540 a
1357 3487 1703 3541 sanctissimo
1743 3469 1756 3476 “
1805 3487 2078 3554 gratulati,
2121 3487 2188 3539 ad
2225 3503 2347 3540 suas
2411 3489 2646 3554 ipsorum
2698 3488 2842 3541 sedes
2879 3490 3094 3557 quisque
3138 3492 3352 3546 rediere.

133 3582 614 3652 Agrigentinorum
679 3580 937 3648 episcopo
974 3577 1235 3648 Gregorio
1265 3579 1452 3648 gestis,
1501 3581 1593 3647 qui
1629 3588 1705 3632 tot
1808 3580 1949 3648 Ergo
1984 3580 2061 3633 sic
2105 3581 2295 3633 statuit
2330 3579 2654 3650 Caietanus:
2703 3579 2780 3642 Si,
2836 3596 2944 3650 quo
2995 3597 3139 3634 anno
3176 3584 3361 3638 habita

132 3673 340 3730 saecula
401 3672 454 3726 in
493 3670 823 3725 Messanensi
877 3669 1274 3724 Basilianorum
1314 3670 1702 3723 monachorum

134 3765 473 3821 bibliotheca
529 3763 842 3817 delituerat.
874 3760 1084 3831 Quippe
1137 3776 1265 3815 vero
1316 3760 1542 3815 scholiis
1574 3762 1701 3814 illu-

132 3853 424 3909 strandum
453 3852 562 3908 sibi
590 3851 872 3920 imposuit,
909 3851 1173 3921 quidquid
1209 3851 1310 3905 hoc
1343 3866 1567 3904 munere
1612 3850 1700 3903 di-

133 3961 306 4016 gnum
369 3943 718 4000 exhiberetur
745 3943 798 3996 in
833 3941 900 3997 iis
932 3942 1017 3997 vel
1046 3942 1113 3995 ab
1171 3955 1313 4007 sese,
1343 3943 1427 3994 vel
1462 3942 1529 3996 al)
1555 3941 1698 4005 aliis,

130 4051 371 4109 quorum
429 4045 705 4107 promeret
755 4049 929 4104 opus,
972 4027 1323 4102 conscriptis,
1350 4033 1489 4088 hanc
1523 4034 1697 4103 ipsam

132 4130 353 4186 navavit
404 4139 644 4199 spartam
681 4129 734 4182 in
781 4127 990 4181 Leontii
1025 4127 1249 4180 historia
1287 4125 1517 4180 edenda.
1555 4125 1697 4196 Ergo

131 4228 222 4282 ubi
267 4225 686 4296 disquirendum
743 4224 848 4281 sibi
895 4224 1058 4279 sumit
1112 4223 1178 4278 de
1217 4232 1392 4287 aetate,
1425 4238 1531 4292 qua
1561 4223 1699 4277 vixit

1803 3671 2272 3739 Constantinopoli
2307 3672 2548 3741 synoius
2583 3672 2942 3733 meumenica,
2979 3689 3158 3726 rerum
3191 3676 3366 3741 potie-

1803 3761 1965 3815 batur
1995 3759 2339 3814 JtiStinianus
2370 3761 2533 3830 Aug,
2570 3778 2650 3815 na:
2673 3761 2916 3830 Gregorii
2945 3773 3075 3817 aetas
3104 3763 3168 3816 ad
3197 3763 3365 3818 Justi-

1802 3854 2023 3907 nianum
2050 3854 2065 3905 l
2091 3853 2415 3916 revocanda,
2441 3854 2595 3922 Cujus
2616 3846 2827 3921 imperii
2852 3871 2991 3906 anno
3013 3855 3101 3918 26,
3157 3855 3363 3911 Christi

1803 3945 2135 4016 Dionysi-ano
2168 3947 2292 4010 555,
2346 3955 2535 4000 coacta
2593 3946 3060 4014 Constantinopoli
3114 3961 3356 4000 cacume-

1802 4038 1924 4091 nica
1947 4054 1981 4091 v
2009 4038 2273 4107 synodus,
2310 4053 2436 4091 nam
2470 4038 2536 4091 ad
2577 4054 2626 4092 v1
2649 4037 2791 4106 quod
2823 4039 3044 4103 attinet,
3073 4054 3192 4107 quae.
3215 4037 3359 4093 Con-

1802 4129 2279 4198 stantinopolitana
2337 4145 2415 4190 ιιι,
2461 4139 2784 4198 congregata
2818 4145 2963 4183 anno
3009 4129 3207 4184 Christi
3258 4130 3350 4182 68l
3448 4182 3464 4190 ,

1800 4222 2161 4276 Constantino
2234 4221 2515 4289 Pogonato
2595 4221 2918 4290 imperante.
2966 4220 3138 4277 .Cum
3233 4235 3362 4275 vero

130 4291 480 4391 Gregorius,“
504 4317 559 4372 in
585 4332 704 4372 eam
739 4318 836 4371 ivit
887 4316 1229 4396 sententiam,
1263 4291 1451 4384 quam,
1476 4315 1696 4369 'cunctis
1721 4291 1764 4350 δ
1798 4313 2058 4368 Leontitis
2078 4323 2233 4367 relate
2256 4314 2478 4383 aequalis
2497 4312 3104 4382 fueritGregorio,utex
3126 4314 3361 4381 ipsomet

131 4409 263 4464 viris
323 4409 606 4479 equisque,
642 4413 703 4461 ut
739 4406 962 4472 dicitur,
996 4415 1300 4476 propugnat
1338 4446 1353 4472 ,
1395 4404 1699 4474 conjicien-

130 4503 256 4557 dum
284 4502 434 4556 illum
466 4500 520 4556 in
565 4496 856 4562 Iustiniani
903 4496 924 4550 Ι
971 4498 1110 4566 Aug.
1150 4505 1415 4565 tempora,
1463 4487 1696 4549 erroris-

130 4610 233 4665 que
266 4595 484 4649 incusat
505 4607 629 4647 cum
703 4587 992 4658 Menologii
1027 4628 1042 4653 ,
1109 4587 1310 4641 Basilio
1374 4585 1562 4655 lAug.
1608 4587 1697 4656 ju-

135 4689 299 4743 bente
325 4686 636 4756 perscripti,
679 4693 793 4738 tum
825 4683 1090 4752 epitomes
1123 4680 1246 4734 vita:
1275 4690 1574 4745 auctorem,
1601 4696 1696 4734 cu-

128 4783 212 4848 jus
239 4780 493 4837 Graecum
531 4778 807 4846 exemplar
861 4791 927 4832 ex
984 4790 1086 4829 ms.
1120 4774 1310 4828 codice
1359 4771 1569 4828 Veneto
1597 4774 1692 4828 de-

132 4881 444 4944 promptum
484 4870 588 4926 sibi
619 4869 842 4924 miserat
872 4866 936 4920 ν.
981 4867 1062 4921 Cl.
1104 4865 1496 4921 Constantinus
1530 4863 1694 4918 frater

132 4964 302 5019 abbas
347 4961 753 5023 Benedictinus,
796 4973 1026 5026 eamque
1057 4956 1351 5010 Latinitate
1389 4950 1688 5018 donatam,

133 5055 362 5123 suisque
449 5059 667 5106 auctam
785 5049 1353 5105 animadversionibus
1414 5049 1689 5118 supplevit

136 5145 445 5201 Leontianae
471 5143 733 5208 historiae,
757 5143 884 5213 quia
905 5142 1107 5197 diserte
1124 5141 1193 5196 ab
1214 5141 1278 5194 iis
1303 5141 1366 5195 ad
1395 5142 1522 5211 imp.
1549 5141 1686 5196 Caes.

130 5233 420 5292 Justiniani
447 5232 491 5289 ll
525 5248 699 5290 annos
767 5234 1060 5289 referatur.
1094 5233 1385 5287 Sententiae
1428 5250 1540 5288 suae
1569 5233 1689 5288 fun-

132 5324 441 5381 damentum
466 5326 521 5380 in
537 5341 602 5379 eo
627 5325 883 5395 positum,
917 5325 1060 5395 quod
1089 5323 1368 5386 Leontius,
1400 5336 1684 5394 postquam

133 5425 437 5472 enarrasset
457 5416 810 5475 mcumenicse
842 5418 1053 5485 synodo
1069 5417 1687 5485 Constantinopolitaua:

133 5505 438 5562 interfuisse
463 5507 806 5578 Gregorium,
838 5523 1124 5576 personam
1165 5518 1435 5579 gerentem
1473 5513 1685 5580 cpisco«

1797 4405 2186 4460 commentario
2237 4403 2519 4475 hauritur,
2563 4403 2711 4456 nullo
2765 4405 2926 4457 modo
2973 4401 3361 4467 dubitandum,

1795 4498 1924 4567 quin
1958 4510 2056 4549 nec
2081 4510 2204 4548 vera
2244 4493 2527 4547 tradiderit
2565 4493 2851 4556 Baronius.
2903 4495 2997 4562 qui
3033 4494 3084 4546 in
3117 4494 3264 4547 notis
3289 4494 3357 4546 ad

1794 4589 2102 4642 Romanum
2160 4585 2600 4656 Martyrologium
2643 4586 2801 4640 annis
2849 4584 3084 4638 Mauritii
3137 4585 3273 4651 Aug.
3302 4593 3358 4638 et

1795 4678 2039 4750 Gregorii
2084 4677 2130 4741 1,
2173 4676 2230 4732 P.
2263 4677 2358 4743 M.,
2392 4679 2628 4732 vindicat
2663 4677 2984 4746 Gregorium
3017 4675 3352 4744 episeopum,

1792 4788 1966 4841 neque
1999 4771 2174 4842 ipsum
2203 4770 2338 4825 adeo
2381 4769 2738 4837 Menologium
2789 4767 3143 4834 Basilianum,
3181 4785 3357 4838 neque

1792 4863 2009 4916 tandem
2056 4861 2422 4931 Epitomastes
2449 4861 2686 4924 Graecus,
2723 4860 2816 4929 qui
2866 4859 2935 4914 ad
2981 4858 3270 4913 lustiuiani
3307 4857 3348 4912 ll
3435 4927 3437 4930 q

1790 4950 2122 5007 Rhinotineti
2167 4943 2435 5019 tempora
2494 4950 2840 5018 protrahunt.
2921 4947 3044 5002 Haec
3100 4947 3346 5017 Cajetani

1789 5045 2072 5098 sententiae
2099 5057 2336 5103 summa,
2357 5057 2498 5110 quae,
2530 5050 2588 5095 ut
2625 5042 2804 5110 specie
2841 5042 2953 5096 veri
2981 5056 3087 5094 non
3123 5042 3356 5095 destitu-

1787 5146 1859 5202 ta,
1891 5138 1963 5190 ita
1996 5151 2184 5204 reapse
2239 5135 2406 5203 (quod
2437 5134 2572 5187 tanti
2615 5133 2714 5185 viri
2751 5147 2883 5202 pace
2929 5132 3180 5202 dixerim)
3208 5149 3236 5186 a
3261 5149 3354 5187 ve-

1787 5226 1945 5280 ritate
2015 5238 2150 5278 sane
2204 5237 2366 5292 quam
2417 5223 2739 5286 abhorrens,
2793 5224 2939 5290 quod
2987 5239 3093 5276 non
3151 5237 3258 5277 uno
3315 5238 3346 5278 e

1785 5318 1960 5386 capite
1994 5315 2211 5384 planum
2243 5329 2329 5368 me
2385 5313 2655 5380 facturum
2701 5314 2935 5368 conlido.
2982 5315 3169 5384 itaque
3208 5315 3346 5368 rele-

1785 5423 1907 5478 gam
1940 5407 2293 5461 Leontianam
2338 5407 2642 5470 historiam,
2693 5415 2828 5470 tum,
2879 5421 3002 5474 quae
3043 5405 3344 5462 evertenda:

1783 5499 2056 5569 Cajetana‘.
2089 5500 2330 5568 Opinipni
2369 5508 2680 5564 occurrunt,
2718 5513 3038 5567 proponam,
3071 5507 3342 5565 postremo

135 5595 182 5662 pi
211 5595 450 5650 Serdica:
468 5597 802 5652 Constantia
852 5596 1037 5666 Cypri,
1093 5597 1489 5668 haereticosque
1525 5600 1681 5667 plane
1780 5595 1956 5651 dicam
2012 5611 2134 5665 qua:
2161 5596 2336 5650 sentio
2391 5596 2457 5649 de
2491 5594 2734 5663 Gregorii
2774 5603 2948 5657 aetate,
2980 5607 3151 5660 eaque
3180 5608 3343 5662 argu-

135 5687 462 5758 proﬂigasse,
511 5686 626 5763 haec
660 5688 856 5743 tradit:
893 5688 1022 5754 ρυω
1050 5705 1174 5742 sane
1216 5705 1334 5742 cum
1362 5683 1683 5745 multi’acce—

136 5777 340 5843 pissent,
371 5777 631 5851 undenam
659 5778 737 5832 vir
767 5779 861 5832 iste
885 5782 907 5834 ?
928 5778 1181 5833 Dicebant
1210 5797 1226 5833 :
1264 5779 1514 5850 Angelum
1546 5783 1680 5836 cnim

1776 5699 2082 5744 mentorum
2112 5689 2346 5756 pondere
2377 5689 2680 5741 tirmavero.

1844 5783 2045 5850 ll.Age
2101 5782 2212 5848 jam
2248 5779 2504 5837 Leontius
2547 5781 2755 5851 patrios
2820 5779 2963 5836 lares
3019 5779 3326 5835 deseruisse
