4032 6334
659 411 799 476 1183

1546 415 1643 476 DE
1683 417 1944 506 mare
1980 421 2038 480 s.
2066 393 2440 484 GREGORII
2482 423 2989 486 AGRIGENTINI

3777 428 3909 499 1184

657 525 982 614 Gregorium
1024 523 1393 594 Hierosolyma
1433 527 1759 596 c0gitantcm
1812 531 2004 586 scribit
2049 534 2222 602 pridie
2251 541 2297 594 Α
2327 540 2449 600 nus,
2489 535 2808 605 Ephrtemus
2845 538 3218 592 Antiochenus
3243 578 3259 604 ,
3305 535 3502 596 Petrus
3543 540 3906 614 Jerosolymi-

659 613 777 669 Kal.
812 611 946 679 Jul.,
979 628 1101 668 cum
1147 629 1353 668 annum
1385 627 1569 684 ageret
1616 619 1699 683 l8,
1733 621 1963 689 navique
1997 623 2226 691 imposi-

661 713 774 758 tum
811 704 1196 773 Carthaginem
1229 705 1509 773 appulisse
1546 717 1667 776 post
1719 718 1828 765 tres
1880 712 2017 777 dies,
2048 714 2228 783 ibique

672 795 908 864 hospitio
928 810 957 849 a
988 796 1246 849 nauclero
1273 797 1389 865 ipso
1417 801 1835 869 exceptum,qui
1874 817 1940 856 eo
1972 803 2226 868 duxerat,

660 887 845 941 tandiu
869 887 1206 950 consedisse,
1238 890 1418 956 quoad
1476 889 1689 944 Marcus
1724 893 2023 948 monachus
2059 893 2229 949 Roma

664 978 948 1032 advenerit
975 992 1099 1030 eum
1133 974 1453 1046 Serapione,
1479 989 1532 1033 et
1578 979 1826 1046 Leontio,
1865 983 1957 1052 qui
1983 982 2082 1052 (sic
2113 999 2232 1037 mo-

662 1079 826 1124 nente
867 1068 999 1136 Deo)
1040 1069 1416 1140 Hierosolyma
1472 1071 1795 1127 deduceret:
1842 1081 2149 1130 transactos
2199 1092 2230 1132 a

661 1159 1008 1228 Carthaginis
1034 1160 1260 1213 decessu
1292 1159 1358 1214 ad
1400 1159 1904 1232 Hierosolymorum
1941 1166 2232 1219 adventum

665 1263 876 1304 menses
895 1248 947 1312 6,
984 1249 1075 1304 ubi
1106 1266 1135 1303 a
1168 1249 1405 1305 Macario
1437 1253 1554 1317 ejus
1587 1255 1740 1309 urbis
1773 1256 2032 1324 episcopo
2068 1257 2230 1327 297

665 1339 979 1394 Pentecoste
1009 1380 1023 1403 ,
1079 1355 1200 1409 qua:
1260 1343 1506 1410 proxime
1542 1345 1799 1410 obvenit,
1839 1346 2101 1402 diaconus
2119 1347 2234 1401 lue-

666 1431 736 1483 rit
763 1432 1023 1487 initiatus:
1045 1433 1274 1486 subinde
1301 1449 1430 1488 vero
1451 1435 1631 1490 abisse
1671 1437 1725 1489 in
1777 1435 2047 1492 Olivetum
2076 1455 2233 1495 mon-

669 1531 798 1584 tem,
837 1523 928 1576 ubi
956 1538 1158 1576 annum
1189 1524 1458 1593 integrum
1492 1526 1835 1582 diversatus:
1870 1529 1994 1583 inde
2032 1531 2085 1583 in
2118 1545 2235 1586 ere-

668 1627 813 1665 mum
842 1614 1158 1675 secessisse.
1180 1615 1232 1667 in
1253 1631 1360 1684 qua
1383 1632 1556 1672 annos
1581 1605 1866 1674 tvdelituit
1886 1639 1897 1673 :
1915 1620 2238 1676 bincHiero-

667 1702 873 1770 solyma
901 1717 1202 1766 reversum,
1239 1702 1480 1758 Macario
1505 1707 1683 1761 adhuc
1723 1708 1977 1773 pontiﬁce
1997 1751 2012 1775 ,
2050 1725 2236 1764 mora-

667 1799 889 1861 tumque
947 1807 1151 1846 annum
1198 1809 1390 1858 unum,
1459 1795 1584 1849 inde
1628 1796 1971 1851 Antiochiam
2026 1798 2238 1868 Syriatl

2335 632 2496 677 Ianus
2532 624 2795 692 episc0pi.
2830 622 3056 677 lubente
3083 640 3143 678 eo
3172 625 3300 692 (hoc
3338 635 3426 682 est
3458 625 3798 697 Iustiniano,
3828 635 3909 687 ait

2335 713 2622 769 Liberatus
2647 730 2764 784 cap.
2803 715 2872 770 2'5
2904 714 3188 786 Breviarii)
3250 720 3455 786 dictata
3493 731 3569 774 est
3622 723 3677 774 in
3712 723 3907 794 Orige-

2335 819 2471 865 nem,
2506 817 2554 857 et
2587 805 2684 858 illa
2721 805 2968 882 Capitula
2994 810 3348 863 anathematis
3375 812 3655 865 damnatio
3687 856 3702 879 ,
3746 832 3908 883 quam

2334 894 2708 948 subscribentes
2757 911 2862 947 una
2925 911 3043 948 cum
3109 895 3264 950 Mena
3320 901 3711 967 archiepiscopo
3763 905 3910 968 apud

2336 981 2846 1053 Constantinopolim
2881 990 3093 1056 reperti,
3115 990 3301 1042 deinde
3347 991 3550 1043 directa
3581 1003 3659 1046 est
3712 994 3910 1061 Vigilio

2338 1073 2576 1129 Romano
2604 1079 2861 1146 episcopo,
2898 1077 3049 1132 Zoilo
3092 1079 3457 1135 Alexandrino
3493 1123 3507 1146 ,
3564 1081 3910 1150 Euphrcmio

2339 1167 2678 1231 Antiocheno,
2708 1178 2755 1221 et
2800 1167 2958 1221 Petro
3006 1167 3452 1238 Jerosolgmitano
3486 1211 3502 1236 ,
3545 1174 3736 1240 quibus
3791 1190 3912 1225 eam

2337 1255 2711 1328 accipientibus
2736 1253 2984 1323 Origenes
3009 1256 3294 1309 damnatus
3345 1266 3422 1309 est
3482 1268 3720 1311 mortuus
3755 1299 3775 1325 ,
3819 1263 3914 1328 qui

2339 1345 2484 1397 vivus
2523 1326 2652 1396 dtim
2684 1343 2858 1412 fuerat
2895 1354 3014 1396 ante
3047 1345 3365 1398 damnatus.
3411 1345 3677 1402 Baronius
3715 1326 3916 1403 isthic

2341 1433 2624 1502 consignat
2649 1433 2714 1486 ad
2746 1449 2948 1486 annum
2980 1433 3100 1498 546,
3135 1434 3225 1489 sed
3251 1434 3416 1503 Pagio
3449 1438 3720 1491 assentior
3744 1479 3762 1502 ,
3815 1441 3914 1507 qui

2342 1523 2561 1578 biennio
2587 1524 2852 1591 anticipat
2887 1525 2977 1592 (ad
3010 1539 3137 1577 ann.
3173 1523 3321 1593 5-H).
3358 1525 3455 1589 Qui
3482 1526 3648 1592 igitur
3685 1519 3915 1596 Cajeta-

2341 1629 2447 1668 nus
2481 1613 2945 1684 Jerosolymorum
2977 1615 3132 1669 nobis
3160 1615 3477 1684 episcOpum
3512 1618 3761 1670 obtrudit
3795 1617 3916 1671 Ma-

2342 1704 2550 1760 carium
2605 1718 2694 1756 an.
2726 1703 2848 1766 542,
2885 1719 3008 1758 cum
3047 1703 3222 1757 adlmc
3269 1719 3412 1758 anno
3460 1706 3562 1758 5M
3609 1708 3913 1776 episcopa-

2346 1800 2458 1845 tum
2485 1800 2692 1861 gercret
2718 1791 2909 1847 Petrus
2931 1794 2954 1844 ?
2979 1793 3071 1861 qui
3103 1792 3398 1860 Gregorius
3429 1810 3459 1847 a
3494 1793 3734 1848 Macario
3770 1811 3916 1848 nun-

646 1878 1012 1946 ‘metrnpolim
1062 1880 1399 1948 demigrasse
1444 1896 1496 1935 tv
1546 1881 1619 1935 Id.
1664 1883 1887 1950 Aprilis,
1918 1884 2103 1953 ibique
2139 1901 2237 1940 an-
2272 1880 2313 1934 Β
2342 1879 2469 1933 dum
2503 1879 2757 1947 episcopo
2779 1880 3045 1935 diaconus
3069 1884 3397 1937 constitutus
3423 1897 3565 1935 anno
3588 1885 3736 1942 545?
3768 1881 3920 1938 Sane

671 1976 797 2024 nuin
844 1971 1048 2039 egisse;
1081 1972 1209 2026 hinc
1229 1971 1782 2042 ConstantinOpolim,
1810 1976 2240 2047 interfuisseque

668 2061 880 2132 synodo
909 2062 1282 2126 tecnmenicae.
1331 2078 1505 2133 eaque
1568 2065 1793 2120 dimissa
1848 2066 2076 2121 Romam
2117 2084 2243 2138 pro-

589 2195 591 2197 .
670 2149 892 2216 fectum,
956 2167 1066 2221 quo
1125 2155 1370 2221 pervenit
1404 2171 1455 2207 xi
1511 2152 1979 2219 Kal.Quintileis,
2011 2164 2278 2225 moxque’

669 2241 984 2306 episcopum
1018 2241 1390 2308 Agrigentinae
1429 2241 1687 2298 Ecclesiae
1722 2246 2121 2300 renuntiatum.
2166 2246 2243 2300 Ex

671 2329 772 2380 hac
807 2327 1017 2382 Leontii
1066 2335 1382 2396 narratione
1449 2332 1596 2386 hunc
1655 2334 1848 2388 statuit
1884 2321 2245 2406 Chronologi-

671 2435 847 2474 smum
869 2419 1162 2489 Cajetanus
1188 2437 1202 2474 :

743 2510 869 2564 5η.
906 2527 1038 2566 xvttt
1069 2529 1227 2584 agens
1272 2507 1562 2566 annum'ab
1597 2518 1782 2583 angelo
1813 2518 2040 2571 monitus
2075 2502 2245 2587 pridie

680 2598 806 2656 Kal.
834 2603 972 2657 Julii
1024 2606 1240 2675 fugam,
1284 2615 1333 2658 et
1387 2587 1862 2674 peregrinationem
1897 2606 2246 2679 Jerosolymi-

674 2707 854 2748 lanam
881 2697 1124 2764 capessit.

744 2787 870 2841 545.
894 2787 1024 2841 Post
1058 2805 1254 2843 menses
1281 2789 1388 2858 fere
1421 2804 1472 2841 vr
1495 2828 1508 2853 ,
1553 2785 1940 2857 Jerosolymam
1992 2792 2241 2857 pervenit,

677 2895 931 2947 sacraque
974 2879 1090 2932 lo'ca
1150 2889 1455 2941 veneratur,
1516 2878 1605 2930 ubi
1659 2881 1857 2932 sanctis
1911 2880 2243 2935 Pentecostes

678 2971 858 3023 diebus
903 2987 934 3022 α
969 2969 1204 3024 Macario
1239 2972 1478 3038 episcopo
1503 2968 1947 3038 Jerosolgmitano
1993 2972 2245 3026 diaconus

678 3061 979 3114 ordinatur.

750 3151 876 3205 544.
919 3149 1091 3203 Paulo
1115 3163 1230 3218 post
1261 3157 1450 3208 montis
1516 3154 1703 3211 Oliveti
1755 3150 2076 3206 monasteria
2115 3149 2242 3213 obit,

678 3255 834 3311 atque
860 3230 913 3292 in
945 3241 1009 3293 iis
1041 3258 1236 3294 annum
1263 3243 1576 3298 diuersetur.

749 3331 996 3387 549..E:t:
1051 3331 1251 3387 Oliveto
1318 3336 1370 3388 in
1408 3353 1637 3389 erentum
1691 3335 1990 3388 interiorem
2023 3332 2244 3399 secedit,

678 3440 723 3477 et
781 3440 946 3477 annos
1028 3441 1078 3476 tv
1149 3404 1291 3494 apud
1343 3443 1515 3481 senem
1597 3428 1877 3495 quemdam
1937 3441 2240 3479 commora-

684 3526 787 3570 tur.

693 3659 697 3664 .
754 3607 877 3662 550.
910 3607 1237 3680 Jerosolgma
1287 3611 1418 3664 redit
1465 3610 1532 3662 ad
1576 3609 1873 3662 Macarium
1914 3608 2249 3676 episcopum:

684 3701 766 3752 hic
812 3715 973 3752 unum
1024 3717 1219 3754 annum
1261 3702 1419 3770 agit:
1467 3716 1586 3754 mox
1632 3700 1964 3752 Antiochiam
2005 3697 2250 3766 proficis-

683 3786 823 3841 citur
856 3805 905 3842 tv
939 3789 1067 3844 ldus
1103 3792 1320 3858 Aprilis.

755 3878 878 3932 552.
919 3877 1018 3932 Ubi
1048 3896 1242 3933 annum
1268 3881 1560 3935 Antiocltite
1586 3881 1777 3950 exegit,
1807 3879 2252 3947 Constantinopo-

683 3970 773 4023 lim
809 3972 942 4024 adit.

757 4063 879 4116 555.
912 4061 993 4114 lbi
1025 4064 1224 4131 synodo
1267 4063 1507 4130 interfuit
1545 4104 1559 4126 ,
1600 4078 1723 4132 quae
1775 4061 1956 4114 habita
1995 4072 2068 4115 est
2115 4077 2252 4114 anno

688 4153 886 4208 Christi
939 4153 1061 4216 553,
1109 4169 1141 4204 a
1171 4155 1368 4220 synodo
1419 4156 1598 4204 statim
1653 4152 1871 4205 Romam
1909 4152 2140 4219 peruenit
2199 4168 2252 4205 χι

691 4245 813 4300 Kal.
844 4243 997 4309 Julii,
1033 4253 1336 4298 sanctorum
1379 4243 1737 4312 apostolorum
1765 4243 2005 4310 sepulcra
2041 4259 2252 4295 venera-

693 4349 859 4390 turus.

769 4422 894 4477 555.
959 4423 1061 4476 Hic
1118 4439 1149 4477 a
1197 4422 1434 4476 Romano
1489 4422 1736 4491 pontiﬁce
1798 4420 2081 4474 ordinatur
2145 4423 2254 4488 epi-

2343 1968 2558 2031 Petrus,
2590 1970 2680 2039 qui
2705 1968 2997 2025 Justiniani
3032 1972 3209 2024 edicto
3272 1974 3602 2041 astipulatus
3629 2017 3643 2038 ,
3685 1973 3916 2032 let-oso-

2343 2059 2639 2129 lymitanus
2674 2060 2915 2129 pontifex
2951 2061 3123 2114 audiit
3173 2077 3316 2114 anno
3357 2062 3498 2126 525,
3546 2079 3658 2131 quo
3697 2063 3910 2119 Joanni

2344 2152 2629 2206 successit.
2660 2151 2852 2206 Nullus
2877 2153 3042 2222 igitur
3074 2163 3201 2206 ante
3237 2153 3453 2207 Petrum
3485 2154 3786 2226 Illacarius,
3820 2161 3916 2226 qui

2343 2241 2588 2296 diaconis
2639 2241 2956 2311 ascripserit
3004 2240 3351 2310 Gregorium.
3393 2224 3575 2312 Itaque
3622 2224 3920 2301 characte-

2345 2349 2458 2388 rem
2495 2333 2716 2388 Macarii
2764 2337 3115 2402 episcopatus
3149 2334 3508 2389 obsistentem
3554 2337 3658 2390 sibi
3705 2339 3919 2391 sentiat

2342 2426 2658 2495 Cajetanus,
2691 2427 2784 2496 qui
2821 2425 3144 2496 Gregorium
3179 2426 3245 2480 ad
3274 2425 3566 2482 Justiniani
3607 2427 3629 2482 ι
3661 2437 3916 2499 tempora

2344 2520 2540 2573 elevat.

2413 2606 2504 2661 IV.
2537 2606 2675 2672 Quid
2702 2593 2832 2659 vero
2873 2605 3015 2674 quod
3056 2605 3288 2668 Pascha,
3344 2607 3483 2673 quod
3526 2605 3922 2678 Hierosolymis

2344 2697 2578 2752 cOnlecit
2609 2696 2927 2765 Gregorius,
2955 2697 3208 2751 convenit
3254 2697 3306 2750 in
3339 2695 3372 2749 6
3410 2696 3627 2766 Aprilis,
3669 2703 3923 2768 quando-

2345 2790 2561 2857 quidem
2610 2787 2769 2842 tradit
2828 2787 3120 2850 Lcontius,
3178 2787 3327 2841 illinc
3383 2786 3618 2842 Marcum
3663 2788 3920 2859 Gregorii

2345 2882 2532 2934 ducem
2570 2879 2882 2934 discessisse
2905 2895 3016 2934 xvu
3073 2877 3198 2932 Kal.
3259 2877 3396 2932 Maii
3459 2879 3625 2933 altera
3684 2898 3716 2933 a
3790 2899 3924 2936 non

2349 2971 2626 3024 Dominica
2707 2970 2845 3022 die?
2918 2970 3062 3022 Nova
3129 2968 3406 3023 Dominica
3489 2971 3628 3039 apud
3695 2971 3925 3028 Graecis

2345 3064 2566 3133 perinde
2620 3071 2772 3124 erat,
2811 3072 2971 3130 atque
3002 3061 3319 3115 Latinorum
3371 3060 3744 3133 Dominicag'n
3778 3064 3922 3118 albis

2349 3156 2639 3222 depositis;
2667 3155 2737 3206 ita
2764 3167 2890 3206 vero
2920 3153 3080 3218 dicta,
3121 3153 3233 3208 sive
3258 3154 3397 3222 quod
3425 3154 3678 3207 universa
3703 3155 3926 3210 hebdo-

2351 3262 2487 3310 mas,
2550 3260 2670 3314 quin
2745 3243 2948 3317 Pascha
3029 3247 3483 3311 consequebatur,
3538 3244 3928 3314 διακαινίσμος

2354 3341 2422 3392 ab
2455 3340 2520 3394 iis
2554 3347 2855 3402 vocaretur,
2887 3352 3061 3406 eoque
3091 3352 3225 3390 nova
3266 3337 3473 3404 singula
3496 3336 3676 3403 eiusce
3710 3337 3930 3392 hebdo-
4030 3361 4032 3426 ς

2353 3431 2527 3484 madis
2568 3431 2704 3492 dies,
2737 3430 2852 3483 sive
2899 3429 3039 3496 quod
3075 3429 3480 3483 ceclesiasticus
3528 3444 3701 3483 annus
3736 3443 3770 3482 a
3825 3428 3928 3483 Pa.

2351 3520 2535 3573 scbate
2599 3518 2795 3581 iniret,
2857 3517 2996 3586 quod
3053 3517 3170 3585 ipse
3227 3515 3401 3569 innuit
3454 3516 3738 3581 Leontius,
3799 3519 3926 3573 dum

2353 3610 2620 3672 dicturus,
2673 3608 2932 3677 postridie
2972 3607 3256 3662 Paschalis
3286 3608 3666 3678 episcoporum
3701 3623 3930 3664 conses-

2353 3717 2470 3755 sum
2507 3701 2689 3755 Romae
2729 3700 3058 3767 habendum,
3097 3700 3147 3754 in
3179 3714 3288 3768 quo
3318 3700 3548 3766 crimen,
3589 3702 3751 3769 cujus
3796 3702 3931 3757 Gre-

2353 3793 2532 3860 gorius
2585 3790 2950 3851 insimulatus,
2997 3789 3355 3855 judicaretur,
3386 3790 3682 3844 secundum
3713 3799 3928 3843 tantum

2353 3881 2804 3947 dicm'desiguat:
2842 3879 3107 3948 Afﬁrmant
3137 3879 3218 3932 illi
3273 3878 3573 3947 (inquiens)
3618 3879 3842 3933 audisse
3881 3897 3930 3933 se

2354 3974 2416 4025 de
2447 3974 2717 4026 hominum
2751 3973 2974 4025 adventu
2999 3988 3017 4024 :
3048 3983 3160 4025 erat
3202 3982 3375 4025 autem
3433 3971 3747 4034 Parasceve,
3812 3992 3931 4026 cum
4030 3993 4032 4002 ι

2355 4055 2686 4116 aduenerant.
2710 4061 2732 4114 Ι
2739 4063 2878 4130 gitur
2889 4060 3186 4129 pontiﬁcem
3211 4061 3284 4112 sic
3307 4059 3648 4130 alloquuntur
3664 4064 3930 4129 episcopi:

2355 4151 2563 4206 Jubesis
2606 4154 2874 4221 episcopos
2926 4157 3064 4207 coire
3096 4167 3303 4215 omnes,
3343 4168 3404 4204 ac
3434 4153 3480 4203 si
3532 4152 3625 4204 Dei
3684 4155 3929 4206 uoluntas

2358 4244 2556 4306 tulerit,
2575 4245 2658 4296 die
2687 4241 3194 4296 secundodecernito
3222 4258 3240 4305 ;
3268 4251 3321 4295 et
3350 4257 3471 4293 mox
3503 4257 3701 4295 nonum
3737 4259 3930 4296 nume-

2359 4345 2442 4389 rat
2472 4336 2634 4398 dietn,
2659 4335 2749 4405 qui
2782 4342 2930 4388 certe
2978 4350 3004 4384 τι
3033 4332 3298 4386 Paschate
3336 4349 3350 4385 :
3406 4330 3470 4384 Ut
3532 4342 3703 4385 autem
3758 4349 3930 4385 nouus

2358 4424 2532 4491 adfuit
2556 4425 2685 4485 dies,
2724 4423 2939 4474 mandat
2987 4420 3220 4490 pontifex
3271 4435 3375 4473 rem
3425 4421 3657 4472 divinam
3712 4430 3932 4487 peragat
4030 4443 4032 4476 :

689 4535 878 4588 scapus
937 4520 1230 4590 Agrigenti,
1286 4519 1423 4588 quod
1486 4535 1542 4594 at
1582 4517 1797 4586 Pelagio
1842 4517 2044 4586 factum
2100 4533 2252 4586 opor-
2287 4547 2330 4602 Β
2362 4511 2661 4602 Gregorius.
2694 4507 3226 4602 NeqttealitenGulli
3259 4517 3313 4602 et
3334 4507 3521 4602 ‘llelga:
3551 4525 3745 4561 annum
3772 4525 3932 4562 Suum

693 4612 814 4663 tuit.

693 4700 847 4755 Nunc
877 4702 1057 4785 omnia
1091 4700 1156 4756 ad
1185 4715 1411 4771 examen
1444 4715 1723 4754 vocemus.

740 4793 852 4860 ,lll'.
910 4793 1078 4848 Porro
1133 4792 1426 4864 Cajetanus
1472 4794 1537 4847 ad
1596 4792 1815 4867 Macarii
1864 4794 2011 4862 quod
2069 4793 2261 4847 attinet

697 4879 1099 4956 pontiﬁcatum;
1128 4884 1202 4938 ait
1247 4886 1442 4939 initum
1491 4885 1642 4938 illum
1671 4925 1684 4949 ,
1727 4883 1962 4940 Baronio
2015 4893 2258 4948 auctore,

697 4996 839 5034 anno
871 4979 972 5032 544
1005 4979 1249 5050 (emenda
1287 4978 1433 5048 546),
1483 4994 1548 5032 ex
1610 4979 1839 5030 aliorum
1890 4991 2019 5030 vero
2043 4985 2259 5030 senten-

701 5074 771 5124 tia
802 5086 942 5124 anno
969 5071 1279 5140 superiore;
1307 5070 1399 5125 sed
1444 5071 1539 5139 qui
1577 5078 1753 5122 tamen
1813 5067 2140 5138 repetendus
2192 5069 2258 5122 ab

702 5177 846 5216 anno
876 5161 1053 5214 saltim
1093 5159 1215 5222 542,
1243 5160 1464 5228 quando
1511 5175 1656 5212 anno
1691 5160 1812 5220 545,
1850 5174 1960 5228 quo
1988 5157 2264 5228 Jerosoly-

707 5272 788 5308 ma
821 5250 1095 5324 ingressus
1145 5254 1444 5322 Gregorius
1488 5293 1501 5318 ,
1557 5254 1671 5322 jam
1735 5252 1993 5306 Ecclesia:
2039 5262 2267 5320 praiet'at

707 5347 993 5409 Macarius,
1038 5345 1265 5399 Leontio
1319 5355 1472 5399 teste.
1506 5343 1602 5397 llic
1641 5346 1818 5412 primo
1862 5343 1992 5396 mihi
2043 5361 2130 5397 res
2165 5344 2270 5397 erit

707 5452 831 5492 cum
863 5435 1137 5503 Cajctano,
1175 5435 1265 5504 qui
1313 5434 1606 5489 Macarium
1655 5434 2116 5504 Jerosolymorum
2157 5435 2270 5502 epi-

709 5542 932 5595 scopum
970 5535 1116 5580 ratus
1145 5541 1290 5579 anno
1319 5526 1441 5590 542,
1483 5527 1627 5594 quod
1682 5526 1911 5578 minime
1965 5524 2267 5578 ferendum.

715 5619 998 5673 Enimvero
1029 5617 1421 5672 Justinianusl
1460 5633 1603 5670 anno
1649 5617 1771 5679 5M,
1827 5617 2062 5669 edictum
2108 5615 2274 5668 edidit

719 5721 978 5765 auersus
1033 5711 1134 5764 tria
1190 5710 1432 5778 Capitula
1469 5753 1481 5771 ,
1560 5709 1647 5761 cui
1698 5709 2025 5775 ascriptorcs
2119 5705 2273 5760 luere

727 5806 943 5857 Mcnnzts
999 5803 1659 5869 tlunstantiimpolitanus,
1718 5800 1901 5854 Zoilus
1961 5798 2275 5853 Alexandri-

2359 4601 2729 4660 ordiebantnr,
2768 4599 2911 4666 quod
2966 4597 3180 4654 tandem
3223 4598 3291 4649 ab
3332 4597 3417 4649 bis
3445 4596 3761 4663 abrogatum
3787 4610 3934 4648 anno

2360 4694 2522 4757 1577,
2550 4692 2618 4744 ab
2653 4691 2758 4743 illis
2785 4705 2928 4744 anno
2957 4689 3115 4744 1564.
3147 4687 3298 4758 (Pag.
3320 4689 3373 4741 in
3406 4686 3525 4740 Per.
3557 4686 3930 4762 Graeco-Dom.

2362 4800 2510 4838 num.
2545 4781 2658 4849 l5).
2688 4779 2804 4834 .lam
2837 4783 2882 4835 si
2918 4782 3186 4836 secundus
3221 4781 3289 4833 ab
3318 4795 3453 4833 nm'a
3491 4779 3774 4833 Dominica
3812 4779 3934 4832 dies

2364 4874 2670 4929 incurritin
2702 4873 2766 4927 l5
2789 4873 3012 4942 Aprilis,
3045 4885 3173 4940 ergo
3224 4855 3428 4925 Pascha
3485 4871 3538 4924 in
3585 4870 3617 4923 6
3660 4870 3931 4937 ejusdem.
3986 4918 3993 4923 .

2363 4969 2443 5021 An
2482 4967 2658 5020 istbuc
2685 4965 3054 5034 cx-pritnetnus
3095 4978 3126 5016 a
3156 4961 3398 5030 Cajetani
3432 4962 3888 5024 Chronologier
3917 4969 3937 5014 ?

2366 5071 2454 5111 an.
2490 5057 2592 5110 545
2623 5055 2935 5125 agitabatur
2986 5053 3055 5107 20
3109 5054 3242 5122 cycli
3307 5050 3523 5112 solaris,
3586 5051 3650 5104 12
3703 5053 3934 5112 lunaris.
4030 5057 4032 5124 ς

2367 5150 2594 5218 proinde
2617 5121 2799 5202 liltera
2830 5121 3183 5202 Dominicalis
3212 5143 3274 5206 D,
3309 5147 3576 5197 terminus
3598 5143 3881 5198 Paschalis
3907 5147 3938 5193 ιι

2367 5244 2589 5312 Aprilis,
2658 5241 2866 5293 Pascha
2919 5239 2987 5292 12
3017 5238 3283 5306 ejusdem,
3315 5253 3437 5289 nam
3476 5238 3732 5289 terminus
3771 5237 3827 5286 in
3863 5235 3939 5289 fe-
4030 5259 4032 5266 ι

2372 5339 2505 5391 riam
2546 5336 2574 5386 7
2614 5334 2766 5394 exiit,
2808 5346 2978 5400 eoque
3014 5330 3226 5384 Pascha
3264 5327 3672 5382 diﬂ‘uudendum
3716 5327 3940 5381 iii-atte-

2370 5445 2485 5483 rain
2542 5425 2903 5489 Dominicam,
2949 5438 3014 5476 ne
3041 5435 3163 5475 cum
3197 5419 3395 5474 Judaei.
3420 5420 3830 5481 conveniretur,
3858 5421 3938 5471 vel

2342 5509 2347 5516 ’
2374 5522 2408 5576 5
2441 5519 2663 5587 Aprilis,
2696 5516 2963 5585 siquidem
2993 5529 3110 5567 mos
3141 5514 3242 5567 iste
3297 5512 3438 5579 apud
3491 5509 3940 5580 llierosnlymita-

2378 5629 2500 5668 nam
2539 5612 2832 5665 Ecclesiam
2861 5622 2969 5662 non
2996 5606 3312 5660 obtinuerit.
3355 5605 3718 5668 Quamobrem
3762 5605 3941 5658 Domi-

2380 5709 2497 5760 nica
2536 5719 2671 5757 nova
2704 5717 2825 5756 cum
2858 5698 3110 5753 inciderit
3135 5699 3217 5750 vel
3252 5699 3304 5750 in
3330 5696 3394 5749 l9
3433 5697 3513 5749 vel
3546 5697 3599 5750 in
3633 5697 3695 5749 l9.
3727 5698 3939 5766 Aprilis,

2380 5803 2457 5860 lit,
2498 5797 2677 5850 Marco
2710 5793 3013 5849 abeundum
3060 5787 3445 5857 Hierosolymis
3489 5789 3667 5845 tuisse
3725 5793 3811 5840 rut
3863 5791 3936 5848 ει,
