4032 6334
92 406 236 476 1185

1437 415 1957 479 DISSERTATIO.
2031 425 2038 432 '

3168 433 3308 499 1186

93 523 171 574 vet
207 517 281 572 14
304 517 411 584 die,
446 517 491 573 si
525 517 768 589 Caietani
796 517 1246 589 Chronologismo
1271 518 1652 596 inhaereamus,
1685 534 1733 589 Α
1759 526 2125 583 concedamus
2182 527 2398 585 interim
2424 572 2437 598 ,
2500 535 2643 605 quod
2702 538 2941 605 postulat
2998 538 3310 612 Caietanus,

94 624 202 664 non
241 610 309 664 15
342 610 565 681 Aprilis,
601 619 661 665 ut
692 609 953 666 Leontius
977 608 1264 673 manifeste
1300 619 1546 668 testatus.
1575 615 1655 668 Ad

94 702 207 756 lucc
264 700 331 761 15
384 703 610 771 Aprilis,
660 718 768 772 qua
812 701 1029 758 Marcus
1061 702 1228 757 abbas
1266 701 1657 774 Hierosolymis

93 793 395 860 digressus,
430 793 594 863 298
624 794 902 847 concurrit
929 807 1055 847 cum
1089 792 1222 854 feria
1256 795 1331 858 '5;
1370 795 1464 849 sed
1512 810 1657 850 anno

94 883 221 946 543,
248 898 368 937 cum
396 881 533 937 feria
561 883 615 937 4.
644 882 916 937 Paeoniam
953 898 1175 938 manum
1219 892 1495 952 exspecto,
1537 901 1658 953 qua:

99 973 534 1042 deploratissima
564 972 834 1041 Caietanaa
868 974 1149 1028 sententiae
1173 974 1396 1029 vulnera
1424 990 1658 1044 praesen-

99 1064 242 1118 tibus
268 1064 448 1117 succis
482 1063 805 1118 demulceat.
839 1063 945 1117 Sed
974 1076 1167 1118 castora
1201 1080 1585 1134 exsequamur.

163 1153 228 1206 V.
262 1152 384 1219 Quo
423 1168 563 1208 anno
592 1154 933 1208 Antiochiam
969 1152 1435 1225 abiitGregorius,
1472 1155 1658 1211 Eccle-

91 1244 231 1298 siam
294 1244 687 1298 moderabatur
740 1243 1081 1299 Eustathius.
1124 1244 1209 1298 Ita
1276 1245 1657 1318 Hierosolymis

91 1334 292 1403 (inquit
310 1332 835 1408 Leontius)egressus
860 1349 910 1387 tv
936 1331 1062 1387 Idus
1080 1333 1297 1400 Aprilis,
1325 1336 1657 1392 Antiochiam

90 1424 471 1490 proﬁciscitur,
507 1439 608 1494 quo
658 1440 775 1476 cum
818 1425 1058 1489 renisset,
1087 1424 1355 1478 domicilio
1386 1430 1598 1496 excepto
1626 1444 1659 1483 a

88 1523 276 1566 sancto
316 1511 595 1565 Eustathio
628 1513 740 1582 ejus
769 1514 913 1567 urbis
938 1515 1390 1584 archiepiscopo...
1412 1517 1496 1571 Ab
1516 1509 1661 1574 anno

88 1600 295 1655 Justini
352 1604 490 1670 Aug.
522 1603 748 1676 1ultimo,
805 1603 906 1659 hoc
958 1613 1041 1657 cst
1088 1602 1291 1658 Christi
1334 1604 1661 1676 Dionysiano

90 1690 219 1753 526,
256 1706 369 1759 quo
402 1673 735 1759 Euphrasius
770 1692 1143 1748 Autiocbenus
1196 1673 1485 1763 episcopus
1526 1695 1661 1765 lapi—

89 1782 256 1836 dibus
287 1783 517 1837 obrutus
553 1784 603 1836 in
633 1783 972 1838 memorabili
1004 1785 1121 1853 ejus
1155 1785 1307 1840 urbis
1346 1793 1659 1840 terraimotu

1737 612 1922 667 ’modo
1952 614 2238 684 intelligat,
2273 633 2433 688 quam
2475 623 2643 678 multa
2668 624 2796 690 sint,
2836 641 2957 695 quae
3002 628 3106 684 sibi
3148 645 3312 699 repu-

1759 713 1946 774 gnant.
1984 703 2126 774 Ergo
2154 707 2285 762 illud
2317 725 2347 763 a
2371 709 2636 779 Caietano
2674 726 2819 782 peto,
2868 718 2998 786 quid
3047 720 3150 773 sibi
3201 721 3316 775 btec

1756 790 1925 843 velint
1957 808 1969 842 :
2003 790 2271 847 Romanas
2293 793 2585 869 (Pontifex)
2617 800 2803 868 quippe
2832 804 2978 870 gravi
3000 805 3177 876 mgrbo
3222 802 3316 859 deo‘

1757 888 1929 934 tentus
1962 882 2198 936 libellum
2230 887 2394 954 mittit
2426 890 2643 956 propria
2686 907 2842 944 manu
2873 895 3224 963 conscriptum
3252 897 3317 950 de

1757 970 2017 1021 sententia
2043 971 2455 1027 orthodoxorum
2488 979 2785 1031 antistitum
2812 982 2976 1048 ipsius
3008 982 3177 1037 locum
3203 1000 3317 1038 ser-

1757 1060 1989 1112 oantium
2011 1060 2037 1112 ?
2072 1047 2211 1125 Quid
2245 1075 2298 1118 et
2327 1081 2448 1134 qua:
2481 1084 2605 1122 mox
2664 1047 2998 1126 succedunt:
3055 1072 3158 1129 Sed
3208 1081 3318 1143 cpi.

1755 1146 1900 1212 scopi
1928 1145 1981 1197 in
2011 1148 2291 1199 conciiium
2315 1166 2346 1201 a
2365 1153 2612 1220 pontiﬁce
2638 1156 2784 1208 missi
2816 1152 3052 1226 Gregorii
3075 1158 3316 1215 adventui

1758 1243 2132 1289 antevertentes
2143 1238 2445 1306 pontiﬁcem
2468 1241 2639 1303 ipsum
2656 1246 2939 1299 docuerant
2959 1245 3196 1318 Gregorii
3212 1252 3318 1303 uii-

1760 1331 1886 1389 tute,
1910 1340 1973 1377 ac
2010 1327 2295 1394 sapientia,
2330 1330 2699 1385 Itazreticorum
2733 1336 3036 1402 audaciam,
3074 1341 3317 1408 petulan-

1759 1412 1995 1482 tiamque
2027 1422 2363 1483 repressam?
2398 1419 2532 1473 Cum
2573 1421 3038 1494 Constantiuoiioli
3076 1442 3316 1486 cacume-

1761 1498 1880 1586 nica
1900 1513 1927 1548 ν
1952 1500 2192 1568 synodus
2223 1504 2410 1568 coivit,
2441 1504 2667 1578 Vigilius
2695 1526 2829 1579 papa
2856 1513 3051 1568 ibidem
3073 1517 3316 1586 degebat,

1719 1651 1725 1658 _
1760 1585 2103 1678 Chalcedone
2135 1606 2166 1646 a
2208 1593 2523 1652 Justiuiano
2574 1603 2804 1666 excitus,
2847 1617 2997 1658 "anno
3040 1585 3165 1671 552,
3212 1624 3320 1678 quo

1761 1677 2049 1747 aufugerat
2077 1686 2345 1752 superiori
2370 1701 2513 1740 anno
2551 1688 2894 1758 imperatoris
2940 1695 3061 1748 iras.
3084 1699 3319 1752 declina-

1765 1775 1945 1835 turus,
1970 1786 2108 1838 quas
2134 1774 2185 1824 in
2219 1789 2279 1827 se
2308 1777 2611 1831 concitarat
2634 1781 2808 1835 tribus
2837 1783 3098 1852 Capitulis
3128 1800 3323 1856 appro-

90 1872 307 1925 interiit
337 1871 604 1941 (Thcoph.
660 1859 844 1926 ad'h.
906 1874 1004 1942 a.),
1038 1875 1258 1941 ansis,
1305 1876 1659 1932 Antiochense

1763 1858 1918 1921 batis,
1980 1875 2102 1929 quae
2155 1877 2300 1918 armo
2355 1866 2458 1920 547
2515 1868 2775 1938 principis
2821 1856 2980 1939 genio
3039 1854 3322 1946 indulgens

92 1962 365 2021 Ecclesiae
427 1962 712 2030 impositus
784 1962 1122 2032 Ephraemus,
1179 1965 1338 2034 eique
1402 1968 1662 2022 successit

93 2051 344 2107 Domnus
360 2052 521 2119 ILqui
542 2068 569 2104 ε
586 2054 721 2107 vivis
737 2055 969 2108 excessit
989 2070 1128 2108 anno
1148 2055 1269 2110 559.
1284 2056 1482 2127 Ecquis
1500 2059 1663 2127 igitur

86 2144 342 2209 gentium
374 2142 689 2196 Eustathius
734 2143 858 2207 iste,
899 2143 993 2212 qui
1024 2144 1280 2212 Caietano
1333 2154 1556 2203 auctore
1604 2149 1661 2203 in

89 2234 440 2288 Antiochena
468 2233 723 2287 eathedra
755 2236 955 2289 sederit
983 2249 1126 2290 anno
1180 2236 1324 2291 552?
1377 2239 1519 2294 Vidit
1563 2255 1662 2295 no-

82 2324 225 2378 dum
288 2324 607 2392 Caictanus,
667 2338 842 2395 neque
895 2324 1001 2379 alio
1045 2326 1272 2393 extricat
1324 2327 1504 2390 modo,
1558 2328 1663 2383 nisi

86 2416 379 2477 dubitans,
425 2431 495 2467 an
548 2416 688 2469 inter
728 2414 996 2484 Ephrazm,
1044 2424 1092 2470 et
1134 2416 1396 2470 Domuum
1437 2418 1656 2471 admini-

87 2508 291 2561 stravit
310 2521 430 2559 eam
462 2506 634 2559 sedem
663 2504 971 2580 Eustathius
997 2509 1022 2561 ?
1048 2522 1113 2559 an
1142 2505 1387 2561 Leontius
1412 2511 1661 2562 memoria

87 2597 283 2665 lapsus
310 2598 336 2651 2
364 2595 436 2649 At
452 2597 596 2649 enim
621 2595 666 2650 si
691 2610 789 2664 pro
811 2592 1052 2664 Caietani
1074 2606 1199 2650 voto
1222 2605 1425 2650 starent
1449 2608 1659 2663 cit-tera,

83 2686 425 2742 dubitationi
442 2687 688 2740 cederem
715 2703 728 2740 :
753 2701 875 2741 cum
897 2701 1020 2741 vero
1046 2686 1098 2739 in
1128 2696 1236 2741 tota
1258 2685 1464 2741 Leontii
1496 2688 1664 2742 histo-

84 2778 174 2832 ria
200 2777 341 2832 nihil
366 2778 589 2831 omnino
611 2778 847 2847 sit,quod
860 2776 1103 2847 Caietani
1121 2779 1429 2846 Opinionem
1446 2794 1550 2832 non
1567 2793 1665 2833 su-

87 2867 554 2938 gillet,piaculum
582 2867 653 2921 sit
677 2868 817 2921 inter
839 2866 1180 2935 prrwmnm
1210 2876 1264 2921 et
1286 2867 1549 2921 Domuum
1574 2883 1665 2938 ac-

73 2948 325 3012 ccnseré
339 2954 678 3010 Eustathium
695 2955 1044 3010 Antiochense
1062 2954 1314 3010 Ecclesiae
1337 2956 1662 3023 pontiﬁcem.

167 3045 259 3103 Vl.
297 3045 381 3099 Ad
417 3046 530 3099 haec
555 3044 810 3099 Leontius
850 3045 1038 3099 scribit
1066 3057 1081 3098 :
1114 3043 1342 3111 [inpiam
1374 3046 1540 3113 igitur
1560 3046 1668 3098 lite-

80 3137 257 3190 resim
285 3133 541 3203 Gregorio
570 3136 740 3202 aperit
799 3132 1453 3203 (Constantinopolitanus
1487 3135 1665 3189 archi-

82 3226 416 3295 episcopus}
438 3239 555 3293 quia
575 3233 683 3275 tam
706 3226 976 3276 exstiterat
1002 3222 1204 3293 Sergio,
1237 3221 1392 3291 Cyro,
1416 3231 1464 3275 et
1494 3222 1663 3278 Paulo

81 3314 558 3385 perniciosissimis
603 3313 925 3367 auctoribus.
963 3312 1053 3367 Ita
1108 3314 1301 3367 multas
1358 3315 1537 3367 beatus
1591 3317 1671 3368 vir

79 3404 265 3459 edidit
302 3401 422 3455 cum
460 3404 527 3457 ad
571 3403 882 3466 docendam,
928 3412 1037 3456 tum
1087 3404 1155 3458 ad
1186 3405 1512 3460 laudandum
1538 3423 1673 3461 com-

81 3498 303 3563 positas
355 3488 641 3560 oratiOncs,
693 3504 748 3548 ut
801 3498 879 3550 vel
935 3496 1004 3548 ad
1054 3497 1280 3565 piissimi
1338 3499 1672 3567 imperatoris

82 3584 275 3642 nostri
304 3602 461 3640 aures
489 3587 654 3655 ipsius
682 3586 827 3655 fama
852 3589 1156 3654 pervaserit.
1193 3586 1326 3641 Inde
1344 3602 1455 3654 post
1481 3593 1669 3644 multos

85 3680 205 3732 dies
272 3677 473 3730 adsunt
524 3677 751 3745 episcopi
804 3676 1227 3743 Alexandrinus,
1290 3678 1666 3743 Antiorltenus,

90 3750 412 3826 Orientales
440 3785 636 3822 omnes.
670 3768 937 3837 Romanus
968 3786 1085 3823 vero
1116 3771 1301 3838 quippe
1321 3774 1466 3839 gravi
1494 3774 1670 3826 morbo

82 3865 349 3916 detentus
386 3859 616 3912 libellum
647 3861 817 3913 mittit
861 3847 1074 3929 propria
1119 3878 1280 3914 manu
1323 3866 1672 3931 conscriptum

82 3951 156 4004 de
210 3950 478 4003 sententia
525 3951 933 4004 ortliodoxorum
987 3952 1470 4020 antistitamipsias
1505 3955 1674 4009 locum

86 4040 454 4109 servantium.
486 4038 610 4095 Non
640 4043 727 4095 hic
749 4042 896 4095 litem
922 4041 1193 4117 intendam
1216 4041 1498 4123 Caietano,
1530 4043 1672 4112 quod

85 4143 300 4202 aperte
327 4130 543 4187 dicatur
572 4133 753 4188 habita
787 4134 1026 4203 synodus
1054 4133 1453 4202 proscribenda}
1489 4133 1677 4188 Mono-

86 4223 429 4276 tlielitarum
462 4222 675 4287 haeresi,
707 4231 869 4291 atque
899 4222 1033 4275 adeo
1084 4222 1234 4290 nigro
1270 4221 1416 4275 tbeta
1460 4224 1677 4291 signati-7

85 4312 183 4366 dis
206 4300 443 4379 Sergio,
472 4310 635 4381 Cyro,
670 4309 841 4365 Paulo
874 4302 1139 4365 haeretica:
1175 4310 1426 4365 factionis
1470 4312 1674 4371 antesi-

84 4402 331 4473 gnanis.
358 4401 627 4470 Quidquid
654 4403 758 4457 hoc
775 4413 880 4468 est,
914 4402 1055 4471 quod
1079 4410 1223 4455 certe
1249 4416 1520 4470 magnum,
1554 4418 1676 4457 cau-

1761 1950 2249 2024 Constantinopoli,
2286 1972 2396 2035 quo
2445 1971 2690 2028 vocatus,
2747 1963 3054 2019 damnarat.
3109 1965 3225 2022 Sed
3268 1978 3323 2024 et

1762 2041 1999 2097 concilio
2034 2059 2210 2113 neque
2240 2048 2430 2103 adesse
2483 2050 2599 2119 ipse
2649 2052 2837 2130 voluit,
2895 2070 3069 2124 neque
3121 2058 3324 2128 legatos

1762 2130 2021 2183 mittere:
2059 2134 2230 2186 semel
2260 2139 2405 2189 enim
2442 2138 2754 2211 iterumque
2796 2158 2827 2197 a
2885 2147 3080 2215 synodi
3131 2150 3323 2219 legatis

1762 2217 2044 2285 invitatus,
2079 2230 2139 2275 ut
2160 2222 2275 2291 ipse
2298 2239 2421 2279 cum
2445 2229 2717 2305 episcopis
2746 2234 2967 2302 reliquis
2982 2217 3322 2305 conveniret,

1764 2312 1924 2402 modo
1957 2313 2080 2379 hoc,
2132 2317 2293 2372 modo
2348 2302 2479 2375 illud
2512 2330 3016 2399 causatuspadduci
3044 2302 3321 2402 nunquam

1762 2401 1962 2468 potuit,
1995 2413 2054 2458 ut
2085 2420 2144 2459 se
2193 2420 2460 2476 praesente
2506 2415 2798 2470 concilium
2858 2401 3190 2475 liaberetura
3222 2422 3324 2478 Ille

1762 2506 1880 2544 vero
1913 2497 2215 2561 (oratorum
2254 2503 2445 2570 synodi
2476 2489 2637 2559 verba
2666 2516 2813 2571 sunt,
2844 2509 3133 2565 collatione
3167 2513 3201 2567 3
3225 2529 3321 2568 es-

1762 2581 1960 2649 posita)
1994 2588 2263 2652 respondit
2291 2606 2391 2642 non
2422 2607 2574 2659 posse
2602 2610 2705 2647 una
2728 2597 2996 2651 nobiscum
3030 2605 3320 2668 convenire,

1761 2672 1988 2739 eo.quod
2008 2674 2228 2740 plurimi
2255 2678 2339 2731 hic
2363 2682 2573 2749 quidem
2600 2694 2720 2735 sunt
2749 2683 3040 2742 Orientales
3071 2694 3323 2760 episcopi,

1762 2763 1919 2830 pauci
1958 2780 2075 2818 vero
2106 2781 2226 2820 cum
2272 2785 2330 2823 eo
2359 2766 2589 2839 {facere
2628 2786 2803 2828 autem
2852 2793 2943 2845 per
2989 2784 3323 2849 semetipsum
3382 2774 3395 2783 ’

1765 2858 2099 2931 sententiam,
2137 2869 2187 2912 et
2218 2861 2399 2929 offerre
2431 2865 2669 2931 piissimo
2703 2867 2933 2921 domino.
2982 2872 3132 2935 Quod
3169 2868 3325 2941 plane

1766 2958 2055 3002 exsecutus
2084 2968 2099 3003 :
2132 2952 2280 3005 misit
2309 2956 2454 3007 enim
2506 2955 2817 3036 Iustiniano
2872 2962 3008 3031 Aug.
3061 2963 3324 3028 libellum,

1767 3053 1928 3106 quem
1961 3043 2306 3098 constitutum
2336 3046 2496 3113 dixit,
2534 3049 2584 3101 in
2610 3065 2720 3119 quo
2739 3053 2869 3120 quid
2889 3055 2954 3107 de
2984 3056 3157 3109 tribus
3199 3072 3325 3111 scn-

1770 3128 1894 3182 tiret
1947 3131 2213 3200 Capitulis
2259 3139 2490 3205 aperuit,
2540 3154 2773 3208 eumque
2819 3142 3002 3197 Graece
3052 3159 3264 3199 versum
3296 3163 3325 3201 a

1773 3218 2131 3278 Constantino
2154 3229 2293 3281 sacri
2329 3232 2510 3297 palatii
2555 3243 2823 3300 quaestore
2853 3236 3049 3289 lectum
3079 3238 3243 3291 voluit
3272 3239 3324 3291 in

1772 3311 1979 3377 synodo
2012 3313 2326 3384 imperator,
2359 3327 2417 3372 ut
2444 3324 2496 3373 in
2531 3323 2819 3379 collatiou“
2851 3325 2882 3378 7
2912 3326 3162 3394 traditur.
3196 3328 3325 3380 Cum
3365 3387 3371 3394 _

1771 3395 1937 3465 igitur
1973 3400 2440 3475 Constantinopoli
2490 3421 2800 3465 versaretur
2838 3410 3084 3479 Vigilius,
3121 3419 3328 3471 animo-

1771 3490 2198 3556 queiustituerit
2223 3532 2238 3559 ,
2279 3496 2482 3550 nullam
2527 3498 2749 3567 iniicere
2783 3502 3159 3555 auctoritatem
3199 3519 3330 3558 con-

1773 3578 1919 3644 cilio,
1952 3582 2096 3647 quod
2128 3585 2235 3648 sui,
2270 3584 2373 3638 hoc
2403 3588 2879 3651 est,’ecclesiastici
2913 3596 3135 3645 senatus
3174 3594 3332 3661 prin-

1776 3668 1911 3736 cipis
1930 3673 2213 3738 praasentia
2231 3686 2460 3738 careret,
2484 3693 2587 3731 non
2609 3688 2746 3743 erat,
2772 3695 2869 3732 cur
2887 3681 3033 3734 viros
3055 3682 3331 3752 deligeret,

1775 3760 1865 3826 qui
1915 3773 2041 3814 Suas
2089 3772 2268 3830 partes
2325 3766 2623 3835 legatorum
2677 3785 2901 3823 munere
2955 3770 3333 3839 fungerentur,

1777 3852 1917 3903 unde
1971 3851 2264 3920 legitimam
2315 3856 2577 3924 synodum
2629 3859 2939 3912 neci-.ssario
2986 3860 3210 3913 diceret.
3267 3862 3331 3915 Et

1774 3942 1991 4009 quidem
2032 3958 2097 3997 ex
2152 3944 2285 4013 ipsis
2324 3948 2542 4019 concilii
2590 3949 2743 4005 Actis
2796 3949 3066 4012 elicimus,
3126 3951 3330 4004 nullum
3390 4002 3391 4005 η

1775 4031 1940 4087 fuisse
1975 4031 2208 4087 Romani
2249 4036 2484 4106 episcopi
2513 4038 2768 4108 legatum,
2801 4039 2945 4107 quod
3000 4041 3334 4095 ecclesiasti-

1773 4137 1958 4177 carum
1989 4140 2172 4178 rerum
2206 4127 2548 4196 indagatores
2572 4130 2809 4182 latentur
2833 4120 3040 4199 (mines,
3069 4138 3333 4198 docetque
3359 4122 3369 4130 ’

1776 4216 1865 4283 (ne
1898 4215 2017 4270 sine
2041 4219 2213 4272 veteri
2250 4220 2564 4274 testimonio
2596 4235 2683 4273 res
2727 4220 3078 4290 transigatur)
3124 4220 3333 4273 indicu-

1776 4306 1861 4361 lus
1882 4306 1973 4361 ille
2007 4310 2059 4362 in
2093 4311 2239 4377 regia
2269 4309 2601 4381 Parisiorum
2634 4310 2959 4362 bibliotheca
2986 4325 3112 4367 ms..
3147 4308 3330 4363 lauda-

1780 4405 1972 4467 tusque
1999 4413 2028 4451 a
2056 4399 2119 4453 V.
2167 4400 2247 4454 Cl.
2279 4400 2555 4470 Stephano
2610 4400 2833 4454 Baluzio
2878 4401 2930 4453 in
2967 4401 3331 4468 supplcmuad

85 4504 343 4561 samque
385 4490 598 4560 jugulat
642 4489 907 4560 Caietani,
964 4498 1277 4559 suspectum
1332 4490 1421 4543 ille
1466 4490 1668 4554 habet;
1705 4473 1750 4537 ἰ)
1776 4489 1872 4543 lib.
1907 4506 1935 4542 v
1964 4490 2041 4544 De
2064 4507 2208 4544 conc.
2238 4508 2349 4544 sac.
2390 4502 2439 4545 et
2471 4494 2619 4561 imp.,
2654 4507 2784 4560 cap._
2815 4493 2905 4555 2|,
2953 4490 3006 4542 in
3042 4490 3196 4557 cujus
3231 4492 3335 4542 line

84 4590 147 4634 et
184 4588 386 4634 tamen
406 4595 523 4641 non
556 4581 711 4634 video
751 4596 915 4650 quam
949 4595 1096 4635 vere.
1145 4579 1303 4634 Paria
1356 4589 1541 4634 narrat
1591 4578 1675 4633 Si-

87 4656 269 4726 me0n
308 4668 723 4739 Metapbrastes,
761 4688 921 4741 quem
953 4680 1133 4725 tamen
1169 4686 1274 4725 non
1320 4656 1529 4725 dubitat
1568 4671 1672 4726 sibi

86 4761 492 4821 concinentem
526 4763 750 4818 laudare
778 4779 791 4816 :
823 4762 1125 4831 paria‘vita:
1150 4760 1533 4829 Epitomastes.
1562 4761 1668 4815 Sed

1508 4955 1675 5007 Κελε-

1115 4957 1386 5026 Δάμασος.

743 4962 836 5012 κσιὶ
882 4958 1014 5011 Ἰού-

789 5090 793 5095 ,
810 5029 941 5089 λιος.

157 4965 360 5019 nam:
408 4957 417 5019 I
454 4957 653 5019 2055-,

460 5044 640 5099 στρος.

128 5272 379 5330 τοποτη-
403 5258 417 5330 Ι
439 5262 478 5313 Β
494 5280 598 5315 των
622 5261 720 5315 καὶ
742 5258 1032 5319 Βικέντιος.

159 5324 368 5405 mue:
403 5324 429 5409 ι,
474 5340 478 5346 ·
1052 5324 1067 5409 γι
1430 5324 1439 5409 |
1531 5324 1640 5387 λος·

1493 5027 1689 5085 στίνος.

1494 5204 1694 5326 Κδριλ-
1809 5254 2025 5326 [lusita-

157 4965 360 5019 πάπαι
454 4957 653 5019 Σιλσε-,
743 4962 836 5012 καὶ
882 4958 1014 5011 Ἰού·
1115 4957 1386 5026 Δάμασος.
1508 4955 1675 5007 Κελε-
1825 4954 2003 5008 Λέων.
2144 4950 2437 5019 Βιγίλλιος.
2545 4957 2814 5025 Ἀγάθων.
2935 4960 3231 5027 ’Δδριςίνό;.

460 5044 640 5099 στρος.
789 5090 793 5095 ,
810 5029 941 5089 λιος.
1493 5027 1689 5085 στίνος.

128 5272 379 5330 τοποτη-
439 5262 598 5315 Βτων
622 5261 720 5315 καὶ
742 5258 1032 5319 Βικέντιος.
1494 5255 1694 5326 Κύριλ-
1754 5279 1764 5289 -
1809 5254 2025 5305 Πασκα-
2530 5254 2819 5324 Γεώργιος.
2981 5260 3184 5323 Πέτρος

159 5335 368 5405 ρηταξ,
474 5340 478 5346 ·
1531 5324 1640 5387 λος.
1828 5322 1996 5383 σίνος.
2575 5325 2782 5375 Θεόδω-
2911 5327 3007 5379 καὶ
3048 5327 3271 5395 Πέτρος.

418 5404 429 5409 ‘
496 5414 515 5421 σ
1052 5398 1053 5401 “
1817 5392 2012 5444 Λουκίο
2628 5412 2718 5476 po;

1842 5477 1977 5522 σιος.
2539 5465 2809 5530 Γεωργιος

1068 5532 1074 5537 ’
1722 5578 1723 5583 η
2520 5532 2612 5584 καὶ
2642 5534 2823 5586 Ἰωάν-

2621 5620 2739 5669 νης.

1744 4578 2340 4648 ’Κοριιεηίροηιὶϐοεε,
2377 4583 2477 4637 sub
2523 4583 2721 4651 quibus
2777 4591 2905 4636 actae
2987 4583 3336 4634 (ecuinenicm

1780 4670 1993 4739 synodi,
2022 4680 2431 4737 percensentur,
2458 4681 2571 4726 tum
2598 4688 2785 4727 eorum
2812 4671 3051 4734 nomina,
3071 4669 3162 4737 qui
3188 4672 3335 4736 ipso-

1777 4774 1896 4813 rum
1930 4774 2217 4828 personam
2244 4761 2298 4814 in
2332 4763 2398 4816 tis
2430 4763 2805 4817 sustinuerint.
2842 4763 2921 4815 En
2954 4763 3102 4813 illum
3133 4774 3145 4809 :

1825 4954 2003 5008 Λέων.
2082 4954 2092 5027 Ι
2144 4954 2437 5019 Βιγίλλιος.
2488 4954 2498 5027 Ι
2545 4957 2814 5025 Ἀγάθων.
2860 4954 2871 5027 Ι
2935 4960 3231 5027 Ἀδριαένός.

2530 5254 2819 5324 Γεώργιος.

2575 5325 2782 5375 Θεόδω-

2628 5412 2718 5476 ρος
2801 5446 2810 5460 ,

2539 5465 2809 5530 Γεώργιος

2520 5532 2612 5584 καὶ
2642 5534 2823 5586 Ἰωάν-

2621 5620 2739 5669 νης.

2981 5260 3184 5323 Πέτρος

1828 5322 1996 5395 divae.
2078 5322 2092 5395 ι
2487 5322 2496 5395 Ι
2575 5322 2782 5375 Θεόδω-
2856 5322 3007 5395 [καὶ
3048 5327 3271 5395 Πέτρος.

1817 5392 2012 5444 Λουκίο

1842 5477 1977 5522 σιος.
