4032 6334
628 439 630 443 ’
690 432 827 499 1187

1575 435 1671 495 DE
1711 433 1966 493 lETATE
2006 431 2064 490 S.
2089 428 2462 491 GREGORII
2504 425 2999 487 AGRIGENTINI

3769 407 3899 476 1188

755 545 920 614 299
942 543 1129 598 Viden'
1161 552 1217 596 ut
1248 543 1348 596 sub
1375 542 1604 597 Damaso
1627 553 1672 597 ct
1708 541 1900 612 \‘igilio
1929 540 2241 609 nulliappa-
2269 545 2314 601 Α
2343 547 2493 607 puto,
2519 537 2660 606 quod
2715 550 2903 604 reapse
2954 530 3179 602 Vigilius
3206 539 3342 598 papa
3379 523 3590 597 synodo
3627 522 3900 590 prafueril

685 639 840 683 reant
875 631 1055 698 legali,
1091 645 1230 693 quos.
1257 628 1473 697 synodis
1499 625 2108 695 Constantinopolitanis
2138 641 2153 677 ι
2180 631 2235 679 et

689 739 726 775 lt
754 722 1000 776 miserint
1031 721 1148 774 illi?
1176 719 1328 774 Nunc
1351 721 1467 774 htec
1498 736 1622 774 cum
1650 707 1964 774 Leontianis
1989 717 2234 773 confera-

689 827 831 866 mus.
870 813 926 865 Si
984 811 1192 882 legatis
1221 813 1411 881 synodi
1464 812 1742 881 respondit
1788 810 2014 880 Vigilius
2068 811 2237 879 facere

689 917 778 968 per
808 903 1137 970 semetipsum
1167 903 1495 963 sententiam,
1516 913 1566 955 et
1597 902 1783 969 oﬂ‘erre
1816 904 2049 970 piissimo
2064 901 2238 954 donti-

691 1008 776 1056 no,
809 988 867 1044 ut
902 1004 1047 1045 certe
1069 993 1284 1051 obtulit,
1310 993 1402 1060 qui
1439 1007 1568 1061 rogo
1601 992 1713 1046 haec
1741 1001 2036 1046 consonent
2062 990 2237 1045 Leon-

691 1084 836 1134 tiano
865 1080 1194 1144 testimonio,
1230 1096 1337 1148 quo
1395 1082 1636 1148 proditur
1673 1080 1900 1134 misisse‘
1931 1078 2236 1133 Romanum

689 1174 999 1239 episcopum
1034 1178 1228 1239 synodo
1271 1170 1499 1222 libellum
1534 1174 1596 1224 de
1622 1171 1873 1222 sententia
1919 1168 2238 1221 orthodoxa-

693 1277 806 1313 rum
824 1246 1127 1313 [antistitum
1179 1261 1344 1328 ipsius
1372 1261 1540 1312 locum
1585 1259 1939 1314 seruantium?
1970 1257 2065 1312 Hic
2092 1259 2242 1312 libel-

690 1353 776 1405 lus
841 1352 1072 1404 mittitur
1126 1359 1250 1404 ante
1290 1361 1530 1406 coactam
1571 1353 1866 1421 synodum,
1922 1365 2029 1419 quo
2077 1349 2241 1403 animi

691 1444 771 1496 sui
814 1442 1135 1494 sententiam
1178 1441 1417 1494 declarat
1451 1443 1686 1508 pontifex
1711 1479 1725 1505 ,
1785 1441 1895 1494 illic
1934 1439 2245 1510 imperatori

692 1531 944 1583 daturum
971 1546 1029 1583 se
1069 1533 1275 1600 recipit,
1307 1532 1579 1599 deditque,
1611 1533 1736 1584 dum
1768 1532 1946 1585 adhuc
1977 1532 2043 1586 de
2073 1533 2245 1587 tribus

691 1620 954 1688 Capitulis
998 1620 1052 1671 in
1117 1621 1345 1672 concilio
1384 1620 1792 1688 disceptaretur.
1839 1623 1919 1676 Ad
1950 1625 2063 1678 hate
2091 1625 2245 1692 ecqui

695 1710 766 1761 illi
796 1724 1072 1762 sacrorum
1131 1709 1422 1773 antistites,
1485 1711 1708 1764 Romani
1759 1713 2026 1780 pontificis
2069 1724 2247 1783 partes

693 1806 974 1862 obeuntes,
994 1801 1038 1854 si
1070 1801 1202 1853 nulli
1229 1816 1293 1853 eo
1328 1801 1378 1853 in
1401 1802 1630 1855 concilio
1651 1803 1818 1871 ipsius
1838 1804 1995 1873 legati
2020 1806 2244 1874 ?Sique,

2334 625 2970 697 ConstantinOpolitanse:
3017 638 3124 678 non
3175 631 3352 677 tamen
3387 614 3743 674 meumenicre
3773 613 3897 665 anni

2335 722 2459 788 555,
2487 723 2577 776 sed
2624 735 2743 789 qua:
2803 719 3005 773 coaluit
3062 728 3204 770 anno
3241 712 3345 767 548
3390 727 3452 766 ex
3490 707 3562 762 '.'0
3595 703 3898 774 episcopis.

2339 811 2507 865 tribus
2536 809 2801 880 Capitulis
2855 806 3258 860 examinandis:
3297 814 3534 872 cumque
3571 797 3629 852 in
3672 810 3738 850 ea
3769 792 3902 848 nihil

2338 900 2499 955 fuerit
2546 901 2921 960 deliberatum,
2951 895 3173 961 factum,
3205 903 3262 946 ut
3300 891 3512 946 celebre
3541 888 3676 943 illud
3711 888 3902 941 ederet

2334 992 2644 1046 Judicatum
2672 988 2921 1059 Vigilius,
2987 1001 3094 1058 quo
3144 987 3243 1041 tria
3270 983 3586 1055 proscripsit
3623 977 3901 1050 Capitula.

2337 1084 2697 1149 Quamobrem
2729 1080 2859 1134 illud
2896 1064 3127 1141 maneat,
3177 1077 3328 1132 nullo
3358 1082 3516 1143 pacto
3568 1070 3786 1125 Leoatii
3825 1079 3904 1121 te-

2339 1174 2650 1228 stimonium
2705 1170 3014 1240 detorqueri
3072 1182 3230 1238 posse
3254 1169 3317 1220 ad
3343 1159 3905 1228 ConstantinOpuliIa-

2340 1279 2460 1315 nam
2486 1278 2524 1318 ll
2549 1261 2806 1332 synodum
2857 1259 3267 1320 (ecumenicam,
3331 1257 3503 1324 neque
3536 1253 3603 1307 ad
3642 1248 3906 1318 Vigilium

2341 1351 2596 1406 Romamn
2630 1352 2886 1406 Ecclesiae
2917 1351 3246 1418 episcopum.
3277 1397 3280 1399 _

2412 1443 2522 1499 νη.
2553 1443 2733 1508 Pergit
2777 1441 3038 1496 Leontius
3089 1457 3100 1491 :
3139 1437 3288 1500 Post,
3328 1436 3417 1488 ubi
3461 1433 3685 1486 Patrum
3717 1429 3906 1483 multi.

2345 1533 2468 1584 tudo
2505 1532 2558 1583 in
2591 1530 2835 1598 templum
2861 1543 3154 1591 conuenere,
3173 1526 3347 1579 sedent
3371 1539 3564 1583 omnes,
3585 1536 3786 1588 magna
3824 1521 3910 1570 in-

2347 1623 2497 1674 terim
2523 1623 2571 1674 in
2594 1634 2802 1690 magna,
2835 1629 2992 1688 atque
3022 1621 3151 1671 adeo
3195 1615 3491 1684 prodigiose
3522 1614 3740 1667 condita
3783 1611 3912 1662 urbe

2345 1727 2470 1780 pace
2497 1711 2711 1780 vigente.
2739 1707 2823 1762 Ibi
2854 1706 3159 1776 Gregorium
3206 1704 3392 1757 Patres
3429 1703 3748 1779 _ltortantur,
3781 1715 3913 1750 sua-

2347 1803 2582 1870 dentque,
2632 1800 2871 1852 thronum
2927 1799 3157 1851 obtineat
3201 1796 3426 1862 episcopi
3462 1792 3699 1846 Sardica:
3768 1790 3914 1843 Con-

693 1906 815 1944 cum
885 1892 1083 1942 indicta
1144 1890 1416 1960 synodus,
1466 1862 1924 1961 Constantinopoli
1987 1862 2248 1948 intererat
2281 1862 2319 1915 B
2349 1862 2562 1941 stanllw
2608 1885 2796 1956 Cypri;
2829 1895 2876 1939 el
2943 1886 3053 1949 ίρεε
3094 1885 3349 1954 siquidem
3398 1887 3704 1952 ιεθνοιαθσιο
3755 1881 3914 1946 Qui“

693 1980 944 2049 Vigilius,
967 1980 1056 2046 qui
1088 1980 1368 2048 episcopos
1404 1982 1668 2042 mitteret;
1718 1984 1810 2051 qui
1861 1973 2069 2052 synodo
2095 1985 2248 2038 ades-

696 2068 855 2122 sent?
910 2068 1447 2136 ConstantinOpoline
1491 2069 2014 2141 Constantinopolim
2070 2078 2249 2126 mitte-

697 2167 778 2210 ret
811 2157 1132 2225 episcopos?
1181 2156 1463 2211 Postremo
1522 2159 1715 2228 ecquid
1753 2160 1915 2226 illud,
1948 2161 2088 2231 quod
2131 2163 2248 2232 epi-

697 2249 843 2317 scopi
872 2264 901 2302 e
957 2248 1161 2318 synodo
1209 2257 1544 2304 revertentes
1588 2251 1898 2318 pontiﬁcem
1932 2255 2124 2320 ipsum,
2149 2254 2251 2308 sub

689 2354 806 2404 quo
831 2336 1012 2389 habita
1043 2337 1299 2405 synodus,
1334 2337 1516 2391 Romae
1545 2338 1815 2392 docebant
1867 2339 2104 2409 Gregorii
2146 2342 2252 2395 vir-

700 2439 810 2479 tute
851 2441 912 2477 ac
951 2427 1204 2492 sapientia
1263 2427 1620 2480 haereticorum
1683 2430 1957 2482 audaciam
2013 2429 2255 2499 petulan-

701 2522 926 2586 tiamque
965 2535 1292 2586 repressam,
1338 2534 1460 2574 cum
1518 2519 1772 2576 Ecclesiis
1804 2524 1916 2577 Suis
1950 2523 2271 2579 Occidentis-

703 2606 970 2673 t-piscopis
997 2607 1255 2660 restitutis
1284 2621 1428 2660 anno
1462 2607 1586 2670 555,
1618 2609 1696 2662 vel
1731 2609 1924 2679 partim
1951 2612 2109 2665 etiam
2128 2612 2252 2674 554,

705 2698 860 2752 exsul
888 2701 938 2750 ln
965 2690 1182 2752 Oriente
1212 2699 1374 2751 vitam
1410 2697 1632 2768 degeret.
1663 2697 1905 2768 Vigilius,
1936 2717 2108 2772 neque
2148 2702 2257 2756 Ro-

702 2804 845 2842 mam
907 2788 1135 2855 amplius
1173 2788 1414 2842 inviserit
1443 2805 1456 2839 :
1495 2790 1685 2842 exsilio
1713 2792 1856 2843 enim
1889 2801 2167 2847 revocatus
2190 2793 2258 2845 ab

699 2877 1006 2932 Justiniano
1032 2878 1171 2945 Aug.
1231 2875 1457 2929 Ruinam
1520 2878 1795 2944 profectus
1843 2881 2061 2948 appellit
2095 2880 2257 2934 inSi-

700 2969 903 3027 ciliaiu,
929 2967 1111 3034 ibique
1133 2965 1324 3020 calculi
1350 2965 1558 3020 morbo.
1589 2967 1770 3020 interit
1809 2984 1951 3022 anno
1978 2968 2038 3022 P.
2074 2970 2132 3022 C.
2159 2969 2260 3024 Ba-

702 3057 808 3110 silii
840 3055 898 3108 ν.
928 3056 985 3110 C.
1015 3071 1145 3120 xvn,
1179 3055 1280 3109 hoc
1328 3055 1630 3110 estCln-isti
1667 3055 1993 3126 Dionysiano
2027 3059 2150 3123 558,
2185 3061 2262 3115 uti

2348 1979 2641 2048 Gregorius
2691 1992 2977 2047 personam
3033 1977 3086 2030 in
3155 1977 3360 2046 synodo
3419 1971 3738 2028 sustinuerit
3803 1973 3917 2040 epi-

2350 2073 2497 2138 scopi
2535 2069 2772 2123 Sardicse
2799 2067 3132 2123 Constantia:
3169 2066 3350 2138 Cypri,
3375 2080 3572 2119 novum
3597 2064 3915 2132 suppeditat

2349 2170 2750 2231 argumentum,
2796 2174 2906 2229 quo
2947 2159 3190 2228 Cajetani
3234 2157 3498 2211 sententia
3540 2169 3766 2221 pessum
3805 2161 3915 2206 eat.

2350 2252 2504 2305 Haud
2544 2251 2679 2304 mihi
2726 2250 3000 2319 negaverit
3043 2248 3359 2318 Cajetanus,
3409 2255 3466 2300 et
3523 2244 3812 2297 Sardicam
3863 2251 3919 2296 et

2351 2339 2724 2392 Constantiam
2764 2337 2926 2406 300
2947 2336 3326 2405 episcoporum
3352 2334 3507 2387 sedes
3536 2331 3727 2384 fuisse.
3776 2327 3918 2382 Sar-

2352 2430 2483 2484 dica:
2517 2429 2806 2497 episcopus
2845 2428 3052 2481 honore
3093 2425 3450 2495 metropolitte
3487 2421 3822 2489 fungebatur
3863 2420 3916 2473 in

2353 2518 2628 2590 provincia
2663 2518 2838 2573 Dacia:
2867 2515 3278 2592 Mediterranea,
3309 2528 3432 2582 quae
3470 2527 3574 2567 una
3604 2527 3673 2565 ex
3703 2519 3916 2580 septem

2357 2613 2497 2666 unde
2513 2609 2849 2665 coalescebat
2863 2608 3115 2663 exarchia
3131 2606 3404 2667 Achridis,
3420 2602 3868 2658 sivelustinianz
3885 2620 3920 2666 ι,

2357 2701 2640 2755 Dardaniae
2667 2700 3076 2769 metropolis,ab
3105 2698 3414 2753 Justiniano
3446 2696 3462 2750 1
3490 2698 3740 2751 instituta
3774 2712 3922 2752 anno

2358 2795 2482 2858 5'55,
2517 2793 2580 2846 ν.
2604 2793 2666 2847 C.
2694 2791 2955 2847 Belisario
2987 2805 3100 2846 cos.
3121 2789 3208 2860 (ν.
3231 2788 3430 2844 Justin.
3460 2804 3585 2842 nov.
3612 2803 3690 2850 ει,
3729 2787 3922 2841 tollat.

2357 2886 2410 2950 εὶ,
2446 2885 2528 2938 tit.
2557 2883 2633 2951 6).
2663 2881 3004 2935 Constantius
3034 2895 3182 2945 vero,
3213 2895 3332 2950 qua!
3384 2878 3549 2949 Cypri
3577 2879 3925 2947 metropolis,

2360 2989 2588 3045 quaeque
2615 2971 2845 3028 subinde
2885 2973 2952 3026 ab
2988 2970 3297 3026 Iustiniano
3344 2969 3388 3025 ll
3412 2969 3926 3026 Justinianarnorae

2363 3077 2520 3122 nacta
2549 3081 2766 3133 nomen,
2798 3063 3038 3135 pontifex
3059 3079 3167 3118 non
3189 3063 3528 3132 instrepolita
3565 3063 3727 3117 modo
3761 3061 3928 3132 Cypri

708 3145 891 3200 Victor
913 3145 1295 3208 Tunuunensis
1330 3146 1640 3214 episcopus,
1683 3149 1800 3216 ejus
1831 3150 2086 3217 temporis
2127 3151 2260 3204 scri-
2285 3172 2327 3229 α
2360 3159 2630 3222 audiebat,
2666 3157 2761 3211 sed
2812 3158 2975 3212 etiam
3039 3156 3400 3223 αὑτοκέφαλος
3451 3154 3929 3222 archiepiscopus,

702 3242 844 3303 ptor,
877 3235 1053 3302 prodit
1097 3233 1148 3285 in
1188 3232 1392 3288 Chron.
1431 3231 1611 3297 Quare
1655 3236 1812 3288 nauci
1846 3245 1993 3300 sunt,
2025 3252 2144 3305 quae
2192 3238 2256 3292 ad

701 3327 979 3400 laudatum
1022 3323 1234 3377 Leontii
1273 3323 1632 3392 testimonium
1664 3326 2261 3394 observat'Cajetanus:

705 3418 866 3476 Erat,
900 3414 1172 3479 inquiens,
1209 3413 1254 3464 is
1313 3409 1531 3481 Vigilins
1553 3429 1702 3481 quem
1755 3413 2134 3484 Metaphrastes
2188 3418 2264 3469 ait

707 3506 909 3558 misisse
939 3505 1195 3555 hominem
1227 3504 1392 3556 sacris
1440 3504 1627 3556 litteris
1657 3506 1944 3570 eruditum,
1978 3509 2066 3576 qui
2099 3509 2265 3576 ipsius

705 3597 837 3650 vices
872 3593 1127 3661 impleret.
1195 3591 1350 3644 Errat
1398 3594 1561 3662 igitur
1601 3592 1860 3660 Zonaras,
1894 3598 1982 3665 qui
2021 3596 2261 3666 Vigilium

705 3687 1007 3755 pontiﬁcem
1091 3683 1623 3737 Romanumconcilio
1680 3688 2041 3754 praesidentem
2103 3689 2264 3757 facit;

708 3790 857 3840 quem
877 3772 1123 3838 abfuisse,
1149 3782 1336 3837 praeter
1353 3770 1623 3824 Leontium
1646 3783 1692 3826 et
1721 3773 2148 3842 Metapltrastem,
2174 3777 2268 3827 do-

706 3873 822 3915 cent
855 3864 1013 3914 etiam
1041 3861 1320 3930 Euagrius,
1381 3860 1725 3931 Nicephorus,
1784 3863 2028 3929 Photius,
2077 3861 2268 3919 Cedre-

708 3969 828 4016 nus,
856 3951 970 4005 alii.
1018 3951 1292 4019 Principio
1345 3952 1739 4022 Metaphrastes
1796 3955 1847 4008 in
1879 3953 2120 4026 Gregorii
2150 3954 2266 4010 Vita

709 4060 778 4098 ne
803 4044 903 4111 γρὺ
941 4045 1155 4112 quidem
1189 4044 1364 4098 innuit
1394 4045 1461 4099 de
1491 4046 1679 4114 Vigilio
1723 4064 1735 4098 :
1765 4055 1970 4101 tantum
1999 4049 2094 4111 ait,
2123 4050 2267 4103 Cou-

712 4155 1202 4221 stautinopolitanaa
1234 4158 1440 4223 synodo
1456 4157 1712 4210 adversus
1743 4154 1961 4226 Cyrum,
1995 4160 2265 4226 Sergium,

710 4243 993 4313 Pyrrhum,
1023 4245 1244 4297 Paulum
1280 4244 1650 4300 Mouothelitas
1684 4251 1934 4318 cogenda:
1964 4253 2184 4307 missum
2235 4267 2282 4316 a,

713 4334 954 4387 llouiano
980 4335 1228 4402 pontiﬁce
1263 4336 1516 4404 legatum,
1541 4339 1630 4406 qui
1679 4340 1844 4406 ipsius
1883 4342 2124 4408 partibus
2148 4341 2267 4395 fun-

712 4435 948 4494 geretur,
980 4428 1120 4492 quod
1150 4426 1212 4477 ad
1241 4436 1477 4479 nostram
1511 4443 1726 4480 causam
1755 4429 2025 4494 conducit,
2063 4438 2120 4482 ut
2142 4430 2264 4483 dein

2362 3251 2466 3304 hoc
2498 3256 2581 3303 est
2607 3248 2797 3301 iisdem
2852 3245 3079 3301 allectus
3124 3245 3339 3314 juribus
3368 3253 3531 3314 atque
3561 3244 3928 3313 patriarcha;

2363 3339 2494 3394 nulli
2524 3339 2665 3392 enim
2693 3337 2886 3390 throno
2907 3336 3388 3407 suberat,ejusque
3409 3336 3629 3390 libertas
3652 3335 3930 3391 vindicata

2364 3447 2395 3486 a
2424 3430 2674 3485 Patribus
2695 3429 3014 3499 Ephesinaat
3044 3417 3229 3499 synodi
3249 3430 3597 3485 tecumenicae
3620 3443 3770 3484 anno
3803 3429 3931 3492 651,

2365 3523 2625 3576 adversus
2641 3518 2870 3576 Joannis
2895 3519 3222 3574 Antiocheni
3245 3520 3643 3589 archiepiscopi
3672 3530 3931 3579 conatus.

2364 3615 2601 3685 Cyprum
2663 3612 2898 3667 insulam
2933 3611 3272 3680 patriarchias
3314 3626 3428 3665 suae
3457 3611 3767 3678 portionem
3802 3625 3934 3664 con-

2364 3703 2636 3758 tendentis
2654 3699 2740 3770 (ν.
2771 3701 3064 3770 canon..8),
3091 3709 3202 3754 tum
3222 3700 3448 3770 praetera
3468 3713 3495 3753 a
3516 3697 3734 3754 Zenone
3759 3703 3931 3770 Aug.,

2367 3795 2458 3862 qui
2507 3793 2666 3846 Petro
2716 3791 2989 3860 Cnaphaao
3043 3792 3380 3846 Antiocheno
3434 3790 3675 3860 pontiﬁci
3709 3792 3847 3860 jura
3881 3793 3932 3846 in

2366 3884 2614 3954 Cypriam
2677 3884 2974 3938 Ecclesiam
3024 3884 3284 3953 repetenti
3331 3884 3552 3947 restitit,
3596 3883 3932 3963 incolumem

2361 3974 2558 4040 iubens
2595 3972 2928 4029 Constantia:
2956 3975 3313 4044 metropolitte
3365 3975 3785 4044 αὐτοκεφαλιαν,
3815 3984 3932 4030 tum

2351 4051 2628 4131 maxime,
2685 4064 2830 4134 quod
2867 4079 2933 4118 eo
2983 4065 3121 4132 ipso,
3179 4081 3287 4135 quo
3341 4065 3590 4120 vindiciae
3619 4067 3931 4134 postulans,

2369 4168 2509 4207 anno
2533 4163 2803 4223 repertum
2836 4145 2889 4206 in
2920 4152 3096 4224 Cypro
3130 4153 3388 4209 Barnabas
3426 4155 3661 4223 apostoli
3700 4169 3930 4224 corpus,

2327 4286 2336 4294 .
2369 4245 2524 4314 cujus
2581 4255 2798 4314 pectore
2836 4244 3068 4299 Matthaei
3104 4246 3339 4301 cubabat
3368 4245 3716 4315 Evangelium
3752 4248 3930 4316 ipsius

2371 4336 2629 4392 Barnabas
2685 4353 2848 4391 manu
2885 4338 3220 4406 descriptum
3255 4319 3498 4408 (Niceph.
3533 4339 3628 4394 lib.
3659 4352 3772 4398 xu.
3801 4355 3928 4409 cap.

2370 4429 2496 4497 '57);
2549 4429 2990 4498 quo‘respiciunt
3030 4444 3152 4483 cum
3199 4428 3307 4484 Leo
3342 4428 3480 4500 Aug.
3508 4429 3563 4483 in
3610 4445 3707 4484 sua
3751 4430 3934 4502 diaty-

709 4517 1214 4579 demeastiabimns,
1251 4516 1561 4595 Cajetanaui
1615 4518 1849 4572 funditus
1887 4522 2100 4576 evertit.
2121 4523 2265 4576 Rur-
2295 4538 2339 4595 ι)
2365 4521 2502 4588 posi,
2537 4529 2646 4573 tum
2680 4518 2831 4572 Nilus
2861 4519 3216 4587 Doxopatrius
3247 4520 3300 4574 in
3331 4520 3464 4574 Taxi
3498 4519 3820 4574 thronorum
3851 4522 3928 4588 (in

708 4621 801 4658 sus
854 4604 1133 4667 Evagrius.
1170 4593 1524 4672 Nicephorus,
1561 4607 1804 4672 Photius,
1840 4610 2136 4677 Cedrenus,
2171 4615 2260 4667 alii

708 4710 836 4748 vera
870 4695 1088 4762 quidem
1115 4695 1417 4763 perhibent,
1451 4713 1571 4750 cum
1616 4701 1859 4754 scribunt
1881 4700 2265 4759 Coastantino-

708 4787 962 4870 pplitante
1002 4801 1038 4838 ll
1071 4787 1274 4854 synodo
1320 4788 1663 4843 cecumenicae
1708 4790 2007 4844 Romanum
2054 4797 2263 4862 pontili—

709 4889 825 4926 cem
856 4873 996 4926 haud
1036 4873 1378 4936 interfuisse;
1405 4879 1496 4930 sed
1533 4879 1710 4932 isthuc
1734 4878 1953 4943 factum,
1988 4897 2092 4935 non
2125 4883 2265 4952 quod

704 4958 1177 5028 Cotistautinopuli
1226 4963 1438 5016 abesset
1489 4962 1735 5032 Vigilius,
1769 4967 1860 5020 sed
1894 4969 2033 5035 quod
2071 4985 2265 5025 munus

710 5050 840 5101 illud
866 5050 1375 5120 detrectarit,idque
1404 5053 1503 5121 ipsi
1542 5055 1853 5121 planissime
1893 5056 2144 5113 fatentur.
2170 5060 2266 5114 At-

711 5139 803 5206 qui
841 5139 1082 5193 Romano
1109 5143 1366 5210 pontiﬁci,
1409 5146 1507 5197 sub
1534 5159 1638 5213 quo
1675 5155 1889 5213 peracta
1922 5150 2178 5219 synodus,
2210 5151 2261 5205 in

711 5245 816 5298 qua
838 5240 1025 5282 contra
1083 5233 1367 5288 luercticos
1401 5235 1693 5302 disputavit
1731 5237 2036 5308 Gregorius,
2067 5243 2262 5310 quippe
2315 5242 2324 5251 ’

711 5320 860 5388 gravi
889 5321 1073 5374 inorbo
1146 5322 1329 5377 Romae
1362 5325 1602 5389 detento,
1657 5328 1921 5397 integrum
1979 5333 2114 5385 haud
2162 5332 2265 5387 fuit

710 5414 1016 5476 convenire,
1045 5414 1284 5468 idcirco:
1333 5415 1587 5469 Libellum
1648 5419 1787 5469 misit
1838 5422 2048 5486 prapria
2104 5437 2261 5475 manu

711 5505 1062 5565 Conscriplttm
1111 5505 1174 5565 de
1212 5509 1465 5560 sententia
1521 5508 1931 5561 orthodoxorum
1967 5498 2263 5567 antistitum

710 5596 875 5662 ipsius
930 5595 1098 5648 locum
1153 5599 1492 5652 servanlium.
1549 5598 1812 5653 Zonaram
1869 5603 2009 5667 quod
2049 5604 2260 5670 attinet,

712 5688 799 5752 qui
831 5683 1075 5753 Vigilium
1097 5687 1308 5740 concilii
1344 5689 1618 5756 praesidem
1652 5690 1778 5742 dicit
1801 5688 1874 5758 (in
1909 5690 2045 5744 idem
2073 5709 2260 5747 saxum

713 5777 927 5844 impegit
957 5775 1149 5847 Glycas
1182 5789 1362 5834 noster
1391 5780 1580 5835 Annal.
1611 5790 1750 5850 part.
1780 5785 1873 5848 tv),
1900 5780 2091 5837 falsum
2114 5799 2174 5838 ex
2196 5771 2259 5840 eo

2365 4626 2470 4677 qua
2498 4621 2674 4663 tamen
2733 4617 3014 4677 perperam
3076 4611 3275 4681 legitur
3331 4610 3502 4666 Marci
3549 4626 3648 4679 pro
3680 4611 3930 4666 Παιτιιωὶ

2367 4700 2743 4769 Eunugelium)
2771 4742 2785 4764 ,
2822 4703 2914 4769 qui
2953 4716 3071 4757 eam
3118 4702 3188 4757 ob
3225 4716 3440 4755 causam
3479 4702 3657 4756 datam
3687 4703 3928 4772 produnt

2365 4790 2760 4856 αὑτοκεφαλίαν
2829 4790 3028 4861 Cyprio
3105 4792 3496 4861 metropolita,
3561 4783 3924 4862 qua’tamen

2366 4896 2553 4950 reapse
2581 4896 2714 4937 sane
2749 4897 2912 4952 quam
2967 4881 3264 4950 antiquior.
3304 4881 3420 4938 Jam
3458 4885 3621 4952 igitur
3673 4885 3715 4937 si
3778 4900 3925 4940 unus

2367 4973 2617 5040 idemque
2646 4974 2935 5042 episcopus
2955 4971 3214 5040 Sardicac,
3240 4975 3332 5042 qui
3360 4984 3413 5028 et
3451 4975 3804 5037 Constantia,
3832 4994 3928 5047 ap-

2365 5072 2536 5131 paret,
2563 5061 3144 5131 Constantinopolitani
3177 5063 3389 5119 concilii
3418 5067 3737 5120 mcumenici
3781 5079 3924 5122 tem-

2365 5169 2492 5224 pore
2533 5154 2586 5207 in
2618 5152 3314 5210 SardicensemEcclesiam
3339 5153 3769 5212 Constantiensis
3797 5159 3923 5227 jura

2363 5245 2601 5299 derivata
2628 5262 2641 5296 :
2666 5244 2874 5310 quoties
2891 5245 3032 5298 enim
3063 5244 3324 5309 Ecclesia,
3356 5242 3480 5314 quae
3498 5247 3760 5318 singulari
3787 5264 3926 5318 pra:-

2366 5335 2544 5387 staliat
2562 5331 2845 5399 dignitate,
2871 5350 2896 5383 a
2928 5331 3180 5400 Barbaris
3203 5346 3584 5401 occuparetur,
3601 5335 3922 5393 Christianis

2365 5422 2591 5483 exactis,
2623 5423 2704 5476 vel
2769 5425 2943 5478 sacris
3034 5425 3367 5479 caeremoniis
3423 5426 3648 5479 omnino
3713 5429 3921 5491 vetitis.

2365 5509 2512 5566 illius
2536 5514 2678 5583 jura,
2712 5528 2779 5568 ne
2810 5517 2969 5583 plane
3008 5514 3403 5581 interciderent,
3449 5517 3502 5571 in
3538 5517 3696 5571 aliam
3735 5526 3919 5574 trans-

2366 5606 2734 5659 cribebantur.
2765 5605 2950 5672 Itaque
2987 5605 3038 5658 in
3074 5602 3208 5659 Tati
3255 5609 3576 5662 throaorum
3608 5614 3920 5679 metropoli-

2366 5705 2639 5760 tanorum,
2673 5711 2836 5766 quam
2871 5696 2935 5749 ad
2964 5711 3066 5750 ms.
3107 5697 3308 5752 codicis
3351 5696 3592 5752 Vaticani
3621 5701 3782 5755 fidem
3813 5707 3921 5757 edi-

2366 5777 2533 5840 dit‘V.
2570 5786 2651 5842 Cl.
2688 5786 3004 5841 Emmanuel
3039 5785 3387 5853 Schelstrate,
3425 5797 3462 5842 t.
3502 5787 3543 5841 ll
3571 5791 3754 5861 Autiq.
3779 5793 3917 5846 Errt.
