4032 6334
1469 436 1985 507 DISSERTATIO.
2335 510 2341 515 .
3208 459 3345 539 1190

114 533 316 590 lllustr.
346 550 473 608 pag.
528 537 653 602 784,
702 540 851 611 legas
901 542 1362 616 Philadclphiensi
1421 551 1658 622 episcopi

1780 555 2013 624 litiunm,
2070 567 2130 613 ut
2180 560 2338 634 omni
2377 561 2537 632 plane
2588 568 2991 625 asseveratione
3021 569 3345 629 allirmemus

111 622 452 682 Sardicensis
479 627 694 698 Lydiae,
736 630 1076 690 Heracleensi
1115 636 1271 692 Ponti
1300 639 1672 712 Claudiopoli-
1710 697 1743 706 _
1775 622 2090 717 concilium,
2118 630 2183 705 in.
2214 668 2323 722 quo
2353 622 2592 721 praesens
2612 659 2790 713 adfuit
2820 622 3344 733 Gregorius—inulla

109 718 214 770 tani
242 716 594 783 llonoriad‘is,
622 721 909 781 Attaliensi
938 724 1239 798 .Pergensis
1271 731 1600 805 Pamphyliae
1629 738 1675 792 ll

111 808 572 876 metropolitarum
617 812 743 879 jura
786 804 1228 905 dignitatemque
1273 804 1543 890 arrogata.
1576 827 1673 896 qui
1736 836 1739 840 ‘

112 893 521 977 priusipsorum
552 896 767 954 fuerant
815 893 1474 978 ὲπαρχιῶταιίᾘιριηῳιε
1500 893 1672 969 Thes-

109 972 430 1040 saloniceusi
470 989 711 1044 exarcho
744 972 1016 1063 Ain-yrani
1061 994 1286 1053 Galatiae
1314 1004 1671 1071 metropolitae

109 1073 219 1141 jura
235 1076 519 1131 attributa.
548 1078 697 1134 Nunc
713 1083 852 1137 scire
864 1085 1122 1152 pervelim
1142 1106 1170 1141 a
1188 1087 1466 1159 Cajetano,
1485 1097 1673 1164 ecquis

110 1179 343 1233 unquam
363 1168 1033 1235 tradiderit,Justinianol
1081 1179 1382 1248 imperante
1429 1184 1669 1255 Cyprum

108 1254 335 1310 insulam
368 1256 641 1316 Barbaros
691 1263 1002 1330 incessisse,
1065 1270 1273 1326 abactis
1326 1274 1450 1328 inde
1480 1254 1671 1331 Chri-

110 1346 331 1410 stianis,‘
372 1348 446 1402 ita
492 1359 551 1405 ut
596 1351 928 1410 Constantia:
955 1357 1078 1425 jura
1111 1363 1375 1418 cesserint
1408 1364 1463 1418 in
1498 1367 1671 1423 Daciae

107 1435 510 1495 Mediterranea‘
530 1445 928 1513 metropolitam
952 1448 975 1501 ‘I
1003 1448 1057 1503 Si
1083 1450 1340 1507 historias
1358 1456 1672 1515 evolvamus

104 1536 307 1587 omnes,
344 1541 628 1596 nunquam
657 1530 769 1598 ﬁet,
804 1544 861 1587 ut
901 1538 1056 1592 nobis
1087 1539 1218 1595 illud
1239 1556 1514 1606 occurrat,
1539 1550 1667 1617 quin

102 1628 350 1685 expresse
396 1621 659 1689 scriptum
709 1638 740 1678 a
793 1624 1150 1684 Constantino
1177 1632 1315 1705 Aug.
1358 1636 1668 1708 Porphyro-

103 1715 324 1796 genneta
352 1708 450 1765 lib.
487 1726 502 1764 I
533 1710 574 1765 Τ
577 1712 714 1768 hem.
752 1716 844 1770 ubi
887 1718 953 1773 de
987 1721 1162 1789 Cypro
1192 1735 1207 1775 :
1237 1723 1343 1776 Τοῦ
1370 1727 1564 1796 χρόνου
1609 1730 1665 1781 δὲ

105 1794 568 1867 παραδραμόντος,
604 1803 700 1857 καὶ
742 1805 850 1858 τῶν
896 1801 1222 1885 Ῥωμρῖκῶν
1266 1794 1446 1868 sum,
1481 1833 1665 1871 κακω·

1784 739 1999 795 ratione
2028 741 2690 815 Constantiuopolitanum
2730 749 2862 805 illud
2912 752 3344 827 intelligendum,

1771 829 1916 899 quod
1944 841 2125 888 actum
2183 849 2248 888 ex
2293 833 2591 891 Justiniani
2622 838 3038 900 lauctoritate?
3084 849 3253 917 quid?
3281 837 3374 905 ea.

1772 920 1828 975 in
1859 928 2069 992 synodo
2096 926 2257 981 nulla;
2293 928 2509 983 dividiae
2531 930 2599 984 de
2618 932 2904 1001 religionis
2932 940 3175 1007 negotio,
3210 940 3345 996 nulli

1771 1008 2031 1079 hmretici,
2059 1031 2297 1084 quorum
2335 1018 2570 1089 impetus
2616 1021 2812 1077 nefarii
2857 1030 3345 1089 contunderentur.

1773 1098 1973 1157 Delba:
2022 1114 2227 1160 tantmu
2270 1107 2501 1170 Edessa.
2564 1109 2836 1168 Theodori
2888 1116 3254 1188 Mopsuestia,
3287 1130 3344 1177 et

1772 1186 2097 1255 Theodereti
2129 1194 2255 1266 Cyri
2303 1197 2686 1268 episcoporum
2727 1186 3051 1260 orthodosia
3096 1186 3343 1279 disputa-

1771 1291 1920 1335 tum:
1958 1284 2023 1336 ad
2064 1285 2178 1339 haec
2207 1286 2275 1338 de
2309 1287 2561 1355 Origene,
2588 1288 2839 1361 Didymo,
2874 1292 3107 1364 Evagrio
3136 1308 3342 1363 actum,

1769 1374 1859 1441 qui
1892 1389 2001 1426 uno
2038 1377 2282 1431 omnium
2309 1376 2532 1434 Patrqu
2564 1382 2794 1436 conflato
2856 1386 3116 1441 damnati.
3163 1390 3341 1445 Untim

1770 1478 1879 1532 pra:
1930 1466 2188 1520 oumiL-us
2236 1455 2426 1523 testem
2479 1474 2761 1529 audiamus
2814 1474 3130 1545 Gregorium
3171 1478 3234 1534 P.
3265 1480 3339 1536 Μ.

1769 1565 2133 1629 cognomento
2163 1554 2414 1625 Magnum
2450 1559 2735 1627 (praetereo
2762 1554 2931 1631 ipsius
2965 1568 3162 1635 synodi
3197 1578 3340 1636 acta,

1767 1625 1911 1697 unde
1943 1654 1998 1698 et
2034 1646 2165 1699 unm
2203 1648 2427 1719 liqueat)
2465 1625 2577 1705 haec
2608 1625 2874 1721 3013a
2921 1625 3340 1714 Colustantinnni

1767 1729 2223 1789 Mediolauenscm
2243 1739 2559 1807 episcopum
2586 1742 2913 1796 scribentem
2949 1745 3043 1800 lib.
3065 1762 3149 1812 ιιι,
3175 1750 3337 1818 epist.

1765 1820 1867 1875 '57:
1900 1822 2053 1887 Quod
2091 1837 2269 1885 autem
2304 1829 2616 1897 scripsistis,
2676 1833 2814 1900 quod
2856 1835 3133 1900 epistolam
3171 1854 3338 1891 meum

105 1884 296 1941 θέντων
333 1888 392 1956 ἐξ
438 1891 720 1961 ἀμελείας,
747 1897 1058 1968 ἐκράτησαν
1092 1902 1262 1975 αὐτῆς
1295 1908 1658 1979 οζΣαρῤακη-

1769 1914 1961 1984 regina:
2018 1914 2387 1973 Theodolindte
2443 1921 2795 1976 transmittere
2850 1925 3063 1979 minime
3102 1928 3337 1982 uoluistis

104 1976 200 2041 vel,
254 1980 365 2032 ἀπὸ
427 1982 530 2053 τῆς
574 1983 852 2054 βασιλείας
911 1991 1254 2061 Ἡρακλείου,
1307 2001 1401 2051 καὶ
1453 1976 1664 2072 space;

104 2068 155 2118 ὲν
204 2068 341 2140 αὐτῇ
392 2074 643 2142 περάσας
686 2076 1088 2151 Ἀεουσάχαρος
1141 2074 1224 2153 (οὗ
1283 2090 1374 2140 καὶ
1414 2068 1515 2158 τῆξ
1571 2095 1665 2145 θυ-

101 2157 294 2227 γατρὸς
321 2161 381 2213 ὲν
410 2163 548 2234 αὐτῇ
580 2166 749 2235 τάφος
777 2168 1069 2242 φαίνεται),
1094 2175 1298 2246 ταύτης
1341 2157 1660 2248 ἐκράτησεν.

106 2246 364 2316 Temporis
386 2268 669 2323 progressu
697 2256 1056 2315 Romanorum
1110 2267 1274 2318 armis
1300 2282 1363 2319 ea
1397 2269 1660 2339 negligen-

102 2338 193 2400 tia,
214 2341 439 2408 attritis,
461 2359 783 2414 occuparunt
805 2365 919 2403 eam
935 2349 1214 2423 (Cyprum)
1233 2338 1547 2422 Surraceni,
1561 2358 1665 2412 lle-

104 2426 256 2479 raclio
304 2439 575 2498 regnante.
634 2430 912 2488 Enimvero
980 2441 1184 2508 primus
1241 2458 1356 2495 eam
1403 2444 1662 2499 incessens

102 2515 473 2574 Abubacharus
531 2521 724 2591 (cujus
746 2534 795 2580 ct
829 2525 958 2593 ﬁlite
1000 2526 1074 2581 ibi
1101 2531 1396 2598 sepulcrum
1430 2536 1662 2589 ostendi-

104 2605 227 2676 tur),
243 2625 338 2663 suo
356 2611 599 2668 submisit
624 2615 863 2683 imperio.
878 2617 1463 2687 Abubaizbar,Arabum
1484 2626 1664 2679 Amer-

105 2714 364 2755 mummes
413 2701 479 2770 ll,
542 2704 827 2775 imperium
874 2709 1153 2779 ingressus
1209 2727 1351 2768 anno
1382 2714 1476 2769 551
1536 2714 1662 2790 (118-

105 2792 247 2846 raclii
288 2793 396 2864 21)
468 2810 577 2865 quo
636 2795 1007 2855 Multammatlt
1070 2801 1341 2872 impuram
1424 2807 1658 2861 animum

101 2886 331 2938 evomuit
361 2883 430 2939 16
481 2884 670 2954 Junii;
699 2888 1044 2962 obtinuitque
1099 2909 1271 2949 annos
1300 2895 1334 2948 2
1379 2912 1595 2953 menses
1628 2898 1661 2953 6

105 2970 367 3043 (Theoph.
404 2978 461 3031 in
523 2978 869 3050 Cbronogr.).
899 2981 1018 3037 Non
1081 2984 1246 3054 igitur
1289 2998 1417 3041 ante
1455 3005 1656 3044 aurium

101 3060 193 3118 821
230 3065 336 3120 ulla
384 3068 440 3121 in
494 3066 731 3139 Cyprum
778 3071 918 3126 facta
953 3072 1316 3130 Barbarorum
1350 3078 1656 3148 impressio,

104 3155 233 3209 unde
259 3155 707 3216 Christianorum
745 3164 1040 3219 everterint
1078 3164 1407 3222 Ecclesium.

165 3261 296 3320 Vlll.
323 3265 432 3322 Sed
464 3268 641 3324 adhuc
668 3280 916 3341 superest
942 3273 1091 3342 quod
1106 3276 1339 3341 evincat,
1369 3277 1653 3348 synodum,

104 3370 203 3423 qua
226 3361 294 3412 de
338 3359 529 3415 scribit
580 3359 871 3426 Leontius,
918 3365 1069 3421 nullo
1100 3370 1284 3422 modo
1330 3369 1654 3436 habendam,

1765 2019 1860 2072 pro
1892 2021 1951 2057 eo
1977 2007 2114 2074 quod
2144 2009 2325 2075 quinta
2379 2012 2607 2080 synodus
2634 2014 2690 2065 in
2738 2028 2798 2066 ea
2861 2017 3255 2084 nominabatur,
3290 2022 3337 2074 si

1716 2140 1738 2156 κ
1764 2111 1879 2149 eam
1930 2098 2117 2151 exinde
2155 2101 2513 2155 scandaliznri
2555 2119 2704 2171 posse
2736 2105 3055 2170 credidistis,
3089 2118 3221 2163 recte
3247 2111 3336 2179 fa-

1746 2195 1903 2251 .ctum
1942 2197 2040 2252 est,
2075 2198 2131 2240 ut
2162 2191 2375 2243 minime
2409 2195 2858 2250 transmitte’retis.
2884 2195 3031 2252 Unde
3058 2216 3195 2253 nunc
3222 2202 3329 2255 ista

1762 2275 2011 2344 facimus,
2059 2287 2114 2330 ut
2168 2279 2312 2333 vobis
2341 2280 2564 2348 placuit,
2606 2293 2663 2335 ut
2692 2296 2924 2353 quatuor
2949 2290 3172 2357 synodos
3208 2301 3332 2345 tan-

1765 2367 2417 2443 tummodo’laudaremus
2448 2386 2464 2423 :
2498 2372 2562 2425 de
2610 2373 2705 2426 illa
2747 2383 2921 2427 autem
2967 2380 3187 2446 synodo,
3217 2398 3335 2452 qua

1761 2460 2089 2526 postmodum
2144 2461 2604 2531 Constantinopoli
2646 2464 2791 2533 facta
2819 2478 2916 2528 est,
2941 2486 3056 2540 quo?
3088 2487 3118 2523 a
3151 2473 3331 2526 multis

1760 2548 1945 2615 quinta
1996 2552 2317 2617 nominatur,
2350 2556 2484 2607 scire
2536 2568 2622 2607 eos
2666 2555 2801 2621 volo,
2833 2561 2957 2628 quia
2986 2562 3123 2615 nihil
3149 2574 3331 2617 contra
3362 2556 3370 2564 ’

1761 2640 2121 2694 sanctissimas
2152 2647 2377 2712 synodos
2403 2647 2755 2711 constituerit,
2796 2650 2874 2703 vel
2914 2654 3150 2718 senserit,
3181 2658 3332 2725 quip-

1758 2741 1820 2794 pe
1841 2728 1963 2797 quia
1994 2730 2132 2782 inea
2177 2731 2239 2783 de
2295 2734 2529 2800 personis
2577 2740 2959 2803 tantummodo,
3001 2756 3104 2794 non
3155 2753 3331 2798 autem

1760 2816 1820 2869 de
1858 2818 1962 2885 fide
2004 2818 2227 2889 aliquid.
2247 2821 2456 2890 ju~sum
2482 2836 2595 2891 est;
2640 2838 2692 2880 et
2723 2829 2790 2881 de
2839 2832 2919 2885 his
2971 2836 3229 2899 personis,
3262 2841 3328 2890 de

1759 2909 1944 2977 quibus
1977 2912 2031 2963 in
2046 2899 2454 2969 Chalcedonensi
2476 2919 2676 2987 synodo
2715 2918 2849 2975 nihil
2879 2926 3328 2991 continetur;.sed

1756 3009 1870 3069 post
1897 3016 2167 3070 expressas
2197 3004 2451 3073 synodos,
2484 3022 2574 3060 seu
2591 3007 2829 3065 Canones
2869 3014 3016 3080 facta
3046 3018 3325 3081 contentio,

1756 3099 1806 3143 et
1830 3100 2065 3144 extrema
2094 3094 2234 3147 actio
2259 3094 2322 3148 de
2342 3099 2583 3165 personis
2615 3101 2867 3155 ventilata
2890 3112 2987 3156 est.
3021 3102 3077 3157 Si
3118 3115 3329 3160 tantum

1760 3179 1923 3250 igitur
1951 3182 2005 3234 in
2047 3199 2079 3237 v
2123 3188 2332 3255 synodo
2372 3191 2710 3244 meumenica
2743 3204 2950 3259 actum,
2984 3203 3165 3249 utrum
3200 3213 3329 3267 pro-

1760 3271 2033 3326 scribendi
2080 3289 2249 3329 necne
2278 3273 2457 3331 forent
2480 3279 2599 3334 lbas
2625 3281 2865 3350 epistolae
2888 3286 2953 3340 ad
2980 3287 3173 3345 Marini
3196 3293 3327 3361 Per-

1756 3378 1871 3417 sam
1899 3377 2107 3427 auetor,
2133 3374 2245 3420 tum
2273 3365 2617 3435 Theodorus,
2641 3372 2800 3441 cujus
2828 3378 3117 3433 exstabant
3136 3380 3324 3452 dispu-

103 3462 216 3516 qua
274 3460 600 3520 congregata
647 3450 942 3509 Justiniani
1001 3456 1022 3509 l
1093 3473 1281 3527 regno.
1342 3458 1435 3515 Sic
1493 3453 1658 3532 igituf

1756 3454 1992 3506 lationes
2067 3453 2331 3509 adversus
2400 3440 2728 3512 Eunomium
2805 3470 2862 3516 et
2917 3440 3322 3534 Apollinarem,

104 3537 353 3617 Leontius
384 3559 398 3594 :
430 3538 519 3594 Ita
542 3542 599 3595 in
623 3557 764 3607 eam,
789 3559 907 3612 qua:
934 3545 1027 3599 diu
1051 3557 1235 3601 exorta
1264 3549 1461 3617 fuerat,
1492 3548 1658 3606 hatre-

100 3609 194 3682 sint
237 3631 635 3700 fraudulentam
688 3609 854 3704 coepta
905 3636 1219 3707 disputatio,
1264 3609 1545 3711 multaque
1588 3642 1653 3695 ab

99 3721 397 3783 orthodoxis
451 3740 509 3778 ea
560 3725 647 3778 die
697 3726 748 3779 in
790 3729 1060 3783 htcreticos
1108 3735 1349 3798 probata.
1394 3733 1654 3786 Craterum

103 3810 396 3883 Gregorius,
456 3816 610 3886 quasi
637 3818 870 3871 omnium
917 3819 1206 3894 uilissimus
1253 3822 1386 3875 nihil
1444 3824 1513 3877 ad
1545 3822 1654 3878 hac

101 3904 451 3971 respondebat.
492 3903 625 3958 Inde
650 3905 912 3983 Catholici
964 3924 1083 3961 cum
1112 3911 1387 3976 redissent,
1420 3912 1655 3968 ha’retici

100 4003 273 4049 contra
322 3995 531 4061 (aderat
580 4004 755 4051 autem
805 3999 984 4067 ingens
1025 4001 1326 4071 multitudo)
1362 4006 1648 4072 superbire,

98 4087 291 4139 animos
318 4085 581 4150 attollere,
603 4097 653 4140 et
680 4088 832 4156 quasi
872 4089 971 4142 alis
1004 4091 1233 4144 subvehi.
1272 4090 1357 4145 Ibi
1394 4080 1655 4148 tumean-

99 4174 164 4227 cti
215 4176 448 4243 Spiritus
473 4178 650 4246 gratia
688 4177 993 4233 illustrante
1017 4178 1298 4250 Gregorius
1326 4174 1477 4251 coepit
1502 4185 1651 4261 quie-

102 4265 195 4318 titts
222 4281 372 4335 agere
397 4276 584 4320 contra
615 4267 898 4322 malesana:
917 4271 1104 4323 mentis
1130 4272 1417 4339 episcopos,
1436 4272 1655 4340 dogma-

103 4356 194 4408 tica
209 4348 447 4422 primum
496 4373 621 4410 usus
663 4359 900 4412 oratione
923 4361 987 4411 de
1015 4370 1220 4423 sancta,
1243 4364 1567 4429 incorrupta,
1600 4371 1651 4415 et

102 4449 429 4516 inseparabili
460 4446 741 4515 Trinitate,
772 4454 966 4518 partim
1008 4451 1073 4504 iis
1100 4453 1166 4504 ad
1205 4453 1415 4522 singula
1438 4468 1643 4522 respon-

1753 3538 2187 3595 Ncstoriauismo
2237 3542 2563 3608 laborantes,
2614 3559 2889 3615 postremo
2926 3550 3320 3624 Theodoretus,

1719 3631 1844 3697 -qui
1871 3629 1938 3683 12
1988 3617 2264 3699 capitibus
2326 3630 2611 3702 Ephesium
2642 3635 2765 3690 ﬁdei
2806 3654 2836 3692 a
2858 3640 3059 3711 Cyrillo
3086 3617 3321 3700 Alexan;

1752 3720 1914 3774 drino
1935 3721 2192 3790 episcopo
2225 3725 2553 3792 conscriptis
2584 3726 2839 3796 stigmata
2881 3730 3102 3797 inussit,
3127 3736 3171 3788 si
3190 3732 3317 3791 Ori-

1752 3827 1934 3881 genes,
1987 3813 2268 3884 Didymus,
2331 3814 2613 3885 Evagrius,
2678 3821 3031 3878 dissentiente
3081 3829 3317 3892 nemine,

1754 3905 2227 3959 anathematisntis
2253 3906 2511 3976 perculsi,
2537 3924 2793 3977 quorsum
2820 3912 2974 3980 illud,
2994 3914 3316 3987 Gregorium

1752 4005 2070 4063 spumantes
2096 3996 2378 4051 audtlciam
2440 3999 2725 4057 haereticos
2772 4008 3188 4073 compressiSse,
3221 4010 3318 4065 iis-

1750 4100 1856 4154 que
1871 4085 2087 4138 tandem
2110 4087 2371 4154 pudorem
2389 4089 2731 4167 imposujsse,
2751 4094 2796 4147 si
2816 4095 3044 4173 quidem.
3058 4100 3266 4166 synodo
3286 4117 3315 4153 ν
3383 4097 3386 4099 Α

1749 4176 2098 4231 ωειιωριιίετθ
2148 4176 2499 4237 interfuerit?
2538 4182 2685 4237 nulla
2742 4180 2851 4238 illic
2895 4200 3017 4239 cum
3046 4187 3315 4245 haereticis

1749 4274 1896 4329 gesta
1937 4282 2043 4331 res,
2074 4270 2165 4323 sed
2198 4272 2267 4326 de
2294 4272 2561 4326 haereticis
2616 4270 2867 4341 Origene,
2899 4273 3145 4345 Didymo,
3178 4276 3320 4332 Eva-

1749 4355 1887 4423 grio.
1917 4358 2009 4410 sed
2040 4359 2106 4411 de
2148 4363 2316 4415 tribus
2346 4362 2638 4430 episcopis,
2675 4377 2906 4429 quorum
2939 4373 2995 4417 ut
3020 4367 3183 4434 impia
3214 4369 3321 4422 do-

1748 4444 1967 4507 etrina,
2024 4446 2096 4499 ita
2146 4452 2404 4503 memoria
2463 4452 2750 4514 incertum,
2797 4452 3190 4518 damnandunc,
3242 4472 3316 4509 an

101 4536 274 4603 dendo,
306 4539 503 4607 partim
565 4539 881 4607 postulando
931 4550 1093 4604 utea,
1119 4558 1232 4610 quae
1277 4543 1526 4605 dicerent,
1557 4546 1649 4596 de-

1754 4527 2110 4602 observauda,
2147 4539 2580 4607 quandoquidem
2606 4540 2712 4608 pie,
2761 4540 2921 4608 inque
2941 4556 2985 4594 ei
3006 4542 3311 4598 clesiastica

102 4637 469 4684 monstrarent.
518 4628 594 4682 Ac
652 4636 868 4683 tantum
920 4631 1024 4699 ipsi
1069 4634 1383 4700 sapientior,
1442 4644 1646 4689 tantum

100 4716 446 4787 intelligentia
482 4718 668 4773 datum
709 4728 806 4785 est,
831 4728 885 4772 ut
904 4736 1053 4773 nemo
1092 4722 1299 4790 quidem
1321 4725 1550 4777 omnium
1582 4742 1646 4780 ea:

100 4822 156 4860 ea
191 4812 339 4863 turba
359 4811 667 4880 respbndere
690 4812 819 4866 satis
850 4821 1020 4879 posset
1056 4813 1123 4864 ad
1149 4830 1210 4866 ea
1242 4817 1416 4879 verba,
1445 4833 1562 4885 qua:
1584 4819 1649 4873 de

102 4901 253 4953 sacris
278 4899 493 4955 Litteris
521 4902 761 4969 decerpta
784 4900 1099 4971 proferebat.
1127 4901 1215 4954 Sic
1236 4914 1410 4958 autem
1439 4906 1646 4960 horreti-

102 4998 287 5042 corum‘
316 4990 566 5060 oppilavit
620 5007 737 5054 ora,
776 5003 833 5045 ut
876 4990 1062 5047 Patres
1087 5009 1260 5046 omnes
1279 4994 1431 5060 plane
1461 4996 1645 5049 obstu-

102 5090 365 5146 pescerent,
402 5083 562 5151 talem
604 5084 803 5136 homini
836 5100 886 5136 .a
937 5085 1109 5138 sancti
1148 5083 1378 5153 Spiritus
1409 5086 1645 5141 illustra-

105 5172 231 5225 tione
261 5172 509 5226 collatam
534 5161 797 5244 gratiam.
819 5173 1007 5245 Itaque
1046 5193 1148 5229 non
1174 5178 1329 5244 pauci
1348 5194 1410 5230 ea:
1444 5180 1509 5231 iis
1556 5180 1647 5265 (ξιξ

105 5261 341 5331 principes
365 5254 506 5316 inter
554 5265 823 5317 haereticos
850 5265 1177 5332 videbantur,
1209 5268 1329 5346 jam
1366 5277 1495 5334 tum,
1527 5254 1643 5322 cupm

106 5364 181 5404 eos
198 5349 475 5424 Gregorius
502 5370 594 5424 per
618 5356 1144 5425 titulosJibellosque
1185 5362 1439 5424 coercuit,
1462 5362 1531 5413 ad
1561 5379 1645 5415 or-

108 5437 371 5495 thodoxam
427 5440 713 5498 Catholicae
751 5442 1000 5497 Ecclesia:
1046 5443 1201 5516 ﬁdem
1237 5447 1530 5515 confugere.
1564 5446 1644 5502 Ea:

108 5541 157 5578 eo
175 5543 322 5594 porro
341 5533 426 5586 die
472 5548 536 5585 ne
574 5534 764 5587 mutire
813 5535 1018 5602 quidem
1064 5535 1307 5588 adversus
1343 5537 1641 5593 Catholicos

108 5617 212 5667 ausi
247 5628 361 5671 sunt
414 5619 580 5687 impii,
625 5620 906 5688 inanesque
962 5637 1023 5674 ac
1076 5620 1445 5689 fraudulentas
1497 5641 1641 5678 voces

111 5697 305 5766 iactare,
349 5721 468 5774 qua
518 5716 861 5769 tentaverant,
896 5724 1084 5777 aspera
1125 5708 1363 5777 fmduque
1416 5712 1643 5764 evenisse

112 5791 576 5863 animaduertentes.
615 5796 755 5851 Deus
790 5796 1145 5851 immortalis!
1195 5795 1322 5865 quid
1353 5796 1524 5852 adhuc
1558 5813 1642 5851 re-

1752 4627 2155 4681 cousociatione
2190 4628 2557 4683 decesserant.
2618 4629 2795 4684 Unum
2819 4632 2921 4686 hoc
2951 4632 3006 4685 in
3036 4642 3311 4690 certamen

1690 4727 1699 4735 '
1753 4714 2036 4780 venichat;
2069 4731 2190 4784 nam
2247 4718 2380 4770 nulli
2432 4719 2657 4772 dubiqu
2705 4735 2734 4773 e
2763 4718 3016 4775 Patribus
3044 4722 3096 4775 in
3127 4723 3310 4777 conci-

1755 4804 1886 4858 lium
1921 4808 2210 4875 cooptatis,
2248 4808 2379 4876 quin
2434 4824 2553 4877 quae
2595 4810 2714 4864 lbas
2742 4808 2795 4862 in
2841 4812 3088 4879 epistola,
3132 4810 3311 4866 Theo-

1751 4897 1938 4963 dorus,
1971 4911 2135 4967 atque
2178 4897 2551 4953 Theodoretus
2618 4901 2670 4952 in
2721 4901 3153 4970 hypomuematis
3193 4905 3311 4959 suis

1750 4988 2012 5042 adversus
2059 4989 2404 5054 Eunomium,
2445 4991 2833 5059 Apollinarem,
2882 4992 3139 5062 Cyrillum
3162 4992 3306 5049 'efl'u-

1749 5077 1950 5140 tierint,
2011 5079 2253 5148 putidam
2316 5080 2563 5134 haeresim
2599 5083 2828 5135 olerent.
2858 5079 3051 5134 Fateor
3091 5085 3306 5152 quidem

1749 5184 1853 5222 non
1894 5170 2011 5222 sine
2064 5170 2312 5231 consilio,
2346 5170 2446 5223 hoc
2476 5180 2560 5223 est
2601 5170 2905 5235 vaferrimo,
2952 5173 3304 5243 scelesmque,

1716 5240 2092 5307 'Camarinam
2124 5256 2270 5308 illam
2301 5256 2368 5309 ab
2422 5256 2713 5326 Acephalis
2762 5266 2990 5323 motam;
3046 5276 3111 5315 eo
3161 5240 3303 5315 enim

1746 5345 2086 5413 spectabant,
2113 5357 2171 5400 ut
2200 5347 2413 5402 devmis
2434 5364 2622 5403 eorum
2654 5350 3029 5418 episcoporum
3056 5354 3307 5408 manibus

1747 5435 2209 5493 Chalcedonensis
2235 5440 2425 5509 synodi
2462 5442 2756 5494 auctoritas
2790 5442 3110 5505 elevaretur,
3136 5459 3307 5513 eoque

1748 5526 1917 5582 tutius
1950 5529 2252 5589 teterrimos
2271 5530 2634 5598 l'laSphemias
2660 5543 3004 5587 evomerent:
3038 5535 3129 5587 sed
3160 5535 3303 5590 enim

1746 5615 1796 5667 in
1826 5618 2060 5671 concilio
2087 5619 2216 5672 nulli
2253 5620 2305 5671 in
2336 5630 2570 5675 mentem
2599 5622 2748 5675 venit
2785 5622 2868 5675 vel
2899 5622 2951 5674 in
2993 5610 3305 5677 controver-

1745 5706 1880 5759 siam
1904 5723 2100 5763 vocare
2159 5710 2679 5767 Chalcedonensium
2720 5713 2936 5767 Patrum
2975 5713 3297 5778 doctrinam,

1743 5799 1825 5850 vel
1860 5798 1981 5865 Iba»,
2010 5799 2284 5856 Theodori
2307 5810 2362 5857 et
2386 5801 2710 5860 Theodoreti
2756 5820 2970 5861 errores
2994 5791 3292 5862 vindicare:
