4032 6334
679 449 810 515 1191

1550 528 1553 529 γ
1588 457 1684 517 DE
1719 458 1979 519 ιΕΤΑΤΕ
2021 461 2080 521 8.
2121 461 2496 534 GREGORII
2536 463 3041 525 AGRIGENTINI

2968 310 2997 327 λ
3024 307 3029 311 .

3805 468 3927 533 1192

675 562 1154 633 persuasissimum
1203 562 1485 627 omnibus,
1555 563 1610 617 in
1661 579 1851 635 orcum
1912 568 2246 623 detrudenda
2274 570 2321 627 Ἀ
2348 584 2523 627 annos
2553 582 2718 628 natus
2744 573 2833 639 65,
2868 589 2991 631 cum
3021 575 3308 632 'l‘heodora
3332 577 3528 650 orbus)
3549 594 3724 638 novos
3743 583 3925 654 hyme-

674 669 866 712 eorum
918 654 1191 723 dogmata,
1245 670 1364 722 qua:
1393 656 1551 725 vulgo
1582 656 1823 721 ipsorum
1881 657 2085 728 elibris
2116 660 2250 715 hau-
2318 675 2500 725 \nasos
2534 663 2879 721 celebrasse?

675 747 977 800 riebantur.
1005 744 1189 811 Quare
1222 747 1305 798 vel
1341 761 1536 800 novam
1585 749 1751 817 tingat
1781 749 2077 817 Cajetanus
2105 765 2249 805 oscu-

671 829 941 892 'meuicam
967 840 1230 908 synodum
1257 838 1360 891 sub
1378 836 1689 893 Justiniano
1709 838 1742 914 ,1
1777 849 2044 906 coactam,
2081 843 2167 893 cui
2195 849 2250 895 et

676 927 907 996 Romani
937 929 1178 998 episcopi
1227 930 1384 1001 legati
1422 929 1805 996 'intert‘uerint,
1837 931 1930 1000 qui
1951 930 2070 1000 ejus
2104 932 2249 986 libel-

673 1016 785 1071 lum
819 1018 1131 1084 detulerint,
1170 1020 1223 1072 in
1270 1034 1378 1087 quo
1416 1021 1581 1072 animi
1635 1020 1720 1074 sui
1771 1036 1927 1076 sensa
1960 1022 2105 1076 circa
2137 1038 2246 1087 res,

672 1124 795 1177 quae
818 1109 871 1161 in
910 1110 1264 1177 quaestionem
1294 1110 1603 1173 veniebant,
1659 1100 2023 1179 depromeret,
2057 1114 2246 1168 simul-

672 1214 780 1269 que
845 1202 992 1254 missi
1053 1203 1122 1255 ab
1169 1203 1285 1271 ipso
1342 1202 1572 1257 Romam
1622 1207 2122 1281 agentelIepiscopi,
2155 1211 2245 1281 qui

676 1288 1041 1344 Orientalibus
1079 1299 1520 1361 aggregarentur,
1562 1293 1763 1360 quique
1813 1286 2039 1348 reduces
2067 1297 2245 1364 ipsum

675 1377 960 1432 docuerint
982 1391 1184 1448 quanta
1207 1380 1436 1448 gesserit
1458 1380 1753 1450 Gregorius
1778 1398 1793 1447 ;
1817 1388 1930 1436 tum
1948 1383 2248 1455 Gregorius

670 1469 808 1546 adeo
861 1470 1065 1524 ascitus
1115 1469 1354 1542 Sardicze
1396 1472 1729 1527 Constantia:
1768 1473 2006 1543 episcopi
2062 1488 2248 1546 partes

672 1540 1119 1628 obiens,quique
1152 1540 1271 1613 tam
1292 1561 1465 1614 multa
1497 1572 1548 1615 et
1588 1561 1822 1614 illustria
1870 1561 1922 1614 in
1959 1562 2247 1627 haereticos

673 1649 986 1717 diSpntarit,
1039 1658 1098 1702 ut
1142 1666 1328 1704 eorum
1388 1652 1602 1706 tandem
1655 1652 1943 1721 pervicerit
1967 1651 2243 1722 furorem;

674 1741 755 1795 vel
781 1742 999 1793 demum
1033 1742 1287 1806 fateatur,
1332 1742 1386 1795 in
1427 1742 1531 1795 alia
1563 1742 1961 1795 amandandum
2001 1753 2243 1812 tempora

672 1833 1013 1901 Gregorium,
1043 1818 1206 1902 atque
1236 1832 1351 1901 ipse
1397 1833 1691 1896 censuerit,
1725 1847 1900 1901 neque
1928 1833 2042 1886 ﬁeri
2059 1849 2238 1904 posse,

570 1943 587 1965 κ
674 1935 732 1977 ut
760 1928 900 1977 inter
957 1926 1145 1994 synodi
1197 1941 1228 1979 v
1277 1926 1626 1979 oecmnenicae
1681 1938 2031 1980 consessores
2083 1925 2245 1983 fuerit

673 2026 1089 2071 annumeratus.

741 2147 833 2203 IX.
866 2147 1051 2216 Neque
1099 2148 1213 2202 haec
1250 2156 1460 2203 tantum
1506 2160 1659 2218 sunt,
1716 2168 1837 2223 qum
1860 2130 2245 2245 Caietaniopi-

603 2300 609 2305 ,
672 2239 890 2294 nionem
947 2239 1182 2304 diﬂlcnt;
1230 2251 1282 2293 et
1328 2240 1434 2295 alia
1491 2242 1779 2307 accedunt,
1808 2260 1929 2314 quae
1959 2239 2284 2299 ~mantissat‘

676 2330 794 2385 iero
820 2334 1032 2385 addam.
1076 2330 1219 2404 Inter
1244 2333 1550 2401 episcopos,
1598 2334 1693 2400 qui
1734 2350 1761 2387 a
1786 2333 2244 2404 Constantinopo-

675 2422 843 2475 litano
881 2423 1190 2490 patriarcha
1208 2402 1478 2491 .delegati,
1524 2421 1773 2493 Gregorii
1805 2441 2026 2481 causam
2059 2425 2245 2497 cogni-

660 2514 782 2568 turi
818 2529 939 2567 cum
969 2510 1531 2582 Romanopontitice,
1565 2514 1882 2570 Corinthius
1906 2527 2240 2572 recensetur.

673 2604 1107 2672 Archiepiscopus
1146 2605 1267 2657 item
1309 2604 1435 2675 (hoc
1462 2613 1547 2661 est
1583 2604 2239 2677 ConstantinOpolitanus.

673 2697 851 2765 inquit
880 2695 1157 2764 Leontius)
1201 2696 1479 2749 accersitos
1514 2695 1693 2765 Cyzici
1740 2706 1790 2751 et
1850 2697 2090 2752 Corinthi

671 2803 855 2854 scopas
882 2786 1100 2839 Romam
1132 2788 1253 2840 inde
1277 2787 1454 2840 mittit.
1493 2785 1600 2839 Sed
1642 2803 1803 2856 quem
1830 2801 2115 2857 praetereat
2143 2785 2244 2847 su'b

670 2876 981 2933 Iustiniano
1007 2876 1045 2943 Ι,
1070 2892 1349 2945 annosque
1383 2876 1588 2944 aliquot
1622 2886 1742 2945 post
1758 2877 2007 2933 Corinthi
2040 2882 2247 2950 episco-

672 2986 799 3040 pum
847 2969 1117 3031 Hellados,
1159 2977 1212 3021 et
1260 2967 1480 3022 Achaiae
1509 2970 2106 3043 exarchum‘Romanm
2134 2989 2244 3043 pa-

673 3038 965 3121 triarchiae,
997 3056 1452 3128 quemadmodum
1511 3069 1566 3112 et
1616 3038 2038 3129 Tbessa’lonicze,
2073 3038 2244 3139 (ξι-,ιιι-

672 3151 922 3205 stinia'nae
951 3151 969 3201 ι
995 3150 1237 3212 exarchi,
1258 3149 1555 3213 subditum,
1584 3164 1757 3217 eoque
1779 3153 1995 3206 nomine
2010 3153 2241 3209 Romani

670 3241 941 3307 pontiﬁcis
984 3241 1039 3293 in
1091 3254 1186 3292 sua
1235 3240 1490 3294 exarchia
1528 3243 1792 3294 vicarium
1853 3245 2109 3312 gessisse,
2132 3259 2237 3313 qua
2266 3227 2309 3283 (ἶ

669 3332 931 3402 dignitate
979 3330 1138 3383 macti
1195 3330 1331 3383 adeo
1370 3346 1493 3383 cum
1548 3328 2087 3397 Thessalonicensis,
2126 3343 2239 3389 tum

606 3406 615 3413 ’
669 3409 1093 3474 Justinianensis
1166 3419 1447 3473 Dardaniae
1494 3421 1776 3490 episcopi?
1809 3421 1895 3491 (V.
1951 3421 2139 3477 Baluz.
2187 3424 2240 3477 in

672 3510 948 3582 Suppleut.
991 3509 1056 3563 ad
1089 3510 1180 3563 lib.
1220 3525 1251 3563 ν
1285 3510 1347 3563 de
1386 3508 1647 3564 Concord.
1670 3528 1791 3583 sae.
1831 3521 1880 3565 et
1918 3514 2072 3581 imp.,
2118 3529 2238 3583 cap.

669 3602 760 3663 29,
785 3588 985 3668 nali.)
1030 3599 1133 3666 Qui
1193 3600 1358 3667 igitur
1389 3599 1613 3665 factum,
1656 3582 1713 3656 ιῖι
1745 3582 2239 3673 Constantinopoli-

606 3708 614 3719 ·
673 3699 833 3744 tantis
870 3687 1174 3756 patriarcha
1203 3703 1382 3741 rerum
1419 3689 1642 3743 domino
1666 3688 2018 3745 Justinianol
2049 3690 2244 3747 Corin-

673 3778 749 3830 thi
777 3776 1113 3843 episcOpum,
1135 3775 1187 3826 in
1220 3790 1379 3842 quem
1400 3775 1608 3828 nullum
1638 3777 1739 3830 sibi
1778 3778 1869 3845 jus
1894 3779 2237 3843 attributum,

674 3866 727 3917 in
786 3864 1349 3921 urbeurarcesseret,
1402 3862 1747 3933 juberetqne,
1816 3873 1876 3917 ut
1940 3865 2097 3934 legati
2157 3866 2240 3920 sui

675 3965 895 4003 munere
947 3958 1169 4009 ornatus
1212 3946 1442 4001 Rornam
1474 3948 2047 4022 appeteret,_Gregorii
2072 3952 2240 4023 judex

676 4039 930 4095 iuturus?

741 4180 810 4235 Χ.
840 4182 915 4233 Ad
940 4182 1052 4233 haec
1079 4179 1214 4233 falso
1243 4178 1472 4234 crimine
1501 4178 1716 4233 solutus
1733 4176 1925 4235 Romae
1947 4178 2241 4251 Gregorius

670 4270 1197 4338 Constantinopolim
1232 4270 1366 4329 abit,
1424 4268 1610 4338 ibique
1639 4276 1694 4321 et
1745 4270 1815 4323 ab
1864 4270 1993 4340 imp.
2027 4270 2241 4328 Caesare

670 4359 1001 4421 Iustiniano,
1055 4368 1108 4412 et
1134 4361 1201 4413 ab
1248 4356 1489 4425 Augusta
1524 4356 1924 4413 liberalissimis
1950 4361 2110 4416 donis
2140 4378 2240 4417 cu-

674 4454 930 4507 mulatur.
965 4448 1143 4518 Neque
1176 4464 1289 4501 vero
1332 4447 1531 4517 (inquit
1559 4446 1843 4518 Leontius)
1867 4451 2110 4517 piissima
2130 4451 2239 4505 Au-

2420 750 2516 805 Xi.
2552 752 2790 809 Tandem
2833 755 2964 810 illud
3019 758 3374 827 expendatur,
3417 758 3746 832 Gregorium
3777 774 3925 834 post-

2351 850 2514 904 quam
2554 838 2913 909 Pascbalibus
2964 843 3120 899 feriis
3155 860 3185 900 a
3218 846 3402 916 culpa,
3442 850 3606 918 cujus
3644 867 3923 906 summurn

2349 941 2445 995 per
2482 929 2661 985 scelus
2701 940 3015 998 accusatus,
3073 951 3242 1004 purus
3274 937 3552 1007 judicatus
3600 950 3687 996 est
3713 941 3923 1007 Romae,

2351 1015 2442 1068 ubi
2479 1031 2649 1071 annos
2674 1018 2733 1083 2,
2758 1026 2976 1077 menses
3005 1023 3058 1088 5,
3093 1026 3410 1095 carceribus
3439 1042 3472 1081 a
3516 1032 3804 1098 pontiﬁce,
3842 1037 3922 1087 cui

2348 1106 2588 1160 delatum
2619 1109 2849 1176 crimen,
2882 1113 3228 1183 mancipatus
3280 1116 3420 1187 egit,
3452 1117 3924 1193 Constantinopo-

2349 1194 2441 1249 lim
2478 1198 2722 1266 petiisse,
2749 1200 2931 1268 ibique
2949 1203 3157 1257 Pascha
3198 1208 3706 1281 celebrasse,302
3724 1213 3927 1269 deinde

2347 1281 2416 1335 ab
2472 1285 2599 1353 imp.
2652 1284 2966 1346 Iustiniano
3000 1290 3290 1346 dimissum
3351 1292 3583 1350 Romam
3619 1300 3927 1355 revertisse

2348 1388 2443 1428 xm
2490 1373 2608 1428 Kal.
2674 1377 2930 1447 Augusti,
2987 1381 3223 1450 indeque
3251 1384 3305 1437 in
3353 1384 3592 1441 Siciliam
3625 1383 3927 1460 navigasse

2348 1472 2515 1533 atque
2549 1465 2615 1520 ad
2656 1467 3018 1539 Acragantem
3080 1470 3305 1527 ﬂuvium
3348 1478 3667 1544 pervenisse
3700 1466 3761 1534 tv
3799 1480 3925 1537 ldus

2349 1552 2718 1623 Septembris;
2776 1570 2899 1627 post
2967 1561 3081 1615 haec
3135 1562 3358 1618 ﬂuvium
3412 1566 3725 1636 ingressum
3793 1573 3923 1626 hora

2344 1642 2452 1697 diei
2494 1647 2651 1699 tertia
2682 1646 2748 1700 ad
2788 1640 3291 1725 Agrigentinorum.
3316 1648 3784 1727 emporium,an
3824 1665 3924 1716 iter

2344 1739 2461 1785 erat
2515 1742 2935 1806 praeterpropter
2987 1741 3305 1808 sesquidiei,
3364 1744 3642 1813 appulisse
3675 1747 3922 1804 Sabbato

2346 1820 2452 1882 die,
2495 1822 2597 1875 hoc
2631 1832 2716 1877 est
2745 1839 2804 1879 ιιι
2865 1824 2990 1880 ldus
3038 1827 3393 1898 Septembris,
3444 1836 3712 1903 postridie
3754 1854 3921 1906 quam

2275 1905 2319 1964 Β
2346 1911 2412 1963 ad
2436 1909 2793 1981 Acragantem
2824 1930 3039 1971 amnem
3078 1919 3234 1975 navis
3263 1920 3594 1979 advenerat:
3629 1942 3742 1981 non
3772 1905 3922 1983 enim

2344 2016 2491 2056 unus
2545 2003 2793 2072 idemque
2847 2005 2963 2061 dies
2998 2010 3259 2078 appulsus
3306 2013 3630 2083 Acragantis
3688 2027 3748 2072 et
3804 2036 3923 2075 etn-

2294 2142 2307 2153 ,
2346 2091 2522 2159 porii;
2560 2105 2719 2147 secus
2757 2093 2902 2149 enim
2936 2099 3307 2155 cbaracterem
3356 2102 3924 2164 Sabbatoindicasset

2342 2178 2606 2252 Leontius
2648 2182 2716 2237 ad
2754 2199 2807 2238 tv
2837 2183 2963 2241 ldus
3015 2188 3374 2261 Septembris,
3428 2210 3556 2251 cum
3606 2198 3662 2251 in
3695 2213 3918 2255 amnem

2343 2274 2627 2341 pervenit;
2681 2290 2858 2345 neque
2905 2288 3043 2345 erat,
3085 2296 3187 2336 cur
3234 2270 3363 2339 tum
3402 2271 3734 2359 designaret,
3798 2307 3920 2349 cum

2343 2367 2607 2434 emporii
2644 2363 2828 2422 littus'
2869 2372 3069 2441 attigit,
3130 2376 3360 2442 perinde
3406 2393 3473 2432 ac
3520 2395 3585 2435 eo
3634 2383 3747 2448 die,
3792 2387 3922 2455 quia

2346 2451 2669 2519 Sabbatum,
2701 2458 2924 2530 dignum
2958 2464 3262 2533 quidpiam,
3312 2469 3460 2538 quod
3487 2471 3689 2530 litteris
3713 2451 3921 2545 prode-

2344 2553 2515 2610 retur,
2555 2550 2805 2615 gesserit.
2862 2550 2942 2607 En
3000 2553 3210 2615 Leontii
3252 2560 3417 2616 verba
3486 2572 3655 2631 prout
3724 2565 3923 2624 Latine

2342 2652 2500 2693 versa
2526 2638 2721 2696 :Roma
2743 2644 2906 2713 igitur
2925 2651 3166 2717 profecti,
3190 2660 3344 2721 atque
3367 2656 3422 2706 in
3450 2653 3694 2710 Siciliam
3706 2662 3924 2727 appulsi
3947 2650 3952 2656 ’

2280 2794 2287 2797 _
2342 2728 2685 2800 Agrigentum
2739 2736 2947 2789 veniunt
3005 2753 3058 2791 tv
3111 2738 3246 2797 Idus
3299 2741 3768 2812 Septembria;sic
3802 2768 3922 2806 vero

2344 2820 2539 2874 colente
2585 2822 2713 2886 Deo,
2762 2828 2850 2895 qui
2880 2843 3079 2896 semper
3124 2839 3174 2883 et
3212 2843 3563 2896 seruarat,~et
3609 2839 3918 2906 adjuverat,

2343 2912 2557 2981 ﬂuvium
2589 2915 2767 2986 ineunt
2800 2918 2855 2969 in
2915 2917 3242 2985 suburbium,
3297 2924 3435 2990 quod
3466 2927 3764 3005 emporium
3794 2930 3923 2984 dici-

2346 3009 2455 3064 tur,
2484 3001 2552 3053 ad
2591 3005 2796 3056 tertiam
2834 3005 2937 3059 diei
2962 3005 3205 3075 horam;
3242 3019 3356 3063 erat
3397 3001 3557 3078 porro
3598 3010 3919 3083 Sabbatum,

2343 3104 2460 3143 cum
2488 3091 2615 3145 illuc
2670 3094 2935 3163 appetere.
2988 3096 3109 3152 Jam
3151 3114 3283 3155 vero
3334 3101 3402 3156 ab
3425 3118 3576 3158 anno
3633 3106 3767 3170 554,
3825 3111 3921 3179 qui

2342 3185 2736 3239 (ecumenicam
2772 3202 2805 3240 ν
2843 3189 3107 3258 synodum
3132 3201 3373 3258 secutus,
3409 3193 3631 3260 ari—565,
3661 3198 3923 3254 ultimum

2340 3270 2629 3327 Iustiniani
2663 3275 2682 3327 l
2720 3278 2882 3346 Aug.,
2915 3295 2968 3332 xl
3001 3280 3481 3349 Septembrisdies
3519 3285 3922 3349 inSabbatom

2342 3363 2573 3418 incurrit
2603 3366 2763 3420 annis
2791 3366 2895 3421 555
2925 3377 2978 3423 et
3017 3369 3155 3436 560;
3201 3387 3346 3427 anno
3377 3375 3536 3428 eniur
3578 3376 3687 3432 555
3721 3393 3753 3432 a
3794 3378 3919 3435 Kal.

2339 3452 2618 3512 Ianuariis
2654 3459 2926 3530 iuiitcycli
2964 3463 3165 3518 solaris
3185 3467 3362 3520 annus
3383 3467 3436 3532 4,
3469 3466 3702 3539 ideoque
3738 3471 3923 3527 littera

2344 3544 2693 3604 Dominicaiis
2714 3550 2752 3603 ι)
2778 3569 2792 3618 ;
2824 3568 2970 3607 anno
2991 3553 3120 3620 560,
3140 3556 3278 3626 cycli
3312 3558 3507 3614 solaris
3530 3575 3707 3614 annus
3734 3564 3794 3626 9,
3829 3564 3924 3619 lit-

2341 3644 2454 3691 tera
2487 3635 2896 3694 Dominicalisl)
2919 3641 2994 3708 C;
3021 3658 3196 3713 coque
3224 3645 3402 3702 disces
3446 3649 3832 3707 characterem
3868 3669 3923 3707 at

2339 3728 2446 3783 diei
2462 3727 2795 3798 Septembris
2813 3731 2984 3787 fuisse
3007 3733 3196 3788 feriam
3216 3734 3267 3787 7.
3294 3735 3361 3788 At
3384 3751 3563 3793 annus
3580 3738 3687 3794 555
3705 3744 3783 3795 ad
3798 3757 3921 3801 rem

2342 3832 2451 3870 non
2484 3826 2589 3881 est,
2608 3826 2719 3870 tum
2746 3820 2892 3888 quod
2923 3820 3246 3892 Gregorium
3293 3824 3398 3881 hoc
3421 3841 3568 3883 anno
3592 3831 3920 3902 episcopum

2342 3907 2728 3979 inauguratnm
2768 3912 3249 3989 putttCajetanus,
3275 3925 3390 3971 tum
3428 3920 3572 3986 quod
3603 3935 3633 3973 a
3661 3920 3922 3995 GrrgOrii

2340 3998 2605 4058 Romanis
2641 4003 2878 4060 vinculis
2914 4006 2980 4061 ad
3013 4007 3248 4062 reditum
3270 4007 3540 4065 Ecclesiae
3589 4029 3702 4068 suae
3730 4018 3868 4071 anui
3893 4018 3921 4071 ι

2340 4092 2772 4159 intercesserint,
2840 4094 3117 4165 simulque
3180 4106 3395 4153 certum
3450 4101 3610 4165 illud,
3670 4106 3924 4162 audiisse

2341 4181 2663 4252 Gregorium
2711 4174 3191 4254 Agrigentinorum
3247 4190 3567 4258 episcopum
3603 4202 3733 4261 post
3764 4209 3950 4252 (ιαμ-

2340 4266 2619 4327 tuenicam
2647 4275 2918 4343 synodum
2946 4274 3637 4345 Constantinopolitanatn,
3662 4284 3778 4339 hoc
3816 4300 3920 4351 est,

2341 4364 2504 4433 paulo
2532 4373 2652 4433 post
2702 4380 2905 4420 annum
2976 4368 3100 4433 555,
3139 4383 3237 4437 pro
3274 4369 3519 4436 Caietani
3557 4377 3863 4443 sententia,
3894 4394 3921 4433 a

2343 4466 2450 4519 quo
2474 4453 2540 4505 ad
2582 4451 2687 4507 555
2707 4454 2986 4509 biennium
3035 4464 3245 4509 tantum
3280 4472 3557 4513 numeres.
3593 4461 3697 4515 Sed
3740 4479 3924 4537 neque

671 4554 850 4614 gusta~
879 4541 985 4593 viro
1037 4538 1308 4605 quidpiam
1361 4537 1537 4603 cessit,
1560 4539 1649 4590 sed
1681 4554 1799 4591 vero
1845 4540 2021 4593 multis
2045 4536 2237 4609 Crego-
2271 4550 2314 4606 ι)
2343 4544 2521 4598 annus’
2551 4543 2654 4598 560
2705 4559 2883 4598 causae
2934 4556 3137 4601 nostrae
3200 4549 3478 4604 conducit.
3522 4550 3752 4621 Vigilius
3782 4536 3923 4628 papa

671 4636 809 4687 rium
840 4631 1055 4683 donavit
1085 4627 1407 4689 muneribus,
1448 4644 1577 4682 auro
1632 4639 1966 4698 argentoque,
2008 4633 2143 4700 quod
2170 4634 2239 4687 ad

671 4722 924 4777 Ecclesia:
985 4735 1107 4773 uasa
1161 4718 1483 4784 ronﬁcienda
1544 4730 1673 4771 esset
1700 4721 1851 4772 satis.
1899 4718 2079 4791 Ecqua
2110 4740 2239 4779 vero

669 4814 785 4869 haec
813 4813 1052 4879 Augusta
1103 4807 1394 4861 Justiniani
1446 4810 1464 4859 l
1530 4810 1708 4861 uxor?
1752 4808 1978 4864 Unicam
2016 4813 2238 4870 historia

666 4902 958 4958 Iustiniani
1019 4900 1036 4953 ι
1086 4899 1369 4968 c0ujugem
1417 4898 1582 4951 tradit
1616 4896 1977 4962 Theodoram,
2010 4915 2130 4968 qua
2156 4913 2239 4957 ta-

670 5009 793 5048 men
830 4991 1208 5046 mortalitatem
1244 4990 1474 5059 evplevit
1529 4985 1669 5044 anno
1701 4990 1902 5043 Christi
1930 4991 2054 5056 548,
2076 4991 2241 5051 Justi-

670 5087 864 5139 niantei
907 5083 1117 5153 imperii
1139 5082 1228 5147 22,
1265 5098 1445 5135 mense
1468 5080 1651 5145 Junio,
1677 5082 1975 5136 indictione
2002 5085 2087 5148 ii,
2120 5097 2177 5138 ut
2208 5102 2239 5141 a

669 5176 1001 5245 Theophane
1058 5174 1333 5245 proditum
1385 5174 1437 5226 in
1467 5172 1797 5241 .Cbronogr”
1823 5183 1878 5227 et
1906 5182 2030 5228 ante
2062 5177 2236 5243 ipsum

668 5287 699 5324 a
734 5269 1022 5337 Procopio,
1052 5282 1158 5335 quo
1196 5266 1483 5331 superstite
1532 5266 1762 5319 excessit
1802 5263 2109 5330 Theodora,
2141 5269 2235 5325 lib.

669 5378 717 5416 Iv
743 5360 879 5414 Belli
926 5345 1119 5412 Gallic:
1153 5356 1297 5409 Vidit
1356 5356 1634 5424 scopulum
1688 5354 2015 5424 Cajetauus,
2067 5375 2240 5428 neque

668 5451 948 5508 evadendo
977 5464 1072 5519 par
1106 5448 1227 5501 fuit.
1287 5445 1497 5499 Etenim
1551 5445 1869 5514 proﬁtetur,
1930 5452 2238 5519 incmnpcr-

670 5554 781 5599 tum
807 5545 933 5606 sibi,
967 5542 1214 5611 quaenam
1246 5550 1358 5593 tum
1399 5539 1660 5605 temporis
1701 5541 1938 5606 regnarit
1967 5539 2234 5611 Augusta,

669 5652 793 5692 cum
839 5632 1308 5699 Constantinopoli
1365 5632 1637 5699 itospitcm
1670 5630 1859 5685 statuit
1912 5631 2234 5699 Gregorium

670 5728 1000 5796 episcopum.
1052 5722 1212 5789 Eccui
1265 5722 1481 5775 tandem
1522 5720 1686 5775 fuerit
1729 5733 2087 5790 compertum,
2115 5741 2235 5778 cum

669 5832 861 5873 omnes
916 5815 1136 5867 omnino
1184 5814 1381 5867 sileant
1434 5813 1717 5866 historiae?
1757 5830 1880 5868 cum
1905 5830 2079 5883 neque
2110 5832 2238 5870 vero

671 5909 852 5967 simile
886 5907 997 5973 liat,
1056 5905 1422 5963 Justinianutn
1476 5914 1691 5962 senecta
1723 5914 1879 5963 actate
1920 5908 2057 5979 (erat
2084 5908 2226 5962 enim

2340 4635 2541 4688 obiittv
2572 4633 2695 4689 ldus
2712 4632 3004 4695 Januarias
3029 4638 3158 4692 anni
3197 4636 3260 4692 P.
3293 4639 3353 4694 C.
3381 4638 3567 4695 Basilii
3596 4643 3682 4707 17,
3720 4662 3922 4719 nempe

2310 4724 2539 4779 'Christi
2586 4724 2903 4796 Dionysi-ani
2959 4725 3081 4792 568,
3119 4738 3257 4783 teste
3304 4731 3555 4786 omnium
3601 4736 3922 4794 certissimo

2342 4818 2559 4874 Victore
2598 4818 2958 4875 Tunnunensi
3005 4823 3299 4892 episcopo,
3345 4824 3442 4894 qui
3503 4824 3702 4897 Vigilio
3761 4842 3923 4887 atate

2340 4925 2583 4978 compar,
2628 4910 2918 4982 adiuitque
2946 4912 3571 4986 ConstantinOpolitan-«e
3607 4924 3828 4991 synodo
3862 4942 3918 4985 ιι,

2352 4999 2660 5071 VigiliOque
2684 5007 2829 5073 regia
2860 5005 2912 5057 in
2944 5006 3079 5078 urbe
3111 5003 3411 5063 consuevit.
3464 5009 3773 5078 ‘Avdmm,
3810 5018 3922 5070 sive

2338 5092 2466 5145 anni
2500 5093 2648 5146 nullo
2714 5094 2938 5148 consule
2984 5075 3254 5165 designati
3307 5097 3610 5157 secundum
3650 5100 3919 5159 Basiliam

2339 5194 2554 5248 coepere
2580 5183 2648 5233 ab
2702 5196 2846 5233 anno
2881 5181 2987 5235 592
3036 5183 3433 5253 desieruntque
3478 5202 3623 5241 anno
3657 5189 3793 5250 566.
3828 5196 3921 5261 qui

2338 5268 2757 5337 primusJustiui
2821 5269 2864 5324 ll
2896 5273 3060 5342 Aug..
3091 5284 3148 5328 ut
3197 5288 3262 5328 ex
3288 5272 3464 5331 Fastis
3504 5280 3921 5351 consulatibus,

2339 5363 2682 5430 potissimum
2714 5378 2841 5417 vero
2866 5364 3209 5420 Heraclianis
3252 5378 3485 5423 constat.
3522 5371 3695 5425 Porro
3736 5370 3919 5446 Vigilii

2339 5454 2693 5506 emortualem
2739 5471 2941 5509 annum
3011 5461 3449 5525 componendum
3513 5478 3639 5517 cum
3706 5464 3919 5524 Christi

2341 5541 2674 5611 Dionysiano
2700 5543 2980 5609 558,adeo
3010 5549 3252 5602 solemne
3278 5550 3540 5605 traditum
3574 5554 3631 5606 in
3656 5559 3922 5627 antiquis

2339 5636 2713 5691 Romanorum
2752 5641 3073 5707 pontilicum
3099 5641 3395 5714 Catalbgis,
3426 5655 3486 5699 ut
3506 5646 3755 5704 Joannes
3788 5651 3923 5708 Cec-

2338 5727 2606 5791 canensis,
2627 5729 2717 5796 qui
2763 5742 2951 5786 caetera
2998 5733 3388 5790 Cbrouotaxim
3422 5739 3768 5807 pontiﬁciam
3799 5760 3923 5799 sus-

2337 5831 2443 5884 que
2498 5818 2672 5887 deque
2716 5821 2973 5890 .scripsit,
3032 5825 3087 5879 in
3133 5826 3240 5881 alia
3274 5826 3425 5881 abire
3477 5828 3625 5886 haud
3659 5836 3920 5903 potuerit.

2337 5907 2516 5973 Quare
2547 5910 2781 5981 videant,
2814 5928 2982 5985 quam
3018 5918 3260 5976 suaviter
3299 5918 3406 5977 sibi
3455 5920 3674 5995 ituponi
3703 5928 3923 5999 patien-
