4032 6334
179 472 315 539 “93

1524 479 2021 541 DISSERTATIO
2036 525 2050 538 .

3083 458 3106 497 ‘
3253 479 3383 541 ttat

174 594 284 646 tur,
319 582 412 651 qui
464 581 530 636 iis
586 583 893 650 ascribunt,
922 577 975 660 re
1021 557 1159 639 viris
1193 592 1438 653 ereptum
1471 583 1726 666 Vigillinm
1759 591 1800 644 Α
1831 583 1988 654 303
2049 571 2320 649 εἰΠυιὸΐο,
2376 570 2498 639 εύῐη
2534 582 2737 640 Christi
2778 583 3143 666 Dionysum-‘3'
3173 593 3232 636 ιη
3263 585 3386 638 ind"-

174 687 321 726 anno
351 672 455 727 554
485 673 880 728 dictitantibus.
909 673 1027 728 Jam
1080 673 1278 742 Vigilio
1299 674 1730 729 successitPela-

172 759 296 828 gius
333 759 516 813 Idibus
553 759 754 828 Aprilis
799 762 1041 829 ejusdem
1076 762 1204 814 anni
1236 761 1358 822 558,
1388 761 1481 830 qui
1515 756 1726 814 exstin-

173 860 317 914 ctus,
339 851 417 903 uti
432 834 670 904 ostendit
695 850 911 921 Pagius,
935 867 1078 905 anno
1095 853 1198 907 560
1215 855 1295 908 vel
1318 853 1442 915 56!,
1470 848 1728 922 quemad-

170 941 395 995 modum
436 928 526 995 alii
568 943 828 1009 sentiunt,
863 959 910 998 tv
948 935 1133 1000 Nonas
1162 944 1402 998 Martias.
1434 943 1493 997 Si
1527 944 1731 1013 Grego-

163 1020 290 1086 rius
360 1033 522 1102 igitur
584 1031 770 1087 Roma:
823 1034 1078 1088 occlusus
1134 1035 1448 1088 carceribus
1486 1048 1660 1087 annos
1696 1033 1729 1086 2

168 1093 444 1178 menses‘li
485 1124 764 1194 exegit;si
813 1125 1027 1193 cognita
1066 1123 1306 1193 Gregorii
1341 1141 1503 1180 causa
1532 1124 1730 1193 postri-

168 1214 258 1267 die
311 1212 609 1275 Paschalis,
658 1219 803 1265 cette
859 1212 1154 1266 Ecclesiam
1200 1213 1290 1266 ille
1318 1227 1470 1288 suam
1501 1214 1731 1267 revisere

171 1304 382 1371 nequiit
407 1318 550 1356 anno
591 1302 713 1363 560,
757 1303 858 1354 nisi
905 1303 1149 1362 Romam.
1173 1317 1282 1370 quo
1313 1317 1340 1354 a
1383 1301 1598 1356 Tiberio
1622 1302 1731 1355 Ro-

169 1394 322 1446 mani
354 1393 620 1462 pontificis
661 1393 715 1469 in
752 1393 935 1467 Sicilia
988 1394 1225 1485 exarc'ho
1258 1392 1352 1461 (ita
1381 1393 1732 1485 appellatLe-

111 1517 114 1519 λ
169 1486 379 1549 ontius,
429 1487 521 1554 qui
557 1467 726 1539 'l’orte
790 1485 1048 1538 Romanae
1101 1467 1350 1539 Ecclesiae
1372 1481 1642 1557 defensor,
1668 1489 1732 1538 de

169 1578 282 1642 quo
341 1577 467 1629 alihi
533 1576 732 1644 dicam)
776 1577 1122 1639 amandatus,
1155 1577 1379 1646 subierit
1437 1592 1578 1630 anno
1606 1577 1727 1639 556,

171 1680 364 1720 mense
395 1663 686 1719 Novembri
713 1681 728 1727 ;
756 1667 822 1717 ab
845 1680 911 1718 co
944 1666 1091 1719 enim
1125 1665 1187 1718 ad
1226 1667 1348 1719 Idus
1383 1667 1580 1736 Aprilis
1605 1667 1729 1734 559,

170 1754 300 1808 cum
329 1753 699 1808 Christianum
743 1752 949 1807 Pascha
987 1755 1314 1808 celebratum
1366 1757 1529 1825 (quod
1564 1753 1730 1834 disci-

172 1859 301 1896 mus
331 1860 392 1897 ex
426 1845 573 1914 cyclo
608 1842 738 1904 solis
768 1844 821 1906 8,
851 1845 994 1898 lunae
1024 1846 1076 1908 9,
1117 1846 1294 1900 littera
1325 1846 1636 1901 Dominicali
1666 1848 1727 1912 E,

175 1935 418 1989 termino
459 1935 723 2001 Paschali,
758 1937 790 1990 6
842 1938 1063 2006 Aprilis)
1124 1949 1269 1993 recte
1306 1939 1525 2010 colliges
1557 1948 1738 2005 “annos

168 2027 226 2089 2,
261 2027 478 2080 menses
504 2027 556 2087 5,
598 2014 654 2080 nt
676 2029 922 2101 reversus
950 2027 1163 2081 tandem
1205 2029 1554 2098 Agrigentum
1590 2026 1731 2082 anno

169 2113 483 2186 insequenti
524 2117 686 2170 merit
743 2118 890 2186 regia
922 2120 983 2188 e‘x
1015 2118 1176 2181 Urbe,
1222 2121 1311 2173 ubi
1361 2118 1567 2174 Pascha
1608 2123 1727 2187 per-

170 2208 306 2276 egit.
340 2203 505 2274 Atqui
559 2222 687 2260 vero
740 2222 882 2260 anno
917 2207 1020 2263 556
1055 2205 1108 2263 et
1148 2210 1517 2278 pontiticatum
1550 2207 1734 2266 obibat

174 2289 434 2364 Vigilius,
474 2306 528 2350 et
574 2297 1046 2368 GonstnntiuopOli
1119 2298 1379 2373 degebat,
1417 2309 1468 2352 ut
1496 2293 1734 2367 proinde

168 2390 496 2456 Gregorium
525 2391 709 2442 Romae
739 2391 793 2443 in
824 2389 1069 2444 carceres
1118 2393 1348 2445 condere
1373 2391 1513 2444 haud
1546 2397 1731 2460 quive-

171 2479 266 2540 rit,
303 2469 478 2547 neque
517 2474 783 2548 accipere,
827 2494 963 2548 quas
1004 2466 1254 2536 Tiberius
1293 2484 1564 2539 exarchus
1595 2465 1764 2539 Scri:

167 2567 395 2631 pscrat,
440 2563 649 2618 litteras
669 2604 684 2629 ,
738 2565 956 2633 quando
980 2581 1056 2620 ea:
1105 2568 1315 2622 traditae
1344 2571 1605 2637 pontillci,
1637 2576 1732 2642 qui

170 2651 364 2704 Ruina?
392 2648 726 2706 versabatur.
759 2651 937 2718 Q‘uare
970 2657 1093 2708 cum
1129 2671 1273 2710 anno
1296 2657 1398 2712 556
1428 2654 1730 2715 Romanum

168 2743 484 2809 pontiﬁcem
515 2742 724 2811 gereret
753 2743 1002 2813 Vigilius,
1030 2761 1152 2801 cum
1183 2763 1326 2802 anno
1349 2750 1451 2804 559
1478 2747 1729 2821 Pelagius

167 2828 435 2887 Romana:
493 2831 748 2890 Ecclesiae
823 2837 1032 2891 Clavum
1094 2839 1434 2908 temperaret,
1496 2839 1730 2915 cumque

119 2940 126 2946 '
165 2923 438 2990 insuper,
467 2926 558 2991 qui
605 2922 921 2993 Gregorium
976 2926 1223 2993 absolvit,
1277 2929 1416 2984 idem
1473 2931 1644 2987 annos
1674 2936 1730 3002 2,

164 3025 390 3064 menses
435 3010 467 3063 5
521 3011 751 3066 vinculis
810 3022 863 3067 et
913 3015 1158 3069 cusmdia
1217 3018 1534 3084 coercu‘erit,
1583 3026 1729 3090 quod

162 3102 514 3169 apertissime
547 3106 776 3156 testatur
815 3103 1096 3167 Leontius,
1155 3119 1493 3178 consequens
1534 3121 1635 3176 est,
1674 3114 1728 3167 in

1829 677 1907 730 rei
1937 674 2138 729 veritas
2171 683 2426 744 emergat.
2459 675 2612 741 Quod
2663 663 2957 746 Agrigento
3003 674 3384 744 Carthaginem

1830 765 2050 820 solverit
2077 764 2570 840 Gregoriuspridie
2601 766 2719 821 Kal.
2759 767 2951 832 Iulias,
2987 783 3162 838 eoque
3197 781 3389 836 perve-

1828 844 1966 908 nerit
1993 863 2114 924 post
2136 857 2250 911 dies
2287 858 2340 920 3,
2372 854 2424 910 in
2467 859 2888 913 controversiam
2921 853 3027 912 non
3062 860 3226 923 venit,
3262 874 3385 912 nam

1829 960 1896 998 ex.
1935 946 2209 1002 luculento
2260 943 2481 1020 Leontii!
2521 942 2833 1003 teStimohio
2896 941 3178 1004 discimus.
3230 946 3388 1014 Quod

1832 1036 2011 1104 itidem
2047 1037 2376 1107 Carthagine
2400 1039 2523 1093 cum
2565 1025 2766 1104 Marco,
2807 1032 3123 1110 Serapione,
3159 1039 3390 1094 Leontio

1835 1117 2115 1182 monachis
2141 1111 2413 1197 proiectus
2445 1122 2708 1200 Tripolim
2745 1131 3040 1194 advenerit,
3075 1129 3305 1200 expletis
3335 1131 3387 1183 in

1833 1214 2023 1272 itinere
2053 1209 2242 1273 diebus
2262 1221 2350 1284 20,
2395 1221 2578 1290 ibique
2605 1217 2912 1276 diversatus
2967 1213 3206 1276 mensem
3260 1222 3390 1274 intc‘

1830 1321 2008 1375 grum,
2053 1300 2290 1377 indeque
2341 1309 2536 1362 iterum
2573 1304 2856 1377 navigans,
2895 1299 3239 1376 quatuorque
3264 1309 3389 1360 navi

1834 1395 2124 1466 impositus
2147 1414 2361 1454 menses
2387 1401 2645 1469 exegerit,
2668 1399 2993 1468 tandemque
3017 1397 3389 1470 Hierosolyma

1831 1482 2079 1552 subierit,
2125 1482 2195 1542 ita
2248 1497 2364 1542 uta
2409 1489 2755 1559 Carthaginis
2786 1490 2933 1551 abitu
2967 1493 3034 1544 ad
3087 1483 3391 1559 Ilierosol'y-

1831 1576 2045 1632 morum
2077 1580 2381 1648 ingressum
2412 1596 2627 1636 menses
2663 1578 3072 1638 intertteSScr'int
3109 1581 3142 1637 6
3175 1581 3255 1637 v.1
3295 1585 3393 1637 ali-
3450 1584 3453 1588 ’

1832 1668 1962 1738 q'uid
2003 1668 2270 1739 amplius,
2328 1665 2586 1726 Leontius
2625 1689 2777 1742 mque
2814 1670 3079 1744 perhibet,
3122 1666 3180 1730 ut
3209 1677 3390 1730 nullus

1833 1758 1924 1812 hic
1986 1757 2290 1829 ambigendi
2354 1761 2506 1816 locus
2564 1763 2820 1829 supersit.
2881 1763 3032 1829 Quod
3083 1761 3211 1819 vero
3268 1766 3391 1818 inde

1831 1849 2126 1905 Gaietanus
2152 1851 2404 1905 conﬁciat
2446 1852 2813 1924 Hierosolyma
2862 1853 3176 1923 Gregorium
3224 1871 3389 1925 penc~

1832 1945 2008 1992 trasse
2037 1940 2274 1994 nondum
2304 1956 2448 1996 anno
2476 1942 2679 2010 elapso,
2713 1958 2776 1996 ex
2806 1943 2924 2011 quo~
2943 1944 3114 2010 patria
3137 1943 3386 2008 evaserit,

1835 2044 1934 2082 nec
1963 2029 2118 2098 longe
2167 2045 2194 2082 a
2253 2030 2534 2092 Paschatc,
2590 2034 2733 2102 quod
2778 2031 3033 2088 Leontius
3083 2021 3387 2102 conlectum

1834 2116 2143 2174 m'eniorat6
2175 2122 2394 2189 Aprilis,
2414 2114 2561 2176 nullo
2585 2125 2746 2179 inodo
2767 2117 3083 2194 probamus,
3109 2126 3152 2181 si
3174 2130 3388 2198 quidem

1832 2203 2025 2265 ducem
2050 2209 2257 2265 Lemnii
2296 2210 2601 2289 hiStoriam,
2637 2227 2694 2268 ut
2729 2217 2953 2270 omnino
2985 2217 3064 2272 fas
3105 2229 3206 2284 est,
3234 2223 3387 2289 sequi

1835 2303 2104 2369 velimus;
2149 2303 2276 2371 quid
2329 2293 2514 2358 enim?
2542 2288 2757 2360 Marcus
2787 2307 2976 2373 abbas,
3011 2307 3102 2378 qni
3137 2306 3391 2366 "ieroso-

1833 2393 1975 2464 lyma
2023 2389 2344 2463 Gregorium
2398 2395 2736 2451 deduxit'die
2772 2401 3005 2454 secunda
3047 2399 3076 2456 a
3110 2419 3245 2458 nova
3285 2403 3408 2458 uo.-

1833 2483 2054 2548 minica,
2075 2489 2197 2553 Quae
2223 2485 2443 2538 unicum
2475 2484 2706 2551 Pascha,
2736 2488 2879 2556 quod
2923 2490 3118 2546 ibidem
3147 2495 3388 2550 celebra-

1831 2573 1926 2638 vit,
1956 2574 2164 2642 secuta,
2193 2565 2451 2645 Tripolim
2477 2575 2644 2646 Syria:
2675 2578 2963 2648 demigrat,
3017 2581 3127 2653 quo
3173 2582 3387 2641 devenit

1832 2664 1956 2717 Kal.
1991 2662 2188 2728 Juniis,
2229 2665 2320 2718 ubi
2355 2666 2655 2720 cbnseensa
2687 2669 2830 2730 navi,
2867 2669 2920 2724 in
2955 2668 3194 2728 Siciliam
3231 2676 3384 2732 navi-

1833 2744 1968 2825 gat';
2007 2753 2118 2809 xvtt
2148 2754 2266 2808 Kal.
2297 2748 2468 2815 Julias
2503 2757 2569 2810 ad
2605 2751 2952 2817 Pleuthiadas
2982 2761 3106 2819 oras
3144 2762 3384 2835 appellit,

1833 2847 2067 2918 indeque
2105 2841 2484 2918 Acragantem-
2509 2848 2750 2916 ﬂuvium,
2799 2846 2962 2922 atque
3011 2854 3137 2911 hinc
3177 2851 3386 2914 Sultur-

1831 2939 1979 2995 bium
2013 2937 2222 3016 primo,
2275 2939 2419 3010 quod
2460 2930 2763 3010 emporium
2794 2930 3262 3016 Agrigentinorum
3301 2951 3385 3004 dl-

1831 3031 1997 3092 ctum,
2021 3025 2142 3085 dein
2163 3032 2349 3085 urbem
2372 3028 2688 3102 ingreditur,
2714 3031 2892 3102 ibique
2913 3031 2999 3090 die
3025 3035 3385 3096 sanctissimi.

1830 3116 2092 3192 apostolis
2119 3118 2276 3178 Petro
2307 3117 2358 3180 et
2382 3113 2552 3180 Paulo
2581 3111 2731 3182 saera
2783 3122 3188 3197 religiosissime
3216 3137 3382 3194 culta.

160 3206 375 3245 annum
412 3192 515 3247 560
549 3191 780 3248 conferri
823 3203 927 3249 neu
962 3198 1123 3263 posse
1173 3193 1416 3266 Gregorii
1445 3202 1509 3254 ad
1541 3201 1722 3257 Eccle-

1821 3191 2081 3285 postridie
2124 3217 2371 3286 contigit,
2421 3226 2481 3271 ut
2537 3217 2775 3288 Gregorii
2826 3217 3062 3288 parentes
3107 3221 3176 3276 aa
3206 3224 3382 3279 urbem

77 3346 84 3351 _
161 3284 309 3336 siam
338 3297 489 3336 suam
521 3284 771 3336 reditum.
800 3284 932 3338 Cum
959 3289 1085 3339 vero
1114 3286 1168 3344 In
1215 3287 1436 3356 reliquis
1465 3283 1726 3346 :Iu'stinia-

158 3373 221 3425 ιιΞ
257 3372 280 3426 Ξ
312 3356 469 3426 annis
507 3387 782 3441 nunquam
817 3373 1022 3428 incidat
1061 3376 1116 3429 II
1157 3369 1488 3446 Septembris
1525 3382 1641 3438 dies
1672 3383 1726 3438 in

162 3463 362 3514 feriam
395 3460 447 3526 7,
503 3476 647 3515 anno
698 3464 842 3516 enim
893 3458 990 3517 561
1057 3469 1313 3537 convenit
1365 3470 1418 3523 in
1449 3466 1638 3527 feriam
1673 3477 1724 3536 I.

158 3560 318 3603 anno
338 3550 524 3634 56g'in
564 3550 752 3606 feriam
784 3553 840 3618 2,
869 3551 1014 3608 anno
1051 3555 1154 3608 565
1181 3557 1233 3609 in
1275 3556 1464 3634 feriam
1490 3561 1543 3626 5,
1585 3577 1725 3616 anno

155 3641 271 3696 ὅθι
298 3643 352 3694 in
393 3617 582 3696 feriam
616 3639 670 3704 5,
700 3654 845 3698 anno
871 3645 984 3720 565v
1005 3646 1059 3700 in
1095 3648 1284 3702 feriam
1307 3649 1362 3713 6,
1387 3617 1724 3712 doceau‘an—

154 3734 291 3786 dem
327 3726 643 3795 Caietanus,
670 3735 840 3802 e'cqlia
863 3736 1098 3790 ineunda
1130 3739 1234 3800 via,
1273 3756 1379 3808 qua
1402 3727 1734 3811 Gregorium

156 3822 648 3891 Agrigentinorum
705 3824 1020 3894 episcopum
1078 3831 1129 3881 in
1200 3823 1489 3885 Iustiniani
1545 3818 1720 3903 Magni

154 3906 414 3982 tempora
459 3915 822 3978 conferamus,
843 3931 964 3980 cum
997 3926 1104 3972 tam
1158 3922 1343 3984 multa,
1385 3921 1556 3993 eaque
1584 3940 1720 3992 pon-

152 4006 313 4084 deris
370 4005 676 4074 gravissimi
725 4011 998 4076 comperta
1037 4012 1216 4066 ‘ntibis
1267 4015 1396 4078 Sint,
1442 4016 1568 4084 ‘quz'e
1597 4017 1721 4072 inde

151 4077 461 4162 abjiciant?
581 4112 587 4126 η
1062 4171 1067 4174 _
1228 4173 1230 4176 ν

181 4183 190 4188 ”
227 4175 347 4238 XII.
384 4185 533 4240 Nunc
552 4185 805 4257 quoniam
833 4187 939 4245 non
975 4192 1153 4247 stabili
1187 4192 1373 4248 nititur
1401 4189 1718 4251 fundamena

149 4285 211 4330 to
243 4276 487 4340 Cajetani
517 4278 699 4345 opinio
731 4278 796 4332 de
816 4279 1065 4349 ‘GregOrii
1090 4322 1102 4344 ,
1135 4284 1220 4337 cui
1247 4285 1494 4357 imputat,
1536 4297 1712 4349 aetate,

147 4365 509 4419 commodum
563 4367 727 4431 venit,
764 4377 822 4420 ut
871 4371 998 4437 quid
1031 4372 1132 4424 hac
1159 4373 1225 4425 de
1261 4373 1319 4425 re
1343 4376 1593 4438 sentiam,
1625 4377 1714 4430 ali-

147 4448 645 4524 quando/tandem
697 4463 1015 4525 proponam.
1041 4452 1192 4526 Quid
1232 4459 1359 4516 vero
1389 4460 1707 4533 proponant,

1828 3295 2053 3358 venerint
2080 3307 2374 3358 necessaria
2402 3298 2711 3375 deferentes,
2737 3318 2791 3360 ut
2809 3301 2931 3361 nato
2947 3310 3099 3378 justa
3127 3313 3378 3382 [πει-ειυς

1825 3411 1883 3448 eo
1913 3381 2164 3464 siquidem
2192 3397 2274 3448 die
2326 3394 2606 3466 Gregorius
2674 3399 2794 3452 inde
2848 3402 3166 3475 abscesserat
3214 3391 3381 3474 pridie

1825 3484 1947 3538 Kal.
1970 3483 2170 3538 Julius.
2203 3486 2478 3557 Lacrymis
2506 3477 2672 3558 igitur
2723 3488 3050 3561 planctuque
3079 3495 3203 3548 dum
3249 3498 3378 3551 iniv-

1823 3577 1934 3629 ria‘s
1960 3578 2180 3631 solvunt
2200 3579 2330 3641 ﬁlio,
2361 3573 2522 3647 quem
2545 3569 2869 3636 ekstinttum
2901 3577 3207 3650 autumant,
3240 3587 3380 3641 Mar-

1824 3683 1922 3722 cus
1951 3650 2255 3724 monachus
2271 3654 2445 3725 luctus
2461 3663 2680 3726 causam
2705 3658 2774 3727 ab
2796 3675 3048 3747 episcopo
3071 3667 3380 3734 Potamione

1824 3757 2163 3842 sciscitatur,
2195 3761 2354 3841 eique
2387 3758 2674 3830 episc0pus
2706 3780 2719 3816 :
2747 3757 2887 3844 Audi
2915 3765 3169 3846 (inquit),
3199 3771 3378 3834 Pater,

1769 3895 1773 3897 _
1809 3848 1927 3918 jam
1964 3846 2012 3900 te
2042 3839 2167 3916 quid
2198 3838 2295 3902 hac
2327 3851 2532 3930 inurbe
2567 3852 2770 3906 duobus
2808 3841 2997 3909 abhinc
3047 3842 3198 3911 annis
3256 3877 3377 3913 con-

1822 3938 2014 4006 tigerit,
2073 3938 2312 3994 edocebo.
2375 3931 2512 3994 'I'um
2572 3958 2684 3997 rem
2737 3941 3074 4014 exsequitur,
3128 3964 3373 4014 narrans,

1817 4041 1958 4095 quos
1989 4029 2235 4098 lugentes
2277 4030 2508 4096 videret,
2541 4023 2791 4100 parentes
2831 4049 2950 4091 esse
2989 4023 3232 4108 Gregorii
3282 4044 3376 4095 cii-

1811 4108 2028 4194 jusdatn
2055 4108 2267 4172 eximia:
2293 4119 2404 4189 spei
2435 4111 2816 4185 adolescentis,
2861 4119 2958 4198 qui
3007 4112 3374 4183 archidiaconi

1815 4198 2119 4277 disciplinae
2153 4212 2496 4267 concreditus
2536 4212 2599 4267 ei
2637 4207 2868 4269 civitatis
2899 4219 3070 4272 oculis
3104 4220 3373 4288 eruperit.

1815 4286 2056 4373 Agejam
2101 4301 2144 4353 si
2175 4292 2469 4371 Gregorius
2531 4305 2721 4373 patriis
2773 4303 2971 4361 ﬁnibus
3018 4311 3153 4363 abiit
3204 4286 3376 4380 pridie

1796 4387 1965 4443 Kal“
1994 4389 2185 4464 Iulias,
2219 4395 2263 4445 si
2305 4395 2558 4462 Sequenti
2579 4394 2722 4450 anno
2766 4388 2979 4454 Marcus
3039 4392 3202 4457 abbas
3249 4415 3372 4458 cum

1817 4479 2078 4550 Gregdrio
2119 4483 2507 4554 Hierosolymis
2539 4482 2824 4550 Paschalis
2858 4475 3116 4546 solemnia
3146 4486 3367 4566 peregit,

146 4546 263 4599 nisi
291 4546 432 4611 quod
459 4560 551 4600 ει·
573 4547 879 4617 MenoIOgio
947 4549 1130 4606 Basilii
1163 4552 1179 4604 I
1209 4553 1347 4622 Aug.
1394 4555 1714 4612 anetoritate

1929 4546 1950 4550 -
2374 4546 2390 4554 -
2799 4546 2806 4550 γ
3147 4546 3168 4563 τ
3189 4546 3224 4549 ,κ
3249 4546 3366 4566 κο--.

1821 4570 2095 4640 alteroque
2126 4588 2155 4626 a
2187 4589 2320 4653 nova
2362 4575 2636 4630 Dominica
2669 4581 2755 4633 die
2798 4581 2922 4636 inde
2969 4583 3242 4653 digressus
3279 4589 3366 4639 de-

141 4634 330 4698 edito,
353 4649 421 4688 ex
459 4635 769 4692 Summari'o
814 4638 1158 4709 Grcg'ot-iana
1211 4645 1333 4696 vitae
1356 4643 1540 4701 Graece
1579 4649 1715 4702 scri-

141 4731 269 4792 pto,
308 4737 371 4776 ex
420 4711 907 4783 Niceta‘m'onacho
961 4731 1190 4798 Studite‘,
1239 4750 1302 4786 ex
1341 4729 1565 4790 Leontio
1618 4754 1713 4792 no-

141 4822 296 4872 stro.
328 4827 392 4866 ex
421 4813 780 4882 Metaphraste
811 4819 1114 4883 haut-imus,
1155 4822 1221 4874 ad
1248 4838 1308 4876 ea
1349 4825 1556 4892 scilicet
1571 4827 1712 4880 refe-

138 4898 386 4954 rendum
420 4909 660 4970 tempora
701 4903 1016 4976 Gregorium
1051 4947 1067 4973 ,
1104 4899 1303 4976 quibus
1329 4910 1714 4967 Constantino-

138 4992 263 5063 poli
305 4995 649 5072 meumenica
673 5011 722 5050 vt
774 5002 1014 5074 synodus
1045 5000 1301 5054 adversus
1331 5003 1711 5061 Menothelitas

135 5092 369 5172 coacti,
402 5083 730 5154 proindeqne
773 5089 974 5143 vnisse
1025 5091 1124 5144 sub
1153 5091 1323 5162 Aug'g.
1356 5092 1711 5172 Constantii-.9

136 5161 460 5241 Pogoﬁato,
506 5185 558 5232 et
617 5174 927 5231 Justitiiano
961 5177 1025 5243 II,
1060 5182 1144 5234 cui
1183 5192 1211 5234 a
1248 5161 1444 5238 rce-isis
1487 5162 1708 5243 naribus

134 5277 302 5314 anno
329 5260 432 5316 695
476 5265 542 5317 ab
606 5263 849 5337 Leontio,
905 5269 995 5334 qui
1043 5273 1189 5336 regio
1246 5286 1275 5324 e
1317 5272 1705 5340 thronoejectt,

137 5350 490 5408 Rhinotmeti
541 5359 840 5425 cegnomen
904 5346 1164 5411 indltum?
1211 5360 1352 5414 Nihil
1387 5355 1550 5431 igitur
1582 5369 1706 5421 novi

133 5441 414 5506 afferam;
468 5450 676 5499 tantum
721 5447 967 5512 ciliciam,
1004 5457 1286 5518 nequem
1327 5451 1566 5527 Cajetaui
1611 5448 1706 5511 no-

134 5532 320 5586 minis
341 5531 677 5599 auctoritas,'
723 5547 843 5606 qua:
873 5538 1088 5607 quidem
1128 5555 1359 5604 summa,
1390 5559 1419 5596 e
1448 5547 1553 5598 veri
1595 5551 1729 5600 trs--

134 5623 281 5676 ruite
327 5623 626 5691 propulset.

211 5711 362 5766 XIII.
395 5711 672 5781 Principio
706 5721 1063 5785 componendi
1111 5721 1240 5776 mihi
1276 5721 1517 5791 Gregorii
1555 5730 1699 5792 anni,

131 5803 237 5870 qui
271 5794 790 5870 azpatriae'disecss'u
826 5809 914 5860 ad“
946 5810 1190 5878 episcopi
1233 5812 1699 5883 inaugurationem

209 5887 220 5890 ’
441 5893 729 5957 ῬΑτῐιοῑ..
774 5899 865 5960 Gn
922 5900 1187 5964 XCVIII.

1817 4662 2029 4716 sinente
2049 4661 2210 4717 Junio
2235 4665 2584 4734 Agrigentum
2622 4673 2884 4733 pervenit,
2934 4675 3215 4742 pridieque
3251 4673 3365 4731 Kal.

1813 4750 1982 4806 Julias
2014 4751 2260 4823 Gregorii
2293 4767 2542 4824 parentes
2571 4759 2716 4813 videt
2746 4761 2891 4828 justa
2929 4763 3037 4816 tilio
3087 4753 3366 4827 facientes.

1813 4848 1959 4892 certe
1983 4841 2194 4907 quidem
2227 4858 2290 4897 eo
2322 4845 2408 4897 die
2455 4861 2594 4900 unus
2649 4850 3015 4904 numerandus
3063 4867 3260 4919 annus,
3301 4874 3365 4910 vx

1813 4942 1919 4997 q_uo
1946 4921 2206 4984 Chariten
2258 4942 2311 4986 et
2351 4933 2620 4990 Theotlote
2651 4936 3025 4993 dulcissimum
3073 4944 3365 5011 optimam-

1811 5033 1917 5085 que
1950 5022 2144 5088 pignus
2184 5024 2504 5078 amiserunt.
2541 5013 2749 5078 Atenim
2779 5030 3065 5098 cpiscopus
3088 5033 3363 5088 biennium

1812 5117 1995 5159 narrat
2024 5126 2036 5160 :
2063 5124 2344 5178 perperam
2381 5114 2545 5182 igitur
2575 5115 2863 5172 Caietanns
2891 5121 3106 5173 unicum
3145 5137 3365 5190 percen-

1767 5237 1770 5240 .
1809 5200 1889 5246 s’ct
1929 5211 2152 5260 annum,
2180 5215 2244 5252 ex
2285 5217 2394 5278 quo
2435 5202 2729 5273 Gregorius
2766 5209 2937 5274 patria
2976 5210 3138 5263 domo
3177 5226 3360 5269 exces-

1811 5285 1960 5347 serit,
1999 5301 2051 5340 et
2077 5280 2286 5344 Marcus
2309 5287 2554 5362 Gregorii
2594 5295 2786 5348 ductor
2816 5284 3359 5369 Hierosolymitanam

1811 5368 1876 5427 ad
1921 5381 2408 5444 peregrinationem
2442 5376 2790 5455 Agrigentum
2839 5368 3244 5459 Hierosolymis"
3269 5414 3310 5444 ει·
3337 5423 3361 5437 ς
3401 5421 3403 5428 ·

1810 5470 1972 5521 venit.
2001 5459 2160 5533 Quid,
2200 5474 2341 5541 quod
2364 5476 2603 5542 ejusdem
2635 5477 2836 5532 biennii
2881 5480 3225 5537 manifestum
3268 5502 3359 5541 cx-

1806 5563 1914 5607 stat
1938 5558 2222 5624 vestigium
2247 5562 2301 5613 in
2333 5576 2529 5623 rerum,
2558 5579 2692 5632 quas
2727 5553 2984 5636 Leontius
3020 5575 3355 5640 exsequitur,

1806 5646 2113 5698 narratione
2144 5663 2172 5700 a
2227 5647 2471 5719 Gregorii
2508 5668 2731 5708 excessu
2755 5657 2821 5709 ad
2860 5656 3353 5728 Hierosolymorum

1806 5733 2116 5799 adventum,
2148 5740 2329 5808 ibique
2358 5753 2480 5794 acta
2522 5747 2794 5812 paschalia
2823 5749 2846 5801 ?
2878 5751 2965 5802 Ait
2995 5753 3188 5818 primo,
3224 5753 3348 5808 Gre-

1804 5825 2012 5891 gorium
2042 5827 2363 5900 Carthagine
2403 5833 2634 5902 hospitio
2673 5849 2952 5907 exceptum
2981 5842 3047 5894 ab
3074 5844 3187 5913 ipso
3221 5859 3345 5898 na"-

2876 5933 2950 5994 38
