4032 6334
613 585 620 592 I

637 457 779 522 1195

1511 454 1608 516 DE
1647 452 1909 515 arma
1934 454 1993 512 s.
2018 429 2398 512 euocent!
2454 398 2958 508 tenlcaurmt

3722 431 3865 500 ⁷1195

630 574 802 636 clero,
828 568 925 641 qui
978 536 1112 627 illuc
1155 565 1496 629 deduxerat;
1534 564 1627 620 ubi
1672 578 1848 617 rerum
1902 560 2272 618 ἀὶυίηαι-ιιιιιΑ
2318 640 2321 641 ν
2369 553 2543 608 674..
2626 590 2639 607 .
2715 590 2731 605 .
2810 590 2825 605 .
2902 590 2916 603 .
3000 594 3014 603 .
3091 587 3106 601 .
3186 587 3200 600 .
3282 586 3295 599 .
3373 585 3385 598 .
3475 581 3493 598 .
3575 582 3589 597 .
3669 582 3685 598 .
3770 584 3782 597 .
3852 579 3870 597 .

632 659 1160 721 commentationibus
1212 656 1421 712 deditus
1475 665 1589 726 post
1636 656 1853 708 biduum
1889 649 2198 720 aliquando,
2257 713 2260 716 ἢ

633 754 916 827 a!iquandc
975 761 1090 823 post
1170 751 1405 806 triduum
1430 788 1444 812 ,
1504 761 1877 815 nonnunquam
1941 744 2201 813 integram

629 848 790 904 etiam
821 844 1199 901 hebdomadam
1214 838 1447 910 jejunus
1488 839 1779 908 transigere
1809 852 1830 901 ,°
1875 842 2040 904 atque
2075 832 2200 887 hinc

632 938 923 1010 intelligas,
980 948 1088 989 non
1137 930 1405 1002 pauxillos
1446 929 1562 985 dies
1612 942 1820 983 moram
1872 922 2201 993 Carthagine

631 1029 829 1105 fecisse
861 1025 1203 1095 Gregorium.
1261 1019 1506 1077 Subinde
1563 1025 1849 1079 memorat,
1904 1018 2069 1068 tanta:
2122 1011 2197 1065 rei

630 1103 884 1178 nuntium
934 1114 1391 1199 adynirabundum
1431 1108 1701 1180 hospitem
1725 1105 1977 1162 retulisse
2008 1103 2200 1159 civita-

631 1215 704 1270 tis
737 1196 1017 1285 episcOpo,
1044 1207 1150 1277 qui-
1169 1203 1491 1275 Gregorium
1523 1199 1625 1257 sibi
1671 1196 1900 1254 arcessit
1933 1213 1949 1262 ;
2003 1202 2199 1266 praesto

633 1284 960 1375 Gregorium
987 1299 1158 1355 luisse
1185 1315 1198 1352 :
1229 1295 1393 1351 rebus
1422 1292 1697 1361 omnibus,
1722 1304 1862 1360 quas
1886 1303 1918 1342 ιι
1944 1284 2200 1356 pontiilce

632 1403 877 1467 rogatus,
903 1391 1099 1447 iecisse
1130 1387 1265 1444 satis
1302 1405 1315 1441 :
1357 1394 1470 1440 tum
1500 1383 1719 1437 domum
1772 1376 2012 1448 petiisse,
2072 1388 2201 1427 san-

631 1498 718 1545 cte
759 1487 862 1544 sibi
913 1487 1321 1555 apprecamur,
1358 1491 1468 1545 quo
1516 1470 1807 1529 consilium
1852 1481 2011 1522 suum
2042 1477 2196 1520 sacra

632 1576 1141 1646 Hierosolymorum
1197 1569 1315 1623 loca
1374 1563 1655 1620 adorandi.
1691 1562 1894 1630 optime
1938 1557 2197 1613 cederet:

638 1671 835 1734 iniusta,
894 1663 1127 1738 propitia
1183 1660 1484 1717 ominatum
1534 1654 1871 1723 episcopum,
1928 1646 2200 1716 simulque

636 1777 826 1820 orasse
858 1759 996 1827 apud
1026 1756 1195 1828 ipsum
1227 1752 1296 1806 ad
1328 1751 1485 1820 festos
1516 1761 1682 1815 usque
1732 1750 2039 1810 sanctosque
2087 1738 2198 1791 dies

636 1859 869 1910 maneat.
901 1849 999 1904 Hic
1024 1859 1210 1918 quaero
1249 1843 1471 1914 quinam
1498 1839 1551 1893 hi
1579 1836 1727 1896 festi,
1750 1833 2034 1899 sanctique
2058 1829 2195 1894 dies,

638 1947 743 2002 nisi
775 1951 867 1998 aut
895 1937 1100 1995 Christi
1135 1933 1365 1999 Natalia,
1395 1938 1489 1985 aut
1522 1924 1854 1983 Paschalia?
1897 1921 2037 1989 Ergo
2075 1933 2198 1972 cum

637 2036 1144 2104 Carthaginiensem
1212 2016 1529 2097 episcopum
1588 2017 1841 2075 convenit
1886 2011 2201 2083 Gregorius,

636 2146 747 2185 mn
776 2102 967 2198 procul
1000 2124 1187 2178 aberat
1236 2120 1350 2173 sive
1392 2114 1592 2170 natalis
1643 2108 1849 2166 Christi
1901 2106 2042 2171 dies,
2092 2102 2206 2157 sive

639 2223 847 2279 Pascha
877 2237 890 2272 :
921 2216 1048 2289 quis
1069 2214 1214 2269 enim
1246 2211 1350 2267 sibi
1395 2207 1645 2271 suadeat,
1686 2199 2040 2273 proposuisse
2093 2194 2207 2266 epi-

640 2328 869 2384 scopum
933 2287 1001 2363 ad
1055 2297 1325 2361 diutinum
1376 2310 1589 2367 tempus
1649 2290 1876 2349 detineri
1929 2287 2204 2343 hominem

642 2376 1020 2477 proﬁciscendi
1064 2393 1335 2452 desiderio
1355 2384 1711 2460 ﬂagrantem?
1734 2380 1948 2438 Interim
1971 2376 2208 2449 (subjicit

643 2466 923 2563 Leontius)
952 2489 1195 2546 nondum
1244 2486 1433 2541 aderat
1466 2479 1681 2535 Marcus
1734 2475 1925 2539 abbas,
1973 2470 2065 2541 qui
2111 2466 2207 2522 Dei

644 2590 857 2646 menitu
886 2559 1209 2650 Gregorium
1243 2572 1619 2643 Hierosolyma
1662 2567 1982 2639 perduceret
2012 2580 2024 2615 :
2057 2559 2211 2614 adest

642 2657 859 2737 tandem
923 2691 1047 2731 cum
1109 2670 1445 2739 Serapione,
1493 2652 1560 2718 let
1605 2659 1852 2723 Leontio,
1897 2652 2211 2731 exactisque

642 2771 975 2839 Carthagine
1004 2772 1239 2836 quatuor
1265 2759 1489 2815 omnino
1513 2753 1728 2815 diebus,
1759 2764 1868 2803 una
1906 2758 2095 2801 omnes
2124 2741 2210 2795 di-

643 2865 989 2940 gradiuntur.
1027 2857 1091 2911 Et
1119 2869 1248 2910 vero
1270 2867 1393 2906 cum
1430 2847 1719 2903 considero
1738 2841 2035 2897 exhaustos
2073 2833 2212 2890 mari

646 2932 968 3024 aGregorio
1018 2960 1142 3001 cum
1197 2940 1486 2997 monachis
1544 2948 1760 2991 menses
1812 2932 1868 2997 5,
1922 2936 2211 2999 postquam

651 3017 975 3119 Carthagine
1028 3037 1386 3100 recesserint,
1434 3040 1494 3086 ut
1541 3036 1754 3101 portum
1808 3022 2041 3091 aliquem
2092 3017 2215 3071 sub-

657 3105 822 3205 irent,
850 3105 993 3193 unde
1014 3129 1387 3199 Hierosolyma
1411 3121 1617 3194 pedites
1655 3113 2065 3174 contenderent,
2101 3105 2218 3161 nul-

652 3194 1037 3292 lusdubitem,
1091 3221 1223 3294 quin
1269 3194 1528 3282 suscepta
1577 3210 1648 3264 sit
1694 3202 1966 3273 navigatio
2020 3194 2217 3253 clausis
2244 3214 2288 3276 ρ
2320 3195 2439 3249 Kal.

656 3325 898 3384 maribus
938 3317 1184 3389 proxime
1232 3307 1435 3365 Christi
1499 3301 1742 3364 Natalia;
1779 3310 1903 3350 cum
1956 3298 2216 3360 opportu-

655 3414 795 3473 niori
844 3404 972 3466 anili
1016 3408 1337 3472 tempestate
1390 3411 1458 3449 ne
1511 3390 1717 3447 mensis
1759 3386 1976 3456 quidem
2030 3379 2263 3466 luisset.

654 3467 843 3579 pelago
890 3467 1277 3555 absoluendus.
1329 3488 1513 3555 Itaque
1561 3481 1608 3537 si
1646 3494 1676 3534 a
1717 3467 2221 3579 CarthaginisIdis-

654 3559 814 3655 cessit
842 3592 910 3648 ad
949 3582 1308 3657 navigationis
1344 3579 1549 3634 exitum
1586 3584 1802 3627 menses
1834 3566 1868 3621 6
1915 3563 2021 3619 acti
2071 3559 2220 3639 (nam

658 3685 950 3747 menseml
988 3677 1197 3749 Tripoli
1220 3672 1562 3736 consedere),
1587 3666 1740 3736 sique
1793 3653 2072 3714 Decembri
2105 3649 2222 3704 vela

660 3774 992 3845 Carthagine
1020 3740 1218 3829 fecere,
1247 3777 1331 3819 uae
1364 3753 1724 3829 navigationis
1767 3749 1888 3804 linis
1937 3740 2223 3815 impositus

659 3871 847 3933 Junio,
895 3867 1144 3933 ideoque,
1194 3855 1502 3916 minimum,
1551 3846 1698 3902 Julio
1733 3836 2105 3906 Hierosolyma
2142 3831 2222 3884 in-

661 3926 858 4035 igiessi,
889 3967 1002 4013 tum
1033 3926 1179 4022 quod
1226 3947 1316 4002 illa
1366 3941 1593 4015 nimium
1653 3939 1916 4005 quantum
1962 3926 2143 4035 absint
2194 3934 2226 3974 a

663 4015 827 4117 :nari,
883 4063 996 4105 tum
1054 4041 1199 4116 quod
1238 4042 1339 4094 iter
1373 4030 1591 4090 nonnisi
1617 4027 1865 4097 pedestre
1891 4015 2223 4074 coniectum.

882 4105 1367 4212 apparetPascha,
1424 4122 1570 4195 quod
1623 4110 2017 4181 Hierosolymis
2061 4105 2230 4212 coluit

666 4237 986 4309 Gregorius,
1019 4245 1128 4285 non
1161 4215 1546 4298 primum,'sed
1578 4213 1803 4266 alterum
1850 4205 2040 4265 fuisse,
2084 4196 2229 4268 quod

666 4293 1048 4391 celebrandum
1077 4315 1336 4378 occurrit,
1385 4317 1671 4380 postquam
1709 4297 1938 4370 patriam
1975 4293 2231 4391 deserure:

667 4423 782 4481 rit‘l
810 4419 905 4474 llis
935 4408 1145 4487 positis,
1172 4417 1437 4462 canonem
1474 4375 1618 4450 hunc
1664 4389 1968 4446 instituam,
2021 4379 2113 4451 qui
2163 4375 2228 4429 ad

669 4528 896 4573 exatnen
930 4502 1158 4563 subinde
1203 4493 1506 4553 vocabitur,
1540 4500 1647 4555 quo
1696 4496 1804 4542 res,
1847 4490 1965 4545 (ιιιξὲ
2020 4472 2072 4523 in
2116 4484 2229 4522 me-
2266 4528 2291 4573 ἦ

2266 4557 2306 4610 D
2337 4562 2450 4638 tina
2476 4556 2744 4619 Ecclesia,
2762 4564 2915 4625 atque
2948 4568 3010 4607 ex
3030 4552 3271 4622 ﬁnitimis
3293 4551 3551 4623 primores
3580 4550 3919 4603 maritimum

672 4611 822 4666 dium
850 4601 1016 4665 venit,
1050 4590 1395 4665 ponderibus
1418 4582 1533 4638 suis
1578 4580 1841 4632 lit-inetur.

744 4694 884 4752 XIV.
926 4693 1075 4746 Anno
1105 4678 1325 4737 Christi.

743 4742 1080 4842 lii-iiiiil'vridie
1100 4771 1211 4827 Kal.
1257 4764 1427 4821 Julius
1469 4757 1759 4828 Agrigento
1806 4747 1967 4802 solvit
2012 4742 2236 4842 Cartha-

656 4831 1192 4953 .gimsviu-Gregorius,
1227 4861 1318 4915 ubi
1359 4861 1479 4925 post
1503 4852 1616 4906 dies
1645 4856 1754 4901 tres
1793 4834 2074 4896 exscendit
2105 4831 2232 4886 inde

678 4946 955 5041 digressus
990 4973 1175 5015 mense
1199 4946 1499 5008 Deccmbri.

933 5056 1166 5128 Appellit
1209 5044 1469 5117 Tripolim
1526 5050 1709 5093 mense
1750 5020 2243 5128 Japuario,.ihique

685 5174 869 5220 mense
908 5119 1181 5208 transacto
1203 5139 1415 5208 navigat
1446 5136 1663 5191 iterum,
1692 5119 2063 5185 coniectisque
2096 5126 2244 5167 tuen-

686 5218 839 5307 sibus
866 5247 897 5299 4
920 5284 934 5309 ,
977 5233 1345 5303 Hierosolyma
1378 5225 1522 5281 venit
1551 5218 1692 5274 Julio
1725 5225 1931 5269 mense.

1073 5295 1460 5392 Hierosolymis
1480 5312 1685 5370 Pascha
1707 5298 2061 5412 celebratur
2089 5295 2245 5399 Apri-

685 5387 1166 5490 listvlzntecoste
1194 5411 1435 5471 diaconis
1458 5412 1775 5460 nccensetur
1810 5411 1840 5450 a
1871 5392 2104 5448 Mai-ario
2127 5387 2244 5456 epi-

688 5536 902 5594 ScOpo;
941 5513 1134 5573 deinde
1168 5512 1221 5587 in
1274 5503 1542 5559 Olivetum
1607 5499 1841 5547 montem
1894 5484 2026 5547 abit,
2056 5495 2246 5535 mona-

689 5573 1087 5675 chdxudrlares
1123 5578 1388 5673 peragrat,
1433 5591 1487 5647 in
1519 5589 1692 5655 iisque
1742 5592 1943 5636 amium
1976 5573 2142 5643 degit.

760 5707 884 5763 672.
932 5703 1008 5757 Ex
1041 5670 1249 5755 Oliveto
1276 5685 1477 5747 secedit
1507 5682 1560 5736 in
1584 5670 1849 5741 eretntlm,
1876 5673 1963 5728 ubi
1997 5670 2125 5724 vivit
2155 5683 2251 5720 an-

692 5818 794 5859 im;
823 5815 894 5852 tv.

2372 756 2498 817 676.
2531 753 2605 810 Ex
2634 769 2819 810 eremo
2850 752 2991 809 redit
3021 747 3419 819 Hierosolyma,
3457 745 3646 815 ibique
3664 744 3875 814 integro

2301 870 2448 937 anno
2478 854 2748 910 considet.
2895 826 2900 838 ⁸

2371 954 2495 1012 677.
2525 954 2912 1033 Hierosolymis
2948 952 3218 1021 demigrat
3247 947 3594 1004 Antiochiam
3651 962 3703 1000 tv
3754 945 3879 1000 ldus

2298 1057 2520 1128 Aprilis,
2552 1066 2907 1125 moraturque
2930 1067 3135 1125 annum
3161 1067 3200 1106 ι.

2369 1156 2491 1211 678.
2526 1156 2811 1211 Antiochia
2854 1154 3071 1210 duenit
3120 1146 3676 1217 Constantinopolim,
3715 1144 3813 1199 ubi
3848 1159 3880 1198 ι

2300 1244 2584 1304 Theodoro
2615 1238 2920 1316 patriarcha
2941 1245 3242 1325 detinetur,
3267 1254 3377 1310 quo
3414 1238 3632 1293 indicite
3669 1235 3883 1306 synodo

2299 1338 2645 1393 mcumenicaa
2682 1336 2917 1391 intersit.

2369 1538 2493 1596 680.
2528 1538 2774 1596 Concilio
2807 1552 2856 1589 rt
2885 1535 3246 1595 recurnenieo,
3281 1546 3339 1584 ιιι
3367 1527 3886 1593 Ωιιιιειιιιιιῖιιηνοιί-

2302 1615 2428 1685 tano
2445 1630 2618 1692 adest,
2646 1625 2886 1699 episcopi
2923 1622 3165 1678 Serdica:
3188 1619 3527 1675 Constantine
3556 1616 3719 1687 Cypri
3754 1631 3883 1684 per-

2300 1736 2490 1776 sonam
2547 1732 2760 1789 gerens,
2818 1713 3181 1782 hteresimque
3232 1709 3716 1765 Monotbelitarnm
3754 1722 3887 1776 pro-

2300 1812 2469 1882 ﬂigat.

2372 1912 2496 1966 681.
2517 1903 2983 1986 Constantinopoli
3014 1902 3221 1973 appetit
3250 1900 3502 1962 Romam,
3535 1911 3698 1967 quam
3737 1895 3867 1949 subi

2306 2022 2358 2060 ιιι
2396 2003 2512 2057 Kal.
2547 1981 2738 2063 Iulias,
2779 1981 2977 2053 exinde
3024 1995 3312 2065 episcopus
3347 1991 3625 2061 Agrigenti
3681 2004 3890 2041 renun-

2307 2097 2513 2149 tiatuea
2531 2089 2918 2148 Punormitano
2938 2085 3215 2154 Agathone
3239 2083 3300 2137 P.
3340 2080 3434 2144 Μ..
3459 2096 3580 2134 nios
3612 2079 3885 2148 ἀει-ἰθαι-

2307 2195 2420 2240 ιιιιιι
2477 2180 2749 2252 profectus
2795 2172 2926 2233 xvn’t
2974 2174 3092 2229 Kal.
3146 2164 3526 2244 Septembres,
3560 2170 3754 2223 urbem
3809 2167 3891 2220 in-

2312 2276 2553 2349 greditur
2580 2289 2668 2328 xvr
2706 2270 2826 2325 Kal.
2863 2270 3148 2329 Octobres.

2379 2375 2495 2431 XV.
2522 2376 2566 2428 A
2598 2372 2842 2441 Gregorii
2876 2368 3002 2440 fuga
3051 2367 3221 2438 patria
3277 2381 3310 2421 e
3360 2364 3523 2418 domo
3569 2363 3636 2415 ad
3667 2362 3888 2441 initum

2307 2468 2671 2540 Agrigentime
2697 2436 2961 2520 Ecclesia;
2988 2436 3378 2530 pontiﬁcatum,
3411 2456 3477 2510 l3
3509 2436 3892 2521 anniprcti-r-

2308 2557 2418 2612 iere
2460 2574 2475 2609 :
2512 2553 2736 2610 totidem
2795 2550 2941 2607 enim
2999 2557 3249 2604 numerat
3308 2545 3567 2602 Chariten
3632 2541 3890 2613 Grrgorii

2309 2659 2481 2721 pater,
2540 2649 2669 2703 dum
2718 2645 2783 2700 de
2836 2643 3042 2699 amisso
3096 2640 3205 2695 lilio
3250 2639 3419 2694 lilium
3480 2636 3678 2706 ipsum.
3717 2648 3889 2701 quem

2311 2741 2489 2797 adhuc
2537 2754 2643 2794 non
2689 2742 3007 2804 agnoverat,
3061 2730 3247 2786 Romae
3302 2730 3457 2784 docet
3487 2744 3503 2793 ;
3536 2725 3723 2779 Romae
3756 2737 3894 2776 vero

2313 2832 2495 2886 aderat
2526 2843 2649 2884 cum
2674 2823 3041 2898 Agrigentinis
3066 2821 3298 2883 caeteris,
3330 2819 3425 2889 qui
3463 2817 3578 2872 dari
3620 2815 3723 2870 sibi
3768 2813 3893 2898 etii-

2314 2935 2541 2991 scopum
2577 2894 2923 2989 postulabant
2952 2931 2983 2968 a
3012 2912 3074 2968 P.
3106 2911 3203 2976 IL,
3234 2910 3453 2980 quando
3483 2907 3717 2978 populus
3738 2894 3896 2959 varia

2316 3014 2371 3069 in
2404 3008 2581 3069 studia
2608 3010 2818 3079 divisus
2847 3008 2901 3062 in
2925 3022 3049 3061 eum
3070 3001 3509 3060 constituendum
3532 3013 3641 3053 non
3663 2999 3896 3067 conspi-

2316 3112 2550 3160 raverat.
2585 3099 2705 3156 iam
2746 3101 2791 3155 si
2837 3098 3010 3169 patria
3057 3109 3310 3166 egressus
3360 3080 3657 3159 Gregorius
3712 3088 3897 3158 pridie

2472 3192 2642 3249 Jolias
2665 3192 2787 3245 anni
2820 3188 2945 3255 669,
2977 3186 3167 3243 eodem
3196 3183 3286 3239 die
3314 3183 3442 3238 anni
3474 3180 3572 3235 681
3610 3177 3899 3233 numerari

2318 3296 2526 3356 emptus
2574 3299 2751 3338 annus
2804 3283 2868 3337 l3
2911 3296 2977 3335 ex
3029 3293 3140 3349 quo
3193 3285 3344 3347 pater
3398 3273 3727 3328 suavissimo
3784 3269 3903 3323 lilio

2317 3379 2550 3434 carebat.
2594 3374 2710 3430 iluc
2763 3372 2991 3437 accedit,
3041 3386 3166 3425 eum
3219 3367 3527 3426 Romanum
3575 3360 3900 3434 pontiﬁcem

2319 3480 2513 3520 manus
2548 3462 2793 3530 Gregorii
2833 3460 2997 3533 capiti
3053 3456 3376 3528 imposuisse
3413 3453 3901 3525 Agrigentinorum

2321 3557 2584 3627 episcopo.
2604 3553 2859 3618 creando,
2889 3551 2983 3622 qui
3011 3562 3064 3606 et
3092 3551 3316 3622 legatos,
3349 3555 3404 3600 et
3428 3545 3712 3616 episcopos
3740 3557 3905 3598 (ncu-

2323 3646 2548 3702 menicte
2577 3645 2788 3715 synodo
2837 3644 3077 3707 miserat,
3113 3640 3255 3710 quod
3285 3654 3349 3693 ex
3390 3636 3613 3693 Leontio
3655 3646 3905 3699 constat.

2323 3737 2482 3807 Cujus
2502 3738 2616 3791 hac
2648 3734 2809 3789 verba
2839 3751 2852 3787 :
2897 3732 3001 3809 Sed
3028 3733 3255 3802 episcopi
3297 3732 3352 3784 in
3379 3730 3661 3795 concilium
3693 3744 3731 3780 α
3770 3744 3909 3795 ροι-
3945 3779 3962 3786 ,

2326 3831 2462 3899 tiﬁce
2494 3829 2643 3882 missi
2665 3824 2903 3897 Gregorii
2929 3823 3175 3879 ademitui
3201 3831 3572 3876 anterertentes
3595 3820 3906 3889 pontiﬁcem

2326 3921 2495 3989 ipsum
2538 3918 2845 3979 docuerant,
2875 3912 3112 3983 Gregorii
3141 3912 3333 3966 virtute
3376 3927 3440 3963 ac
3480 3908 3747 3979 sapientia
3797 3910 3911 3963 ιιι·-

2328 4011 2606 4064 reticorum
2640 4007 2923 4059 audaciam
2971 4001 3422 4073 petulantiamque
3456 4015 3775 4069 repressam.
3814 3999 3911 4052 ht-

2331 4109 2468 4155 terea
2496 4099 2621 4151 dum
2650 4096 2831 4150 Roma
2860 4095 2999 4164 degit
3060 4091 3364 4163 Gregorius,
3413 4091 3552 4145 diem
3601 4080 3710 4143 obit
3756 4092 3915 4158 Agri-

2328 4191 2568 4262 gentinus
2631 4187 2901 4256 episcopus
2960 4182 3324 4255 (Theodorus)
3401 4197 3695 4259 magnaque
3778 4181 3913 4233 adeo

2328 4256 2602 4352 Kgrigenti
2628 4278 2813 4331 seditio
2835 4264 3038 4340 coortu,
3074 4274 3254 4327 turbas
3290 4274 3526 4343 agitante
3553 4256 3749 4341 populo
3774 4287 3796 4326 :
3828 4285 3907 4326 at-

2300 4438 2305 4443 ,
2331 4391 2426 4445 que
2460 4373 2512 4425 lti
2538 4370 2740 4440 quidem
2762 4366 3013 4432 Sabinum
3051 4367 3427 4436 presbyterum,
3444 4376 3625 4418 contra
3646 4362 3729 4418 illi
3755 4365 3917 4420 Cres-

2334 4476 2524 4519 centem
2544 4466 2818 4517 diaconum
2834 4462 3108 4532 eligebant.
3133 4457 3342 4513 Interea
3363 4458 3549 4511 delecti
3566 4473 3632 4510 ea:
3652 4457 3919 4528 Agrigen-

2338 4633 2690 4720 iter'ingressi
2723 4647 2939 4702 Romam
2963 4646 3274 4714 trajiciunt,
3305 4641 3573 4712 postulant
3615 4658 3646 4694 a
3665 4643 3922 4712 pontiﬁce

2337 4746 2438 4799 sibi
2468 4745 2763 4813 episcopum
2794 4740 2984 4793 creari.
3023 4736 3194 4793 Porro
3233 4722 3619 4805 Agathofquo
3655 4735 3920 4804 pontiﬁce

2341 4852 2455 4891 coal
2476 4846 2524 4888 ta
2540 4829 3006 4900 Constantinopoli
3036 4827 3273 4900 synodus
3304 4826 3663 4891 meumenica,
3698 4828 3847 4881 obiit
3864 4841 3920 4879 tv

2344 4930 2466 4984 ldus
2488 4926 2774 4983 Januarias
2793 4924 2919 4979 anni
2941 4920 3063 4982 682,
3085 4932 3317 4988 eumque
3333 4918 3928 4988 secutuminterponti-

2346 5022 2523 5075 licium
2575 5017 2701 5072 auiti
2763 5014 2924 5070 unius
2973 5011 3243 5067 mensium
3297 5008 3328 5060 7
3377 5009 3587 5065 dierum
3619 5009 3653 5063 5
3696 5008 3922 5075 (Anast.

2347 5110 2600 5167 llihlioth.
2652 5109 2705 5162 in
2767 5105 3009 5177 Agath.).
3063 5102 3197 5158 Cum
3244 5115 3372 5155 vero
3409 5098 3703 5170 Gregorius
3756 5102 3927 5155 simul

2348 5221 2411 5260 ac
2439 5204 2624 5255 Roma:
2647 5197 3121 5270 Agrigentinorum
3154 5192 3441 5261 episcopus
3481 5189 3675 5254 audiit,
3726 5192 3840 5245 iter
3870 5194 3926 5245 in

2352 5293 2642 5349 Ecclesium
2687 5303 2836 5343 suam
2869 5284 3194 5353 suscepisset
3228 5295 3359 5333 xvtu
3399 5276 3518 5333 Kal.
3550 5276 3927 5347 Septembres,

2351 5386 2533 5451 conﬁt,
2560 5381 2777 5437 nonnisi
2817 5393 2959 5431 anno
2988 5374 3086 5428 681
3121 5373 3489 5443 episcopatum
3511 5370 3697 5425 iniisse
3725 5389 3745 5436 ;
3778 5373 3930 5427 inde-

2351 5496 2455 5549 que
2514 5472 2809 5549 numeratis
2866 5477 3010 5523 retro
3062 5464 3221 5518 annis
3269 5463 3338 5517 15
3373 5471 3434 5515 ιιι
3482 5462 3689 5532 epocba
3732 5462 3931 5533 ﬁgatur

2353 5564 2708 5638 Gregorifugii
2738 5580 2767 5617 e
2800 5560 2991 5632 patria,
3034 5556 3099 5611 ad
3135 5569 3334 5629 armum
3366 5554 3760 5622 perveniemus
3804 5554 3928 5614 ὕδει.

2354 5662 2667 5718 Caietanus,
2695 5654 2826 5709 nihil
2856 5650 3008 5721 pensi
3053 5648 3276 5709 habens,
3309 5644 3477 5714 quod.
3517 5658 3631 5712 quo
3675 5644 3933 5713 pontiﬁce

2356 5753 2518 5810 ρωὶνίι
2549 5744 3010 5829 (Ξοιιειιιειιίιιορριί
3047 5755 3236 5811 magna
3271 5737 3533 5809 synodus.
3565 5736 3765 5790 eodem
3806 5736 3933 5789 Grc.

2358 5846 2541 5918 gorius
2599 5838 3069 5919 Agrigentinorum
3110 5833 3284 5890 dictus
3325 5830 3650 5899 t'pistouns.
3685 5842 3930 5885 creatum
