4032 6334
570 389 708 452 1203

1455 398 1553 456 DE
1590 358 1952 460 inure-15.
1999 400 2373 462 GREGORII
2411 402 2918 472 semensum

3660 394 3797 458 1204

563 504 770 581 periodi
811 503 900 570 53,
951 505 1038 570 52,
1077 505 1162 572 71,
1214 508 1306 577 qui
1347 510 1566 566 lunares
1605 527 1799 575 omnes.
1841 512 2126 576 ordinarii,

2229 522 2282 568 et
2308 513 2440 567 mihi
2467 494 2824 574 non-dederit.
2855 514 3120 586 quidquid
3142 497 3357 568 tandem
3379 513 3448 567 de
3469 526 3530 566 re
3551 512 3794 582 paschali

563 611 671 650 non
723 612 864 652 anno
924 598 1020 663 14,
1051 600 1145 668 qui
1191 599 1559 674 ὑπερήμερος.
1619 601 1743 658 Haec
1785 617 1984 669 causa,
2029 620 2127 658 cur

495 710 500 717 ι
559 702 670 740 non
720 689 887 742 semel
927 690 1144 744 termini
1193 692 1475 760 paschales
1522 693 1962 756 Christianorum
2019 710 2134 754 uno,

558 777 650 920 gie
699 779 782 831 vel
837 779 1014 843 serius
1071 781 1154 836 vel
1204 783 1366 837 citius
1412 782 1666 852 differant
1708 786 1778 844 ab
1812 783 2124 855 Iudaeorum

603 868 754 920 hase.

526 883 528 885 ·
558 868 754 922 Phase.

524 958 528 963 '
632 956 772 1011 XXI.
807 957 888 1018 Ad
923 959 1198 1029 paschatis
1229 962 1374 1031 quod
1423 962 1614 1017 attinet
1647 963 2061 1017 translationem
2094 978 2126 1018 a
2162 975 2174 978 '

555 1046 723 1119 Nisan
750 1049 815 1103 ad
839 1048 974 1114 Jiar,
1009 1051 1222 1120 quoties
1244 1051 1418 1108 Phasc
1443 1054 1711 1122 prtecedat
1737 1053 2122 1123 :equinoctium

557 1141 799 1205 vernale,
833 1155 940 1195 non
977 1142 1078 1197 hoc
1124 1143 1363 1212 primum
1407 1144 1736 1199 Christianis
1787 1145 1842 1198 in
1889 1152 2124 1200 mentem

558 1231 721 1295 venit,
765 1233 858 1286 sed
885 1231 1196 1288 Iudaeorum
1249 1235 1497 1305 exemplo
1524 1235 1745 1290 factum.
1792 1236 2000 1294 Etenim
2045 1238 2122 1302 hi,

556 1338 679 1377 rum
716 1323 845 1378 illud
872 1326 1234 1397 contingeret,
1263 1329 1429 1382 veteri
1457 1327 1714 1398 religione
1742 1329 1989 1386 obstricti
2016 1343 2122 1385 non

555 1415 819 1482 putabant
865 1415 1075 1483 Pascha
1128 1419 1496 1479 omittendum,
1525 1435 1714 1474 mense
1755 1418 1961 1486 Nisan;
1997 1421 2124 1489 quia

557 1522 682 1564 vero
711 1517 792 1563 tot
821 1519 947 1568 ante
978 1511 1198 1575 saculis
1243 1527 1522 1582 nunquam
1573 1511 1766 1583 legalia
1804 1525 1994 1584 azyma
2030 1527 2122 1586 co—l

556 1599 877 1671 medisscnt,
907 1601 1017 1664 nisi
1049 1611 1172 1671 post
1205 1604 1424 1660 vernale
1460 1603 1873 1672 aequinoctium,
1919 1603 2124 1662 idcirco

557 1689 592 1762 Δ
602 1703 882 1761 zymorum
902 1691 1218 1745 mandatum
1244 1708 1436 1746 rursus
1451 1693 1886 1761 exsequebantur
1903 1690 1970 1745 15
1987 1688 2122 1756 ljar,

555 1780 629 1844 ita
669 1779 734 1835 ut
764 1795 876 1836 uno
923 1782 1304 1852 aunoduplex
1357 1780 1562 1837 Pascha
1599 1791 1945 1847 occurreret;
1977 1782 2124 1852 quod

2231 618 2261 658 a
2310 603 2540 659 summis
2587 604 3022 670 Christianorum
3074 603 3328 670 Ecclesiia
3374 613 3676 668 statutum,
3725 619 3796 657 ex

2231 693 2510 752 Hebraicis
2538 693 2790 763 fontibus,
2806 696 3087 766 erupisse?

2300 785 2462 840 XXII.
2502 786 2679 856 Atque
2724 789 2932 842 utinam
2981 803 3081 843 nec
3130 801 3258 844 sero
3304 785 3650 857 proiectum,
3691 798 3796 838 nec

2227 879 2475 949 puditum
2521 879 2812 949 aliquando
2852 878 3017 933 fuerit
3069 879 3288 934 lunares
3327 877 3644 933 Iudaeorum
3689 875 3798 944 epi—

2229 969 2493 1038 logismos
2528 968 2580 1032 in
2611 953 2872 1026 auxilium
2911 983 3207 1033 arcessere.
3239 969 3456 1038 quoties
3486 968 3540 1021 in
3566 967 3789 1022 dubium

2227 1067 2520 1112 vocaretur
2553 1072 2850 1128 germanus
2879 1058 3166 1116 Paschalis
3193 1061 3340 1114 dies!
3375 1059 3669 1113 Enimvero
3700 1071 3794 1110 ne-

2207 1161 2335 1220 ‘que
2365 1157 2474 1204 tam
2497 1151 2650 1204 multi
2673 1150 2846 1205 bonas
2871 1151 3035 1206 horas
3065 1151 3312 1220 improbe.
3337 1150 3614 1208 locassent
3637 1148 3792 1202 novis

2226 1249 2390 1309 atque
2432 1240 2588 1300 novis
2616 1241 2914 1297 condendis
2943 1243 3272 1307 canonibus,
3303 1241 3505 1310 quibus
3551 1240 3627 1294 nil
3662 1253 3794 1308 pne-

2226 1340 2373 1386 tcrea
2403 1331 2770 1400 impetratum,
2801 1332 2908 1393 nisi
2946 1327 3006 1386 ut
3035 1334 3203 1388 tutius
3233 1342 3587 1402 peccaretur;
3622 1321 3800 1402 neque

2227 1430 2307 1476 tot
2369 1422 2542 1478 turbis
2606 1421 2866 1480 Ecclesiae
2925 1423 3359 1485 Christianorum
3426 1423 3790 1477 laborassem.

2225 1517 2383 1571 Anno
2412 1515 2538 1582 H7,
2564 1532 2688 1587 quae
2719 1517 3022 1578 certamina
3063 1518 3418 1574 intercessere
3459 1518 3605 1572 inter
3636 1518 3792 1572 inuo-

2226 1605 2462 1661 centium
2498 1604 2825 1668 Romanum,
2850 1614 2903 1660 et
2927 1602 3189 1676 Cyrillum
3219 1606 3654 1660 Alexandrinum
3681 1605 3794 1674 epi-

2226 1709 2456 1765 scopos,
2510 1696 2660 1750 illum
2708 1697 2916 1751 Pascha
2959 1696 3408 1752 determinantem
3451 1696 3527 1750 22
3555 1696 3790 1765 Aprilis,

2227 1786 2374 1842 bunc
2417 1786 2489 1841 25
2521 1785 2744 1841 Martii?
2785 1789 2982 1863 Eadem
3026 1799 3218 1858 renata,
3252 1803 3398 1845 anno
3430 1789 3570 1852 44.4.
3615 1788 3796 1844 Leone

555 1870 776 1941 sugillat
834 1886 1066 1944 magnus
1114 1871 1297 1928 Caesar
1343 1872 1734 1928 Constantinus
1783 1875 1836 1927 in
1892 1873 2120 1942 epistola
2157 1875 2196 1936 lt
2228 1875 3793 1946 BomanoPaschadecernentediem26Martii,Theophila

553 1963 787 2028 quadam
849 1963 921 2020 ad.
981 1962 1253 2021 Ecclesias
1282 2003 1298 2028 ,
1354 1980 1520 2038 quam
1571 1957 1789 2019 exhibet
1852 1963 2118 2019 Eusebius

555 2053 648 2106 lib.
684 2068 748 2107 ιη
773 2053 892 2123 ejus
934 2053 1069 2110 Viue
1097 2068 1220 2127 cap.
1261 2055 1349 2106 17.
1382 2053 1652 2121 Caeterum
1681 2055 1727 2109 si
1750 2053 1817 2108 in
1849 2054 2141 2124 antiquis--

448 2156 449 2159 ‘
554 2143 693 2201 sima
751 2142 1078 2212 Christianae
1133 2142 1389 2210 Ecclesiae.
1447 2151 1690 2212 tempora
1737 2142 2120 2212 inquiramus,

553 2232 905 2303 manifestum
939 2235 1105 2301 nobis
1131 2235 1259 2306 erit,
1293 2235 1560 2297 terminos
1589 2235 1874 2305 paschales
1904 2233 2120 2289 habitos

554 2323 690 2395 adeo
732 2323 851 2380 dies
901 2324 1424 2408 aulasqninoctiales,
1474 2325 1622 2395 quod
1665 2326 2014 2396 potissimum
2054 2325 2124 2379 li-

553 2426 685 2485 quet
747 2431 811 2472 ex
882 2416 1406 2473 heccaadecaeleride
1470 2415 1742 2487 Hippolyti
1803 2413 2122 2485 Portuensis

449 2509 452 2513 ’
554 2509 793 2580 episcopi
841 2525 988 2584 anno
1011 2507 1216 2583 Christi
1255 2509 1363 2584 222
1392 2509 1724 2578 conscripta,
1771 2507 1827 2563 in
1865 2523 1977 2578 qua
2015 2516 2121 2562 ter-

512 2613 514 2616 ·
555 2601 775 2662 minalis
822 2602 1095 2670 praebetur
1143 2602 1261 2660 dies
1312 2603 1385 2673 17-
1416 2601 1595 2673 Martii
1642 2602 1802 2658 annis
1844 2602 1899 2670 6,
1943 2609 1995 2658 et
2033 2601 2120 2667 l4,

557 2693 700 2758 unde
752 2693 805 2747 in
867 2694 1137 2754 laterculo.
1176 2692 1494 2761 Dominicali
1549 2702 2010 2762 reprasenlatur,
2075 2694 2122 2748 si

559 2785 828 2839 terminus
883 2785 1085 2840 incidat
1131 2785 1183 2838 in
1236 2785 1314 2851 Α,
1354 2785 1460 2839 hoc
1511 2792 1594 2840 est
1634 2783 1824 2840 feriam
1859 2800 1874 2837 ι
1913 2780 2123 2838 Pascha

557 2873 943 2928 celebrandum
971 2874 1046 2929 25
1075 2873 1284 2940 Martii;
1318 2873 1363 2930 si
1389 2877 1441 2932 in
1478 2873 1539 2943 Ζ,
1566 2874 1669 2930 hoc
1693 2884 1777 2930 est
1807 2873 1999 2929 feriam
2022 2889 2121 2940 vn,

549 2964 624 3024 .26
649 2963 864 3031 Martii;
896 2967 941 3021 si
969 2967 1022 3020 in
1059 2966 1117 3030 S,
1155 2967 1259 3021 hoc
1290 2975 1374 3021 est
1408 2964 1593 3020 feriam
1626 2981 1702 3030 vi,
1736 2964 1807 3021 20
1831 2963 2040 3028 Martii;
2076 2965 2122 3019 si

556 3057 609 3108 in
642 3055 701 3120 Ε,
737 3058 837 3111 hoc
877 3068 962 3112 est
989 3057 1178 3112 feriam
1214 3075 1266 3124 v,
1309 3058 1372 3112 21
1410 3057 1615 3123 Martii;
1643 3057 1689 3112 si
1723 3057 1775 3110 in
1807 3058 1866 3121 A,
1902 3057 2004 3114 hoc
2040 3058 2134 3112 est

557 3146 746 3202 feriam
781 3165 854 3212 tv,
899 3150 968 3204 22
1014 3150 1220 3216 Martii;
1271 3151 1315 3205 si
1357 3151 1412 3204 in
1452 3150 1510 3215 Γ,
1546 3150 1650 3206 hoc
1690 3157 1777 3204 est
1809 3148 2004 3218 feriam
2029 3161 2116 3213 llr,

2219 1966 2589 2022 Alexandrino
2609 1968 2681 2022 23
2703 1967 2940 2038 Aprilis;
2974 1982 3151 2038 neque
3171 1982 3328 2024 secus
3348 1980 3494 2035 anno
3519 1966 3648 2032 155,
3667 1981 3798 2028 cum

2222 2058 2362 2112 idem
2408 2058 2746 2127 Theophilus
2787 2057 2996 2114 Pascha
3040 2059 3338 2129 coniecerit
3367 2059 3427 2121 in.
3459 2058 3534 2112 24
3566 2058 3792 2128 Aprilis,

2223 2149 2313 2221 sed
2360 2145 2471 2204 Leo
2510 2133 2564 2203 in
2612 2147 2678 2203 17
2721 2149 2989 2218 ejusdem.
3036 2149 3195 2206 Anno
3238 2149 3341 2204 577
3370 2164 3469 2219 par
3507 2148 3802 2211 dissensus

2221 2237 2424 2300 Gallos.
2452 2247 2507 2294 et
2541 2237 2814 2310 Hispanos
2852 2241 3095 2297 amicitia
3132 2237 3426 2313 disjunxit,
3463 2240 3550 2294 his
3581 2238 3802 2300 Pascha

2221 2330 2628 2410 conferentibus
2673 2334 2725 2386 in
2755 2332 2827 2387 25
2869 2331 3092 2402 Aprilis,
3129 2331 3295 2403 ³ου
3325 2331 3436 2396 illis
3467 2332 3523 2386 in
3555 2331 3625 2397 18
3651 2332 3806 2402 eiusa.

2221 2419 2367 2485 dem,
2395 2408 2624 2476 Victorii
2643 2422 2863 2492 gentilis
2884 2422 2969 2477 sui
2996 2423 3166 2494 cyclis
3185 2424 3482 2482 obsecutis.
3508 2421 3668 2477 Anno
3687 2422 3806 2484 760,

2221 2523 2502 2583 peccatum
2537 2513 2591 2568 in
2620 2512 2841 2568 Oriente
2861 2514 3101 2582 paschali
3128 2513 3217 2570 die
3245 2513 3587 2571 conﬁciendo
3617 2533 3631 2569 :
3665 2528 3795 2568 nam

2222 2605 2311 2674 alii
2339 2604 2470 2672 illud
2512 2605 2798 2658 coluerunt
2822 2601 2876 2666 6,
2919 2603 3008 2657 alii
3039 2603 3106 2657 l3
3134 2602 3353 2673 Aprilis.
3388 2602 3466 2674 Es
3504 2602 3792 2667 laterculo,

2221 2709 2382 2767 quem
2426 2690 2867 2756 construximus.
2903 2694 3019 2754 tute
3062 2695 3179 2766 ipse
3226 2695 3650 2777 dijudicaveris,
3699 2695 3794 2750 cui

2223 2801 2390 2855 causa
2399 2785 2490 2851 _iis
2520 2786 2573 2840 in
2605 2785 2799 2858 litigiis
2823 2787 3052 2846 steterit.
3090 2786 3256 2841 modo
3277 2785 3502 2848 Christi.
3525 2797 3666 2856 quos
3692 2784 3798 2840 tibi

2222 2877 2595 2947 praposueris,
2632 2877 2793 2934 annis
2833 2891 3061 2947 aggeras
3085 2877 3212 2945 3H,
3239 2891 3376 2948 quos
3403 2865 3794 2947 Dionysianam

2222 2969 2428 3031 Christi
2482 2969 2744 3038 epocbam
2785 2967 3079 3024 antecessit
3127 2967 3795 3038 Calippico-Seleuciana,

2225 3071 2390 3129 atque
2424 3060 2551 3114 inde
2580 3058 2672 3124 76,
2700 3059 2881 3131 quoad
2912 3059 3150 3121 licuerit.
3196 3059 3440 3124 eximas;
3471 3059 3614 3126 quod
3645 3059 3796 3112 enim

2224 3151 2517 3218 reliquum,
2561 3166 2762 3217 annum
2808 3149 3015 3218 periodi
3043 3148 3405 3210 demonstrat,
3447 3148 3542 3217 qui
3570 3158 3626 3202 et
3648 3145 3796 3201 Tisri

554 3239 625 3293 2'5
657 3239 867 3305 Martii;
920 3241 964 3295 si
1015 3241 1068 3294 in
1106 3240 1175 3303 Β.
1214 3241 1319 3318 hoc
1363 3249 1448 3294 est
1485 3238 1675 3294 feriam
1713 3255 1770 3298 ll,
1805 3238 1886 3312 2i
1921 3236 2116 3291 Martii.
2153 3225 2194 3291 C
2232 3244 2534 3310 superioris
2588 3245 2715 3299 anni
2770 3233 3098 3312 Septembri,
3169 3241 3251 3295 vel
3282 3239 3704 3312 Anguslo‘initi,
3741 3248 3801 3293 et

554 3332 717 3400 Quid,
750 3333 894 3402 quod
935 3332 1017 3386 vel
1048 3347 1192 3386 anno
1219 3332 1323 3386 405
1356 3330 1593 3386 Ecclesia
1636 3329 1880 3398 Romana
1910 3329 2121 3399 piaculo
2221 3333 2385 3387 Nisan
2419 3328 2758 3388 neomcniam
2796 3332 3012 3398 Martio,
3049 3333 3131 3386 vel
3154 3331 3325 3402 Aprili
3356 3334 3407 3386 in
3441 3345 3649 3393 mense,
3675 3339 3799 3384 tum

558 3425 701 3479 haud
729 3424 886 3478 duxit
912 3424 978 3481 ad
1021 3423 1547 3491 antaequinoctialcm
1593 3421 1882 3477 terminum
1915 3421 2121 3478 Pascha
2221 3427 2397 3498 Phasc
2441 3427 2578 3479 diem
2630 3425 2898 3488 docuerit,
2947 3425 3089 3480 unde
3139 3424 3368 3495 adeptus
3419 3425 3797 3478 characterem

557 3533 715 3571 suum
745 3516 1112 3585 componere?
1142 3514 1279 3570 Tum
1321 3527 1540 3570 strenue
1575 3514 1834 3583 pugnavit
1859 3513 2122 3567 Innocen-

557 3610 664 3661 tius
695 3607 752 3659 P.
793 3605 861 3658 M.
908 3622 1005 3672 pro
1036 3605 1325 3658 indicendo
1353 3602 1621 3658 Paschate
1642 3602 1712 3656 22
1748 3602 1950 3663 Martii,
1978 3602 2121 3670 quod

559 3699 734 3751 modis
770 3697 1026 3777 omnibus
1057 3696 1405 3765 oppugnabat
1435 3693 1769 3763 Theophilus
1805 3691 2124 3764 Alexandri-~

559 3806 664 3844 nus
700 3779 1010 3860 episcopus,
1040 3799 1453 3860 nequepassus,
1496 3797 1554 3840 ut
1584 3787 1634 3840 id
1666 3801 1764 3840 sua
1797 3785 1850 3838 in
1882 3783 2125 3855 Ecclesia

557 3884 990 3938 committeretur
1015 3899 1028 3946 ;
1057 3895 1179 3938 cum
1211 3895 1374 3934 verus
1398 3877 1678 3932 Paschalis
1697 3878 1812 3932 dies
1846 3876 1948 3931 sibi
1972 3877 2123 3930 visus

557 3976 627 4030 29
657 3975 860 4029 Martii.
886 3972 954 4028 Ut
982 3973 1258 4043 paschalia
1283 3981 1663 4041 peragerentur
1692 3969 1762 4023 22
1787 3969 1984 4035 Martii,
2015 3983 2123 4022 non

560 4067 734 4137 potuit
791 4067 1057 4120 terminus
1100 4064 1170 4118 20
1198 4063 1372 4117 Martii
1425 4062 1600 4128 serior
1647 4062 1866 4127 haberi;
1916 4074 2037 4114 nam
2077 4060 2123 4114 si

562 4164 612 4210 in
649 4160 710 4211 2|
749 4157 1136 4218 concurrisset,
1195 4155 1357 4209 nulla:
1396 4153 1626 4226 fuissent
1657 4150 1865 4216 dissidii
1903 4166 2122 4207 causae:

560 4269 682 4305 rum
725 4252 871 4307 enim"
915 4251 974 4303 21
1015 4248 1189 4302 Martii
1229 4248 1515 4302 character
1555 4245 1717 4299 fuerit
1757 4245 1888 4298 feria
1920 4260 1988 4298 vlt
2030 4257 2126 4311 pro

559 4343 941 4410 antiquissimo
981 4340 1240 4393 Romanae
1275 4337 1527 4394 Ecclesia:
1562 4353 1732 4400 more,
1762 4337 1852 4405 qui
1891 4334 2127 4406 velHip—

563 4433 725 4515 [μοιίιὶ
770 4431 1082 4502 Portuensis
1134 4445 1250 4484 aevo
1303 4429 1552 4498 vigebat,
1607 4436 1665 4481 ut
1709 4436 1854 4497 patet
1896 4443 1961 4481 ex
2007 4427 2127 4495 eius

2224 3517 2372 3572 feriae
2394 3504 2513 3587 ejus
2530 3517 2638 3580 dici
2673 3533 2736 3572 ex
2762 3519 2895 3588 cycli
2927 3516 3132 3573 Solaris
3152 3531 3316 3582 anno,
3349 3516 3440 3585 qui
3465 3523 3579 3569 tum
3605 3522 3796 3580 actus,

2224 3628 2410 3666 vcrum
2448 3611 2728 3666 Paschalis
2750 3613 2890 3665 diem
2920 3624 3236 3678 cognosces.

2298 3700 2479 3771 XXIil.
2520 3701 2638 3756 Jam
2668 3703 2834 3773 igitur
2860 3702 3020 3770 (utin
3044 3700 3185 3755 viam
3216 3697 3454 3768 redeam)
3482 3696 3528 3751 si
3560 3695 3801 3766 pascha-

2226 3797 2303 3852 les
2331 3787 2768 3862 Christianoru'm
2823 3792 3062 3858 termini,
3100 3792 3246 3868 itque
3290 3789 3582 3851 emendati,
3626 3788 3801 3858 ipsis-

2226 3887 2360 3940 sima
2387 3897 2509 3942 sunt
2533 3885 2842 3940 Judalorum
2874 3883 3072 3943 Phasc.
3102 3899 3131 3937 a
3160 3882 3359 3952 quibus
3381 3889 3587 3934 tantum
3613 3895 3804 3947 quan-

2225 3979 2402 4049 doque
2431 3979 2719 4034 discedunt
2745 3977 2829 4030 vel
2861 3977 2931 4041 ob
2966 3974 3192 4030 bissexti
3225 3974 3584 4026 interventum
3623 3969 3802 4025 solari

2227 4070 2281 4136 in
2312 4086 2456 4124 anno
2477 4069 2718 4131 Iuliano,
2742 4068 2838 4142 vel
2868 4065 2937 4121 ob
2964 4065 3228 4121 omissum
3267 4063 3408 4117 diem
3435 4060 3798 4118 embolimum

2228 4161 2405 4215 lunari
2457 4161 2508 4214 in
2543 4175 2707 4222 anno,
2739 4169 2911 4212 causa
2953 4164 3199 4225 superest
3235 4153 3403 4217 nulla,
3435 4152 3576 4206 unde
3608 4152 3801 4220 suspi-

2227 4268 2435 4318 cemur,
2458 4266 2601 4306 anno
2622 4249 2716 4303 671
2749 4263 2854 4302 non
2879 4247 3130 4301 eumdem
3160 4245 3441 4300 Palaestina
3471 4243 3524 4297 in
3547 4242 3798 4297 Ecclesia

2179 4369 2189 4380 -
2227 4343 2509 4400 Paschalis
2549 4343 2690 4397 diem
2720 4339 2922 4402 luisse,
2956 4349 3116 4408 atque
3167 4337 3220 4390 in
3271 4334 3493 4404 reliquis
3523 4332 3798 4388 Christia-

2229 4451 2442 4492 norum.
2498 4433 2562 4489 Et
2593 4431 2849 4504 plane.si
2895 4429 3209 4485 laterculum
3258 4416 3628 4489 consulamus,
3673 4427 3798 4479 rem

560 4541 787 4586 eanone,
822 4523 1221 4592 prorogandum
1266 4521 1472 4575 Pascha
1526 4519 1591 4572 ad
1627 4519 1959 4572 Dominicam
1997 4519 2128 4571 alte-
2158 4558 2204 4616 υ
2232 4530 2403 4597 ipsam
2425 4529 2729 4596 loquentem
2747 4520 3383 4593 deprehendemus.Ei-at
3398 4517 3802 4573 annusille928

562 4634 699 4678 ram,
734 4630 904 4683 coque
937 4624 1092 4683 pacto
1125 4613 1369 4667 Romana
1394 4627 1514 4666 cum
1546 4610 1908 4664 Alexandrina
1933 4622 2124 4663 conve-

565 4713 734 4763 nisset
770 4706 1029 4775 Ecclesia.
1071 4704 1348 4758 Paschalis
1389 4704 1549 4772 igitur
1579 4703 1863 4764 terminus,
1909 4701 1992 4754 cui
2041 4716 2128 4754 re-

564 4803 738 4870 spexit
764 4776 1134 4857 innoceniius.
1171 4791 1553 4866 aequinoctium
1592 4795 1902 4863 pra-cessit;
1953 4793 2126 4862 siqui-

563 4895 682 4947 dem
719 4891 924 4960 Pascha
949 4890 1287 4961 consignavit
1317 4888 1380 4941 ad
1410 4887 1478 4940 22
1503 4885 1704 4940 Martii.
1749 4884 1879 4951 Quae
1905 4900 2025 4938 cum
2058 4886 2128 4937 ita

565 4984 691 5042 sint,
741 4981 862 5049 quis
907 4979 1119 5033 inﬁcias
1174 4979 1351 5043 iverit,
1380 4977 1687 5044 paschalem
1732 4977 1881 5032 illum
1932 4976 2130 5030 saltum

563 5073 850 5137 Iudaicum
869 5071 1037 5137 fuisse
1061 5072 1335 5125 inventum
1361 5080 1485 5127 ante
1508 5067 1782 5123 Nicaznum
1814 5068 2128 5138 concilium,

565 5182 702 5219 Cllln-
730 5166 927 5218 multos
961 5172 1082 5232 post
1114 5177 1288 5218 annos
1347 5162 1582 5214 nondum
1625 5175 1743 5214 mos
1781 5159 1870 5212 ille
1905 5173 1933 5212 a
1975 5157 2130 5214 Chri-

568 5255 760 5309 slianis
807 5252 1049 5308 ascitus?
1097 5267 1219 5316 nam
1269 5250 1412 5320 quod
1467 5264 1613 5303 anno
1657 5248 1761 5302 405
1803 5247 2132 5317 TheOphilus

567 5345 841 5414 paschalia
879 5344 1146 5408 solemnia
1163 5341 1455 5398 contulerit
1486 5342 1537 5394 in
1561 5340 1629 5394 29
1658 5340 1861 5406 Martii,
1886 5341 1939 5394 in
1967 5356 2132 5395 causa

568 5438 690 5498 fuit,
728 5437 870 5506 quod
917 5435 1214 5506 legitimum
1270 5434 1549 5490 Paschalis
1593 5435 1890 5488 terminum
1916 5433 2133 5494 duxerit

568 5529 637 5582 22
668 5527 869 5590 Martii,
920 5528 1081 5596 idque
1131 5542 1195 5580 cx
1243 5525 1362 5594 ejus
1412 5526 1563 5594 cyclo
1610 5519 1797 5594 patet':
1825 5540 1949 5579 cum
1986 5526 2131 5597 cnim

534 5634 748 5695 annus
790 5620 823 5674 4
869 5619 1043 5674 fuerit.
1070 5619 1212 5688 cycli
1260 5617 1468 5672 lunaris
1513 5618 1887 5682 Alexandrini,
1922 5620 2134 5672 novilu-

575 5715 723 5771 nium
764 5712 1019 5783 paschale
1060 5711 1360 5781 ascriptum
1387 5710 1453 5764 15
1477 5710 1840 5777 Pbamenotb,
1870 5712 1902 5767 9
1933 5709 2130 5776 Martii,

570 5796 806 5894 indeque
855 5806 1122 5860 terminus
1164 5803 1233 5858 26
1264 5802 1622 5869 Pbamcnolh,
1677 5803 1852 5878 Martii
1879 5805 1968 5860 22.
2001 5803 2136 5872 Quis

2221 4619 2562 4675 ‘Seieuciana:
2580 4615 2820 4686 epochae,
2844 4611 3173 4682 proindeque
3193 4611 3264 4665 70
3287 4609 3489 4679 periodi
3513 4609 3596 4663 15.
3619 4607 3804 4665 Phasc

2232 4710 2394 4778 igitur
2445 4706 2728 4769 Iudaicum
2772 4720 2895 4759 cum
2943 4703 3233 4760 incurrerit
3277 4700 3332 4753 in
3380 4699 3449 4754 50
3501 4698 3695 4760 Martii,
3746 4713 3804 4754 et

2231 4798 2446 4866 quidem
2494 4795 2682 4849 feriam
2715 4810 2769 4865 ll,
2824 4791 3131 4848 necessario
3177 4791 3424 4858 sequitur
3463 4787 3804 4842 celebratum

2233 4889 2617 4959 Hierosolymis
2644 4886 2851 4940 Pascha
2891 4885 2925 4939 6
2973 4883 3168 4954 Aprilis
3189 4923 3204 4948 ,
3233 4881 3378 4953 quod
3409 4878 3664 4934 Leontius
3707 4879 3805 4933 di-

2233 4990 2376 5036 serte
2423 4989 2668 5035 testatus.
2705 4977 3064 5044 Quamobrem
3106 4976 3206 5031 etsi
3249 4975 3444 5043 quovis
3493 4972 3599 5025 alio
3627 4971 3807 5026 desti-

2235 5085 2448 5128 tuamur
2504 5073 2725 5133 auxilio,
2782 5071 2924 5124 unde
2961 5068 3309 5146 ostendamus
3359 5064 3673 5135 Gregorium
3730 5065 3808 5119 ab

2234 5166 2527 5221 Iustiniani
2561 5164 2577 5216 l
2609 5173 2765 5219 actate
2788 5164 3197 5226 scmovendum,
3226 5160 3328 5214 hoc
3352 5175 3460 5213 uno
3487 5157 3809 5212 testimonio

2236 5257 2392 5327 plane
2427 5271 2648 5310 causam
2683 5255 2934 5310 vicimus.
2965 5251 3182 5319 Nullum
3221 5251 3375 5306 enim‘
3397 5252 3448 5305 in
3477 5251 3600 5304 lotis
3635 5251 3810 5305 annis

2234 5348 2523 5402 Iustiniani
2554 5345 2568 5398 I
2597 5345 2804 5413 imperii
2831 5343 3071 5399 occurrit
3093 5341 3322 5406 Pascha,
3349 5341 3493 5411 quod
3515 5348 3808 5408 peractum

2237 5451 2266 5490 a
2294 5435 2621 5491 Christianis
2647 5437 2679 5490 6
2721 5434 2942 5504 Aprilis.
2977 5432 3260 5488 Enimvero
3287 5446 3393 5485 non
3427 5439 3602 5499 potest
3635 5429 3811 5484 Chri-

2238 5539 2354 5583 stus
2395 5528 2462 5583 de
2515 5536 2689 5581 morte
2737 5525 3080 5596 triumphans
3129 5523 3233 5579 coli
3267 5521 3300 5576 6
3327 5521 3549 5591 Aprilis,
3592 5519 3697 5575 nisi
3753 5522 3810 5575 in

2239 5621 2394 5674 annis
2428 5621 2560 5692 cycli
2616 5598 3110 5674 enneadecaelerici
3144 5617 3193 5680 7,
3235 5615 3288 5680 8,
3321 5613 3410 5679 15,
3445 5613 3624 5678 4,,12,
3673 5627 3808 5669 cum

2240 5712 2454 5767 termini
2504 5710 2786 5781 paschales
2838 5709 2906 5762 26
2961 5717 3017 5762 et
3064 5707 3132 5762 30
3184 5704 3358 5760 Martii
3432 5704 3584 5766 (imo
3637 5716 3692 5759 et
3736 5705 3806 5759 3i

2241 5821 2382 5860 anno
2413 5803 2481 5859 59
2512 5801 2741 5873 periodi,
2781 5801 2873 5872 qui
2910 5800 2977 5856 l5
3007 5797 3183 5872 cycli)
3215 5799 3264 5868 l,
3293 5797 3348 5866 2,
3382 5793 3415 5852 1
3447 5790 3697 5868 Aprilis;
3729 5799 3812 5852 vel
