4032 6334
159 419 292 482 1205

1519 393 2035 492 DISSEitTATlO.

3239 418 3369 482 1206

153 534 316 590 etiam
344 551 496 590 anno
530 537 550 588 i
586 537 744 608 cycli,
773 540 1182 608 qui'terminum
1218 544 1407 600 statuit
1433 545 1705 615 5Aprilis,
1737 549 1787 605 Α
1811 545 2007 608 bravit,
2055 543 2431 599 testimonium
2483 540 2629 595 dicat
2681 537 2926 592 omnium
2977 535 3368 600 certissimum,

156 623 318 678 modo
340 625 481 696 apud
501 624 800 685 Orientales
843 628 1112 687 Ecclesias
1133 648 1251 688 mos
1266 633 1360 688 ille
1382 634 1526 690 haud
1549 637 1711 691 unde-

157 729 372 784 quaque
403 717 696 775 imaluerit‘
720 721 1024 788 prolatandi
1053 720 1262 779 Pascha
1307 725 1372 780 ad
1417 726 1708 780 secundam

160 804 517 870 Dominicam,
536 809 749 877 quoties
770 813 1036 868 terminus
1053 812 1313 869 incideret
1330 816 1380 868 in
1401 814 1590 870 feriam
1614 804 1708 879 vn,

158 898 364 965 qna‘de
396 913 456 952 re
494 899 674 956 nobile
723 903 1028 971 exemplum
1061 905 1326 959 habemus
1369 905 1424 959 in
1453 903 1713 962 Pascltate

159 986 285 1040 anui
317 987 417 1041 760
444 990 577 1058 cycli
606 991 812 1047 lunaris
843 993 864 1044 l
897 1009 912 1057 ;
947 1001 1077 1048 tunc
1104 995 1249 1048 enim
1287 997 1572 1051 orthodoxi
1612 981 1711 1051 au-

160 1075 310 1131 diere
349 1078 442 1147 qui
475 1081 750 1149 paschalia
778 1092 1069 1152 exegerunt
1121 1085 1154 1136 6
1189 1083 1412 1154 Aprilis,
1444 1097 1630 1141 contra
1661 1090 1714 1142 in

159 1164 545 1223 Haretlcorum
599 1182 820 1227 censum
867 1175 1087 1244 repositi
1134 1176 1227 1245 qui
1275 1175 1341 1230 15
1382 1178 1581 1247 Aprilis
1623 1179 1711 1250 (V.

161 1251 403 1324 Theoph.
464 1257 758 1330 Chronogr‘.
807 1271 966 1331 atque
1015 1260 1166 1318 Pauli
1216 1265 1426 1320 diaconi
1484 1270 1712 1322 miscell.

161 1343 252 1400 lib.
285 1350 426 1416 nn)
474 1364 580 1404 non
614 1366 723 1419 quo
771 1356 1305 1423 comperendinatum
1331 1355 1717 1429 'Pascha‘qpro-

162 1444 280 1505 pter
310 1439 597 1494 terminum
629 1442 681 1494 in
709 1441 841 1495 feria
867 1460 963 1509 vn,
996 1445 1087 1499 sed
1115 1447 1242 1515 quia
1264 1449 1357 1517 qui
1380 1449 1445 1503 ad
1477 1450 1544 1504 15
1565 1452 1720 1520 Apri-

162 1527 227 1584 lis
249 1530 539 1613 distulere,
560 1531 854 1588 terminum
881 1536 1192 1604 paschalem
1216 1537 1479 1593 habebant
1509 1540 1542 1594 6
1563 1541 1718 1610 Apri-

1812 649 1923 705 quo
1947 635 2016 688 ab
2040 649 2102 689 ea
2145 643 2302 688 relate
2331 631 2654 688 sevocetur?
2683 628 2818 683 Tam
2858 628 3042 682 nobile
3083 641 3373 696 argumen-

1814 735 1928 780 tum
1974 714 2254 796 copiosam
2289 725 2450 779 nobis
2494 723 2725 793 praebuit
2753 719 3070 789 disputandi
3111 726 3372 787 segetem,

1815 826 1875 872 ut
1923 818 2074 871 nullo
2122 817 2294 870 lt-ctor
2335 815 2630 884 impeditus
2673 811 3009 882 praeiudicio.
3047 824 3230 863 causae
3271 822 3383 862 no-

1813 918 1941 963 stra:
1972 910 2099 977 jura
2135 913 2374 962 tu’catur.
2404 904 2561 958 Nunc
2594 903 2802 970 reliqua
2831 915 3152 972 prosequar.

1884 997 2074 1053 XXIV.
2116 999 2411 1067 Cajetauus
2455 996 2635 1050 nervis
2666 995 2922 1048 omnibus
2950 992 3179 1046 certavit
3208 991 3374 1044 intcr-
3423 1040 3428 1047 .

1819 1088 1986 1143 fuisse
2031 1068 2353 1157 Gregorium
2406 1082 2616 1154 synodo
2644 1097 2688 1136 v.
2731 1081 3120 1144 tecumeuicaa,
3148 1094 3184 1132 ιι
3237 1077 3381 1133 Con-

1817 1179 2334 1248 stantinopolitanae,
2360 1191 2532 1245 eaque
2577 1182 2795 1244 propter
2839 1179 3098 1242 suspecta
3127 1161 3381 1225 vendita-

1818 1270 1932 1334 vit,
1987 1285 2110 1339 quae
2165 1269 2219 1323 in
2281 1266 2494 1323 Leontii
2547 1265 2956 1320 Commentario
3002 1261 3265 1332 leguntur
3313 1261 3380 1316 de

1821 1360 2036 1432 Sergio,
2068 1360 2234 1432 Cyro,
2259 1371 2312 1415 et
2339 1360 2508 1414 Paulo
2540 1357 3019 1415 Monothelitarum
3044 1352 3382 1428 309mm-

1819 1450 2085 1522 signanis,
2115 1459 2170 1504 et
2200 1451 2251 1503 in
2283 1450 2517 1504 concilio
2559 1447 3020 1518 anathematismo
3062 1443 3385 1503 confodien-

1820 1544 1928 1607 dis,
1961 1541 2103 1612 quod
2147 1541 2307 1611 plane
2358 1537 2668 1613 confectum
2703 1537 2756 1590 in
2793 1552 2844 1590 vr
2891 1537 3100 1608 synodo
3142 1551 3383 1595 acume-

161 1620 249 1686 lis,
280 1630 342 1676 ut
371 1623 425 1676 in
453 1637 616 1680 omne
644 1634 857 1696 tempus
886 1629 1074 1682 statuit
1105 1619 1444 1686 Antiochena
1479 1632 1720 1689 Ecclesia
1822 1633 1972 1687 nica.
2000 1628 2131 1701 Nos,
2166 1644 2290 1699 quae
2330 1630 2384 1681 in
2415 1626 2663 1684 Caictaui
2702 1627 3026 1705 sentgttiam
3058 1631 3382 1695 pugnarent,

161 1710 214 1764 in
270 1711 500 1768 Canone
556 1729 660 1768 suo
698 1733 711 1769 :
755 1732 944 1786 reapse
997 1728 1174 1773 tamen
1222 1735 1398 1790 neque
1461 1733 1720 1791 perpetuo
1823 1723 2128 1788 attulimus,
2167 1723 2228 1773 ut
2266 1728 2418 1774 certe
2465 1735 2570 1772 non
2607 1717 2945 1783 dubitemus,
2987 1718 3142 1787 quin,
3189 1715 3234 1771 si
3272 1715 3385 1769 cla-

160 1803 346 1856 verum
378 1819 519 1858 anno
553 1805 578 1860 1
615 1807 750 1876 cycli
785 1807 992 1863 lunaris
1028 1811 1368 1866 terminalem
1399 1813 1536 1867 diem
1563 1830 1720 1870 assu-
1826 1813 2077 1868 rissimus
2105 1811 2188 1864 vir
2218 1810 2392 1864 lucem
2448 1808 2610 1862 hodie
2656 1808 2981 1872 intueretur,
3028 1823 3094 1861 ex
3128 1805 3385 1875 opinione

160 1893 413 1950 mendum
431 1896 700 1966 5'Aprili's,
727 1900 1067 1967 ut‘ltomana,
1091 1903 1716 1974 Constantinopolitaua,
1752 1889 1798 1956 Β.
1820 1902 2145 1958 discederet.
2189 1897 2346 1951 Nunc
2391 1912 2520 1951 vero
2560 1912 2660 1966 par
2699 1906 2783 1951 est
2811 1897 3273 1964 demonstremus.
3316 1908 3387 1949 ne

159 1985 522 2058 Alexandrina
565 1986 828 2054 Ecclesia,
865 1992 948 2047 vei
980 1991 1013 2046 6
1041 1993 1263 2063 Aprilis,
1294 2004 1350 2050 ut
1382 1996 1717 2053 Antiochcna
1819 1990 1902 2045 vel
1946 1989 2116 2043 hilum
2147 1988 2364 2058 quidem
2398 1987 2560 2040 nobis
2591 1985 2791 2056 opponi
2818 1985 3174 2038 Lcontianam
3209 1985 3386 2056 histo-

159 2080 340 2132 sanxit
386 2078 650 2143 Ecclesia,
695 2082 786 2137 sed
818 2071 1034 2150 'partim
1083 2081 1136 2148 5,
1181 2085 1378 2156 partim
1419 2086 1717 2157 6-Aprilis.

157 2168 316 2221 Anno
341 2169 561 2238 quidem
589 2172 795 2240 periodi
819 2173 850 2226 7
865 2181 930 2228 et
952 2173 1044 2240 64,
1066 2187 1230 2230 verus
1248 2177 1510 2232 terminus
1526 2179 1640 2233 dies
1663 2181 1716 2246 5,

158 2272 306 2311 anno
333 2258 402 2312 26
425 2271 480 2313 et
511 2260 602 2324 45,
633 2261 748 2317 dies
782 2263 816 2317 6
838 2263 1063 2334 Aprilis.
1089 2267 1193 2322 Sed
1221 2267 1363 2321 enim
1396 2284 1538 2323 anno
1563 2268 1720 2325 Chri-

157 2346 369 2402 stt't'60
401 2349 716 2418 agitabatur
760 2349 1100 2410 Seleucidum
1141 2356 1298 2423 1071,
1340 2358 1432 2426 qui
1460 2359 1491 2411 7
1516 2355 1720 2428 periodi

163 2434 228 2488 15
251 2435 560 2507 Calippicaa,
588 2441 921 2511 proindeque
947 2442 1217 2516 legitimus
1241 2448 1511 2515 paschalis
1535 2449 1720 2512 termi-

159 2541 263 2582 nus
312 2527 345 2581 5
392 2529 594 2599 Aprilis
655 2530 780 2585 Jam
825 2532 1213 2591 Justiuianusl
1253 2538 1720 2610 Aug,‘imperium

159 2617 284 2671 iniit
317 2633 473 2672 anno
505 2620 709 2675 Christi
758 2621 1091 2694 Dionysiano
1119 2621 1246 2690 52Ἰ,
1291 2633 1718 2699 mense‘sextili,
1760 2655 1768 2662 ο

159 2719 392 2762 exeunte
406 2706 442 2761 2
458 2708 664 2777 periodi
686 2711 751 2764 12
769 2711 1075 2785 Calippicze,
1097 2717 1190 2786 qui
1214 2716 1558 2774 Seleucidum
1581 2720 1717 2787 838;

159 2798 312 2852 exuit
332 2814 460 2852 vero
491 2798 599 2854 fato
619 2803 921 2858 exstinctus
949 2821 1092 2860 anno
1125 2805 1248 2873 565,
1285 2825 1470 2866 mense
1498 2810 1724 2867 Novem-

162 2885 283 2953 bri;
331 2889 425 2956 qni
459 2904 631 2944 novus
669 2891 730 2944 41
764 2892 974 2960 periodi
1023 2895 1089 2949 12
1131 2896 1718 2969 Calippicaa,‘Seleuci-

157 2976 292 3032 “dum
325 2979 452 3037 877.
485 2981 543 3034 In
574 2981 674 3036 hoc
724 2997 994 3038 annorum
1045 2989 1317 3044 curriculo
1357 2990 1534 3046 idonei
1571 2993 1725 3048 insti-

164 3064 282 3122 tuto
322 3080 511 3124 nostro
541 3063 824 3141 paschales
872 3075 1085 3130 termini
1134 3093 1253 3152 sese
1289 3079 1524 3134 offerunt
1570 3084 1724 3138 annis

163 3159 370 3262 periodi
405 3161 459 3225 5,
493 3162 548 3262 :7,
989 3169 1079 3234 21,
1113 3170 1203 3234 24,
1247 3169 1337 3236 29,
1372 3171 1461 3236 52,
1494 3172 1584 3239 57,
1627 3176 1716 3230 40,
1751 3206 1793 3262 C

173 3247 278 3306 Sed
312 3267 458 3307 anno
490 3255 544 3318 5,
578 3255 780 3312 Christi
825 3257 947 3325 550,
987 3261 1138 3332 cyclo
1172 3261 1300 3316 solis
1329 3261 1379 3326 7,
1413 3263 1586 3317 littera
1618 3264 1724 3320 Do-

165 3340 408 3396 minicali
454 3344 536 3407 F,
592 3340 860 3414 terminus
921 3350 974 3404 in
1037 3349 1168 3405 feria
1221 3368 1272 3406 v.
1327 3353 1466 3423 Ergo
1518 3353 1740 3416 Pascha

166 3431 228 3486 51
274 3431 474 3488 Martii.
522 3436 681 3491 Anno
719 3439 774 3505 7,
813 3439 1013 3497 Christi
1044 3443 1168 3512 552,
1205 3447 1354 3514 cyclo
1399 3448 1530 3502 solis
1555 3448 1609 3510 9;
1643 3449 1729 3502 lit-

167 3533 282 3580 tera
341 3527 660 3582 Dominicali
710 3528 844 3594 DC,
881 3534 1144 3588 terminus
1198 3537 1248 3590 in
1300 3535 1432 3592 feria
1474 3554 1535 3595 ιι.
1589 3539 1728 3609 Ergo

171 3615 379 3671 Pascha
409 3618 468 3672 11
495 3618 720 3687 Aprilis.
744 3620 902 3675 Anno
927 3621 1013 3686 10,
1034 3622 1236 3678 Christi
1261 3624 1585 3696 Dionysiano
1601 3629 1726 3695 555,

168 3708 325 3778 cyclo
362 3709 494 3763 solis
541 3710 625 3774 12,
671 3711 849 3766 littera
892 3711 1212 3768 Dominicali
1257 3713 1326 3778 G,
1373 3717 1642 3772 terminus
1676 3719 1728 3773 in

171 3796 304 3851 feria
329 3813 423 3852 vn.
454 3797 596 3868 Ergo
621 3798 830 3868 Pascha
867 3802 905 3855 5
931 3804 1012 3857 vel
1040 3802 1104 3857 10
1136 3803 1337 3873 Aprilis
1371 3804 1516 3875 (nam
1557 3809 1730 3878 nesci:

171 3905 316 3953 mus,
366 3905 486 3960 qua:
532 3889 1031 3962 Hierosolymitante
1078 3895 1332 3951 Ecclesiae
1371 3900 1728 3966 consuetudo,

170 3994 296 4033 cum
323 3980 594 4035 terminus
622 3973 795 4036 exiret
830 3983 882 4036 in
898 3975 1096 4038 ‘ieriam
1123 3969 1238 4054 vti).
1270 3987 1427 4041 Auno
1450 3991 1535 4053 13,
1576 3991 1754 4044 Chri--

171 4073 241 4126 sti
276 4071 403 4136 538,
435 4074 585 4142 cyclo
624 4073 754 4129 solis
787 4075 875 4140 ts,
906 4057 1080 4130 littera
1107 4077 1420 4134 Dominicali
1453 4079 1515 4142 (ς,
1547 4084 1734 4135 termi-

172 4176 276 4216 nus
325 4163 380 4215 in
423 4161 556 4216 feria
589 4180 668 4218 ιιι.
719 4163 858 4234 Ergo
890 4165 1095 4222 Pascha
1120 4168 1153 4221 4
1191 4169 1408 4237 Aprilis.
1458 4171 1616 4225 Anno
1647 4173 1730 4235 l8,

171 4250 376 4306 Christi
418 4253 545 4316 545,
587 4253 741 4322 cyclo
788 4254 920 4309 solis
967 4255 1057 4319 20,
1087 4256 1264 4311 littera
1315 4255 1632 4313 Dominicali
1667 4258 1732 4326 D,

175 4337 441 4396 terminus
465 4341 518 4394 in
546 4341 680 4404 feria
701 4359 753 4396 v.
778 4342 915 4413 Ergo
935 4342 1145 4399 Pascha
1169 4346 1198 4398 7
1223 4348 1444 4415 Aprilis.
1471 4351 1628 4402 Anno
1642 4348 1732 4412 21,

172 4431 375 4488 Christi
418 4432 544 4497 546,
580 4434 731 4504 cyclo
777 4435 907 4506 solis
949 4435 1040 4501 25,
1087 4436 1260 4491 littera
1310 4436 1624 4493 Dominicali
1666 4439 1732 4502 (ἱ,

1822 2081 1983 2147 riam,
2014 2079 2146 2150 quin
2169 2079 2375 2148 potius,
2402 2092 2524 2147 quae
2551 2078 2617 2132 ad
2649 2078 2792 2131 hanc
2817 2092 2933 2132 rem
2965 2084 3153 2130 narrat
3177 2075 3392 2138 omnia,

1821 2172 2037 2241 pondus
2067 2170 2264 2224 addere
2295 2170 2678 2243 gravissimum
2733 2167 3039 2230 sententiae,
3074 2180 3236 2236 quam
3285 2178 3384 2218 ex.

1823 2261 2128 2330 posuimus.
2177 2260 2268 2313 Ait
2317 2259 2482 2328 igitur
2534 2258 2820 2322 Leontius,
2861 2256 3212 2326 Gregorium,
3257 2267 3382 2308 cum

1821 2348 2296 2416 Constantinopoli
2364 2357 2714 2409 versaretur,
2774 2347 3116 2415 Romamque
3179 2345 3386 2415 cogita-

1824 2446 1928 2504 ret,
1963 2452 1992 2492 ιι
2014 2428 2615 2504 Constantinopolitano
2640 2435 3052 2504 archiepiscopo
3080 2435 3384 2499 detentum,

1823 2529 2122 2599 quominus
2154 2538 2261 2581 tam
2301 2526 2481 2580 subito
2504 2526 2605 2580 iret
2641 2543 2652 2580 :
2689 2523 2955 2580 nefarium
2995 2523 3072 2577 illi
3101 2524 3387 2579 haeretico-

1824 2635 1944 2672 rum
1993 2617 2231 2671 furorem
2283 2618 2586 2681 detexisse,
2636 2616 2727 2685 qui
2779 2614 2987 2686 Sergii,
3033 2613 3197 2686 Cyri,
3235 2614 3386 2668 Pauli

1825 2706 2026 2761 addicti
2053 2706 2300 2782 partibus
2325 2707 2572 2759 tunestas
2610 2705 2665 2758 in
2699 2705 2934 2760 Ecclesia
2971 2703 3264 2774 tragtndias
3293 2720 3388 2758 cx-

1824 2799 2095 2863 citarant;
2151 2797 2353 2866 quibus
2399 2796 2614 2850 obviam
2661 2797 2921 2863 eundum,
2971 2811 3146 2866 eoque
3175 2797 3387 2866 jussam

1827 2887 2117 2960 synodum.
2141 2885 2260 2941 Jaxn
2295 2901 2359 2941 ex
2389 2896 2582 2940 nostro
2609 2885 2830 2940 Canone
2852 2885 3097 2954 Gregorii
3125 2887 3390 2941 adventus

1824 2977 2356 3048 Constantinopolim
2405 2976 2634 3046 contigit
2687 2990 2828 3032 anno
2864 2975 2989 3040 678,
3026 2991 3136 3045 quo
3181 2991 3389 3046 magna:

1827 3071 1902 3124 illi
1941 3075 2173 3138 praeerat
2205 3067 2457 3123 Ecclesiae
2505 3053 2831 3122 Theodorus
2877 3068 3162 3135 piissimus
3226 3075 3392 3136 atque

1826 3162 2168 3217 orthodoxus
2211 3159 2531 3229 episcopus,
2582 3157 2673 3228 qui
2722 3172 2786 3212 eo
2834 3159 2950 3227 ipso
2998 3174 3141 3212 anno
3193 3159 3390 3213 throno

1827 3264 2080 3318 exactus,
2125 3253 2424 3320 subrogato
2470 3247 2702 3319 Georgio
2743 3248 3218 3314 Monothelitarum
3265 3265 3390 3306 cum

1828 3361 1906 3409 re,
1956 3353 2072 3399 tum
2111 3343 2370 3412 dignitate
2407 3342 2671 3412 principe,
2706 3355 3015 3410 quanquam
3065 3334 3283 3396 tandem
3335 3344 3388 3397 in

1829 3437 2039 3508 synodo
2069 3436 2392 3510 sacrilegum
2431 3448 2672 3489 errorem
2705 3434 2951 3504 ejurarit.
2991 3431 3055 3487 Et
3097 3433 3390 3488 concilium

1827 3529 2050 3598 quidem
2071 3527 2174 3580 sub
2191 3525 2479 3580 Theodoro
2498 3525 2806 3594 patriarcha
2827 3515 3089 3578 indictum
3110 3539 3252 3577 anno
3265 3523 3389 3585 6'78,

1829 3621 1953 3674 licet
1984 3629 2232 3672 coactum
2267 3615 2547 3670 desinente
2579 3629 2725 3668 anno
2746 3615 2850 3678 680
2880 3623 3027 3682 patet
3057 3631 3124 3668 ex
3163 3616 3392 3668 Anasta-

1829 3711 1898 3767 sii
1921 3708 2180 3764 Romana:
2201 3706 2459 3762 Ecclesia:
2489 3705 2884 3760 bibliothecarii
2917 3704 3252 3769 testimonio,
3279 3705 3394 3758 haec

1831 3807 1885 3858 in
1943 3802 2244 3872 Agathonis
2289 3801 2397 3854 vita
2454 3797 2745 3854 scribentis
2797 3794 3113 3852 :.Dederant
3154 3796 3394 3863 piissimi

1829 3896 2090 3966 principes
2123 3891 2520 3952 Constantinus,
2548 3889 2848 3952 Heraclitts,
2871 3896 2919 3942 et
2954 3885 3195 3941 Tiberius
3223 3883 3394 3953 Augg.

1835 3989 2040 4041 litteras
2075 4001 2166 4052 per
2202 3972 2579 4052 Epiphanium,
2603 3981 2692 4050 qui
2739 3987 2853 4032 erat
2884 3980 2949 4030 iis
2990 3995 3022 4030 a
3054 3977 3288 4037 secretis,
3327 3973 3394 4026 ad

1834 4077 2062 4138 Donum,
2094 4091 2242 4144 quem
2287 4073 2457 4126 adhuc
2505 4072 2835 4139 superstitem
2875 4067 3131 4134 putabant
3163 4063 3396 4134 Agatha-

1833 4168 1915 4220 nis
1957 4176 2358 4227 antecessorern,
2402 4162 2588 4232 quibus
2633 4160 3004 4221 hortabantur,
3045 4157 3192 4209 vellet
3225 4156 3395 4224 ponti-

1791 4305 1796 4310 .
1835 4258 1921 4328 [ex
1970 4256 2287 4320 sacerdotes,
2323 4254 2518 4307 aliosve
2561 4253 2614 4305 in
2649 4251 2827 4304 urbem
2877 4250 3072 4318 regiam
3107 4248 3278 4317 legare
3328 4252 3395 4299 ad

1836 4349 2104 4405 Ecclesias
2135 4347 2421 4417 aliquando
2456 4343 2853 4398 consociandas.
2892 4339 2988 4392 llis
3013 4339 3238 4406 acceptis
3259 4338 3398 4406 Aga-

1839 4439 1926 4495 tho
1961 4447 2166 4492 tantam
2206 4453 2310 4489 rem
2349 4436 2578 4504 segnius,
2629 4441 2721 4485 aut
2761 4432 2952 4484 lentius
2994 4428 3249 4496 agendam
3295 4443 3396 4480 non

176 4524 443 4579 terminus
469 4525 524 4579 in
545 4523 677 4602 feria
705 4540 744 4582 ι.
771 4527 911 4595 Ergo
929 4526 1140 4582 Pascha
1164 4527 1196 4581 8
1219 4528 1438 4597 Aprilis.
1465 4532 1622 4583 Anno
1641 4530 1730 4596 24,
1767 4532 1808 4586 D
1836 4529 2060 4598 putavit.
2093 4527 2251 4597 Legat
2287 4528 2450 4596 igitur
2493 4523 2751 4592 extemplo
2780 4522 3175 4574 Abundantium
3212 4519 3400 4571 Pater-

172 4617 377 4672 Christi
410 4617 534 4682 549,
582 4619 735 4688 cyclo
778 4620 910 4674 solis
955 4619 1044 4685 26,
1091 4620 1270 4677 littera
1322 4621 1636 4688 Dominicali
1671 4622 1734 4687 C,

177 4711 441 4764 terminus
502 4711 557 4765 in
609 4710 742 4766 feria
803 4728 862 4765 ιι.
934 4709 1072 4780 Ergo
1147 4710 1357 4776 Pascha
1417 4714 1451 4767 4
1506 4714 1730 4781 Aprilis.

174 4801 351 4856 Anno.
384 4799 477 4865 29,
518 4799 720 4856 Christi
765 4803 889 4867 554,
939 4801 1090 4872 cyclo
1144 4801 1271 4856 solis
1314 4803 1369 4865 ὅ,
1416 4803 1587 4857 littera
1637 4805 1740 4858 Do-

175 4891 424 4946 minicali
462 4892 540 4958 D,
596 4895 860 4946 terminus
906 4891 972 4944 in
1032 4890 1165 4963 feria
1203 4907 1264 4946 ιι.
1328 4890 1469 4960 Ergo
1521 4892 1733 4947 Pascha

177 4983 210 5036 8
244 4983 467 5052 Aprilis.
513 4983 672 5038 Anno
716 4983 818 5048 52,
874 4982 1076 5038 Christi
1113 4984 1244 5048 557,
1297 4985 1453 5054 cyclo
1500 4985 1633 5038 solis
1671 4985 1736 5048 6,

179 5075 356 5129 littera
403 5064 724 5129 Dominicali
772 5074 838 5138 G,
890 5076 1159 5129 terminus
1200 5075 1253 5127 in
1301 5074 1433 5128 feria
1476 5090 1549 5128 vr.
1596 5074 1739 5144 Ergo

179 5163 390 5221 Pascha
421 5165 445 5218 1
484 5167 708 5236 Aprilis.
754 5167 913 5220 Anno
952 5165 1042 5230 '57,
1074 5164 1276 5219 Christi
1309 5166 1432 5230 562,
1464 5165 1618 5236 cyclo
1651 5181 1739 5220 so-

179 5257 244 5311 lis
270 5257 360 5316 11,
406 5257 581 5311 littera
614 5255 935 5312 Dominicali
982 5257 1046 5323 A,
1089 5245 1360 5312 terminus
1402 5258 1455 5310 'rn
1489 5257 1623 5314 feria
1656 5272 1735 5310 ιιι.

181 5344 325 5414 Ergo
354 5344 561 5398 Pascha
592 5345 622 5397 7
656 5339 879 5414 Aprilis.
906 5346 1063 5400 Anno
1087 5345 1177 5409 40,
1208 5345 1411 5399 Christi
1439 5345 1562 5415 565,
1590 5345 1741 5415 cyclo
1765 5408 1767 5410 η

179 5435 314 5488 solis
343 5433 430 5500 14,
459 5429 640 5488 littera
668 5433 995 5490 Dominicali
1030 5433 1093 5501 D,
1125 5435 1391 5490 terminus
1418 5435 1470 5486 in
1505 5433 1640 5512 feria
1666 5450 1738 5487 tv.

179 5524 327 5594 Ergo
365 5524 574 5580 Pascha
619 5515 914 5594 5‘Aprilis.
947 5525 1170 5594 Ecquod
1213 5526 1428 5580 tandem
1476 5528 1745 5594 supererit

179 5617 425 5693 asylum,
471 5631 582 5687 quo
633 5617 915 5686 confugiat
960 5615 1254 5672 Caietanus
1306 5615 1629 5686 Gregorium
1677 5615 1740 5668 ad

183 5701 480 5765 Iustiniani
513 5707 534 5763 l
570 5719 810 5778 tempora
864 5723 1148 5774 revocans,
1202 5722 1326 5762 cum
1365 5718 1472 5762 tam
1513 5706 1744 5762 illustris

185 5799 469 5882 character
511 5797 813 5867 Paschatis,
859 5798 1004 5882 quod
1048 5798 1440 5865 Hierosolymis
1484 5798 1573 5856 ille
1607 5796 1743 5854 cele-

1839 4637 2068 4682 nensem,
2105 4619 2366 4672 Joannem
2412 4617 2722 4685 Rheginum,
2769 4624 2817 4667 et
2842 4612 3099 4667 Joannem
3136 4610 3403 4663 Portuen—

1839 4726 1941 4764 sem
1975 4709 2240 4777 episcopos
2263 4748 2277 4768 ,
2314 4707 2637 4760 Theodorum
2670 4713 2921 4772 prieterea
2947 4744 2961 4765 ,
2997 4713 3044 4754 et
3092 4697 3398 4782 Gregorium

1838 4799 2187 4869 presbyteros,
2232 4798 2844 4868 Joannemﬂiaconnm,
2897 4805 2942 4848 et
2993 4791 3400 4847 Constantinum

1840 4888 2236 4953 subdiaco’num,
2279 4887 2609 4940 Theodorum
2655 4888 2778 4940 item
2808 4885 3166 4953 presbyterum
3196 4879 3452 4966 Raven-

1840 4990 2038 5042 natem,
2070 4990 2118 5032 et
2165 4981 2443 5032 monachos
2486 4979 2582 5031 Dei
2630 4979 2833 5030 servos}.
2863 4976 3061 5028 Abeunt
3096 4973 3408 5028 Constanti-

1841 5071 2091 5141 nopolins,
2125 5071 2186 5124 ab
2228 5073 2540 5139 imperatore
2579 5068 2862 5136 honoriﬁce
2902 5069 3250 5136 accipiuntur,
3291 5083 3401 5127 me-

1841 5171 2061 5224 nentur,
2113 5177 2174 5214 ne
2217 5176 2307 5227 per
2363 5158 2642 5210 tumultum
2696 5157 3004 5223 turbasque,
3051 5154 3139 5205 sed
3197 5153 3403 5222 placide

1843 5256 2208 5319 moderateque
2236 5250 2499 5318 negotium
2531 5249 2852 5315 transigant.
2892 5244 3251 5311 lnterfuernnt
3281 5258 3404 5312 syn~

1843 5343 1942 5395 odo
1979 5351 2167 5408 prwter
2211 5343 2577 5406 imperatorem
2631 5337 2899 5390 Macarius
2940 5335 3310 5394 Antiochenus,
3355 5345 3402 5385 et

1846 5431 2098 5502 Georg.'us
2150 5431 2460 5499 patriarcha
2515 5427 3160 5505 Constantinopolitanus.
3206 5425 3403 5492 ipsique

1845 5523 2147 5590 apostolica:
2197 5522 2336 5575 sedis
2377 5519 2558 5588 legati,
2585 5527 2633 5571 et
2677 5533 2740 5570 ex
2771 5515 2981 5570 Oriente
3026 5515 3251 5583 episcopi
3279 5513 3401 5567 150.

1846 5615 2161 5679 Quwsitnm,
2192 5622 2247 5666 ut
2279 5613 2638 5679 explicaretur
2669 5609 2925 5678 apertius,
2969 5623 3036 5659 an
3071 5607 3189 5659 duc
3212 5605 3317 5658 sint
3351 5607 3403 5657 in

1847 5704 2057 5760 Christo
2109 5705 2332 5756 Domino
2395 5702 2706 5754 voluntates.
2767 5696 2888 5751 Jam
2946 5698 3108 5767 igitur
3161 5710 3404 5750 (acume-

1849 5797 1970 5858 nica
2002 5811 2052 5849 vr
2084 5794 2345 5864 synodus,
2376 5808 2482 5863 qua
2518 5792 2584 5847 de
2614 5792 2803 5848 scribit
2828 5788 3176 5855 Anastasius,
3202 5783 3412 5843 indicta
