4032 6334
666 405 813 470 1211

1557 404 1654 464 DE
1674 404 1930 463 mare
1963 404 2023 463 s.
2048 366 2430 462 .GREGORI‘I
2471 399 2975 460 AGRI'GENTINI

3766 389 3881 451 ΠΜ

677 511 747 565 Ut
795 510 954 580 igitur
991 519 1131 563 stent
1152 550 1166 572 .
1211 524 1332 576 qua:
1364 508 1953 578 Const-antiims-prodit
1973 548 1988 570 ,
2017 510 2236 562 omnino
2263 521 2308 575 Α
2337 523 2414 576 gae
2439 508 2662 575 episcopi
2685 508 2872 574 pra-sto
2901 511 3065 558 essent
3091 504 3158 555 ad
3185 499 3441 553 radicitus
3463 497 3755 560 evelli-uda,
3784 515 3875 567 qu

678 598 1079 663 allirmandum,
1104 598 1326 668 Cyprios
1352 599 1525 652 exsilii
1562 599 1674 661 sui,
1693 600 1849 666 cujus
1877 598 2080 666 epocha
2116 597 2235 651 iniit

676 705 820 744 anno
836 688 959 749 648.
983 703 1149 742 annos
1183 688 1252 740 3?.
1299 689 1674 751 censentibus,
1699 689 2041 756 prmpositum
2070 687 2235 741 Ioan-

679 795 799 834 nem
831 779 1486 850 Cypri'archiepiscopum
1521 778 1871 844 Hellesponto
1905 778 2195 846 provincia
2216 818 2232 842 ,

680 874 734 928 in
777 886 881 940 qua
918 869 1309 936 αὐτοκεφα).ἱας
1335 870 1456 936 jura
1495 852 1793 930 exerceret,
1819 868 1976 937 idque
2009 883 2133 921 vero
2171 882 2239 920 ex

679 961 998 1026 auctoritate
1045 957 1258 1009 concilii
1319 970 1367 1007 vt
1420 954 1734 1008 mctiinenici
1769 956 1892 1006 anni
1941 952 2044 1008 680
2077 952 2236 1019 quiu-

679 1047 920 1114 quennio
950 1052 1088 1112 post,
1125 1059 1267 1097 anno
1297 1043 1506 1095 scilicet
1540 1039 1644 1093 685
1668 1039 1885 1106 patrios
1920 1037 2062 1090 lares
2097 1035 2234 1089 revi-

682 1137 826 1190 sisse
865 1136 991 1200 imp.
1027 1117 1309 1186 Iustiniani
1351 1146 1509 1197 opera
1535 1169 1549 1190 ,
1582 1130 1674 1198 qui
1711 1143 1827 1181 eam
1861 1130 1928 1179 ad
1958 1142 2069 1179 rem
2108 1141 2238 1180 ora-

683 1234 828 1278 tores
869 1224 1071 1276 miserit
1109 1225 1172 1275 ad
1214 1217 1851 1287 Habdimelecb,'qnibus
1883 1215 2110 1270 feliciter
2139 1216 2236 1268 ad-

684 1306 911 1364 modum'
930 1313 1062 1366 exiit
1103 1313 1318 1375 legatio.
1365 1311 1701 1376 Quapropter
1742 1309 1840 1376 (ut
1886 1309 1937 1359 in
1975 1308 2114 1358 viam
2159 1319 2244 1357 res

679 1401 837 1456 deam
886 1403 970 1467 (si
1016 1401 1205 1470 passus
1263 1399 1889 1467 Constantinopolitanus
1936 1395 2171 1465 pontifex
2209 1409 2240 1448 e

687 1493 1012 1558 patriarchia
1056 1506 1149 1545 sua
1182 1491 1360 1544 divelli
1413 1491 1700 1541 maximam
1746 1486 2073 1552 Hellesponti
2116 1498 2240 1554 pro-

686 1581 918 1634 vinciam
949 1618 963 1640 ,
997 1581 1048 1632 in
1084 1595 1184 1644 qua
1214 1576 1449 1651 Ioannes
1489 1575 2000 1644 archiepiscopalem
2033 1584 2238 1642 gereret

688 1671 1084 1738 magistratum,
1120 1669 1305 1735 quidni
1339 1707 1351 1729 ,
1385 1674 1671 1733 antequam
1704 1674 1907 1717 mactus
1943 1664 2029 1716 illa
2057 1662 2237 1726 fuerit,

687 1761 957 1814 exstincto
989 1757 1222 1812 Sardium
1253 1761 1505 1826 episcopo
1525 1799 1538 1819 ,
1564 1772 1624 1809 ea
1657 1755 1758 1809 sibi
1792 1755 2029 1808 Ecclesia
2056 1753 2251 1833 credo-I

2337 598 2642 650 exstiterant
2677 595 2906 647 zizania.
2935 591 3163 660 Insuper
3206 604 3326 644 cum
3384 589 3499 642 haec
3545 601 3670 640 mos
3712 587 3872 648 addit,

2337 685 2610 752 praeterito
2673 685 2891 750 insuper
2941 679 3168 750 Augusti
3233 677 3511 731 nomine:
3566 675 3658 729 Ita
3712 675 3875 728 multa:

2337 773 2801 841 Constantinopoli
2819 777 2997 824 beatus
3027 770 3104 824 vir
3130 768 3293 821 edidit
3325 783 3444 819 cum
3475 765 3548 819 ad
3575 756 3872 826 dicendum,

2336 874 2443 918 tum
2475 865 2542 920 ad
2580 865 2904 917 laudandum
2948 865 3259 930 compositas
3305 861 3590 923 orationes,
3626 868 3685 910 ut
3725 858 3796 911 vel
3826 859 3876 910 ad

2335 954 2567 1019 piissimi
2609 953 2943 1020 imperatoris
2992 953 3165 1004 nostri
3192 961 3344 1003 aures
3391 949 3538 1016 fama
3580 948 3874 1015 pervaderet.

2339 1043 2615 1098 Hactenus
2645 1059 2705 1097 ea
2735 1044 2799 1096 de
2827 1043 3086 1112 Gregorio
3111 1048 3299 1095 narrat
3319 1038 3607 1102 Leon'ins,
3632 1053 3754 1103 quae
3777 1050 3879 1092 ante

2335 1133 2624 1187 concilium
2674 1141 2868 1202 gesta;
2921 1146 3045 1184 nam
3089 1129 3272 1184 statim
3320 1129 3564 1196 excipit:
3616 1125 3748 1180 Inde
3786 1137 3878 1195 post

2337 1224 2525 1277 ntultos
2562 1223 2669 1276 dies
2703 1221 2896 1276 adsunt
2923 1213 3150 1289 episcopi
3174 1219 3589 1282 Alexandrinus,
3627 1218 3880 1270 Antioche-

2337 1331 2460 1379 nus;
2488 1315 2782 1369 Orientales
2813 1329 2988 1368 omnes
3017 1331 3032 1366 :
3075 1312 3343 1365 Romanus
3369 1327 3516 1374 vero,
3535 1311 3725 1378 quippe
3759 1308 3879 1378 grati

2337 1404 2514 1456 morbo
2553 1405 2820 1464 detentus,
2856 1401 3090 1456 libellum
3131 1401 3291 1454 mittit
3317 1399 3539 1468 propria
3567 1414 3732 1449 ntanu
3786 1413 3880 1448 cou-

2338 1494 2607 1562 scriptum.
2636 1490 2739 1546 Sed
2781 1491 3069 1560 aliquando
3093 1491 3304 1546 tandem
3333 1491 3682 1558 imperatoris
3702 1504 3876 1542 nomen

2339 1585 2542 1652 prodit,
2565 1599 2688 1637 cum
2711 1597 2772 1636 ea
2791 1582 3132 1661 exsequitur,
3151 1596 3269 1651 qua
3291 1590 3409 1650 post
3440 1580 3710 1650 synodum
3743 1589 3878 1632 acts:

2339 1674 2588 1741 Confecta
2626 1672 2778 1741 po'rro
2813 1672 3132 1741 (inquiens)
3167 1681 3506 1726 sacrosancta
3545 1672 3743 1739 synodo
3777 1669 3888 1724 Gre-

2337 1763 2483 1832 gorio
2500 1778 2673 1814 omnes
2695 1762 3048 1830 gratulari
3074 1770 3129 1813 at
3147 1769 3338 1828 prater
3355 1770 3571 1814 ceteros
3604 1759 3883 1812 incredibile

687 1861 837 1905 retur
860 1891 874 1913 ,
926 1851 1015 1903 ubi
1058 1850 1523 1917 archiepiscopum
1561 1856 1773 1916 ageret,
1817 1859 1988 1913 eoque
2029 1843 2197 1908 magis
2220 1879 2235 1903 ν
2269 1849 2310 1902 Β
2340 1855 2470 1921 cepi;
2504 1869 2567 1905 τω
2599 1853 2804 1905 homine
2835 1853 3150 1905 άεεξάεήυηι
3185 1853 3452 1920 pauiu“.
3490 1852 3775 1917 ίηρρεταωτ
3808 1867 3882 1902 no.

687 1941 832 2009 quod
861 1950 970 1994 tum
1008 1941 1271 2006 temporis
1295 1938 1613 1992 Iustiniano:
1640 1938 1654 1989 I
1686 1935 1940 1990 exarchia
1974 1948 2004 1987 a
2039 1931 2236 1986 Roma-

688 2049 755 2087 na
785 2031 1108 2101 patriarchia
1135 2028 1424 2090 defecerat,
1458 2037 1618 2096 atque
1633 2023 2237 2091 Constamin’opditanm

689 2125 1026 2192 adjndicata,
1075 2122 1150 2174 uti
1199 2136 1318 2174 mox
1363 2119 1574 2172 dicam?
1615 2116 1736 2169 Iber-
1767 2117 1943 2169 locum
1984 2129 2088 2167 non
2138 2112 2235 2165 Ita-

645 2207 648 2216 ’
687 2215 816 2268 bent
849 2211 1194 2266 mcumenicae
1223 2225 1250 2260 v
1285 2209 1470 2278 synodi
1503 2206 1864 2274 temporibus;
1905 2219 2027 2256 cum
2059 2202 2237 2271 Cypro

687 2298 832 2358 nulla
863 2304 1152 2369 importata
1189 2314 1216 2351 a
1246 2300 1494 2351 Barbaris
1517 2289 1819 2357 calamitas,
1849 2302 2238 2358 mansuetoque

688 2389 1271 2458 Constantinopolitaui
1325 2386 1667 2455 imperatoris
1715 2394 1927 2452 sceptro
1973 2383 2235 2436 obediret.

688 2480 829 2548 Quid
857 2481 1021 2548 igitur
1045 2487 1242 2540 restat,
1271 2486 1327 2531 ut
1366 2477 1521 2544 plane
1547 2476 1893 2552 aﬂirmemus,
1927 2472 2238 2542 Gregorium

690 2575 899 2643 synodo
920 2587 972 2624 VI
1002 2571 1346 2624 tecumeuica:
1370 2566 1678 2622 interfuisse
1699 2607 1712 2628 ,
1745 2567 1796 2618 in
1827 2580 1933 2635 qua
1964 2565 2238 2618 Mouothe-

690 2666 906 2716 litarum
936 2661 1155 2714 haeresis
1186 2659 1510 2728 proscripta,
1541 2668 1702 2726 atque
1735 2671 1863 2710 orco
1897 2655 2071 2710 devoti
2110 2654 2237 2707 Ser-

690 2759 831 2826 gius,
868 2754 1128 2824 Pyrrhus.
1154 2751 1375 2814 Paulus,
1411 2749 1601 2803 Petrus
1628 2747 2236 2815 C0nstantinopolitaui,

691 2851 862 2918 Cyrus
891 2844 1292 2898 Alexandrinus
1312 2883 1326 2907 ,
1370 2841 1689 2894 Theodorus
1709 2828 2086 2892 ‘Faranitanus
2128 2838 2240 2906 epi-

691 2935 838 3002 scopi
860 2931 1324 2986 Monotbelitarum
1346 2930 1543 2996 capita,
1561 2933 1792 2995 quorum
1821 2928 2026 2993 aliquot
2044 2925 2243 2978 diserte

608 3021 610 3023 ’
699 3025 960 3090 nominat,
995 3038 1118 3075 cum
1153 3020 1548 3081 Leontius,tum
1568 3006 1976 3085 Metapbrastes,
2005 3026 2057 3070 et
2075 3017 2246 3084 epito-

699 3126 900 3173 mastes
953 3115 1121 3167 Vitas:
1180 3121 1237 3164 nt
1285 3110 1487 3164 frustra
1536 3112 1607 3163 sit
1650 3110 1962 3172 Caietauus,
2002 3109 2092 3175 qui
2143 3107 2245 3161 hoc

688 3191 874 3276 ipsum
901 3245 914 3268 ,
945 3204 1089 3274 quod
1131 3204 1195 3256 ad
1225 3217 1442 3256 causam
1477 3217 1629 3256 suam
1661 3215 1766 3253 non
1796 3199 2164 3264 conduceret,
2190 3199 2244 3251 in

697 3295 1064 3362 suspicionem
1105 3289 1350 3343 vocarit?

774 3381 1006 3436 XXVIII.
1052 3380 1154 3434 Sed
1183 3395 1305 3433 ecce
1337 3418 1351 3441 ,
1391 3379 1566 3441 inquit
1593 3377 1900 3436 Caietanus,
1936 3373 2114 3428 adhuc
2143 3367 2248 3425 iul.

700 3490 850 3532 crum
877 3479 1155 3540 superest,
1194 3483 1301 3538 quo
1329 3466 1587 3522 sententia
1623 3467 1875 3519 fulciatur
1910 3465 1974 3516 de
2004 3461 2251 3534 Gregorii

701 3565 819 3618 Vita
845 3565 945 3617 sub
969 3562 1272 3614 Iustiniano
1296 3563 1314 3614 ι
1343 3561 1475 3628 Aug.
1510 3572 1759 3627 procusa,
1783 3565 2047 3624 quatenus
2081 3555 2133 3607 in
2155 3570 2249 3608 eo-

705 3655 825 3706 dem
859 3650 1069 3703 Leontii
1103 3647 1504 3700 Commentario
1541 3656 1645 3695 tam
1689 3641 1975 3696 manifesto
2017 3638 2247 3708 legitur,

704 3744 854 3798 illum
903 3742 1003 3795 sub
1055 3754 1120 3792 eo
1171 3735 1476 3790 Iustiniano
1513 3735 1908 3809 vixisse,_quo
1955 3732 2252 3799 imperante

706 3847 901 3901 magna
943 3829 1179 3900 synodus
1217 3827 1398 3879 habita
1444 3821 1956 3892 Constantinopoli,
2002 3821 2144 3889 quod
2186 3821 2252 3874 de

705 3935 814 3974 uno
837 3916 1140 3971 Iustiniano
1173 3915 1188 3966 I
1217 3912 1467 3966 aiIirmari
1497 3912 1687 3979 possit,
1713 3909 1949 3981 subquo
1978 3916 2189 3976 peracta
2221 3923 2250 3957 v

707 4010 945 4082 synodus
971 4004 1332 4069 aecumenica;
1364 4019 1485 4054 nam
1521 4017 1567 4053 vr
1606 4001 1886 4062 convenit,
1919 4017 2042 4053 cum
2073 4015 2249 4053 rerum

705 4097 1167 4161 Constantinopoli
1202 4096 1463 4163 potiretur
1491 4092 1883 4148 Constantinus
1922 4091 2250 4161 Pogonatus.

709 4197 930 4248 Scilicet
975 4193 1078 4245 hoc
1115 4204 1344 4258 magnus
1371 4187 1460 4242 ille
1502 4187 1736 4241 Achilles
1775 4195 2213 4254 argumentorum
2237 4225 2251 4249 ,

707 4305 814 4360 quo
846 4279 1130 4342 Caietanus
1155 4285 1234 4338 vel
1259 4284 1403 4336 mille
1435 4283 2049 4352 HectoraSprosternere
2081 4282 2256 4334 conli-

708 4383 805 4434 dit.
837 4380 972 4445 Quid
1000 4379 1161 4446 igitur
1182 4377 1372 4454 agam?
1408 4375 1622 4428 Christe
1649 4374 1788 4427 Deus
1813 4415 1826 4437 ,
1878 4374 2033 4425 Iidem
2074 4384 2220 4425 luam
2239 4413 2252 4435 ,

2336 1954 2442 1996 ster
2468 1941 2827 2004 Justinianus,
2861 1953 3173 2011 senatusque
3194 1946 3487 1995 uniursus.
3514 1939 3591 1994 Ex
3623 1941 3724 1994 hoc
3760 1941 3881 2008 quod

2333 2032 2626 2086 Caietanus
2684 2032 2887 2100 putarit
2921 2072 2937 2096 ,
3004 2032 3252 2086 eumdem
3314 2031 3460 2086 hunc
3521 2031 3880 2100 imperatorem

2336 2122 2501 2177 fuisse
2553 2123 2644 2190 qui
2688 2124 2954 2192 Gregorio
2981 2123 3304 2190 gratulatus,
3331 2130 3492 2189 atque
3520 2121 3675 2174 illum
3716 2123 3801 2188 qui
3840 2130 3883 2174 et

2336 2211 2824 2288 concilium-jussit,
2860 2211 3018 2264 etde
3050 2208 3296 2287 Gregorii
3341 2211 3543 2264 virtute
3576 2209 3770 2263 famam
3799 2225 3877 2263 er-

2337 2286 2574 2369 ceperit,
2607 2311 2665 2354 ut
2699 2301 2822 2354 inde
2854 2300 3110 2355 conﬁciat
3133 2286 3488 2361 ,Iustiuiauo
3537 2300 3557 2352 l
3594 2299 3882 2354 Constanti-

2340 2392 2518 2459 nopoli
2563 2389 3082 2459 impcrantoeadem
3116 2387 3169 2442 in
3211 2390 3357 2457 urbe
3379 2389 3723 2442 diversatum
3765 2387 3873 2445 Gre.

2339 2483 2582 2552 gorium,
2622 2495 2793 2548 eoque
2837 2480 3143 2534 interfuisse
3189 2481 3409 2550 synodo-
3436 2497 3465 2530 ν
3515 2481 3880 2541 ωειιωθηὶαε.

2306 2573 2491 2638 nullo
2527 2572 2688 2632 modo
2735 2570 3068 2638 probandus.
3112 2570 3492 2626 Si-Iustiniani
3535 2570 3670 2640 Aug.
3701 2585 3880 2624 nomen

2340 2662 2675 2730 protulisset
2697 2661 2957 2718 Leontius
2979 2702 2994 2726 ,
3026 2678 3150 2716 cum
3187 2662 3271 2716 vel
3311 2655 3579 2731 synodum
3612 2661 3880 2724 indixisse,

2341 2752 2423 2805 vel
2457 2752 2655 2806 famam
2695 2753 2969 2806 inaudisse
2997 2751 3245 2821 Gregorii
3272 2762 3538 2806 memorat
3560 2760 3745 2814 ,certe
3773 2751 3881 2818 qui-

2343 2843 2462 2897 dem
2494 2854 2670 2905 esset,
2699 2859 2795 2897 cur
2832 2843 3026 2896 merito
3067 2843 3470 2897 sanctissimum
3518 2842 3786 2897 hominem
3825 2843 3880 2894 ad

2343 2931 2632 2988 Iustiniani
2659 2931 2678 2985 I
2706 2943 2944 3004 tempora
2969 2943 3242 2989 revocaret
3266 2952 3280 2986 :
3315 2935 3406 2988 sed
3430 2934 3576 2988 enim
3602 2933 3742 3003 quod
3767 2930 3880 2986 illud

2286 3077 2291 3084 ,
2343 3036 2572 3091 usurpat
2611 3025 2662 3076 in
2699 3040 2878 3078 rerum
2919 3026 3252 3087 narratione,
3288 3038 3408 3092 qua
3439 3039 3687 3092 magnam
3735 3039 3880 3094 syno«

2346 3116 2470 3166 dum
2505 3126 2804 3169 consecuue
2829 3157 2842 3180 ,
2879 3115 3068 3170 'Iibere
3125 3115 3388 3177 dicimus,
3428 3113 3726 3168 fmdissimo
3767 3113 3884 3166 vitio

2347 3204 2591 3258 laborare
2611 3206 2811 3274 egregii
2841 3207 2940 3258 viri
2969 3205 3306 3273 opinionem.
3335 3202 3506 3258 Porro
3537 3204 3671 3258 illud
3687 3212 3887 3258 constat

2345 3309 2410 3348 ex
2433 3291 2756 3361 Theophane
2778 3295 3183 3348 accuratissime
3203 3293 3513 3358 Graecarum
3542 3309 3717 3348 rerum
3762 3293 3887 3348 seri-

2348 3393 2525 3453 ptore,
2555 3381 2924 3438 Iustinianum
2952 3384 2993 3437 II
3019 3401 3047 3436 ι
3075 3395 3227 3454 patre
3249 3385 3606 3439 Constantino
3631 3383 3886 3452 Pogonato

2350 3475 2655 3545 Augusmm
2687 3476 3074 3540 renuntiatum,
3110 3491 3173 3530 ea
3229 3476 3492 3545 dignitate
3522 3474 3707 3544 ejectis
3737 3472 3889 3527 Hera-

2350 3566 2471 3631 clio,
2516 3577 2568 3636 et
2611 3563 2830 3619 Tiberio
2883 3566 3185 3627 fratribus,
3229 3574 3372 3618 anno
3411 3565 3626 3634 imperii
3671 3564 3751 3617 sui
3798 3562 3887 3623 I5.

2349 3657 2492 3721 quod
2543 3656 2675 3722 iniit!
2727 3645 2866 3708 anno
2933 3655 3071 3717 668,
3122 3669 3307 3709 mense
3350 3641 3690 3708 Iulio..Cnm
3741 3653 3889 3721 igitur

2353 3760 2535 3798 mense
2556 3744 2696 3798 Iulio
2720 3745 2843 3796 anili
2875 3744 2978 3798 680
3027 3744 3420 3797 Constantinus
3464 3743 3602 3811 Aug.
3637 3742 3782 3812 regni
3814 3741 3888 3793 sui

2348 3849 2552 3892 annum
2599 3836 2665 3888 I5
2713 3834 3016 3895 iucboarit,
3061 3837 3246 3905 eodem
3291 3848 3432 3886 anno
3474 3833 3779 3892 desinente,
3818 3831 3890 3881 vel

2354 3940 2494 3979 novo
2535 3925 2630 3980 68I
2678 3927 2729 3978 in
2777 3926 2985 3993 imperii
3036 3925 3368 3978 consertium
3403 3924 3610 3984 ascitus
3648 3919 3892 3975 Iustinia-

2354 4032 2455 4069 nus
2492 4015 2617 4069 F.‘a
2655 4025 2823 4080 patre,
2858 4016 2958 4068 hoc
2985 4026 3088 4078 est,
3124 4016 3362 4067 nondum
3400 4015 3610 4084 synodo
3643 4010 3888 4065 coniecta.

2358 4105 2469 4158 Huc
2495 4116 2560 4170 _et
2599 4106 2725 4158 illud
2759 4105 2994 4180 accedit,
3039 4105 3217 4161 datam
3257 4103 3451 4157 Ioanni
3504 4102 3664 4172 Cypri
3725 4099 3891 4154 archi-

2363 4196 2617 4266 episcopo
2667 4180 3065 4263 Hellespontum
3109 4194 3439 4264 provinciam
3493 4208 3544 4245 vt
3575 4193 3624 4244 in
3665 4190 3888 4262 synodo,

2357 4295 2575 4337 auctore
2621 4284 2924 4338 Iustiniano
2957 4283 3308 4338 Rhinotmeto
3330 4323 3345 4346 .
3383 4283 3528 4351 quod
3563 4282 3759 4336 diserte
3796 4288 3894 4332 tra-

2358 4377 2526 4430 ditum
2583 4391 2611 4428 a
2655 4375 3013 4430 Constantino
3069 4375 3574 4443 I’orphyrogenneta
3628 4373 3795 4438 capite
3835 4367 3894 4422 Π

707 4471 920 4532 Christe
971 4467 1132 4530 Dens,
1170 4482 1268 4535 ago
1316 4466 1408 4518 tibi
1452 4464 1684 4533 gratias,
1735 4477 1899 4530 supra
1958 4478 2118 4530 quam
2164 4463 2270 4516 dici
2303 4478 2346 4531 ι)
2375 4465 2445 4517 De
2499 4465 2640 4517 adut.
2691 4466 2816 4531 imp.
2865 4479 2894 4517 a
2932 4464 3101 4517 'nobis
3145 4472 3299 4516 antea
3351 4463 3556 4532 integre
3603 4460 3893 4529 producto:

709 4569 887 4629 queat,
915 4560 1172 4611 maxiuas
1199 4573 1208 4586 ·
1253 4628 1259 4629 ί
1285 4571 1476 4607 auram
1505 4569 1700 4606 numen
1729 4555 1899 4606 sentio
1929 4565 2105 4617 tuum,
2147 4570 2257 4622 quo

712 4651 959 4732 perfusus
989 4645 1224 4700 Caietani
1250 4628 1426 4696 'vcrna
1472 4645 1616 4697 nullo
1650 4645 1868 4697 omnino
1911 4644 2111 4696 diluam
2165 4660 2259 4704 ne-

713 4742 874 4810 gotio.
922 4737 1243 4789 Evnlvamns
1277 4734 1483 4787 Leontii
1530 4732 1840 4799 Historiam,
1889 4733 2125 4802 illudque
2165 4751 2260 4787 ex-

713 4832 1025 4900 pendamus,
1058 4829 1334 4895 ecquando
1365 4826 1524 4894 312
1549 4827 1891 4894 imperatoris
1922 4840 2115 4878 nomen
2146 4826 2258 4892 pri-

715 4935 802 4989 mo
831 4919 1140 4986 prodiderit,
1170 4925 1227 4967 ut
1254 4917 1465 4970 tandem
1501 4916 1625 4967 illud
1654 4923 1848 4983 pateat,
1875 4931 2033 4982 quam
2059 4916 2260 4983 impro-

715 5013 778 5062 be
808 5010 1090 5061 Caictttnus
1115 5023 1179 5060 ex
1203 5023 1264 5059 eo
1292 5010 1644 5069 contenderit,
1667 5007 1986 5074 Gregorium
2017 5016 2257 5061 nostrum

715 5104 930 5160 duxisse
954 5117 1121 5177 aevum
1166 5100 1267 5154 sub
1291 5097 1588 5151 Iustiniano
1619 5097 1656 5150 I.
1708 5098 1849 5152 Sane
1883 5100 2256 5166 imperatorem

715 5195 888 5260 primo
925 5194 1104 5243 laudat
1125 5189 1399 5250 Leontius,
1435 5190 1595 5240 tacito
1630 5196 1804 5240 tamen
1844 5192 2062 5247 nomine
2090 5229 2103 5250 ,
2138 5204 2257 5241 cum

717 5281 904 5335 scribit
930 5299 941 5332 :
973 5280 1100 5331 Inde
1125 5288 1237 5346 post
1269 5281 1466 5346 aliquot
1494 5279 1602 5330 dies
1631 5295 1720 5346 per
1752 5276 2148 5331 Constantinum
2176 5296 2260 5347 pe-

718 5373 798 5427 tiit
843 5368 1202 5437 (Gregorius)
1235 5368 1296 5420 ab
1333 5370 1747 5437 archiepiscopo,
1801 5378 1853 5419 ut
1883 5369 2046 5432 ipsum
2085 5371 2262 5436 fausta

717 5469 957 5530 precatus
999 5461 1279 5516 dimitteret
1315 5475 1332 5509 :
1382 5461 1424 5511 is
1468 5477 1582 5512 vero
1614 5459 1917 5528 Gregorium
1955 5463 2262 5517 accersitum

721 5561 887 5617 rogat,
925 5563 1218 5616 exspectare
1250 5552 1366 5602 velit
1404 5549 1829 5617 aliquantulum:
1873 5551 2134 5602 inimicum
2171 5537 2275 5601 Iw—I

721 5637 910 5690 minent
943 5637 994 5688 in
1025 5636 1188 5688 medio
1225 5637 1385 5688 tritici
1415 5636 1682 5689 cat/colica:
1713 5636 1957 5689 Ecclesia:
1988 5639 2265 5690 seminasse

728 5727 931 5792 aizania
960 5726 1265 5780 :mandassc
1287 5728 1577 5794 piissimum
1610 5729 1990 5806 imperatorem,
2023 5739 2077 5780 ut
2113 5728 2264 5782 colle-
2301 5717 2306 5722 ‘

2359 4548 2602 4622 Ἐγένετο
2622 4554 2898 4622 οἰκονομία
2923 4556 3071 4621 παρὰ
3097 4553 3190 4606 τοῦ
3222 4553 3486 4621 βασιλέως
3520 4544 3881 4603 Ὶωστινιανοῦ

2359 4647 2415 4696 ὲν
2443 4648 2507 4713 τῇ
2537 4646 2664 4713 ἁγίᾳ
2687 4645 2817 4714 ἕκτῃ
2848 4644 3064 4713 συνόδῳ.
3099 4645 3226 4698 Inde
3257 4645 3314 4696 Iit
3342 4642 3734 4705 Iustinianum,
3761 4647 3893 4692 ante-

2354 4733 2518 4803 quam
2565 4735 2803 4802 synodus
2836 4723 3238 4796 dimitterctur,
3277 4721 3389 4801 jam
3425 4729 3700 4799 Augustali
3738 4743 3892 4781 orna-

2360 4836 2471 4879 tum
2501 4824 2788 4893 dignitate,
2822 4823 2874 4875 in
2907 4822 3063 4889 cujus
3092 4823 3317 4891 gratiam
3368 4821 3684 4876 Constantia
3709 4817 3889 4889 Cypri,

2361 4914 2681 4967 Inetiniauae
2731 4913 2843 4965 sive
2872 4911 3320 4980 IuStinianopolis
3356 4927 3508 4964 nova:
3531 4921 3684 4965 nacta
3708 4921 3891 4962 nomen

2361 5002 2545 5057 eadem
2585 5003 2634 5054 in
2668 5001 2889 5071 synodo.
2918 5001 3088 5069 Negat
3127 5002 3228 5055 hoc
3255 4999 3592 5068 Nicephorus
3630 5001 3716 5052 lib.
3758 5012 3890 5056 xvu.

2362 5108 2480 5160 cap.
2519 5091 2587 5144 28
2639 5092 2707 5146 II.
2741 5091 2806 5144 E.
2835 5136 2847 5154 ,
2893 5095 2980 5160 qui
3033 5093 3098 5142 ab
3129 5089 3433 5143 Iustiniano
3479 5089 3498 5142 I
3544 5105 3729 5144 nomen
3775 5086 3892 5140 illud

2364 5185 2780 5253 partumfscribit
2806 5184 3024 5236 honoris
3047 5198 3175 5250 ergo
3203 5182 3498 5237 Theodorus
3524 5184 3723 5241 uxoris,
3743 5192 3892 5246 quam

2362 5274 2801 5343 domo'Cypriam
2835 5271 3094 5339 perhibet.
3137 5269 3332 5329 Verum
3365 5280 3470 5328 non
3507 5287 3573 5329 ea
3604 5265 3698 5321 v‘iri
3721 5275 3895 5320 aucto-

2365 5367 2513 5428 ritas,
2569 5374 2628 5422 ut
2659 5365 2735 5415 vel
2767 5363 3010 5430 ingratiis
3047 5377 3334 5422 assensum
3368 5378 3414 5414 va
3448 5377 3536 5415 me
3564 5367 3890 5428 extorqueat.

2363 5457 2448 5508 Ait
2490 5455 2604 5515 ille,
2639 5453 3001 5524 Conatantim,
3034 5453 3176 5520 quod
3219 5451 3521 5511 Theodorus
3556 5453 3686 5519 Aug.
3734 5461 3893 5501 cunas

2363 5546 2654 5615 prmbuerit
2675 5584 2687 5606 ,
2729 5545 2866 5597 idem
2898 5547 3211 5602 usuvenisse
3235 5585 3250 5607 ,
3299 5558 3463 5610 atque
3495 5541 3709 5600 Achridi
3735 5536 3893 5593 Iusti-

2366 5636 2511 5689 niani
2551 5635 2687 5703 Aug.
2721 5634 2926 5701 patriai,
2952 5631 3390 5702 archiepiscopal'i
3419 5632 3624 5686 scilicet
3655 5626 3889 5683 all’ectam

2366 5725 2622 5795 dignitate
2665 5723 2729 5781 ab
2761 5721 3062 5778 Iustiniano
3093 5722 3144 5787 Iv,
3185 5723 3324 5793 quod
3359 5720 3638 5777 manifeste
3675 5716 3894 5779 (³1³ηωί
