4032 6334
73 339 214 406 1213

1328 343 1331 350 ’
1441 371 1968 435 θιδδΕ-ιιΤΑτιΟ.
2002 385 2008 391 ·

3157 381 3298 451 1214

69 459 405 570 ξξίξιξωξο
457 477 590 570 ante
615 480 882 570 .lenipore
919 474 1254 535 Constantia:
1303 485 1644 553 metroyolita
1675 496 1719 550 Α
1752 504 1873 543 nem
1899 483 1969 542 atl
1993 487 2288 545 Iustiniani
2314 488 2598 560 [tempora
2620 495 2909 565 elevantis,
2929 509 3106 570 opera:
3125 507 3307 552 tamen
3335 487 3346 497 ’

69 549 448 620 αὐτυγέςραλος
479 561 921 634 archiepiscopus.
946 569 1218 632 audierit,
1250 573 1393 640 quod
1424 589 1454 629 a
1486 549 1647 630 nobis

70 641 534 708 demonstratum.
565 650 618 705 Si
643 653 905 722 lapsusin
934 659 1018 712 via
1040 660 1360 730 tam’plana,
1384 666 1514 734 quid
1547 667 1649 721 ini-

70 744 214 798 rum,
248 737 342 791 ubi
371 741 636 823 salebra?
657 744 841 817 Neque
864 749 1064 806 desunt
1092 752 1316 820 imlicia,
1343 772 1464 825 qua:
1487 757 1647 816 Nicer

67 826 228 896 phori
265 830 750 893 liallucinationem
777 840 1054 911 detegant.
1081 843 1368 900 Enimvero
1406 856 1516 903 tres
1545 863 1646 902 nu-

72 931 360 977 merantur
380 922 700 984 Iustiniana:
735 951 748 985 :
778 933 996 999 Achris,
1019 950 1138 1002 quae
1167 934 1187 988 l
1213 977 1229 1000 ,
1268 935 1500 1010 Cyprus,
1531 939 1647 994 sive

71 1010 429 1082 Constantia,
477 1033 600 1086 quae
651 1021 728 1088 ll,
792 1021 1064 1094 Carthago
1095 1067 1111 1092 ,
1166 1043 1286 1095 quae
1326 1023 1438 1096 111ζ
1471 1045 1645 1100 eoque

73 1101 264 1192 ordine
320 1120 353 1160 a
407 1105 648 1180 Georgio
692 1111 903 1175 Codino
950 1127 1335 1186 percensentnr
1375 1137 1397 1172 τι
1446 1120 1640 1192 Πρώτη

73 1189 446 1288 'looatwtavii
476 1201 670 1272 ’Λχρις
694 1204 987 1288 (δμτυτέρα
1015 1209 1048 1278 ἡ
1080 1208 1326 1280 Κύπρος,
1355 1211 1450 1264 καὶ
1483 1189 1666 1282 ’έρίττέΔ

72 1283 104 1352 ἡ
147 1283 478 1358 Καρχηδὼν.
521 1293 808 1355 Achridem
830 1339 846 1362 ,
878 1306 932 1352 et
958 1286 1338 1371 Carthaginem
1371 1303 1438 1356 ab
1474 1301 1642 1359 Iusti-

74 1376 237 1433 niano
281 1381 298 1434 l
349 1397 550 1437 novum
595 1386 905 1444 obtinuisse
961 1406 1170 1447 nomen'
1220 1401 1366 1462 patet
1414 1409 1478 1450 ex
1524 1397 1642 1465 ejus

73 1468 249 1522 novel.
285 1487 365 1534 si,
393 1472 577 1528 collat.
609 1475 665 1540 2,
701 1493 755 1534 n.
789 1478 843 1543 6,
877 1486 991 1534 tum
1018 1496 1084 1535 ex
1108 1480 1200 1536 lib.
1235 1498 1286 1546 ι,
1327 1499 1378 1539 c.
1408 1484 1486 1538 De
1509 1486 1639 1553 ofﬁc.

73 1559 222 1628 pref.
255 1563 614 1651 prin-Afr:
647 1554 770 1620 .Lis
820 1566 986 1638 igitur
1033 1570 1101 1625 de
1150 1587 1255 1626 una
1301 1555 1636 1630 Constantia.

75 1651 232 1720 Atqui
262 1669 390 1708 cum
423 1654 535 1726 haec
578 1656 770 1712 or'dine
798 1661 1010 1716 dicatur
1049 1660 1086 1716 2
1109 1700 1125 1726 ,
1166 1677 1287 1718 cum
1330 1679 1361 1718 a
1391 1662 1640 1720 Pstribns

77 1757 124 1796 vt
151 1745 349 1815 synodi
387 1763 523 1802 nova
553 1751 858 1819 appellatur
883 1751 1199 1815 Iustiniana
1226 1771 1351 1811 can.
1383 1757 1472 1820 59,
1499 1756 1639 1811 ὥστε

1749 579 1978 647 pretium
2017 579 2286 635 {acturum
2321 596 2408 636 me
2437 583 2600 646 duco,
2638 585 2685 638 si
2729 585 2958 654 reliqua,
2995 600 3117 664 qua
3146 586 3304 642 Caie-

1751 678 1880 724 tano
1911 669 2162 740 opposui,
2199 671 2334 730 mihi
2366 687 2472 727 non
2511 689 2663 743 seque
2695 674 2916 730 adversa
2954 677 3304 736 ostenderim.

1746 761 1924 830 Atque
1951 763 2194 846 omnium
2221 763 2457 832 primum
2475 765 2844 832 characterem
2869 766 3018 822 illum
3037 766 3185 832 feria:
3203 783 3300 837 yn,

1671 904 1676 909 .
1746 867 1854 921 quo
1888 853 2114 923 insignis
2146 854 2263 909 dies
2312 855 2371 908 11
2421 855 2790 925 Septembris,
2828 872 2968 912 tcum
3011 856 3301 926 Gregorium

1734 942 1916 1010 Roma
1949 935 2117 998 redux
2150 944 2202 998 in
2230 944 2704 1015 Agrigentinorum
2739 947 3042 1016 emporium
3073 951 3298 1016 appulit,

1745 1049 1926 1090 causae
1965 1044 2165 1090 nostra;
2211 1044 2543 1090 momentum
2580 1036 2776 1091 addere
2818 1052 2926 1092 non
2977 1039 3108 1100 leve,
3156 1029 3303 1093 deleo,

1743 1143 1902 1197 gam;
1945 1141 2176 1197 eamque
2204 1128 2277 1182 oh
2309 1143 2530 1184 causam
2570 1143 2768 1182 novum
2804 1128 3085 1186 instituam
3124 1130 3302 1188 Cano-2

1744 1233 1866 1273 nem
1901 1220 1969 1292 ab
2000 1233 2145 1273 anno
2175 1217 2302 1281 682,
2334 1218 2387 1272 in
2433 1234 2544 1289 quo
2585 1219 2790 1288 primus
2837 1214 3300 1276 absolvitur‘Gre-

1743 1309 1880 1379 gorii
1935 1298 2284 1380 pontiﬁcatus
2344 1324 2556 1372 annus,
2616 1310 2682 1362 ad
2718 1309 2871 1369 711,
2925 1309 3016 1378 qui
3076 1310 3304 1366 ultimus

1741 1400 2034 1456 Iustiniani
2078 1401 2122 1454 ll
2169 1404 2328 1471 Aug.,
2368 1401 2424 1455 in
2455 1414 2630 1470 eoque
2669 1409 2923 1465 statuam,
2958 1416 3079 1473 quae
3102 1415 3297 1470 ριόροιε

1742 1495 1850 1548 sito
1882 1504 2072 1548 nostro
2105 1493 2434 1548 conducant.
2826 1519 2834 1524 -
3021 1503 3036 1513 ‘

1811 1587 1911 1639 An.
1947 1587 2073 1641 Chr.
2105 1606 2114 1618 κ
2623 1648 2634 1655 ,
3232 1647 3238 1652 ,

1811 1676 1932 1733 682.
1976 1677 2183 1732 Desinit
2220 1679 2434 1747 Agatho
2478 1677 2540 1731 P.
2590 1676 2660 1732 M.
2692 1677 2780 1732 die
2826 1677 2894 1730 19
2923 1675 3298 1732 ΙδηιιπίἰῸθεο

1743 1769 1958 1838 ruitque
2010 1769 2256 1825 Romana
2301 1769 2541 1825 Ecclesia
2607 1784 2926 1826 successore
2973 1784 3172 1822 annum
3235 1769 3296 1831 l,

74 1830 165 1930 Ϊην
208 1832 343 1903 νέαν
397 1834 934 1893 ’Ῑουπινιανούπολιν
984 1843 1045 1896 τὸ
1094 1844 1301 1900 δίκαιον
1362 1845 1502 1916 ἔχειν
1544 1847 1642 1916 τῆς

1744 1877 1819 1916 m.
1853 1830 1984 1926 7-,d.
2042 1863 2097 1917 5.
2143 1858 2376 1930 (Anast.
2430 1858 2685 1915 Biblioth.
2737 1861 2790 1915 in
2840 1862 3057 1929 Agatli.,
3109 1830 3300 1914 auctor

75 1921 487 1979 Κωνσταντινου
497 1926 703 1993 πόλεως
722 1973 737 1997 ,
769 1942 826 1985 ιιι
852 1949 983 1987 nova
1005 1932 1318 1990 Justirn’ana
1334 1936 1430 2006 jus
1452 1937 1641 1991 habeat

34 2014 40 2020 '
79 2009 564 2086 Constantinopolis
587 2059 602 2084 ,
638 2035 745 2074 non
777 2021 1053 2078 immerito
1091 2024 1219 2079 hinc
1251 2027 1508 2092 coniicio,
1541 2027 1642 2082 Iu-

77 2104 366 2172 stinianam
389 2104 596 2175 dictam
616 2110 996 2177 Constantiam
1015 2116 1083 2173 ab
1105 2115 1414 2185 Iustiniano
1436 2100 1503 2189 li,
1533 2135 1641 2176 non

80 2195 117 2251 Ι.
147 2197 203 2257 Si
232 2200 442 2264 enima
462 2201 505 2266 1,
539 2203 685 2263 haud
717 2221 913 2263 novam
943 2207 1090 2261 illam
1124 2219 1407 2265 vocassent
1427 2212 1639 2266 concilii

79 2287 296 2356 Patres,
329 2293 554 2362 quando
581 2309 700 2350 eam
742 2298 933 2352 ordine
968 2301 1299 2368 sequebatur
1325 2301 1596 2371 Carthago
1623 2342 1638 2368 ,

79 2394 192 2448 quae
219 2396 348 2437 vere
366 2385 532 2451 nova,
568 2384 838 2454 siquidem
891 2388 1206 2444 Constantio
1237 2391 1306 2451 ab
1330 2390 1641 2446 Iustiniano

78 2470 492 2538 ldenominata.
535 2475 690 2542 Quod
731 2477 896 2548 igitur
939 2480 1131 2549 synodi
1171 2497 1220 2535 vr
1269 2481 1464 2544 Patres
1495 2483 1638 2537 Con—

78 2553 325 2630 stantiam
357 2567 544 2622 dicant
571 2568 698 2622 véav
730 2569 1273 2640 ‘Iooortvrauotimltv
1314 2561 1637 2644 argumento

80 2667 192 2721 est,
229 2673 435 2714 novum
478 2659 611 2714 illud
664 2658 836 2716 fuisse
865 2677 1100 2729 nomen,
1143 2681 1252 2733 quo
1285 2674 1396 2719 tum
1442 2667 1640 2721 donata

81 2748 394 2814 Constantia
420 2792 434 2817 ,
467 2766 696 2820 eamque
729 2751 936 2808 idcirco
974 2753 1270 2810 secundam
1300 2756 1501 2823 dictam
1529 2743 1637 2812 Iu-

84 2843 392 2908 stinianam,
409 2859 534 2914 qua:
557 2859 743 2898 revera
772 2846 1028 2914 temporis
1053 2857 1300 2918 respectu
1327 2852 1638 2921 tertia,quia

84 2935 247 3002 patria
289 2936 555 3008 Augusti,
618 2953 728 3006 quo
774 2939 1000 2992 nomine
1065 2943 1422 3010 praeponenda
1479 2941 1640 3007 fuerit

85 3026 415 3100 Carthagini.
441 3029 706 3085 incolumi
739 3038 992 3084 nianente
1025 3031 1244 3085 Acbridi
1271 3031 1589 3090 Iustinianze
1619 3036 1638 3089 l

86 3127 509 3190 nomenclatura,
540 3126 669 3196 quia
697 3125 990 3180 Iustiniani
1023 3128 1038 3180 1
1085 3128 1278 3196 patria.
1310 3127 1426 3182 Non
1459 3130 1632 3182 solum

88 3216 261 3284 igitur,
291 3217 437 3286 quod
462 3215 804 3271 Iustinianus
836 3215 880 3278 Il
899 3230 926 3268 a
959 3218 1153 3288 synodi,
1180 3235 1232 3270 vi
1259 3218 1506 3273 Patribus
1538 3237 1634 3274 vo-

93 3310 243 3384 luerit
280 3308 518 3364 dandam
567 3309 729 3379 Cypri
776 3309 1187 3379 arcliiepisc'otio
1237 3312 1638 3380 Hellespontum

91 3401 412 3468 provinciam
447 3416 571 3456 cum
611 3401 1013 3469 αὑτοκεφαλίας
1060 3403 1211 3475 jure,
1252 3404 1525 3469 ostendit,
1574 3420 1647 3459 eo.

91 3488 192 3547 tum
227 3493 606 3564 temporejam
639 3494 946 3573 Augustum
980 3496 1277 3551 salutatum
1314 3497 1464 3551 illum
1489 3539 1503 3560 ,
1545 3499 1640 3552 sed

91 3587 243 3641 etiam
292 3587 437 3656 quod
489 3586 558 3640 ab
613 3586 806 3642 iisdem
862 3588 1116 3643 Patribus
1169 3589 1267 3643 νέοι
1329 3590 1640 3643 Ἰουστινια-

93 3680 326 3744 νούπολις
355 3688 654 3750 usurpetur
681 3679 1003 3736 Constantia
1033 3723 1046 3744 .
1088 3697 1212 3737 cum
1241 3696 1380 3736 nova
1415 3682 1644 3740 urbibus

98 3774 302 3828 nomina
348 3774 417 3828 ab
452 3772 718 3844 Augustis
751 3774 1176 3842 imponerentur.
1225 3775 1386 3829 Proin
1423 3789 1546 3828 cum
1588 3774 1640 3826 in

96 3865 442 3920 Anastasiana
475 3865 772 3932 Agathonis
817 3868 925 3920 vita
963 3866 1232 3935 legimus:
1285 3865 1375 3918 Ita
1422 3866 1644 3920 discidio

97 3955 289 4008 sublato
319 3955 585 4026 (loquitur
611 3969 740 4009 vero
764 3955 832 4009 de
857 3957 1021 4011 rebus
1046 3957 1099 4009 in
1131 3944 1339 4027 synOdo
1363 3955 1642 4023 Trullana,

99 4045 189 4099 hoc
215 4057 294 4101 ρει
325 4063 378 4100 vr
411 4046 748 4100 meumenica
775 4047 941 4116 gestis
966 4049 984 4117 )
1053 4047 1294 4118 civilique
1323 4048 1460 4101 inter
1487 4047 1645 4102 Chri-

99 4137 281 4194 stianos
303 4138 435 4193 bello
467 4141 774 4208 composito,
798 4139 1030 4193 Joannes
1053 4142 1320 4209 episcopus
1344 4137 1646 4193 Parmensis

100 4228 173 4282 die
194 4228 481 4295 Paschate,
531 4246 706 4283 coram
762 4230 994 4299 principe
1037 4230 1302 4301 313cc
1337 4230 1649 4291 Patriarcha

102 4322 148 4370 in
190 4317 419 4374 Ecclesia
453 4320 622 4375 beata:
676 4319 887 4389 Sophia:
937 4322 1149 4373 missam
1211 4320 1374 4374 latine
1424 4319 1649 4374 celebrat

101 4413 318 4468 omnibus
347 4413 764 4467 acclamantibus
791 4414 1251 4482 piissimarumque
1295 4413 1478 4465 laudes
1514 4429 1650 4481 pra:-

72 4506 419 4570 .tlicantibus;
472 4505 639 4559 hosce
693 4502 967 4574 Augustos
1012 4505 1237 4559 omnino
1298 4505 1647 4585 interpretere
1687 4539 1727 4592 Β

103 4595 505 4656 Constantinum
525 4607 758 4668 patrem,
778 4604 831 4651 et
868 4594 1239 4673 IuStinianum
1269 4598 1460 4661 tilium,
1492 4598 1582 4665 qui
1619 4613 1649 4651 a

107 4697 245 4755 patre
299 4689 522 4760 imperii
573 4689 781 4758 collega
833 4689 1177 4743 renuntiatus
1207 4728 1220 4751 ,
1280 4691 1333 4745 in
1383 4692 1646 4757 privatam

108 4782 251 4845 vitam
276 4783 483 4839 abactis
507 4780 756 4836 Heraclio
810 4791 864 4836 et
887 4780 1108 4836 Tiberio
1157 4779 1439 4834 fratribus.
1470 4780 1650 4846 Quare

109 4874 233 4941 quod
268 4875 542 4931 Caietanaa
575 4872 860 4933 sententia:
898 4872 1272 4927 ﬁrmissimum
1304 4881 1422 4926 erat
1450 4872 1647 4926 funda-

111 4973 329 5018 mentum
353 5006 368 5032 ,
402 4965 562 5034 plane
618 4962 872 5031 corruit,
914 4977 1036 5015 cum
1065 4960 1404 5015 Iustinianus
1433 5001 1447 5023 ,
1489 4977 1650 5030 quem

112 5058 358 5126 praecipue
410 5051 660 5112 nominat
695 5055 956 5110 Leontius
993 5065 1046 5109 et
1077 5053 1474 5123 Metaphrastes
1496 5095 1508 5117 ,
1544 5069 1652 5106 non

113 5161 316 5218 magnus
361 5151 453 5205 ille
494 5149 774 5205 habendus
803 5189 817 5210 ,
868 5149 968 5203 sub
1017 5163 1127 5216 quo
1179 5146 1570 5203 met-manicum
1612 5142 1652 5199 ’γ

113 5242 378 5298 concilium
415 5251 708 5306 coactum,
746 5241 839 5297 sed
879 5238 1224 5296 Constantini
1261 5237 1519 5308 Pogonati
1554 5238 1612 5292 F.
1636 5278 1651 5302 ,

115 5345 210 5399 quo
251 5336 300 5390 in
357 5334 511 5406 regni
553 5335 892 5389 consortium
947 5349 975 5387 a
1022 5341 1175 5402 patre
1221 5346 1411 5386 recens
1463 5339 1656 5387 vocato

117 5437 286 5484 magna
311 5427 555 5502 synodus
582 5441 633 5481 vI
667 5425 934 5481 confecta.

177 5514 348 5573 XXIX.
388 5519 710 5590 Quanquam
760 5517 914 5587 plura
956 5532 1061 5570 non
1096 5514 1493 5573 desiderantur,
1549 5525 1656 5579 quo

124 5603 300 5672 liqueat
323 5613 603 5675 omnibus,
634 5609 952 5680 Gregorium
981 5608 1084 5662 sub
1112 5606 1418 5660 Iustiniano
1446 5603 1488 5657 ll
1514 5597 1658 5656 Con-

129 5682 322 5756 stantini
351 5705 525 5774 patris
554 5685 761 5773 colle’ga
789 5717 838 5755 vn
875 5700 1080 5772 synodo
1111 5698 1459 5754 mcumcnica:
1489 5697 1656 5749 inter-

133 5788 296 5866 iuisse,
321 5810 496 5866 eoque
525 5794 750 5850 omnino
770 5791 1159 5866 cxplodcndam
1187 5788 1427 5844 Caietani
1451 5789 1657 5860 opinio-

1742 1939 1942 2006 Chron.
1988 1951 2353 2019 Fossatnorae,
2391 1968 2705 2026 quanquam
2751 1961 2896 2008 erret
2929 1953 2979 2004 in
3008 1951 3300 2006 'emortuali

1742 2055 1884 2097 anno
1914 2034 2270 2111 designanda,
2303 2042 2441 2112 alii.)

1810 2132 1935 2187 685.
1971 2129 2082 2186 Leo
2111 2130 2157 2185 ll
2195 2130 2413 2186 Siculus
2450 2130 2510 2184 P.
2558 2129 2628 2184 Μ.
2663 2138 2879 2204 creatur
2908 2128 3091 2182 dielo
3130 2130 3293 2198 Aug.,

1740 2223 1832 2294 qui
1873 2222 2244 2296 pontiﬁcatum
2288 2223 2453 2293 gessit
2496 2237 2569 2276 ιιι.
2619 2221 2708 2288 10,
2748 2221 2804 2280 tl.
2857 2221 2944 2276 18.
2977 2221 3204 2291 (Anas‘t.
3239 2219 3293 2272 in

1741 2314 1933 2383 Leon.)
3005 2337 3016 2346 ν

1811 2405 1935 2460 681.
1976 2406 2085 2462 Leo
2119 2405 2158 2459 ll
2192 2407 2307 2461 obit
2336 2405 2406 2460 28
2441 2406 2610 2471 Iunii,
2655 2406 2743 2462 cui
2788 2405 3032 2486 succedit
3061 2411 3183 2473 post
3211 2402 3294 2456 in-

1740 2499 2156 2566 terpontilicium
2199 2496 2467 2552 mensium
2507 2499 2562 2561 5,
2608 2498 2664 2552 d.
2732 2500 2817 2564 l8,
2869 2497 3189 2552 Benedictus
3232 2494 3292 2548 ll.

1741 2588 1966 2658 uitem.)
1991 2636 1993 2639 .

1810 2681 1934 2734 685.
1963 2679 2193 2746 Moritur
2223 2679 2548 2735 Benedictus
2579 2677 2622 2732 ll
2655 2680 2719 2734 15
2747 2679 2948 2747 Martii,
2973 2679 3129 2750 eique
3153 2677 3295 2732 solli-

1739 2772 1878 2835 citnr
1904 2771 2148 2830 Ioannes,
2172 2770 2236 2832 ν,
2265 2770 2335 2825 25
2363 2769 2513 2825 Julii.

1808 2863 1936 2932 686.,
1985 2862 2200 2917 Discedit
2255 2858 2496 2926 Ioannes
2549 2858 2614 2923 γ,
2675 2859 2740 2913 15
2792 2859 2927 2928 Aug.
2983 2859 3295 2927 Composito

1739 2952 1975 3022 partium
2011 2951 2240 3005 dissidio
2281 2949 2657 3019 pontiﬁcatum
2702 2947 2802 3009 init
2847 2947 3037 3001 Conon
3078 2945 3296 3001 Siculus

1738 3044 1815 3113 21-
1841 3040 2112 3105 Octobris.
3111 3069 3124 3080 .

1809 3133 1932 3192 687.
1977 3132 2119 3191 Vixit
2154 3132 2340 3188 Conon
2379 3147 2548 3199 usque
2579 3130 2763 3191 ad}?
2807 3127 3172 3197 Septembris,
3202 3141 3298 3179 ex-

1740 3225 2048 3294 stinct‘oque
2109 3223 2398 3279 schismate
2442 3220 2503 3276 P.
2555 3221 2623 3274 M.
2677 3218 3014 3278 renuntiatur
3051 3215 3297 3287 Sergius

1740 3317 2158 3375 Panormitanus
2193 3315 2261 3369 18
2301 3313 2631 3368 Decembris.

1809 3403 2021 3461 688..

1810 3497 1933 3564 68.9.
2005 3534 2021 3551 .
2136 3537 2150 3551 .
2263 3535 2279 3562 .

1812 3586 2659 3643 690.......

1739 3715 1753 3725 -
1812 3679 1936 3736 69l.
1973 3679 2156 3736 Mense
2203 3677 2420 3742 Octobri
2471 3675 2698 3742 Romam
2746 3671 2964 3740 navigat
3009 3669 3307 3740 Gregorius.

1745 3775 1917 3841 stupri
1949 3771 2181 3834 delatus,
2233 3771 2293 3822 Ρ.
2325 3767 2465 3847 nias.
2500 3765 2766 3834 judicium
2804 3763 3108 3825 subiturus,
3137 3776 3303 3829 quam

1746 3865 2026 3934 ingressus
2068 3858 2361 3924 Novembri
2397 3872 2606 3920 mense,
2657 3856 2840 3925 ibique
2871 3855 3055 3909 statim
3093 3853 3146 3907 in
3179 3869 3298 3907 car-
3333 3849 3351 3865 '

1746 3967 1898 4009 ceres
1928 3950 2213 4021 conjicitur
2244 3965 2274 4003 a
2306 3947 2540 4019 Sergio,

1815 4043 1940 4098 692.
2006 4083 2020 4096 .
2135 4081 2148 4094 .
2260 4082 2274 4094 .

1819 4224 1941 4280 694.
1982 4224 2052 4279 20
2093 4223 2324 4291 Aprilis,
2377 4224 2482 4278 hoc
2535 4233 2618 4285 est
2670 4220 2931 4289 postridie
2986 4218 3262 4272 Paschalis
3286 4257 3314 4298 ,_

1751 4318 1983 4372 concilio
2014 4317 2225 4371 sistitur
2253 4313 2568 4385 Gregorius,
2602 4313 2926 4381 cognitaque
2955 4325 3114 4362 cansa
3149 4311 3310 4367 inno-s

1751 4425 1881 4466 cens
1908 4403 2203 4478 iudicatur,
2241 4409 2362 4461 inde
2397 4407 2509 4460 abit
2544 4403 3095 4472 Constantinopolim.

1822 4500 1946 4556 695.
1986 4499 2202 4570 Peragit
2252 4497 2457 4572 Pascha
2487 4494 2994 4559 Constantinopoli;
3037 4493 3163 4547 hinc
3200 4490 3311 4545 Ro-

1756 4604 1896 4642 mam
1913 4586 2162 4653 discedit,
2178 4602 2284 4655 quo
2300 4587 2543 4652 pervenit
2560 4582 2789 4639 20mm.
2809 4582 3044 4636 Tandem
3061 4582 3125 4635 ad
3145 4582 3311 4636 eccle-

1755 4680 1888 4733 siam
1910 4694 2061 4734 suam
2082 4677 2464 4747 proliciscitur,
2489 4676 2707 4745 adpellit
2727 4676 2791 4728 ad
2817 4676 3169 4744 Acragantem
3207 4673 3315 4733 ilus

1750 4772 1893 4822 vium
1912 4769 1976 4822 10
1994 4765 2616 4835 Septembris,postridie
2640 4764 2750 4819 abit
2767 4765 2817 4817 in
2834 4763 3317 4834 Agrigentinorum

1750 4862 2072 4929 emporium,
2106 4861 2248 4929 quod
2286 4859 2467 4928 attigit
2497 4848 2802 4911 eatlemmet
2830 4856 2938 4920 die,
2978 4853 3110 4910 feria
3144 4864 3237 4908 vn;

1821 4953 1932 5009 Hoc
1960 4969 2103 5008 anno
2131 4952 2472 5006 Justinianus
2513 4949 2552 5001 ll
2585 4950 2723 5019 Aug.
2777 4963 2943 5018 regno
2993 4949 3210 5030 pellitur
3246 4944 3317 5002 ab

1751 5047 1998 5108 Leontio,
2032 5059 2216 5099 mense
2240 5043 2405 5098 Iulio.
2439 5039 2747 5112 (TheOph.)

1824 5141 1947 5195 696.
2005 5177 2022 5193 .

1823 5234 1944 5288 697.
2010 5273 2022 5286 .
2141 5268 2156 5284 .
2271 5272 2283 5284 .
2378 5251 2414 5282 '.
2527 5265 2544 5281 .
2659 5265 2674 5278 .
2785 5248 2802 5279 ‘.
2918 5259 2944 5288 0‘
3041 5262 3056 5276 .
3170 5265 3184 5277 .
3296 5267 3313 5281 .

1822 5322 1948 5378 698.
1987 5321 2306 5395 Absjmarus
2349 5317 2604 5374 Tiberius
2654 5315 2820 5385 ΑυεὟ
2843 5325 3030 5369 exacto
3062 5313 3313 5370 Leontio.

1756 5415 1979 5487 (Idem)

1825 5507 1947 5562 699.
2011 5547 2025 5562 .

1825 5597 1948 5650 700.
2010 5636 2024 5648 .

1829 5691 1948 5744 70l.
1984 5691 2208 5761 Sergius
2235 5687 2297 5742 Ρ.
2327 5687 2468 5742 Max.
2492 5703 2522 5742 e
2547 5688 2684 5743 vivis
2714 5685 2926 5743 excedit
2956 5684 3022 5740 “29
3047 5681 3298 5738 Octobris

1759 5784 1915 5854 ciquc
1953 5783 2280 5852 subrogatur
2314 5778 2545 5835 Ioannes
2577 5778 2654 5851 Vl
