4032 6334
705 370 839 435 1215

650 550 655 555 ,
768 479 893 533 702.
963 515 977 530 .

772 569 899 624 705.
961 606 977 622 .

773 659 1107 723 70L,-.
1222 666 1746 716 ..’...
1862 695 2005 713 ι.
2119 697 2133 713 .

773 748 895 807 705.
930 745 1172 802 Joannes
1216 746 1434 805 Vl‘fato
1476 745 1720 818 fungitur
1768 748 1799 801 7
1843 748 2130 817 Januarii,
2175 750 2264 806 cui

701 839 827 899 Kal.
860 838 1067 897 Martiis
1099 840 1343 894 succedit
1372 837 1613 897 Joannes
1644 837 1755 896 γιι.

771 929 1125 1003 Justinianus
1152 928 1192 982 ll
1228 930 1422 989 iterum
1454 943 1663 1000 regnat.
1704 958 1705 961 η

772 1020 2007 1078 706...-.......

614 1096 618 1101 ’
720 1096 723 1097 7
775 1112 877 1166 707
937 1109 1186 1180 Joannes
1213 1109 1305 1164 Yll
1337 1120 1571 1170 mortem
1600 1110 1711 1164 obit
1751 1109 1816 1163 l7
1849 1109 2103 1167 Octobris
2132 1131 2144 1169 :
2177 1112 2266 1169 die

700 1205 953 1272 sequenti
984 1219 1273 1260 successor
1300 1203 1521 1272 eligitur
1552 1202 1827 1267 Sisinnus,
1867 1205 1960 1270 qui
1989 1190 2266 1260 hominem

703 1295 851 1347 exuit
881 1295 946 1348 l6
975 1293 1334 1359 Novembris;
1380 1302 1492 1347 tum
1537 1291 1606 1347 25
1650 1290 1956 1350 υέἷεθωὺνίε
1992 1293 2263 1354 Constan-

703 1384 853 1439 tinus
886 1384 946 1439 P.
980 1383 1051 1438 Μ.
1088 1386 1375 1440 salutatur.

780 1557 904 1614 709.
968 1601 983 1615 .
1094 1601 1108 1615 .

725 1671 731 1678 δ
776 1651 898 1707 710.
956 1650 1350 1709 Constantinus
1402 1654 1644 1724 pontifex
1702 1655 1901 1726 migrat
1950 1654 2267 1712 Constanti-

705 1745 966 1815 nopolim.
2262 1751 2271 1757 '

1092 612 1106 623 ο
1216 603 1229 621 d‘
1343 606 1360 621 ο
1473 606 1488 624 ι
1601 607 1615 624 ο
1730 605 1746 623 ο
1860 608 1874 623 ι
1987 607 2003 624 ι
2117 612 2129 624 ο
2242 607 2261 626 ι

778 1835 900 1891 7H.
941 1835 1084 1891 Idem
1114 1834 1340 1905 Romam
1369 1838 1674 1906 regreditur
1701 1836 1772 1891 24
1797 1837 2066 1894 Octobris.
2096 1836 2267 1907 liuius
2299 1827 2337 1882 Β

704 1927 832 1978 anni
870 1927 1022 1979 exitu
1046 1965 1060 1991 ,
1103 1913 1189 1981 vel
1230 1928 1523 1996 sequentis.
1558 1929 1715 1984 initio
1747 1927 2089 1986 Justinianus
2122 1930 2261 2000 Aug.

703 2016 993 2073 occiditur.

776 2106 944 2161 XXX.
977 2109 1134 2167 Nunc
1160 2107 1215 2161 in
1248 2109 1564 2163 memoriam
1597 2120 1903 2175 revocetur,
1934 2110 2081 2181 quod
2106 2119 2265 2165 antea

707 2200 973 2263 diximus,
1004 2199 1326 2269 Gregorium
1359 2215 1575 2255 menses
1607 2202 1899 2255 admodum
1932 2203 1963 2256 5
1985 2216 2147 2271 supra
2171 2215 2268 2255 an-

706 2306 811 2345 nos
843 2288 879 2343 2
913 2289 1100 2345 Romae
1149 2306 1179 2344 a
1220 2290 1479 2360 pontifice
1515 2291 1794 2345 detentum
1841 2291 2152 2347 carceribus
2200 2291 2270 2345 ob

708 2382 950 2435 delatum
985 2380 1164 2449 stupri
1206 2382 1325 2450 eius
1367 2396 1585 2437 nomen.
1617 2382 1776 2437 Certe
1810 2384 2051 2453 quidem,
2082 2397 2210 2438 cum
2238 2396 2269 2436 a

709 2475 976 2544 Gregorio
1005 2475 1343 2530 sciscitatum
1375 2474 1539 2529 fuerit
1568 2477 1638 2530 ab
1675 2476 1945 2547 episcopis
1981 2476 2187 2547 Cyzici,
2215 2483 2270 2531 et

711 2560 983 2629 Corinthi,
1008 2565 1101 2643 qui
1133 2564 1322 2621 Rome
1348 2566 1634 2642 aderanta
1659 2564 2270 2637 Constantinopolitano

719 2659 873 2714 missi
903 2656 1217 2726 patriarcha
1255 2655 1367 2726 juri
1408 2656 1645 2711 dicundo
1693 2656 1749 2709 in
1799 2654 2051 2726 Gregorii
2098 2656 2273 2727 ipsius

714 2761 905 2813 causa,
931 2757 1066 2817 quot
1090 2761 1268 2801 annos
1295 2746 1350 2799 in
1378 2746 1655 2815 ergastulo
1677 2747 2051 2816 transegisset,
2078 2746 2275 2806 fatetur

717 2839 807 2893 ille
837 2852 1013 2892 annos
1054 2837 1110 2902 ‘2,
1156 2851 1374 2891 menses
1411 2836 1465 2890 4.
1502 2834 1613 2891 Sed
1654 2843 1767 2907 tum
1808 2838 1985 2891 tamen
2020 2851 2051 2891 e
2089 2829 2276 2892 Sicilia

715 2927 1262 3008 delatores-nondum
1292 2928 1644 2994 advenerant,
1687 2928 1781 2998 qui
1825 2944 1932 2983 una
1976 2943 2101 2984 cum
2139 2913 2274 2984 Gre-

718 3022 873 3092 gorio
904 3021 959 3075 in
982 3020 1249 3092 judicium
1286 3020 1534 3077 vneandi.
1584 3023 1652 3076 At
1686 3036 1808 3076 cum
1834 3022 1951 3076 dies
1977 3020 2192 3076 tandem
2223 3029 2276 3076 et

719 3109 1002 3182 Gregorio,
1028 3123 1082 3168 et
1108 3112 1539 3176 accusatoribus,
1565 3121 1618 3166 et
1646 3104 1980 3167 mulief'culaa
1996 3154 2010 3176 ,
2041 3114 2273 3185 quacum
2302 3142 2344 3199 ο

724 3201 1029 3260 confictam
1068 3199 1434 3263 consuevisse,
1465 3198 1630 3263 dicta,
1671 3199 1813 3279 dicta
1862 3214 1989 3253 vero
2014 3198 2280 3267 postridie

722 3292 1031 3357 l'ascliatis,
1067 3289 1439 3361 impurissime
1469 3289 1569 3357 illa_
1594 3289 1810 3354 mulier,
1840 3304 1961 3358 qua:
1990 3288 2131 3343 malo
2170 3288 2280 3343 dai-

724 3395 881 3435 inone
920 3380 1164 3435 districta
1197 3380 1356 3450 paulo
1418 3387 1545 3435 ante
1586 3393 1753 3451 quam
1792 3379 2082 3451 Gregorius
2128 3378 2283 3449 Agri-

724 3484 884 3543 gento
931 3472 1166 3526 solveret
1226 3471 1455 3525 Romam
1506 3470 1907 3541 perducendus,
1946 3484 2174 3540 quaeque
2216 3484 2283 3524 eo

726 3564 845 3637 ipso
875 3561 984 3625 die,
1026 3576 1134 3629 quo
1179 3572 1232 3615 et
1279 3561 1604 3631 Gregorius,
1636 3571 1690 3615 et
1722 3562 2021 3624 delatores,
2069 3569 2125 3615 et
2166 3560 2282 3630 ipsa

698 3642 701 3643 ⁷
730 3656 868 3708 adeo
896 3653 1128 3706 concilio
1155 3650 1320 3722 314
1353 3652 1629 3716 adstitere,
1663 3652 1809 3707 fassa
1840 3654 2053 3707 tandem
2079 3652 2288 3707 calum-

729 3746 900 3807 niam,
936 3742 1183 3812 Gregorii
1222 3743 1473 3813 precibus
1510 3743 1620 3797 Deo
1657 3743 1852 3799 solutis
1881 3742 2123 3807 damone
2155 3742 2287 3796 libe-

674 3821 694 3838 ⁸
726 3843 903 3897 ratur,
938 3834 1160 3903 planum
1188 3833 1440 3888 omnibus
1463 3832 1612 3898 fecit,
1641 3848 1700 3888 se
1722 3824 1894 3888 annos
1913 3833 1967 3900 2,
1991 3847 2208 3887 menses
2229 3831 2285 3896 6,

732 3935 872 3980 tetro
915 3927 1072 3997 genio
1096 3936 1420 3993 correptam,
1447 3940 1554 3995 quo
1582 3936 1688 3979 tam
1715 3908 1942 3993 perditae
1972 3918 2293 3993 imposturte

732 4033 925 4085 poenas
956 4018 1146 4071 lueret.
1185 4016 1297 4083 Age
1329 4017 1529 4085 igitury
1568 4016 1613 4068 si
1661 4014 1817 4068 furiis
1854 4015 2054 4085 agitata
2090 4013 2287 4068 femina

738 4123 911 4161 annos
948 4106 1003 4168 2,
1048 4108 1258 4158 nienses
1301 4104 1354 4167 6,
1412 4105 1455 4158 si
1485 4114 1641 4173 capta
1677 4104 1780 4159 illis
1811 4104 1970 4174 paulo
2001 4114 2286 4173 antequam

734 4197 1031 4265 Gregorius
1058 4195 1283 4248 [inritam
1315 4194 1609 4269 navigaret,
1642 4196 1819 4248 exime
1853 4210 2091 4249 mensem
2122 4208 2287 4246 unum

736 4303 801 4340 ex
843 4302 959 4350 sex,
1018 4285 1110 4354 qui
1158 4284 1289 4338 satis
1339 4284 1630 4338 admodum
1676 4285 1746 4338 sit
1798 4287 2073 4339 maritimo
2109 4284 2290 4339 itineri

736 4377 1096 4437 cunilcicudo,
1146 4385 1511 4443 apparetque,
1568 4373 1887 4442 Gregorium
1908 4374 2289 4442 'mancipatum

1575 370 1672 432 DE
1706 369 1965 430 .‘ETATE
2001 373 2061 431 S.
2093 372 2467 435 GREGORII
2506 372 3020 435 AGRIGENTINI

2243 519 2257 534 .
2290 488 2333 543 Α
2367 484 2440 537 ita
2480 492 2539 537 ut
2577 497 2749 537 annos
2782 498 2950 553 prope
2979 485 3012 539 4
3048 470 3237 553 procul
3266 482 3336 554 ab
3379 477 3633 537 Ecclesia
3666 492 3774 535 sua
3810 494 3929 534 exe-

2364 574 2518 645 gerit.
2558 573 2683 629 Haec
2719 590 2786 630 ex
2820 573 3035 630 Leontii
3066 575 3329 630 Historia.
3363 571 3484 628 Jam
3531 571 3605 627 ab
3648 584 3803 626 anno
3842 569 3934 625 682
4004 569 4005 645 ᾗ

3797 368 3926 433 1216

2362 754 2477 809 bris
2514 758 2631 833 dies
2670 757 2724 811 in
2774 756 2967 812 feriam
3021 772 3095 811 vtt
3146 757 3378 812 incurrit
3428 770 3576 811 anno
3625 752 3737 808 689
3794 751 3935 824 cyelo

2245 696 2260 711 -
2362 666 2430 718 ad
2458 665 2513 716 7i
2532 664 2578 730 l,
2603 667 2705 735 qui
2726 666 2953 721 ultimus
2981 656 3346 721 Justinianill
3368 680 3567 729 annus,
3597 662 3661 717 if
3690 662 3934 731 Septcm-
4004 696 4005 735 ξ

2363 846 2496 900 solis
2533 846 2624 910 26,
2660 862 2805 907 anno
2841 845 2949 900 695
2983 845 3135 917 cyclo
3166 845 3301 901 solis
3341 847 3394 910 ι,
3440 859 3588 898 anno
3627 840 3741 896 700
3790 839 3934 910 cyclo
4004 838 4005 841 “

2362 937 2494 991 solis
2533 937 2605 1016 9‘
2642 952 2786 991 anno
2817 937 2920 993 706
2956 938 3114 1008 .cyelo
3162 937 3293 993 solis
3328 936 3417 1015 l5.
3449 935 3616 1005 Atqui
3650 946 3808 988 anno
3839 932 3933 986 689

2245 1062 2260 1078 .
2363 1023 2608 1099 Gregorii
2637 1029 2843 1084 reditus
2871 1030 2938 1083 ad
2978 1026 3280 1084 Ecclesiam
3310 1040 3467 1083 suam
3498 1025 3819 1096 adiudicari
3845 1039 3934 1085 ue-

2362 1118 2514 1187 quit;
2564 1119 2607 1175 si
2649 1120 2794 1175 eniut
2830 1135 3083 1176 reversus
3116 1120 3469 1190 Agrigentum
3503 1134 3647 1172 anno
3683 1116 3823 1179 689,
3857 1114 3935 1168 in-

2361 1208 2541 1264 didem
2571 1209 2737 1279 igitur
2764 1210 3019 1265 discessit
3047 1225 3193 1265 anno
3225 1209 3330 1264 685
3364 1219 3620 1273 exeunte,
3654 1193 3935 1275 simulque
4004 1212 4005 1279 ᾖ

2356 1299 2624 1369 judicium
2680 1302 2747 1356 de
2807 1317 2873 1357 eo
2935 1302 3248 1356 institutum
3311 1296 3575 1370 postridie
3643 1298 3934 1353 Paschatis

2361 1393 2490 1447 anni
2525 1393 2650 1448 688.
2691 1395 2760 1446 At
2789 1394 2933 1449 enim
2965 1407 2999 1446 a
3031 1391 3305 1461 praecipue
3332 1407 3423 1445 an.
3449 1390 3553 1445 685
3581 1390 3652 1444 ad
3675 1388 3797 1444 688
3829 1399 3931 1442 tres
4004 1384 4005 1423 ἰ

2248 1515 2265 1531 .
2336 1482 3048 1561 'numerantunpontifices,
3074 1479 3313 1537 Joannes
3338 1481 3401 1544 V,
3432 1479 3644 1546 Conon,
3668 1478 3930 1548 Sergius;

2247 1605 2262 1619 ο
2364 1581 2706 1628 cumtamen
2743 1574 2846 1628 sub
2880 1588 2990 1626 uno
3018 1572 3285 1639 duntaxat
3314 1568 3615 1639 Gregorius
3653 1577 3710 1622 et
3752 1582 3930 1621 caree-

2363 1661 2516 1716 ribus
2553 1662 2840 1723 occlusus,
2898 1670 2953 1715 et
3002 1660 3275 1715 calumnia
3329 1658 3547 1713 tandem
3594 1656 3929 1710 vindicatus.
4004 1718 4005 1721 η

2364 1747 2553 1820 Neque
2581 1765 2757 1806 annus
2798 1749 2901 1807 700
2948 1739 3017 1805 ad
3062 1765 3286 1805 causam
3316 1758 3556 1804 nostram
3591 1736 3727 1801 facit
3765 1765 3783 1801 :
3828 1760 3931 1815 quo
4004 1758 4005 1820 ἦ

2366 1841 2509 1895 enim
2560 1856 2705 1896 anno
2735 1840 3207 1911 Constantinopoli
3250 1832 3479 1895 Romam
3522 1838 3687 1893 rediit
3728 1836 3926 1906 Grego-

2366 1931 2503 1995 rius,
2534 1946 2717 1986 rerum
2751 1934 3060 2002 potiebatur
3084 1933 3428 1990 Justinianus
3468 1930 3543 1996 Il,
3589 1942 3717 1984 cum
3753 1936 3927 1983 tamur

2366 2022 2436 2077 ab
2468 2036 2612 2077 anno
2638 2022 2741 2077 698
2775 2024 2840 2078 ad
2885 2024 3337 2081 705-Absimarus
3374 2021 3627 2077 Tiberius
3658 2020 3928 2074 Constan-
4004 2042 4005 2047 π

2367 2113 2596 2183 ιίιιοροιί
2628 2114 2942 2184 imperaret.
2969 2116 3273 2169 Contumax
3302 2113 3485 2167 itidem
3502 2120 3587 2167 est
3609 2126 3792 2165 annus
3812 2107 3923 2174 706,

2368 2217 2434 2257 ex
2465 2212 2532 2258 eo
2558 2204 2709 2267 enim
2747 2202 2900 2260 fleret
2940 2204 2994 2258 in
3024 2204 3294 2275 judicium
3308 2210 3577 2271 ‘vocatum
3608 2198 3923 2272 Gregorium
4004 2258 4005 2267 χ

2368 2308 2514 2350 anno
2567 2293 2668 2348 705
2702 2295 2773 2349 ab
2817 2290 3030 2349 Joanne
3062 2292 3187 2359 Ἧι,
3239 2293 3341 2364 (ιυῖ
3386 2292 3636 2363 pontifex
3685 2292 3927 2347 audierat
4004 2300 4005 2365 ξ

2369 2400 2577 2457 paucos
2616 2395 2743 2451 ante
2773 2386 2913 2451 dies,
2965 2386 3070 2442 hoc
3117 2396 3202 2442 est
3251 2384 3379 2449 Καὶ,
3412 2384 3646 2449 Martiis,
3696 2398 3826 2439 cum
3865 2398 3924 2436 ex
4004 2370 4005 2447 ᾖ

2340 2462 2599 2532 ἰοοιιιίο
2633 2478 2930 2543 discamus,
2982 2477 3292 2546 pontiﬁcem
3325 2470 3497 2538 illuni,
3543 2475 3640 2546 qui
3680 2475 3848 2545 iudex
3877 2473 3929 2526 in
4004 2526 4005 2531 ,

2370 2554 2605 2623 concilio
2631 2566 2869 2636 praefuit,
2902 2568 2957 2621 in
2992 2580 3102 2636 quo
3132 2566 3581 2637 Gregorii-causa
3612 2565 3926 2635 diiudicata,

2374 2673 2495 2714 non
2514 2658 2680 2713 alium
2712 2658 2782 2712 ab
2807 2673 2872 2713 eo
2899 2656 3091 2722 fuisse,
3123 2657 3217 2726 qui
3260 2657 3314 2710 in
3359 2656 3644 2729 custodias
3681 2654 3924 2723 coniecit.
4004 2700 4005 2711 χ

2373 2750 2564 2804 Restat
2592 2747 2758 2815 igitur
2784 2762 2962 2802 annus
2987 2744 3111 2813 695,
3141 2744 3445 2817 qui-nullis
3486 2746 3781 2801 intricatus
3822 2758 3923 2799 am-
4004 2764 4005 2769 π

2376 2839 2624 2909 bagibus.
2660 2838 2742 2892 Ab
2770 2837 2835 2892 l8
2860 2837 3175 2894 Decembris
3201 2837 3331 2893 anni
3360 2836 3463 2891 687
3491 2836 3557 2892 ad
3587 2835 3664 2892 29
3685 2833 3937 2891 Octobris
4004 2878 4005 2895 ς

2376 2929 2503 2983 anni
2535 2926 2639 2982 700
2667 2928 2972 2983 Romanum
3001 2935 3247 2998 gesserat
3272 2926 3669 2998 pontificatum
3691 2909 3937 2995 Sergius,

2376 3018 2650 3089 simulque
2677 3019 2744 3074 ad
2774 3033 3015 3074 mensem
3048 3016 3248 3073 Julium
3285 3018 3411 3073 anni
3447 3016 3554 3072 695
3589 3014 3943 3075 insinuatas»
3976 3010 3981 3014 ’

2378 3110 2764 3180 tinopolitanos
2801 3123 2890 3165 res
2933 3109 3246 3167 dominatus
3287 3105 3633 3182 Justinianns
3684 3104 3771 3173 μη,
3802 3102 3936 3177 unde

2378 3200 2637 3269 intelligis
2656 3237 2672 3262 ,
2724 3214 2890 3269 quam
2920 3197 3406 3268 nullisimpeditus
3435 3198 3507 3254 sit
3532 3196 3944 3270 diiﬁcpltatihus-
4004 3216 4005 3270 ξ

2379 3285 2864 3359 Chronologismus
2897 3297 3103 3344 noster.
3152 3289 3331 3346 Patet~
3359 3287 3504 3367 enim
3538 3293 3727 3342 exacta
3758 3282 3933 3340 omnia

2381 3378 2483 3433 sub
2510 3391 2623 3452 uno
2653 3377 2909 3446 pontifice
2955 3375 3169 3448 Sergio,
3208 3390 3445 3446 vereque
3465 3373 3941 3443 Constantinopoli

2381 3468 2562 3523 adhuc
2603 3468 2903 3537 imperasse
2937 3464 3311 3521 Iustinianum
3354 3464 3422 3531 Il,
3471 3479 3599 3521 cum
3640 3464 3768 3520 inde
3812 3462 3933 3517 Gre-

2382 3562 2566 3632 gorius
2605 3559 2850 3623 recessit,
2880 3557 3127 3624 Romam,
3142 3558 3434 3626 petiturus.
3479 3552 3615 3609 Nam
3655 3553 3700 3608 si
3732 3567 3929 3623 regres-

2383 3667 2478 3707 sus
2511 3650 2737 3705 Romam
2767 3648 2831 3703 2f
2860 3645 3010 3712 Julii,
3055 3644 3522 3714 Constantinopoli
3551 3641 3829 3722 profectus
3859 3651 3939 3697 est.

2384 3757 2568 3797 mense
2614 3741 2898 3796 minimum
2947 3739 3151 3805 Junio,
3201 3753 3327 3794 cum
3376 3750 3560 3793 tamen
3604 3734 3929 3791 Justinianus

2385 3833 2612 3904 imperio
2636 3833 2825 3903 pulsus
2859 3831 2941 3893 ab,
2965 3830 3195 3886 Leontio
3232 3842 3418 3912 mense
3447 3827 3619 3895 Julio.
3654 3828 3737 3882 En
3782 3827 3930 3897 igitur

2384 3940 2485 3995 pro
2513 3924 2670 3977 nobis
2697 3923 2823 3978 unis
2856 3929 3089 3978 stantem
3115 3921 3487 3992 characterem
3515 3918 3667 3974 illum
3694 3917 3839 3973 feriat
3861 3930 3926 3969 ru

2385 4029 2511 4072 cum
2546 4015 2605 4067 ll
2648 4012 2982 4083 Septembris
3006 4009 3546 4079 concurrentis,-qui
3567 4048 3585 4074 ,
3616 4006 3691 4063 uti
3716 4008 3935 4063 demon~
4004 4006 4005 4083 ξ

2388 4105 2703 4168 stravimus,
2738 4103 2791 4156 in
2820 4100 3115 4157 Justiniani
3148 4101 3165 4155 l
3194 4101 3352 4156 annis
3376 4098 3625 4157 Caietam
3664 4097 3935 4154 sententia.
4004 4097 4005 4168 ξ

2390 4210 2667 4263 nunquam
2704 4193 3054 4265 suffragatus.

2460 4281 2674 4336 XXXII.
2709 4281 2799 4347 At,
2834 4280 3083 4351 inquies,
3134 4278 3182 4333 si
3228 4292 3376 4333 anno
3409 4276 3518 4333 695
3562 4275 3925 4332 Constantino-

2392 4376 2502 4445 poli
2547 4374 2825 4444 digressus
2873 4368 3169 4440 Gregorius
3215 4367 3439 4423 dimidia
3474 4368 3752 4438 Agrigenti
3796 4374 3927 4436 parte

744 4470 926 4539 itania:
959 4466 1271 4537 carceribus
1331 4478 1501 4518 annos
1524 4463 1816 4545 9,_nienses
1845 4464 1896 4517 5.
1917 4464 2094 4532 Atque
2113 4464 2291 4519 isthnc
2321 4456 2367 4514 D
2393 4469 2629 4521 donatus
2656 4464 2723 4517 ab
2755 4464 2883 4531 imp.
2917 4459 3226 4515 Justiuiano
3260 4458 3327 4523 tl,
3361 4459 3513 4545 unde.
3536 4467 3785 4526 sumptus
3816 4470 3927 4523 sup.

744 4566 855 4621 est,
908 4555 1051 4626 quod
1089 4563 1272 4608 nostra
1308 4554 1361 4606 in
1394 4568 1557 4607 causa
1597 4563 1814 4608 maneat
1842 4569 2083 4617 necesse,
2120 4568 2295 4622 eoque

736 4646 963 4707 evidens
1002 4643 1183 4707 confit,
1239 4643 1604 4697 characterem
1662 4642 1812 4697 illum
1876 4640 2051 4696 feria!
2084 4657 2177 4705 γη,
2239 4643 2293 4694 in

749 4731 909 4807 quam
951 4734 1139 4787 incidit
1184 4733 1240 4786 Η
1294 4732 1626 4801 Septembris
1675 4731 1810 4794 dies,
1853 4747 1957 4802 quo
2009 4732 2297 4802 Gregorius

750 4824 815 4875 ad
851 4821 1340 4889 _Agrigeutinorum
1379 4821 1680 4889 emporium
1722 4821 1981 4889 pervenit,
2024 4822 2075 4873 in
2128 4835 2298 4874 unum

750 4887 951 4973 ωιιιῖιω
986 4911 1087 4965 695
1122 4898 1467 4971 concurrere,
1502 4924 1657 4977 quem
1709 4906 1913 4966 frustra
1966 4910 2021 4963 in
2056 4909 2298 4964 Caietani

751 5003 1201 5071 Chronologismo
1232 4999 1675 5070 perquisivimus.

821 5090 1009 5146 XXXI.
1034 5092 1201 5167 Porro
1220 5090 1511 5161 Gregorius
1527 5090 1837 5146 carceribus
1853 5092 2099 5147 addictus
2120 5091 2303 5146 Romae

756 5182 956 5237 mansit
999 5167 1266 5245 suh'uno,
1299 5181 1445 5251 quod
1480 5182 1892 5264 antevidimus,
1930 5184 2180 5250 pontifice
2209 5197 2304 5237 an-

758 5292 857 5337 nos
891 5276 962 5339 ‘2,
999 5288 1211 5327 menses
1264 5272 1315 5325 5.
1368 5272 1445 5326 Ex
1488 5272 1702 5326 concilii
1748 5274 2010 5325 sententia
2046 5273 2306 5326 innocens

755 5367 1033 5436 judicatus
1080 5362 1343 5435 postridie
1389 5360 1722 5426 'Paschatis,
1779 5359 2313 5429 ConstantinOpolini

760 5442 920 5529 paulo
950 5462 1072 5525 post
1103 5453 1480 5521 proficiscitur,
1519 5453 1615 5505 ubi
1634 5452 1841 5506 Pascha
1870 5452 2124 5513 celebrat,
2156 5452 2310 5506 inde-

760 5560 866 5616 que
900 5553 1153 5612 regnante
1184 5545 1361 5596 adhuc
1384 5542 1694 5597 Justiniano
1715 5541 1754 5594 ll
1781 5541 2005 5595 Romani
2042 5543 2173 5606 abit,
2201 5558 2309 5612 quo

762 5636 1005 5705 pervenit
1036 5638 1104 5689 20
1136 5632 1285 5695 Julii,
1330 5644 1492 5702 atque
1527 5634 1653 5688 hinc
1704 5634 1757 5688 in
1811 5632 2048 5686 Siciliam
2098 5635 2312 5689 solvens

764 5722 1238 5801 Agrigentinorum
1280 5722 1424 5777 subit
1477 5710 1773 5793 emporium
1819 5723 1876 5787 ll
1938 5722 2311 5789 Septembris,

2392 4563 2633 4625 peterent
2669 4567 2809 4606 novo
2854 4551 3088 4621 templo,
3145 4536 3526 4634 episcopique"
3554 4544 3739 4600 domui
3775 4542 3925 4599 adifi-

2394 4648 2603 4708 candis,
2636 4659 2806 4714 ecqua
2839 4644 2928 4697 illa
2963 4640 3230 4713 Augusta,
3259 4653 3381 4710 qua:
3410 4637 3512 4693 viri
3536 4639 3784 4693 aemulata
3812 4636 3924 4690 libe-
4004 4636 4005 4714 ἦ

2396 4737 2685 4817 ralitatem,
2713 4743 2767 4790 et
2802 4752 2900 4791 sua
2932 4733 3140 4792 addidit
3165 4729 3427 4801 Gregorio
3461 4742 3711 4795 munera,
3742 4725 3925 4783 scilicet

2398 4822 2770 4895 amplissima?
2818 4822 2917 4877 Hic
2959 4830 3111 4876 certe
3157 4820 3358 4883 haereo,
3404 4831 3533 4872 cum
3576 4830 3666 4872 me
3695 4815 3927 4871 destituit

2400 4916 2649 4973 historia.
2678 4913 3009 4986 Merqoratur
3028 4911 3249 4983 quidem
3278 4918 3393 4969 tum
3423 4907 3684 4976 temporis
3710 4905 3924 4975 Augusta

2399 5008 2706 5072 Anastasia,
2749 5006 3009 5074 seduquai
3040 5014 3222 5058 tamen
3272 4996 3570 5057 Justiniani
3619 5004 3803 5063 mater,
3836 5006 3924 5047 non

2404 5115 2559 5154 uxor.
2601 5097 2921 5153 Perhibetur
2954 5096 3116 5150 etiam
3153 5088 3453 5151 Jnstiniani
3484 5087 3689 5158 coniux
3710 5088 3925 5155 augusta

2405 5190 2709 5255 Theodora,
2749 5187 2989 5259 Cltagani
3016 5182 3295 5241 Chazarite
3324 5195 3505 5245 soror,
3540 5179 3635 5236 sed
3664 5174 3927 5236 eamduxit

2408 5293 2551 5337 anno
2572 5278 2694 5343 705,
2718 5294 2843 5334 cum
2876 5289 3045 5344 regno
3077 5273 3373 5335 exsularet,
3403 5270 3436 5324 6
3460 5284 3667 5326 annum
3693 5265 3926 5322 Constan-

2410 5370 2632 5438 tuwpoli
2667 5374 2930 5431 regnante
2963 5364 3249 5417 Absimaro
3287 5360 3533 5423 Tiberio,
3574 5353 3925 5417 coronavitque

2412 5475 2518 5517 una
2548 5475 2670 5513 cum
2712 5456 2931 5509 Tiberio
2976 5451 3034 5507 F.
3067 5468 3210 5507 anno
3239 5450 3368 5515 705,
3397 5463 3509 5519 quo
3543 5448 3765 5516 imperio
3790 5455 3924 5498 resti-

2413 5560 2561 5604 tutus
2617 5546 2896 5616 (Theoph.
2952 5546 3005 5599 itt
3056 5540 3406 5613 Chronogr.)r-
3434 5539 3668 5609 sumptis
3717 5551 3831 5593 cum
3874 5536 3929 5582 de

2415 5639 2661 5699 Leontio,
2700 5647 2812 5690 tum
2846 5637 2914 5690 de
2950 5636 3236 5693 Absimaro
3269 5631 3553 5700 suppliciis
3576 5672 3591 5696 ,
3633 5638 3757 5684 sane
3790 5636 3924 5693 quam

2416 5726 2715 5781 horrendis.
2748 5724 2886 5790 Quid
2935 5723 3131 5801 igitur”?
3175 5720 3414 5799 nunquid
3462 5718 3536 5781 in,
3579 5719 3807 5782 eamdem
3856 5713 3923 5767 ille
