4032 6334
63 439 192 502 1217

1386 424 1901 491 DISSERTATIO.

3131 435 3268 498 1218

58 553 232 624 gressi
267 564 505 617 nassam,
547 555 702 618 atque
733 539 1064 602 Caietanus?
1117 541 1220 598 Sed
1253 544 1392 608 vide,
1449 560 1611 612 quam
1647 546 1690 601 Α
1719 556 1863 592 nexa:
1898 549 2071 610 itaque
2107 541 2328 608 Sicilire,
2371 543 2649 600 Calabriae.
2695 557 2986 617 sancttrquc
3013 547 3273 605 Severinnr

59 645 218 701 facile
257 644 555 703 elabamue,
601 639 745 708 quod
776 639 1034 690 Caietano
1063 651 1170 690 non
1205 635 1450 703 contigit.
1481 635 1614 698 Quis

61 735 160 790 sibi
197 732 439 792 suadeat,
469 729 837 786 Iustinianum
868 729 1010 781 hunc
1044 726 1111 780 ab
1150 741 1292 780 anno
1327 725 1463 788 685,
1508 734 1616 805 quo

60 826 210 880 solus
249 836 476 892 regnare
515 820 680 892 carpit
723 819 988 873 exstincto
1035 825 1199 894 patre‘
1233 815 1616 879 Constantino,

61 923 112 967 et
140 912 358 982 quidem
402 916 531 962 natu
561 907 674 976 jam
715 908 996 976 grandem,
1045 907 1109 960 ad
1141 905 1263 967 695,
1314 919 1421 971 quo
1471 905 1617 972 regio

62 1013 259 1058 exutus
308 1003 534 1070 imperio
588 1016 616 1054 a
663 999 910 1062 Leontio,
955 990 1163 1052 nullum
1197 997 1384 1050 iniisse
1433 995 1619 1064 conju-

63 1095 229 1163 gium,
283 1099 630 1160 exspectasse
693 1090 907 1143 tandem
955 1086 1247 1153 exsilium,
1302 1103 1409 1157 quo
1470 1087 1618 1139 taedis

63 1183 442 1251 copularetur?
490 1179 594 1235 Sed
638 1181 782 1234 enim
818 1195 939 1233 cum
992 1177 1330 1233 Iustinianus
1380 1177 1398 1229 ι
1443 1167 1621 1229 Theo-

62 1276 193 1328 dora
225 1267 506 1334 Viiluatus,
544 1288 744 1326 annum
782 1270 972 1340 agebat
1007 1270 1110 1332 66,
1152 1271 1287 1324 vixit
1330 1271 1472 1322 enim
1524 1284 1621 1321 an-

64 1379 161 1416 nos
194 1363 284 1421 82.
331 1364 573 1434 regnavit
603 1362 691 1427 '58,
728 1376 940 1414 menses
967 1362 1020 1425 7,
1047 1361 1162 1420 dies
1188 1360 1272 1423 10,
1309 1371 1492 1428 erepta
1519 1351 1619 1412 sibi

63 1453 174 1508 fato
212 1454 498 1508 Theodora
553 1468 698 1506 anno
737 1453 885 1523 regni
918 1454 1003 1506 sui
1036 1452 1125 1515 22,
1160 1462 1216 1506 ut
1259 1467 1317 1504 ea
1370 1453 1423 1504 in
1466 1460 1620 1504 aetate

64 1561 191 1599 vero
224 1546 448 1614 propius
479 1559 585 1597 non
618 1543 708 1607 sit,
745 1545 959 1612 nuptias
988 1559 1296 1604 renovasse.
1351 1542 1528 1607 Quare
1563 1551 1620 1594 ut

65 1636 450 1690 historicorum
509 1634 784 1689 silentium
837 1634 901 1688 de
941 1649 1078 1686 nova
1130 1642 1247 1701 post
1276 1631 1616 1684 Theodoram

64 1726 307 1792 Augusta
340 1722 633 1778 Iustiniani
671 1723 690 1775 l
731 1724 868 1777 favet
901 1722 1169 1788 viduitati,
1226 1723 1280 1774 in
1319 1737 1446 1790 qua,
1493 1722 1619 1774 sub-

65 1817 164 1870 lata
214 1816 321 1869 sibi
369 1815 672 1878 Theodora,
717 1813 784 1868 ad
835 1821 1059 1866 mortem
1111 1828 1283 1882 usque
1335 1813 1617 1874 manserit,

1718 632 1860 682 sedes
1890 632 2072 685 throno
2097 632 2684 702 Constantinopolitano
2720 655 2750 690 a
2796 638 3022 693 Romano
3053 644 3264 704 avulsaz,

1716 738 1830 773 cum
1853 723 2402 793 Barburideprehenso
2421 745 2556 794 papa
2582 727 2798 781 Romam
2816 732 3042 798 spolium
3072 733 3269 800 factam

1717 813 1769 862 in
1818 815 2056 882 proprios
2110 832 2232 867 usus
2288 827 2689 884 converterunt,
2738 821 3171 887 quemadmodum
3221 832 3273 874 et

1718 901 1874 957 Creta
1913 905 2007 956 sub
2044 905 2279 960 Romano
2314 923 2429 959 cum
2478 917 2645 968 esset,
2701 907 3274 976 Constantinopolim”

1716 992 1864 1059 facta
1903 1005 2001 1046 est.
2042 995 2402 1048 Nihilominus
2434 997 2670 1064 pontifex
2701 997 2822 1049 viles
2856 1001 3108 1066 quasdam
3143 1016 3270 1066 par-

1718 1093 1791 1135 tes
1815 1123 1826 1144 ,
1860 1093 1908 1135 et
1949 1085 2283 1152 episcopatus
2318 1087 2595 1138 nonnullos
2625 1089 2678 1138 in
2710 1088 2916 1149 Sicilia,
2949 1102 2996 1140 et
3024 1089 3275 1140 Calabria

1721 1175 1904 1228 habere
1933 1178 2369 1243 deprehenditur;
2405 1179 2711 1246 metropoles
2740 1183 2899 1242 enim,
2945 1189 2993 1233 et
3039 1181 3188 1232 urbes
3219 1183 3272 1231 in

1720 1266 1898 1319 eadem
1921 1267 2238 1323 illustriores
2267 1285 2326 1324 ac
2373 1274 2636 1340 digniores
2656 1270 3273 1337 ConstantinOpolitnnrt

1719 1359 2013 1425 possidebat
2041 1365 2200 1428 iisque
2223 1364 2288 1412 ad
2313 1361 2644 1434 Francorum
2671 1361 2968 1413 adventum.
3007 1361 3095 1414 Sic
3115 1364 3273 1414 etiam

1718 1451 1774 1502 in
1803 1449 2166 1518 Longobardia
2199 1454 2339 1518 (hoc
2377 1462 2477 1518 est,
2517 1453 2948 1523 traustyherina)
2981 1464 3026 1505 et
3061 1453 3270 1518 Apulia.

1717 1550 1766 1595 et
1814 1545 1866 1594 in
1897 1545 2134 1597 omnibus
2182 1546 2248 1598 iis
2312 1547 2606 1613 regionibus
2658 1547 2915 1598 maximas
2967 1542 3274 1613 metropolcs

1679 1694 1683 1697 _
1719 1645 1840 1704 ante
1886 1637 2184 1701 possidebat
2223 1637 2863 1706 (Ionstnntinopolitanus,
2915 1639 3136 1706 reliquas
3170 1633 3276 1690 Ro-J

1719 1741 1926 1786 manus,
1969 1735 2024 1778 ut
2082 1728 2311 1796 regiones
2363 1729 2471 1780 illa:
2504 1744 2594 1796 per
2623 1739 2795 1796 partes
2845 1731 3275 1796 possiderentur;

1722 1833 1942 1886 namque
1964 1820 2196 1896 melodus
2220 1836 2280 1871 ac
2307 1830 2459 1887 poeta
2474 1823 2716 1873 dominus
2735 1819 2945 1873 Marcus
2966 1838 2995 1872 a
3016 1820 3276 1872 Constan-

63 1906 132 1959 ita
169 1905 383 1960 nullum
414 1905 572 1961 nobis
606 1905 826 1960 facessit
859 1905 1153 1974 negotium,
1200 1905 1490 1974 quominus
1522 1906 1620 1972 pu—
1655 1883 1692 1938 Β
1726 1888 2077 1976 tinopolitano
2107 1911 2300 1963 missus
2343 1913 2508 1977 fuisse
2548 1912 2888 1979 compar-itur.
2937 1910 3066 1963 Cum
3102 1918 3276 1962 autem

62 2006 260 2063 temus,
316 2012 422 2051 non
473 1997 708 2060 unicam,
762 2011 871 2050 non
934 1996 1164 2064 primam
1195 1983 1526 2048 'Justini'ano
1577 1992 1619 2047 ll

63 2098 289 2155 nuptam
319 2086 681 2151 Theodoram,
735 2102 911 2156 neque
965 2087 1108 2140 hunc
1160 2088 1408 2142 cadibem
1457 2087 1619 2140 vitam

61 2177 286 2230 duxisse
317 2176 381 2229 ad
410 2190 608 2229 annum
652 2190 822 2246 usque
867 2174 991 2241 705,
1025 2190 1134 2244 quo
1165 2177 1335 2229 aetatis
1369 2191 1621 2230 numera-

61 2266 152 2319 bat
179 2267 272 2330 54,
311 2267 531 2336 quippe,
567 2282 690 2321 cum
717 2267 869 2321 solus
902 2281 1128 2336 regnare
1159 2269 1339 2336 cmpit,
1370 2266 1435 2320 16
1460 2274 1620 2319 natus

59 2368 235 2409 annos
261 2364 397 2408 erat.
431 2355 707 2430 (-Theoph.
747 2355 903 2426 ibid.)

128 2429 373 2499 XXXIII.
399 2446 536 2511 Quid
563 2432 705 2499 nunc
722 2446 934 2499 tandem
959 2446 1026 2516 de
1045 2445 1325 2500 Corinthio
1345 2449 1619 2524 episcopo,

61 2537 153 2604 qui
185 2536 771 2605 Constantiuopolitani
804 2537 1123 2605 patriarcha:
1148 2578 1162 2602 ,
1201 2539 1304 2591 hoc
1344 2547 1426 2591 est
1453 2539 1620 2591 Calli-

59 2627 169 2679 nici
198 2626 411 2696 legatus
430 2624 622 2679 Romae
645 2624 808 2694 judex
835 2627 1039 2680 assedit
1069 2627 1122 2680 in
1149 2626 1393 2693 Gregorii
1419 2612 1622 2682 eausa‘l

61 2715 259 2772 Notum
309 2717 472 2782 illud,
517 2716 775 2771 Romanae
821 2718 1165 2786 patriarchize
1191 2728 1298 2772 tres
1349 2719 1611 2786 singulari

56 2811 176 2878 jure
221 2810 472 2879 paruisse
519 2809 786 2864 exarchos
833 2809 886 2862 in
931 2790 1182 2872 Oriente,
1241 2806 1617 2872 Corinthium,

59 2897 630 2960 Thessalonicensem,
651 2897 810 2968 315
835 2906 994 2967 atque
1011 2895 1369 2952 Justinianam
1399 2897 1438 2967 Ι,
1463 2900 1620 2967 cujus

56 2985 284 3061 quidem
309 2989 565 3043 erarcbia
594 3004 658 3042 ex
683 2998 839 3057 parte
859 2986 1364 3045 Thessalonicensis
1393 2990 1616 3054 coaluit,

62 3084 222 3153 idque
257 3096 324 3137 ex
354 3080 649 3135 Iustiniani
678 3078 719 3143 l,
761 3080 903 3149 quod
948 3089 1074 3134 ante
1118 3083 1474 3147 ostendimus,
1528 3099 1624 3136 au-

1723 2000 1978 2053 unirersw
2017 1994 2399 2068 Longobardice
2436 2003 2708 2067 ducatus,--
2735 2018 2854 2070 qua:
2907 2012 3048 2054 vetus
3096 1999 3283 2053 Helias

1718 2101 1855 2156 erat,
1888 2090 1980 2142 sub
2012 2093 2324 2154 imperatore
2359 2102 2472 2144 erat
2505 2093 3112 2159 (Ionstaptinopolitano,
3140 2107 3278 2160 papa

1721 2197 1837 2234 vero
1855 2184 2143 2253 separatus
2173 2183 2269 2234 sub
2304 2184 2426 2235 aliis
2457 2183 2713 2248 “gentibus
2755 2183 2975 2244 vivebat,
3006 2191 3284 2249 propterea

1722 2273 2032 2341 patriarcha
2074 2272 2339 2325 Ecclesias
2400 2272 2701 2337 obtinebat;
2751 2290 2871 2326 nam
2911 2273 3283 2334 'Brundusirm'

1720 2373 1769 2417 et
1802 2363 2085 2416 Tarentum
2121 2380 2151 2415 a
2185 2363 2775 2432 Constantinopolitano
2809 2365 3103 2418 sacerdotes
3136 2365 3278 2416 acci-

1713 2457 1953 2516 piebant,
1987 2455 2139 2522 idque
2166 2455 2369 2508 nullum
2403 2456 2551 2508 latet.
2590 2455 2721 2508 Cum
2751 2471 2868 2510 vero
2902 2454 3101 2508 Franci
3142 2457 3280 2507 hunc

1720 2547 1970 2599 ducatum
2026 2557 2369 2613 occuparunt,
2425 2556 2549 2599 tunc
2605 2545 2868 2600 Romanus
2930 2545 2984 2599 in
3043 2547 3282 2601 omnibus

1721 2636 1861 2689 hisce
1888 2635 2123 2698 ecclesiis
2148 2635 2510 2690 ordinationes
2535 2639 2734 2701 tenuit;
2765 2639 2816 2692 in
2847 2641 2911 2691 iis
2942 2640 3078 2691 enim
3113 2639 3280 2707 regio-

1722 2723 1894 2786 nibus,
1951 2741 2080 2792 qaas
2129 2723 2747 2793 Constantinopolitanus
2799 2728 3089 2795 imperator
3145 2727 3280 2780 obti-

1721 2818 1893 2878 nebat,
1929 2816 2006 2868 vel
2038 2826 2218 2881 postea
2259 2834 2290 2869 a
2340 2817 2585 2872 barbaris
2611 2820 2851 2888 gentibus
2904 2821 3275 2898 recuperabat',

1687 2905 1834 2973 .jure
1875 2908 2183 2974 patriarcha
2245 2905 2862 2978 Constantirtnpolitanas
2917 2893 3282 2965 ordinationes

1723 2995 1967 3054 trahebat,
2003 3011 2120 3047 cum
2155 2994 2317 3048 Roma
2358 2998 2525 3051 modis
2572 3000 2808 3052 omnibus
2839 3017 2870 3052 a
2909 2999 3280 3054 Constantina-

1725 3086 1833 3154 pali
1872 3088 2104 3139 alienata
2159 3089 2282 3140 aliis
2341 3105 2450 3142 sese
2506 3090 2852 3155 submisisset.
2908 3091 3111 3160 Papam
3163 3103 3282 3146 vero

61 3177 333 3229 ctoritate.
386 3172 490 3227 Sed
542 3170 774 3243 Romani
826 3172 1064 3240 episcopi
1127 3172 1180 3225 in
1234 3170 1555 3228 Justiniante
1601 3173 1621 3226 l
1648 3215 1690 3272 ϐ
1723 3190 1899 3246 partes
1955 3177 2164 3244 aliquas
2212 3189 2365 3232 antea
2414 3181 2468 3231 in
2518 3179 2708 3234 Sicilia
2753 3180 3061 3247 obtinuisse,
3105 3170 3279 3236 mani-

60 3263 376 3318 exarchiam
419 3263 545 3330 jura
592 3261 834 3326 desiere,
888 3263 1240 3330 pessumdata
1293 3277 1322 3315 a
1371 3261 1690 3334 Bulgaria“
1723 3269 1915 3337 festum
1965 3270 2024 3337 ﬁt
2055 3287 2119 3324 ea:
2179 3269 2298 3322 I'ita
2338 3272 2509 3322 sancti
2544 3269 2782 3340 Gregorii
2831 3273 3280 3342 Agrigentinorum

57 3354 326 3418 Ecclesia,
363 3355 456 3423 qui
490 3367 584 3408 eas
613 3362 953 3418 occuparunt
991 3353 1240 3422 regiones
1279 3371 1293 3407 :
1333 3370 1462 3408 cum
1493 3370 1620 3408 vero

55 3461 202 3500 anno
234 3445 338 3498 861
380 3444 572 3514 religio
623 3444 676 3497 in
727 3442 984 3512 Bulgaria
1040 3444 1292 3498 restituta
1343 3443 1622 3499 Michaelis

55 3543 201 3611 rrgis
237 3555 429 3611 opera,
476 3539 805 3593 reclamante
847 3538 1054 3592 frustra
1109 3539 1356 3592 Romano
1389 3529 1652 3621 patriar-1

55 3634 180 3697 cha,
217 3634 439 3687 subdita
488 3631 840 3702 Bulgarorum
875 3629 1116 3685 Ecclesia
1161 3632 1622 3698 Constantinoino-

55 3725 228 3778 litauo
262 3725 716 3796 archiepiscopo,
766 3739 936 3792 eaque
968 3723 1034 3777 de
1073 3739 1131 3777 re
1169 3725 1449 3777 decretum
1487 3725 1620 3778 scri-

57 3826 204 3885 ptum
243 3832 388 3869 anno
434 3795 539 3870 ἐὸῡ
594 3817 648 3869 in
683 3817 890 3884 synodo
920 3831 1015 3868 vm
1048 3815 1382 3869 meumeuica
1405 3855 1420 3879 ,
1473 3816 1620 3868 Con-

55 3908 544 3977 stantinOpolitana
588 3921 702 3967 vn.
773 3907 1152 3968 olinitentibus
1205 3907 1327 3961 licet
1387 3906 1619 3963 Romani

55 4000 334 4069 pontiﬁcis
368 4000 581 4069 legatis.
611 3997 851 4052 Tandem
884 4013 1011 4065 vero
1042 3999 1144 4052 sub
1185 3997 1383 4052 Basilio
1414 4000 1453 4053 ll
1490 3999 1622 4054 Por-

56 4092 488 4160 phyrogenneta,
511 4089 792 4152 Aehridis,
819 4088 933 4141 sire
954 4085 1276 4142 lus-tinianaa
1305 4087 1322 4138 l
1348 4090 1618 4143 exarchus

55 4181 430 4250 αὑτοκέφα).ος
455 4179 646 4243 audiit,
674 4181 744 4232 ita
777 4189 833 4232 ut
863 4179 995 4232 nulli
1029 4188 1242 4248 pareret
1273 4179 1616 4248 patriarchae,

54 4274 127 4328 uti
159 4275 440 4328 discimus
464 4288 531 4326 ex
554 4271 657 4326 Nili
689 4271 1004 4340 Doxopal-rii
1043 4273 1235 4324 notitia
1272 4271 1616 4341 patriarcha-

55 4382 227 4432 tuum,
261 4380 429 4434 quam
473 4367 645 4419 edidit
679 4347 998 4434 Stephanus
1032 4361 1278 4434 Moynius
1313 4363 1366 4414 in
1411 4362 1617 4431 sylloge

57 4465 335 4518 variorum
365 4457 780 4530 opusculorum.
817 4444 1386 4514 Thessaltmicenseni.
1421 4463 1472 4509 et
1505 4455 1615 4509 Co-

1724 3361 1892 3422 urbis,
1933 3376 2048 3428 qua:
2091 3378 2226 3413 nunc
2281 3359 2613 3430 Cregentium
2669 3362 2881 3426 dicitur,
2925 3365 3198 3431 episcopi:
3228 3366 3278 3416 in

1722 3466 1780 3502 ea
1811 3450 2066 3515 siquidem
2097 3451 2350 3516 scriptum
2377 3461 2453 3504 est
2487 3469 2676 3520 papam
2706 3462 2942 3504 sanctam
2973 3452 3279 3522 Gregorium

1724 3541 2185 3609 Agrigentinorum
2221 3544 2518 3610 episcopum
2572 3541 2881 3604 ordinasse;
2929 3541 3018 3594 sed
3047 3557 3106 3595 eo
3151 3551 3280 3594 temo

1721 3645 1844 3698 pore
1892 3629 2060 3685 Roma
2109 3631 2339 3684 nondum
2381 3632 2586 3698 penitus
2635 3641 2882 3698 separata
2918 3642 3029 3686 erat
3065 3649 3098 3685 a
3144 3631 3278 3686 Con.

1722 3723 2090 3792 stantinopoli.
2126 3722 2353 3777 Tenebat
2392 3725 2569 3794 itaque
2619 3726 2811 3777 multos
2858 3726 2920 3777 ab
2961 3725 3080 3778 hinc
3115 3737 3282 3781 annos

1723 3805 2345 3884 Conslantinopolitanus
2385 3831 2450 3870 ex
2478 3825 2624 3877 parte
2654 3826 2702 3868 et
2743 3813 3008 3880 Siciliam,
3037 3827 3085 3869 et
3116 3816 3278 3870 Cala-
3330 3860 3336 3867 .

1722 3905 1915 3971 briam,
1945 3916 1993 3960 et
2027 3924 2164 3976 papa
2192 3906 2423 3975 paucula
2456 3905 2720 3974 quadam,
2752 3905 3195 3971 quemadmodum
3229 3912 3280 3957 et

1719 3996 1774 4049 in
1812 3993 2201 4064 Longoburdia,
2246 4011 2407 4063 usque
2436 3993 2504 4046 ad
2539 3996 2956 4062 separationcm;
2989 4004 3110 4047 tunc
3141 3998 3277 4048 enint

1719 4088 1992 4155 separatus
2039 4095 2116 4138 est
2173 4086 2238 4138 ab
2290 4085 2370 4137 his
2436 4084 2730 4154 regionibus
2789 4101 2928 4154 papa
2983 4102 3146 4155 usque
3207 4086 3276 4137 ad

1720 4175 2049 4230 Francorum
2117 4177 2414 4251 adventum.
2479 4174 2633 4228 Haud
2687 4191 2806 4228 sum
2860 4185 3116 4243 gravatus
3169 4185 3275 4229 tam

1720 4268 1889 4344 multa
1941 4253 2157 4334 afferre,
2200 4267 2329 4336 quia
2380 4283 2484 4320 non
2520 4283 2688 4337 pauca
2723 4269 2774 4320 in
2823 4268 2891 4322 iis
2933 4270 3276 4323 animadver-

1719 4358 1872 4412 sione
1911 4359 2260 4427 dignissima.

1790 4447 2026 4500 XXXIV.
2065 4448 2339 4515 Principio
2377 4446 2494 4500 falsi
2529 4454 2858 4516 arguuntur,
2897 4447 2989 4516 qui
3019 4446 3278 4502 Romamn

54 4556 314 4608 rmhiam
353 4552 689 4612 eumnam,
716 4549 1188 4619 quemadmodum
1239 4557 1291 4601 ει
1344 4548 1611 4608 Siciliam,
1647 4569 1689 4621 Β
1720 4540 2062 4608 patriarchiae
2106 4539 2521 4592 distractionem
2569 4539 2636 4591 ab
2680 4536 2880 4592 Leonis
2926 4539 3096 4593 Isauri
3141 4549 3277 4593 tern-

52 4655 100 4700 et
133 4644 479 4706 Calabriam,
515 4657 546 4696 e
573 4641 820 4694 Romana
843 4640 1174 4708 patriarchia
1208 4640 1428 4694 avulsas
1454 4641 1615 4710 vulgo

53 4737 236 4791 volunt
289 4735 361 4787 ah
395 4732 578 4787 Leone
608 4735 746 4801 Aug.
792 4730 1054 4796 Isaurico,
1088 4745 1196 4798 quo
1247 4731 1501 4799 injuriam
1536 4733 1615 4784 ul-

52 4828 356 4881 cisceretur
380 4839 408 4877 a
437 4821 699 4892 Gregorio
731 4820 771 4875 ll
805 4817 1050 4875 lldmauo
1075 4819 1330 4888 episcotio
1359 4821 1462 4873 sibi
1497 4820 1615 4872 illa:

52 4933 175 4982 tam,
200 4918 373 4986 cujus
407 4930 571 4985 opera
599 4912 810 4967 italiam
841 4913 909 4967 ab
946 4929 1009 4968 eo
1033 4912 1296 4966 defecisse
1327 4913 1612 4965 traditum.

53 5012 148 5064 Sed
186 5013 353 5076 longe
385 5016 512 5059 ante
551 5006 662 5059 hinc
697 5016 940 5072 tempora
977 5004 1232 5058 laudatus
1274 5004 1436 5070 modo
1460 5002 1616 5058 Nilus

53 5103 246 5156 factum
295 5099 484 5152 isthuc
520 5097 736 5162 scribit,
773 5095 838 5149 de
871 5094 1478 5162 Constantinopolitano
1521 5109 1616 5163 pu-

52 5193 285 5248 triarclta
321 5178 806 5256 disserensmujus
838 5187 951 5239 hmc
986 5187 1156 5238 recito
1194 5184 1346 5239 Latio
1378 5187 1611 5239 donata:

49 5284 244 5339 Rursus
280 5299 350 5336 ea:
399 5278 728 5337 Occidentnli
761 5277 968 5334 ditecesi
1003 5277 1106 5328 duo
1166 5266 1379 5329 exarchi
1425 5277 1616 5329 simili-

52 5392 138 5444 ter,
167 5348 393 5448 reliqtiis
419 5371 843 5441 metropolitanis
871 5368 1139 5437 subjectis,
1157 5368 1326 5436 Imulto
1351 5379 1613 5435 praestan-

52 5473 197 5525 tiores
250 5487 306 5525 ιε
362 5467 725 5535 subjecerunt,
788 5459 1265 5516 Thessalonicensis
1317 5476 1515 5528 nempe,
1565 5470 1612 5512 et

52 5563 378 5621 Corinthius,
418 5575 548 5628 quos
588 5555 751 5608 secuti
791 5563 912 5606 sunt
943 5552 1289 5621 metropolitte
1327 5553 1535 5613 reliqui,
1566 5563 1613 5604 et

53 5655 449 5721 archiepiscopi,
481 5651 570 5719 qui
596 5647 687 5700 sub
714 5645 819 5697 illis
843 5656 1086 5698 erant....
1123 5643 1312 5696 Sicilia
1337 5654 1609 5710 pra’terea,

0 5779 19 5788 -
53 5757 93 5796 et
127 5743 378 5798 Calabria
414 5757 468 5793 se
498 5737 1082 5801 Coustantinopolitnno
1124 5747 1531 5804 supposuerunt.
1565 5748 1611 5788 et

54 5847 227 5890 sancta
261 5835 552 5896 Seuerino,
588 5847 704 5902 qua
745 5841 790 5884 et
839 5828 1109 5895 Nicopolis
1141 5829 1449 5880 dicitur.....
1499 5829 1609 5881 An-

1721 4633 1944 4701 porihus
1993 4639 2290 4700 repetunt,
2333 4646 2457 4684 cum
2514 4630 2686 4683 multo
2749 4641 3037 4699 antequam
3102 4631 3276 4687 Roma

1720 4725 1938 4793 penitus
1993 4739 2022 4776 a
2075 4721 2684 4790 Constantinpolitano
2749 4723 3077 4789 imperatore
3124 4725 3292 4798 th-l'u-V

1717 4815 1903 4880 cisset,
1943 4815 2056 4880 jam
2131 4814 2261 4865 illud
2327 4805 2643 4867 usuieuisse
2701 4809 2890 4869 doceat
2941 4816 3126 4874 Nilus;
3177 4831 3272 4869 ne-

1717 4923 1819 4977 que
1857 4916 2033 4959 tamen
2077 4906 2165 4957 illa
2223 4903 2501 4976 deiecerit,
2560 4905 2660 4958 nisi
2711 4905 2811 4959 sub
2862 4905 3036 4960 Leone
3089 4908 3276 4963 Isauro

1718 5015 1860 5053 anno
1893 4997 2012 5062 726,
2048 4997 2404 5065 quoducem,
2455 4996 2542 5050 cui
2588 5012 2772 5050 rerum
2804 5013 3014 5052 summa
3048 5001 3274 5066 credita,

1719 5093 1820 5145 sibi
1877 5099 2102 5144 senatus
2147 5089 2492 5158 populusque
2542 5080 2725 5158 elegit,
2774 5078 3104 5158 quamquam
3154 5104 3277 5160 post

1719 5185 1770 5236 in
1804 5183 2040 5236 ollicium
2079 5183 2274 5235 iterum
2328 5183 2570 5247 redacta,
2622 5183 2794 5235 donec
2830 5197 2972 5236 anno
3004 5182 3105 5236 774
3137 5185 3278 5237 (ἴση.

1717 5277 1956 5329 stautin
1985 5273 2334 5342 Coprouymo
2366 5274 2506 5342 Aug.
2546 5274 2752 5341 regium
2790 5273 3078 5341 imperium
3114 5289 3274 5343 pror-

1717 5382 1810 5421 sus
1838 5365 2164 5428 excusserit,
2203 5366 2254 5418 in
2289 5364 2562 5433 pontiﬁcis
2603 5362 2856 5431 sui'jura
2896 5380 3018 5418 sese
3069 5365 3274 5418 dedens

1670 5496 1680 5508 μ
1721 5457 1816 5526 (γ.
1847 5458 1974 5527 Pag.
2021 5458 2085 5510 ad
2124 5473 2212 5510 an.
2251 5457 2352 5510 796
2396 5465 2450 5508 et
2493 5454 2668 5528 799);
2718 5455 2848 5524 quin
2897 5466 3083 5528 aperte
3121 5454 3275 5509 Nilus

1719 5559 1971 5614 testatur,
2008 5551 2307 5603 accessisse
2342 5519 2608 5609 Siciliam.
2660 5547 2967 5601 Calabriam
2993 5589 3005 5610 ,
3054 5547 3273 5601 Cretam

1716 5640 2320 5708 Constantinopolitano
2360 5641 2706 5709 patriarchu-,
2756 5655 2876 5693 cum
2919 5637 3146 5691 Barbari
3184 5641 3276 5694 des

1662 5737 1665 5740 ’
1713 5735 1963 5801 prehenso
1994 5750 2130 5801 papa
2173 5732 2387 5784 Romam
2437 5732 2663 5800 spolium
2710 5732 2903 5800 [actam
2937 5732 2988 5782 in
3035 5736 3273 5800 proprios

1716 5844 1839 5879 usus
1907 5835 2296 5886 Convertcrunt;
2370 5825 2664 5893 itidemque
2710 5824 2900 5878 seti‘uit
2949 5823 3002 5876 in
3062 5824 3271 5890 Lina-o-
