4032 6334
177 479 301 545 1221

1548 486 2071 549 DISSERTATIO.

3266 484 3404 553 1223

175 595 408 650 llomaui
445 594 765 665 patriarcha:
803 592 860 652 in
882 592 1105 652 Oriente
1128 595 1445 661 vicariatus,
1492 596 1737 665 adeoque
1767 609 1810 663 Α
1837 596 2026 649 damus
2057 612 2151 663 pro
2185 596 2443 659 omnibus,
2479 604 2595 662 (μην
2623 586 2770 650 nobis
2817 594 2952 651 Deus
2976 604 3067 663 per
3090 607 3139 652 te
3172 597 3352 654 tribuit
3374 598 3434 667 ν,

170 685 395 739 dubiam
423 700 615 740 eorum
645 685 1053 757 episcOporum,
1082 686 1173 756 qui
1217 686 1285 741 iis
1306 693 1580 756 parerent,
1611 684 1737 755 qui-

166 790 280 844 que
311 776 492 831 adhuc
526 785 711 846 aperte
738 791 859 830 non
912 778 1288 840 rebellassent,
1331 776 1489 829 ﬁdem
1541 774 1737 844 fuisse,

173 874 232 921 ut
260 866 314 921 id
357 866 576 921 tandem
626 882 824 930 munus
856 867 1291 923 demandandum
1325 866 1489 920 fuerit
1525 869 1740 935 provin-

172 957 272 1012 cia:
301 939 563 1028 episeopo
594 956 749 1014 extra
781 974 873 1014 eas
899 959 1183 1013 exarchias
1216 960 1424 1027 posito;
1452 968 1568 1012 erat
1590 959 1736 1012 enim

165 1042 564 1117 Philadelphia:
594 1050 887 1119 episcopus
913 1065 943 1104 e
972 1053 1182 1120 synodo
1212 1048 1395 1120 Lydiae
1419 1050 1732 1117 provinciae,

171 1150 294 1203 qua:
349 1137 967 1206 Constantinopolitanae
1015 1138 1354 1205 patriarchia:
1405 1138 1735 1206 contributa.

170 1225 300 1281 "ac
324 1242 451 1281 cum
485 1228 560 1281 ita
600 1229 733 1293 sint,
761 1230 974 1283 desinat
997 1228 1291 1283 Caietanus
1332 1228 1510 1282 dicam
1559 1228 1739 1282 dicere

166 1317 424 1387 Leontio,
454 1320 596 1389 quod
632 1319 854 1381 anxium
906 1320 1073 1375 animi
1108 1318 1450 1384 Pontiﬁcem,
1497 1319 1623 1390 quid
1655 1336 1738 1375 re-

168 1424 294 1464 rum
328 1406 562 1480 gerel'et,
606 1411 682 1465 uti
717 1410 1011 1466 manifesta
1045 1410 1330 1466 sibi-ﬁeret
1366 1410 1610 1479 Gregorii
1664 1411 1739 1465 in-

168 1502 464 1569 nocentia;
502 1501 613 1557 ber.
645 1503 988 1557 consuluisse
1014 1502 1162 1556 dicat
1190 1503 1438 1556 Marcum
1466 1501 1735 1564 abbatem,

166 1591 263 1661 qui
295 1591 570 1661 quondam
618 1589 991 1664 Hierosolyma
1034 1592 1355 1662 Gregorium
1400 1591 1731 1646 deduxerat:

170 1682 317 1735 Audi
349 1699 427 1736 me
449 1725 465 1749 ,
518 1683 725 1739 domine
745 1722 761 1749 ,
822 1684 996 1753 tuique
1024 1674 1179 1736 servi!
1202 1683 1475 1737 consilium
1511 1683 1685 1751 accipe
1714 1698 1735 1736 :

168 1788 336 1842 neque
360 1775 497 1828 enim
525 1774 591 1837 de
623 1774 831 1829 homine
860 1790 952 1828 nos
981 1775 1118 1843 ferre
1144 1774 1411 1844 judicium
1436 1788 1731 1840 possumus,

168 1864 278 1916 nisi
317 1863 691 1935 archiepiscopi
720 1863 1294 1933 Constantinopolitani
1319 1903 1333 1930 ,
1363 1865 1586 1933 itemque
1606 1857 1742 1931 piis?

1841 691 1919 743 Ac.
1946 687 2085 741 nosti
2116 687 2227 755 jam
2257 687 2535 741 dimidiam
2566 696 2763 741 nostra
2792 687 2938 741 urbis
2965 700 3165 757 partem
3195 729 3211 755 ,
3252 692 3404 745 item-

1840 794 1938 847 que
1964 778 2326 847 episcopatum
2381 787 2565 832 sancto
2622 795 2683 832 ac
2732 777 2959 847 principi
3003 781 3277 847 apostolo,
3320 770 3411 852 qui

1840 868 1923 920 hic
1953 877 2051 933 est,
2076 869 2390 937 subiacere?
2422 858 2549 922 Rem
2576 884 2792 940 prorsus
2825 870 2900 922 ita
2952 868 3138 923 habere
3183 872 3408 939 amt-mat

1841 943 2142 1029 Gregorius.
2171 959 2238 1012 At
2266 961 2526 1028 pontifex,
2559 960 2762 1013 Mecum
2792 960 2900 1029 ipse
2945 961 3105 1012 statui
3123 960 3262 1027 jam,
3290 965 3412 1030 qud

1838 1048 2121 1118 peculiaris
2151 1050 2297 1101 nobis
2337 1058 2437 1113 est,
2479 1050 2703 1103 mediam
2748 1051 2893 1102 urbis
2922 1060 3115 1103 nostrae
3140 1062 3341 1119 partem
3373 1069 3407 1103 α

1838 1147 2042 1202 sancto,
2069 1139 2270 1200 divino,
2298 1141 2713 1209 sempiternaque
2730 1139 2887 1193 laude
2916 1140 3071 1208 digno
3095 1141 3410 1209 imperatore

1839 1229 2020 1285 nostra
2056 1229 2405 1286 Constantino
2458 1230 2813 1300 apostolorum
2862 1232 3091 1299 principi
3130 1229 3402 1293 donatam,

1837 1334 1929 1389 per
1962 1330 2008 1374 te
2041 1335 2178 1373 nunc
2214 1318 2340 1378 Deo.
2368 1319 2658 1387 temploque
2683 1319 2789 1371 'abs
2820 1329 2869 1371 te
2907 1318 3222 1386 aediﬁcando
3248 1321 3404 1372 attri-

1838 1413 1992 1466 buere
2016 1449 2032 1465 .
2062 1450 2075 1464 .
2103 1452 2119 1467 .
2161 1411 2283 1465 inde
2310 1410 2553 1464 advocati
2578 1410 2889 1478 ‘aspontiﬁce
2923 1409 3173 1465 Ecclesia:
3204 1410 3401 1472 dilecti,

1836 1506 2190 1572 primoresque
2218 1502 2361 1556 urbis
2388 1541 2402 1565 ,
2465 1518 2683 1572 cumque
2714 1502 3067 1564 assedissent,
3123 1518 3229 1554 una
3284 1517 3402 1554 cum

1835 1597 2077 1664 pontiﬁce
2106 1596 2355 1661 scripsere
2392 1593 2608 1653 librum,
2650 1610 2802 1663 quem
2837 1610 2867 1646 ιι
2902 1593 3087 1663 synodi
3123 1595 3431 1662 episcoiiis,._

1837 1695 2122 1756 cunctaque
2138 1686 2377 1739 Ecclesia
2398 1686 2732 1754 obsignatum
2754 1684 2904 1738 beato
2929 1685 3175 1753 Gregorio
3194 1686 3397 1739 dedere.

1836 1777 1938 1833 Hic
1960 1779 2254 1832 Caietanus
2280 1777 2523 1831 vitiatam
2558 1777 2842 1831 lectionem
2877 1777 3124 1851 incusat;
3158 1791 3262 1830 non
3298 1792 3407 1845 pu-t

1838 1879 1963 1936 tat,‘
2005 1885 2113 1925 non
2153 1870 2354 1939 patitur
2387 1867 2698 1937 pontiﬁcem
2748 1876 2855 1921 tam
2914 1868 3060 1937 large
3101 1866 3394 1921 liberalem.

166 1954 294 2007 simi
328 1954 486 2026 317
520 1956 853 2026 imperatoris
891 1956 1163 2009 accedente
1188 1955 1408 2009 oonsilio
1436 1995 1447 2007 .
1472 1993 1484 2007 ι
1512 1992 1523 2006 ·
1549 1993 1563 2007 ο
1599 1952 1738 2006 Ρνο-
1768 1946 1810 2001 Β
1838 1962 1999 2018 Audit
2038 1961 2453 2031 Metnpbrastem
2492 1976 2613 2013 cum
2663 1942 2886 2012 Leontio
2925 1959 3247 2021 convenire;
3302 1974 3400 2012 nec

167 2046 332 2100 batur
364 2047 604 2115 pontifici
625 2045 925 2107 consilium,
947 2062 1109 2115 quare
1124 2032 1333 2099 litteris
1359 2046 1428 2098 ad
1441 2045 1735 2114 piissimum

163 2137 541 2205 imperatorem
570 2146 807 2190 nostrum
834 2134 1217 2197 Iustinianum,
1248 2137 1736 2205 sanctissimumquc

163 2226 617 2296 archiepiscopum
648 2224 1283 2295 Constantinopolilauum
1314 2233 1567 2279 accurate
1602 2228 1735 2279 scri-

162 2316 263 2381 bit,
297 2318 655 2388 advocansque
684 2321 814 2371 duos
840 2319 1127 2388 episcopos,
1154 2314 1243 2386 qui
1264 2334 1380 2370 cum
1410 2325 1587 2371 sancto
1615 2316 1740 2372 Gre;

160 2410 318 2479 gorio
341 2411 392 2463 in
429 2400 650 2463 concilio
707 2410 802 2478 (h.
836 2425 898 2463 -e.
927 2396 1567 2477 Constantinopolitano)
1628 2425 1733 2461 una

159 2496 401 2571 fuerant,
432 2502 577 2553 datis
624 2518 738 2570 qute
767 2501 834 2552 ad
864 2502 962 2553 iter
1005 2501 1120 2553 usui
1149 2500 1395 2569 fuerant,
1427 2498 1731 2554 Corutanti-

161 2592 397 2660 nopolim
423 2592 666 2646 dimittit.
696 2592 812 2647 Non
832 2592 946 2647 haec
965 2592 1556 2659 concoxitCaietanus;
1589 2594 1731 2657 Quid

161 2686 309 2736 enim
351 2684 609 2755 (inquit)
668 2684 904 2738 Romano
952 2685 1192 2754 pontiﬁci
1246 2700 1365 2737 cum
1420 2685 1730 2753 imperatore

165 2772 403 2829 Orientis
442 2786 491 2829 et
552 2777 856 2845 patriarcha
890 2774 1493 2844 Constantinopolitano,
1547 2777 1601 2828 in
1638 2776 1726 2840 iis,

157 2881 284 2935 qua:
297 2868 367 2919 ad
385 2866 593 2936 judicia
613 2874 928 2935 spectarent,
953 2882 1070 2919 cum
1095 2868 1366 2935 episcopis.
1396 2875 1446 2919 et
1472 2865 1729 2935 pra'cipue

157 2959 277 3010 sedi
311 2956 555 3013 Romanae
590 2957 854 3027 subjectis,
902 2956 1079 3026 quales
1110 2957 1271 3026 fuisse
1298 2958 1559 3026 episcopos
1587 2955 1724 3009 Sici-

158 3047 252 3102 lia:
274 3063 473 3101 certum
501 3059 578 3103 est
602 3065 659 3103 eo
693 3049 962 3116 tempore?
992 3047 1153 3118 Atqui
1185 3049 1325 3117 quod
1355 3059 1560 3103 certum
1585 3062 1725 3117 pra3~

157 3138 310 3192 dicat
346 3136 658 3204 Caietanus,
710 3136 811 3191 hoc
850 3137 1025 3205 ipsum
1055 3144 1140 3191 est
1191 3134 1337 3206 quod
1374 3130 1532 3205 plane
1562 3150 1717 3205 nega-

158 3242 310 3291 mus.
333 3229 377 3282 si
395 3229 612 3297 quidem
630 3229 696 3282 ad
717 3226 1007 3294 Justiniani
1022 3226 1063 3281 ll
1082 3240 1320 3301 tempora
1345 3224 1720 3296 respiciamus.

157 3316 321 3375 Tunc
357 3320 632 3374 enimvero
672 3320 854 3373 omnis
910 3320 1079 3373 ferme
1117 3318 1422 3381 Siculorum
1483 3316 1724 3373 Ecclesia

157 3410 750 3477 Constantinotiolitani
778 3410 1018 3479 episcopi
1065 3409 1371 3472 auctoritati
1398 3409 1724 3478 obsequens,

158 3501 395 3569 licetque
409 3500 756 3570 Agrigentina
777 3500 1046 3554 Romanas
1064 3501 1239 3555 adhuc
1258 3508 1435 3569 partes
1464 3508 1724 3564 tueretur,

158 3601 345 3645 tamen
384 3591 655 3646 nescimus
684 3606 805 3660 quae
846 3589 1047 3647 fmdera
1075 3593 1140 3647 ab
1165 3600 1394 3662 utroque
1421 3592 1725 3663 patriarcha

159 3695 376 3744 sancta.
396 3685 758 3752 undejurium
784 3683 917 3738 ﬁnes
945 3684 1355 3753 circumscripti.
1387 3682 1568 3753 Neque
1597 3684 1725 3737 illud

159 3786 379 3853 verunr,
410 3776 551 3845 quod
584 3784 859 3845 tantopere
888 3784 1176 3845 exaggerat
1207 3775 1500 3830 Caietan‘us
1528 3777 1580 3830 in
1612 3775 1726 3845 cpi-

158 3881 458 3935 scoporum
498 3867 717 3935 judiciis
768 3866 901 3920 nihil
949 3866 1364 3936 imperatoribus
1422 3867 1722 3920 tributum:

160 3961 278 4012 imo
301 3972 428 4011 vero
459 3957 681 4012 nimium
715 3966 979 4027 quantum
1005 3957 1073 4013 iis
1099 3957 1378 4020 tributum,
1411 3965 1465 4010 ut
1491 3957 1720 4021 licuerit,

158 4061 211 4105 ct
250 4050 537 4125 episcopos
563 4049 841 4120 delegare,
871 4049 962 4119 qui
992 4064 1183 4105 causas
1212 4056 1623 4119 cognoscerent,
1672 4057 1727 4102 t-t

157 4142 493 4211 appellantes
521 4139 729 4205 audire,
762 4141 935 4210 iisque
956 4141 1258 4196 consulere.
1295 4139 1387 4209 (V.
1414 4139 1607 4195 Euseb.
1652 4137 1720 4192 E.

162 4229 239 4283 Η.
273 4230 369 4285 lib.
414 4246 465 4294 ι,
496 4246 616 4299 cap.
644 4230 708 4294 5;
741 4230 976 4285 Marcam
999 4269 1013 4292 ,
1071 4230 1148 4284 De
1179 4245 1322 4283 conc.
1361 4246 1469 4283 sae.
1508 4240 1557 4283 et
1592 4231 1721 4297 imp.

159 4321 258 4376 lib.
294 4337 391 4384 νη,
419 4336 540 4391 cap.
598 4321 677 4391 9.)
724 4319 914 4375 Nonne
951 4320 1053 4376 hoc
1091 4320 1244 4385 satis,
1273 4328 1331 4373 ut
1355 4321 1574 4376 cordate
1603 4335 1723 4375 sese

159 4415 400 4484 gessisse
446 4414 686 4469 Marcum
721 4415 969 4468 abbatem
1018 4427 1140 4467 cum
1190 4412 1433 4465 Romano
1471 4411 1723 4482 pontiﬁce

156 4506 430 4570 dicamus,
447 4506 537 4575 qui
568 4513 762 4558 auctor
792 4520 902 4559 rem
932 4503 1205 4559 deferendi
1226 4505 1292 4559 ad
1319 4504 1716 4574 imperatorem,

1838 2053 2055 2108 duobus
2085 2060 2264 2107 tamen
2298 2053 2524 2106 testibus
2551 2065 2713 2120 pcurs
2751 2050 2898 2104 illum
2930 2050 3088 2105 ﬁdes.
3119 2050 3403 2114 Ettamen,

1840 2152 2065 2212 excepta
2093 2142 2423 2211 suscipione,
2445 2142 2642 2207 catillus
2685 2141 2758 2194 illi
2786 2140 2967 2205 ensis,
3002 2156 3109 2210 quo
3149 2126 3397 2194 testimoi-

1834 2232 1986 2287 nium
2020 2232 2246 2303 jugulet.
2284 2233 2525 2301 Tantum
2547 2212 2812 2293 concedit,
2853 2230 3181 2295 e'argitama
3214 2232 3396 2298 ponti-

1835 2326 1936 2380 ﬁce
1966 2324 2289 2394 prmdiorum
2320 2332 2549 2394 partem,
2594 2335 2829 2391 quorum
2882 2321 3118 2373 Romana
3159 2319 3398 2374 Ecclesia

1836 2418 1887 2470 in
1915 2414 2100 2471 Sicilia
2133 2412 2632 2484 potiretur.'Neque
2661 2412 2929 2483 pontiﬁcis
2977 2412 3142 2469 modo
3164 2411 3397 2485 liberali-

1834 2517 1993 2562 tatem
2016 2515 2251 2571 coercet,
2283 2508 2377 2561 se’d
2402 2506 2565 2559 etiam
2597 2503 2957 2574 imperatoris.
3014 2502 3147 2556 Cum
3194 2502 3394 2569 Grego-

1832 2596 1948 2650 rius
1977 2594 2145 2650 Roma
2180 2609 2299 2648 sese
2341 2592 2868 2661 Constantinopolim
2918 2590 3272 2654 contulisset,
3330 2606 3399 2642 (ο

1831 2686 2207 2741 admirationis
2260 2684 2361 2739 fuit
2407 2683 2717 2738 Justiniano
2746 2682 2918 2750 Aug.,
2956 2688 3014 2733 ut
3065 2695 3185 2733 cum
3231 2680 3298 2732 ab
3327 2695 3393 2733 eo
3490 2742 3491 2745 η

1831 2782 2075 2851 pctiisset
2112 2782 2288 2835 locum
2322 2780 2423 2833 sibi
2458 2780 2510 2831 in
2554 2777 2904 2848 Agrigentina
2951 2774 3083 2828 urbe
3113 2774 3394 2838 tribueret,

1828 2872 1921 2925 ubi
1957 2886 2155 2925 novum
2183 2878 2404 2940 poneret
2431 2869 2735 2939 episc0pale
2785 2867 3043 2936 templum
3067 2904 3084 2931 ,
3148 2864 3391 2934 quando-

1826 2962 2042 3032 quidem
2069 2962 2208 3031 quod
2221 2966 2530 3029 supererat.
2556 2958 2853 3027 sacrilegiis
2886 2954 3389 3012 incestaveratLeu-

1825 3048 1942 3102 cius
1972 3048 2188 3116 quidam
2221 3045 2504 3100 haereticus
2544 3045 2596 3098 in
2648 3043 2964 3098 Laodicensi
3007 3045 3216 3121 synodo
3259 3058 3389 3112 pro-

1824 3142 2081 3210 scriptus,
2115 3141 2229 3208 qui,
2259 3153 2316 3193 sc
2340 3138 2583 3203 absente,
2620 3136 3169 3206 pseudo-episcopum
3208 3149 3388 3204 gesse-

1827 3239 1911 3284 rat
1934 3247 1945 3282 :
1968 3229 2122 3293 Ecce,
2161 3226 2670 3297 inquit,imperator,
2689 3227 2967 3279 dimidiam
2995 3227 3136 3279 urbis
3162 3236 3384 3292 partem.

1826 3337 1941 3390 qua!
1979 3321 2068 3389 pia
2108 3319 2278 3373 subest
2306 3318 2522 3386 imperio
2550 3326 2762 3381 nostro,
2812 3332 2903 3387 per
2934 3326 2982 3369 te
3025 3317 3133 3370 Deo
3176 3317 3386 3382 damus,

1826 3414 2183 3481 dicamusquc,
2214 3412 2293 3464 uti
2340 3411 2500 3465 a’dem
2534 3409 2640 3463 Deo
2688 3409 2917 3478 fidelem,
2950 3410 3384 3478 episcOpiumque,

1825 3503 2006 3557 ubiubi
2041 3493 2280 3569 libuerit,
2330 3494 2613 3557 instaures.
2674 3500 2800 3555 inde
2846 3500 3062 3562 decerni
3102 3501 3391 3570 donarique

1827 3595 2288 3667 Gregorio-locum
2326 3593 2621 3663 multasque
2667 3594 3019 3662 possessiones
3063 3591 3233 3661 jubet.
3266 3590 3384 3646 Non

1827 3686 1940 3739 haec
1970 3686 2225 3740 historica
2259 3683 2364 3737 ﬁde
2390 3683 2591 3752 scripta
2617 3691 2803 3739 censet
2817 3680 3233 3748 Caietauus,sed
3260 3698 3390 3736 ora-

1828 3777 1982 3841 torie,
2023 3777 2126 3831 hoc
2158 3785 2241 3832 est
2273 3774 2671 3847 ὑπερϐολικῶς
2705 3773 2814 3830 Nos
2848 3783 3060 3835 contra,
3087 3789 3208 3829 cum
3239 3773 3387 3827 nullo

1826 3869 2103 3924 videamus
2129 3869 2301 3924 fulcro
2326 3868 2527 3922 ﬁrmari
2555 3866 2796 3922 Caietuni
2828 3865 3216 3935 suspicionem,
3250 3880 3385 3928 rem,

1826 3968 1883 4013 ut
1909 3960 2067 4028 plane
2096 3970 2276 4021 sonat,
2320 3960 2762 4029 interpretamur.
2789 3957 2892 4012 Sed
2916 3957 3057 4024 quod
3092 3956 3144 4009 in
3162 3971 3383 4011 causam

1823 4050 1990 4116 venit,
2026 4050 2451 4106 consideremus.

1894 4139 2182 4197 XXXVIII.
2225 4144 2313 4195 Ait
2337 4142 2499 4212 igitur
2523 4141 2743 4211 Sergius
2758 4140 2996 4211 pontifex
3019 4140 3161 4196 dono
3180 4142 3247 4197 ab
3265 4158 3388 4197 sese

1823 4230 2012 4285 donari
2047 4230 2363 4301 Gregorium
2393 4247 2456 4285 ex
2488 4231 2768 4284 dimidiata
2799 4230 2967 4283 Roma
2994 4271 3008 4293 ,
3035 4245 3155 4300 quae
3180 4244 3210 4283 a
3249 4230 3385 4285 Cou-

1823 4324 2064 4378 stantiuo
2121 4323 2365 4391 Augusto
2421 4321 2787 4390 apostolorum
2854 4320 3083 4389 principi
3137 4320 3387 4387 elargita,

1822 4415 2053 4468 mediam
2083 4422 2313 4483 partem.
2354 4414 2457 4468 Sed
2498 4415 2640 4482 quis,
2676 4428 2793 4477 oro,
2844 4412 2943 4466 iste
2969 4411 3385 4481 Constantinus,

1820 4505 1911 4577 qui
1938 4506 2137 4559 donum
2172 4505 2301 4558 illud
2329 4505 2562 4558 obtulit?
2593 4502 2844 4572 Nunquid
2874 4501 3100 4573 Magnus
3127 4502 3214 4556 ille
3238 4542 3253 4566 ,
3293 4506 3385 4573 qui

155 4595 400 4675 quando,
434 4596 593 4651 modo
617 4595 810 4665 volupe
839 4595 913 4647 illi
950 4594 1130 4660 fuerit,
1161 4596 1474 4665 episcopum
1505 4604 1715 4666 poterat
1748 4616 1790 4670 υ
1819 4596 2130 4652 Chrisriano
2178 4596 2375 4666 populo
2430 4596 2578 4665 pacis
2643 4604 2850 4649 astrum
2903 4593 3144 4662 aﬂulsit?
3203 4594 3388 4663 LOngc

154 4688 414 4757 deligere,
445 4688 538 4757 qui
561 4686 821 4758 Gregorio
833 4685 924 4755 ius
940 4687 1156 4750 diceret,
1181 4687 1311 4756 quin
1344 4703 1409 4741 eo
1435 4688 1487 4740 in
1510 4687 1715 4755 judicio

155 4777 243 4833 vel
290 4777 576 4832 minimum
620 4778 722 4832 sibi
775 4784 1051 4847 arrogaret
1080 4774 1377 4832 Romanus
1435 4770 1715 4847 pontifex?

152 4872 498 4939 Quapropter
518 4868 693 4923 videat
717 4868 1028 4932 Caietanus,
1062 4883 1234 4938 ecquo
1255 4868 1375 4938 jure
1406 4877 1713 4937 suspectam

155 4963 452 5019 venditarit
509 4961 716 5034 Leontii
774 4966 1139 5019 narrationem
1171 5003 1183 5024 .
1240 4977 1400 5032 quam
1441 4961 1712 5017 cramme

153 5057 427 5122 recoquit.
464 5057 678 5125 quaties
709 5065 799 5110 res
826 5055 879 5108 in
917 5056 1243 5110 sententiam
1277 5070 1429 5111 suam
1471 5071 1586 5133 non
1627 5069 1715 5109 ce-

153 5150 314 5203 dunt.
358 5145 546 5202 Utrum
576 5146 678 5201 hoc
709 5147 1063 5217 probandum,
1083 5148 1322 5216 judicent
1361 5148 1596 5203 subat-tte
1621 5145 1715 5200 do-

153 5240 348 5295 ctrinae
371 5239 544 5309 capita
581 5256 596 5292 :
627 5254 727 5309 ego
757 5238 935 5309 magni
960 5238 1059 5292 viri
1086 5239 1336 5294 manibus
1363 5249 1565 5294 :eterno
1596 5248 1739 5293 stu--

153 5333 246 5388 dio
278 5332 541 5395 addictos,
567 5346 688 5400 quae
723 5347 754 5385 e
792 5348 848 5387 re
885 5348 1000 5387 mea
1036 5339 1181 5393 sunt,
1212 5346 1499 5400 exsequar.

224 5421 494 5479 XXXVII.
525 5421 816 5493 Postquam
849 5436 954 5478 tam
989 5423 1157 5478 multa
1184 5422 1412 5477 dixerim
1437 5424 1714 5478 vindicati.

155 5514 236 5569 da:
276 5513 526 5584 Gregorii
570 5512 710 5569 aetati
736 5554 751 5579 ,
807 5514 936 5583 quid
973 5514 1149 5569 adhuc
1206 5524 1490 5584 superest,
1524 5514 1627 5568 nisi
1659 5523 1715 5568 ut

155 5604 480 5680 mantissam
507 5605 649 5671 dem,
674 5590 782 5675 quo
820 5614 1031 5659 tantum
1060 5605 1330 5680 negotium
1358 5604 1718 5659 conficiatur?

156 5698 269 5768 Age
302 5676 433 5749 verto
461 5698 679 5768 Sergius
708 5697 944 5769 pontifex
972 5738 986 5761 ,
1036 5676 1313 5767 perspecta
1343 5695 1587 5767 Gregorii
1636 5697 1717 5750 in-

158 5786 433 5847 nocentia,
454 5787 724 5859 simulque
740 5790 1018 5845 sanctitate
1041 5788 1406 5858 prodigiorum
1428 5786 1714 5851 eilcctrice,

158 5867 313 5935 tuum
346 5876 451 5933 sibi
474 5882 717 5948 accersit,
736 5890 789 5938 et
809 5901 821 5938 ε
844 5880 1021 5946 «Quid
1047 5879 1391 5949 tibitioquit),
1408 5880 1505 5947 ﬁli,
1535 5894 1717 5948 repen-

1815 4688 2015 4742 abeunt
2074 4689 2178 4745 hoc
2219 4688 2509 4742 indicando
2538 4685 2835 4741 Leontiana
2870 4689 3051 4740 verba.
3096 4683 3378 4754 Perpende

1816 4779 1931 4832 haec
1954 4776 2149 4847 Sergii,
2183 4794 2305 4847 qute
2329 4778 2621 4848 protulisse
2646 4777 2805 4831 docet
2837 4776 3114 4840 Leontius,
3156 4776 3385 4853 impera-

1818 4876 1927 4923 tore
1963 4877 2138 4922 nostro
2169 4856 2516 4922 Coristaittino
2544 4909 2558 4933 ,
2616 4879 2726 4921 tum
2784 4867 3021 4931 videris,
3078 4869 3386 4923 donationis

1817 4970 2091 5015 unctorem
2117 4949 2533 5015 Constantinum
2559 4960 2793 5028 aliquem
2813 4947 3249 5027 pra-dicandum,
3274 4976 3386 5029 quo

1817 5053 2120 5119 imperante
2170 5059 2222 5115 et
2254 5051 2498 5129 Sergius
2542 5061 2594 5105 et
2666 5048 2958 5119 Gregorius
2991 5049 3256 5117 vixerint;
3289 5053 3383 5122 qui

1816 5142 1960 5198 enim
1991 5151 2223 5196 nostrum
2256 5142 2453 5197 dixerit
2495 5143 2861 5212 imperatorem
2911 5142 3132 5221 Sergius
3158 5183 3173 5210 ,
3228 5144 3381 5209 cujus

1816 5234 2071 5305 potestati
2103 5248 2379 5304 nunquam
2417 5232 2581 5288 fuerit
2630 5233 2937 5287 obnoxius?
2965 5231 3136 5287 Porro
3170 5234 3383 5287 (Saieta-

1818 5341 1940 5391 nus,
1975 5323 2258 5379 Leontium
2284 5323 2543 5395 Gregorio
2573 5333 2727 5380 aetate
2755 5323 3015 5392 {aqualem
3042 5324 3379 5378 demonstra-

1819 5429 1993 5486 turus,
2024 5434 2088 5474 eo
2124 5413 2364 5474 maxime
2386 5422 2577 5474 nititu’r
2607 5429 2942 5487 argumento,
2975 5419 3119 5489 quod
3147 5423 3378 5486 impetu--

1817 5519 1989 5566 torem
2009 5510 2372 5566 .lnstiniunum
2394 5511 2681 5564 nominans
2711 5521 2948 5564 nostrum
2972 5520 3212 5579 usurpet,
3236 5510 3379 5578 quod

1819 5618 1978 5657 nemo
2017 5602 2306 5658 damnarit.
2347 5600 2729 5657 iurisconsulti
2782 5600 3068 5672 Ulpianum
3118 5618 3273 5654 suum
3309 5603 3378 5655 ad

1819 5695 2074 5749 Antonini
2100 5694 2393 5749 Caracallte
2427 5694 2671 5749 referunt
2701 5707 2959 5765 tempora,
2990 5694 3129 5763 quod
3164 5694 3211 5744 in
3247 5692 3280 5745 ι.
3308 5692 3378 5747 52

1824 5790 1898 5845 De
1936 5790 2319 5844 donationibus
2358 5791 2498 5844 inter
2532 5792 2703 5844 virum
2743 5800 2791 5843 tl
2831 5805 3048 5841 uicorum
3080 5829 3089 5843 ,
3142 5799 3374 5839 instruo.

1825 5880 1967 5936 dicat
2000 5880 2149 5935 illum
2180 5882 2558 5952 imperatorem
2589 5899 2600 5938 :
2630 5884 2922 5953 Imperator
2954 5890 3122 5935 noster
3159 5880 3375 5932 Anton.-
