4032 6334
722 422 855 487 Ιεέὶέἶ

1625 431 1722 490 DE
1768 429 1921 491 ίῈΤΛ
1939 435 2021 492 ΓΕ
2045 435 2100 492 S.
2131 435 2464 497 GREGORI
2529 439 3031 504 AGRIGENTINI

3802 443 3905 520 I221

721 558 819 596 mis
853 541 984 609 Aug.
1019 549 1136 593 ante
1171 557 1430 596 eri-essum
1463 537 1633 598 ειη-εὴ
1671 548 1836 614 patris
1881 549 1999 612 sui,
2037 552 2270 603 oratione
2300 564 2342 618 Α
2376 551 2601 608 Romani
2623 557 2908 623 pontifices
2933 559 3256 627 pedetentim
3289 564 3592 634 principale
3609 565 3702 636 jus
3721 558 3909 628 invasei

646 685 648 687 .
719 635 991 710 intimam
1032 633 1236 697 habita,
1267 636 1365 700 fuit
1393 647 1575 688 auctor
1605 640 1954 703 censendi,.ut
1983 641 2183 710 aliquid
2212 658 2275 693 ea:

720 707 856 791 iuris
897 726 1068 792 rigore
1119 725 1367 789 laxetur;
1399 743 1579 796 neque
1619 730 1721 782 alia
1757 729 2026 784 incessum
2083 733 2166 784 via
2221 733 2272 784 in

724 815 949 868 aliorum
1001 817 1155 870 aetate
1198 818 1521 871 deﬁnienda.
1578 821 1757 888 Itaque
1802 821 1845 872 si
1891 823 2302 876 Constantinus.

722 906 829 966 ille.
855 907 942 974 qui
964 898 1259 978 Romanam
1303 908 1595 962 Beclesiam
1623 911 1844 965 dimidia
1868 904 2001 966 urbe
2023 914 2273 966 donatam

722 997 910 1060 voluit,
938 998 1060 1062 jura
1088 999 1240 1060 dixit,
1271 1014 1392 1050 cum
1416 997 1634 1068 Sergius
1661 1016 1776 1054 mro
1811 1001 2098 1062 frueretur,
2135 1019 2275 1054 ιιιιιι-

721 1101 883 1152 quam
911 1087 1597 1151 impetraveritCaietanus,
1625 1100 1679 1141 nt
1700 1091 1990 1158 Gregorius
2010 1092 2273 1144 Justinia—

725 1175 779 1226 ni
817 1175 836 1225 ι
871 1161 1034 1242 318
1073 1176 1402 1242 temporibus
1426 1178 1780 1243 adjuilii-ettir.
1810 1177 2000 1233 Nullus
2032 1186 2155 1232 ante
2177 1167 2285 1231 Ju?

720 1259 1018 1325 ninianum
1046 1263 1464 1319 IConstantintts
1485 1268 1641 1336 Aug,
1668 1271 1755 1333 qui
1799 1270 1850 1320 in
1885 1285 1971 1323 res
2000 1269 2273 1324 Romanas

723 1354 1048 1415 dominatus,
1090 1356 1190 1408 nisi
1218 1341 1438 1424 Magnus
1472 1357 1583 1419 ille,
1629 1355 2057 1412 Christianarum
2090 1375 2268 1414 rerum

724 1446 1031 1511 pnesidium
1064 1462 1074 1496 :
1113 1461 1233 1496 nam
1269 1447 1331 1497 ad
1357 1447 1773 1500 Constantinum
1808 1448 1975 1500 filium
2013 1450 2156 1518 quod
2189 1460 2272 1503 at-

724 1538 876 1595 tinet,
922 1537 1123 1587 nullum
1154 1535 1226 1587 illi
1263 1537 1540 1603 imperium
1572 1539 1752 1590 datum
1789 1539 1840 1591 in
1873 1538 2044 1601 Italia,
2093 1538 2184 1593 sed
2218 1539 2270 1592 in

726 1617 933 1688 Galliis,
966 1625 1261 1689 Britannia,
1291 1623 1451 1692 atque
1477 1626 1655 1680 Africa
1694 1626 2089 1696 proconsulari.
2117 1624 2271 1690 Quod

725 1719 768 1770 si
801 1718 869 1770 ab
897 1733 1040 1769 anno
1063 1698 1185 1782 357',
1213 1731 1320 1784 quo
1358 1717 1746 1771 Constantinus
1768 1717 1992 1786 Magnus
2016 1717 2267 1780 excessit,

724 1809 789 1861 ad
834 1810 956 1872 560,
996 1820 1117 1861 ante
1147 1824 1302 1876 quem
1358 1798 1616 1877 Gregorio
1653 1811 1795 1862 diem
1843 1808 2026 1862 Romae
2071 1809 2269 1862 dictam

2376 644 2486 697 rint
2515 661 2529 696 :
2557 660 2790 715 cumque
2822 659 3026 703 certum
3060 650 3190 706 illud
3216 694 3230 717 ,
3271 651 3692 712 Constantinum
3741 677 3900 730 quem-

2375 732 2497 786 dam
2527 735 2792 791 Caesarem
2820 739 3099 822 dimidium
3129 741 3316 800 Roma:
3343 749 3655 815 apostolica:
3683 750 3904 810 Ecclesia

2375 824 2653 892 tribuisse,
2694 827 2815 882 inde
2842 829 2980 884 bella
3003 843 3215 900 arrepta
3246 837 3460 889 occasio
3478 849 3674 892 novam
3697 843 3897 897 cudendi

2373 913 2716 971 donationem
2739 959 2753 981 ,
2780 919 2936 988 cujus
2976 932 3167 976 auctor
3194 939 3299 977 non
3341 924 3736 984 Constantinus
3768 930 3903 1003 Pogo

2373 1017 2556 1074 natus,
2598 1009 2688 1062 sed
2722 1008 2950 1078 Magnus
2979 1013 3387 1088 perbiberetur,
3427 1017 3632 1087 quique
3661 1035 3765 1094 non
3798 1037 3900 1077 con-

2375 1092 2719 1150 suetudinem
2751 1098 3061 1166 dimidium,
3089 1103 3141 1153 in
3171 1105 3521 1180 quodimidia
3560 1092 3728 1162 Roma
3761 1113 3900 1182 signi-

2376 1184 2554 1248 ﬁcata,
2595 1185 2821 1249 dederit,
2858 1189 2952 1242 sed
2984 1204 3198 1261 omnem
3234 1192 3391 1261 plane
3433 1195 3624 1271 urbem
3660 1213 3782 1253 cum
3805 1200 3904 1268 jure

2373 1275 2533 1343 gladii
2568 1292 2584 1329 :
2617 1292 2792 1346 neque
2823 1277 3049 1334 Romam
3079 1290 3305 1347 tantum,
3339 1280 3456 1351 sed,
3491 1295 3549 1340 ut
3579 1289 3910 1358 magnificen:

2370 1365 2478 1418 tior
2519 1367 2742 1422 donatio
2793 1383 3112 1440 appareret,
3172 1375 3481 1442 provincias
3543 1376 3662 1432 non
3708 1396 3900 1449 paucas.

2371 1458 2568 1529 quibus
2605 1460 2708 1510 alia
2745 1460 2973 1529 insuper
3023 1465 3383 1532 supplementi
3436 1468 3559 1522 loco
3603 1469 3816 1532 addita,
3859 1482 3901 1524 ut

2375 1546 2602 1601 Romani
2629 1550 2899 1622 pontiﬁcis
2931 1553 3264 1621 principatus
3295 1545 3468 1627 requis
3513 1560 3900 1616 conditionibus

2375 1637 2757 1716 illustraretur.
2798 1640 2976 1705 Quare
3019 1643 3084 1695 ad
3126 1653 3336 1707 caetera,
3370 1662 3492 1716 quae
3521 1647 3898 1703 Consuntinia-

2373 1738 2495 1779 nam
2533 1715 2815 1798 profligent
2842 1729 3196 1784 donationem
3224 1715 3515 1801 cujusnon
3545 1752 3655 1789 una
3685 1745 3900 1804 prostant

2371 1819 2715 1886 exemplaria,
2747 1820 3113 1874 testimonium
3139 1821 3350 1877 Leontii
3382 1825 3628 1889 accedat,
3653 1829 3794 1896 quod
3813 1843 3898 1881 non

723 1915 830 1952 non
859 1909 1002 1965 putat
1032 1899 1341 1962 Caietanus,
1375 1900 1500 1951 anni
1533 1900 1752 1952 omnino
1784 1899 2270 1963 intercedunt‘nS,
2308 1911 2347 1967 Β
2377 1906 2537 1962 modo
2571 1907 3019 1975 imprudentissimi
3055 1913 3368 1980 impostoris
3421 1915 3667 1976 fraudem
3706 1918 3896 1987 detegit,

724 1988 871 2039 nullo
906 1997 1057 2052 pacto
1102 1987 1451 2039 ascribendns
1491 1985 2268 2054 GregoriusannisJustiniani

722 2069 766 2143 l,
801 2078 901 2130 sub
935 2071 1043 2144 quo
1076 2091 1247 2145 neque
1280 2078 1600 2144 ipse,neque
1630 2075 1903 2130 Romanus
1929 2075 2164 2153 ppntil'ex
2191 2074 2274 2157 ὀξυ

723 2167 866 2220 xisse
892 2176 1154 2233 poterant,
1178 2168 1305 2233 imp.
1338 2163 1474 2220 Cres.
1508 2167 1864 2220 Constantino
1891 2163 2078 2236 Magno
2107 2169 2274 2234 qu'on-

725 2257 848 2310 dam
909 2257 1173 2324 paruisse.
1208 2256 1359 2321 Quod
1415 2257 1460 2310 si
1501 2259 1564 2308 ad
1610 2256 1899 2309 Iustiniani
1950 2253 1989 2307 II
2033 2262 2271 2322 tempora

720 2347 1036 2401 dill‘eramus
1067 2347 1406 2415 Gregorium,
1442 2347 1624 2397 statim
1677 2351 1923 2406 occurret
1965 2339 2273 2398 Constanti-

720 2451 826 2504 nus
861 2437 993 2504 Aug.
1036 2433 1323 2487 Iustiniani
1376 2445 1542 2502 pater,
1582 2434 1862 2501 piissimus
1891 2435 2048 2498 vero,
2096 2433 2274 2502 Eccle-

722 2527 922 2591 sieeque
955 2525 1092 2576 bono
1124 2533 1282 2576 natus
1305 2559 1319 2584 ,
1351 2539 1507 2592 quem
1544 2525 1893 2591 imperantem
1928 2522 2192 2576 coluerint
2219 2527 2270 2574 et

724 2612 964 2679 Sergius,
996 2621 1047 2662 et
1079 2609 1389 2677 Gregorius.
1436 2608 1532 2662 llic
1560 2611 1721 2679 igitur
1745 2608 2134 2663 Constantinus
2164 2609 2271 2686 pri-

723 2716 843 2772 mus
871 2700 1112 2752 omnium
1155 2699 1322 2760 dedit,
1362 2699 1683 2766 donavitque
1731 2698 1790 2772 Βτ
1827 2697 2271 2766 Petro‘apostolo

721 2762 1010 2844 dimidium
1047 2783 1256 2851 Romae,
1315 2790 1415 2840 hoc
1463 2799 1544 2841 est
1604 2789 1710 2839 ’ἑῶν
1770 2789 2085 2857 ὡρισμένων
2117 2796 2263 2840 συν-ι

720 2882 937 2951 ηθειῶν,
969 2883 1079 2933 sive
1101 2880 1360 2938 Cononis,
1385 2893 1546 2946 quem
1569 2888 1973 2950 repraesentaret
1994 2876 2270 2933 Romanus

723 2973 982 3042 populus,
1016 2971 1155 3022 unde
1187 2978 1432 3036 Sumptus
1465 2969 1770 3021 suIlIcercnt
1795 3008 1809 3030 ,
1849 2969 2004 3035 queis
2032 2967 2269 3022 Ecclesia

721 3073 836 3116 erat
864 3077 1018 3130 opus,
1056 3076 1159 3113 non
1193 3075 1350 3114 secus
1420 3070 1580 3128 atque
1619 3061 1810 3112 deinde
1836 3058 2173 3113 Iustinianus
2208 3057 2266 3111 F.

719 3153 1079 3221 Agrigentina:
1111 3150 1393 3214 Ecclesiae,
1423 3163 1530 3218 quo
1565 3165 1762 3203 novum
1803 3155 1856 3202 et
1894 3147 2183 3217 templum,
2217 3151 2268 3202 et

2376 1993 2486 2049 sed‘
2499 2010 2670 2065 ecquo
2709 2013 2738 2050 e
2777 1998 2981 2054 semine
3016 2011 3323 2069 monstrum
3356 1992 3486 2057 illud
3524 2014 3733 2077 natum,
3779 2011 3896 2077 quot

2375 2093 2453 2140 tot
2484 2088 2680 2143 secula
2709 2089 2778 2142 ob
2805 2090 2993 2145 oculos
3024 2093 3304 2147 hominum
3346 2074 3615 2152 versatur.

2442 2173 2552 2228 XL.
2585 2179 2710 2231 Haec
2746 2193 2868 2232 cum
2904 2181 2975 2233 ita
3011 2180 3137 2242 sint.
3179 2183 3306 2251 quid
3334 2195 3522 2249 _restat
3566 2187 3812 2255 amplius.
3851 2197 3898 2241 ut

2371 2264 2527 2343 cﬂ‘cta
2570 2267 2774 2322 viribus
2803 2269 3018 2323 dicatur
3051 2269 3301 2326 .Caietani
3332 2257 3516 2340 opinio
3566 2277 3632 2331 de
3669 2277 3897 2346 Gregorio

2371 2354 2844 2423 Agrigentinorum
2895 2358 3151 2430 episcOpo
3198 2359 3510 2416 Justiniano
3564 2363 3583 2416 l
3631 2368 3896 2437 compare?

2351 2439 2502 2494 'Tam
2535 2449 2699 2499 multa
2742 2443 2886 2500 cu'm‘
2919 2449 3067 2502 illam
3127 2462 3458 2520 oppugnent,
3505 2465 3694 2509 contra
3739 2458 3893 2512 omnia

2370 2534 2684 2602 conSpirent
2712 2537 2779 2589 ad
2807 2539 3212 2608 declarandum,
3250 2545 3413 2598 vitam
3442 2534 3758 2616 Gregorium
3787 2563 3893 2617 pro-

2369 2619 2590 2678 duxisse
2640 2625 2741 2680 sub
2774 2625 3085 2684 Justiniano
3122 2629 3185 2694 II,
3218 2633 3341 2702 quis
3387 2644 3492 2690 tam
3541 2639 3724 2692 insane
3757 2638 3892 2692 obl‘rr-

2368 2723 2514 2767 mato
2546 2712 2618 2768 sit
2647 2717 2849 2782 animo,
2886 2719 3060 2787 quiin
3089 2720 3334 2790 Cajetani
3372 2727 3535 2779 verba
3572 2729 3892 2781 nihilominus

2365 2798 2549 2872 j'uret?
2583 2806 2752 2860 Nemo
2785 2823 2926 2862 unus
2956 2823 3020 2862 ex
3065 2811 3292 2867 vetustis
3326 2814 3680 2884 scriptoribus
3718 2817 3893 2889 Grego-

2369 2892 2510 2978 rium
2563 2893 2630 2947 ad
2684 2891 3026 2951 Justinianil
3078 2895 3317 2970 tempora
3353 2903 3565 2972 rejecit,
3618 2902 3891 2978 Nicephorti

2369 2974 2589 3039 Callisto
2638 2998 2880 3058 excepto,
2918 2990 3010 3043 lib.
3049 3006 3178 3058 xvu,
3211 3008 3331 3064 cap.
3366 2997 3432 3048 27
3486 2987 3656 3052 HCE.
3688 2974 3762 3054 At
3790 3000 3891 3069 quis

2370 3072 2468 3130 iste
2491 3077 2868 3148 Nicepliorus?
2894 3081 3086 3137 Saeculi
3116 3101 3201 3138 xxv
3222 3087 3481 3155 scriptor,
3516 3090 3607 3157 qui
3639 3099 3712 3143 tot
3734 3086 3891 3158 spirat;

2369 3167 2513 3223 mata
2548 3173 2820 3249 commisit
2849 3175 2900 3227 in
2955 3175 3347 3231 ecclesiasticis
3381 3179 3546 3234 rebus
3576 3183 3888 3244 enarrandis.

720 3243 957 3312 episcopi
998 3241 1135 3349 mil-es
1159 3248 1621 3340 .exsll‘uet‘eﬂllﬂ‘.
1665 3239 1948 3349 dimidiam
1991 3239 2265 3349 Αετίειξιιιί
2295 3229 2336 3282 C
2369 3267 2427 3311 ut
2449 3260 2666 3331 nonnisi
2692 3244 2814 3315 cum
2847 3264 3002 3316 taedio
3036 3265 3104 3318 ab
3142 3267 3492 3349 acris‘judicil
3524 3270 3652 3324 viris
3681 3269 3796 3341 ejus
3811 3229 3890 3326 lli:

720 3343 924 3408 partem
961 3321 1125 3393 dedit,
1157 3331 1209 3383 in
1258 3345 1381 3398 qua,
1418 3344 1579 3397 super
1613 3331 1834 3394 tributa,
1866 3345 1986 3397 qua:
2019 3329 2263 3411 populus

721 3425 991 3493 penderet,
1020 3419 1094 3475 nil
1116 3422 1332 3474 demum
1374 3420 1678 3487 intelligas,
1739 3434 1859 3471 nam
1905 3420 2088 3472 datum
2131 3417 2264 3470 adeo

721 3515 1038 3583 imperiijus
1069 3512 1332 3582 suspicari
1366 3526 1470 3565 non
1513 3511 1673 3574 licet,
1717 3525 1839 3564 cum
1897 3503 2000 3562 u'na
2027 3529 2030 3531 ·
2057 3508 2267 3562 eadem-

719 3621 824 3674 que
847 3606 923 3660 cit
939 3606 1040 3658 itas
1075 3603 1284 3658 duobus
1315 3616 1504 3672 parere
1525 3600 1760 3656 deminis
1778 3603 1932 3669 plane
1955 3607 2265 3653 monstruo-

719 3709 860 3756 sum,
884 3708 1057 3761 neque
1088 3693 1290 3746 donum
1317 3692 1572 3744 donatum
1603 3704 1696 3742 seu
1722 3690 1981 3752 Romano,
2007 3703 2098 3740 seu
2121 3686 2269 3754 Agri-

721 3784 939 3852 gentino
965 3782 1241 3848 episcopo,
1275 3780 1374 3834 sed
1398 3772 1626 3833 Petro’et
1650 3771 1779 3841 Deo,
1813 3787 1869 3830 ut
1898 3773 2148 3829 Ecclesiae
2175 3777 2269 3827 imis

722 3873 902 3942 pensis
941 3871 1315 3948 consuleretur
1347 3886 1360 3934 ;
1403 3869 1544 3939 quod
1593 3869 1790 3922 diserte
1831 3868 1885 3921 in
1919 3867 2265 3938 Agrigentina‘

721 3963 1006 4015 donatione
1038 3961 1398 4030 signiﬁcatum
1421 4003 1436 4027 ,
1493 3976 1666 4028 neque
1699 3961 1880 4015 secius
1913 3961 1978 4015 dc
2021 3959 2265 4014 Romana

721 4049 1119 4102 ullirmaudum‘.

790 4134 1033 4212 XXXIX.
1075 4141 1260 4227 Atque.
1281 4158 1367 4211 hic
1393 4158 1651 4226 gratulari
1695 4158 1824 4211 mihi
1865 4159 2023 4214 liceat
2070 4154 2270 4215 littera-

722 4259 894 4304 torum
915 4249 1141 4311 civitati,
1167 4249 1426 4318 singulari
1443 4258 1643 4301 ornatae
1672 4249 1925 4307 beneﬁcio
1948 4253 2014 4304 ab
2043 4251 2268 4306 Leontio

722 4348 930 4401 nostro,
964 4338 1048 4398 cui
1075 4339 1257 4408 gratiae
1282 4353 1345 4390 eo
1383 4339 1603 4391 nomine
1637 4346 1781 4392 sane
1801 4355 1960 4407 quam
1994 4343 2142 4394 mira:
2170 4341 2265 4394 ha-
2291 4341 2295 4344 ’

720 4430 923 4484 bcndaa.
957 4430 1164 4493 Quotus
1195 4429 1339 4481 enim
1380 4430 1739 4498 quisque-cst,
1757 4432 1845 4498 qui
1880 4434 2100 4493 neseiat,
2130 4447 2267 4502 quas

2363 3352 2529 3404 storia
2572 3353 2799 3420 legatur.
2857 3355 3044 3410 Ausim
3080 3357 3238 3426 igitur
3273 3357 3622 3416 Leontiana‘m
3654 3363 3804 3419 ﬁdem
3848 3365 3889 3416 in

2363 3438 2654 3495 discrimen
2690 3456 2881 3498 vocare
2916 3455 3019 3500 tam
3047 3447 3256 3503 lubrico
3297 3436 3628 3517 testimonio,
3660 3455 3808 3522 quod
3829 3466 3891 3508 tot

2362 3529 2466 3583 alia
2506 3530 2850 3602 oppugnant?
2907 3534 3102 3591 Praeter
3150 3539 3513 3607 Epitomasten
3580 3543 3891 3612 Gregoriana:

2362 3623 2507 3686 vita},
2535 3634 2593 3676 et
2639 3626 2994 3696 Menolugium
3045 3629 3396 3697 Basilianum,
3427 3635 3496 3687 ab
3533 3634 3751 3690 Leontio
3783 3647 3890 3689 sunt

2368 3712 2589 3766 SimeOn
2617 3702 3029 3783 Metaplirastes,
3060 3715 3434 3792 Menologium
3476 3723 3713 3780 Graecum
3747 3743 3772 3779 a
3799 3721 3889 3780 Gu-

2366 3801 2547 3880 liclmo
2603 3805 2799 3860 birleto
2835 3807 3024 3862 Latine
3079 3826 3316 3875 versum,
3356 3811 3570 3870 Nicetas
3620 3817 3890 3871 monachus

2368 3887 2602 3957 Studita,
2642 3909 2780 3962 quos
2811 3895 2986 3951 tamen
3021 3897 3314 3955 Caietanus
3362 3906 3642 3974 sententiae
3678 3921 3784 3960 sua:
3809 3922 3889 3959 au-

2365 3991 2542 4038 ctores
2583 3985 2802 4040 laudare
2844 4001 2951 4040 non
3011 3999 3245 4067 veretur.
3299 3973 3546 4050 Hiccine
3569 3973 3889 4067 εὖστομιιχῶς

2364 4069 2640 4136 feremus,
2709 4087 2776 4124 an
2843 4079 2967 4127 cum
3029 4065 3362 4145 .Terentiano
3401 4081 3624 4142 Simone
3671 4065 3888 4142 dicamus

2367 4160 2443 4230 (in
2478 4160 2642 4213 Andr.
2673 4171 2779 4215 act.
2810 4179 2864 4227 ν,
2897 4179 2976 4220 sc.
3013 4164 3090 4236 ἵηέ
3684 4161 3689 4166 ’

2445 4326 2454 4336 θ
2574 4252 2662 4305 Ila
2694 4254 2992 4320 pradicat?
3020 4262 3278 4331 ingentem
3303 4251 3708 4334 conﬁdentiam!

2436 4339 2570 4396 XLI.
2607 4344 2997 4417 Metaphrastes
3024 4359 3132 4403 tam
3173 4351 3401 4422 liquido.
3451 4372 3611 4426 quam
3631 4343 3741 4415 dux
3769 4352 3899 4430 fuit

2367 4435 2624 4509 scripsit,
2701 4439 3013 4520 interfuisse
3077 4441 3392 4513 Gregorium
3462 4465 3665 4519 magna:
3702 4452 3885 4520 synodo

719 4520 944 4573 dividias
1006 4519 1257 4572 excitaiit
1303 4518 1638 4593 Constantini
1688 4520 1828 4589 'Aug.
1869 4522 2107 4584 donatio,
2159 4536 2338 4603 quaMD
2368 4518 3007 4603 anstantinopOIitante,
3052 4551 3207 4613 quin
3236 4542 3526 4616 convenit.‘
3558 4518 3885 4610 Honotlteliti!

720 4606 1085 4676 aucta-fertur
1123 4607 1366 4660 Romana
1393 4603 1666 4660 Ecclesia?
1690 4607 1823 4660 Sunt
1856 4608 1946 4676 qui
1986 4609 2130 4660 illam
2171 4609 2263 4675 Iiy-
2324 4615 2328 4620 '

2368 4612 2497 4671 orco
2552 4616 2902 4685 devovendi‘s,
2944 4612 3286 4691 potissimum
3323 4640 3453 4684 vero
3497 4612 3655 4702 Cyro,
3699 4632 3882 4702 Sergio,

720 4685 1091 4769 poblilimaeam
1127 4698 1400 4766 sugillent,
1433 4706 1561 4752 sunt
1591 4697 1680 4767 qui
1714 4706 1772 4750 ut
1801 4697 2270 4790 germanissimain
2316 4787 2319 4790 Ι
2354 4706 2590 4779 Pyrrho,
2608 4708 2778 4765 Paulo
2798 4685 3276 4772 Monothelitarum
3298 4685 3622 4790 primipilis;
3643 4685 3882 4790 anhelitus

719 4787 1058 4842 Constantini
1086 4787 1406 4856 scripturam
1451 4787 1845 4855 amplexentun,
1892 4798 2016 4842 sunt
2045 4787 2135 4855 qui
2168 4788 2264 4842 de~

721 4885 996 4944 pravatum
1034 4875 1331 4944 legitimum
1381 4871 1515 4944 opus
1563 4876 1844 4942 dictitent,
1893 4877 1987 4938 sed
2014 4874 2115 4942 iis,
2173 4879 2264 4946 qui

723 4965 1046 5019 subditivam
1078 4966 1222 5018 illam
1253 4968 1460 5029 volunt,
1487 4965 1722 5020 nondum
1740 4975 2070 5034 compertum
2095 4979 2266 5035 ecquo
2293 4975 2319 4996 -'

722 5055 933 5110 e’l'onte-
967 5057 1147 5111 fabula
1173 5057 1259 5110 illa
1278 5061 1531 5126 eruperit.
1573 5058 1807 5111 Tandem
1831 5060 1958 5112 vero
1978 5059 2270 5127 aliquando

721 5147 892 5200 facem
933 5147 1078 5200 hisce
1109 5147 1346 5202 tenebris
1388 5146 1713 5216 depellendis
1747 5150 1984 5217 praetulit
2011 5149 2266 5204 Leontius

722 5244 905 5291 noster
944 5237 1293 5300 testimonio,
1349 5239 1490 5306 quod
1545 5252 1678 5291 auro
1732 5249 1919 5292 contra
1950 5241 2264 5314 pretiosius,
2318 5253 2335 5269 ·

721 5324 978 5397 quodque
1001 5321 1202 5376 frustra
1233 5322 1524 5380 Caietanus
1554 5325 1824 5379 sollicitat.
1860 5326 1931 5379 Ex
1973 5344 2036 5394 en
2068 5329 2264 5381 intelli-
2300 5365 2303 5370 ι

723 5415 919 5481 gimus,
941 5411 1239 5483 Romanam
1259 5409 1552 5469 Ecclesiam
1574 5430 1600 5468 a
1624 5414 1976 5470 Coostantino
1995 5418 2266 5488 Pogonato

717 5506 973 5555 donatam
999 5503 1221 5556 dimidio
1241 5496 1494 5569 'canonis,
1524 5521 1682 5575 quem
1727 5507 1954 5575 populus
1981 5506 2264 5581 Romanus

722 5595 775 5648 in
810 5593 997 5667 fiscum
1025 5594 1328 5648 Caesareum
1362 5597 1645 5652 inferebat.
1672 5599 1773 5652 Sed
1799 5599 1964 5662 enim,
1984 5614 2104 5652 cum
2142 5611 2267 5652 tem-

721 5686 865 5752 poris
899 5701 1148 5754 processu
1178 5687 1450 5742 Ctesarum
1503 5693 1742 5758 potentia
1795 5693 1846 5744 in
1877 5692 2047 5756 Italia,
2102 5704 2266 5762 atque

659 5771 663 5776 ⁷
722 5775 834 5844 ipsa
868 5778 994 5830 urbe
1023 5779 1333 5833 labefactata
1367 5793 1563 5846 rucrct,
1595 5798 1695 5837 non
1723 5784 1851 5836 mibi
1873 5784 2261 5855 tlnbinm,quin

2354 5699 2611 5769 Gregorii
2665 5705 2771 5756 vita
2802 5745 2816 5764 .

2363 4800 2527 4853 vitam
2556 4802 2731 4869 egisse
2760 4800 3067 4860 Iustiniano
3105 4809 3242 4877 Aug.
3290 4809 3608 4879 imperante.
3638 4809 3766 4878 Quid
3800 4815 3881 4867 hoc

2363 4899 2465 4953 est,
2495 4893 2602 4946 nisi
2631 4894 3144 4965 nobiseumsentire
3182 4884 3628 4973 Hetaphrastem?
3655 4902 3740 4961 sed
3761 4907 3881 4960 enim
3956 4905 3960 4908 ’

2365 4983 2526 5036 illum
2556 4995 2706 5040 ratus
2733 4986 3027 5058 Cajetanus
3058 4975 3288 5048 ad‘isuas
3321 4995 3608 5050 adductum
3642 4999 3699 5052 iri
3740 5001 3880 5051 ratio-

2362 5087 2482 5151 nes,
2520 5069 2678 5130 modo
2738 5079 3161 5136 contaminatam
3199 5063 3404 5139 dicei'et
3451 5091 3796 5143 narrationem
3829 5087 3882 5139 de

2364 5164 2570 5233 synodo
2631 5165 2909 5233 adversus
2992 5170 3370 5229 Honotlielitas
3447 5190 3650 5234 coacta.
3711 5177 3880 5246 Ecqua‘

2367 5256 2611 5326 (malum)
2643 5257 2923 5326 calamitas
2951 5262 3073 5332 ista,
3125 5279 3228 5340 qua
3279 5265 3513 5321 elﬁictim
3541 5285 3749 5339 pressus
3778 5285 3879 5321 cum

2367 5342 2623 5397 Leontius
2647 5383 2661 5407 ,
2691 5408 2704 5427 ο
2735 5346 2852 5398 tum
2879 5347 3303 5418 Meiaphrastes‘.’
3362 5353 3656 5422 Corruptus
3698 5353 3878 5428 Lemnii

2365 5431 2818 5499 Commentarios,
2891 5438 2984 5492 ubi
3036 5448 3384 5507 percensetur
3436 5441 3714 5511 Gregorius
3765 5444 3886 5496 inter

2367 5519 2643 5588 theologos
2687 5532 2990 5590 coaptatus,
3021 5528 3112 5594 qui
3165 5543 3376 5582 summo
3413 5531 3465 5583 in
3501 5545 3744 5585 consessu
3785 5529 3876 5584 lo-

2369 5610 2655 5664 nmhelitas
2681 5612 3112 5682 proscriberent;
3141 5614 3426 5688 depravata
3457 5621 3557 5674 hoc
3581 5621 3688 5690 ipso
3711 5623 3761 5674 in
3784 5623 3881 5673 tum

2893 5722 3054 5774 quam
3103 5709 3492 5778 Metaplirasles
3548 5713 3876 5764 concinnant.

2370 5782 2498 5844 Mira
2532 5807 2640 5863 res,
2667 5794 2755 5847 cui
2788 5811 2893 5848 non
2926 5798 3165 5864 credant,
3201 5802 3304 5855 nisi
3339 5803 3431 5871 qui
3471 5801 3662 5857 fuerint
3690 5818 3718 5854 ε
3746 5808 3879 5871 gente
