4032 6334
153 448 291 513 1261

1046 452 1301 513 SERMO
1331 452 1417 514 IN
1447 451 1679 512 FESTO
1713 451 1772 509 Β.
1799 451 2210 516 MICHAELIS
2249 460 2471 519 ARCH.

3237 458 3368 529 1262

146 578 268 620 ram
302 563 542 634 gerit.’et
587 561 676 618 eis
719 564 1003 634 providet;
1033 575 1086 620 et
1121 566 1210 634 qui
1247 566 1540 636 cujuslibet
1572 564 1714 633 quod
1746 567 1789 622 Α
1818 563 1897 618 los
1924 563 1988 632 ⁸⁸,
2027 577 2082 620 et
2121 583 2246 623 cum
2275 549 2537 640 Seraphin
2571 574 2663 641 qui
2693 571 3014 648 habentscx
3062 577 3175 632 alas
3203 580 3268 644 “,
3317 589 3369 633 et

146 654 356 709 dicitur
383 661 437 707 et
480 653 798 723 intelligitur
831 655 1057 721 bonum,
1101 663 1184 711 est
1219 655 1476 722 efﬁciens,
1507 655 1713 723 imper-

148 745 316 808 tiens,
350 745 704 813 suppeditans
731 755 785 800 et
810 747 983 815 prima
1020 761 1211 801 causa.-
1256 745 1508 800 Secundo
1531 754 1711 800 autem

147 833 310 888 nobis
335 835 620 888 constituit
646 834 861 889 divinos
890 835 1110 904 angelos
1135 844 1188 888 et
1217 835 1718 905 arcltangelos,.qni

145 941 341 979 curam
375 934 624 995 gererent
646 935 701 980 et
733 935 1029 996 praeessent
1054 926 1240 996 generi
1271 927 1555 996 hominum
1584 942 1712 995 pro-

145 1025 269 1085 pter
301 1017 595 1070 bonitatem
629 1017 934 1070 naturalem
965 1032 977 1070 :
1016 1025 1074 1070 ut
1104 1018 1513 1087 suppeditarent
1544 1018 1715 1071 immi-

109 1131 114 1134 ε
143 1107 312 1162 nibus
358 1107 574 1161 divinos
602 1108 823 1162 nuntios
854 1116 909 1162 et
940 1107 1104 1170 dona,
1158 1116 1211 1163 et
1243 1116 1632 1176 componerent
1659 1117 1714 1163 et

140 1197 446 1268 dirigerent
469 1194 656 1253 eorum
681 1198 845 1251 vitam
880 1198 945 1253 ad
970 1214 1031 1252 ea
1062 1214 1182 1268 quae
1212 1208 1345 1254 sunt
1366 1199 1612 1254 meliora.
1648 1199 1713 1254 Et

140 1305 209 1343 ex
247 1289 448 1344 divinis
485 1289 700 1358 quidem
734 1301 787 1345 et
818 1290 1043 1346 infinitis
1076 1293 1302 1360 angelis,
1321 1293 1713 1364 aliosquidem

141 1395 593 1448 unumquemque
626 1381 919 1451 unicuique
949 1397 1181 1450 pratesse
1211 1382 1557 1462 fidelium,'et
1586 1401 1712 1440 eum

141 1485 334 1537 regere
369 1471 538 1538 jussit
567 1470 851 1537 Dominus,
887 1482 945 1544 ut
971 1473 1101 1527 dicit
1148 1473 1201 1526 in
1232 1474 1434 1530 divinis
1468 1476 1710 1545 Evange-

140 1561 236 1614 liis
271 1578 283 1610 :
326 1578 345 1610 ι
402 1560 592 1616 Videte
621 1578 688 1616 ne
724 1563 1039 1632 despiciatis
1078 1581 1247 1618 unum
1279 1582 1341 1620 ex
1386 1567 1472 1620 his
1504 1567 1707 1636 parvis,

139 1653 409 1721 quoniam
455 1655 630 1724 angeli
671 1636 864 1708 eorum
904 1665 1162 1725 perpetuo
1202 1658 1476 1726 aspiciunt
1514 1659 1709 1715 faciem

137 1743 322 1798 Patris
361 1745 466 1798 mei
511 1745 604 1814 qui
647 1756 734 1800 est
784 1747 840 1800 in
871 1749 1030 1802 curiis
1057 1748 1121 1802 “.
1167 1747 1482 1805 t'Similiter
1526 1762 1710 1807 autem

141 1837 284 1891 hanc
321 1850 541 1905 quoque
600 1837 888 1913 conﬁrmat
925 1839 1250 1895 sententiam
1312 1842 1530 1899 divinus
1581 1859 1706 1913 pro-

138 1926 303 1994 pheta
346 1925 536 1992 David,
571 1925 760 1982 dicens
792 1946 805 1980 :
865 1945 884 1977 ι
920 1926 1001 1982 Ne
1035 1929 1130 1985 des
1169 1932 1222 1984 in
1277 1935 1704 1988 commotionem

134 2015 331 2084 pedem
364 2024 534 2082 tuum,
566 2024 621 2070 et
649 2031 757 2071 non
794 2016 1110 2075 dormitabit
1136 2022 1229 2090 qui
1258 2033 1309 2078 te
1336 2025 1572 2079 custodit
1593 2025 1639 2056 “
1675 2044 1716 2107 »ἡ

137 2107 385 2170 angelus.

205 2198 358 2253 Alios
391 2208 592 2264 autem,
628 2207 691 2255 ut
717 2201 926 2257 alienas
977 2211 1031 2257 et
1059 2201 1278 2272 ignotas
1325 2215 1706 2291 gentesrege:

137 2298 281 2352 rent,
313 2297 373 2342 ut
402 2290 495 2358 qui
533 2291 717 2345 omnia
747 2291 1112 2359 administret,
1142 2297 1428 2361 constituit
1466 2286 1567 2367 pro
1598 2286 1703 2355 nu-

138 2396 291 2433 mero
323 2380 590 2450 gentium,
626 2390 684 2436 ut
709 2398 851 2438 unus
898 2384 1121 2450 angelus
1160 2393 1325 2439 totam
1356 2395 1572 2458 gentem
1603 2403 1704 2457 gu-

137 2459 393 2525 bernaret
427 2491 439 2525 :
482 2475 756 2540 quomodo
798 2474 959 2529 etiam
995 2475 1258 2550 scriptum
1289 2485 1378 2534 est
1402 2475 1458 2532 in
1494 2481 1705 2537 cantico

135 2561 381 2616 Mosaico
411 2580 424 2615 :
458 2580 478 2612 ε
516 2561 746 2629 Quando
767 2557 1052 2620 dividebat
1071 2567 1382 2624 Altissimus
1411 2579 1620 2639 gentes,
1646 2579 1703 2628 ut

135 2652 398 2721 dispersit
447 2652 588 2709 ﬁlios
625 2655 820 2710 Adami
859 2673 873 2710 :
919 2658 1110 2713 statuit
1157 2661 1420 2717 terminos
1459 2662 1704 2731 gentium

135 2747 442 2799 secundum
491 2761 786 2818 numerum
813 2746 1130 2818 angelorum
1164 2749 1258 2805 Dei
1289 2751 1354 2802 “.
1398 2771 1416 2803 ι
1480 2749 1705 2809 Summe

137 2843 320 2888 autem
343 2814 708 2904 benedicium,
734 2847 788 2892 et
817 2814 1056 2910 undique
1082 2841 1501 2907 exaudiendum,
1524 2847 1703 2900 omni-

137 2939 246 2993 que
277 2940 347 2978 ex
403 2935 554 2994 parte
601 2928 969 2983 venerandum
1019 2929 1225 2986 militiae
1254 2933 1557 3011 principem.
1600 2933 1704 2988 Μία

135 3016 405 3081 cbaelem,
442 3017 726 3072 meliorum
756 3019 812 3074 et
839 3019 1101 3076 divinitus
1131 3022 1520 3092 inspiratorum
1549 3034 1605 3080 et
1639 3026 1703 3081 ti-

135 3106 547 3162 delissimorum
579 3108 857 3164 hominum
911 3125 1036 3166 esse
1087 3103 1395 3181 praesidem,
1432 3125 1703 3173 eteorum

1815 656 2047 724 primum
2096 659 2291 717 locum.
2312 661 2557 718 obtinent
2587 664 2725 719 inter
2756 667 2902 721 mille
2951 669 3118 722 millia
3143 711 3158 735 ,
3187 680 3243 725 et
3277 671 3372 727 de—
3421 690 3424 694 '

1813 749 1924 804 cies
1981 749 2127 805 mille
2185 753 2456 822 myriades
2512 757 2878 825 angelicorum
2933 759 3185 814 ordinum
3245 778 3259 815 :
3317 772 3370 816 ct
3456 829 3461 834 δ

1814 842 2076 908 proxime,
2105 851 2159 898 et
2185 845 2316 899 citra
2342 845 2511 901 ullum
2542 857 2815 918 stuporem
2842 851 2990 904 canit
3011 860 3095 906 ter
3119 864 3366 908 sanctum

1813 942 1862 985 et
1894 928 2268 1008 admirabilem
2310 938 2592 1008 hymnum,
2641 941 2900 997 invehens
2929 943 2998 1024 _in
3019 945 3283 1006 rebellem
3313 955 3370 1000 et

1812 1010 2260 1091 molestissimum
2298 1025 2554 1084 Satanam
2588 1031 2653 1096 ⁸⁷,
2706 1033 2798 1103 qui
2834 1010 3090 1103 tanquam
3129 1033 3313 1104 fulgur
3340 1051 3374 1089 e

1811 1113 1950 1168 ctelo
1975 1114 2030 1169 in
2056 1124 2250 1172 terram
2282 1117 2385 1174 fuit
2403 1120 2644 1190 deiectus
2665 1139 2786 1176 cum
2815 1124 3113 1179 immundis
3135 1139 3186 1180 et
3212 1127 3372 1181 malis

1811 1203 1930 1273 ejus
1967 1206 2269 1283 spiritibus.
2303 1209 2551 1280 Hicbael,
2583 1216 2675 1282 qui
2702 1221 2785 1270 est
2823 1218 3059 1272 maxima
3099 1227 3151 1272 rt
3182 1220 3371 1274 claris-

1812 1295 1946 1348 sima
1989 1297 2150 1359 stella,
2178 1300 2408 1370 angelici
2458 1304 2674 1362 decoris
2729 1316 2781 1360 et
2833 1307 3273 1374 pulchritudinis,
3316 1320 3370 1366 ct

1811 1385 1903 1454 qui
1933 1387 2108 1444 claras
2152 1391 2325 1446 reddit
2373 1407 2436 1448 ac
2474 1395 2790 1450 manifestas
2825 1413 3013 1454 oumes
3045 1401 3246 1455 diaboli
3283 1402 3369 1456 in-

1811 1477 1996 1544 sidias,
2025 1479 2118 1547 qui
2142 1480 2314 1536 Adam
2346 1498 2375 1537 e
2400 1481 2658 1554 paradiso
2687 1489 2920 1557 ejectum
2946 1489 3136 1545 fraude
3169 1493 3371 1548 dieme-

1810 1565 1896 1621 nis
1931 1569 2134 1625 inimici
2165 1571 2452 1640 bonorum,
2485 1577 2636 1643 texit,
2681 1579 2944 1646 traduxit,
2967 1592 3021 1637 et
3062 1585 3285 1652 direxit,
3317 1596 3372 1642 et

1808 1673 1933 1714 eum
1964 1672 2164 1717 terram
2212 1664 2389 1737 ligone
2420 1667 2607 1725 docuit
2636 1669 2842 1738 fodere,
2890 1675 3269 1747 seminareqoe
3315 1694 3367 1736 et

1813 1755 2040 1824 metere,
2073 1763 2127 1809 et
2173 1754 2240 1809 ad
2294 1756 2679 1829 reliquaque
2723 1764 3009 1822 utilitatem
3053 1767 3367 1835 aferebant,

1812 1839 2043 1902 instituit
2092 1861 2105 1898 :
2154 1854 2296 1907 etut
2330 1862 2454 1907 cum
2507 1849 2883 1910 benedictione
2929 1865 2983 1910 et
3011 1861 3369 1916 'convenienti

1807 1935 2102 2000 gratiarum
2135 1939 2368 2005 actione,
2399 1957 2537 2022 cum
2562 1943 2763 2022 sudore
2794 1963 2932 2017 pane
2966 1963 3271 2008 vesceretur
3294 1956 3374 2010 ef-

1784 2015 1931 2101 fecit
1956 2035 1970 2084 ;
1998 2029 2054 2074 ut
2081 2022 2174 2091 qui
2205 2038 2273 2093 es
2302 2026 2502 2096 injuria
2520 2015 2900 2104 ei‘COntigerat
2937 2038 3139 2108 lapsus,
3167 2059 3262 2113 per
3290 2045 3370 2100 la-

1803 2106 2076 2190 boriosam
2119 2123 2174 2168 et
2216 2115 2324 2170 Deo
2362 2131 2566 2187 gratam
2615 2124 2822 2181 vivendi
2868 2131 3135 2186 rationem
3174 2150 3367 2193 rursus

1803 2201 2185 2271 corrigeretur.
2216 2205 2468 2272 Michael,
2498 2213 2592 2282 qui
2613 2225 2697 2270 est
2726 2233 2885 2274 verus
2917 2231 2970 2276 et
2994 2224 3240 2282 sincerus
3275 2231 3367 2284 Dei

1805 2307 2071 2378 assessor,
2103 2306 2157 2352 et
2188 2301 2338 2378 ducit
2366 2304 2588 2361 ordines
2635 2308 2894 2366 virtutum
2943 2316 3283 2388 calestium;
3317 2334 3370 2378 ct

1804 2396 1885 2439 est
1912 2371 2130 2456 sapiens
2154 2376 2489 2472 gubernator
2516 2412 2706 2454 eorum
2777 2403 2868 2472 qui
2913 2406 2967 2461 in
3000 2408 3166 2465 Deum
3197 2416 3371 2469 credi-

1804 2477 2019 2533 derunt.
2044 2480 2146 2547 Qui
2179 2467 2864 2561 piipatriarcba'Abrahae,
2890 2499 2990 2550 etsi
3022 2516 3127 2554 non
3158 2467 3366 2560 videre-

1803 2574 1916 2639 tur,
1947 2572 2226 2640 prohibuit
2250 2577 2489 2646 gladium
2514 2580 2579 2651 Ψ,
2600 2590 2678 2637 ‘ne
2709 2594 2950 2654 tangeret
3018 2590 3127 2648 Deo
3151 2578 3364 2665 gratum

1805 2661 2118 2731 ejus’lilium
2146 2666 2316 2733 Isaac,
2350 2681 2637 2754 postquam
2665 2679 2828 2750 230
2855 2661 3198 2754 apparuisset
3217 2695 3366 2748 omni

1804 2769 1867 2807 ex
1891 2765 2042 2824 parte
2071 2759 2379 2818 absolutum
2409 2775 2462 2820 et
2501 2767 2609 2824 Deo
2641 2783 2853 2841 gratum
2883 2780 3208 2846 patriarchae
3236 2800 3365 2854 pro-

1804 2847 2041 2914 positum
2072 2866 2087 2903 :
2120 2861 2173 2906 et
2206 2853 2261 2907 in
2294 2869 2359 2909 eo
2394 2856 2667 2945 benedixit
2711 2861 2902 2923 omnes
2941 2883 3144 2942 gentes,
3184 2847 3368 2947 ut-potc

1803 2951 1870 2992 ex
1925 2956 2036 3012 quo
2111 2947 2410 3016 secundum
2475 2937 2693 3033 carnem
2770 2971 2914 3017 esset
2962 2967 3367 3033 germinaturus

1803 3029 2052 3091 Christus
2073 3050 2233 3097 verus
2261 3037 2401 3097 Deus
2425 3054 2478 3098 et
2504 3027 2755 3125 servator
2776 3027 2989 3125 noster:
3000 3055 3249 3125 Michael,
3278 3061 3368 3120 fax

1805 3124 2105 3183 clarissima
2156 3131 2548 3204 immaterialis'
2584 3151 2637 3194 et
2679 3124 2974 3216 inaccessae
3011 3150 3172 3216 lucis,
3203 3163 3258 3212 et
3287 3156 3366 3212 di-

137 3197 334 3252 salutis
359 3213 545 3252 curam
574 3214 764 3269 gerere
797 3201 1004 3256 voluit:
1036 3203 1310 3272 quomodo
1339 3204 1454 3274 ipse
1485 3206 1703 3260 univer-
1727 3215 1773 3276 α
1807 3215 1965 3272 vinos
1993 3219 2188 3276 ductor
2235 3227 2599 3296 angelicorum
2628 3211 2901 3314 ordinum.
2936 3213 3040 3307 Qui
3073 3245 3366 3315 legislatori

137 3303 326 3315 ..Α-η...
360 3287 496 3315 nm...
527 3289 659 3315 ,ιε-η.
685 3289 818 3315 ιι..-ε
851 3301 1126 3315 ----ι..--..,
1159 3295 1434 3315 2...-μ-Αᾼ-
1557 3299 1598 3315 19
1656 3304 1666 3315 ι
1805 3306 1854 3315 --
1927 3309 1938 3315 -

137 3303 328 3343 eorum
359 3287 501 3345 Deus
524 3289 663 3346 dixit
685 3289 820 3346 Mosi
849 3301 1130 3353 sacrorum
1157 3295 1436 3366 interpreti
1461 3317 1475 3354 :
1506 3320 1527 3352 σ
1557 3299 1703 3358 Vade

135 3379 202 3432 ad
231 3379 590 3442 Pharaonem
619 3395 798 3451 regem
843 3371 1084 3455 Egypti,
1115 3394 1169 3441 et
1206 3387 1407 3446 educes
1443 3394 1701 3463 populum

136 3483 320 3523 meum
354 3469 494 3524 filios
534 3469 698 3526 Israel
722 3487 789 3528 ex
819 3471 1054 3546 :Egvpto
1082 3491 1101 3532 :
1125 3486 1186 3536 .et
1212 3480 1422 3541 mittam
1451 3483 1700 3554 angelum

137 3573 323 3614 meum
354 3553 483 3617 ante
516 3561 706 3618 faciem
738 3570 908 3632 tuan},
947 3577 1006 3623 ut
1051 3569 1284 3625 deducat
1332 3553 1592 3643 populum
1645 3576 1700 3630 in

137 3659 342 3704 terram
391 3653 486 3708 tibi
527 3657 873 3723 promissam,
905 3657 1068 3728 quam
1103 3660 1285 3730 juravi
1333 3665 1580 3732 patribus
1609 3677 1699 3722 ve-

136 3738 268 3791 stris
297 3738 365 3793 “.
413 3756 432 3790 ι
470 3738 613 3805 Quin
666 3743 828 3798 etiam
879 3747 1137 3816 propheta
1168 3740 1354 3806 Daniel
1388 3752 1442 3806 in
1490 3751 1702 3811 visione

133 3826 337 3896 angeli,
365 3830 573 3885 audivit
593 3847 718 3886 eum
747 3833 1019 3891 dicentem
1050 3855 1066 3892 :
1105 3857 1123 3890 ι
1157 3838 1416 3913 Princeps
1442 3859 1536 3901 seu
1560 3861 1700 3916 prae-

134 3933 223 3972 ses
256 3921 481 3989 angelus
512 3924 684 3992 regni-
715 3923 1002 3981 Persarum
1040 3931 1238 3986 restitit
1275 3935 1409 4006 mihi
1443 3953 1509 3992 ne
1537 3955 1699 3994 revo-

134 4017 357 4099 caretur
397 4013 633 4081 populus
671 4013 840 4070 Israel
888 4031 954 4071 ex
1002 4021 1330 4088 Captivitate-
1357 4018 1647 4101 Babylonis
1680 4047 1693 4084 :

132 4090 239 4154 nec
273 4110 358 4154 est
392 4101 534 4158 ullus
571 4103 665 4174 qui
697 4105 792 4162 éos
826 4123 1040 4164 mecura
1067 4121 1299 4180 tueatur,
1339 4099 1696 4176 nisiMiclrael

129 4191 388 4262 princeps
410 4202 586 4249 vester
617 4196 684 4251 ";
721 4215 741 4248 ι
777 4196 1102 4272 [iocantem
1135 4205 1312 4274 ipsum
1356 4207 1435 4263 sic
1477 4225 1696 4282 quoque

133 4281 304 4337 David
335 4294 518 4354 aperte
553 4287 863 4355 signiﬁcat:
895 4310 915 4345 α
951 4282 1441 4354 Castrametabitur
1471 4281 1693 4372 angelus

132 4374 350 4430 Domini
399 4379 452 4432 in
506 4379 738 4446 circuitu
787 4383 1092 4461 timentium
1138 4403 1304 4463 eum,
1351 4401 1404 4447 et
1448 4393 1695 4452 liberabit

129 4482 232 4522 eos
262 4467 330 4522 “.
375 4489 393 4521 ι
437 4471 574 4538 Quis
606 4472 749 4528 enim
801 4483 920 4553 tam.
966 4487 1224 4535 strenuus
1273 4468 1510 4540 fidelium
1565 4503 1691 4557 pro-

130 4568 406 4628 pugnator
429 4559 1010 4636 insigniter‘apparuit,
1038 4563 1246 4628 Veteris
1268 4582 1322 4629 et
1351 4573 1486 4631 Novi
1508 4577 1695 4635 Testa-
1727 4572 1772 4633 D

131 4651 305 4704 menti
342 4653 673 4711 intercessor
711 4658 1170 4739 illuminationum
1201 4681 1218 4731 ;
1254 4681 1468 4739 semper
1511 4680 1690 4728 castra

127 4742 316 4798 locans
350 4744 403 4798 in
434 4747 664 4803 circuitu
698 4750 959 4819 fidelium,
989 4752 1044 4810 et
1073 4737 1172 4812 nos
1204 4737 1476 4818 redimens
1512 4778 1541 4818 a
1570 4765 1692 4822 telis

199 5103 451 5173 Michael,
481 5110 576 5180 qui
608 5111 766 5180 plane
810 5124 893 5170 est
942 5117 1134 5186 plenus
1160 5122 1359 5195 pietate
1389 5130 1692 5202 archange-v

126 5197 272 5266 lica;
303 5201 396 5270 qui
445 5213 661 5274 propter
685 5220 801 5261 eam
848 5223 969 5277 quae
1001 5218 1252 5270 convenit
1295 5219 1349 5272 in
1399 5197 1684 5282 Dominum

128 5292 511 5360 reverentiam,
543 5295 797 5364 pietatem
824 5309 878 5353 et
907 5305 1043 5372 grati
1072 5306 1237 5362 animi
1268 5310 1518 5369 virtutem
1549 5317 1682 5374 inef-

126 5377 370 5447 fabilem,
405 5393 460 5438 et
507 5400 631 5456 quae
682 5392 879 5446 mutari
937 5409 1049 5448 non
1107 5400 1282 5466 potest
1329 5405 1679 5466 stabilitatem

125 5487 298 5545 prope
343 5473 599 5533 thronum
643 5482 847 5539 assistit
885 5483 1226 5544 Dominlcum
1267 5494 1594 5555 horrendum
1634 5513 1688 5559 et

124 5566 450 5634 terribilem,
501 5584 626 5628 cum
655 5572 929 5632 Cherubin
959 5581 1052 5649 qui
1085 5584 1285 5642 multos
1320 5589 1517 5647 habent
1550 5611 1687 5652 ocu-

195 5668 654 5789 ss‘g‘glai'tLvam,
692 5711 808 5789 to.‘
881 5675 1099 5789 "APsal.
1135 5735 1262 5789 cxx,
1293 5722 1351 5779 ι.

129 5768 217 5855 ts.
241 5843 272 5855 Α
295 5770 342 5802 ιι
370 5770 514 5855 ﬁsa].
547 5768 743 5843 ιυᾶιη,
780 5783 832 5839 8.
939 5768 1282 5855 ιὶῐὲὲῶἷῖῖ,
1305 5768 1407 5851 ἶε.

1461 5731 1517 5810 “_
1536 5732 1692 5810 Deut.
1733 5757 1906 5810 xxxii,
1975 5746 2025 5800 8.

1505 5803 1552 5833 ⁸⁸
1582 5807 1687 5863 lsa.
1733 5829 1804 5878 vt,
1839 5815 1890 5868 3.

130 5853 213 5906 ηι,
240 5843 293 5898 2,
369 5843 415 5875 ⁸⁸
442 5842 602 5901 Num.
636 5842 770 5920 uti,
796 5855 886 5910 ‘23.
958 5859 999 5890 "
1027 5842 1282 5918 iudet—9:,
1301 5842 1528 5928 “ll-05m:
1556 5842 1732 5944 δὴ.

1804 3306 1939 3364 Mosi
1964 3319 2092 3402 ores
2120 3320 2362 3385 pascenti
2385 3321 2446 3387 oin
2480 3333 2660 3380 monte
2688 3310 2888 3385 Chorin
2920 3306 3184 3403 apparens
3217 3348 3364 3404 totus

1802 3398 1856 3452 in
1887 3390 2211 3482 medio'rubi
2243 3409 2324 3475 ",,
2346 3404 2485 3467 eum
2513 3417 2701 3495 urebat
2729 3420 2848 3475 sine
2894 3424 3002 3478 ulla
3041 3426 3282 3495 laesione,
3308 3441 3364 3486 et

1802 3505 1910 3546 non
1960 3495 2315 3554 comburebat
2364 3506 2607 3579 omnino,
2651 3493 2803 3580 signa
2851 3520 3211 3577 sanctissime
3255 3523 3361 3577 Do-

1805 3580 1964 3642 minae
1990 3599 2188 3646 noitrte
2212 3590 2305 3647 Dei
2337 3599 2577 3673 parentis
2608 3588 2946 3672 significans.
2982 3611 3233 3680 Michael,
3268 3619 3362 3688 qui

1801 3676 1984 3734 divino
2021 3692 2155 3736 nutu
2204 3685 2410 3754 primas
2446 3700 2628 3758 partes
2649 3691 2858 3752 obtinet
2900 3689 3043 3758 inter
3086 3676 3230 3776 ignis:
3259 3676 3364 3766 nii-

1802 3767 2057 3825 nistros--:
2091 3781 2145 3836 et
2190 3785 2413 3858 terram,
2448 3780 2580 3850 obit,
2623 3784 2856 3856 implens
2901 3767 3230 3854 voluntavtem
3266 3800 3363 3858 Dei

1800 3857 2220 3944 omnipotentem
2246 3882 2260 3929 ;
2292 3855 2438 3934 quia
2465 3868 2676 3928 ratione
2706 3855 2945 3934 alienum
2976 3885 3114 3940 vatis
3143 3886 3359 3947 Balaam

1798 3939 2072 4015 prohibuit
2112 3953 2376 4050 impetum.
2394 3961 2623 4018 terribili
2671 3971 2771 4033 suo
2809 3970 3042 4031 adventu
3067 3939 3112 4008 δέ
3144 3984 3165 4034 ἐ

1797 4041 1960 4098 etiam
1987 4061 2111 4120 eum
2142 4041 2376 4108 vidisset
2389 4055 2540 4125 asina
2568 4070 2622 4114 et
2659 4062 2954 4131 timuisset,
2984 4041 3362 4147 rationispar-

1797 4133 1960 4204 ticipe
1981 4150 2115 4193 voce
2134 4155 2316 4216 senem
2349 4157 2617 4219 amentem
2640 4156 2894 4212 correxit.
2914 4158 3162 4230 Michael,
3190 4133 3358 4239 ange-

1796 4224 1970 4280 lorum
2011 4227 2203 4307 ductor
2257 4234 2412 4306 longe
2452 4241 2726 4300 maximus
2769 4253 2823 4300 et
2869 4224 3356 4322 excellentissimos

1795 4315 2042 4386 minister
2071 4321 2267 4392 divina:
2301 4326 2430 4396 legis
2475 4347 2596 4401 quae
2621 4335 2744 4390 data
2765 4331 2867 4394 fuit
2897 4341 2949 4396 in
2976 4319 3165 4402 monte
3192 4349 3350 4418 Sina;

1794 4407 1887 4476 qui
1920 4424 2042 4465 cum
2076 4413 2264 4470 famuli
2295 4417 2386 4473 Dei
2425 4420 2586 4479 Mosis
2619 4427 2857 4484 animam
2907 4437 3224 4507 accepisset,
3252 4445 3352 4500 ob-

1795 4516 2015 4559 scurum
2047 4513 2101 4560 et
2125 4508 2412 4566 exitiosum
2437 4515 2709 4575 diabolum
2734 4521 2799 4577 de
2823 4524 2944 4593 ejus
2977 4543 3205 4600 corpore
3229 4549 3352 4590 cum

1799 4595 1915 4664 ipso
1943 4611 2135 4655 ausum
2197 4605 2354 4660 verba
2408 4607 2676 4682 conferre,
2724 4630 2936 4673 cessare
2988 4621 3112 4677 fecit
3158 4633 3210 4678 et
3243 4627 3351 4681 cito

1793 4700 2114 4745 evanescere
2146 4692 2209 4746 ⁸¹.

1862 4773 2108 4843 Michael,
2147 4781 2239 4850 qui
2269 4783 2312 4838 si
2363 4784 2415 4840 id
2450 4786 2840 4862 interpreteris,
2878 4800 3074 4858 dicitur
3104 4805 3198 4863 Dei
3241 4812 3350 4866 dux

2195 4882 2248 4929 et
2278 4873 2609 4941 fortissimus
2647 4900 2918 4959 pugnator
2951 4904 3004 4950 et
3035 4911 3348 4972 pr0pugna-

2195 4965 2208 5019 i
2240 4981 2388 5038 spem
2422 4973 2692 5033 collodant
2721 4980 2775 5035 in
2811 4965 3082 5046 Demino:
3116 4965 3169 5046 et
3197 4965 3353 5051 liam-

1792 5145 2022 5212 riorum,
2059 5157 2166 5202 tam
2197 5163 2383 5208 eorum
2432 5155 2538 5224 qui
2567 5159 2668 5224 sub
2705 5161 3135 5240 intelligentiam,
3177 5194 3344 5248 quam

1790 5251 1976 5307 eorum
2003 5241 2090 5309 qui
2116 5243 2310 5298 cadunt
2336 5247 2436 5301 sub
2458 5263 2677 5306 sensum
2704 5271 2716 5319 ;
2745 5257 2831 5324 qui
2854 5258 2982 5317 Jrsu
3009 5251 3151 5323 Nave
3175 5241 3346 5328 arietat

1787 5329 2035 5402 dirigenti
2065 5343 2250 5396 contra
2281 5339 2620 5398 adversarios
2650 5345 2795 5403 visus
2829 5364 2910 5407 est
2937 5360 3122 5415 stricto
3148 5364 3343 5432 gladio,

1790 5428 1842 5475 et
1874 5437 1996 5518 eum
2029 5426 2226 5478 terruit
2266 5426 2367 5482 hoc
2400 5431 2578 5488 alieno
2605 5446 2658 5489 et
2686 5440 2908 5496 terribili
2937 5426 3268 5518 spectaculo,
3296 5426 3348 5510 rt

1795 5502 2037 5569 hort'atus
2080 5522 2162 5570 est
2203 5525 2262 5571 ut
2299 5535 2515 5576 manum
2563 5540 2890 5599 consereret,
2935 5548 2986 5590 et
3037 5544 3348 5602 concideret

1791 5605 2043 5664 inimicos
2080 5607 2169 5664 Dei
2201 5610 2383 5667 hostes
2418 5615 2483 5669 ".
2525 5615 2771 5688 Michael,
2810 5627 3051 5684 omnium
3093 5629 3346 5702 soprema

2128 5748 2171 5779 δ’
2205 5748 2610 5845 Romaniut-05‘
2684 5736 2853 5834 tum,
2887 5763 3006 5845 θὶολ
3056 5768 3259 5845 "Dan.
3291 5796 3341 5845 ς,

2008 5819 2050 5849 ⁸⁷
2085 5816 2219 5875 Luc.
2250 5837 2301 5888 ιι,
2341 5821 2421 5876 18.
2476 5816 2533 5856 ⁷⁸⁸
2571 5816 2706 5886 Gen.
2755 5816 3035 5902 ‘xx'tlrlf.
3100 5816 3340 5906 ⁸έίἶῖοὲ
