4032 6334
131 473 259 542 1277

1194 481 1516 544 ISAGOGE
1546 485 1627 545 IN
1654 485 1758 544 SS.
1809 484 2303 545 SCRIPTURAS.

3235 471 3377 532 1278

128 597 284 676 ὕδασι
329 593 398 647 131
449 593 674 666 ὑπερῷα
717 592 917 646 αὑτοῦ·
957 611 976 645 1
1013 593 1108 648 καὶ
1157 594 1236 658 τὸ,
1277 613 1294 646 ι
1327 595 1567 650 Ἔπλασε
1602 595 1694 649 τὸν

1808 589 1957 666 aquis
1980 595 2262 665 superiora
2287 592 2444 662 ejus;
2481 609 2499 642 1
2530 599 2603 652 et,
2635 607 2653 640 1
2685 588 2985 644 Plasmavit
3027 588 3330 652 hominem;
3360 608 3378 640 1

128 685 434 756 ἄνθρωπον·
463 705 482 738 1
517 687 666 750 καθηι
705 683 1070 756 Ἑνεφύσησεν
1097 689 1177 749 εἰς
1199 687 1260 740 τδ
1285 688 1580 758 πρόσωπον
1605 689 1702 743 ab;

127 774 221 828 τοῦ
278 774 448 845 πνοὴν
495 775 670 846 ζωῆς·
703 793 722 828 1
769 775 862 830 καὶ
896 775 979 840 τὸ,
1015 794 1034 827 1
1075 775 1269 847 ’Δνέση
1323 771 1586 848 ιμφυσῶν
1618 782 1698 843 είς

129 867 422 936 πρόσωπόν
453 883 577 919 σου·
613 886 633 918 1
670 866 795 938 ἀντὶ
817 866 934 932 τοῦ,
966 884 988 918 1
1011 866 1304 939 Φυσήμασι
1330 858 1700 934 διασκεδάζων

129 957 218 1011 ὑπ’
266 957 389 1028 δψιν
435 973 530 1010 σου
568 959 698 1021 τοὺς
737 959 1126 1025 ὑπεναντίους·
1165 980 1184 1013 1
1234 961 1323 1015 ἵνα
1369 963 1521 1036 εἴπῃ,
1554 961 1700 1015 οὕτω

129 1045 330 1120 ῥᾳδίως
354 1040 449 1101 καὶ
477 1048 704 1132 ἀθρόως·
733 1050 794 1102 τὸ
822 1050 953 1119 γὰρ,
985 1051 1298 1120 ἐμφυσῶν,
1338 1051 1695 1132 σκορπζζων,

127 1139 174 1190 oi
219 1137 339 1202 ἔξω
379 1137 797 1209 ἐφιλοσόφησαν.
828 1140 956 1206 Καὶ,
1002 1157 1022 1192 1
1066 1140 1200 1194 Ἰδοὺ
1229 1132 1288 1196 ὲν
1315 1144 1382 1214 τῇ
1416 1143 1562 1214 χειρί
1596 1159 1697 1213 μου

129 1225 502 1296 ὲζωγράφησα
533 1226 601 1279 τὰ
626 1225 780 1298 τείχη
807 1244 921 1292 σου,
946 1229 1083 1300 πρὸς
1104 1229 1206 1302 τὴν
1244 1228 1598 1302 Ἰερουσαλήμ
1618 1247 1634 1262 ·
1673 1249 1692 1283 1

128 1318 315 1393 231,1
359 1318 616 1388 Φραγμᾌν
661 1319 1005 1391 περιέθηκα,
1057 1321 1150 1374 καὶ
1197 1322 1556 1393 ίχαρακωσα,
1605 1326 1702 1376 καὶ

129 1406 406 1475 ιφύτευσά
437 1425 496 1462 σε
525 1408 768 1479 ἄμπελον
791 1411 1006 1482 Σωρὴχ,
1029 1412 1125 1466 καὶ
1143 1411 1469 1483 ᾠκοδόμησα
1493 1401 1701 1484 πύργον

130 1498 186 1550 ὲν
209 1498 364 1569 μέσῳ
383 1498 570 1570 αὐτῆς,
599 1500 693 1553 καὶ
725 1499 1013 1570 προλήνιον
1043 1500 1227 1573 ὥρυξα
1248 1504 1305 1555 έν
1329 1503 1496 1573 αὐτῇ·
1531 1523 1550 1554 1
1586 1503 1701 1569 καὶ,

135 1607 154 1639 1
183 1586 320 1641 Ἰδοὺ
352 1587 462 1656 ἐγὼ
493 1589 726 1659 φράσσω
757 1589 858 1660 τὴν
883 1590 1004 1644 ὁδὸν
1033 1591 1199 1662 αὐτῆς
1234 1595 1292 1645 ἐν
1331 1592 1575 1662 σκόλοψι,
1608 1594 1702 1647 καὶ

127 1677 538 1749 ἀνοικοδομήσω
557 1682 653 1742 τὰς
678 1680 896 1750 τρίϐους
916 1681 1105 1751 αὐτῆς,
1135 1681 1229 1734 καὶ
1251 1681 1312 1733 οὐ
1342 1681 1418 1752 μὴ
1441 1680 1580 1754 εὕρῃ
1605 1683 1703 1752 τὴν

126 1768 247 1822 ὁδον
273 1771 483 1840 αὐτῆς·
520 1791 538 1822 1
583 1767 698 1836 καὶ,
736 1790 753 1823 ι
790 1772 1111 1827 Ἐκπετάσω
1141 1773 1203 1826 τὸ
1230 1772 1448 1826 δίκτυόν
1482 1792 1584 1844 μου
1613 1775 1700 1827 ἐπ’

125 1861 290 1914 αὐτόν
313 1879 328 1893 ο
372 1882 391 1914 1
429 1865 543 1929 καὶ,
584 1882 602 1915 1
635 1863 928 1919 Πεσοῦνται
950 1868 1009 1918 ὲν
1038 1847 1440 1938 ἀμφιϐλήστρῳ
1466 1865 1631 1920 αὑτοῦ
1653 1869 1701 1920 oi

125 1954 448 2025 ἁμαρτωλοί
468 1974 480 1985 ·
519 1975 536 2007 1
567 1956 663 2009 nul.
690 1957 792 2010 ὅσα
811 1959 995 2024 ὃμοια.
1084 1946 1092 1954 ’

192 2042 284 2098 ια’.
328 2045 461 2097 Ἀπὸ
483 2043 693 2100 τόπων·
715 2044 799 2108 ὡς
817 2043 924 2105 τὸ,ι
948 2044 1226 2116 Ὑψώθητι
1257 2046 1348 2099 ἐπὶ
1382 2045 1508 2107 τοὺς
1533 2046 1702 2115 οὐρα-

122 2135 245 2197 νοὺς
272 2136 302 2187 ὀ
329 2133 642 2199 Θεόςηκαὶ,
678 2155 697 2187 1
738 2134 964 2204 ’Δνέσης
985 2137 1064 2198 είς
1089 2134 1243 2205 ὕψος,
1272 2133 1701 2204 ᾑχμαλὼτευσας

123 2225 510 2295 αἰχμαλωσίαν
530 2242 544 2256 ο
587 2244 606 2276 1
645 2225 762 2289 xui,
799 2242 820 2277 1
861 2226 1111 2279 Ἕκλινεν
1141 2226 1425 2298 οὐρανοὺς,
1453 2226 1547 2279 καὶ
1575 2242 1703 2278 κατ-

122 2309 256 2386 έδηο
300 2334 320 2366 1
372 2316 486 2380 καὶ,
535 2335 554 2368 1
593 2315 794 2383 Ἐγγὺς
847 2312 1052 2383 Κύριος
1092 2315 1205 2377 τοίς
1254 2314 1704 2384 ἐπικαλουμένοις

121 2406 318 2460 αὐτόν·
360 2425 380 2459 1
415 2406 532 2468 καὶ,
581 2424 601 2458 1
635 2406 753 2459 ἰνα
779 2405 864 2467 τί,
900 2404 1098 2477 Κύριε,
1143 2406 1462 2476 ἀφέστηκας
1497 2405 1705 2476 μακρό-

121 2497 248 2561 θενς
286 2515 306 2548 1
343 2498 457 2559 καὶ,
495 2515 516 2549 1
556 2497 688 2549 Ἰδοὺ
712 2488 915 2565 Κύριος
943 2496 1294 2565 κάθηταιὲπὶ
1328 2496 1556 2566 νεφέλης
1579 2495 1720 2569 κού-ο

122 2603 260 2657 φης·
292 2605 312 2637 1
351 2586 464 2650 καὶ,
495 2603 513 2636 1
555 2584 690 2638 Ἰδοὺ
716 2583 921 2655 Κύριος
946 2583 1308 2653 ἐκπορεύεται
1337 2585 1401 2637 ὲκ
1422 2582 1514 2636 τοῦ
1536 2583 1704 2637 τόπου

122 2677 332 2732 αὐτοῦ·
372 2697 392 2730 1
439 2677 556 2740 καὶ,
594 2695 613 2728 ι
665 2675 1022 2748 Ἐπιὸήσεται
1086 2675 1181 2728 ἐπὶ
1241 2675 1312 2729 τὰ
1375 2673 1555 2747 ὑψηλά
1608 2677 1704 2745 τῆς

123 2784 250 2838 γης.
294 2787 314 2819 1

199 2858 288 2930 ιβ’.
339 2857 472 2911 ’Δπδ
498 2857 832 2928 στολισμῶν·
857 2857 934 2921 ὡς
973 2857 1054 2922 τὸ,
1087 2874 1106 2908 1
1150 2855 1469 2910 Ἐνεδύσατο
1502 2854 1708 2926 Κύριος

123 2949 382 3020 δύναμιν,
429 2950 524 3003 καὶ
561 2946 971 3017 περιεζώσατο·
1006 2965 1026 2999 1
1057 2945 1174 3013 καὶ,
1212 2965 1232 2998 1
1271 2945 1582 3016 Περίξωσαι
1610 2944 1709 3016 τὴν

127 3038 410 3111 ῥομφαίαν
438 3033 656 3090 σου’ὲπὶ
680 3037 772 3089 τὺν
804 3037 980 3108 μηρόν
1012 3053 1106 3090 σου
1129 3053 1144 3068 ο
1178 3055 1198 3086 1
1231 3035 1348 3098 καὶ,
1380 3053 1398 3086 1
1430 3035 1707 3104 Περιεζω-

125 3132 328 3201 σμένος
369 3132 427 3184 ιν
454 3129 777 3200 δυναστείᾳ·
811 3147 828 3180 1
860 3130 973 3193 ml,
1017 3147 1036 3180 1
1074 3121 1544 3199 Περιϐαλλόμενος
1596 3125 1710 3194 φῶς

122 3224 199 3286 ὡς
224 3221 442 3292 ἱμάτιον
462 3239 477 3254 ·
509 3240 528 3274 1
592 3222 707 3286 καὶ,
747 3239 765 3273 1
812 3221 909 3284 Τίς
938 3213 1093 3282 οὗτος
1122 3222 1150 3272 ὁ
1173 3218 1616 3291 παραγενόμενος
1650 3217 1710 3283 ἐξ

135 3312 352 3382 Ἐδώμς
402 3309 654 3380 ἐρύθημα
700 3310 933 3381 ἱματίων
973 3308 1136 3364 αὑτοῦ
1174 3310 1245 3371 ,ὲκ
1287 3306 1516 3380 Βοσὼρ·
1552 3297 1706 3369 οὗτος

115 3391 333 3470 ὡρᾶῖος
358 3403 416 3453 ὲν
443 3399 604 3469 στολῇ
633 3386 822 3453 αὑτοῦ.
863 3417 881 3450 1

196 3603 293 3666 ιγ’.
330 3595 464 3650 Ἀπὸ
495 3595 635 3650 έθῶν
657 3612 670 3628 ο
726 3598 802 3661 ὡς
831 3597 911 3661 τὸ,
955 3615 975 3649 1
1015 3596 1393 3669 Ἀπέστρεψας
1434 3595 1498 3650 τὸ
1533 3598 1706 3668 πρόσ-

123 3688 280 3742 ωπόν
312 3704 431 3752 σου,
454 3687 550 3741 καὶ
583 3688 852 3758 ἐγενήθην
879 3688 1327 3759 τεταραγμένος·
1361 3705 1380 3738 1
1413 3689 1529 3749 καὶ,
1559 3688 1708 3740 ι”ἰνα

125 3779 216 3839 τί.Δ
236 3778 440 3848 Κύριε,
476 3778 720 3839 ἀπωθεῖς
749 3778 846 3848 τὴν
883 3779 1064 3847 ψυχήν
1092 3795 1218 3847 μου,
1245 3777 1621 3847 ἀποστρέφεις
1647 3775 1709 3830 τὸ

127 3867 432 3937 πρόσωπόν
473 3883 609 3932 σου;
643 3885 662 3917 1
695 3867 816 3930 καὶ,
865 3883 882 3915 ι
911 3866 1003 3935 Μὴ
1038 3865 1298 3936 ἐκκλίνῃς
1327 3869 1384 3918 ὲν
1420 3868 1558 3935 ὀργῇ
1601 3867 1708 3918 ἀπὸ

125 3958 223 4010 τοῦ
261 3955 456 4010 δούλου
487 3971 585 4008 σου
607 3970 620 3983 ⁸
661 3973 679 4006 1
715 3955 834 4020 καὶ,
873 3973 892 4006 1
917 3953 1009 4025 Μὴ
1037 3956 1352 4026 ἀποῤῥίψῃς
1385 3972 1454 4024 με
1483 3955 1593 4008 ἀπὸ
1613 3955 1708 4008 τοῦ

128 4046 436 4118 προσώπου
467 4063 561 4099 σου
581 4061 595 4074 ·
627 4063 646 4097 1
677 4047 792 4112 καὶ,
821 4064 839 4096 1
864 4043 1012 4114 Ἐγὼ
1040 4045 1100 4098 δὲ
1130 4041 1259 4098 εἶπα
1284 4048 1342 4098 ὲν
1364 4047 1432 4116 τῇ
1453 4047 1709 4101 ἐκστάσει

129 4158 236 4210 μου
266 4157 282 4172 ·
315 4139 702 4210 Ἀπέρριμμαι
747 4140 856 4191 ἀπὸ
910 4137 1214 4210 προσώπου
1263 4137 1358 4191 τοῦ
1406 4137 1709 4208 ὀφθαλμῶν

128 4245 260 4283 σου·
298 4248 319 4282 1
364 4229 512 4298 ἅπερ
553 4230 602 4282 oi
647 4228 996 4298 ὀργιζόμενοι
1042 4227 1138 4280 καὶ
1175 4227 1536 4296 λυπούμενοι,
1573 4229 1710 4296 πρὸς

127 4319 224 4384 οὒς
263 4320 645 4391 διαφέρονται,
676 4321 775 4374 καὶ
808 4307 1236 4372 ἐπιδείκνυνται.

205 4412 294 4465 ιδ’.
332 4411 468 4465 Ἀπὸ
490 4411 817 4482 σχημάτων·
849 4409 925 4473 ὼς
956 4410 1040 4474 τὸ,
1069 4428 1087 4460 1
1111 4409 1230 4462 Ἵνα
1254 4395 1305 4461 τί
1334 4406 1708 4478 ἀποστρέφεις

127 4505 231 4576 τὴν
255 4505 419 4575 χεῖρά
446 4519 539 4556 σου
560 4542 575 4564 .
611 4503 705 4555 καὶ
734 4502 834 4570 τὴν
857 4501 1040 4568 δεξιάν
1068 4516 1195 4566 σου;
1227 4517 1244 4549 1
1289 4504 1352 4552 ἐκ
1387 4499 1706 4574 μεταφορᾶς

1803 696 1880 747 et,
1914 702 1934 736 1
1968 683 2265 754 lnspiravit
2308 681 2363 735 in
2401 680 2594 735 faciem
2631 679 2752 748 ejus
2795 678 3132 748 spiraculum
3173 679 3322 742 vitae;
3359 697 3378 727 1

1802 787 1878 843 et,
1914 795 1933 829 1
1984 776 2246 832 Ascendit
2277 774 2373 845 qui
2413 771 2663 828 exsufﬂet
2705 785 2890 826 coram
2928 781 3001 836 te,
3036 789 3054 822 1
3089 770 3208 824 loco
3240 769 3385 822 illius

1803 866 2065 922 dictionis
2114 883 2127 920 :
2186 884 2203 916 1
2237 847 2801 930 Fiatibusdissipans
2848 869 2976 914 ante
3025 866 3380 926 conspectum

1802 966 1957 1010 tuum
1995 955 2204 1018 hostes,
2238 971 2258 1004 1
2296 962 2357 1006 ut
2396 952 2567 1013 dicat,
2592 951 2731 1010 adeo
2756 949 2991 1004 faciliter
3026 957 3079 1003 et
3119 947 3384 1011 multipli-

1805 1048 1975 1113 citer;
2004 1059 2242 1115 namque
2271 1043 2553 1114 existimans
2587 1056 2689 1112 pro
2727 1039 2997 1109 dissipans
3037 1039 3233 1116 pagani
3265 1038 3386 1106 phi-

1803 1138 2158 1208 losopbantes
2211 1138 2575 1192 admiserunt.
2620 1133 2719 1199 Et,
2770 1152 2804 1188 .1
2849 1132 2992 1186 Ecce
3034 1133 3087 1184 in
3131 1131 3384 1184 manilius

1805 1228 1944 1284 meis
1972 1229 2249 1297 descripsi
2307 1242 2498 1281 muros
2547 1235 2712 1289 tuos,
2750 1243 2768 1274 1
2819 1225 2886 1277 ad
2920 1221 3244 1277 Jerusalem.
3290 1220 3382 1283 Et,

1809 1338 1831 1372 1
1854 1319 2052 1389 Sepem
2080 1320 2454 1387 circumposui
2479 1326 2535 1373 et
2557 1315 2964 1385 circumsepivi,
2989 1324 3042 1368 ct
3069 1314 3310 1382 plautavi
3333 1320 3385 1364 te

1804 1411 2016 1465 vineam
2057 1410 2287 1474 Sorccli,
2330 1419 2386 1466 et
2427 1410 2694 1465 aedificavi
2728 1409 2923 1464 turrim
2962 1407 3015 1460 in
3049 1407 3230 1460 medio
3264 1405 3385 1473 ejus

1805 1509 1862 1556 et
1891 1501 2134 1555 torcular
2169 1500 2281 1556 fodi
2327 1501 2381 1554 in
2431 1516 2516 1554 ea.
2551 1519 2569 1550 1
2613 1499 2697 1564 Et,
2734 1517 2752 1549 1
2790 1498 2929 1552 Ecce
2968 1511 3069 1566 ego
3115 1495 3266 1562 sepio
3302 1493 3386 1545 vi-

1809 1611 1973 1650 neam
2012 1603 2164 1650 tuam
2207 1594 2388 1664 spinis
2434 1603 2488 1646 et
2531 1590 2879 1647 reaadificabo
2913 1587 3140 1642 semitas
3170 1584 3290 1654 ejus
3333 1592 3388 1636 et

1809 1688 2035 1741 semitas
2100 1700 2231 1739 suas
2285 1699 2393 1737 non
2447 1681 2786 1746 inveniet;-1
2857 1688 2912 1732 et
2945 1718 2959 1739 ,
3025 1696 3043 1726 1
3077 1675 3383 1728 Extendam

1809 1788 1923 1833 rete
1977 1790 2158 1832 meum
2194 1778 2374 1844 jsuper
2418 1788 2581 1838 eum;
2619 1792 2638 1824 1
2693 1779 2764 1836 et,
2813 1788 2830 1821 1
2863 1768 3076 1823 Cadent
3116 1767 3168 1819 in
3223 1765 3389 1820 retia-

1808 1869 1933 1924 cuio
1991 1867 2116 1938 ejus
2163 1859 2516 1936 peccatores;
2557 1883 2576 1915 1
2650 1871 3106 1932 et.qua¢cunque
3158 1858 3384 1913 similia.

1732 1944 1780 2004 Β
1809 1959 1986 2032 (Paul.
2014 1975 2133 2024 cm,
2163 1959 2218 2024 ‘5,
2248 1967 2300 2012 et
2329 1956 2509 2024 alibi.)

1877 2051 1964 2103 11.
2006 2049 2048 2101 Α
2081 2048 2256 2103 locis:
2289 2055 2349 2100 ut
2376 2064 2393 2097 1
2429 2045 2658 2101 Elevare
2697 2057 2866 2114 super
2899 2042 3092 2105 caelos,
3133 2039 3277 2114 Deus
3306 2055 3320 2105 ;
3361 2055 3380 2089 1

1801 2151 1881 2207 et,
1930 2159 1948 2192 1
1979 2139 2292 2194 Ascendisti
2335 2138 2392 2190 in
2448 2137 2643 2200 altum,
2686 2135 2882 2204 cepisti
2920 2132 3326 2202 captivitatem;
3362 2147 3380 2179 1

1801 2245 1876 2298 et,
1913 2241 1931 2284 '1
1963 2230 2257 2285 inclinavit
2303 2229 2472 2284 ccelos
2519 2235 2570 2282 et
2605 2225 2924 2291 descendit;
2960 2241 2979 2275 1
3023 2233 3102 2285 et,
3157 2241 3176 2273 1
3211 2220 3387 2288 Prope

1803 2333 1886 2380 est
1920 2322 2186 2378 Dominus
2225 2321 2612 2375 invocantibus
2637 2335 2800 2385 eum;
2836 2336 2856 2370 1
2894 2327 2951 2372 et
2975 2359 2990 2384 ,
3049 2332 3068 2368 1
3101 2313 3174 2370 Ut
3222 2314 3380 2384 quid,

1804 2414 2066 2480 Domine,
2113 2413 2391 2488 recessisti
2443 2411 2640 2482 longe?
2670 2430 2687 2461 1
2746 2409 2850 2475 Et,
2893 2428 2914 2460 1
2954 2409 3092 2464 Ecce
3122 2407 3389 2462 Dominus

1805 2505 1962 2586 seget
1995 2519 2185 2575 super_
2211 2505 2412 2558 nubem
2458 2503 2668 2566 levem;
2701 2521 2719 2553 1
2772 2510 2848 2568 et,
2901 2519 2918 2552 1
2953 2498 3090 2554 Ecce
3123 2496 3387 2551 Dominus

1805 2595 2084 2665 egreditur
2145 2609 2178 2649 e
2235 2593 2364 2648 loco
2412 2607 2548 2658 suo;
2583 2611 2602 2644 1
2665 2601 2758 2656 et,
2833 2611 2852 2643 1
2894 2590 3169 2644 Ascendet
3228 2603 3390 2656 super

1805 2688 2022 2742 excelsa
2055 2696 2234 2743 terraz.
2279 2685 2456 2756 (Psal.
2494 2699 2606 2745 Lvt,
2644 2685 2714 2749 6;
2759 2699 2926 2747 uvn,
2964 2683 3068 2745 19;
3099 2696 3233 2743 xvn,
3281 2679 3386 2744 10;

1780 2794 1990 2850 ,ωιιῆ
2031 2778 2130 2845 18;
2171 2793 2250 2842 Ix,
2284 2777 2386 2844 2'1;
2433 2777 2547 2832 11a.
2581 2791 2694 2840 xix,
2732 2778 2748 2828 l
2780 2793 2794 2840 ;
2831 2773 2992 2827 Mida.
3020 2788 3060 2834 1,
3091 2771 3171 2841 '5.)

1884 2871 1970 2924 12.
2012 2868 2095 2924 Ab
2132 2869 2496 2943 indumentis,
2538 2869 2724 2923 sicut:
2757 2886 2775 2919 1
2805 2867 3032 2933 lndutus
3074 2871 3159 2920 est
3207 2863 3392 2917 Domi-

1810 2974 1915 3015 nus
1939 2957 2316 3014 fortitudinem
2341 2968 2396 3014 et
2425 2957 2714 3028 pracinxit
2745 2971 2839 3021 se;
2876 2975 2894 3007 1
2926 2965 3004 3020 et,
3040 2974 3058 3006 1
3085 2955 3390 3026 Accingere

1811 3052 1993 3122 gladio
2043 3061 2140 3106 tuo
2195 3065 2360 3120 super
2398 3049 2579 3107 femur
2627 3060 2801 3103 tuum.
2834 3067 2852 3098 1
2890 3047 2989 3111 Et,
3040 3063 3059 3097 1
3091 3046 3422 3104 Accinctus.

1814 3143 2090 3210 potentia;
2119 3161 2136 3194 1
2162 3152 2238 3207 et,
2268 3161 2286 3193 1
2310 3142 2560 3200 Amictus
2577 3141 2786 3194 lumine
2810 3139 2954 3194 sicut
2980 3138 3338 3203 vestimento;
3364 3156 3382 3187 1

1812 3241 1887 3297 et,
1944 3250 1961 3282 1
1997 3231 2135 3298 Quis
2180 3243 2270 3287 est
2312 3233 2416 3286 i'ste
2454 3233 2546 3300 qui
2593 3232 2744 3285 venit
2774 3230 2840 3283 de
2882 3227 3090 3282 Edom?
3137 3228 3384 3282 Rubrum

1814 3322 2194 3377 indumentum
2227 3323 2350 3394 ejus
2375 3323 2443 3378 de
2467 3321 2661 3386 Bosor,
2693 3321 2798 3375 iste
2830 3318 3106 3374 formosus
3136 3322 3188 3374 in
3249 3319 3390 3375 stola

1759 3447 1765 3452 -
1807 3428 1928 3468 sua.
1969 3433 1986 3463 1
2032 3412 2219 3483 (Psal.
2271 3429 2401 3480 xcn,
2452 3415 2518 3479 1;
2572 3427 2717 3477 χειν,
2751 3409 2820 3476 4;
2859 3424 3008 3475 uiv,
3043 3411 3115 3474 7;
3158 3427 3273 3477 cm,
3317 3411 3390 3492 ες

1808 3505 1923 3559 Ιεσ.
1954 3520 2108 3570 inu,
2148 3506 2240 3574 1.)

1878 3597 1967 3650 15.
2011 3597 2057 3648 A
2085 3597 2332 3650 moribus
2363 3614 2376 3648 :
2413 3614 2432 3647 1
2461 3594 2720 3653 Avertisti
2767 3599 2962 3654 faciem
3008 3607 3158 3652 tuam
3210 3606 3265 3649 et
3309 3593 3391 3646 fa-

1807 3695 1930 3742 ctus
1975 3703 2095 3742 sum
2145 3688 2538 3752 conturbatus;
2573 3705 2592 3738 1
2651 3695 2726 3750 et,
2778 3707 2797 3738 1
2830 3688 2902 3742 Ut
2939 3683 3092 3758 quid,
3141 3683 3386 3744 Domine.

1810 3779 2028 3849 repellis
2067 3780 2307 3834 animam
2346 3795 2548 3843 meam,
2586 3781 2789 3854 avertis
2817 3778 3012 3834 faciem
3047 3776 3238 3831 tuam?
3266 3795 3284 3826 1
3313 3785 3387 3840 et,

1815 3885 1835 3918 1
1867 3862 1944 3920 Ne
1970 3867 2215 3921 declines
2255 3867 2306 3920 in
2341 3867 2421 3920 ira
2456 3882 2486 3920 a
2525 3880 2687 3921 servo
2732 3876 2859 3931 tuo;
2894 3884 2913 3916 1
2941 3875 3018 3931 et,
3065 3884 3085 3915 1
3119 3863 3191 3917 l\e
3223 3862 3392 3931 proji-

1809 3957 1924 4011 cias
1981 3971 2069 4010 me
2116 3972 2146 4009 a
2198 3955 2337 4010 facie
2377 3966 2505 4022 tua;
2542 3974 2561 4006 1
2622 3967 2705 4020 et,
2757 3973 2778 4008 1
2817 3955 2928 4026 Ego
2962 3965 3142 4010 autem
3177 3953 3290 4007 dixi
3335 3953 3388 4004 in

1810 4061 2043 4103 excessu
2091 4061 2214 4102 meo
2258 4045 2589 4117 :Prujecms
2636 4061 2757 4103 sum
2816 4061 2848 4101 a
2891 4043 3040 4101 facie
3099 4044 3388 4098 oculorum

1813 4154 2056 4198 tuorum.
2093 4162 2111 4195 1
2146 4141 2342 4208 Qualia
2375 4143 2497 4196 irati
2553 4152 2606 4198 et
2650 4142 2833 4198 afﬂicti
2872 4142 2937 4196 ad
2970 4131 3064 4195 eos
3105 4154 3230 4194 cum
3269 4137 3391 4204 qui-

1812 4231 2208 4287 busdiscordes
2223 4240 2372 4296 sunt,
2391 4241 2619 4285 etsensa
2640 4246 2736 4285 sua
2755 4232 3018 4300 pandunt.
3041 4227 3387 4298 (P1al.xxrx,

1811 4327 1879 4393 8;
1915 4323 2469 4390 Lxxxvn,15;xxvr,
2505 4323 2538 4379 9
2563 4341 2578 4392 ;
2603 4341 2656 4386 ι,
2692 4325 2792 4390 13;
2829 4337 2956 4388 xxx,
2986 4321 3104 4391 25.)

1883 4418 1968 4472 14.
2010 4418 2055 4471 Δ
2077 4415 2237 4480 facie,
2259 4417 2441 4470 sicut:
2471 4434 2491 4466 1
2524 4413 2593 4470 Ut
2614 4418 2742 4486 quid
2768 4417 2969 4470 avertis
2992 4430 3210 4469 manum
3238 4422 3391 4468 tuam

1811 4514 1864 4560 et
1893 4506 2172 4562 dexteram
2216 4506 2406 4560 tuam?
2436 4528 2452 4557 1
2491 4521 2586 4576 per
2624 4508 3000 4574 metaphoram
3044 4513 3386 4574 assumptam

127 4593 241 4648 τῶν
267 4592 782 4663 παρακαλουμένων
841 4594 932 4644 καὶ
968 4594 1047 4655 είς
1087 4591 1335 4645 τούπίσω
1375 4591 1475 4652 τὰς
1515 4591 1705 4660 χεῖρας

1813 4599 1880 4652 ab
1914 4599 1997 4653 his
2026 4600 2118 4668 qui
2161 4598 2522 4654 consolantur
2562 4607 2618 4653 et
2649 4609 2835 4667 postea
2871 4599 3067 4651 manus
3110 4606 3386 4650 avertunt.

129 4684 638 4757 ἀποστρεφόντων·
679 4683 806 4747 καὶ,
847 4701 864 4732 ι
889 4682 1012 4734 Ὅτι
1060 4681 1179 4749 ἀρὼ
1222 4682 1301 4743 είς
1351 4681 1440 4733 τὸν
1481 4681 1710 4756 οὐρανὸν

127 4777 233 4845 τὴν
267 4776 432 4846 χεῖρά
461 4792 586 4843 μου,
615 4775 712 4828 καὶ¹
732 4773 976 4844 ὀμοῦμαι
1013 4774 1081 4841 τῇ
1112 4771 1264 4842 δεξιᾷ
1297 4789 1400 4842 μου
1423 4786 1435 4798 ·
1472 4789 1491 4822 ›
1525 4772 1618 4822 καὶ
1642 4771 1710 4823 τὰ

126 4871 326 4940 ὅμοια.

203 4955 292 5012 ιε’.
322 4955 456 5009 Ἀπὸ
483 4954 540 5008 δὲ
584 4953 711 5008 ὅλου
742 4952 837 5006 τοῦ
881 4951 1023 5018 ζώόυ
1049 4969 1063 4982 ·
1097 4952 1207 5006 ἀπὸ
1251 4952 1375 5005 ὅλου
1409 4951 1518 5005 ’τοῦ
1569 4950 1708 5015 ζώου

130 5049 284 5104 κατά
309 5046 866 5118 διαίρεσινιννῦνθμὲν
894 5045 1002 5098 ἀπὸ
1032 5045 1133 5113 τῆς
1165 5042 1368 5114 ψυχῆς,
1395 5043 1493 5097 νῦν
1521 5043 1577 5097 δὲ
1605 5045 1712 5097 ἀπὸ

129 5143 233 5212 τῆς
262 5141 502 5210 σαρκός·
539 5138 616 5199 ὡς
644 5138 726 5200 τὸ,
763 5155 784 5190 1
811 5135 960 5208 Σὰρξ
1002 5154 1101 5205 μου
1142 5136 1203 5201 ἐξ
1250 5136 1455 5201 αὐτῶν,
1492 5155 1510 5187 1
1557 5136 1712 5207 παρά

130 5232 212 5303 τῷ
241 5230 430 5300 Ὠσηὲ.
465 5227 602 5282 Ἀπὸ
633 5227 712 5280 δὲ
731 5226 941 5297 ψυχῆς·
977 5227 1074 5289 ὡς,
1115 5245 1131 5276 1
1158 5226 1270 5288 Τάς
1295 5227 1592 5296 νεομηνίας
1615 5228 1711 5278 καὶ

133 5328 204 5378 τὰ
254 5319 514 5375 Σάϐϐατα
549 5318 704 5389 ὑμῶν
743 5322 893 5389 μισεί
931 5321 964 5389 ή
1002 5319 1150 5388 ψυχή
1185 5335 1324 5388 μου·
1351 5339 1370 5372 1
1409 5320 1710 5374 καὶταῦτα

138 5415 240 5485 μὲν
297 5406 704 5481 ὑποδείγματος
751 5397 929 5480 χάριν
971 5409 1106 5481 πρὸς
1156 5407 1546 5480 ἐντελεστέραν
1601 5411 1712 5465 τῶν

141 5505 459 5576 ἰδιωμάτων
495 5501 830 5572 αἰτιολογίας
864 5503 1212 5583 παράστασιν
1241 5501 1547 5567 λελέξεται.

331 5636 650 5700 Ἑπιλυσις
685 5633 805 5688 τῶν
822 5636 1122 5708 ρηθεισῶν
1160 5635 1536 5704 διαιρέσεων.

212 5769 289 5836 α’,
322 5765 388 5841 β’.
422 5769 500 5824 Th
524 5769 704 5824 τοίνυν
730 5769 998 5840 ἀλάθητον
1017 5769 1120 5840 τῆς
1143 5768 1234 5822 τοῦ
1265 5769 1402 5822 Θεοῦ
1429 5758 1707 5838 γνώσεως,

79 5901 84 5906 -
150 5881 170 5919 1
189 5861 536 5949 ὐψαλμοὺς
555 5856 664 5930 οἶδε
693 5862 797 5922 καὶ
811 5859 1087 5929 ,βλέφαρα
1109 5862 1196 5915 καὶ
1222 5860 1436 5931 ὅρασιν
1458 5862 1642 5916 καλεῖν
1663 5882 1670 5889 ο
1689 5883 1705 5912 1

1814 4691 1904 4752 Et,
1930 4711 1947 4741 1
1974 4688 2192 4744 levabo
2220 4691 2284 4744 ad
2311 4689 2511 4744 caelum
2539 4705 2759 4744 manum
2787 4705 2985 4751 meam,
3005 4689 3272 4754 etjurabo
3295 4703 3389 4755 per

1812 4780 2088 4832 dexteram
2146 4791 2360 4844 meam;
2399 4798 2416 4830 1
2467 4788 2521 4832 et
2568 4777 2794 4831 similia.
2832 4773 3003 4845 (Psal.
3037 4789 3240 4851 sunt,
3284 4772 3386 4839 11;

1813 4870 1972 4923 Deut.
2006 4885 2181 4933 xxxu,
2219 4868 2334 4940 110.)

1885 4962 1974 5015 15.
2016 4962 2061 5015 A
2091 4971 2207 5015 toto
2241 4960 2496 5028 animali;
2527 4975 2555 5013 a
2586 4969 2700 5013 toto
2733 4958 2956 5013 animali
2990 4955 3152 5016 modo
3185 4954 3383 5019 diviso,

1814 5068 1959 5107 nunc
1993 5055 2060 5105 ab
2088 5053 2294 5116 anima,
2337 5066 2484 5106 nunc
2514 5067 2544 5104 a
2580 5064 2767 5114 carne,
2817 5052 2998 5102 sicut:
3036 5065 3052 5095 1
3088 5044 3228 5098 Caro
3265 5059 3384 5097 mea

1811 5161 1878 5205 ex
1912 5145 2068 5214 ipsis,
2107 5164 2123 5195 1
2165 5144 2305 5212 apud
2337 5141 2497 5197 Osee.
2554 5143 2636 5195 Al)
2670 5140 2850 5194 anima
2895 5139 3058 5204 sicut,
3109 5153 3126 5186 1
3155 5135 3385 5189 Ncome-

1814 5239 1933 5290 nias
1973 5247 2025 5289 et
2056 5235 2293 5290 Sabbata
2322 5244 2504 5289 vestra
2539 5233 2710 5287 odwit
2737 5233 2915 5286 anima
2950 5243 3107 5292 mea;
3141 5247 3159 5279 1
3200 5239 3248 5281 et
3279 5230 3386 5282 ista

1812 5325 2045 5393 exempli
2080 5327 2254 5394 gratia
2299 5324 2445 5378 dicta
2495 5331 2657 5377 erunt
2696 5332 2753 5374 ut
2785 5320 3103 5387 complctius
3148 5319 3383 5370 idioma-

1816 5424 1928 5469 tum
1981 5417 2118 5469 ratio
2162 5415 2440 5469 reddatur.
2474 5411 2638 5486 (Osee
2677 5425 2791 5478 ιιι,
2830 5409 3021 5480 14(ἳ);
3053 5407 3155 5471 lsa,
3195 5423 3231 5474 ι,
3273 5409 3386 5477 14.)

2118 5634 2423 5704 Explicatio
2447 5633 2708 5688 dicturum
2731 5633 3073 5686 divisionum.

1886 5771 1936 5835 1,
1973 5769 2023 5822 2.
2069 5769 2222 5834 Quod
2246 5784 2375 5840 ergo
2400 5770 2565 5824 latere
2587 5783 2694 5823 non
2719 5776 2895 5839 potest
2914 5765 3387 5837 Dcicnguitionis,

1817 5862 2003 5916 oculos
2068 5861 2217 5916 novit
2262 5869 2315 5916 ct
2370 5859 2646 5931 palpebras
2712 5866 2766 5916 et
2842 5859 3089 5913 visionem
3135 5871 3374 5922 vocare,
